|j|☆Swagmoar
|j|☆pif
|t:|1661302309
|gametype|singles
|player|p1|Swagmoar|ingo|1487
|player|p2|pif|101|1767
|teamsize|p1|6
|teamsize|p2|6
|gen|8
|tier|[Gen 8] UU
|rated|
|rule|Sleep Clause Mod: Limit one foe put to sleep
|rule|Species Clause: Limit one of each Pokémon
|rule|OHKO Clause: OHKO moves are banned
|rule|Evasion Items Clause: Evasion items are banned
|rule|Evasion Moves Clause: Evasion moves are banned
|rule|Endless Battle Clause: Forcing endless battles is banned
|rule|HP Percentage Mod: HP is shown in percentages
|rule|Dynamax Clause: You cannot dynamax
|clearpoke
|poke|p1|Nidoking, M|
|poke|p1|Raikou|
|poke|p1|Skarmory, M|
|poke|p1|Hydreigon, M|
|poke|p1|Primarina, M|
|poke|p1|Conkeldurr, F|
|poke|p2|Primarina, M|
|poke|p2|Jirachi|
|poke|p2|Nidoqueen, F|
|poke|p2|Salamence, F|
|poke|p2|Zarude|
|poke|p2|Scizor, F|
|teampreview
|inactive|Battle timer is ON: inactive players will automatically lose when time's up. (requested by Swagmoar)
|c|☆Swagmoar|hf
|inactive|pif has 120 seconds left.
|inactive|pif has 90 seconds left.
|inactive|pif has 60 seconds left.
|c|☆pif|samerino
|j| cooking book
|c| cooking book|u2
|c| cooking book|nice avi
|
|t:|1661302436
|start
|switch|p1a: Nidoking|Nidoking, M|100/100
|switch|p2a: punchy wunchy|Scizor, F|100/100
|turn|1
|inactive|pif has 90 seconds left.
|
|t:|1661302465
|move|p1a: Nidoking|Earth Power|p2a: punchy wunchy
|-damage|p2a: punchy wunchy|38/100
|move|p2a: punchy wunchy|Knock Off|p1a: Nidoking
|-damage|p1a: Nidoking|53/100
|-enditem|p1a: Nidoking|Life Orb|[from] move: Knock Off|[of] p2a: punchy wunchy
|
|upkeep
|turn|2
|
|t:|1661302476
|switch|p2a: funky monkey|Zarude|100/100
|move|p1a: Nidoking|Stealth Rock|p2a: funky monkey
|-sidestart|p2: pif|move: Stealth Rock
|
|upkeep
|turn|3
|c| cooking book|i won here clicking flamethrower
|c|☆pif|asked
|inactive|pif has 60 seconds left.
|
|t:|1661302509
|switch|p1a: Skarmory|Skarmory, M|100/100
|move|p2a: funky monkey|U-turn|p1a: Skarmory
|-resisted|p1a: Skarmory
|-damage|p1a: Skarmory|97/100
|-damage|p2a: funky monkey|84/100|[from] item: Rocky Helmet|[of] p1a: Skarmory
|
|t:|1661302512
|switch|p2a: airy scary|Salamence, F|100/100|[from]move: U-turn
|-ability|p2a: airy scary|Intimidate|boost
|-unboost|p1a: Skarmory|atk|1
|
|upkeep
|turn|4
|
|t:|1661302524
|switch|p1a: Primarina|Primarina, M|100/100
|move|p2a: airy scary|Defog|p1a: Primarina
|-unboost|p1a: Primarina|evasion|1
|-sideend|p2: pif|Stealth Rock|[from] move: Defog|[of] p2a: airy scary
|
|upkeep
|turn|5
|
|t:|1661302529
|switch|p2a: inch by flinch|Jirachi|100/100
|move|p1a: Primarina|Moonblast|p2a: inch by flinch
|-resisted|p2a: inch by flinch
|-damage|p2a: inch by flinch|83/100
|
|-heal|p2a: inch by flinch|90/100|[from] item: Leftovers
|upkeep
|turn|6
|inactive|pif has 90 seconds left.
|
|t:|1661302541
|switch|p1a: Skarmory|Skarmory, M|97/100
|move|p2a: inch by flinch|U-turn|p1a: Skarmory
|-resisted|p1a: Skarmory
|-damage|p1a: Skarmory|94/100
|-damage|p2a: inch by flinch|73/100|[from] item: Rocky Helmet|[of] p1a: Skarmory
|inactive|pif has 60 seconds left.
|
|t:|1661302591
|switch|p2a: seal that squeals|Primarina, M|100/100|[from]move: U-turn
|
|upkeep
|turn|7
|
|t:|1661302595
|move|p1a: Skarmory|Brave Bird|p2a: seal that squeals
|-damage|p2a: seal that squeals|53/100
|-damage|p1a: Skarmory|79/100|[from] Recoil
|move|p2a: seal that squeals|Moonblast|p1a: Skarmory
|-resisted|p1a: Skarmory
|-damage|p1a: Skarmory|26/100
|
|upkeep
|turn|8
|inactive|pif has 60 seconds left.
|
|t:|1661302602
|switch|p2a: queenbean 69420|Nidoqueen, F|100/100
|move|p1a: Skarmory|Brave Bird|p2a: queenbean 69420
|-damage|p2a: queenbean 69420|60/100
|-damage|p1a: Skarmory|12/100|[from] Recoil
|
|upkeep
|turn|9
|inactive|pif has 60 seconds left.
|
|t:|1661302618
|switch|p1a: Nidoking|Nidoking, M|53/100
|move|p2a: queenbean 69420|Stealth Rock|p1a: Nidoking
|-sidestart|p1: Swagmoar|move: Stealth Rock
|
|upkeep
|turn|10
|inactive|pif has 60 seconds left.
|
|t:|1661302627
|switch|p2a: funky monkey|Zarude|84/100
|move|p1a: Nidoking|Earth Power|p2a: funky monkey
|-resisted|p2a: funky monkey
|-damage|p2a: funky monkey|61/100
|
|upkeep
|turn|11
|
|t:|1661302635
|move|p2a: funky monkey|Darkest Lariat|p1a: Nidoking
|-damage|p1a: Nidoking|0 fnt
|faint|p1a: Nidoking
|
|upkeep
|
|t:|1661302640
|switch|p1a: Hydreigon|Hydreigon, M|100/100
|-damage|p1a: Hydreigon|88/100|[from] Stealth Rock
|turn|12
|
|t:|1661302651
|switch|p2a: punchy wunchy|Scizor, F|38/100
|move|p1a: Hydreigon|U-turn|p2a: punchy wunchy
|-resisted|p2a: punchy wunchy
|-damage|p2a: punchy wunchy|31/100
|
|t:|1661302653
|switch|p1a: Conkeldurr|Conkeldurr, F|100/100|[from]move: U-turn
|-damage|p1a: Conkeldurr|94/100|[from] Stealth Rock
|
|-status|p1a: Conkeldurr|brn|[from] item: Flame Orb
|upkeep
|turn|13
|
|t:|1661302665
|move|p2a: punchy wunchy|U-turn|p1a: Conkeldurr
|-resisted|p1a: Conkeldurr
|-damage|p1a: Conkeldurr|81/100 brn
|
|t:|1661302668
|switch|p2a: airy scary|Salamence, F|100/100|[from]move: U-turn
|-ability|p2a: airy scary|Intimidate|boost
|-unboost|p1a: Conkeldurr|atk|1
|move|p1a: Conkeldurr|Knock Off|p2a: airy scary
|-damage|p2a: airy scary|62/100
|-enditem|p2a: airy scary|Heavy-Duty Boots|[from] move: Knock Off|[of] p1a: Conkeldurr
|
|-damage|p1a: Conkeldurr|75/100 brn|[from] brn
|upkeep
|turn|14
|
|t:|1661302675
|switch|p2a: inch by flinch|Jirachi|73/100
|switch|p1a: Skarmory|Skarmory, M|12/100
|-damage|p1a: Skarmory|0 fnt|[from] Stealth Rock
|faint|p1a: Skarmory
|
|-heal|p2a: inch by flinch|79/100|[from] item: Leftovers
|upkeep
|
|t:|1661302691
|switch|p1a: Raikou|Raikou|100/100
|-damage|p1a: Raikou|88/100|[from] Stealth Rock
|-ability|p1a: Raikou|Pressure
|turn|15
|
|t:|1661302695
|move|p1a: Raikou|Calm Mind|p1a: Raikou
|-boost|p1a: Raikou|spa|1
|-boost|p1a: Raikou|spd|1
|move|p2a: inch by flinch|U-turn|p1a: Raikou
|-damage|p1a: Raikou|68/100
|
|t:|1661302699
|switch|p2a: funky monkey|Zarude|61/100|[from]move: U-turn
|
|-heal|p1a: Raikou|74/100|[from] item: Leftovers
|upkeep
|turn|16
|
|t:|1661302705
|move|p2a: funky monkey|Power Whip|p1a: Raikou
|-damage|p1a: Raikou|0 fnt
|faint|p1a: Raikou
|
|upkeep
|c|☆Swagmoar|well shit
|
|t:|1661302717
|switch|p1a: Hydreigon|Hydreigon, M|88/100
|-damage|p1a: Hydreigon|76/100|[from] Stealth Rock
|turn|17
|inactive|pif has 120 seconds left.
|
|t:|1661302723
|switch|p2a: punchy wunchy|Scizor, F|31/100
|move|p1a: Hydreigon|U-turn|p2a: punchy wunchy
|-resisted|p2a: punchy wunchy
|-damage|p2a: punchy wunchy|24/100
|
|t:|1661302728
|switch|p1a: Conkeldurr|Conkeldurr, F|75/100 brn|[from]move: U-turn
|-damage|p1a: Conkeldurr|69/100 brn|[from] Stealth Rock
|
|-damage|p1a: Conkeldurr|63/100 brn|[from] brn
|upkeep
|turn|18
|
|t:|1661302734
|move|p2a: punchy wunchy|Bullet Punch|p1a: Conkeldurr
|-damage|p1a: Conkeldurr|38/100 brn
|move|p1a: Conkeldurr|Mach Punch|p2a: punchy wunchy
|-damage|p2a: punchy wunchy|0 fnt
|faint|p2a: punchy wunchy
|
|-damage|p1a: Conkeldurr|32/100 brn|[from] brn
|upkeep
|
|t:|1661302740
|switch|p2a: queenbean 69420|Nidoqueen, F|60/100
|turn|19
|
|t:|1661302743
|move|p2a: queenbean 69420|Sludge Wave|p1a: Conkeldurr
|-damage|p1a: Conkeldurr|0 fnt
|faint|p1a: Conkeldurr
|
|upkeep
|
|t:|1661302745
|switch|p1a: Hydreigon|Hydreigon, M|76/100
|-damage|p1a: Hydreigon|64/100|[from] Stealth Rock
|turn|20
|
|t:|1661302750
|switch|p2a: airy scary|Salamence, F|62/100
|-ability|p2a: airy scary|Intimidate|boost
|-unboost|p1a: Hydreigon|atk|1
|move|p1a: Hydreigon|Dark Pulse|p2a: airy scary
|-damage|p2a: airy scary|26/100
|
|upkeep
|turn|21
|
|t:|1661302754
|move|p1a: Hydreigon|Dark Pulse|p2a: airy scary
|-damage|p2a: airy scary|0 fnt
|faint|p2a: airy scary
|
|upkeep
|
|t:|1661302759
|switch|p2a: funky monkey|Zarude|61/100
|turn|22
|
|t:|1661302762
|move|p2a: funky monkey|U-turn|p1a: Hydreigon
|-supereffective|p1a: Hydreigon
|-damage|p1a: Hydreigon|9/100
|
|t:|1661302765
|switch|p2a: inch by flinch|Jirachi|79/100|[from]move: U-turn
|move|p1a: Hydreigon|Dark Pulse|p2a: inch by flinch
|-supereffective|p2a: inch by flinch
|-damage|p2a: inch by flinch|8/100
|
|-heal|p2a: inch by flinch|14/100|[from] item: Leftovers
|upkeep
|turn|23
|
|t:|1661302767
|move|p1a: Hydreigon|Dark Pulse|p2a: inch by flinch
|-supereffective|p2a: inch by flinch
|-damage|p2a: inch by flinch|0 fnt
|faint|p2a: inch by flinch
|
|upkeep
|
|t:|1661302769
|switch|p2a: funky monkey|Zarude|61/100
|turn|24
|
|t:|1661302772
|move|p2a: funky monkey|U-turn|p1a: Hydreigon
|-supereffective|p1a: Hydreigon
|-damage|p1a: Hydreigon|0 fnt
|faint|p1a: Hydreigon
|
|t:|1661302775
|switch|p2a: queenbean 69420|Nidoqueen, F|60/100|[from]move: U-turn
|
|upkeep
|
|t:|1661302776
|switch|p1a: Primarina|Primarina, M|100/100
|-damage|p1a: Primarina|88/100|[from] Stealth Rock
|turn|25
|
|t:|1661302780
|move|p2a: queenbean 69420|Sludge Wave|p1a: Primarina
|-supereffective|p1a: Primarina
|-damage|p1a: Primarina|0 fnt
|faint|p1a: Primarina
|
|win|pif
|raw|Swagmoar's rating: 1487 &rarr; <strong>1480</strong><br />(-7 for losing)
|raw|pif's rating: 1767 &rarr; <strong>1774</strong><br />(+7 for winning)
|c|☆pif|gg
|l|☆Swagmoar
|l| cooking book
||Ladder isn't responding, score probably updated but might not have (Request timeout).
|j| cooking book
|l| cooking book
|j| cooking book
