|j|☆undermouse
|j|☆lanouille
|t:|1612970415
|player|p1|undermouse|beauty-gen4dp|1490
|player|p2|lanouille|tuber|1460
|teamsize|p1|6
|teamsize|p2|6
|gametype|singles
|gen|8
|tier|[Gen 8] UU
|rated|
|clearpoke
|poke|p1|Kyurem|
|poke|p1|Slowking, M|
|poke|p1|Amoonguss, M|
|poke|p1|Cobalion|
|poke|p1|Salamence, F|
|poke|p1|Zeraora|
|poke|p2|Kommo-o, F|
|poke|p2|Incineroar, F|
|poke|p2|Ditto|
|poke|p2|Rotom-Heat|
|poke|p2|Nihilego|
|poke|p2|Jirachi|
|rule|Sleep Clause Mod: Limit one foe put to sleep
|rule|Species Clause: Limit one of each Pokémon
|rule|OHKO Clause: OHKO moves are banned
|rule|Evasion Moves Clause: Evasion moves are banned
|rule|Endless Battle Clause: Forcing endless battles is banned
|rule|HP Percentage Mod: HP is shown in percentages
|rule|Dynamax Clause: You cannot dynamax
|teampreview
|
|t:|1612970438
|start
|switch|p1a: Salamence|Salamence, F|100/100
|switch|p2a: Incineroar|Incineroar, F|100/100
|-ability|p1a: Salamence|Intimidate|boost
|-unboost|p2a: Incineroar|atk|1
|-ability|p2a: Incineroar|Intimidate|boost
|-unboost|p1a: Salamence|atk|1
|turn|1
|
|t:|1612970446
|move|p1a: Salamence|Dual Wingbeat|p2a: Incineroar
|-damage|p2a: Incineroar|89/100
|-damage|p2a: Incineroar|78/100
|-hitcount|p2a: Incineroar|2
|move|p2a: Incineroar|Knock Off|p1a: Salamence
|-damage|p1a: Salamence|80/100
|-enditem|p1a: Salamence|Heavy-Duty Boots|[from] move: Knock Off|[of] p2a: Incineroar
|
|upkeep
|turn|2
|
|t:|1612970455
|move|p1a: Salamence|Dual Wingbeat|p2a: Incineroar
|-damage|p2a: Incineroar|67/100
|-damage|p2a: Incineroar|55/100
|-hitcount|p2a: Incineroar|2
|move|p2a: Incineroar|Parting Shot|p1a: Salamence
|-unboost|p1a: Salamence|atk|1
|-unboost|p1a: Salamence|spa|1
|
|t:|1612970463
|switch|p2a: Kommo-o|Kommo-o, F|100/100|[from]move: Parting Shot
|
|upkeep
|turn|3
|j| stanyejilia
|
|t:|1612970468
|move|p1a: Salamence|Dual Wingbeat|p2a: Kommo-o|[miss]
|-miss|p1a: Salamence|p2a: Kommo-o
|move|p2a: Kommo-o|Clangorous Soul|p2a: Kommo-o
|-boost|p2a: Kommo-o|atk|1
|-boost|p2a: Kommo-o|def|1
|-boost|p2a: Kommo-o|spa|1
|-boost|p2a: Kommo-o|spd|1
|-boost|p2a: Kommo-o|spe|1
|-damage|p2a: Kommo-o|68/100
|
|-heal|p2a: Kommo-o|74/100|[from] item: Leftovers
|upkeep
|turn|4
|
|t:|1612970483
|switch|p1a: Slowking|Slowking, M|100/100
|move|p2a: Kommo-o|Drain Punch|p1a: Slowking
|-resisted|p1a: Slowking
|-damage|p1a: Slowking|73/100
|-heal|p2a: Kommo-o|92/100|[from] drain|[of] p1a: Slowking
|
|-heal|p2a: Kommo-o|98/100|[from] item: Leftovers
|upkeep
|turn|5
|
|t:|1612970493
|move|p2a: Kommo-o|Poison Jab|p1a: Slowking
|-damage|p1a: Slowking|34/100
|move|p1a: Slowking|Future Sight|p2a: Kommo-o
|-start|p1a: Slowking|move: Future Sight
|
|-heal|p2a: Kommo-o|100/100|[from] item: Leftovers
|upkeep
|turn|6
|
|t:|1612970499
|switch|p1a: Salamence|Salamence, F|80/100
|-ability|p1a: Salamence|Intimidate|boost
|-unboost|p2a: Kommo-o|atk|1
|move|p2a: Kommo-o|Poison Jab|p1a: Salamence
|-damage|p1a: Salamence|55/100
|-status|p1a: Salamence|psn
|
|-damage|p1a: Salamence|43/100 psn|[from] psn
|upkeep
|turn|7
|
|t:|1612970509
|move|p2a: Kommo-o|Clangorous Soul|p2a: Kommo-o
|-boost|p2a: Kommo-o|atk|1
|-boost|p2a: Kommo-o|def|1
|-boost|p2a: Kommo-o|spa|1
|-boost|p2a: Kommo-o|spd|1
|-boost|p2a: Kommo-o|spe|1
|-damage|p2a: Kommo-o|68/100
|move|p1a: Salamence|Roost|p1a: Salamence
|-heal|p1a: Salamence|93/100 psn
|-singleturn|p1a: Salamence|move: Roost
|
|-end|p2a: Kommo-o|move: Future Sight
|-supereffective|p2a: Kommo-o
|-damage|p2a: Kommo-o|17/100
|-heal|p2a: Kommo-o|24/100|[from] item: Leftovers
|-damage|p1a: Salamence|80/100 psn|[from] psn
|upkeep
|turn|8
|
|t:|1612970523
|move|p2a: Kommo-o|Drain Punch|p1a: Salamence
|-resisted|p1a: Salamence
|-damage|p1a: Salamence|56/100 psn
|-heal|p2a: Kommo-o|40/100|[from] drain|[of] p1a: Salamence
|move|p1a: Salamence|Dual Wingbeat|p2a: Kommo-o
|-supereffective|p2a: Kommo-o
|-damage|p2a: Kommo-o|21/100
|-supereffective|p2a: Kommo-o
|-damage|p2a: Kommo-o|4/100
|-hitcount|p2a: Kommo-o|2
|
|-heal|p2a: Kommo-o|10/100|[from] item: Leftovers
|-damage|p1a: Salamence|44/100 psn|[from] psn
|upkeep
|turn|9
|
|t:|1612970537
|switch|p1a: Amoonguss|Amoonguss, M|100/100
|move|p2a: Kommo-o|Poison Jab|p1a: Amoonguss
|-damage|p1a: Amoonguss|72/100
|-damage|p2a: Kommo-o|0 fnt|[from] item: Rocky Helmet|[of] p1a: Amoonguss
|faint|p2a: Kommo-o
|
|upkeep
|
|t:|1612970546
|switch|p2a: Nihilego|Nihilego|100/100
|turn|10
|
|t:|1612970553
|switch|p1a: Cobalion|Cobalion|100/100
|move|p2a: Nihilego|Meteor Beam||[still]
|-prepare|p2a: Nihilego|Meteor Beam
|-boost|p2a: Nihilego|spa|1
|-enditem|p2a: Nihilego|Power Herb
|-anim|p2a: Nihilego|Meteor Beam|p1a: Cobalion
|-resisted|p1a: Cobalion
|-damage|p1a: Cobalion|71/100
|
|upkeep
|turn|11
|
|t:|1612970564
|switch|p2a: Rotom|Rotom-Heat|100/100
|move|p1a: Cobalion|Iron Head|p2a: Rotom
|-resisted|p2a: Rotom
|-damage|p2a: Rotom|93/100
|
|upkeep
|turn|12
|
|t:|1612970574
|switch|p1a: Slowking|Slowking, M|67/100
|move|p2a: Rotom|Overheat|p1a: Slowking
|-resisted|p1a: Slowking
|-damage|p1a: Slowking|54/100
|-unboost|p2a: Rotom|spa|2
|
|upkeep
|turn|13
|
|t:|1612970582
|move|p2a: Rotom|Volt Switch|p1a: Slowking
|-supereffective|p1a: Slowking
|-damage|p1a: Slowking|38/100
|
|t:|1612970591
|switch|p2a: Jirachi|Jirachi|100/100|[from]move: Volt Switch
|move|p1a: Slowking|Teleport|p1a: Slowking
|
|t:|1612970594
|switch|p1a: Zeraora|Zeraora|100/100|[from]move: Teleport
|
|upkeep
|turn|14
|
|t:|1612970599
|move|p1a: Zeraora|Knock Off|p2a: Jirachi
|-supereffective|p2a: Jirachi
|-damage|p2a: Jirachi|54/100
|-enditem|p2a: Jirachi|Leftovers|[from] move: Knock Off|[of] p1a: Zeraora
|move|p2a: Jirachi|Stealth Rock|p1a: Zeraora
|-sidestart|p1: undermouse|move: Stealth Rock
|
|upkeep
|turn|15
|
|t:|1612970605
|move|p1a: Zeraora|Plasma Fists|p2a: Jirachi
|-damage|p2a: Jirachi|23/100
|-fieldactivate|move: Ion Deluge
|move|p2a: Jirachi|Wish|p2a: Jirachi
|
|upkeep
|turn|16
|
|t:|1612970613
|switch|p2a: Incineroar|Incineroar, F|55/100
|-ability|p2a: Incineroar|Intimidate|boost
|-unboost|p1a: Zeraora|atk|1
|move|p1a: Zeraora|Plasma Fists|p2a: Incineroar
|-damage|p2a: Incineroar|21/100
|-fieldactivate|move: Ion Deluge
|
|-heal|p2a: Incineroar|72/100|[from] move: Wish|[wisher] Jirachi
|upkeep
|turn|17
|
|t:|1612970624
|move|p1a: Zeraora|Volt Switch|p2a: Incineroar
|-damage|p2a: Incineroar|56/100
|
|t:|1612970627
|switch|p1a: Amoonguss|Amoonguss, M|100/100|[from]move: Volt Switch
|-damage|p1a: Amoonguss|88/100|[from] Stealth Rock
|move|p2a: Incineroar|Knock Off|p1a: Amoonguss
|-damage|p1a: Amoonguss|59/100
|-damage|p2a: Incineroar|39/100|[from] item: Rocky Helmet|[of] p1a: Amoonguss
|-enditem|p1a: Amoonguss|Rocky Helmet|[from] move: Knock Off|[of] p2a: Incineroar
|
|upkeep
|turn|18
|
|t:|1612970636
|switch|p1a: Salamence|Salamence, F|44/100 psn
|-damage|p1a: Salamence|19/100 psn|[from] Stealth Rock
|-ability|p1a: Salamence|Intimidate|boost
|-unboost|p2a: Incineroar|atk|1
|move|p2a: Incineroar|Overheat|p1a: Salamence
|-resisted|p1a: Salamence
|-damage|p1a: Salamence|2/100 psn
|-unboost|p2a: Incineroar|spa|2
|
|-damage|p1a: Salamence|0 fnt|[from] psn
|faint|p1a: Salamence
|upkeep
|
|t:|1612970645
|switch|p1a: Zeraora|Zeraora|100/100
|turn|19
|
|t:|1612970656
|switch|p2a: Jirachi|Jirachi|23/100
|move|p1a: Zeraora|Close Combat|p2a: Jirachi
|-damage|p2a: Jirachi|0 fnt
|-unboost|p1a: Zeraora|def|1
|-unboost|p1a: Zeraora|spd|1
|faint|p2a: Jirachi
|
|upkeep
|
|t:|1612970671
|switch|p2a: Ditto|Ditto|100/100
|-transform|p2a: Ditto|p1a: Zeraora|[from] ability: Imposter
|turn|20
|
|t:|1612970685
|switch|p1a: Amoonguss|Amoonguss, M|93/100
|-damage|p1a: Amoonguss|80/100|[from] Stealth Rock
|move|p2a: Ditto|Plasma Fists|p1a: Amoonguss
|-resisted|p1a: Amoonguss
|-damage|p1a: Amoonguss|63/100
|-fieldactivate|move: Ion Deluge
|
|upkeep
|turn|21
|
|t:|1612970702
|switch|p2a: Incineroar|Incineroar, F|39/100
|-ability|p2a: Incineroar|Intimidate|boost
|-unboost|p1a: Amoonguss|atk|1
|move|p1a: Amoonguss|Spore|p2a: Incineroar
|-status|p2a: Incineroar|slp|[from] move: Spore
|
|upkeep
|turn|22
|
|t:|1612970711
|switch|p2a: Rotom|Rotom-Heat|93/100
|switch|p1a: Zeraora|Zeraora|100/100
|
|upkeep
|turn|23
|
|t:|1612970716
|move|p1a: Zeraora|Volt Switch|p2a: Rotom
|-resisted|p2a: Rotom
|-damage|p2a: Rotom|81/100
|
|t:|1612970718
|switch|p1a: Slowking|Slowking, M|72/100|[from]move: Volt Switch
|move|p2a: Rotom|Overheat|p1a: Slowking|[miss]
|-miss|p2a: Rotom|p1a: Slowking
|
|upkeep
|turn|24
|
|t:|1612970726
|move|p2a: Rotom|Volt Switch|p1a: Slowking
|-supereffective|p1a: Slowking
|-damage|p1a: Slowking|44/100
|
|t:|1612970731
|switch|p2a: Incineroar|Incineroar, F|39/100 slp|[from]move: Volt Switch
|-ability|p2a: Incineroar|Intimidate|boost
|-unboost|p1a: Slowking|atk|1
|move|p1a: Slowking|Future Sight|p2a: Incineroar
|-start|p1a: Slowking|move: Future Sight
|
|upkeep
|turn|25
|
|t:|1612970738
|switch|p1a: Zeraora|Zeraora|100/100
|cant|p2a: Incineroar|slp
|
|upkeep
|turn|26
|
|t:|1612970743
|move|p1a: Zeraora|Close Combat|p2a: Incineroar
|-supereffective|p2a: Incineroar
|-damage|p2a: Incineroar|0 fnt
|-unboost|p1a: Zeraora|def|1
|-unboost|p1a: Zeraora|spd|1
|faint|p2a: Incineroar
|
|-hint|Future Sight did not hit because the target is fainted.
|upkeep
|
|t:|1612970755
|switch|p2a: Ditto|Ditto|100/100
|-transform|p2a: Ditto|p1a: Zeraora|[from] ability: Imposter
|turn|27
|
|t:|1612970761
|switch|p1a: Amoonguss|Amoonguss, M|96/100
|-damage|p1a: Amoonguss|84/100|[from] Stealth Rock
|move|p2a: Ditto|Knock Off|p1a: Amoonguss
|-damage|p1a: Amoonguss|66/100
|
|upkeep
|turn|28
|-message|lanouille forfeited.
|
|win|undermouse
|l| stanyejilia
