|j|☆Hastabouddah
|j|☆IndeedeIsKing
|t:|1664738259
|gametype|singles
|player|p1|Hastabouddah|lance-masters|1484
|player|p2|IndeedeIsKing|doctor-gen8|1463
|teamsize|p1|6
|teamsize|p2|6
|gen|8
|tier|[Gen 8] UU
|rated|
|rule|Sleep Clause Mod: Limit one foe put to sleep
|rule|Species Clause: Limit one of each Pokémon
|rule|OHKO Clause: OHKO moves are banned
|rule|Evasion Items Clause: Evasion items are banned
|rule|Evasion Moves Clause: Evasion moves are banned
|rule|Endless Battle Clause: Forcing endless battles is banned
|rule|HP Percentage Mod: HP is shown in percentages
|rule|Dynamax Clause: You cannot dynamax
|clearpoke
|poke|p1|Primarina, M|
|poke|p1|Hydreigon, M|
|poke|p1|Skarmory, F|
|poke|p1|Hippowdon, F|
|poke|p1|Slowbro-Galar, F|
|poke|p1|Azelf|
|poke|p2|Golurk|
|poke|p2|Zarude|
|poke|p2|Primarina, M|
|poke|p2|Salamence, M|
|poke|p2|Scizor, M|
|poke|p2|Chansey, F|
|teampreview
|c|☆Hastabouddah|gl hf
|c|☆IndeedeIsKing|Glhf
|inactive|Battle timer is ON: inactive players will automatically lose when time's up. (requested by Hastabouddah)
|
|t:|1664738318
|start
|switch|p1a: Primarina|Primarina, M|100/100
|switch|p2a: Zarude|Zarude|100/100
|turn|1
|
|t:|1664738328
|switch|p1a: Skarmory|Skarmory, F|100/100
|move|p2a: Zarude|U-turn|p1a: Skarmory
|-resisted|p1a: Skarmory
|-damage|p1a: Skarmory|97/100
|-damage|p2a: Zarude|84/100|[from] item: Rocky Helmet|[of] p1a: Skarmory
|j| Queen of Bean ✿
|
|t:|1664738334
|switch|p2a: Primarina|Primarina, M|100/100|[from]move: U-turn
|
|upkeep
|turn|2
|
|t:|1664738342
|switch|p1a: Primarina|Primarina, M|100/100
|move|p2a: Primarina|Scald|p1a: Primarina
|-resisted|p1a: Primarina
|-damage|p1a: Primarina|90/100
|
|-heal|p1a: Primarina|96/100|[from] item: Leftovers
|upkeep
|turn|3
|
|t:|1664738362
|switch|p1a: Skarmory|Skarmory, F|97/100
|move|p2a: Primarina|Calm Mind|p2a: Primarina
|-boost|p2a: Primarina|spa|1
|-boost|p2a: Primarina|spd|1
|
|upkeep
|turn|4
|
|t:|1664738371
|switch|p1a: Primarina|Primarina, M|96/100
|move|p2a: Primarina|Scald|p1a: Primarina
|-resisted|p1a: Primarina
|-damage|p1a: Primarina|79/100
|
|-heal|p1a: Primarina|85/100|[from] item: Leftovers
|upkeep
|turn|5
|inactive|IndeedeIsKing has 120 seconds left.
|
|t:|1664738404
|switch|p1a: Slowbro|Slowbro-Galar, F|100/100
|move|p2a: Primarina|Substitute|p2a: Primarina
|-start|p2a: Primarina|Substitute
|-damage|p2a: Primarina|75/100
|
|-heal|p2a: Primarina|82/100|[from] item: Leftovers
|upkeep
|turn|6
|
|t:|1664738414
|move|p2a: Primarina|Calm Mind|p2a: Primarina
|-boost|p2a: Primarina|spa|1
|-boost|p2a: Primarina|spd|1
|move|p1a: Slowbro|Shell Side Arm|p2a: Primarina|[anim] Shell Side Arm Physical
|-supereffective|p2a: Primarina
|-end|p2a: Primarina|Substitute
|-hint|Physical Shell Side Arm
|
|-heal|p2a: Primarina|88/100|[from] item: Leftovers
|upkeep
|turn|7
|
|t:|1664738423
|move|p2a: Primarina|Scald|p1a: Slowbro
|-damage|p1a: Slowbro|63/100
|move|p1a: Slowbro|Shell Side Arm|p2a: Primarina|[anim] Shell Side Arm Physical
|-supereffective|p2a: Primarina
|-damage|p2a: Primarina|8/100
|-hint|Physical Shell Side Arm
|
|-heal|p2a: Primarina|14/100|[from] item: Leftovers
|upkeep
|turn|8
|
|t:|1664738437
|switch|p2a: Scizor|Scizor, M|100/100
|move|p1a: Slowbro|Fire Blast|p2a: Scizor
|-supereffective|p2a: Scizor
|-damage|p2a: Scizor|0 fnt
|faint|p2a: Scizor
|
|upkeep
|
|t:|1664738444
|switch|p2a: Quirky Golurky|Golurk|100/100
|turn|9
|
|t:|1664738454
|switch|p1a: Skarmory|Skarmory, F|97/100
|move|p2a: Quirky Golurky|Poltergeist|p1a: Skarmory
|-activate|p1a: Skarmory|move: Poltergeist|Rocky Helmet
|-damage|p1a: Skarmory|41/100
|
|upkeep
|turn|10
|inactive|Hastabouddah has 120 seconds left.
|
|t:|1664738486
|switch|p1a: Hydreigon|Hydreigon, M|100/100
|move|p2a: Quirky Golurky|Poltergeist|p1a: Hydreigon
|-activate|p1a: Hydreigon|move: Poltergeist|Choice Scarf
|-resisted|p1a: Hydreigon
|-damage|p1a: Hydreigon|52/100
|
|upkeep
|turn|11
|
|t:|1664738493
|switch|p2a: Chansey|Chansey, F|100/100
|move|p1a: Hydreigon|U-turn|p2a: Chansey
|-damage|p2a: Chansey|91/100
|inactive|Hastabouddah has 120 seconds left.
|
|t:|1664738504
|switch|p1a: Skarmory|Skarmory, F|41/100|[from]move: U-turn
|
|upkeep
|turn|12
|
|t:|1664738507
|move|p1a: Skarmory|Spikes|p2a: Chansey
|-sidestart|p2: IndeedeIsKing|Spikes
|move|p2a: Chansey|Stealth Rock|p1a: Skarmory
|-sidestart|p1: Hastabouddah|move: Stealth Rock
|
|upkeep
|turn|13
|
|t:|1664738514
|move|p1a: Skarmory|Spikes|p2a: Chansey
|-sidestart|p2: IndeedeIsKing|Spikes
|move|p2a: Chansey|Teleport|p2a: Chansey
|
|t:|1664738519
|switch|p2a: Quirky Golurky|Golurk|100/100|[from]move: Teleport
|-damage|p2a: Quirky Golurky|84/100|[from] Spikes
|
|upkeep
|turn|14
|
|t:|1664738548
|move|p1a: Skarmory|Roost|p1a: Skarmory
|-heal|p1a: Skarmory|91/100
|-singleturn|p1a: Skarmory|move: Roost
|move|p2a: Quirky Golurky|Poltergeist|p1a: Skarmory
|-activate|p1a: Skarmory|move: Poltergeist|Rocky Helmet
|-damage|p1a: Skarmory|33/100
|
|upkeep
|turn|15
|
|t:|1664738559
|move|p1a: Skarmory|Iron Defense|p1a: Skarmory
|-boost|p1a: Skarmory|def|2
|move|p2a: Quirky Golurky|Poltergeist|p1a: Skarmory
|-activate|p1a: Skarmory|move: Poltergeist|Rocky Helmet
|-damage|p1a: Skarmory|3/100
|
|upkeep
|turn|16
|
|t:|1664738579
|switch|p2a: Salamence|Salamence, M|100/100
|-ability|p2a: Salamence|Intimidate|boost
|-unboost|p1a: Skarmory|atk|1
|move|p1a: Skarmory|Roost|p1a: Skarmory
|-heal|p1a: Skarmory|53/100
|-singleturn|p1a: Skarmory|move: Roost
|
|upkeep
|turn|17
|
|t:|1664738593
|switch|p1a: Hippowdon|Hippowdon, F|100/100
|-damage|p1a: Hippowdon|94/100|[from] Stealth Rock
|-weather|Sandstorm|[from] ability: Sand Stream|[of] p1a: Hippowdon
|move|p2a: Salamence|Flamethrower|p1a: Hippowdon
|-damage|p1a: Hippowdon|77/100
|
|-weather|Sandstorm|[upkeep]
|-damage|p2a: Salamence|94/100|[from] Sandstorm
|-heal|p1a: Hippowdon|83/100|[from] item: Leftovers
|upkeep
|turn|18
|
|t:|1664738603
|switch|p2a: Chansey|Chansey, F|91/100
|-damage|p2a: Chansey|75/100|[from] Spikes
|move|p1a: Hippowdon|Stealth Rock|p2a: Chansey
|-sidestart|p2: IndeedeIsKing|move: Stealth Rock
|
|-weather|Sandstorm|[upkeep]
|-damage|p2a: Chansey|68/100|[from] Sandstorm
|-heal|p1a: Hippowdon|89/100|[from] item: Leftovers
|upkeep
|turn|19
|
|t:|1664738626
|move|p1a: Hippowdon|Earthquake|p2a: Chansey
|-damage|p2a: Chansey|43/100
|move|p2a: Chansey|Teleport|p2a: Chansey
|
|t:|1664738631
|switch|p2a: Zarude|Zarude|84/100|[from]move: Teleport
|-damage|p2a: Zarude|67/100|[from] Spikes
|-damage|p2a: Zarude|55/100|[from] Stealth Rock
|
|-weather|Sandstorm|[upkeep]
|-damage|p2a: Zarude|49/100|[from] Sandstorm
|-heal|p1a: Hippowdon|95/100|[from] item: Leftovers
|upkeep
|turn|20
|
|t:|1664738638
|switch|p1a: Skarmory|Skarmory, F|53/100
|-damage|p1a: Skarmory|41/100|[from] Stealth Rock
|move|p2a: Zarude|U-turn|p1a: Skarmory
|-resisted|p1a: Skarmory
|-damage|p1a: Skarmory|38/100
|-damage|p2a: Zarude|33/100|[from] item: Rocky Helmet|[of] p1a: Skarmory
|
|t:|1664738640
|switch|p2a: Salamence|Salamence, M|94/100|[from]move: U-turn
|-ability|p2a: Salamence|Intimidate|boost
|-unboost|p1a: Skarmory|atk|1
|
|-weather|Sandstorm|[upkeep]
|-damage|p2a: Salamence|88/100|[from] Sandstorm
|upkeep
|turn|21
|
|t:|1664738652
|switch|p1a: Azelf|Azelf|100/100
|move|p2a: Salamence|Defog|p1a: Azelf
|-unboost|p1a: Azelf|evasion|1
|-sideend|p1: Hastabouddah|Stealth Rock|[from] move: Defog|[of] p2a: Salamence
|-sideend|p2: IndeedeIsKing|Spikes|[from] move: Defog|[of] p2a: Salamence
|-sideend|p2: IndeedeIsKing|Stealth Rock|[from] move: Defog|[of] p2a: Salamence
|
|-weather|none
|upkeep
|turn|22
|
|t:|1664738658
|switch|p2a: Chansey|Chansey, F|43/100
|move|p1a: Azelf|Knock Off|p2a: Chansey
|-damage|p2a: Chansey|27/100
|-enditem|p2a: Chansey|Eviolite|[from] move: Knock Off|[of] p1a: Azelf
|
|upkeep
|turn|23
|
|t:|1664738663
|move|p1a: Azelf|U-turn|p2a: Chansey
|-damage|p2a: Chansey|11/100
|
|t:|1664738675
|switch|p1a: Skarmory|Skarmory, F|38/100|[from]move: U-turn
|move|p2a: Chansey|Soft-Boiled|p2a: Chansey
|-heal|p2a: Chansey|61/100
|
|upkeep
|turn|24
|
|t:|1664738680
|move|p1a: Skarmory|Spikes|p2a: Chansey
|-sidestart|p2: IndeedeIsKing|Spikes
|move|p2a: Chansey|Teleport|p2a: Chansey
|
|t:|1664738682
|switch|p2a: Quirky Golurky|Golurk|84/100|[from]move: Teleport
|-damage|p2a: Quirky Golurky|72/100|[from] Spikes
|
|upkeep
|turn|25
|
|t:|1664738695
|move|p1a: Skarmory|Iron Defense|p1a: Skarmory
|-boost|p1a: Skarmory|def|2
|move|p2a: Quirky Golurky|Heat Crash|p1a: Skarmory
|-supereffective|p1a: Skarmory
|-damage|p1a: Skarmory|0 fnt
|-damage|p2a: Quirky Golurky|55/100|[from] item: Rocky Helmet|[of] p1a: Skarmory
|faint|p1a: Skarmory
|
|upkeep
|inactive|Hastabouddah has 120 seconds left.
|
|t:|1664738746
|switch|p1a: Azelf|Azelf|100/100
|turn|26
|
|t:|1664738752
|switch|p2a: Chansey|Chansey, F|61/100
|-damage|p2a: Chansey|49/100|[from] Spikes
|move|p1a: Azelf|Knock Off|p2a: Chansey
|-damage|p2a: Chansey|34/100
|
|upkeep
|turn|27
|
|t:|1664738756
|move|p1a: Azelf|U-turn|p2a: Chansey
|-crit|p2a: Chansey
|-damage|p2a: Chansey|7/100
|
|t:|1664738765
|switch|p1a: Slowbro|Slowbro-Galar, F|96/100|[from]move: U-turn
|move|p2a: Chansey|Soft-Boiled|p2a: Chansey
|-heal|p2a: Chansey|57/100
|
|upkeep
|turn|28
|
|t:|1664738772
|move|p2a: Chansey|Soft-Boiled|p2a: Chansey
|-heal|p2a: Chansey|100/100
|move|p1a: Slowbro|Shell Side Arm|p2a: Chansey|[anim] Shell Side Arm Physical
|-damage|p2a: Chansey|69/100
|-hint|Physical Shell Side Arm
|
|upkeep
|turn|29
|inactive|Hastabouddah has 120 seconds left.
|
|t:|1664738781
|move|p2a: Chansey|Stealth Rock|p1a: Slowbro
|-sidestart|p1: Hastabouddah|move: Stealth Rock
|move|p1a: Slowbro|Psyshock|p2a: Chansey
|-damage|p2a: Chansey|41/100
|
|upkeep
|turn|30
|
|t:|1664738786
|move|p2a: Chansey|Soft-Boiled|p2a: Chansey
|-heal|p2a: Chansey|91/100
|move|p1a: Slowbro|Shell Side Arm|p2a: Chansey|[anim] Shell Side Arm Physical
|-damage|p2a: Chansey|62/100
|-hint|Physical Shell Side Arm
|-status|p2a: Chansey|psn
|
|-damage|p2a: Chansey|49/100 psn|[from] psn
|upkeep
|turn|31
|
|t:|1664738799
|move|p2a: Chansey|Soft-Boiled|p2a: Chansey
|-heal|p2a: Chansey|99/100 psn
|move|p1a: Slowbro|Psyshock|p2a: Chansey
|-damage|p2a: Chansey|72/100 psn
|
|-damage|p2a: Chansey|59/100 psn|[from] psn
|upkeep
|turn|32
|
|t:|1664738803
|-curestatus|p2a: Chansey|psn|[from] ability: Natural Cure
|switch|p2a: Salamence|Salamence, M|88/100
|-ability|p2a: Salamence|Intimidate|boost
|-unboost|p1a: Slowbro|atk|1
|move|p1a: Slowbro|Shell Side Arm|p2a: Salamence|[anim] Shell Side Arm Special
|-damage|p2a: Salamence|52/100
|-hint|Special Shell Side Arm
|
|upkeep
|turn|33
|
|t:|1664738810
|switch|p2a: Chansey|Chansey, F|59/100
|-damage|p2a: Chansey|47/100|[from] Spikes
|switch|p1a: Hippowdon|Hippowdon, F|95/100
|-damage|p1a: Hippowdon|89/100|[from] Stealth Rock
|-weather|Sandstorm|[from] ability: Sand Stream|[of] p1a: Hippowdon
|
|-weather|Sandstorm|[upkeep]
|-damage|p2a: Chansey|41/100|[from] Sandstorm
|-heal|p1a: Hippowdon|95/100|[from] item: Leftovers
|upkeep
|turn|34
|
|t:|1664738819
|move|p1a: Hippowdon|Stealth Rock|p2a: Chansey
|-sidestart|p2: IndeedeIsKing|move: Stealth Rock
|move|p2a: Chansey|Soft-Boiled|p2a: Chansey
|-heal|p2a: Chansey|91/100
|
|-weather|Sandstorm|[upkeep]
|-damage|p2a: Chansey|84/100|[from] Sandstorm
|-heal|p1a: Hippowdon|100/100|[from] item: Leftovers
|upkeep
|turn|35
|
|t:|1664738822
|switch|p1a: Slowbro|Slowbro-Galar, F|100/100
|-damage|p1a: Slowbro|88/100|[from] Stealth Rock
|move|p2a: Chansey|Teleport|p2a: Chansey
|
|t:|1664738824
|switch|p2a: Quirky Golurky|Golurk|55/100|[from]move: Teleport
|-damage|p2a: Quirky Golurky|43/100|[from] Spikes
|-damage|p2a: Quirky Golurky|37/100|[from] Stealth Rock
|
|-weather|Sandstorm|[upkeep]
|-damage|p1a: Slowbro|82/100|[from] Sandstorm
|upkeep
|turn|36
|inactive|Hastabouddah has 120 seconds left.
|
|t:|1664738855
|switch|p1a: Hippowdon|Hippowdon, F|100/100
|-damage|p1a: Hippowdon|94/100|[from] Stealth Rock
|move|p2a: Quirky Golurky|Poltergeist|p1a: Hippowdon
|-activate|p1a: Hippowdon|move: Poltergeist|Leftovers
|-damage|p1a: Hippowdon|41/100
|
|-weather|Sandstorm|[upkeep]
|-heal|p1a: Hippowdon|47/100|[from] item: Leftovers
|upkeep
|turn|37
|
|t:|1664738860
|move|p2a: Quirky Golurky|Poltergeist|p1a: Hippowdon
|-activate|p1a: Hippowdon|move: Poltergeist|Leftovers
|-damage|p1a: Hippowdon|0 fnt
|faint|p1a: Hippowdon
|
|-weather|none
|upkeep
|
|t:|1664738869
|switch|p1a: Azelf|Azelf|100/100
|turn|38
|
|t:|1664738876
|switch|p2a: Primarina|Primarina, M|14/100
|-damage|p2a: Primarina|2/100|[from] Spikes
|-damage|p2a: Primarina|0 fnt|[from] Stealth Rock
|faint|p2a: Primarina
|move|p1a: Azelf|Psychic|p2: Primarina|[notarget]
|-fail|p1a: Azelf
|
|upkeep
|
|t:|1664738888
|switch|p2a: Salamence|Salamence, M|52/100
|-ability|p2a: Salamence|Intimidate|boost
|-unboost|p1a: Azelf|atk|1
|turn|39
|
|t:|1664738893
|move|p1a: Azelf|Psychic|p2a: Salamence
|-damage|p2a: Salamence|7/100
|move|p2a: Salamence|Defog|p1a: Azelf
|-unboost|p1a: Azelf|evasion|1
|-sideend|p1: Hastabouddah|Stealth Rock|[from] move: Defog|[of] p2a: Salamence
|-sideend|p2: IndeedeIsKing|Spikes|[from] move: Defog|[of] p2a: Salamence
|-sideend|p2: IndeedeIsKing|Stealth Rock|[from] move: Defog|[of] p2a: Salamence
|
|upkeep
|turn|40
|
|t:|1664738901
|switch|p2a: Chansey|Chansey, F|84/100
|move|p1a: Azelf|Knock Off|p2a: Chansey
|-damage|p2a: Chansey|75/100
|
|upkeep
|turn|41
|
|t:|1664738911
|move|p1a: Azelf|U-turn|p2a: Chansey
|-damage|p2a: Chansey|63/100
|
|t:|1664738913
|switch|p1a: Slowbro|Slowbro-Galar, F|100/100|[from]move: U-turn
|move|p2a: Chansey|Stealth Rock|p1a: Slowbro
|-sidestart|p1: Hastabouddah|move: Stealth Rock
|
|upkeep
|turn|42
|
|t:|1664738917
|move|p1a: Slowbro|Shell Side Arm|p2a: Chansey|[anim] Shell Side Arm Physical
|-damage|p2a: Chansey|34/100
|-hint|Physical Shell Side Arm
|move|p2a: Chansey|Teleport|p2a: Chansey
|
|t:|1664738920
|switch|p2a: Quirky Golurky|Golurk|37/100|[from]move: Teleport
|
|upkeep
|turn|43
|
|t:|1664738943
|move|p2a: Quirky Golurky|Poltergeist|p1a: Slowbro
|-activate|p1a: Slowbro|move: Poltergeist|Assault Vest
|-supereffective|p1a: Slowbro
|-damage|p1a: Slowbro|0 fnt
|faint|p1a: Slowbro
|
|upkeep
|
|t:|1664738949
|switch|p1a: Azelf|Azelf|100/100
|turn|44
|
|t:|1664738952
|switch|p2a: Salamence|Salamence, M|7/100
|-ability|p2a: Salamence|Intimidate|boost
|-unboost|p1a: Azelf|atk|1
|move|p1a: Azelf|U-turn|p2a: Salamence
|-resisted|p2a: Salamence
|-damage|p2a: Salamence|3/100
|
|t:|1664738957
|switch|p1a: Hydreigon|Hydreigon, M|52/100|[from]move: U-turn
|-damage|p1a: Hydreigon|40/100|[from] Stealth Rock
|
|upkeep
|turn|45
|
|t:|1664738962
|move|p1a: Hydreigon|U-turn|p2a: Salamence
|-resisted|p2a: Salamence
|-damage|p2a: Salamence|0 fnt
|faint|p2a: Salamence
|
|t:|1664738978
|switch|p1a: Azelf|Azelf|100/100|[from]move: U-turn
|
|upkeep
|
|t:|1664738980
|switch|p2a: Chansey|Chansey, F|34/100
|turn|46
|
|t:|1664738992
|move|p1a: Azelf|Psychic|p2a: Chansey
|-damage|p2a: Chansey|13/100
|move|p2a: Chansey|Soft-Boiled|p2a: Chansey
|-heal|p2a: Chansey|63/100
|
|upkeep
|turn|47
|
|t:|1664738999
|move|p1a: Azelf|U-turn|p2a: Chansey
|-damage|p2a: Chansey|47/100
|
|t:|1664739002
|switch|p1a: Primarina|Primarina, M|85/100|[from]move: U-turn
|-damage|p1a: Primarina|72/100|[from] Stealth Rock
|move|p2a: Chansey|Soft-Boiled|p2a: Chansey
|-heal|p2a: Chansey|97/100
|
|-heal|p1a: Primarina|78/100|[from] item: Leftovers
|upkeep
|turn|48
|
|t:|1664739007
|move|p1a: Primarina|Moonblast|p2a: Chansey
|-damage|p2a: Chansey|77/100
|move|p2a: Chansey|Seismic Toss|p1a: Primarina
|-damage|p1a: Primarina|51/100
|
|-heal|p1a: Primarina|57/100|[from] item: Leftovers
|upkeep
|turn|49
|
|t:|1664739012
|move|p1a: Primarina|Moonblast|p2a: Chansey
|-damage|p2a: Chansey|58/100
|-unboost|p2a: Chansey|spa|1
|move|p2a: Chansey|Seismic Toss|p1a: Primarina
|-damage|p1a: Primarina|29/100
|
|-heal|p1a: Primarina|35/100|[from] item: Leftovers
|upkeep
|turn|50
|
|t:|1664739021
|move|p1a: Primarina|Scald|p2a: Chansey
|-damage|p2a: Chansey|44/100
|move|p2a: Chansey|Seismic Toss|p1a: Primarina
|-damage|p1a: Primarina|8/100
|
|-heal|p1a: Primarina|14/100|[from] item: Leftovers
|upkeep
|turn|51
|
|t:|1664739023
|move|p1a: Primarina|Rest|p1a: Primarina
|-status|p1a: Primarina|slp|[from] move: Rest
|-heal|p1a: Primarina|100/100 slp|[silent]
|move|p2a: Chansey|Soft-Boiled|p2a: Chansey
|-heal|p2a: Chansey|94/100
|
|upkeep
|turn|52
|
|t:|1664739026
|cant|p1a: Primarina|slp
|move|p1a: Primarina|Sleep Talk|p1a: Primarina
|move|p1a: Primarina|Moonblast|p2a: Chansey|[from]move: Sleep Talk
|-damage|p2a: Chansey|76/100
|move|p2a: Chansey|Teleport|p2a: Chansey
|
|t:|1664739028
|switch|p2a: Zarude|Zarude|33/100|[from]move: Teleport
|
|upkeep
|turn|53
|
|t:|1664739033
|switch|p1a: Hydreigon|Hydreigon, M|40/100
|-damage|p1a: Hydreigon|27/100|[from] Stealth Rock
|move|p2a: Zarude|Power Whip|p1a: Hydreigon
|-resisted|p1a: Hydreigon
|-damage|p1a: Hydreigon|0 fnt
|faint|p1a: Hydreigon
|
|upkeep
|
|t:|1664739036
|switch|p1a: Azelf|Azelf|100/100
|turn|54
|
|t:|1664739040
|switch|p2a: Chansey|Chansey, F|76/100
|move|p1a: Azelf|U-turn|p2a: Chansey
|-damage|p2a: Chansey|60/100
|
|t:|1664739043
|switch|p1a: Primarina|Primarina, M|100/100 slp|[from]move: U-turn
|-damage|p1a: Primarina|88/100 slp|[from] Stealth Rock
|
|-heal|p1a: Primarina|94/100 slp|[from] item: Leftovers
|upkeep
|turn|55
|
|t:|1664739046
|cant|p1a: Primarina|slp
|move|p2a: Chansey|Teleport|p2a: Chansey
|
|t:|1664739048
|switch|p2a: Zarude|Zarude|33/100|[from]move: Teleport
|
|-heal|p1a: Primarina|99/100 slp|[from] item: Leftovers
|upkeep
|turn|56
|-message|Hastabouddah forfeited.
|
|win|IndeedeIsKing
|raw|Hastabouddah's rating: 1484 &rarr; <strong>1463</strong><br />(-21 for losing)
|raw|IndeedeIsKing's rating: 1463 &rarr; <strong>1484</strong><br />(+21 for winning)
||Ladder isn't responding, score probably updated but might not have (Request timeout).
