|j|☆Barthamiah
|j|☆esqimo589
|t:|1664411086
|gametype|singles
|player|p1|Barthamiah|acetrainer-gen4dp|1296
|player|p2|esqimo589|n|1369
|teamsize|p1|6
|teamsize|p2|6
|gen|8
|tier|[Gen 8] UU
|rated|
|rule|Sleep Clause Mod: Limit one foe put to sleep
|rule|Species Clause: Limit one of each Pokémon
|rule|OHKO Clause: OHKO moves are banned
|rule|Evasion Items Clause: Evasion items are banned
|rule|Evasion Moves Clause: Evasion moves are banned
|rule|Endless Battle Clause: Forcing endless battles is banned
|rule|HP Percentage Mod: HP is shown in percentages
|rule|Dynamax Clause: You cannot dynamax
|clearpoke
|poke|p1|Suicune|
|poke|p1|Cobalion|
|poke|p1|Salamence, F|
|poke|p1|Tapu Bulu|
|poke|p1|Diggersby, M|
|poke|p1|Registeel|
|poke|p2|Zygarde-10%|
|poke|p2|Rotom-Heat|
|poke|p2|Tangrowth, F|
|poke|p2|Hydreigon, F|
|poke|p2|Cobalion|
|poke|p2|Tentacruel, M|
|teampreview
|inactive|Battle timer is ON: inactive players will automatically lose when time's up. (requested by esqimo589)
|
|t:|1664411102
|start
|switch|p1a: Diggersby|Diggersby, M|100/100
|switch|p2a: the goat|Cobalion|100/100
|turn|1
|
|t:|1664411114
|switch|p2a: air fryer|Rotom-Heat|100/100
|move|p1a: Diggersby|Earthquake|p2a: air fryer
|-immune|p2a: air fryer|[from] ability: Levitate
|
|upkeep
|turn|2
|
|t:|1664411121
|switch|p1a: Salamence|Salamence, F|100/100
|-ability|p1a: Salamence|Intimidate|boost
|-unboost|p2a: air fryer|atk|1
|move|p2a: air fryer|Volt Switch|p1a: Salamence
|-damage|p1a: Salamence|66/100
|
|t:|1664411136
|switch|p2a: jelly bish|Tentacruel, M|100/100|[from]move: Volt Switch
|
|upkeep
|turn|3
|
|t:|1664411147
|switch|p1a: Diggersby|Diggersby, M|100/100
|move|p2a: jelly bish|Knock Off|p1a: Diggersby
|-damage|p1a: Diggersby|80/100
|-enditem|p1a: Diggersby|Choice Scarf|[from] move: Knock Off|[of] p2a: jelly bish
|
|upkeep
|turn|4
|
|t:|1664411153
|switch|p2a: tangrussy|Tangrowth, F|100/100
|move|p1a: Diggersby|Body Slam|p2a: tangrussy
|-damage|p2a: tangrussy|67/100
|-status|p2a: tangrussy|par
|
|upkeep
|turn|5
|
|t:|1664411160
|move|p1a: Diggersby|U-turn|p2a: tangrussy
|-supereffective|p2a: tangrussy
|-damage|p2a: tangrussy|24/100 par
|
|t:|1664411165
|switch|p1a: Registeel|Registeel|100/100|[from]move: U-turn
|move|p2a: tangrussy|Knock Off|p1a: Registeel
|-damage|p1a: Registeel|90/100
|-enditem|p1a: Registeel|Chesto Berry|[from] move: Knock Off|[of] p2a: tangrussy
|
|upkeep
|turn|6
|
|t:|1664411172
|switch|p2a: air fryer|Rotom-Heat|100/100
|move|p1a: Registeel|Amnesia|p1a: Registeel
|-boost|p1a: Registeel|spd|2
|
|upkeep
|turn|7
|
|t:|1664411175
|move|p2a: air fryer|Nasty Plot|p2a: air fryer
|-boost|p2a: air fryer|spa|2
|move|p1a: Registeel|Amnesia|p1a: Registeel
|-boost|p1a: Registeel|spd|2
|
|upkeep
|turn|8
|
|t:|1664411177
|move|p2a: air fryer|Nasty Plot|p2a: air fryer
|-boost|p2a: air fryer|spa|2
|move|p1a: Registeel|Amnesia|p1a: Registeel
|-boost|p1a: Registeel|spd|2
|
|upkeep
|turn|9
|
|t:|1664411179
|move|p2a: air fryer|Nasty Plot|p2a: air fryer
|-boost|p2a: air fryer|spa|2
|move|p1a: Registeel|Iron Defense|p1a: Registeel
|-boost|p1a: Registeel|def|2
|
|upkeep
|turn|10
|
|t:|1664411187
|switch|p1a: Tapu Bulu|Tapu Bulu|100/100
|-fieldstart|move: Grassy Terrain|[from] ability: Grassy Surge|[of] p1a: Tapu Bulu
|move|p2a: air fryer|Overheat|p1a: Tapu Bulu
|-supereffective|p1a: Tapu Bulu
|-damage|p1a: Tapu Bulu|0 fnt
|-unboost|p2a: air fryer|spa|2
|faint|p1a: Tapu Bulu
|
|upkeep
|c|☆esqimo589|nice
|
|t:|1664411203
|switch|p1a: Salamence|Salamence, F|66/100
|-ability|p1a: Salamence|Intimidate|boost
|-unboost|p2a: air fryer|atk|1
|turn|11
|
|t:|1664411211
|move|p2a: air fryer|Volt Switch|p1a: Salamence
|-damage|p1a: Salamence|0 fnt
|faint|p1a: Salamence
|c|☆Barthamiah|t
|
|t:|1664411241
|switch|p2a: dragon my balls|Hydreigon, F|100/100|[from]move: Volt Switch
|
|upkeep
|
|t:|1664411248
|switch|p1a: Cobalion|Cobalion|100/100
|turn|12
|
|t:|1664411256
|switch|p2a: jelly bish|Tentacruel, M|100/100
|move|p1a: Cobalion|Close Combat|p2a: jelly bish
|-resisted|p2a: jelly bish
|-damage|p2a: jelly bish|69/100
|-unboost|p1a: Cobalion|def|1
|-unboost|p1a: Cobalion|spd|1
|
|-heal|p2a: jelly bish|75/100|[from] Grassy Terrain
|-heal|p2a: jelly bish|82/100|[from] item: Black Sludge
|upkeep
|turn|13
|
|t:|1664411262
|move|p1a: Cobalion|Volt Switch|p2a: jelly bish
|-supereffective|p2a: jelly bish
|-damage|p2a: jelly bish|62/100
|
|t:|1664411268
|switch|p1a: Registeel|Registeel|90/100|[from]move: Volt Switch
|move|p2a: jelly bish|Scald|p1a: Registeel
|-damage|p1a: Registeel|74/100
|-status|p1a: Registeel|brn
|
|-heal|p2a: jelly bish|68/100|[from] Grassy Terrain
|-heal|p2a: jelly bish|74/100|[from] item: Black Sludge
|-heal|p1a: Registeel|80/100 brn|[from] Grassy Terrain
|-damage|p1a: Registeel|74/100 brn|[from] brn
|upkeep
|turn|14
|
|t:|1664411275
|switch|p2a: air fryer|Rotom-Heat|100/100
|move|p1a: Registeel|Amnesia|p1a: Registeel
|-boost|p1a: Registeel|spd|2
|
|-heal|p1a: Registeel|80/100 brn|[from] Grassy Terrain
|-damage|p1a: Registeel|74/100 brn|[from] brn
|-fieldend|move: Grassy Terrain
|upkeep
|turn|15
|
|t:|1664411277
|move|p2a: air fryer|Nasty Plot|p2a: air fryer
|-boost|p2a: air fryer|spa|2
|move|p1a: Registeel|Iron Defense|p1a: Registeel
|-boost|p1a: Registeel|def|2
|
|-damage|p1a: Registeel|68/100 brn|[from] brn
|upkeep
|turn|16
|
|t:|1664411278
|move|p2a: air fryer|Nasty Plot|p2a: air fryer
|-boost|p2a: air fryer|spa|2
|move|p1a: Registeel|Body Press|p2a: air fryer
|-damage|p2a: air fryer|55/100
|
|-damage|p1a: Registeel|62/100 brn|[from] brn
|upkeep
|turn|17
|
|t:|1664411283
|move|p2a: air fryer|Overheat|p1a: Registeel
|-supereffective|p1a: Registeel
|-crit|p1a: Registeel
|-damage|p1a: Registeel|0 fnt
|-unboost|p2a: air fryer|spa|2
|faint|p1a: Registeel
|
|upkeep
|
|t:|1664411287
|switch|p1a: Suicune|Suicune|100/100
|-ability|p1a: Suicune|Pressure
|turn|18
|
|t:|1664411290
|move|p2a: air fryer|Volt Switch|p1a: Suicune
|-supereffective|p1a: Suicune
|-damage|p1a: Suicune|0 fnt
|faint|p1a: Suicune
|-message|Barthamiah forfeited.
|
|win|esqimo589
|raw|Barthamiah's rating: 1328 &rarr; <strong>1310</strong><br />(-18 for losing)
|raw|esqimo589's rating: 1369 &rarr; <strong>1387</strong><br />(+18 for winning)
|l|☆Barthamiah
|l|☆esqimo589
||Ladder isn't responding, score probably updated but might not have (Request timeout).
|j|☆esqimo589
|player|p2|esqimo589|n
