|j|☆Permission Slip
|j|☆Aceslade
|t:|1659763026
|gametype|singles
|player|p1|Permission Slip|clerkf|1435
|player|p2|Aceslade|red|1335
|teamsize|p1|6
|teamsize|p2|6
|gen|8
|tier|[Gen 8] UU
|rated|
|rule|Sleep Clause Mod: Limit one foe put to sleep
|rule|Species Clause: Limit one of each Pokémon
|rule|OHKO Clause: OHKO moves are banned
|rule|Evasion Items Clause: Evasion items are banned
|rule|Evasion Moves Clause: Evasion moves are banned
|rule|Endless Battle Clause: Forcing endless battles is banned
|rule|HP Percentage Mod: HP is shown in percentages
|rule|Dynamax Clause: You cannot dynamax
|clearpoke
|poke|p1|Togekiss, M|
|poke|p1|Chansey, F|
|poke|p1|Dhelmise|
|poke|p1|Skarmory, M|
|poke|p1|Incineroar, F|
|poke|p1|Hippowdon, F|
|poke|p2|Lycanroc-Dusk, M|
|poke|p2|Salamence, F|
|poke|p2|Primarina, M|
|poke|p2|Necrozma|
|poke|p2|Excadrill, M|
|poke|p2|Azelf|
|teampreview
|
|t:|1659763037
|start
|switch|p1a: Hippowdon|Hippowdon, F|100/100
|switch|p2a: Necrozma|Necrozma|100/100
|-weather|Sandstorm|[from] ability: Sand Stream|[of] p1a: Hippowdon
|turn|1
|
|t:|1659763040
|move|p2a: Necrozma|Toxic|p1a: Hippowdon
|-status|p1a: Hippowdon|tox
|move|p1a: Hippowdon|Stealth Rock|p2a: Necrozma
|-sidestart|p2: Aceslade|move: Stealth Rock
|
|-weather|Sandstorm|[upkeep]
|-damage|p2a: Necrozma|94/100|[from] Sandstorm
|-damage|p1a: Hippowdon|94/100 tox|[from] psn
|upkeep
|turn|2
|
|t:|1659763048
|switch|p1a: Chansey|Chansey, F|100/100
|move|p2a: Necrozma|Stealth Rock|p1a: Chansey
|-sidestart|p1: Permission Slip|move: Stealth Rock
|
|-weather|Sandstorm|[upkeep]
|-damage|p2a: Necrozma|88/100|[from] Sandstorm
|-damage|p1a: Chansey|94/100|[from] Sandstorm
|upkeep
|turn|3
|
|t:|1659763051
|move|p2a: Necrozma|Toxic|p1a: Chansey
|-status|p1a: Chansey|tox
|move|p1a: Chansey|Teleport|p1a: Chansey
|
|t:|1659763058
|-curestatus|p1a: Chansey|tox|[from] ability: Natural Cure
|switch|p1a: Dhelmise|Dhelmise|100/100|[from]move: Teleport
|-damage|p1a: Dhelmise|88/100|[from] Stealth Rock
|
|-weather|Sandstorm|[upkeep]
|-damage|p2a: Necrozma|82/100|[from] Sandstorm
|-damage|p1a: Dhelmise|82/100|[from] Sandstorm
|upkeep
|turn|4
|
|t:|1659763067
|move|p2a: Necrozma|Heat Wave|p1a: Dhelmise
|-supereffective|p1a: Dhelmise
|-damage|p1a: Dhelmise|20/100
|move|p1a: Dhelmise|Rapid Spin|p2a: Necrozma
|-damage|p2a: Necrozma|73/100
|-boost|p1a: Dhelmise|spe|1
|-damage|p1a: Dhelmise|4/100|[from] item: Rocky Helmet|[of] p2a: Necrozma
|-sideend|p1: Permission Slip|Stealth Rock|[from] move: Rapid Spin|[of] p1a: Dhelmise
|
|-weather|Sandstorm|[upkeep]
|-damage|p2a: Necrozma|67/100|[from] Sandstorm
|-damage|p1a: Dhelmise|0 fnt|[from] Sandstorm
|faint|p1a: Dhelmise
|upkeep
|
|t:|1659763083
|switch|p1a: Togekiss|Togekiss, M|100/100
|turn|5
|
|t:|1659763087
|move|p1a: Togekiss|Air Slash|p2a: Necrozma
|-damage|p2a: Necrozma|41/100
|cant|p2a: Necrozma|flinch
|
|-weather|none
|upkeep
|turn|6
|
|t:|1659763090
|move|p1a: Togekiss|Air Slash|p2a: Necrozma
|-damage|p2a: Necrozma|11/100
|cant|p2a: Necrozma|flinch
|
|upkeep
|turn|7
|
|t:|1659763092
|move|p1a: Togekiss|Air Slash|p2a: Necrozma
|-damage|p2a: Necrozma|0 fnt
|faint|p2a: Necrozma
|
|upkeep
|
|t:|1659763096
|switch|p2a: Excadrill|Excadrill, M|100/100
|-damage|p2a: Excadrill|97/100|[from] Stealth Rock
|-ability|p2a: Excadrill|Mold Breaker
|turn|8
|
|t:|1659763102
|switch|p1a: Skarmory|Skarmory, M|100/100
|move|p2a: Excadrill|Rapid Spin|p1a: Skarmory
|-resisted|p1a: Skarmory
|-damage|p1a: Skarmory|95/100
|-boost|p2a: Excadrill|spe|1
|-damage|p2a: Excadrill|81/100|[from] item: Rocky Helmet|[of] p1a: Skarmory
|-sideend|p2: Aceslade|Stealth Rock|[from] move: Rapid Spin|[of] p2a: Excadrill
|
|-heal|p2a: Excadrill|87/100|[from] item: Leftovers
|upkeep
|turn|9
|
|t:|1659763109
|move|p2a: Excadrill|Swords Dance|p2a: Excadrill
|-boost|p2a: Excadrill|atk|2
|move|p1a: Skarmory|Spikes|p2a: Excadrill
|-sidestart|p2: Aceslade|Spikes
|
|-heal|p2a: Excadrill|93/100|[from] item: Leftovers
|upkeep
|turn|10
|
|t:|1659763117
|move|p2a: Excadrill|Rapid Spin|p1a: Skarmory
|-resisted|p1a: Skarmory
|-damage|p1a: Skarmory|84/100
|-boost|p2a: Excadrill|spe|1
|-damage|p2a: Excadrill|76/100|[from] item: Rocky Helmet|[of] p1a: Skarmory
|-sideend|p2: Aceslade|Spikes|[from] move: Rapid Spin|[of] p2a: Excadrill
|move|p1a: Skarmory|Iron Defense|p1a: Skarmory
|-boost|p1a: Skarmory|def|2
|
|-heal|p2a: Excadrill|82/100|[from] item: Leftovers
|upkeep
|turn|11
|
|t:|1659763125
|switch|p2a: Azelf|Azelf|100/100
|move|p1a: Skarmory|Spikes|p2a: Azelf
|-sidestart|p2: Aceslade|Spikes
|
|upkeep
|turn|12
|
|t:|1659763132
|switch|p1a: Chansey|Chansey, F|94/100
|move|p2a: Azelf|Fire Blast|p1a: Chansey
|-damage|p1a: Chansey|81/100
|
|upkeep
|turn|13
|
|t:|1659763138
|switch|p2a: Excadrill|Excadrill, M|82/100
|-damage|p2a: Excadrill|70/100|[from] Spikes
|-ability|p2a: Excadrill|Mold Breaker
|move|p1a: Chansey|Teleport|p1a: Chansey
|
|t:|1659763148
|switch|p1a: Skarmory|Skarmory, M|84/100|[from]move: Teleport
|
|-heal|p2a: Excadrill|76/100|[from] item: Leftovers
|upkeep
|turn|14
|
|t:|1659763151
|move|p2a: Excadrill|Rapid Spin|p1a: Skarmory
|-resisted|p1a: Skarmory
|-damage|p1a: Skarmory|79/100
|-boost|p2a: Excadrill|spe|1
|-damage|p2a: Excadrill|60/100|[from] item: Rocky Helmet|[of] p1a: Skarmory
|-sideend|p2: Aceslade|Spikes|[from] move: Rapid Spin|[of] p2a: Excadrill
|move|p1a: Skarmory|Body Press|p2a: Excadrill
|-supereffective|p2a: Excadrill
|-damage|p2a: Excadrill|0 fnt
|faint|p2a: Excadrill
|
|upkeep
|
|t:|1659763158
|switch|p2a: Salamence|Salamence, F|100/100
|-ability|p2a: Salamence|Intimidate|boost
|-unboost|p1a: Skarmory|atk|1
|turn|15
|
|t:|1659763162
|switch|p1a: Chansey|Chansey, F|81/100
|move|p2a: Salamence|Dragon Dance|p2a: Salamence
|-boost|p2a: Salamence|atk|1
|-boost|p2a: Salamence|spe|1
|
|upkeep
|turn|16
|
|t:|1659763168
|move|p2a: Salamence|Dragon Dance|p2a: Salamence
|-boost|p2a: Salamence|atk|1
|-boost|p2a: Salamence|spe|1
|move|p1a: Chansey|Thunder Wave|p2a: Salamence
|-status|p2a: Salamence|par
|-enditem|p2a: Salamence|Lum Berry|[eat]
|-curestatus|p2a: Salamence|par|[msg]
|
|upkeep
|turn|17
|
|t:|1659763182
|switch|p1a: Togekiss|Togekiss, M|100/100
|move|p2a: Salamence|Earthquake|p1a: Togekiss
|-immune|p1a: Togekiss
|
|upkeep
|turn|18
|
|t:|1659763186
|move|p2a: Salamence|Fire Fang|p1a: Togekiss
|-damage|p1a: Togekiss|51/100
|-status|p1a: Togekiss|brn
|move|p1a: Togekiss|Nasty Plot|p1a: Togekiss
|-boost|p1a: Togekiss|spa|2
|
|-damage|p1a: Togekiss|45/100 brn|[from] brn
|upkeep
|turn|19
|
|t:|1659763192
|switch|p1a: Incineroar|Incineroar, F|100/100
|-ability|p1a: Incineroar|Intimidate|boost
|-unboost|p2a: Salamence|atk|1
|move|p2a: Salamence|Fire Fang|p1a: Incineroar
|-resisted|p1a: Incineroar
|-damage|p1a: Incineroar|81/100
|
|upkeep
|turn|20
|
|t:|1659763197
|move|p2a: Salamence|Earthquake|p1a: Incineroar
|-supereffective|p1a: Incineroar
|-damage|p1a: Incineroar|0 fnt
|faint|p1a: Incineroar
|
|upkeep
|
|t:|1659763204
|switch|p1a: Hippowdon|Hippowdon, F|94/100 tox
|-weather|Sandstorm|[from] ability: Sand Stream|[of] p1a: Hippowdon
|turn|21
|
|t:|1659763207
|move|p2a: Salamence|Dragon Dance|p2a: Salamence
|-boost|p2a: Salamence|atk|1
|-boost|p2a: Salamence|spe|1
|move|p1a: Hippowdon|Roar|p2a: Salamence
|drag|p2a: Primarina|Primarina, M|100/100
|
|-weather|Sandstorm|[upkeep]
|-damage|p2a: Primarina|94/100|[from] Sandstorm
|-heal|p1a: Hippowdon|100/100 tox|[from] item: Leftovers
|-damage|p1a: Hippowdon|94/100 tox|[from] psn
|upkeep
|turn|22
|
|t:|1659763220
|switch|p2a: Salamence|Salamence, F|100/100
|-ability|p2a: Salamence|Intimidate|boost
|-unboost|p1a: Hippowdon|atk|1
|switch|p1a: Chansey|Chansey, F|81/100
|
|-weather|Sandstorm|[upkeep]
|-damage|p2a: Salamence|94/100|[from] Sandstorm
|-damage|p1a: Chansey|75/100|[from] Sandstorm
|upkeep
|turn|23
|
|t:|1659763226
|move|p2a: Salamence|Dragon Dance|p2a: Salamence
|-boost|p2a: Salamence|atk|1
|-boost|p2a: Salamence|spe|1
|move|p1a: Chansey|Thunder Wave|p2a: Salamence
|-status|p2a: Salamence|par
|
|-weather|Sandstorm|[upkeep]
|-damage|p2a: Salamence|88/100 par|[from] Sandstorm
|-damage|p1a: Chansey|68/100|[from] Sandstorm
|upkeep
|turn|24
|
|t:|1659763230
|move|p2a: Salamence|Dragon Dance|p2a: Salamence
|-boost|p2a: Salamence|atk|1
|-boost|p2a: Salamence|spe|1
|move|p1a: Chansey|Soft-Boiled|p1a: Chansey
|-heal|p1a: Chansey|100/100
|
|-weather|Sandstorm|[upkeep]
|-damage|p2a: Salamence|82/100 par|[from] Sandstorm
|-damage|p1a: Chansey|94/100|[from] Sandstorm
|upkeep
|turn|25
|
|t:|1659763233
|switch|p1a: Togekiss|Togekiss, M|45/100 brn
|cant|p2a: Salamence|par
|
|-weather|none
|-damage|p1a: Togekiss|39/100 brn|[from] brn
|upkeep
|turn|26
|
|t:|1659763237
|cant|p2a: Salamence|par
|move|p1a: Togekiss|Roost|p1a: Togekiss
|-heal|p1a: Togekiss|89/100 brn
|-singleturn|p1a: Togekiss|move: Roost
|
|-damage|p1a: Togekiss|83/100 brn|[from] brn
|upkeep
|turn|27
|
|t:|1659763241
|switch|p1a: Hippowdon|Hippowdon, F|94/100 tox
|-weather|Sandstorm|[from] ability: Sand Stream|[of] p1a: Hippowdon
|move|p2a: Salamence|Dragon Dance|p2a: Salamence
|-boost|p2a: Salamence|atk|1
|-boost|p2a: Salamence|spe|1
|
|-weather|Sandstorm|[upkeep]
|-damage|p2a: Salamence|76/100 par|[from] Sandstorm
|-heal|p1a: Hippowdon|100/100 tox|[from] item: Leftovers
|-damage|p1a: Hippowdon|94/100 tox|[from] psn
|upkeep
|turn|28
|
|t:|1659763247
|move|p2a: Salamence|Outrage|p1a: Hippowdon
|-damage|p1a: Hippowdon|0 fnt
|faint|p1a: Hippowdon
|
|-weather|Sandstorm|[upkeep]
|-damage|p2a: Salamence|70/100 par|[from] Sandstorm
|upkeep
|
|t:|1659763249
|switch|p1a: Skarmory|Skarmory, M|79/100
|turn|29
|
|t:|1659763252
|move|p2a: Salamence|Outrage|p1a: Skarmory|[from]lockedmove
|-resisted|p1a: Skarmory
|-damage|p1a: Skarmory|25/100
|-damage|p2a: Salamence|54/100 par|[from] item: Rocky Helmet|[of] p1a: Skarmory
|-start|p2a: Salamence|confusion|[fatigue]
|move|p1a: Skarmory|Iron Defense|p1a: Skarmory
|-boost|p1a: Skarmory|def|2
|
|-weather|Sandstorm|[upkeep]
|-damage|p2a: Salamence|48/100 par|[from] Sandstorm
|upkeep
|turn|30
|
|t:|1659763256
|-activate|p2a: Salamence|confusion
|-damage|p2a: Salamence|1/100 par|[from] confusion
|move|p1a: Skarmory|Roost|p1a: Skarmory
|-heal|p1a: Skarmory|75/100
|-singleturn|p1a: Skarmory|move: Roost
|
|-weather|Sandstorm|[upkeep]
|-damage|p2a: Salamence|0 fnt|[from] Sandstorm
|faint|p2a: Salamence
|upkeep
|
|t:|1659763266
|switch|p2a: Azelf|Azelf|100/100
|turn|31
|
|t:|1659763269
|switch|p1a: Chansey|Chansey, F|94/100
|move|p2a: Azelf|Psyshock|p1a: Chansey
|-damage|p1a: Chansey|64/100
|
|-weather|none
|upkeep
|turn|32
|
|t:|1659763273
|switch|p2a: Lycanroc|Lycanroc-Dusk, M|100/100
|move|p1a: Chansey|Thunder Wave|p2a: Lycanroc
|-status|p2a: Lycanroc|par
|
|upkeep
|turn|33
|
|t:|1659763276
|switch|p1a: Togekiss|Togekiss, M|83/100 brn
|move|p2a: Lycanroc|Close Combat|p1a: Togekiss
|-resisted|p1a: Togekiss
|-damage|p1a: Togekiss|66/100 brn
|-unboost|p2a: Lycanroc|def|1
|-unboost|p2a: Lycanroc|spd|1
|-damage|p2a: Lycanroc|91/100 par|[from] item: Life Orb
|
|-damage|p1a: Togekiss|60/100 brn|[from] brn
|upkeep
|turn|34
|
|t:|1659763279
|move|p2a: Lycanroc|Accelerock|p1a: Togekiss
|-supereffective|p1a: Togekiss
|-damage|p1a: Togekiss|0 fnt
|faint|p1a: Togekiss
|-damage|p2a: Lycanroc|81/100 par|[from] item: Life Orb
|
|upkeep
|
|t:|1659763282
|switch|p1a: Skarmory|Skarmory, M|75/100
|turn|35
|
|t:|1659763290
|switch|p2a: Primarina|Primarina, M|94/100
|move|p1a: Skarmory|Spikes|p2a: Primarina
|-sidestart|p2: Aceslade|Spikes
|
|upkeep
|turn|36
|
|t:|1659763298
|switch|p1a: Chansey|Chansey, F|64/100
|move|p2a: Primarina|Psychic|p1a: Chansey
|-damage|p1a: Chansey|51/100
|-damage|p2a: Primarina|85/100|[from] item: Life Orb
|
|upkeep
|turn|37
|
|t:|1659763301
|move|p2a: Primarina|Psychic|p1a: Chansey
|-damage|p1a: Chansey|38/100
|-damage|p2a: Primarina|75/100|[from] item: Life Orb
|move|p1a: Chansey|Soft-Boiled|p1a: Chansey
|-heal|p1a: Chansey|88/100
|
|upkeep
|turn|38
|
|t:|1659763304
|move|p2a: Primarina|Psychic|p1a: Chansey
|-damage|p1a: Chansey|74/100
|-damage|p2a: Primarina|65/100|[from] item: Life Orb
|move|p1a: Chansey|Seismic Toss|p2a: Primarina
|-damage|p2a: Primarina|37/100
|
|upkeep
|turn|39
|j| Shelley_Swampert
|
|t:|1659763307
|move|p2a: Primarina|Psychic|p1a: Chansey
|-damage|p1a: Chansey|60/100
|-damage|p2a: Primarina|27/100|[from] item: Life Orb
|move|p1a: Chansey|Seismic Toss|p2a: Primarina
|-damage|p2a: Primarina|0 fnt
|faint|p2a: Primarina
|
|upkeep
|
|t:|1659763311
|switch|p2a: Lycanroc|Lycanroc-Dusk, M|81/100 par
|-damage|p2a: Lycanroc|68/100 par|[from] Spikes
|turn|40
|
|t:|1659763317
|switch|p1a: Skarmory|Skarmory, M|75/100
|move|p2a: Lycanroc|Close Combat|p1a: Skarmory
|-damage|p1a: Skarmory|37/100
|-unboost|p2a: Lycanroc|def|1
|-unboost|p2a: Lycanroc|spd|1
|-damage|p2a: Lycanroc|52/100 par|[from] item: Rocky Helmet|[of] p1a: Skarmory
|-damage|p2a: Lycanroc|42/100 par|[from] item: Life Orb
|
|upkeep
|turn|41
|
|t:|1659763323
|move|p1a: Skarmory|Roost|p1a: Skarmory
|-heal|p1a: Skarmory|87/100
|-singleturn|p1a: Skarmory|move: Roost
|move|p2a: Lycanroc|Close Combat|p1a: Skarmory
|-supereffective|p1a: Skarmory
|-damage|p1a: Skarmory|0 fnt
|-unboost|p2a: Lycanroc|def|1
|-unboost|p2a: Lycanroc|spd|1
|-damage|p2a: Lycanroc|25/100 par|[from] item: Rocky Helmet|[of] p1a: Skarmory
|faint|p1a: Skarmory
|-damage|p2a: Lycanroc|15/100 par|[from] item: Life Orb
|
|upkeep
|
|t:|1659763326
|switch|p1a: Chansey|Chansey, F|60/100
|turn|42
|
|t:|1659763334
|move|p2a: Lycanroc|Close Combat|p1a: Chansey
|-supereffective|p1a: Chansey
|-damage|p1a: Chansey|0 fnt
|-unboost|p2a: Lycanroc|def|1
|-unboost|p2a: Lycanroc|spd|1
|faint|p1a: Chansey
|-damage|p2a: Lycanroc|5/100 par|[from] item: Life Orb
|
|win|Aceslade
|raw|Permission Slip's rating: 1435 &rarr; <strong>1409</strong><br />(-26 for losing)
|raw|Aceslade's rating: 1335 &rarr; <strong>1361</strong><br />(+26 for winning)
|l|☆Permission Slip
|l| Shelley_Swampert
