|j|☆NebbyGetInTheBag
|j|☆Joan20elhaxero
|t:|1596373324
|player|p1|NebbyGetInTheBag|lillie|1345
|player|p2|Joan20elhaxero|supernerd|1325
|teamsize|p1|6
|teamsize|p2|6
|gametype|singles
|gen|8
|tier|[Gen 8] UU
|rated|
|clearpoke
|poke|p1|Hatterene, F|
|poke|p1|Lycanroc-Dusk, F|
|poke|p1|Rotom-Mow|
|poke|p1|Tentacruel, M|
|poke|p1|Palossand, M|
|poke|p1|Incineroar, M|
|poke|p2|Terrakion|
|poke|p2|Cloyster, F|
|poke|p2|Copperajah, F|
|poke|p2|Golisopod, F|
|poke|p2|Celebi|
|poke|p2|Indeedee, M|
|rule|Sleep Clause Mod: Limit one foe put to sleep
|rule|Species Clause: Limit one of each Pokémon
|rule|OHKO Clause: OHKO moves are banned
|rule|Evasion Moves Clause: Evasion moves are banned
|rule|Endless Battle Clause: Forcing endless battles is banned
|rule|HP Percentage Mod: HP is shown in percentages
|rule|Dynamax Clause: You cannot dynamax
|teampreview
|inactive|Battle timer is ON: inactive players will automatically lose when time's up. (requested by NebbyGetInTheBag)
|
|t:|1596373356
|start
|switch|p1a: Rajan|Incineroar, M|100/100
|switch|p2a: Golisopod|Golisopod, F|100/100
|-ability|p1a: Rajan|Intimidate|boost
|-unboost|p2a: Golisopod|atk|1
|turn|1
|
|t:|1596373368
|move|p1a: Rajan|Will-O-Wisp|p2a: Golisopod
|-status|p2a: Golisopod|brn
|move|p2a: Golisopod|Liquidation|p1a: Rajan
|-supereffective|p1a: Rajan
|-damage|p1a: Rajan|67/100
|
|-damage|p2a: Golisopod|94/100 brn|[from] brn
|upkeep
|turn|2
|
|t:|1596373376
|move|p1a: Rajan|Parting Shot|p2a: Golisopod
|-unboost|p2a: Golisopod|atk|1
|-unboost|p2a: Golisopod|spa|1
|
|t:|1596373380
|switch|p1a: Sabrina|Hatterene, F|100/100|[from]move: Parting Shot
|move|p2a: Golisopod|Liquidation|p1a: Sabrina
|-damage|p1a: Sabrina|87/100
|-unboost|p1a: Sabrina|def|1
|
|-heal|p2a: Golisopod|100/100 brn|[from] item: Leftovers
|-damage|p2a: Golisopod|94/100 brn|[from] brn
|upkeep
|turn|3
|
|t:|1596373401
|switch|p2a: Copperajah|Copperajah, F|100/100
|switch|p1a: Rajan|Incineroar, M|67/100
|-ability|p1a: Rajan|Intimidate|boost
|-unboost|p2a: Copperajah|atk|1
|
|upkeep
|turn|4
|j| Fathiryxi
|
|t:|1596373412
|switch|p2a: Cloyster|Cloyster, F|100/100
|move|p1a: Rajan|Flare Blitz|p2a: Cloyster
|-damage|p2a: Cloyster|48/100
|-damage|p1a: Rajan|54/100|[from] Recoil
|
|upkeep
|turn|5
|l| Fathiryxi
|
|t:|1596373435
|switch|p1a: Taj Mahal|Palossand, M|100/100
|move|p2a: Cloyster|Rock Blast|p1a: Taj Mahal|[miss]
|-miss|p2a: Cloyster|p1a: Taj Mahal
|
|upkeep
|turn|6
|
|t:|1596373442
|switch|p1a: Big Kenny|Tentacruel, M|100/100
|move|p2a: Cloyster|Hydro Pump|p1a: Big Kenny
|-resisted|p1a: Big Kenny
|-damage|p1a: Big Kenny|91/100
|
|-heal|p1a: Big Kenny|97/100|[from] item: Black Sludge
|upkeep
|turn|7
|
|t:|1596373452
|switch|p2a: Copperajah|Copperajah, F|100/100
|move|p1a: Big Kenny|Sludge Bomb|p2a: Copperajah
|-immune|p2a: Copperajah
|
|-heal|p1a: Big Kenny|100/100|[from] item: Black Sludge
|upkeep
|turn|8
|
|t:|1596373463
|switch|p1a: Mantequilla|Rotom-Mow|100/100
|move|p2a: Copperajah|Heat Crash|p1a: Mantequilla
|-supereffective|p1a: Mantequilla
|-damage|p1a: Mantequilla|0 fnt
|faint|p1a: Mantequilla
|
|upkeep
|
|t:|1596373471
|switch|p1a: Taj Mahal|Palossand, M|100/100
|turn|9
|c|☆Joan20elhaxero|Sii
|
|t:|1596373488
|switch|p2a: Celebi|Celebi|100/100
|move|p1a: Taj Mahal|Stealth Rock|p2a: Celebi
|-sidestart|p2: Joan20elhaxero|move: Stealth Rock
|
|upkeep
|turn|10
|
|t:|1596373495
|switch|p1a: Sabrina|Hatterene, F|87/100
|move|p2a: Celebi|Earth Power|p1a: Sabrina
|-damage|p1a: Sabrina|69/100
|
|upkeep
|turn|11
|
|t:|1596373514
|switch|p2a: Terrakion|Terrakion|100/100
|-damage|p2a: Terrakion|94/100|[from] Stealth Rock
|move|p1a: Sabrina|Mystical Fire|p2a: Terrakion
|-resisted|p2a: Terrakion
|-damage|p2a: Terrakion|76/100
|-unboost|p2a: Terrakion|spa|1
|
|upkeep
|turn|12
|
|t:|1596373531
|switch|p1a: Taj Mahal|Palossand, M|100/100
|move|p2a: Terrakion|Swords Dance|p2a: Terrakion
|-boost|p2a: Terrakion|atk|2
|
|upkeep
|turn|13
|
|t:|1596373541
|switch|p2a: Celebi|Celebi|100/100
|-damage|p2a: Celebi|88/100|[from] Stealth Rock
|move|p1a: Taj Mahal|Scorching Sands|p2a: Celebi
|-resisted|p2a: Celebi
|-damage|p2a: Celebi|78/100
|-status|p2a: Celebi|brn
|
|-heal|p2a: Celebi|84/100 brn|[from] item: Leftovers
|-damage|p2a: Celebi|78/100 brn|[from] brn
|upkeep
|turn|14
|
|t:|1596373558
|move|p2a: Celebi|Giga Drain|p1a: Taj Mahal
|-supereffective|p1a: Taj Mahal
|-damage|p1a: Taj Mahal|21/100
|-heal|p2a: Celebi|100/100 brn|[from] drain|[of] p1a: Taj Mahal
|move|p1a: Taj Mahal|Shadow Ball|p2a: Celebi
|-supereffective|p2a: Celebi
|-damage|p2a: Celebi|50/100 brn
|-unboost|p2a: Celebi|spd|1
|
|-heal|p2a: Celebi|56/100 brn|[from] item: Leftovers
|-damage|p2a: Celebi|50/100 brn|[from] brn
|upkeep
|turn|15
|
|t:|1596373569
|switch|p1a: Sabrina|Hatterene, F|69/100
|move|p2a: Celebi|Giga Drain|p1a: Sabrina
|-damage|p1a: Sabrina|44/100
|-heal|p2a: Celebi|60/100 brn|[from] drain|[of] p1a: Sabrina
|
|-heal|p2a: Celebi|66/100 brn|[from] item: Leftovers
|-damage|p2a: Celebi|60/100 brn|[from] brn
|upkeep
|turn|16
|
|t:|1596373580
|move|p2a: Celebi|Giga Drain|p1a: Sabrina
|-damage|p1a: Sabrina|17/100
|-heal|p2a: Celebi|71/100 brn|[from] drain|[of] p1a: Sabrina
|move|p1a: Sabrina|Mystical Fire|p2a: Celebi
|-supereffective|p2a: Celebi
|-damage|p2a: Celebi|0 fnt
|faint|p2a: Celebi
|
|upkeep
|inactive|Joan20elhaxero has 120 seconds left.
|
|t:|1596373607
|switch|p2a: Terrakion|Terrakion|76/100
|-damage|p2a: Terrakion|70/100|[from] Stealth Rock
|turn|17
|
|t:|1596373616
|move|p2a: Terrakion|Earthquake|p1a: Sabrina
|-damage|p1a: Sabrina|0 fnt
|-damage|p2a: Terrakion|60/100|[from] item: Life Orb
|faint|p1a: Sabrina
|
|upkeep
|
|t:|1596373624
|switch|p1a: Furrybait|Lycanroc-Dusk, F|100/100
|turn|18
|
|t:|1596373629
|move|p1a: Furrybait|Close Combat|p2a: Terrakion
|-supereffective|p2a: Terrakion
|-damage|p2a: Terrakion|0 fnt
|-unboost|p1a: Furrybait|def|1
|-unboost|p1a: Furrybait|spd|1
|faint|p2a: Terrakion
|
|upkeep
|inactive|Joan20elhaxero has 120 seconds left.
|
|t:|1596373655
|switch|p2a: Golisopod|Golisopod, F|94/100 brn
|-damage|p2a: Golisopod|69/100 brn|[from] Stealth Rock
|turn|19
|
|t:|1596373662
|switch|p1a: Big Kenny|Tentacruel, M|100/100
|move|p2a: Golisopod|First Impression|p1a: Big Kenny
|-resisted|p1a: Big Kenny
|-damage|p1a: Big Kenny|84/100
|
|-heal|p1a: Big Kenny|90/100|[from] item: Black Sludge
|-heal|p2a: Golisopod|76/100 brn|[from] item: Leftovers
|-damage|p2a: Golisopod|69/100 brn|[from] brn
|upkeep
|turn|20
|
|t:|1596373675
|switch|p2a: Copperajah|Copperajah, F|100/100
|-damage|p2a: Copperajah|94/100|[from] Stealth Rock
|move|p1a: Big Kenny|Sludge Bomb|p2a: Copperajah
|-immune|p2a: Copperajah
|
|-heal|p1a: Big Kenny|96/100|[from] item: Black Sludge
|upkeep
|turn|21
|
|t:|1596373684
|move|p1a: Big Kenny|Scald|p2a: Copperajah
|-damage|p2a: Copperajah|79/100
|move|p2a: Copperajah|Earthquake|p1a: Big Kenny
|-supereffective|p1a: Big Kenny
|-damage|p1a: Big Kenny|0 fnt
|faint|p1a: Big Kenny
|
|upkeep
|
|t:|1596373692
|switch|p1a: Rajan|Incineroar, M|54/100
|-ability|p1a: Rajan|Intimidate|boost
|-unboost|p2a: Copperajah|atk|1
|turn|22
|
|t:|1596373700
|switch|p2a: Golisopod|Golisopod, F|69/100 brn
|-damage|p2a: Golisopod|45/100 brn|[from] Stealth Rock
|-activate|p2a: Golisopod|ability: Emergency Exit
|
|t:|1596373707
|switch|p2a: Cloyster|Cloyster, F|48/100
|move|p1a: Rajan|Flare Blitz|p2a: Cloyster
|-damage|p2a: Cloyster|0 fnt
|-damage|p1a: Rajan|42/100|[from] Recoil
|faint|p2a: Cloyster
|
|upkeep
|
|t:|1596373729
|switch|p2a: Indeedee|Indeedee, M|100/100
|-damage|p2a: Indeedee|88/100|[from] Stealth Rock
|-fieldstart|move: Psychic Terrain|[from] ability: Psychic Surge|[of] p2a: Indeedee
|turn|23
|
|t:|1596373740
|switch|p1a: Taj Mahal|Palossand, M|21/100
|move|p2a: Indeedee|Hyper Voice|p1a: Taj Mahal
|-immune|p1a: Taj Mahal
|
|upkeep
|turn|24
|
|t:|1596373748
|switch|p2a: Copperajah|Copperajah, F|79/100
|-damage|p2a: Copperajah|73/100|[from] Stealth Rock
|move|p1a: Taj Mahal|Shore Up|p1a: Taj Mahal
|-heal|p1a: Taj Mahal|71/100
|
|upkeep
|turn|25
|
|t:|1596373756
|move|p1a: Taj Mahal|Scorching Sands|p2a: Copperajah
|-supereffective|p2a: Copperajah
|-damage|p2a: Copperajah|40/100
|-status|p2a: Copperajah|brn
|move|p2a: Copperajah|Power Whip|p1a: Taj Mahal
|-supereffective|p1a: Taj Mahal
|-damage|p1a: Taj Mahal|45/100
|-damage|p2a: Copperajah|23/100 brn|[from] item: Rocky Helmet|[of] p1a: Taj Mahal
|
|-damage|p2a: Copperajah|17/100 brn|[from] brn
|upkeep
|turn|26
|
|t:|1596373766
|move|p1a: Taj Mahal|Shore Up|p1a: Taj Mahal
|-heal|p1a: Taj Mahal|95/100
|move|p2a: Copperajah|Power Whip|p1a: Taj Mahal
|-supereffective|p1a: Taj Mahal
|-damage|p1a: Taj Mahal|67/100
|-damage|p2a: Copperajah|1/100 brn|[from] item: Rocky Helmet|[of] p1a: Taj Mahal
|
|-damage|p2a: Copperajah|0 fnt|[from] brn
|faint|p2a: Copperajah
|upkeep
|
|t:|1596373774
|switch|p2a: Indeedee|Indeedee, M|88/100
|-damage|p2a: Indeedee|76/100|[from] Stealth Rock
|turn|27
|
|t:|1596373783
|move|p2a: Indeedee|Dazzling Gleam|p1a: Taj Mahal
|-damage|p1a: Taj Mahal|39/100
|move|p1a: Taj Mahal|Scorching Sands|p2a: Indeedee
|-damage|p2a: Indeedee|44/100
|-status|p2a: Indeedee|brn
|
|-damage|p2a: Indeedee|38/100 brn|[from] brn
|-fieldend|move: Psychic Terrain
|upkeep
|turn|28
|
|t:|1596373794
|switch|p2a: Golisopod|Golisopod, F|45/100 brn
|-damage|p2a: Golisopod|20/100 brn|[from] Stealth Rock
|move|p1a: Taj Mahal|Shore Up|p1a: Taj Mahal
|-heal|p1a: Taj Mahal|88/100
|
|-heal|p2a: Golisopod|26/100 brn|[from] item: Leftovers
|-damage|p2a: Golisopod|20/100 brn|[from] brn
|upkeep
|turn|29
|
|t:|1596373803
|move|p2a: Golisopod|Liquidation|p1a: Taj Mahal
|-supereffective|p1a: Taj Mahal
|-damage|p1a: Taj Mahal|59/100
|-unboost|p1a: Taj Mahal|def|1
|-damage|p2a: Golisopod|3/100 brn|[from] item: Rocky Helmet|[of] p1a: Taj Mahal
|move|p1a: Taj Mahal|Shore Up|p1a: Taj Mahal
|-heal|p1a: Taj Mahal|100/100
|
|-heal|p2a: Golisopod|9/100 brn|[from] item: Leftovers
|-damage|p2a: Golisopod|3/100 brn|[from] brn
|upkeep
|turn|30
|
|t:|1596373813
|move|p2a: Golisopod|Liquidation|p1a: Taj Mahal
|-supereffective|p1a: Taj Mahal
|-damage|p1a: Taj Mahal|58/100
|-damage|p2a: Golisopod|0 fnt|[from] item: Rocky Helmet|[of] p1a: Taj Mahal
|faint|p2a: Golisopod
|move|p1a: Taj Mahal|Shore Up|p1a: Taj Mahal
|-heal|p1a: Taj Mahal|100/100
|
|upkeep
|
|t:|1596373817
|switch|p2a: Indeedee|Indeedee, M|38/100 brn
|-damage|p2a: Indeedee|25/100 brn|[from] Stealth Rock
|-fieldstart|move: Psychic Terrain|[from] ability: Psychic Surge|[of] p2a: Indeedee
|turn|31
|
|t:|1596373824
|move|p2a: Indeedee|Expanding Force|p1a: Taj Mahal
|-damage|p1a: Taj Mahal|21/100
|move|p1a: Taj Mahal|Scorching Sands|p2a: Indeedee
|-damage|p2a: Indeedee|0 fnt
|faint|p2a: Indeedee
|
|win|NebbyGetInTheBag
|raw|NebbyGetInTheBag's rating: 1345 &rarr; <strong>1363</strong><br />(+18 for winning)
|raw|Joan20elhaxero's rating: 1325 &rarr; <strong>1306</strong><br />(-19 for losing)
|l|☆Joan20elhaxero
