|j|‽GyaraStyle
|j|☆Liz Angeles
|t:|1667136104
|gametype|singles
|player|p1|GyaraStyle|teamrocket|1528
|player|p2|Liz Angeles|marley|1681
|teamsize|p1|6
|teamsize|p2|6
|gen|8
|tier|[Gen 8] UU
|rated|
|rule|Sleep Clause Mod: Limit one foe put to sleep
|rule|Species Clause: Limit one of each Pokémon
|rule|OHKO Clause: OHKO moves are banned
|rule|Evasion Items Clause: Evasion items are banned
|rule|Evasion Moves Clause: Evasion moves are banned
|rule|Endless Battle Clause: Forcing endless battles is banned
|rule|HP Percentage Mod: HP is shown in percentages
|rule|Dynamax Clause: You cannot dynamax
|clearpoke
|poke|p1|Gyarados, M|
|poke|p1|Excadrill, F|
|poke|p1|Azumarill, M|
|poke|p1|Nihilego|
|poke|p1|Celesteela|
|poke|p1|Hydreigon, F|
|poke|p2|Nidoqueen, F|
|poke|p2|Mandibuzz, F|
|poke|p2|Scizor, F|
|poke|p2|Azelf|
|poke|p2|Noivern, F|
|poke|p2|Keldeo-Resolute|
|teampreview
|
|t:|1667136111
|start
|switch|p1a: Azumarill|Azumarill, M|100/100
|switch|p2a: Keldeo|Keldeo-Resolute|100/100
|turn|1
|inactive|Battle timer is ON: inactive players will automatically lose when time's up. (requested by Liz Angeles)
|
|t:|1667136118
|move|p2a: Keldeo|Surf|p1a: Azumarill
|-resisted|p1a: Azumarill
|-damage|p1a: Azumarill|58/100
|move|p1a: Azumarill|Play Rough|p2a: Keldeo
|-supereffective|p2a: Keldeo
|-damage|p2a: Keldeo|0 fnt
|faint|p2a: Keldeo
|
|upkeep
|
|t:|1667136139
|switch|p2a: Azelf|Azelf|100/100
|turn|2
|inactive|GyaraStyle has 120 seconds left.
|
|t:|1667136176
|move|p1a: Azumarill|Aqua Jet|p2a: Azelf
|-damage|p2a: Azelf|62/100
|move|p2a: Azelf|Psychic|p1a: Azumarill
|-damage|p1a: Azumarill|1/100
|-enditem|p1a: Azumarill|Sitrus Berry|[eat]
|-heal|p1a: Azumarill|26/100|[from] item: Sitrus Berry
|
|upkeep
|turn|3
|inactive|GyaraStyle has 120 seconds left.
|
|t:|1667136187
|move|p1a: Azumarill|Aqua Jet|p2a: Azelf
|-crit|p2a: Azelf
|-damage|p2a: Azelf|3/100
|move|p2a: Azelf|Psychic|p1a: Azumarill
|-damage|p1a: Azumarill|0 fnt
|faint|p1a: Azumarill
|
|upkeep
|inactive|GyaraStyle has 120 seconds left.
|
|t:|1667136207
|switch|p1a: Celesteela|Celesteela|100/100
|turn|4
|
|t:|1667136210
|move|p2a: Azelf|U-turn|p1a: Celesteela
|-resisted|p1a: Celesteela
|-damage|p1a: Celesteela|96/100
|
|t:|1667136213
|switch|p2a: Nidoqueen|Nidoqueen, F|100/100|[from]move: U-turn
|move|p1a: Celesteela|Autotomize|p1a: Celesteela
|-boost|p1a: Celesteela|spe|2
|-start|p1a: Celesteela|Autotomize
|
|upkeep
|turn|5
|
|t:|1667136224
|switch|p1a: Hydreigon|Hydreigon, F|100/100
|move|p2a: Nidoqueen|Fire Blast|p1a: Hydreigon|[miss]
|-miss|p2a: Nidoqueen|p1a: Hydreigon
|
|upkeep
|turn|6
|
|t:|1667136234
|switch|p2a: Mandibuzz|Mandibuzz, F|100/100
|move|p1a: Hydreigon|Dark Pulse|p2a: Mandibuzz
|-resisted|p2a: Mandibuzz
|-damage|p2a: Mandibuzz|77/100
|
|upkeep
|turn|7
|
|t:|1667136246
|switch|p1a: Excadrill|Excadrill, F|100/100
|-ability|p1a: Excadrill|Mold Breaker
|move|p2a: Mandibuzz|Roost|p2a: Mandibuzz
|-heal|p2a: Mandibuzz|100/100
|-singleturn|p2a: Mandibuzz|move: Roost
|
|upkeep
|turn|8
|
|t:|1667136256
|move|p1a: Excadrill|Stealth Rock|p2a: Mandibuzz
|-sidestart|p2: Liz Angeles|move: Stealth Rock
|move|p2a: Mandibuzz|U-turn|p1a: Excadrill
|-resisted|p1a: Excadrill
|-damage|p1a: Excadrill|94/100
|
|t:|1667136259
|switch|p2a: Noivern|Noivern, F|100/100|[from]move: U-turn
|-item|p1a: Excadrill|Focus Sash|[from] ability: Frisk|[of] p2a: Noivern|[identify]
|
|upkeep
|turn|9
|
|t:|1667136264
|move|p2a: Noivern|Flamethrower|p1a: Excadrill
|-supereffective|p1a: Excadrill
|-damage|p1a: Excadrill|19/100
|move|p1a: Excadrill|Rock Tomb|p2a: Noivern
|-supereffective|p2a: Noivern
|-damage|p2a: Noivern|45/100
|-unboost|p2a: Noivern|spe|1
|
|upkeep
|turn|10
|
|t:|1667136275
|move|p1a: Excadrill|Rock Tomb|p2a: Noivern
|-supereffective|p2a: Noivern
|-damage|p2a: Noivern|0 fnt
|faint|p2a: Noivern
|
|upkeep
|
|t:|1667136277
|switch|p2a: Azelf|Azelf|3/100
|turn|11
|inactive|GyaraStyle has 120 seconds left.
|
|t:|1667136311
|move|p2a: Azelf|Flamethrower|p1a: Excadrill
|-supereffective|p1a: Excadrill
|-damage|p1a: Excadrill|0 fnt
|faint|p1a: Excadrill
|
|upkeep
|inactive|GyaraStyle has 120 seconds left.
|
|t:|1667136327
|switch|p1a: Nihilego|Nihilego|100/100
|turn|12
|
|t:|1667136341
|move|p2a: Azelf|Psychic|p1a: Nihilego
|-supereffective|p1a: Nihilego
|-damage|p1a: Nihilego|34/100
|move|p1a: Nihilego|Grass Knot|p2a: Azelf
|-damage|p2a: Azelf|0 fnt
|faint|p2a: Azelf
|-ability|p1a: Nihilego|Beast Boost|boost
|-boost|p1a: Nihilego|spe|1
|
|upkeep
|
|t:|1667136348
|switch|p2a: Scizor|Scizor, F|100/100
|turn|13
|
|t:|1667136350
|move|p2a: Scizor|Bullet Punch|p1a: Nihilego
|-supereffective|p1a: Nihilego
|-damage|p1a: Nihilego|0 fnt
|faint|p1a: Nihilego
|
|upkeep
|
|t:|1667136355
|switch|p1a: Celesteela|Celesteela|96/100
|turn|14
|
|t:|1667136360
|move|p1a: Celesteela|Meteor Beam||[still]
|-prepare|p1a: Celesteela|Meteor Beam
|-boost|p1a: Celesteela|spa|1
|-enditem|p1a: Celesteela|Power Herb
|-anim|p1a: Celesteela|Meteor Beam|p2a: Scizor
|-damage|p2a: Scizor|26/100
|move|p2a: Scizor|U-turn|p1a: Celesteela
|-resisted|p1a: Celesteela
|-damage|p1a: Celesteela|88/100
|
|t:|1667136362
|switch|p2a: Nidoqueen|Nidoqueen, F|100/100|[from]move: U-turn
|-damage|p2a: Nidoqueen|94/100|[from] Stealth Rock
|
|upkeep
|turn|15
|
|t:|1667136381
|switch|p1a: Hydreigon|Hydreigon, F|100/100
|move|p2a: Nidoqueen|Fire Blast|p1a: Hydreigon|[miss]
|-miss|p2a: Nidoqueen|p1a: Hydreigon
|
|upkeep
|turn|16
|
|t:|1667136391
|switch|p2a: Mandibuzz|Mandibuzz, F|100/100
|move|p1a: Hydreigon|Draco Meteor|p2a: Mandibuzz
|-damage|p2a: Mandibuzz|13/100
|-unboost|p1a: Hydreigon|spa|2
|
|upkeep
|turn|17
|
|t:|1667136412
|move|p1a: Hydreigon|Draco Meteor|p2a: Mandibuzz
|-damage|p2a: Mandibuzz|0 fnt
|-unboost|p1a: Hydreigon|spa|2
|faint|p2a: Mandibuzz
|
|upkeep
|
|t:|1667136416
|switch|p2a: Scizor|Scizor, F|26/100
|turn|18
|
|t:|1667136419
|move|p1a: Hydreigon|Draco Meteor|p2a: Scizor
|-resisted|p2a: Scizor
|-damage|p2a: Scizor|7/100
|-unboost|p1a: Hydreigon|spa|2
|move|p2a: Scizor|Roost|p2a: Scizor
|-heal|p2a: Scizor|57/100
|-singleturn|p2a: Scizor|move: Roost
|
|upkeep
|turn|19
|
|t:|1667136428
|switch|p1a: Celesteela|Celesteela|88/100
|move|p2a: Scizor|U-turn|p1a: Celesteela
|-resisted|p1a: Celesteela
|-damage|p1a: Celesteela|80/100
|
|t:|1667136430
|switch|p2a: Nidoqueen|Nidoqueen, F|94/100|[from]move: U-turn
|-damage|p2a: Nidoqueen|88/100|[from] Stealth Rock
|
|upkeep
|turn|20
|
|t:|1667136438
|switch|p1a: Hydreigon|Hydreigon, F|100/100
|move|p2a: Nidoqueen|Sludge Wave|p1a: Hydreigon
|-damage|p1a: Hydreigon|32/100
|
|upkeep
|turn|21
|
|t:|1667136445
|switch|p2a: Scizor|Scizor, F|57/100
|move|p1a: Hydreigon|Draco Meteor|p2a: Scizor
|-resisted|p2a: Scizor
|-damage|p2a: Scizor|0 fnt
|-unboost|p1a: Hydreigon|spa|2
|faint|p2a: Scizor
|
|upkeep
|
|t:|1667136475
|switch|p2a: Nidoqueen|Nidoqueen, F|88/100
|-damage|p2a: Nidoqueen|82/100|[from] Stealth Rock
|turn|22
|
|t:|1667136479
|switch|p1a: Celesteela|Celesteela|80/100
|move|p2a: Nidoqueen|Stealth Rock|p1a: Celesteela
|-sidestart|p1: GyaraStyle|move: Stealth Rock
|
|upkeep
|turn|23
|
|t:|1667136488
|move|p2a: Nidoqueen|Fire Blast|p1a: Celesteela
|-supereffective|p1a: Celesteela
|-damage|p1a: Celesteela|0 fnt
|faint|p1a: Celesteela
|
|upkeep
|
|t:|1667136499
|switch|p1a: Hydreigon|Hydreigon, F|32/100
|-damage|p1a: Hydreigon|19/100|[from] Stealth Rock
|turn|24
|
|t:|1667136503
|move|p1a: Hydreigon|Draco Meteor|p2a: Nidoqueen
|-damage|p2a: Nidoqueen|0 fnt
|-unboost|p1a: Hydreigon|spa|2
|faint|p2a: Nidoqueen
|
|win|GyaraStyle
|raw|GyaraStyle's rating: 1528 &rarr; <strong>1556</strong><br />(+28 for winning)
|raw|Liz Angeles's rating: 1681 &rarr; <strong>1653</strong><br />(-28 for losing)
|l|☆Liz Angeles
||Ladder isn't responding, score probably updated but might not have (Request timeout).
