|j|☆Trogba Trogba
|j|☆SaNsKrItI
|inactive|Battle timer is ON: inactive players will automatically lose when time's up.
|t:|1666515273
|gametype|singles
|player|p1|Trogba Trogba|lance|
|player|p2|SaNsKrItI|jasmine|
|teamsize|p1|6
|teamsize|p2|6
|gen|8
|tier|[Gen 8] UU
|rated|Tournament battle
|rule|Sleep Clause Mod: Limit one foe put to sleep
|rule|Species Clause: Limit one of each Pokémon
|rule|OHKO Clause: OHKO moves are banned
|rule|Evasion Items Clause: Evasion items are banned
|rule|Evasion Moves Clause: Evasion moves are banned
|rule|Endless Battle Clause: Forcing endless battles is banned
|rule|HP Percentage Mod: HP is shown in percentages
|rule|Dynamax Clause: You cannot dynamax
|clearpoke
|poke|p1|Marowak-Alola, F|
|poke|p1|Porygon2|
|poke|p1|Hatterene, F|
|poke|p1|Stakataka|
|poke|p1|Reuniclus, M|
|poke|p1|Crawdaunt, M|
|poke|p2|Crobat, F|
|poke|p2|Reuniclus, F|
|poke|p2|Raikou|
|poke|p2|Hippowdon, F|
|poke|p2|Cobalion|
|poke|p2|Primarina, M|
|teampreview
|j|*Lady Monita ☽
|
|t:|1666515296
|start
|switch|p1a: Hatterene|Hatterene, F|100/100
|switch|p2a: Primarina|Primarina, M|100/100
|turn|1
|
|t:|1666515301
|move|p2a: Primarina|Moonblast|p1a: Hatterene
|-damage|p1a: Hatterene|59/100
|-unboost|p1a: Hatterene|spa|1
|move|p1a: Hatterene|Trick Room|p1a: Hatterene
|-fieldstart|move: Trick Room|[of] p1a: Hatterene
|
|upkeep
|turn|2
|
|t:|1666515313
|switch|p2a: Hippowdon|Hippowdon, F|100/100
|-weather|Sandstorm|[from] ability: Sand Stream|[of] p2a: Hippowdon
|move|p1a: Hatterene|Giga Drain|p2a: Hippowdon
|-supereffective|p2a: Hippowdon
|-damage|p2a: Hippowdon|58/100
|-heal|p1a: Hatterene|87/100|[from] drain|[of] p2a: Hippowdon
|-damage|p1a: Hatterene|77/100|[from] item: Life Orb
|
|-weather|Sandstorm|[upkeep]
|-damage|p1a: Hatterene|71/100|[from] Sandstorm
|upkeep
|turn|3
|inactive|Trogba Trogba has 120 seconds left.
|
|t:|1666515351
|switch|p1a: Crawdaunt|Crawdaunt, M|100/100
|move|p2a: Hippowdon|Slack Off|p2a: Hippowdon
|-heal|p2a: Hippowdon|100/100
|
|-weather|Sandstorm|[upkeep]
|-damage|p1a: Crawdaunt|94/100|[from] Sandstorm
|upkeep
|turn|4
|inactive|Trogba Trogba has 120 seconds left.
|
|t:|1666515361
|move|p1a: Crawdaunt|Crabhammer|p2a: Hippowdon|[miss]
|-miss|p1a: Crawdaunt|p2a: Hippowdon
|move|p2a: Hippowdon|Stealth Rock|p1a: Crawdaunt
|-sidestart|p1: Trogba Trogba|move: Stealth Rock
|
|-weather|Sandstorm|[upkeep]
|-damage|p1a: Crawdaunt|88/100|[from] Sandstorm
|upkeep
|turn|5
|inactive|Trogba Trogba has 120 seconds left.
|
|t:|1666515389
|switch|p2a: Primarina|Primarina, M|100/100
|move|p1a: Crawdaunt|Crabhammer|p2a: Primarina
|-resisted|p2a: Primarina
|-damage|p2a: Primarina|58/100
|-damage|p1a: Crawdaunt|78/100|[from] item: Life Orb
|
|-weather|Sandstorm|[upkeep]
|-damage|p1a: Crawdaunt|72/100|[from] Sandstorm
|-damage|p2a: Primarina|52/100|[from] Sandstorm
|-heal|p2a: Primarina|58/100|[from] item: Leftovers
|-fieldend|move: Trick Room
|upkeep
|turn|6
|c|☆Trogba Trogba|this game
|c|☆Trogba Trogba|it hates me
|c|☆Trogba Trogba|and now you have rocks up which is an enourmous deal
|inactive|SaNsKrItI has 120 seconds left.
|
|t:|1666515423
|switch|p1a: Porygon2|Porygon2|100/100
|-damage|p1a: Porygon2|88/100|[from] Stealth Rock
|-ability|p1a: Porygon2|Torrent|[from] ability: Trace|[of] p2a: Primarina
|move|p2a: Primarina|Moonblast|p1a: Porygon2
|-damage|p1a: Porygon2|68/100
|-unboost|p1a: Porygon2|spa|1
|
|-weather|none
|-heal|p2a: Primarina|64/100|[from] item: Leftovers
|upkeep
|turn|7
|inactive|Trogba Trogba has 120 seconds left.
|inactive|SaNsKrItI has 120 seconds left.
|inactive|Trogba Trogba has 90 seconds left.
|
|t:|1666515465
|move|p2a: Primarina|Calm Mind|p2a: Primarina
|-boost|p2a: Primarina|spa|1
|-boost|p2a: Primarina|spd|1
|move|p1a: Porygon2|Trick Room|p1a: Porygon2
|-fieldstart|move: Trick Room|[of] p1a: Porygon2
|
|-heal|p2a: Primarina|70/100|[from] item: Leftovers
|upkeep
|turn|8
|inactive|Trogba Trogba has 90 seconds left.
|inactive|SaNsKrItI has 120 seconds left.
|
|t:|1666515481
|move|p1a: Porygon2|Thunderbolt|p2a: Primarina
|-supereffective|p2a: Primarina
|-damage|p2a: Primarina|52/100
|move|p2a: Primarina|Moonblast|p1a: Porygon2
|-damage|p1a: Porygon2|36/100
|
|-heal|p2a: Primarina|58/100|[from] item: Leftovers
|upkeep
|turn|9
|
|t:|1666515485
|move|p2a: Primarina|Moonblast|p1a: Porygon2
|-damage|p1a: Porygon2|6/100
|move|p1a: Porygon2|Teleport|p1a: Porygon2
|inactive|Trogba Trogba has 90 seconds left.
|
|t:|1666515499
|switch|p1a: Marowak|Marowak-Alola, F|100/100|[from]move: Teleport
|-damage|p1a: Marowak|75/100|[from] Stealth Rock
|
|-heal|p2a: Primarina|65/100|[from] item: Leftovers
|upkeep
|turn|10
|
|t:|1666515508
|switch|p2a: Raikou|Raikou|100/100
|move|p1a: Marowak|Poltergeist|p2a: Raikou
|-activate|p2a: Raikou|move: Poltergeist|Heavy-Duty Boots
|-damage|p2a: Raikou|0 fnt
|faint|p2a: Raikou
|
|upkeep
|
|t:|1666515515
|switch|p2a: Hippowdon|Hippowdon, F|100/100
|-weather|Sandstorm|[from] ability: Sand Stream|[of] p2a: Hippowdon
|turn|11
|
|t:|1666515523
|switch|p1a: Hatterene|Hatterene, F|71/100
|-damage|p1a: Hatterene|59/100|[from] Stealth Rock
|move|p2a: Hippowdon|Earthquake|p1a: Hatterene
|-damage|p1a: Hatterene|18/100
|
|-weather|Sandstorm|[upkeep]
|-damage|p1a: Hatterene|12/100|[from] Sandstorm
|-fieldend|move: Trick Room
|upkeep
|turn|12
|
|t:|1666515530
|move|p2a: Hippowdon|Earthquake|p1a: Hatterene
|-damage|p1a: Hatterene|0 fnt
|faint|p1a: Hatterene
|
|-weather|Sandstorm|[upkeep]
|upkeep
|
|t:|1666515541
|switch|p1a: Crawdaunt|Crawdaunt, M|72/100
|-damage|p1a: Crawdaunt|60/100|[from] Stealth Rock
|turn|13
|
|t:|1666515546
|switch|p2a: Primarina|Primarina, M|65/100
|move|p1a: Crawdaunt|Crabhammer|p2a: Primarina|[miss]
|-miss|p1a: Crawdaunt|p2a: Primarina
|
|-weather|Sandstorm|[upkeep]
|-damage|p2a: Primarina|58/100|[from] Sandstorm
|-damage|p1a: Crawdaunt|54/100|[from] Sandstorm
|-heal|p2a: Primarina|65/100|[from] item: Leftovers
|upkeep
|turn|14
|c|☆Trogba Trogba|this game
|
|t:|1666515555
|switch|p1a: Porygon2|Porygon2|6/100
|-damage|p1a: Porygon2|0 fnt|[from] Stealth Rock
|faint|p1a: Porygon2
|move|p2a: Primarina|Moonblast|p1: Porygon2|[notarget]
|-fail|p2a: Primarina
|
|-weather|Sandstorm|[upkeep]
|-damage|p2a: Primarina|58/100|[from] Sandstorm
|-heal|p2a: Primarina|65/100|[from] item: Leftovers
|upkeep
|
|t:|1666515562
|switch|p1a: Reuniclus|Reuniclus, M|100/100
|turn|15
|
|t:|1666515566
|move|p2a: Primarina|Calm Mind|p2a: Primarina
|-boost|p2a: Primarina|spa|1
|-boost|p2a: Primarina|spd|1
|move|p1a: Reuniclus|Calm Mind|p1a: Reuniclus
|-boost|p1a: Reuniclus|spa|1
|-boost|p1a: Reuniclus|spd|1
|
|-weather|none
|-heal|p2a: Primarina|71/100|[from] item: Leftovers
|upkeep
|turn|16
|
|t:|1666515576
|switch|p2a: Reuniclus|Reuniclus, F|100/100
|move|p1a: Reuniclus|Calm Mind|p1a: Reuniclus
|-boost|p1a: Reuniclus|spa|1
|-boost|p1a: Reuniclus|spd|1
|
|upkeep
|turn|17
|
|t:|1666515604
|switch|p1a: Crawdaunt|Crawdaunt, M|54/100
|-damage|p1a: Crawdaunt|41/100|[from] Stealth Rock
|move|p2a: Reuniclus|Calm Mind|p2a: Reuniclus
|-boost|p2a: Reuniclus|spa|1
|-boost|p2a: Reuniclus|spd|1
|
|upkeep
|turn|18
|
|t:|1666515614
|switch|p2a: Primarina|Primarina, M|71/100
|move|p1a: Crawdaunt|Knock Off|p2a: Primarina
|-resisted|p2a: Primarina
|-damage|p2a: Primarina|32/100
|-enditem|p2a: Primarina|Leftovers|[from] move: Knock Off|[of] p1a: Crawdaunt
|-damage|p1a: Crawdaunt|31/100|[from] item: Life Orb
|
|upkeep
|turn|19
|inactive|Trogba Trogba has 120 seconds left.
|
|t:|1666515643
|switch|p1a: Reuniclus|Reuniclus, M|100/100
|move|p2a: Primarina|Moonblast|p1a: Reuniclus
|-damage|p1a: Reuniclus|66/100
|
|upkeep
|turn|20
|inactive|SaNsKrItI has 120 seconds left.
|inactive|SaNsKrItI has 90 seconds left.
|
|t:|1666515716
|switch|p2a: Crobat|Crobat, F|100/100
|move|p1a: Reuniclus|Recover|p1a: Reuniclus
|-heal|p1a: Reuniclus|100/100
|
|upkeep
|turn|21
|
|t:|1666515723
|move|p2a: Crobat|U-turn|p1a: Reuniclus
|-supereffective|p1a: Reuniclus
|-damage|p1a: Reuniclus|75/100
|
|t:|1666515727
|switch|p2a: Reuniclus|Reuniclus, F|100/100|[from]move: U-turn
|move|p1a: Reuniclus|Psychic|p2a: Reuniclus
|-resisted|p2a: Reuniclus
|-damage|p2a: Reuniclus|79/100
|
|upkeep
|turn|22
|
|t:|1666515738
|switch|p1a: Stakataka|Stakataka|100/100
|-damage|p1a: Stakataka|94/100|[from] Stealth Rock
|move|p2a: Reuniclus|Trick|p1a: Stakataka
|-activate|p2a: Reuniclus|move: Trick|[of] p1a: Stakataka
|-item|p1a: Stakataka|Sticky Barb|[from] move: Trick
|-item|p2a: Reuniclus|Life Orb|[from] move: Trick
|
|-damage|p1a: Stakataka|82/100|[from] item: Sticky Barb
|upkeep
|turn|23
|
|t:|1666515763
|switch|p2a: Hippowdon|Hippowdon, F|100/100
|-weather|Sandstorm|[from] ability: Sand Stream|[of] p2a: Hippowdon
|move|p1a: Stakataka|Trick Room|p1a: Stakataka
|-fieldstart|move: Trick Room|[of] p1a: Stakataka
|
|-weather|Sandstorm|[upkeep]
|-damage|p1a: Stakataka|70/100|[from] item: Sticky Barb
|upkeep
|turn|24
|c|☆Trogba Trogba|this game would be over
|c|☆Trogba Trogba|if I just hit 2 crabs
|c|☆Trogba Trogba|hippo would be dead
|c|☆Trogba Trogba|you wouldn't have rocks
|c|☆Trogba Trogba|prima would be dead
|c|☆SaNsKrItI|ok you win
|c|☆SaNsKrItI|please stop crying
|c|☆SaNsKrItI|my God
|inactive|Trogba Trogba has 120 seconds left.
|inactive|SaNsKrItI has 90 seconds left.
|c|☆SaNsKrItI|take the win man
|c|☆Trogba Trogba|except I lose
|-message|SaNsKrItI forfeited.
|
|win|Trogba Trogba
|n|☆Trogba Trogba|trogbatrogba
|n|☆SaNsKrItI|sanskriti
|n|*Lady Monita ☽|ladymonita
|l|*Lady Monita ☽
|l|☆Trogba Trogba
