|j|☆Koemii
|j|☆CynthiaBlueheart
|t:|1664474739
|gametype|singles
|player|p1|Koemii|101|1312
|player|p2|CynthiaBlueheart|clair|1358
|teamsize|p1|6
|teamsize|p2|6
|gen|8
|tier|[Gen 8] UU
|rated|
|rule|Sleep Clause Mod: Limit one foe put to sleep
|rule|Species Clause: Limit one of each Pokémon
|rule|OHKO Clause: OHKO moves are banned
|rule|Evasion Items Clause: Evasion items are banned
|rule|Evasion Moves Clause: Evasion moves are banned
|rule|Endless Battle Clause: Forcing endless battles is banned
|rule|HP Percentage Mod: HP is shown in percentages
|rule|Dynamax Clause: You cannot dynamax
|clearpoke
|poke|p1|Scizor, F|
|poke|p1|Chansey, F|
|poke|p1|Skarmory, M|
|poke|p1|Quagsire, F|
|poke|p1|Umbreon, M|
|poke|p1|Slowking, F|
|poke|p2|Amoonguss, M|
|poke|p2|Slowking, F|
|poke|p2|Tangrowth, M|
|poke|p2|Excadrill, M|
|poke|p2|Skarmory, F|
|poke|p2|Scizor, F|
|teampreview
|inactive|Battle timer is ON: inactive players will automatically lose when time's up. (requested by CynthiaBlueheart)
|
|t:|1664474757
|start
|switch|p1a: Scizor|Scizor, F|100/100
|switch|p2a: Tangrowth|Tangrowth, M|100/100
|turn|1
|j| jackals with hats
|
|t:|1664474764
|move|p1a: Scizor|Knock Off|p2a: Tangrowth
|-damage|p2a: Tangrowth|83/100
|-damage|p1a: Scizor|84/100|[from] item: Rocky Helmet|[of] p2a: Tangrowth
|-enditem|p2a: Tangrowth|Rocky Helmet|[from] move: Knock Off|[of] p1a: Scizor
|move|p2a: Tangrowth|Knock Off|p1a: Scizor
|-damage|p1a: Scizor|63/100
|-enditem|p1a: Scizor|Leftovers|[from] move: Knock Off|[of] p2a: Tangrowth
|
|upkeep
|turn|2
|
|t:|1664474772
|move|p1a: Scizor|Roost|p1a: Scizor
|-heal|p1a: Scizor|100/100
|-singleturn|p1a: Scizor|move: Roost
|move|p2a: Tangrowth|Knock Off|p1a: Scizor
|-damage|p1a: Scizor|87/100
|
|upkeep
|turn|3
|
|t:|1664474777
|move|p1a: Scizor|Knock Off|p2a: Tangrowth
|-damage|p2a: Tangrowth|72/100
|move|p2a: Tangrowth|Leech Seed|p1a: Scizor|[miss]
|-miss|p2a: Tangrowth|p1a: Scizor
|
|upkeep
|turn|4
|
|t:|1664474784
|move|p1a: Scizor|Bullet Punch|p2a: Tangrowth
|-damage|p2a: Tangrowth|57/100
|move|p2a: Tangrowth|Knock Off|p1a: Scizor
|-damage|p1a: Scizor|73/100
|
|upkeep
|turn|5
|
|t:|1664474791
|move|p1a: Scizor|Bullet Punch|p2a: Tangrowth
|-damage|p2a: Tangrowth|41/100
|move|p2a: Tangrowth|Synthesis|p2a: Tangrowth
|-heal|p2a: Tangrowth|91/100
|
|upkeep
|turn|6
|
|t:|1664474796
|move|p1a: Scizor|Roost|p1a: Scizor
|-heal|p1a: Scizor|100/100
|-singleturn|p1a: Scizor|move: Roost
|move|p2a: Tangrowth|Leech Seed|p1a: Scizor
|-start|p1a: Scizor|move: Leech Seed
|
|-damage|p1a: Scizor|88/100|[from] Leech Seed|[of] p2a: Tangrowth
|-heal|p2a: Tangrowth|100/100|[silent]
|upkeep
|turn|7
|
|t:|1664474802
|switch|p1a: Slowking|Slowking, F|100/100
|move|p2a: Tangrowth|Knock Off|p1a: Slowking
|-supereffective|p1a: Slowking
|-enditem|p1a: Slowking|Colbur Berry|[eat]
|-enditem|p1a: Slowking|Colbur Berry|[weaken]
|-damage|p1a: Slowking|84/100
|
|upkeep
|turn|8
|
|t:|1664474809
|move|p2a: Tangrowth|Giga Drain|p1a: Slowking
|-supereffective|p1a: Slowking
|-damage|p1a: Slowking|37/100
|move|p1a: Slowking|Scald|p2a: Tangrowth
|-resisted|p2a: Tangrowth
|-damage|p2a: Tangrowth|79/100
|
|upkeep
|turn|9
|
|t:|1664474817
|switch|p1a: Skarmory|Skarmory, M|100/100
|move|p2a: Tangrowth|Knock Off|p1a: Skarmory
|-damage|p1a: Skarmory|86/100
|-damage|p2a: Tangrowth|62/100|[from] item: Rocky Helmet|[of] p1a: Skarmory
|-enditem|p1a: Skarmory|Rocky Helmet|[from] move: Knock Off|[of] p2a: Tangrowth
|
|upkeep
|turn|10
|
|t:|1664474826
|switch|p2a: Excadrill|Excadrill, M|100/100
|-ability|p2a: Excadrill|Mold Breaker
|move|p1a: Skarmory|Iron Defense|p1a: Skarmory
|-boost|p1a: Skarmory|def|2
|
|upkeep
|turn|11
|
|t:|1664474832
|switch|p2a: Slowking|Slowking, F|100/100
|move|p1a: Skarmory|Body Press|p2a: Slowking
|-resisted|p2a: Slowking
|-damage|p2a: Slowking|67/100
|
|-heal|p2a: Slowking|73/100|[from] item: Leftovers
|upkeep
|turn|12
|
|t:|1664474840
|switch|p1a: Chansey|Chansey, F|100/100
|move|p2a: Slowking|Scald|p1a: Chansey
|-damage|p1a: Chansey|92/100
|
|-heal|p2a: Slowking|79/100|[from] item: Leftovers
|upkeep
|turn|13
|
|t:|1664474848
|switch|p2a: Skarmory|Skarmory, F|100/100
|move|p1a: Chansey|Stealth Rock|p2a: Skarmory
|-sidestart|p2: CynthiaBlueheart|move: Stealth Rock
|
|upkeep
|turn|14
|
|t:|1664474853
|move|p2a: Skarmory|Spikes|p1a: Chansey
|-sidestart|p1: Koemii|Spikes
|move|p1a: Chansey|Seismic Toss|p2a: Skarmory
|-damage|p2a: Skarmory|71/100
|
|-heal|p2a: Skarmory|77/100|[from] item: Leftovers
|upkeep
|turn|15
|
|t:|1664474860
|switch|p1a: Scizor|Scizor, F|88/100
|-damage|p1a: Scizor|75/100|[from] Spikes
|move|p2a: Skarmory|Spikes|p1a: Scizor
|-sidestart|p1: Koemii|Spikes
|
|-heal|p2a: Skarmory|83/100|[from] item: Leftovers
|upkeep
|turn|16
|
|t:|1664474867
|move|p2a: Skarmory|Spikes|p1a: Scizor
|-sidestart|p1: Koemii|Spikes
|move|p1a: Scizor|Defog|p2a: Skarmory
|-unboost|p2a: Skarmory|evasion|1
|-sideend|p2: CynthiaBlueheart|Stealth Rock|[from] move: Defog|[of] p1a: Scizor
|-sideend|p1: Koemii|Spikes|[from] move: Defog|[of] p1a: Scizor
|
|-heal|p2a: Skarmory|89/100|[from] item: Leftovers
|upkeep
|turn|17
|
|t:|1664474874
|move|p1a: Scizor|Bullet Punch|p2a: Skarmory
|-resisted|p2a: Skarmory
|-damage|p2a: Skarmory|81/100
|move|p2a: Skarmory|Body Press|p1a: Scizor
|-damage|p1a: Scizor|44/100
|
|-heal|p2a: Skarmory|87/100|[from] item: Leftovers
|upkeep
|turn|18
|
|t:|1664474880
|move|p2a: Skarmory|Body Press|p1a: Scizor
|-damage|p1a: Scizor|12/100
|move|p1a: Scizor|Roost|p1a: Scizor
|-heal|p1a: Scizor|62/100
|-singleturn|p1a: Scizor|move: Roost
|
|-heal|p2a: Skarmory|93/100|[from] item: Leftovers
|upkeep
|turn|19
|
|t:|1664474887
|move|p2a: Skarmory|Spikes|p1a: Scizor
|-sidestart|p1: Koemii|Spikes
|move|p1a: Scizor|Roost|p1a: Scizor
|-heal|p1a: Scizor|100/100
|-singleturn|p1a: Scizor|move: Roost
|
|-heal|p2a: Skarmory|99/100|[from] item: Leftovers
|upkeep
|turn|20
|
|t:|1664474893
|move|p2a: Skarmory|Body Press|p1a: Scizor
|-damage|p1a: Scizor|70/100
|move|p1a: Scizor|Knock Off|p2a: Skarmory
|-damage|p2a: Skarmory|81/100
|-enditem|p2a: Skarmory|Leftovers|[from] move: Knock Off|[of] p1a: Scizor
|
|upkeep
|turn|21
|
|t:|1664474899
|move|p2a: Skarmory|Body Press|p1a: Scizor
|-damage|p1a: Scizor|39/100
|move|p1a: Scizor|Defog|p2a: Skarmory
|-unboost|p2a: Skarmory|evasion|1
|-sideend|p1: Koemii|Spikes|[from] move: Defog|[of] p1a: Scizor
|
|upkeep
|turn|22
|
|t:|1664474906
|move|p2a: Skarmory|Spikes|p1a: Scizor
|-sidestart|p1: Koemii|Spikes
|move|p1a: Scizor|Roost|p1a: Scizor
|-heal|p1a: Scizor|89/100
|-singleturn|p1a: Scizor|move: Roost
|
|upkeep
|turn|23
|
|t:|1664474911
|move|p2a: Skarmory|Body Press|p1a: Scizor
|-damage|p1a: Scizor|59/100
|move|p1a: Scizor|Defog|p2a: Skarmory
|-unboost|p2a: Skarmory|evasion|1
|-sideend|p1: Koemii|Spikes|[from] move: Defog|[of] p1a: Scizor
|
|upkeep
|turn|24
|
|t:|1664474917
|move|p1a: Scizor|Bullet Punch|p2a: Skarmory
|-resisted|p2a: Skarmory
|-damage|p2a: Skarmory|74/100
|move|p2a: Skarmory|Spikes|p1a: Scizor
|-sidestart|p1: Koemii|Spikes
|
|upkeep
|turn|25
|
|t:|1664474921
|move|p2a: Skarmory|Body Press|p1a: Scizor
|-damage|p1a: Scizor|30/100
|move|p1a: Scizor|Defog|p2a: Skarmory
|-unboost|p2a: Skarmory|evasion|1
|-sideend|p1: Koemii|Spikes|[from] move: Defog|[of] p1a: Scizor
|
|upkeep
|turn|26
|
|t:|1664474927
|move|p2a: Skarmory|Body Press|p1a: Scizor
|-crit|p1a: Scizor
|-damage|p1a: Scizor|0 fnt
|faint|p1a: Scizor
|
|upkeep
|
|t:|1664474934
|switch|p1a: Slowking|Slowking, F|70/100
|turn|27
|
|t:|1664474940
|switch|p2a: Amoonguss|Amoonguss, M|100/100
|move|p1a: Slowking|Scald|p2a: Amoonguss
|-resisted|p2a: Amoonguss
|-damage|p2a: Amoonguss|92/100
|-status|p2a: Amoonguss|brn
|
|-heal|p2a: Amoonguss|98/100 brn|[from] item: Black Sludge
|-damage|p2a: Amoonguss|92/100 brn|[from] brn
|upkeep
|turn|28
|
|t:|1664474951
|switch|p1a: Chansey|Chansey, F|92/100
|move|p2a: Amoonguss|Toxic|p1a: Chansey
|-status|p1a: Chansey|tox
|
|-heal|p2a: Amoonguss|98/100 brn|[from] item: Black Sludge
|-damage|p1a: Chansey|85/100 tox|[from] psn
|-damage|p2a: Amoonguss|92/100 brn|[from] brn
|upkeep
|turn|29
|
|t:|1664474968
|-curestatus|p1a: Chansey|tox|[from] ability: Natural Cure
|switch|p1a: Quagsire|Quagsire, F|100/100
|switch|p2a: Skarmory|Skarmory, F|74/100
|
|upkeep
|turn|30
|
|t:|1664474975
|switch|p2a: Amoonguss|Amoonguss, M|100/100 brn
|move|p1a: Quagsire|Scald|p2a: Amoonguss
|-resisted|p2a: Amoonguss
|-damage|p2a: Amoonguss|95/100 brn
|
|-heal|p2a: Amoonguss|100/100 brn|[from] item: Black Sludge
|-damage|p2a: Amoonguss|94/100 brn|[from] brn
|upkeep
|turn|31
|
|t:|1664474989
|switch|p1a: Skarmory|Skarmory, M|86/100
|move|p2a: Amoonguss|Giga Drain|p1a: Skarmory
|-resisted|p1a: Skarmory
|-damage|p1a: Skarmory|79/100
|-heal|p2a: Amoonguss|97/100 brn|[from] drain|[of] p1a: Skarmory
|
|-heal|p2a: Amoonguss|100/100 brn|[from] item: Black Sludge
|-damage|p2a: Amoonguss|94/100 brn|[from] brn
|upkeep
|turn|32
|
|t:|1664474999
|switch|p1a: Umbreon|Umbreon, M|100/100
|switch|p2a: Slowking|Slowking, F|100/100
|
|upkeep
|turn|33
|
|t:|1664475005
|switch|p2a: Skarmory|Skarmory, F|74/100
|move|p1a: Umbreon|Foul Play|p2a: Skarmory
|-damage|p2a: Skarmory|60/100
|
|upkeep
|turn|34
|
|t:|1664475012
|move|p2a: Skarmory|Spikes|p1a: Umbreon
|-sidestart|p1: Koemii|Spikes
|move|p1a: Umbreon|Wish|p1a: Umbreon
|
|upkeep
|turn|35
|
|t:|1664475017
|switch|p1a: Skarmory|Skarmory, M|79/100
|move|p2a: Skarmory|Spikes|p1a: Skarmory
|-sidestart|p1: Koemii|Spikes
|
|-heal|p1a: Skarmory|100/100|[from] move: Wish|[wisher] Umbreon
|upkeep
|turn|36
|
|t:|1664475024
|move|p1a: Skarmory|Defog|p2a: Skarmory
|-unboost|p2a: Skarmory|evasion|1
|-sideend|p1: Koemii|Spikes|[from] move: Defog|[of] p1a: Skarmory
|move|p2a: Skarmory|Roost|p2a: Skarmory
|-heal|p2a: Skarmory|100/100
|-singleturn|p2a: Skarmory|move: Roost
|
|upkeep
|turn|37
|
|t:|1664475031
|move|p1a: Skarmory|Body Press|p2a: Skarmory
|-damage|p2a: Skarmory|80/100
|move|p2a: Skarmory|Spikes|p1a: Skarmory
|-sidestart|p1: Koemii|Spikes
|
|upkeep
|turn|38
|
|t:|1664475036
|switch|p2a: Slowking|Slowking, F|100/100
|move|p1a: Skarmory|Iron Defense|p1a: Skarmory
|-boost|p1a: Skarmory|def|2
|
|upkeep
|turn|39
|
|t:|1664475041
|switch|p1a: Umbreon|Umbreon, M|100/100
|-damage|p1a: Umbreon|88/100|[from] Spikes
|move|p2a: Slowking|Scald|p1a: Umbreon
|-damage|p1a: Umbreon|70/100
|-status|p1a: Umbreon|brn
|
|-heal|p1a: Umbreon|76/100 brn|[from] item: Leftovers
|-damage|p1a: Umbreon|70/100 brn|[from] brn
|upkeep
|turn|40
|j| Voliodas
|
|t:|1664475052
|switch|p2a: Amoonguss|Amoonguss, M|100/100 brn
|move|p1a: Umbreon|Wish|p1a: Umbreon
|
|-heal|p1a: Umbreon|76/100 brn|[from] item: Leftovers
|-damage|p1a: Umbreon|70/100 brn|[from] brn
|-damage|p2a: Amoonguss|94/100 brn|[from] brn
|upkeep
|turn|41
|
|t:|1664475059
|move|p1a: Umbreon|Heal Bell|p1a: Umbreon
|-activate|p1a: Umbreon|move: Heal Bell
|-curestatus|p1a: Umbreon|brn|[msg]
|move|p2a: Amoonguss|Spore|p1a: Umbreon
|-status|p1a: Umbreon|slp|[from] move: Spore
|
|-heal|p1a: Umbreon|100/100 slp|[from] move: Wish|[wisher] Umbreon
|-heal|p2a: Amoonguss|100/100 brn|[from] item: Black Sludge
|-damage|p2a: Amoonguss|94/100 brn|[from] brn
|upkeep
|turn|42
|
|t:|1664475069
|switch|p2a: Scizor|Scizor, F|100/100
|cant|p1a: Umbreon|slp
|
|upkeep
|turn|43
|
|t:|1664475074
|switch|p1a: Skarmory|Skarmory, M|100/100
|move|p2a: Scizor|Knock Off|p1a: Skarmory
|-damage|p1a: Skarmory|87/100
|
|upkeep
|turn|44
|
|t:|1664475079
|move|p1a: Skarmory|Iron Defense|p1a: Skarmory
|-boost|p1a: Skarmory|def|2
|move|p2a: Scizor|U-turn|p1a: Skarmory
|-resisted|p1a: Skarmory
|-damage|p1a: Skarmory|84/100
|
|t:|1664475081
|switch|p2a: Slowking|Slowking, F|100/100|[from]move: U-turn
|
|upkeep
|turn|45
|
|t:|1664475086
|move|p1a: Skarmory|Body Press|p2a: Slowking
|-resisted|p2a: Slowking
|-damage|p2a: Slowking|70/100
|move|p2a: Slowking|Scald|p1a: Skarmory
|-damage|p1a: Skarmory|44/100
|
|-heal|p2a: Slowking|76/100|[from] item: Leftovers
|upkeep
|turn|46
|
|t:|1664475095
|switch|p1a: Umbreon|Umbreon, M|100/100 slp
|-damage|p1a: Umbreon|88/100 slp|[from] Spikes
|move|p2a: Slowking|Teleport|p2a: Slowking
|
|t:|1664475098
|switch|p2a: Scizor|Scizor, F|100/100|[from]move: Teleport
|
|-heal|p1a: Umbreon|94/100 slp|[from] item: Leftovers
|upkeep
|turn|47
|
|t:|1664475104
|switch|p1a: Skarmory|Skarmory, M|44/100
|move|p2a: Scizor|Knock Off|p1a: Skarmory
|-damage|p1a: Skarmory|30/100
|
|upkeep
|turn|48
|
|t:|1664475109
|move|p1a: Skarmory|Roost|p1a: Skarmory
|-heal|p1a: Skarmory|81/100
|-singleturn|p1a: Skarmory|move: Roost
|move|p2a: Scizor|U-turn|p1a: Skarmory
|-resisted|p1a: Skarmory
|-damage|p1a: Skarmory|69/100
|
|t:|1664475112
|switch|p2a: Slowking|Slowking, F|100/100|[from]move: U-turn
|
|upkeep
|turn|49
|
|t:|1664475119
|move|p1a: Skarmory|Roost|p1a: Skarmory
|-heal|p1a: Skarmory|100/100
|-singleturn|p1a: Skarmory|move: Roost
|move|p2a: Slowking|Scald|p1a: Skarmory
|-damage|p1a: Skarmory|62/100
|
|upkeep
|turn|50
|
|t:|1664475125
|move|p1a: Skarmory|Roost|p1a: Skarmory
|-heal|p1a: Skarmory|100/100
|-singleturn|p1a: Skarmory|move: Roost
|move|p2a: Slowking|Scald|p1a: Skarmory
|-damage|p1a: Skarmory|60/100
|-status|p1a: Skarmory|brn
|
|-damage|p1a: Skarmory|54/100 brn|[from] brn
|upkeep
|turn|51
|
|t:|1664475135
|switch|p1a: Umbreon|Umbreon, M|94/100 slp
|-damage|p1a: Umbreon|82/100 slp|[from] Spikes
|move|p2a: Slowking|Teleport|p2a: Slowking
|
|t:|1664475137
|switch|p2a: Scizor|Scizor, F|100/100|[from]move: Teleport
|
|-heal|p1a: Umbreon|88/100 slp|[from] item: Leftovers
|upkeep
|turn|52
|
|t:|1664475144
|cant|p1a: Umbreon|slp
|move|p2a: Scizor|Knock Off|p1a: Umbreon
|-resisted|p1a: Umbreon
|-damage|p1a: Umbreon|78/100 slp
|-enditem|p1a: Umbreon|Leftovers|[from] move: Knock Off|[of] p2a: Scizor
|
|upkeep
|turn|53
|
|t:|1664475150
|cant|p1a: Umbreon|slp
|move|p2a: Scizor|U-turn|p1a: Umbreon
|-supereffective|p1a: Umbreon
|-damage|p1a: Umbreon|32/100 slp
|
|t:|1664475155
|switch|p2a: Skarmory|Skarmory, F|80/100|[from]move: U-turn
|
|upkeep
|turn|54
|
|t:|1664475160
|-curestatus|p1a: Umbreon|slp|[msg]
|move|p1a: Umbreon|Protect|p1a: Umbreon
|-singleturn|p1a: Umbreon|Protect
|move|p2a: Skarmory|Body Press|p1a: Umbreon
|-activate|p1a: Umbreon|move: Protect
|
|upkeep
|turn|55
|
|t:|1664475166
|move|p1a: Umbreon|Wish|p1a: Umbreon
|move|p2a: Skarmory|Whirlwind|p1a: Umbreon
|drag|p1a: Chansey|Chansey, F|85/100
|-damage|p1a: Chansey|73/100|[from] Spikes
|
|upkeep
|turn|56
|
|t:|1664475173
|switch|p1a: Umbreon|Umbreon, M|32/100
|-damage|p1a: Umbreon|19/100|[from] Spikes
|move|p2a: Skarmory|Whirlwind|p1a: Umbreon
|drag|p1a: Skarmory|Skarmory, M|54/100 brn
|
|-heal|p1a: Skarmory|100/100 brn|[from] move: Wish|[wisher] Umbreon
|-damage|p1a: Skarmory|94/100 brn|[from] brn
|upkeep
|turn|57
|
|t:|1664475182
|move|p1a: Skarmory|Iron Defense|p1a: Skarmory
|-boost|p1a: Skarmory|def|2
|move|p2a: Skarmory|Spikes|p1a: Skarmory
|-sidestart|p1: Koemii|Spikes
|
|-damage|p1a: Skarmory|88/100 brn|[from] brn
|upkeep
|turn|58
|
|t:|1664475188
|move|p1a: Skarmory|Defog|p2a: Skarmory
|-unboost|p2a: Skarmory|evasion|1
|-sideend|p1: Koemii|Spikes|[from] move: Defog|[of] p1a: Skarmory
|move|p2a: Skarmory|Spikes|p1a: Skarmory
|-sidestart|p1: Koemii|Spikes
|
|-damage|p1a: Skarmory|82/100 brn|[from] brn
|upkeep
|turn|59
|
|t:|1664475194
|move|p1a: Skarmory|Iron Defense|p1a: Skarmory
|-boost|p1a: Skarmory|def|2
|move|p2a: Skarmory|Whirlwind|p1a: Skarmory
|drag|p1a: Chansey|Chansey, F|73/100
|-damage|p1a: Chansey|61/100|[from] Spikes
|
|upkeep
|turn|60
|
|t:|1664475202
|move|p2a: Skarmory|Spikes|p1a: Chansey
|-sidestart|p1: Koemii|Spikes
|move|p1a: Chansey|Soft-Boiled|p1a: Chansey
|-heal|p1a: Chansey|100/100
|
|upkeep
|turn|61
|
|t:|1664475209
|switch|p1a: Skarmory|Skarmory, M|82/100 brn
|move|p2a: Skarmory|Whirlwind|p1a: Skarmory
|drag|p1a: Chansey|Chansey, F|100/100
|-damage|p1a: Chansey|84/100|[from] Spikes
|
|upkeep
|turn|62
|
|t:|1664475217
|switch|p1a: Skarmory|Skarmory, M|82/100 brn
|move|p2a: Skarmory|Body Press|p1a: Skarmory
|-damage|p1a: Skarmory|60/100 brn
|
|-damage|p1a: Skarmory|54/100 brn|[from] brn
|upkeep
|turn|63
|
|t:|1664475224
|move|p1a: Skarmory|Roost|p1a: Skarmory
|-heal|p1a: Skarmory|100/100 brn
|-singleturn|p1a: Skarmory|move: Roost
|move|p2a: Skarmory|Spikes|p1a: Skarmory
|-sidestart|p1: Koemii|Spikes
|
|-damage|p1a: Skarmory|94/100 brn|[from] brn
|upkeep
|turn|64
|
|t:|1664475235
|move|p1a: Skarmory|Defog|p2a: Skarmory
|-unboost|p2a: Skarmory|evasion|1
|-sideend|p1: Koemii|Spikes|[from] move: Defog|[of] p1a: Skarmory
|move|p2a: Skarmory|Whirlwind|p1a: Skarmory
|drag|p1a: Chansey|Chansey, F|84/100
|
|upkeep
|turn|65
|
|t:|1664475241
|switch|p1a: Skarmory|Skarmory, M|94/100 brn
|move|p2a: Skarmory|Spikes|p1a: Skarmory
|-sidestart|p1: Koemii|Spikes
|
|-damage|p1a: Skarmory|88/100 brn|[from] brn
|upkeep
|turn|66
|
|t:|1664475247
|move|p1a: Skarmory|Defog|p2a: Skarmory
|-unboost|p2a: Skarmory|evasion|1
|-sideend|p1: Koemii|Spikes|[from] move: Defog|[of] p1a: Skarmory
|move|p2a: Skarmory|Whirlwind|p1a: Skarmory
|drag|p1a: Umbreon|Umbreon, M|19/100
|
|upkeep
|turn|67
|
|t:|1664475257
|move|p2a: Skarmory|Spikes|p1a: Umbreon
|-sidestart|p1: Koemii|Spikes
|move|p1a: Umbreon|Wish|p1a: Umbreon
|
|upkeep
|turn|68
|
|t:|1664475262
|move|p1a: Umbreon|Protect|p1a: Umbreon
|-singleturn|p1a: Umbreon|Protect
|move|p2a: Skarmory|Whirlwind|p1a: Umbreon
|drag|p1a: Quagsire|Quagsire, F|100/100
|-damage|p1a: Quagsire|88/100|[from] Spikes
|
|-heal|p1a: Quagsire|100/100|[from] move: Wish|[wisher] Umbreon
|upkeep
|turn|69
|
|t:|1664475271
|switch|p2a: Amoonguss|Amoonguss, M|100/100 brn
|move|p1a: Quagsire|Scald|p2a: Amoonguss
|-resisted|p2a: Amoonguss
|-damage|p2a: Amoonguss|94/100 brn
|
|-heal|p2a: Amoonguss|99/100 brn|[from] item: Black Sludge
|-damage|p2a: Amoonguss|94/100 brn|[from] brn
|upkeep
|turn|70
|
|t:|1664475280
|switch|p1a: Skarmory|Skarmory, M|88/100 brn
|move|p2a: Amoonguss|Toxic||[still]
|-fail|p2a: Amoonguss
|
|-heal|p2a: Amoonguss|99/100 brn|[from] item: Black Sludge
|-damage|p1a: Skarmory|82/100 brn|[from] brn
|-damage|p2a: Amoonguss|94/100 brn|[from] brn
|upkeep
|turn|71
|
|t:|1664475288
|switch|p2a: Skarmory|Skarmory, F|80/100
|move|p1a: Skarmory|Defog|p2a: Skarmory
|-unboost|p2a: Skarmory|evasion|1
|-sideend|p1: Koemii|Spikes|[from] move: Defog|[of] p1a: Skarmory
|
|-damage|p1a: Skarmory|76/100 brn|[from] brn
|upkeep
|turn|72
|
|t:|1664475295
|move|p1a: Skarmory|Iron Defense|p1a: Skarmory
|-boost|p1a: Skarmory|def|2
|move|p2a: Skarmory|Spikes|p1a: Skarmory
|-sidestart|p1: Koemii|Spikes
|
|-damage|p1a: Skarmory|70/100 brn|[from] brn
|upkeep
|turn|73
|
|t:|1664475301
|move|p1a: Skarmory|Body Press|p2a: Skarmory
|-damage|p2a: Skarmory|62/100
|move|p2a: Skarmory|Whirlwind|p1a: Skarmory
|drag|p1a: Umbreon|Umbreon, M|19/100
|-damage|p1a: Umbreon|7/100|[from] Spikes
|
|upkeep
|turn|74
|
|t:|1664475308
|move|p2a: Skarmory|Body Press|p1a: Umbreon
|-supereffective|p1a: Umbreon
|-damage|p1a: Umbreon|0 fnt
|faint|p1a: Umbreon
|
|upkeep
|-message|Koemii forfeited.
|
|win|CynthiaBlueheart
|raw|Koemii's rating: 1312 &rarr; <strong>1295</strong><br />(-17 for losing)
|raw|CynthiaBlueheart's rating: 1358 &rarr; <strong>1375</strong><br />(+17 for winning)
|l|☆Koemii
