|j|☆Horizon LiquidSame
|j|☆la nouille
|t:|1613258833
|player|p1|Horizon LiquidSame|veteranf|1469
|player|p2|la nouille|schoolkid|1461
|teamsize|p1|6
|teamsize|p2|6
|gametype|singles
|gen|8
|tier|[Gen 8] UU
|rated|
|clearpoke
|poke|p1|Scizor, F|
|poke|p1|Tentacruel, M|
|poke|p1|Tapu Bulu|
|poke|p1|Mew|
|poke|p1|Rhyperior, F|
|poke|p1|Conkeldurr, F|
|poke|p2|Nihilego|
|poke|p2|Thundurus, M|
|poke|p2|Hatterene, F|
|poke|p2|Ditto|
|poke|p2|Salamence, F|
|poke|p2|Terrakion|
|rule|Sleep Clause Mod: Limit one foe put to sleep
|rule|Species Clause: Limit one of each Pokémon
|rule|OHKO Clause: OHKO moves are banned
|rule|Evasion Moves Clause: Evasion moves are banned
|rule|Endless Battle Clause: Forcing endless battles is banned
|rule|HP Percentage Mod: HP is shown in percentages
|rule|Dynamax Clause: You cannot dynamax
|teampreview
|
|t:|1613258852
|start
|switch|p1a: Scizor|Scizor, F|100/100
|switch|p2a: Thundurus|Thundurus, M|100/100
|turn|1
|
|t:|1613258857
|move|p2a: Thundurus|Thunderbolt|p1a: Scizor
|-damage|p1a: Scizor|6/100
|move|p1a: Scizor|U-turn|p2a: Thundurus
|-resisted|p2a: Thundurus
|-damage|p2a: Thundurus|68/100
|
|t:|1613258870
|switch|p1a: Tapu Bulu|Tapu Bulu|100/100|[from]move: U-turn
|-fieldstart|move: Grassy Terrain|[from] ability: Grassy Surge|[of] p1a: Tapu Bulu
|
|upkeep
|turn|2
|
|t:|1613258882
|switch|p2a: Salamence|Salamence, F|100/100
|-ability|p2a: Salamence|Intimidate|boost
|-unboost|p1a: Tapu Bulu|atk|1
|move|p1a: Tapu Bulu|Stone Edge|p2a: Salamence|[miss]
|-miss|p1a: Tapu Bulu|p2a: Salamence
|
|upkeep
|turn|3
|inactive|Battle timer is ON: inactive players will automatically lose when time's up. (requested by Horizon LiquidSame)
|
|t:|1613258893
|switch|p1a: Rhyperior|Rhyperior, F|100/100
|switch|p2a: Hatterene|Hatterene, F|100/100
|
|upkeep
|turn|4
|
|t:|1613258903
|move|p1a: Rhyperior|Swords Dance|p1a: Rhyperior
|-boost|p1a: Rhyperior|atk|2
|move|p2a: Hatterene|Draining Kiss|p1a: Rhyperior
|-damage|p1a: Rhyperior|73/100
|
|-heal|p1a: Rhyperior|79/100|[from] Grassy Terrain
|-heal|p1a: Rhyperior|85/100|[from] item: Leftovers
|upkeep
|turn|5
|
|t:|1613258923
|move|p1a: Rhyperior|High Horsepower|p2a: Hatterene
|-damage|p2a: Hatterene|7/100
|move|p2a: Hatterene|Draining Kiss|p1a: Rhyperior
|-damage|p1a: Rhyperior|59/100
|-heal|p2a: Hatterene|34/100|[from] drain|[of] p1a: Rhyperior
|
|-heal|p1a: Rhyperior|65/100|[from] Grassy Terrain
|-heal|p1a: Rhyperior|71/100|[from] item: Leftovers
|-heal|p2a: Hatterene|40/100|[from] Grassy Terrain
|-heal|p2a: Hatterene|46/100|[from] item: Leftovers
|-fieldend|move: Grassy Terrain
|upkeep
|turn|6
|
|t:|1613258942
|switch|p2a: Terrakion|Terrakion|100/100
|move|p1a: Rhyperior|High Horsepower|p2a: Terrakion
|-supereffective|p2a: Terrakion
|-damage|p2a: Terrakion|0 fnt
|faint|p2a: Terrakion
|
|-heal|p1a: Rhyperior|77/100|[from] item: Leftovers
|upkeep
|
|t:|1613258950
|switch|p2a: Ditto|Ditto|100/100
|-transform|p2a: Ditto|p1a: Rhyperior|[from] ability: Imposter
|turn|7
|
|t:|1613258956
|switch|p1a: Tapu Bulu|Tapu Bulu|100/100
|-fieldstart|move: Grassy Terrain|[from] ability: Grassy Surge|[of] p1a: Tapu Bulu
|move|p2a: Ditto|High Horsepower|p1a: Tapu Bulu
|-resisted|p1a: Tapu Bulu
|-damage|p1a: Tapu Bulu|38/100
|
|-heal|p1a: Tapu Bulu|44/100|[from] Grassy Terrain
|upkeep
|turn|8
|
|t:|1613258966
|move|p1a: Tapu Bulu|Wood Hammer|p2a: Ditto
|-supereffective|p2a: Ditto
|-damage|p2a: Ditto|0 fnt
|-damage|p1a: Tapu Bulu|9/100|[from] Recoil
|faint|p2a: Ditto
|
|-heal|p1a: Tapu Bulu|15/100|[from] Grassy Terrain
|upkeep
|
|t:|1613258974
|switch|p2a: Nihilego|Nihilego|100/100
|turn|9
|
|t:|1613258985
|move|p1a: Tapu Bulu|Wood Hammer|p2a: Nihilego
|-damage|p2a: Nihilego|0 fnt
|-damage|p1a: Tapu Bulu|0 fnt|[from] Recoil
|faint|p2a: Nihilego
|faint|p1a: Tapu Bulu
|
|upkeep
|
|t:|1613258996
|switch|p2a: Thundurus|Thundurus, M|68/100
|switch|p1a: Rhyperior|Rhyperior, F|77/100
|turn|10
|
|t:|1613259001
|move|p2a: Thundurus|Grass Knot|p1a: Rhyperior
|-supereffective|p1a: Rhyperior
|-damage|p1a: Rhyperior|0 fnt
|faint|p1a: Rhyperior
|
|upkeep
|
|t:|1613259012
|switch|p1a: Mew|Mew|100/100
|turn|11
|
|t:|1613259016
|switch|p2a: Hatterene|Hatterene, F|46/100
|move|p1a: Mew|Knock Off|p2a: Hatterene
|-damage|p2a: Hatterene|26/100
|-enditem|p2a: Hatterene|Leftovers|[from] move: Knock Off|[of] p1a: Mew
|
|-heal|p2a: Hatterene|32/100|[from] Grassy Terrain
|-fieldend|move: Grassy Terrain
|upkeep
|turn|12
|
|t:|1613259026
|switch|p1a: Tentacruel|Tentacruel, M|100/100
|move|p2a: Hatterene|Calm Mind|p2a: Hatterene
|-boost|p2a: Hatterene|spa|1
|-boost|p2a: Hatterene|spd|1
|
|upkeep
|turn|13
|
|t:|1613259033
|move|p1a: Tentacruel|Sludge Bomb|p2a: Hatterene
|-supereffective|p2a: Hatterene
|-damage|p2a: Hatterene|0 fnt
|faint|p2a: Hatterene
|
|upkeep
|
|t:|1613259038
|switch|p2a: Thundurus|Thundurus, M|68/100
|turn|14
|
|t:|1613259055
|switch|p1a: Scizor|Scizor, F|6/100
|move|p2a: Thundurus|Thunderbolt|p1a: Scizor
|-damage|p1a: Scizor|0 fnt
|faint|p1a: Scizor
|
|upkeep
|
|t:|1613259059
|switch|p1a: Mew|Mew|100/100
|turn|15
|
|t:|1613259064
|switch|p2a: Salamence|Salamence, F|100/100
|-ability|p2a: Salamence|Intimidate|boost
|-unboost|p1a: Mew|atk|1
|move|p1a: Mew|Knock Off|p2a: Salamence
|-damage|p2a: Salamence|84/100
|-enditem|p2a: Salamence|Heavy-Duty Boots|[from] move: Knock Off|[of] p1a: Mew
|
|upkeep
|turn|16
|
|t:|1613259072
|move|p1a: Mew|Taunt|p2a: Salamence
|-start|p2a: Salamence|move: Taunt
|move|p2a: Salamence|Draco Meteor|p1a: Mew
|-damage|p1a: Mew|42/100
|-unboost|p2a: Salamence|spa|2
|
|-heal|p1a: Mew|49/100|[from] item: Leftovers
|upkeep
|turn|17
|
|t:|1613259081
|switch|p2a: Thundurus|Thundurus, M|68/100
|move|p1a: Mew|Soft-Boiled|p1a: Mew
|-heal|p1a: Mew|99/100
|
|-heal|p1a: Mew|100/100|[from] item: Leftovers
|upkeep
|turn|18
|
|t:|1613259089
|move|p2a: Thundurus|Thunderbolt|p1a: Mew
|-damage|p1a: Mew|39/100
|move|p1a: Mew|Knock Off|p2a: Thundurus
|-damage|p2a: Thundurus|45/100
|-enditem|p2a: Thundurus|Choice Specs|[from] move: Knock Off|[of] p1a: Mew
|
|-heal|p1a: Mew|45/100|[from] item: Leftovers
|upkeep
|turn|19
|
|t:|1613259096
|move|p2a: Thundurus|Thunderbolt|p1a: Mew
|-damage|p1a: Mew|8/100
|move|p1a: Mew|Soft-Boiled|p1a: Mew
|-heal|p1a: Mew|58/100
|
|-heal|p1a: Mew|64/100|[from] item: Leftovers
|upkeep
|turn|20
|
|t:|1613259102
|move|p2a: Thundurus|Thunderbolt|p1a: Mew
|-damage|p1a: Mew|27/100
|move|p1a: Mew|Soft-Boiled|p1a: Mew
|-heal|p1a: Mew|77/100
|
|-heal|p1a: Mew|83/100|[from] item: Leftovers
|upkeep
|turn|21
|
|t:|1613259109
|move|p2a: Thundurus|Thunderbolt|p1a: Mew
|-damage|p1a: Mew|42/100
|move|p1a: Mew|Soft-Boiled|p1a: Mew
|-heal|p1a: Mew|92/100
|
|-heal|p1a: Mew|99/100|[from] item: Leftovers
|upkeep
|turn|22
|
|t:|1613259118
|move|p2a: Thundurus|Sludge Wave|p1a: Mew
|-damage|p1a: Mew|73/100
|move|p1a: Mew|Knock Off|p2a: Thundurus
|-damage|p2a: Thundurus|29/100
|
|-heal|p1a: Mew|79/100|[from] item: Leftovers
|upkeep
|turn|23
|
|t:|1613259125
|move|p2a: Thundurus|Sludge Wave|p1a: Mew
|-damage|p1a: Mew|52/100
|move|p1a: Mew|Knock Off|p2a: Thundurus
|-damage|p2a: Thundurus|15/100
|
|-heal|p1a: Mew|58/100|[from] item: Leftovers
|upkeep
|turn|24
|
|t:|1613259132
|move|p2a: Thundurus|Thunderbolt|p1a: Mew
|-damage|p1a: Mew|16/100
|move|p1a: Mew|Knock Off|p2a: Thundurus
|-damage|p2a: Thundurus|0 fnt
|faint|p2a: Thundurus
|
|-heal|p1a: Mew|22/100|[from] item: Leftovers
|upkeep
|
|t:|1613259139
|switch|p2a: Salamence|Salamence, F|84/100
|-ability|p2a: Salamence|Intimidate|boost
|-unboost|p1a: Mew|atk|1
|turn|25
|
|t:|1613259143
|move|p1a: Mew|Taunt|p2a: Salamence
|-start|p2a: Salamence|move: Taunt
|move|p2a: Salamence|Flamethrower|p1a: Mew
|-damage|p1a: Mew|0 fnt
|faint|p1a: Mew
|
|upkeep
|
|t:|1613259148
|switch|p1a: Tentacruel|Tentacruel, M|100/100
|turn|26
|
|t:|1613259152
|move|p1a: Tentacruel|Ice Beam|p2a: Salamence
|-supereffective|p2a: Salamence
|-damage|p2a: Salamence|14/100
|move|p2a: Salamence|Draco Meteor|p1a: Tentacruel
|-damage|p1a: Tentacruel|50/100
|-unboost|p2a: Salamence|spa|2
|
|-heal|p1a: Tentacruel|56/100|[from] item: Black Sludge
|upkeep
|turn|27
|
|t:|1613259162
|move|p1a: Tentacruel|Ice Beam|p2a: Salamence
|-supereffective|p2a: Salamence
|-damage|p2a: Salamence|0 fnt
|faint|p2a: Salamence
|
|win|Horizon LiquidSame
|l|☆la nouille
|raw|Horizon LiquidSame's rating: 1469 &rarr; <strong>1488</strong><br />(+19 for winning)
|raw|la nouille's rating: 1461 &rarr; <strong>1441</strong><br />(-20 for losing)
