|j|☆bladee arteezy
|j|☆udongirl
|t:|1665016924
|gametype|singles
|player|p1|bladee arteezy|fantina|
|player|p2|udongirl|#bltviiiturtwigs|
|teamsize|p1|6
|teamsize|p2|6
|gen|8
|tier|[Gen 8] UU
|rated|Tournament battle
|rule|Sleep Clause Mod: Limit one foe put to sleep
|rule|Species Clause: Limit one of each Pokémon
|rule|OHKO Clause: OHKO moves are banned
|rule|Evasion Items Clause: Evasion items are banned
|rule|Evasion Moves Clause: Evasion moves are banned
|rule|Endless Battle Clause: Forcing endless battles is banned
|rule|HP Percentage Mod: HP is shown in percentages
|rule|Dynamax Clause: You cannot dynamax
|clearpoke
|poke|p1|Chansey, F|
|poke|p1|Sableye, M|
|poke|p1|Skarmory, M|
|poke|p1|Quagsire, M|
|poke|p1|Tentacruel, M|
|poke|p1|Cresselia, F|
|poke|p2|Togekiss, F|
|poke|p2|Salamence, M|
|poke|p2|Rhyperior, F|
|poke|p2|Slowking, M|
|poke|p2|Tangrowth, M|
|poke|p2|Regieleki|
|teampreview
|j|+ASKOV
|j|%suloxiv
|j|+hariyana grande
|
|t:|1665016941
|start
|switch|p1a: Chansey|Chansey, F|100/100
|switch|p2a: Togekiss|Togekiss, F|100/100
|turn|1
|j|@avarice
|c|+hariyana grande|oh we forgot about that one
|c|%suloxiv|flop
|c|+ASKOV|ok
|c|☆bladee arteezy|WHAT
|c|%suloxiv|nice helping askov
|c|+ASKOV|banning quag on the next one
|c|+hariyana grande|im using palossand
|j|+Celebiii
|c|+hariyana grande|throwback!..
|
|t:|1665016976
|switch|p2a: Slowking|Slowking, M|100/100
|move|p1a: Chansey|Stealth Rock|p2a: Slowking
|-sidestart|p2: udongirl|move: Stealth Rock
|
|upkeep
|turn|2
|c|%suloxiv|secretly a top 5 mon trust
|
|t:|1665016993
|switch|p1a: Tentacruel|Tentacruel, M|100/100
|move|p2a: Slowking|Teleport|p2a: Slowking
|
|t:|1665016997
|switch|p2a: Regieleki|Regieleki|100/100|[from]move: Teleport
|
|upkeep
|turn|3
|
|t:|1665017001
|switch|p1a: Chansey|Chansey, F|100/100
|move|p2a: Regieleki|Rapid Spin|p1a: Chansey
|-damage|p1a: Chansey|94/100
|-boost|p2a: Regieleki|spe|1
|-sideend|p2: udongirl|Stealth Rock|[from] move: Rapid Spin|[of] p2a: Regieleki
|
|upkeep
|turn|4
|
|t:|1665017004
|switch|p2a: Rhyperior|Rhyperior, F|100/100
|move|p1a: Chansey|Stealth Rock|p2a: Rhyperior
|-sidestart|p2: udongirl|move: Stealth Rock
|
|upkeep
|turn|5
|
|t:|1665017008
|switch|p1a: Sableye|Sableye, M|100/100
|move|p2a: Rhyperior|Stealth Rock|p1a: Sableye
|-sidestart|p1: bladee arteezy|move: Stealth Rock
|
|upkeep
|turn|6
|
|t:|1665017015
|switch|p2a: Slowking|Slowking, M|100/100
|-damage|p2a: Slowking|88/100|[from] Stealth Rock
|move|p1a: Sableye|Will-O-Wisp|p2a: Slowking
|-status|p2a: Slowking|brn
|
|-damage|p2a: Slowking|82/100 brn|[from] brn
|upkeep
|turn|7
|
|t:|1665017018
|move|p1a: Sableye|Knock Off|p2a: Slowking
|-supereffective|p2a: Slowking
|-enditem|p2a: Slowking|Colbur Berry|[eat]
|-enditem|p2a: Slowking|Colbur Berry|[weaken]
|-damage|p2a: Slowking|63/100 brn
|move|p2a: Slowking|Teleport|p2a: Slowking
|
|t:|1665017021
|switch|p2a: Regieleki|Regieleki|100/100|[from]move: Teleport
|
|upkeep
|turn|8
|
|t:|1665017026
|move|p1a: Sableye|Will-O-Wisp|p2a: Regieleki
|-status|p2a: Regieleki|brn
|move|p2a: Regieleki|Thunderbolt|p1a: Sableye
|-damage|p1a: Sableye|38/100
|
|-heal|p1a: Sableye|44/100|[from] item: Leftovers
|-damage|p2a: Regieleki|95/100 brn|[from] brn
|upkeep
|turn|9
|
|t:|1665017033
|switch|p1a: Chansey|Chansey, F|94/100
|-damage|p1a: Chansey|81/100|[from] Stealth Rock
|move|p2a: Regieleki|Thunderbolt|p1a: Chansey
|-damage|p1a: Chansey|61/100
|
|-damage|p2a: Regieleki|89/100 brn|[from] brn
|upkeep
|turn|10
|
|t:|1665017037
|move|p2a: Regieleki|Rapid Spin|p1a: Chansey
|-damage|p1a: Chansey|58/100
|-boost|p2a: Regieleki|spe|1
|-sideend|p2: udongirl|Stealth Rock|[from] move: Rapid Spin|[of] p2a: Regieleki
|move|p1a: Chansey|Stealth Rock|p2a: Regieleki
|-sidestart|p2: udongirl|move: Stealth Rock
|
|-damage|p2a: Regieleki|83/100 brn|[from] brn
|upkeep
|turn|11
|
|t:|1665017040
|move|p2a: Regieleki|Rapid Spin|p1a: Chansey
|-damage|p1a: Chansey|55/100
|-boost|p2a: Regieleki|spe|1
|-sideend|p2: udongirl|Stealth Rock|[from] move: Rapid Spin|[of] p2a: Regieleki
|move|p1a: Chansey|Soft-Boiled|p1a: Chansey
|-heal|p1a: Chansey|100/100
|
|-damage|p2a: Regieleki|77/100 brn|[from] brn
|upkeep
|turn|12
|
|t:|1665017043
|move|p2a: Regieleki|Volt Switch|p1a: Chansey
|-damage|p1a: Chansey|86/100
|
|t:|1665017052
|switch|p2a: Rhyperior|Rhyperior, F|100/100|[from]move: Volt Switch
|move|p1a: Chansey|Stealth Rock|p2a: Rhyperior
|-sidestart|p2: udongirl|move: Stealth Rock
|
|upkeep
|turn|13
|
|t:|1665017059
|switch|p1a: Skarmory|Skarmory, M|100/100
|-damage|p1a: Skarmory|88/100|[from] Stealth Rock
|move|p2a: Rhyperior|Stone Edge|p1a: Skarmory
|-damage|p1a: Skarmory|56/100
|
|upkeep
|turn|14
|
|t:|1665017064
|move|p1a: Skarmory|Roost|p1a: Skarmory
|-heal|p1a: Skarmory|100/100
|-singleturn|p1a: Skarmory|move: Roost
|move|p2a: Rhyperior|Earthquake|p1a: Skarmory
|-supereffective|p1a: Skarmory
|-damage|p1a: Skarmory|37/100
|
|upkeep
|turn|15
|j| BigBootyBuddha
|
|t:|1665017071
|switch|p2a: Salamence|Salamence, M|100/100
|-ability|p2a: Salamence|Intimidate|boost
|-unboost|p1a: Skarmory|atk|1
|move|p1a: Skarmory|Roost|p1a: Skarmory
|-heal|p1a: Skarmory|87/100
|-singleturn|p1a: Skarmory|move: Roost
|
|upkeep
|turn|16
|l|+ASKOV
|
|t:|1665017111
|move|p2a: Salamence|Defog|p1a: Skarmory
|-unboost|p1a: Skarmory|evasion|1
|-sideend|p1: bladee arteezy|Stealth Rock|[from] move: Defog|[of] p2a: Salamence
|-sideend|p2: udongirl|Stealth Rock|[from] move: Defog|[of] p2a: Salamence
|move|p1a: Skarmory|Roar|p2a: Salamence
|drag|p2a: Regieleki|Regieleki|77/100 brn
|
|-damage|p2a: Regieleki|71/100 brn|[from] brn
|upkeep
|turn|17
|
|t:|1665017115
|switch|p1a: Quagsire|Quagsire, M|100/100
|move|p2a: Regieleki|Volt Switch|p1a: Quagsire
|-immune|p1a: Quagsire
|
|-damage|p2a: Regieleki|65/100 brn|[from] brn
|upkeep
|turn|18
|
|t:|1665017119
|switch|p2a: Slowking|Slowking, M|96/100 brn
|move|p1a: Quagsire|Mimic||[still]
|-fail|p1a: Quagsire
|
|-damage|p2a: Slowking|90/100 brn|[from] brn
|upkeep
|turn|19
|c|☆bladee arteezy|gig
|c|☆bladee arteezy|i7d6s
|
|t:|1665017127
|switch|p1a: Sableye|Sableye, M|44/100
|move|p2a: Slowking|Teleport|p2a: Slowking
|c|%suloxiv|wait
|
|t:|1665017131
|switch|p2a: Togekiss|Togekiss, F|100/100|[from]move: Teleport
|
|-heal|p1a: Sableye|50/100|[from] item: Leftovers
|upkeep
|turn|20
|
|t:|1665017134
|switch|p1a: Tentacruel|Tentacruel, M|100/100
|move|p2a: Togekiss|Air Slash|p1a: Tentacruel
|-damage|p1a: Tentacruel|61/100
|
|-heal|p1a: Tentacruel|67/100|[from] item: Black Sludge
|upkeep
|turn|21
|
|t:|1665017140
|switch|p2a: Slowking|Slowking, M|100/100 brn
|move|p1a: Tentacruel|Toxic Spikes|p2a: Slowking
|-sidestart|p2: udongirl|move: Toxic Spikes
|
|-heal|p1a: Tentacruel|73/100|[from] item: Black Sludge
|-damage|p2a: Slowking|94/100 brn|[from] brn
|upkeep
|turn|22
|
|t:|1665017145
|move|p1a: Tentacruel|Toxic Spikes|p2a: Slowking
|-sidestart|p2: udongirl|move: Toxic Spikes
|move|p2a: Slowking|Teleport|p2a: Slowking
|
|t:|1665017148
|switch|p2a: Regieleki|Regieleki|65/100 brn|[from]move: Teleport
|
|-heal|p1a: Tentacruel|79/100|[from] item: Black Sludge
|-damage|p2a: Regieleki|59/100 brn|[from] brn
|upkeep
|turn|23
|
|t:|1665017157
|switch|p1a: Sableye|Sableye, M|50/100
|move|p2a: Regieleki|Thunderbolt|p1a: Sableye
|-damage|p1a: Sableye|0 fnt
|faint|p1a: Sableye
|
|-damage|p2a: Regieleki|53/100 brn|[from] brn
|upkeep
|l|+Celebiii
|
|t:|1665017163
|switch|p1a: Chansey|Chansey, F|86/100
|turn|24
|
|t:|1665017167
|move|p2a: Regieleki|Volt Switch|p1a: Chansey
|-damage|p1a: Chansey|70/100
|
|t:|1665017169
|switch|p2a: Togekiss|Togekiss, F|100/100|[from]move: Volt Switch
|move|p1a: Chansey|Stealth Rock|p2a: Togekiss
|-sidestart|p2: udongirl|move: Stealth Rock
|
|upkeep
|turn|25
|
|t:|1665017175
|move|p2a: Togekiss|Air Slash|p1a: Chansey
|-damage|p1a: Chansey|52/100
|cant|p1a: Chansey|flinch
|
|upkeep
|turn|26
|
|t:|1665017178
|move|p2a: Togekiss|Air Slash|p1a: Chansey
|-damage|p1a: Chansey|33/100
|cant|p1a: Chansey|flinch
|
|upkeep
|turn|27
|j| Random Skrub
|
|t:|1665017180
|move|p2a: Togekiss|Air Slash|p1a: Chansey
|-damage|p1a: Chansey|16/100
|move|p1a: Chansey|Soft-Boiled|p1a: Chansey
|-heal|p1a: Chansey|66/100
|
|upkeep
|turn|28
|
|t:|1665017182
|switch|p1a: Tentacruel|Tentacruel, M|79/100
|move|p2a: Togekiss|Air Slash|p1a: Tentacruel
|-damage|p1a: Tentacruel|44/100
|
|-heal|p1a: Tentacruel|50/100|[from] item: Black Sludge
|upkeep
|turn|29
|
|t:|1665017187
|switch|p2a: Slowking|Slowking, M|100/100 brn
|-damage|p2a: Slowking|88/100 brn|[from] Stealth Rock
|move|p1a: Tentacruel|Sludge Bomb|p2a: Slowking
|-damage|p2a: Slowking|67/100 brn
|
|-heal|p1a: Tentacruel|56/100|[from] item: Black Sludge
|-damage|p2a: Slowking|61/100 brn|[from] brn
|upkeep
|turn|30
|
|t:|1665017191
|move|p1a: Tentacruel|Sludge Bomb|p2a: Slowking
|-damage|p2a: Slowking|41/100 brn
|move|p2a: Slowking|Teleport|p2a: Slowking
|l| Random Skrub
|
|t:|1665017196
|switch|p2a: Regieleki|Regieleki|53/100 brn|[from]move: Teleport
|
|-heal|p1a: Tentacruel|62/100|[from] item: Black Sludge
|-damage|p2a: Regieleki|47/100 brn|[from] brn
|upkeep
|turn|31
|
|t:|1665017201
|move|p2a: Regieleki|Rapid Spin|p1a: Tentacruel
|-damage|p1a: Tentacruel|55/100
|-boost|p2a: Regieleki|spe|1
|-sideend|p2: udongirl|Toxic Spikes|[from] move: Rapid Spin|[of] p2a: Regieleki
|-sideend|p2: udongirl|Stealth Rock|[from] move: Rapid Spin|[of] p2a: Regieleki
|move|p1a: Tentacruel|Sludge Bomb|p2a: Regieleki
|-damage|p2a: Regieleki|0 fnt
|faint|p2a: Regieleki
|
|-heal|p1a: Tentacruel|61/100|[from] item: Black Sludge
|upkeep
|
|t:|1665017213
|switch|p2a: Rhyperior|Rhyperior, F|100/100
|turn|32
|
|t:|1665017216
|move|p1a: Tentacruel|Toxic Spikes|p2a: Rhyperior
|-sidestart|p2: udongirl|move: Toxic Spikes
|move|p2a: Rhyperior|Earthquake|p1a: Tentacruel
|-supereffective|p1a: Tentacruel
|-damage|p1a: Tentacruel|0 fnt
|faint|p1a: Tentacruel
|
|upkeep
|
|t:|1665017219
|switch|p1a: Cresselia|Cresselia, F|100/100
|turn|33
|
|t:|1665017224
|move|p1a: Cresselia|Substitute|p1a: Cresselia
|-start|p1a: Cresselia|Substitute
|-damage|p1a: Cresselia|76/100
|move|p2a: Rhyperior|Toxic||[still]
|-fail|p2a: Rhyperior
|
|-heal|p1a: Cresselia|82/100|[from] item: Leftovers
|upkeep
|turn|34
|
|t:|1665017227
|move|p1a: Cresselia|Calm Mind|p1a: Cresselia
|-boost|p1a: Cresselia|spa|1
|-boost|p1a: Cresselia|spd|1
|move|p2a: Rhyperior|Stone Edge|p1a: Cresselia
|-activate|p1a: Cresselia|move: Substitute|[damage]
|
|-heal|p1a: Cresselia|88/100|[from] item: Leftovers
|upkeep
|turn|35
|
|t:|1665017230
|move|p1a: Cresselia|Calm Mind|p1a: Cresselia
|-boost|p1a: Cresselia|spa|1
|-boost|p1a: Cresselia|spd|1
|move|p2a: Rhyperior|Stone Edge|p1a: Cresselia
|-end|p1a: Cresselia|Substitute
|
|-heal|p1a: Cresselia|94/100|[from] item: Leftovers
|upkeep
|turn|36
|
|t:|1665017232
|move|p1a: Cresselia|Substitute|p1a: Cresselia
|-start|p1a: Cresselia|Substitute
|-damage|p1a: Cresselia|69/100
|move|p2a: Rhyperior|Stone Edge|p1a: Cresselia|[miss]
|-miss|p2a: Rhyperior|p1a: Cresselia
|
|-heal|p1a: Cresselia|75/100|[from] item: Leftovers
|upkeep
|turn|37
|c|☆bladee arteezy|gg
|
|t:|1665017235
|move|p1a: Cresselia|Calm Mind|p1a: Cresselia
|-boost|p1a: Cresselia|spa|1
|-boost|p1a: Cresselia|spd|1
|move|p2a: Rhyperior|Stone Edge|p1a: Cresselia|[miss]
|-miss|p2a: Rhyperior|p1a: Cresselia
|
|-heal|p1a: Cresselia|81/100|[from] item: Leftovers
|upkeep
|turn|38
|
|t:|1665017237
|move|p1a: Cresselia|Calm Mind|p1a: Cresselia
|-boost|p1a: Cresselia|spa|1
|-boost|p1a: Cresselia|spd|1
|move|p2a: Rhyperior|Stone Edge|p1a: Cresselia|[miss]
|-miss|p2a: Rhyperior|p1a: Cresselia
|
|-heal|p1a: Cresselia|87/100|[from] item: Leftovers
|upkeep
|turn|39
|c|☆udongirl|wtf
|
|t:|1665017246
|move|p1a: Cresselia|Calm Mind|p1a: Cresselia
|-boost|p1a: Cresselia|spa|1
|-boost|p1a: Cresselia|spd|1
|move|p2a: Rhyperior|Stone Edge|p1a: Cresselia
|-activate|p1a: Cresselia|move: Substitute|[damage]
|
|-heal|p1a: Cresselia|94/100|[from] item: Leftovers
|upkeep
|turn|40
|c|%suloxiv|not the early gg
|
|t:|1665017263
|move|p1a: Cresselia|Stored Power|p2a: Rhyperior
|-damage|p2a: Rhyperior|0 fnt
|faint|p2a: Rhyperior
|
|-heal|p1a: Cresselia|99/100|[from] item: Leftovers
|upkeep
|
|t:|1665017269
|switch|p2a: Salamence|Salamence, M|100/100
|-ability|p2a: Salamence|Intimidate|boost
|-immune|p1a: Cresselia
|turn|41
|
|t:|1665017273
|move|p2a: Salamence|Flamethrower|p1a: Cresselia
|-end|p1a: Cresselia|Substitute
|move|p1a: Cresselia|Stored Power|p2a: Salamence
|-damage|p2a: Salamence|0 fnt
|faint|p2a: Salamence
|
|-heal|p1a: Cresselia|100/100|[from] item: Leftovers
|upkeep
|
|t:|1665017275
|switch|p2a: Togekiss|Togekiss, F|100/100
|turn|42
|
|t:|1665017277
|move|p2a: Togekiss|Air Slash|p1a: Cresselia
|-damage|p1a: Cresselia|90/100
|move|p1a: Cresselia|Substitute|p1a: Cresselia
|-start|p1a: Cresselia|Substitute
|-damage|p1a: Cresselia|66/100
|
|-heal|p1a: Cresselia|72/100|[from] item: Leftovers
|upkeep
|turn|43
|
|t:|1665017281
|move|p2a: Togekiss|Air Slash|p1a: Cresselia
|-activate|p1a: Cresselia|move: Substitute|[damage]
|move|p1a: Cresselia|Stored Power|p2a: Togekiss
|-damage|p2a: Togekiss|0 fnt
|faint|p2a: Togekiss
|
|-heal|p1a: Cresselia|78/100|[from] item: Leftovers
|upkeep
|c|☆udongirl|gg
|c|☆bladee arteezy|gg
|-message|udongirl forfeited.
|
|win|bladee arteezy
|n|☆bladee arteezy|bladeearteezy
|n|☆udongirl|udongirl
|n| suloxiv|suloxiv
|n| hariyana grande|hariyanagrande
|n|+avarice|avarice
|n| BigBootyBuddha|bigbootybuddha
|l|☆udongirl
|l|+avarice
|l|☆bladee arteezy
|l| suloxiv
|l| hariyana grande
|l| BigBootyBuddha
|j|☆udongirl
|player|p2|udongirl|#bltviiiturtwigs
