|j|☆yungtoasterbread
|j|☆Hydreigon > Latias
|t:|1655568819
|gametype|singles
|player|p1|yungtoasterbread|bruno|1427
|player|p2|Hydreigon > Latias|guitarist|1426
|teamsize|p1|6
|teamsize|p2|6
|gen|8
|tier|[Gen 8] UU
|rated|
|rule|Sleep Clause Mod: Limit one foe put to sleep
|rule|Species Clause: Limit one of each Pokémon
|rule|OHKO Clause: OHKO moves are banned
|rule|Evasion Moves Clause: Evasion moves are banned
|rule|Endless Battle Clause: Forcing endless battles is banned
|rule|HP Percentage Mod: HP is shown in percentages
|rule|Dynamax Clause: You cannot dynamax
|clearpoke
|poke|p1|Indeedee, M|
|poke|p1|Obstagoon, F|
|poke|p1|Swampert, F|
|poke|p1|Amoonguss, M|
|poke|p1|Skarmory, F|
|poke|p1|Thundurus-Therian, M|
|poke|p2|Chansey, F|
|poke|p2|Skarmory, M|
|poke|p2|Zygarde-10%|
|poke|p2|Nihilego|
|poke|p2|Scizor, M|
|poke|p2|Salamence, M|
|teampreview
|
|t:|1655568824
|start
|switch|p1a: Swampert|Swampert, F|100/100
|switch|p2a: Chansey|Chansey, F|100/100
|turn|1
|
|t:|1655568828
|move|p2a: Chansey|Toxic|p1a: Swampert
|-status|p1a: Swampert|tox
|move|p1a: Swampert|Stealth Rock|p2a: Chansey
|-sidestart|p2: Hydreigon > Latias|move: Stealth Rock
|
|-damage|p1a: Swampert|94/100 tox|[from] psn
|upkeep
|turn|2
|
|t:|1655568831
|move|p1a: Swampert|Flip Turn|p2a: Chansey
|-damage|p2a: Chansey|87/100
|
|t:|1655568833
|switch|p1a: Obstagoon|Obstagoon, F|100/100|[from]move: Flip Turn
|move|p2a: Chansey|Teleport|p2a: Chansey
|
|t:|1655568839
|switch|p2a: Skarmory|Skarmory, M|100/100|[from]move: Teleport
|-damage|p2a: Skarmory|88/100|[from] Stealth Rock
|
|-status|p1a: Obstagoon|brn|[from] item: Flame Orb
|upkeep
|turn|3
|
|t:|1655568846
|switch|p1a: Thundurus|Thundurus-Therian, M|100/100
|move|p2a: Skarmory|Spikes|p1a: Thundurus
|-sidestart|p1: yungtoasterbread|Spikes
|
|upkeep
|turn|4
|
|t:|1655568849
|switch|p2a: Chansey|Chansey, F|87/100
|-damage|p2a: Chansey|75/100|[from] Stealth Rock
|move|p1a: Thundurus|Volt Switch|p2a: Chansey
|-damage|p2a: Chansey|63/100
|
|t:|1655568854
|switch|p1a: Obstagoon|Obstagoon, F|100/100 brn|[from]move: Volt Switch
|-damage|p1a: Obstagoon|88/100 brn|[from] Spikes
|
|-damage|p1a: Obstagoon|82/100 brn|[from] brn
|upkeep
|turn|5
|
|t:|1655568857
|switch|p2a: Skarmory|Skarmory, M|88/100
|-damage|p2a: Skarmory|76/100|[from] Stealth Rock
|move|p1a: Obstagoon|Knock Off|p2a: Skarmory
|-damage|p2a: Skarmory|40/100
|-damage|p1a: Obstagoon|66/100 brn|[from] item: Rocky Helmet|[of] p2a: Skarmory
|-enditem|p2a: Skarmory|Rocky Helmet|[from] move: Knock Off|[of] p1a: Obstagoon
|
|-damage|p1a: Obstagoon|60/100 brn|[from] brn
|upkeep
|turn|6
|
|t:|1655568867
|switch|p1a: Thundurus|Thundurus-Therian, M|100/100
|move|p2a: Skarmory|Roost|p2a: Skarmory
|-heal|p2a: Skarmory|90/100
|-singleturn|p2a: Skarmory|move: Roost
|
|upkeep
|turn|7
|
|t:|1655568870
|switch|p2a: Zygarde|Zygarde-10%|100/100
|-damage|p2a: Zygarde|94/100|[from] Stealth Rock
|-ability|p2a: Zygarde|Aura Break
|move|p1a: Thundurus|Focus Blast|p2a: Zygarde|[miss]
|-miss|p1a: Thundurus|p2a: Zygarde
|
|upkeep
|turn|8
|
|t:|1655568876
|switch|p1a: Swampert|Swampert, F|94/100 tox
|-damage|p1a: Swampert|82/100 tox|[from] Spikes
|move|p2a: Zygarde|Thousand Arrows|p1a: Swampert
|-damage|p1a: Swampert|42/100 tox
|
|-heal|p1a: Swampert|49/100 tox|[from] item: Leftovers
|-damage|p1a: Swampert|42/100 tox|[from] psn
|upkeep
|turn|9
|
|t:|1655568882
|switch|p2a: Salamence|Salamence, M|100/100
|-ability|p2a: Salamence|Intimidate|boost
|-unboost|p1a: Swampert|atk|1
|move|p1a: Swampert|Flip Turn|p2a: Salamence
|-resisted|p2a: Salamence
|-damage|p2a: Salamence|92/100
|
|t:|1655568886
|switch|p1a: Indeedee|Indeedee, M, shiny|100/100|[from]move: Flip Turn
|-damage|p1a: Indeedee|88/100|[from] Spikes
|-fieldstart|move: Psychic Terrain|[from] ability: Psychic Surge|[of] p1a: Indeedee
|
|upkeep
|turn|10
|
|t:|1655568891
|switch|p2a: Chansey|Chansey, F|63/100
|-damage|p2a: Chansey|50/100|[from] Stealth Rock
|move|p1a: Indeedee|Expanding Force|p2a: Chansey
|-damage|p2a: Chansey|15/100
|
|upkeep
|turn|11
|
|t:|1655568894
|switch|p2a: Scizor|Scizor, M|100/100
|move|p1a: Indeedee|Expanding Force|p2a: Scizor
|-resisted|p2a: Scizor
|-damage|p2a: Scizor|49/100
|
|upkeep
|turn|12
|
|t:|1655568896
|move|p1a: Indeedee|Expanding Force|p2a: Scizor
|-resisted|p2a: Scizor
|-damage|p2a: Scizor|0 fnt
|faint|p2a: Scizor
|
|upkeep
|
|t:|1655568901
|switch|p2a: Salamence|Salamence, M|92/100
|-ability|p2a: Salamence|Intimidate|boost
|-unboost|p1a: Indeedee|atk|1
|turn|13
|
|t:|1655568903
|move|p2a: Salamence|Defog|p1a: Indeedee
|-unboost|p1a: Indeedee|evasion|1
|-sideend|p1: yungtoasterbread|Spikes|[from] move: Defog|[of] p2a: Salamence
|-sideend|p2: Hydreigon > Latias|Stealth Rock|[from] move: Defog|[of] p2a: Salamence
|-fieldend|move: Psychic Terrain
|move|p1a: Indeedee|Expanding Force|p2a: Salamence
|-damage|p2a: Salamence|30/100
|
|upkeep
|turn|14
|
|t:|1655568909
|switch|p2a: Skarmory|Skarmory, M|90/100
|move|p1a: Indeedee|Expanding Force|p2a: Skarmory
|-resisted|p2a: Skarmory
|-crit|p2a: Skarmory
|-damage|p2a: Skarmory|38/100
|
|upkeep
|turn|15
|
|t:|1655568912
|switch|p1a: Swampert|Swampert, F|42/100 tox
|move|p2a: Skarmory|Roost|p2a: Skarmory
|-heal|p2a: Skarmory|88/100
|-singleturn|p2a: Skarmory|move: Roost
|
|-heal|p1a: Swampert|49/100 tox|[from] item: Leftovers
|-damage|p1a: Swampert|42/100 tox|[from] psn
|upkeep
|turn|16
|
|t:|1655568915
|switch|p2a: Chansey|Chansey, F|15/100
|move|p1a: Swampert|Stealth Rock|p2a: Chansey
|-sidestart|p2: Hydreigon > Latias|move: Stealth Rock
|
|-heal|p1a: Swampert|49/100 tox|[from] item: Leftovers
|-damage|p1a: Swampert|36/100 tox|[from] psn
|upkeep
|turn|17
|
|t:|1655568930
|move|p2a: Chansey|Soft-Boiled|p2a: Chansey
|-heal|p2a: Chansey|65/100
|move|p1a: Swampert|Flip Turn|p2a: Chansey
|-damage|p2a: Chansey|51/100
|
|t:|1655568933
|switch|p1a: Obstagoon|Obstagoon, F|60/100 brn|[from]move: Flip Turn
|
|-damage|p1a: Obstagoon|53/100 brn|[from] brn
|upkeep
|turn|18
|
|t:|1655568939
|switch|p2a: Skarmory|Skarmory, M|88/100
|-damage|p2a: Skarmory|76/100|[from] Stealth Rock
|move|p1a: Obstagoon|Close Combat|p2a: Skarmory
|-damage|p2a: Skarmory|45/100
|-unboost|p1a: Obstagoon|def|1
|-unboost|p1a: Obstagoon|spd|1
|
|-damage|p1a: Obstagoon|47/100 brn|[from] brn
|upkeep
|turn|19
|
|t:|1655568952
|switch|p1a: Indeedee|Indeedee, M, shiny|88/100
|-fieldstart|move: Psychic Terrain|[from] ability: Psychic Surge|[of] p1a: Indeedee
|switch|p2a: Nihilego|Nihilego|100/100
|-damage|p2a: Nihilego|88/100|[from] Stealth Rock
|
|-heal|p2a: Nihilego|94/100|[from] item: Black Sludge
|upkeep
|turn|20
|
|t:|1655568976
|move|p2a: Nihilego|Sludge Bomb|p1a: Indeedee
|-damage|p1a: Indeedee|22/100
|-status|p1a: Indeedee|psn
|move|p1a: Indeedee|Expanding Force|p2a: Nihilego
|-supereffective|p2a: Nihilego
|-crit|p2a: Nihilego
|-damage|p2a: Nihilego|0 fnt
|faint|p2a: Nihilego
|
|-damage|p1a: Indeedee|9/100 psn|[from] psn
|upkeep
|
|t:|1655568980
|switch|p2a: Chansey|Chansey, F|51/100
|-damage|p2a: Chansey|38/100|[from] Stealth Rock
|turn|21
|
|t:|1655568988
|switch|p1a: Obstagoon|Obstagoon, F|47/100 brn
|move|p2a: Chansey|Soft-Boiled|p2a: Chansey
|-heal|p2a: Chansey|88/100
|
|-damage|p1a: Obstagoon|41/100 brn|[from] brn
|upkeep
|turn|22
|
|t:|1655569001
|switch|p2a: Salamence|Salamence, M|30/100
|-ability|p2a: Salamence|Intimidate|boost
|-unboost|p1a: Obstagoon|atk|1
|move|p1a: Obstagoon|Knock Off|p2a: Salamence
|-damage|p2a: Salamence|0 fnt
|-enditem|p2a: Salamence|Heavy-Duty Boots|[from] move: Knock Off|[of] p1a: Obstagoon
|faint|p2a: Salamence
|
|-damage|p1a: Obstagoon|35/100 brn|[from] brn
|upkeep
|
|t:|1655569003
|switch|p2a: Zygarde|Zygarde-10%|94/100
|-damage|p2a: Zygarde|88/100|[from] Stealth Rock
|-ability|p2a: Zygarde|Aura Break
|turn|23
|
|t:|1655569022
|switch|p1a: Swampert|Swampert, F|36/100 tox
|move|p2a: Zygarde|Thousand Arrows|p1a: Swampert
|-damage|p1a: Swampert|0 fnt
|faint|p1a: Swampert
|
|-fieldend|move: Psychic Terrain
|upkeep
|
|t:|1655569036
|switch|p1a: Amoonguss|Amoonguss, M, shiny|100/100
|turn|24
|
|t:|1655569047
|switch|p2a: Skarmory|Skarmory, M|45/100
|-damage|p2a: Skarmory|33/100|[from] Stealth Rock
|move|p1a: Amoonguss|Spore|p2a: Skarmory
|-status|p2a: Skarmory|slp|[from] move: Spore
|
|upkeep
|turn|25
|
|t:|1655569052
|switch|p2a: Chansey|Chansey, F|88/100
|-damage|p2a: Chansey|76/100|[from] Stealth Rock
|switch|p1a: Obstagoon|Obstagoon, F|35/100 brn
|
|-damage|p1a: Obstagoon|29/100 brn|[from] brn
|upkeep
|turn|26
|
|t:|1655569065
|move|p1a: Obstagoon|Close Combat|p2a: Chansey
|-supereffective|p2a: Chansey
|-damage|p2a: Chansey|16/100
|-unboost|p1a: Obstagoon|def|1
|-unboost|p1a: Obstagoon|spd|1
|move|p2a: Chansey|Seismic Toss|p1a: Obstagoon
|-damage|p1a: Obstagoon|0 fnt
|faint|p1a: Obstagoon
|
|upkeep
|
|t:|1655569075
|switch|p1a: Skarmory|Skarmory, F, shiny|100/100
|turn|27
|
|t:|1655569079
|switch|p2a: Skarmory|Skarmory, M|33/100 slp
|-damage|p2a: Skarmory|21/100 slp|[from] Stealth Rock
|move|p1a: Skarmory|Body Press|p2a: Skarmory
|-damage|p2a: Skarmory|0 fnt
|faint|p2a: Skarmory
|
|upkeep
|
|t:|1655569080
|switch|p2a: Zygarde|Zygarde-10%|88/100
|-damage|p2a: Zygarde|82/100|[from] Stealth Rock
|-ability|p2a: Zygarde|Aura Break
|turn|28
|
|t:|1655569098
|move|p2a: Zygarde|Thousand Arrows|p1a: Skarmory
|-damage|p1a: Skarmory|63/100
|-start|p1a: Skarmory|Smack Down
|move|p1a: Skarmory|Body Press|p2a: Zygarde
|-damage|p2a: Zygarde|25/100
|
|upkeep
|turn|29
|
|t:|1655569108
|switch|p1a: Amoonguss|Amoonguss, M, shiny|100/100
|move|p2a: Zygarde|Thousand Arrows|p1a: Amoonguss
|-damage|p1a: Amoonguss|50/100
|
|-heal|p1a: Amoonguss|56/100|[from] item: Black Sludge
|upkeep
|turn|30
|
|t:|1655569119
|move|p2a: Zygarde|Thousand Arrows|p1a: Amoonguss
|-damage|p1a: Amoonguss|4/100
|move|p1a: Amoonguss|Giga Drain|p2a: Zygarde
|-damage|p2a: Zygarde|0 fnt
|-heal|p1a: Amoonguss|11/100|[from] drain|[of] p2a: Zygarde
|faint|p2a: Zygarde
|
|-heal|p1a: Amoonguss|18/100|[from] item: Black Sludge
|upkeep
|
|t:|1655569121
|switch|p2a: Chansey|Chansey, F|16/100
|-damage|p2a: Chansey|3/100|[from] Stealth Rock
|turn|31
|
|t:|1655569129
|move|p2a: Chansey|Soft-Boiled|p2a: Chansey
|-heal|p2a: Chansey|53/100
|move|p1a: Amoonguss|Spore|p2a: Chansey
|-status|p2a: Chansey|slp|[from] move: Spore
|
|-heal|p1a: Amoonguss|24/100|[from] item: Black Sludge
|upkeep
|turn|32
|
|t:|1655569131
|switch|p1a: Skarmory|Skarmory, F, shiny|63/100
|cant|p2a: Chansey|slp
|
|upkeep
|turn|33
|
|t:|1655569134
|move|p1a: Skarmory|Body Press|p2a: Chansey
|-supereffective|p2a: Chansey
|-damage|p2a: Chansey|12/100 slp
|cant|p2a: Chansey|slp
|
|upkeep
|turn|34
|
|t:|1655569136
|move|p1a: Skarmory|Body Press|p2a: Chansey
|-supereffective|p2a: Chansey
|-damage|p2a: Chansey|0 fnt
|faint|p2a: Chansey
|
|win|yungtoasterbread
|raw|yungtoasterbread's rating: 1427 &rarr; <strong>1447</strong><br />(+20 for winning)
|raw|Hydreigon &gt; Latias's rating: 1426 &rarr; <strong>1406</strong><br />(-20 for losing)
|l|☆yungtoasterbread
||Ladder isn't responding, score probably updated but might not have (Request timeout).
