|j|☆DLLT Wuchtbrumme
|j|☆Angelwingsmygoons
|t:|1667659706
|gametype|singles
|player|p1|DLLT Wuchtbrumme|wallace|1552
|player|p2|Angelwingsmygoons|caitlin|1459
|teamsize|p1|6
|teamsize|p2|6
|gen|8
|tier|[Gen 8] UU
|rated|
|rule|Sleep Clause Mod: Limit one foe put to sleep
|rule|Species Clause: Limit one of each Pokémon
|rule|OHKO Clause: OHKO moves are banned
|rule|Evasion Items Clause: Evasion items are banned
|rule|Evasion Moves Clause: Evasion moves are banned
|rule|Endless Battle Clause: Forcing endless battles is banned
|rule|HP Percentage Mod: HP is shown in percentages
|rule|Dynamax Clause: You cannot dynamax
|clearpoke
|poke|p1|Porygon2|
|poke|p1|Marowak-Alola, F|
|poke|p1|Cresselia, F|
|poke|p1|Conkeldurr, F|
|poke|p1|Primarina, F|
|poke|p1|Weezing-Galar, F|
|poke|p2|Thundurus-Therian, M|
|poke|p2|Zarude|
|poke|p2|Moltres|
|poke|p2|Diggersby, F|
|poke|p2|Conkeldurr, F|
|poke|p2|Mimikyu, F|
|teampreview
|
|t:|1667659720
|start
|switch|p1a: Primarina|Primarina, F|100/100
|switch|p2a: Mimikyu|Mimikyu, F|100/100
|turn|1
|
|t:|1667659729
|switch|p2a: Thundurus|Thundurus-Therian, M|100/100
|move|p1a: Primarina|Flip Turn|p2a: Thundurus
|-damage|p2a: Thundurus|74/100
|
|t:|1667659735
|switch|p1a: Porygon2|Porygon2|100/100|[from]move: Flip Turn
|-ability|p1a: Porygon2|Volt Absorb|[from] ability: Trace|[of] p2a: Thundurus
|
|upkeep
|turn|2
|
|t:|1667659759
|move|p2a: Thundurus|Knock Off|p1a: Porygon2
|-damage|p1a: Porygon2|86/100
|-enditem|p1a: Porygon2|Eviolite|[from] move: Knock Off|[of] p2a: Thundurus
|move|p1a: Porygon2|Trick Room|p1a: Porygon2
|-fieldstart|move: Trick Room|[of] p1a: Porygon2
|
|upkeep
|turn|3
|
|t:|1667659766
|move|p2a: Thundurus|Knock Off|p1a: Porygon2
|-damage|p1a: Porygon2|72/100
|move|p1a: Porygon2|Teleport|p1a: Porygon2
|
|t:|1667659777
|switch|p1a: Marowak|Marowak-Alola, F|100/100|[from]move: Teleport
|
|upkeep
|turn|4
|c|☆Angelwingsmygoons|wait soz
|c|☆Angelwingsmygoons|im confused
|c|☆Angelwingsmygoons|why did thund move first
|inactive|Battle timer is ON: inactive players will automatically lose when time's up. (requested by DLLT Wuchtbrumme)
|
|t:|1667659841
|move|p1a: Marowak|Shadow Bone|p2a: Thundurus
|-damage|p2a: Thundurus|0 fnt
|faint|p2a: Thundurus
|
|upkeep
|
|t:|1667659853
|switch|p2a: Moltres|Moltres|100/100
|turn|5
|c|☆DLLT Wuchtbrumme|teleport has -7 priority
|
|t:|1667659859
|move|p1a: Marowak|Poltergeist|p2a: Moltres
|-activate|p2a: Moltres|move: Poltergeist|Heavy-Duty Boots
|-damage|p2a: Moltres|34/100
|move|p2a: Moltres|Roost|p2a: Moltres
|-heal|p2a: Moltres|84/100
|-singleturn|p2a: Moltres|move: Roost
|
|upkeep
|turn|6
|c|☆Angelwingsmygoons|yer just saw tha with dt
|
|t:|1667659874
|switch|p1a: Primarina|Primarina, F|100/100
|move|p2a: Moltres|Roost|p2a: Moltres
|-heal|p2a: Moltres|100/100
|-singleturn|p2a: Moltres|move: Roost
|
|-fieldend|move: Trick Room
|upkeep
|turn|7
|
|t:|1667659889
|move|p2a: Moltres|U-turn|p1a: Primarina
|-resisted|p1a: Primarina
|-damage|p1a: Primarina|92/100
|
|t:|1667659891
|switch|p2a: Zarude|Zarude|100/100|[from]move: U-turn
|move|p1a: Primarina|Flip Turn|p2a: Zarude
|-resisted|p2a: Zarude
|-damage|p2a: Zarude|93/100
|
|t:|1667659904
|switch|p1a: Conkeldurr|Conkeldurr, F|100/100|[from]move: Flip Turn
|
|-status|p1a: Conkeldurr|brn|[from] item: Flame Orb
|upkeep
|turn|8
|
|t:|1667659912
|move|p2a: Zarude|U-turn|p1a: Conkeldurr
|-resisted|p1a: Conkeldurr
|-damage|p1a: Conkeldurr|85/100 brn
|
|t:|1667659918
|switch|p2a: Moltres|Moltres|100/100|[from]move: U-turn
|move|p1a: Conkeldurr|Ice Punch|p2a: Moltres
|-damage|p2a: Moltres|70/100
|-status|p2a: Moltres|frz
|
|-damage|p1a: Conkeldurr|79/100 brn|[from] brn
|upkeep
|turn|9
|
|t:|1667659935
|cant|p2a: Moltres|frz
|move|p1a: Conkeldurr|Facade|p2a: Moltres
|-damage|p2a: Moltres|8/100 frz
|
|-damage|p1a: Conkeldurr|73/100 brn|[from] brn
|upkeep
|turn|10
|
|t:|1667659943
|move|p1a: Conkeldurr|Mach Punch|p2a: Moltres
|-resisted|p2a: Moltres
|-damage|p2a: Moltres|0 fnt
|faint|p2a: Moltres
|
|-damage|p1a: Conkeldurr|67/100 brn|[from] brn
|upkeep
|
|t:|1667659967
|switch|p2a: Zarude|Zarude|93/100
|turn|11
|
|t:|1667659972
|switch|p1a: Weezing|Weezing-Galar, F|100/100
|-ability|p1a: Weezing|Neutralizing Gas
|move|p2a: Zarude|Power Whip|p1a: Weezing
|-resisted|p1a: Weezing
|-crit|p1a: Weezing
|-damage|p1a: Weezing|56/100
|
|-heal|p1a: Weezing|62/100|[from] item: Black Sludge
|upkeep
|turn|12
|
|t:|1667659995
|switch|p2a: Diggersby|Diggersby, F|100/100
|move|p1a: Weezing|Sludge Bomb|p2a: Diggersby
|-resisted|p2a: Diggersby
|-damage|p2a: Diggersby|81/100
|
|-heal|p1a: Weezing|68/100|[from] item: Black Sludge
|upkeep
|turn|13
|
|t:|1667660015
|move|p2a: Diggersby|U-turn|p1a: Weezing
|-resisted|p1a: Weezing
|-damage|p1a: Weezing|66/100
|
|t:|1667660018
|switch|p2a: Conkeldurr|Conkeldurr, F|100/100|[from]move: U-turn
|move|p1a: Weezing|Strange Steam|p2a: Conkeldurr
|-supereffective|p2a: Conkeldurr
|-damage|p2a: Conkeldurr|43/100
|
|-heal|p1a: Weezing|72/100|[from] item: Black Sludge
|-status|p2a: Conkeldurr|brn|[from] item: Flame Orb
|upkeep
|turn|14
|inactive|DLLT Wuchtbrumme has 120 seconds left.
|inactive|DLLT Wuchtbrumme has 90 seconds left.
|
|t:|1667660073
|-end|p1a: Weezing|ability: Neutralizing Gas
|switch|p1a: Conkeldurr|Conkeldurr, F|67/100 brn
|move|p2a: Conkeldurr|Facade|p1a: Conkeldurr
|-damage|p1a: Conkeldurr|0 fnt
|faint|p1a: Conkeldurr
|
|-damage|p2a: Conkeldurr|36/100 brn|[from] brn
|upkeep
|inactive|DLLT Wuchtbrumme has 90 seconds left.
|
|t:|1667660105
|switch|p1a: Cresselia|Cresselia, F|100/100
|turn|15
|
|t:|1667660108
|move|p1a: Cresselia|Moonblast|p2a: Conkeldurr
|-supereffective|p2a: Conkeldurr
|-damage|p2a: Conkeldurr|0 fnt
|faint|p2a: Conkeldurr
|
|upkeep
|
|t:|1667660110
|switch|p2a: Mimikyu|Mimikyu, F|100/100
|turn|16
|
|t:|1667660139
|move|p2a: Mimikyu|Swords Dance|p2a: Mimikyu
|-boost|p2a: Mimikyu|atk|2
|move|p1a: Cresselia|Moonblast|p2a: Mimikyu
|-activate|p2a: Mimikyu|ability: Disguise
|-damage|p2a: Mimikyu|100/100
|detailschange|p2a: Mimikyu|Mimikyu-Busted, F
|-damage|p2a: Mimikyu|88/100|[from] pokemon: Mimikyu-Busted
|
|upkeep
|turn|17
|
|t:|1667660148
|move|p2a: Mimikyu|Substitute|p2a: Mimikyu
|-start|p2a: Mimikyu|Substitute
|-damage|p2a: Mimikyu|63/100
|move|p1a: Cresselia|Trick Room|p1a: Cresselia
|-fieldstart|move: Trick Room|[of] p1a: Cresselia
|
|upkeep
|turn|18
|inactive|DLLT Wuchtbrumme has 60 seconds left.
|
|t:|1667660179
|switch|p1a: Weezing|Weezing-Galar, F|72/100
|-ability|p1a: Weezing|Neutralizing Gas
|move|p2a: Mimikyu|Swords Dance|p2a: Mimikyu
|-boost|p2a: Mimikyu|atk|2
|
|-heal|p1a: Weezing|78/100|[from] item: Black Sludge
|upkeep
|turn|19
|inactive|Angelwingsmygoons has 120 seconds left.
|
|t:|1667660227
|move|p1a: Weezing|Sludge Bomb|p2a: Mimikyu
|-end|p2a: Mimikyu|Substitute
|move|p2a: Mimikyu|Play Rough|p1a: Weezing
|-resisted|p1a: Weezing
|-damage|p1a: Weezing|39/100
|
|-heal|p1a: Weezing|45/100|[from] item: Black Sludge
|upkeep
|turn|20
|inactive|Angelwingsmygoons has 90 seconds left.
|
|t:|1667660249
|switch|p2a: Diggersby|Diggersby, F|81/100
|move|p1a: Weezing|Sludge Bomb|p2a: Diggersby
|-resisted|p2a: Diggersby
|-damage|p2a: Diggersby|61/100
|
|-heal|p1a: Weezing|50/100|[from] item: Black Sludge
|upkeep
|turn|21
|inactive|Angelwingsmygoons has 90 seconds left.
|
|t:|1667660264
|move|p1a: Weezing|Strange Steam|p2a: Diggersby
|-damage|p2a: Diggersby|23/100
|move|p2a: Diggersby|Earthquake|p1a: Weezing
|-supereffective|p1a: Weezing
|-damage|p1a: Weezing|11/100
|
|-heal|p1a: Weezing|17/100|[from] item: Black Sludge
|-fieldend|move: Trick Room
|upkeep
|turn|22
|
|t:|1667660277
|switch|p2a: Mimikyu|Mimikyu-Busted, F|63/100
|move|p1a: Weezing|Strange Steam|p2a: Mimikyu
|-damage|p2a: Mimikyu|36/100
|
|-heal|p1a: Weezing|23/100|[from] item: Black Sludge
|upkeep
|turn|23
|
|t:|1667660285
|move|p2a: Mimikyu|Shadow Sneak|p1a: Weezing
|-damage|p1a: Weezing|12/100
|move|p1a: Weezing|Sludge Bomb|p2a: Mimikyu
|-damage|p2a: Mimikyu|6/100
|-status|p2a: Mimikyu|psn
|
|-heal|p1a: Weezing|18/100|[from] item: Black Sludge
|-damage|p2a: Mimikyu|0 fnt|[from] psn
|faint|p2a: Mimikyu
|upkeep
|c|☆DLLT Wuchtbrumme|rip
|c|☆Angelwingsmygoons|who gives af about levitate anyways
|inactive|Angelwingsmygoons has 90 seconds left.
|
|t:|1667660301
|switch|p2a: Diggersby|Diggersby, F|23/100
|turn|24
|inactive|DLLT Wuchtbrumme has 60 seconds left.
|
|t:|1667660310
|move|p2a: Diggersby|Body Slam|p1a: Weezing
|-damage|p1a: Weezing|2/100
|-status|p1a: Weezing|par
|move|p1a: Weezing|Strange Steam|p2a: Diggersby|[miss]
|-miss|p1a: Weezing|p2a: Diggersby
|
|-heal|p1a: Weezing|8/100 par|[from] item: Black Sludge
|upkeep
|turn|25
|
|t:|1667660320
|switch|p2a: Zarude|Zarude|93/100
|move|p1a: Weezing|Strange Steam|p2a: Zarude
|-supereffective|p2a: Zarude
|-damage|p2a: Zarude|38/100
|-start|p2a: Zarude|confusion
|
|-heal|p1a: Weezing|14/100 par|[from] item: Black Sludge
|upkeep
|turn|26
|
|t:|1667660329
|-activate|p2a: Zarude|confusion
|-damage|p2a: Zarude|25/100|[from] confusion
|move|p1a: Weezing|Strange Steam|p2a: Zarude
|-supereffective|p2a: Zarude
|-damage|p2a: Zarude|0 fnt
|faint|p2a: Zarude
|
|-heal|p1a: Weezing|20/100 par|[from] item: Black Sludge
|upkeep
|inactive|Angelwingsmygoons has 120 seconds left.
|c|☆Angelwingsmygoons|crease
|c|☆Angelwingsmygoons|bg
|-message|Angelwingsmygoons forfeited.
|
|win|DLLT Wuchtbrumme
|raw|DLLT Wuchtbrumme's rating: 1552 &rarr; <strong>1567</strong><br />(+15 for winning)
|raw|Angelwingsmygoons's rating: 1459 &rarr; <strong>1444</strong><br />(-15 for losing)
|l|☆Angelwingsmygoons
|c|☆DLLT Wuchtbrumme|lmao
||Ladder isn't responding, score probably updated but might not have (Request timeout).
