|j|☆Moltester
|j|☆Low Ladder Terror
|t:|1606600482
|player|p1|Moltester|elesa|1603
|player|p2|Low Ladder Terror|teamrocket|1609
|teamsize|p1|6
|teamsize|p2|6
|gametype|singles
|gen|8
|tier|[Gen 8] UU
|rated|
|clearpoke
|poke|p1|Chansey, F|
|poke|p1|Quagsire, M|
|poke|p1|Jirachi|
|poke|p1|Hippowdon, M|
|poke|p1|Amoonguss, F|
|poke|p1|Salamence, M|
|poke|p2|Entei|
|poke|p2|Kommo-o, F|
|poke|p2|Gengar, F|
|poke|p2|Jirachi|
|poke|p2|Primarina, F|
|poke|p2|Rotom-Mow|
|rule|Sleep Clause Mod: Limit one foe put to sleep
|rule|Species Clause: Limit one of each Pokémon
|rule|OHKO Clause: OHKO moves are banned
|rule|Evasion Moves Clause: Evasion moves are banned
|rule|Endless Battle Clause: Forcing endless battles is banned
|rule|HP Percentage Mod: HP is shown in percentages
|rule|Dynamax Clause: You cannot dynamax
|teampreview
|inactive|Battle timer is ON: inactive players will automatically lose when time's up. (requested by Low Ladder Terror)
|j| Elodie
|
|t:|1606600513
|start
|switch|p1a: Hippowdon|Hippowdon, M|100/100
|switch|p2a: Entei|Entei|100/100
|turn|1
|
|t:|1606600517
|move|p2a: Entei|Sacred Fire|p1a: Hippowdon
|-damage|p1a: Hippowdon|60/100
|move|p1a: Hippowdon|Earthquake|p2a: Entei
|-supereffective|p2a: Entei
|-damage|p2a: Entei|15/100
|
|-heal|p1a: Hippowdon|66/100|[from] item: Leftovers
|upkeep
|turn|2
|
|t:|1606600529
|move|p2a: Entei|Sacred Fire|p1a: Hippowdon
|-damage|p1a: Hippowdon|23/100
|-status|p1a: Hippowdon|brn
|move|p1a: Hippowdon|Stealth Rock|p2a: Entei
|-sidestart|p2: Low Ladder Terror|move: Stealth Rock
|
|-heal|p1a: Hippowdon|29/100 brn|[from] item: Leftovers
|-damage|p1a: Hippowdon|23/100 brn|[from] brn
|upkeep
|turn|3
|
|t:|1606600541
|switch|p2a: Primarina|Primarina, F|100/100
|-damage|p2a: Primarina|88/100|[from] Stealth Rock
|switch|p1a: Salamence|Salamence, M|100/100
|-ability|p1a: Salamence|Intimidate|boost
|-unboost|p2a: Primarina|atk|1
|
|-heal|p2a: Primarina|94/100|[from] item: Leftovers
|upkeep
|turn|4
|
|t:|1606600552
|switch|p1a: Amoonguss|Amoonguss, F|100/100
|switch|p2a: Gengar|Gengar, F|100/100
|-damage|p2a: Gengar|88/100|[from] Stealth Rock
|
|-heal|p2a: Gengar|94/100|[from] item: Black Sludge
|upkeep
|turn|5
|
|t:|1606600555
|move|p2a: Gengar|Substitute|p2a: Gengar
|-start|p2a: Gengar|Substitute
|-damage|p2a: Gengar|69/100
|move|p1a: Amoonguss|Spore||[still]
|-fail|p1a: Amoonguss
|
|-heal|p2a: Gengar|76/100|[from] item: Black Sludge
|upkeep
|turn|6
|
|t:|1606600558
|switch|p1a: Chansey|Chansey, F|100/100
|move|p2a: Gengar|Will-O-Wisp|p1a: Chansey
|-status|p1a: Chansey|brn
|
|-heal|p2a: Gengar|82/100|[from] item: Black Sludge
|-damage|p1a: Chansey|94/100 brn|[from] brn
|upkeep
|turn|7
|
|t:|1606600566
|move|p2a: Gengar|Sludge Wave|p1a: Chansey
|-damage|p1a: Chansey|78/100 brn
|move|p1a: Chansey|Heal Bell|p1a: Chansey
|-activate|p1a: Chansey|move: Heal Bell
|-curestatus|p1a: Chansey|brn|[msg]
|-curestatus|p1: Hippowdon|brn|[msg]
|
|-heal|p2a: Gengar|88/100|[from] item: Black Sludge
|upkeep
|turn|8
|
|t:|1606600571
|move|p2a: Gengar|Sludge Wave|p1a: Chansey
|-damage|p1a: Chansey|63/100
|move|p1a: Chansey|Soft-Boiled|p1a: Chansey
|-heal|p1a: Chansey|100/100
|
|-heal|p2a: Gengar|94/100|[from] item: Black Sludge
|upkeep
|turn|9
|
|t:|1606600576
|move|p2a: Gengar|Will-O-Wisp|p1a: Chansey
|-status|p1a: Chansey|brn
|move|p1a: Chansey|Seismic Toss|p2a: Gengar
|-immune|p2a: Gengar
|
|-heal|p2a: Gengar|99/100|[from] item: Black Sludge
|-damage|p1a: Chansey|94/100 brn|[from] brn
|upkeep
|turn|10
|
|t:|1606600583
|move|p2a: Gengar|Substitute|p2a: Gengar
|-fail|p2a: Gengar|move: Substitute
|move|p1a: Chansey|Seismic Toss|p2a: Gengar
|-immune|p2a: Gengar
|
|-heal|p2a: Gengar|100/100|[from] item: Black Sludge
|-damage|p1a: Chansey|88/100 brn|[from] brn
|upkeep
|turn|11
|
|t:|1606600591
|move|p2a: Gengar|Substitute|p2a: Gengar
|-fail|p2a: Gengar|move: Substitute
|move|p1a: Chansey|Seismic Toss|p2a: Gengar
|-immune|p2a: Gengar
|
|-damage|p1a: Chansey|82/100 brn|[from] brn
|upkeep
|turn|12
|
|t:|1606600598
|switch|p1a: Hippowdon|Hippowdon, M|23/100
|move|p2a: Gengar|Will-O-Wisp|p1a: Hippowdon
|-status|p1a: Hippowdon|brn
|
|-heal|p1a: Hippowdon|29/100 brn|[from] item: Leftovers
|-damage|p1a: Hippowdon|23/100 brn|[from] brn
|upkeep
|turn|13
|
|t:|1606600606
|switch|p1a: Chansey|Chansey, F|82/100
|move|p2a: Gengar|Hex|p1a: Chansey
|-immune|p1a: Chansey
|
|upkeep
|turn|14
|
|t:|1606600614
|switch|p1a: Amoonguss|Amoonguss, F|100/100
|move|p2a: Gengar|Will-O-Wisp|p1a: Amoonguss
|-status|p1a: Amoonguss|brn
|
|-damage|p1a: Amoonguss|94/100 brn|[from] brn
|upkeep
|turn|15
|
|t:|1606600620
|switch|p1a: Chansey|Chansey, F|82/100
|move|p2a: Gengar|Hex|p1a: Chansey
|-immune|p1a: Chansey
|
|upkeep
|turn|16
|
|t:|1606600627
|move|p2a: Gengar|Sludge Wave|p1a: Chansey
|-damage|p1a: Chansey|67/100
|-status|p1a: Chansey|psn
|move|p1a: Chansey|Heal Bell|p1a: Chansey
|-activate|p1a: Chansey|move: Heal Bell
|-curestatus|p1a: Chansey|psn|[msg]
|-curestatus|p1: Amoonguss|brn|[msg]
|-curestatus|p1: Hippowdon|brn|[msg]
|
|upkeep
|turn|17
|
|t:|1606600630
|switch|p2a: Rotom|Rotom-Mow|100/100
|-damage|p2a: Rotom|88/100|[from] Stealth Rock
|move|p1a: Chansey|Soft-Boiled|p1a: Chansey
|-heal|p1a: Chansey|100/100
|
|-heal|p2a: Rotom|94/100|[from] item: Leftovers
|upkeep
|turn|18
|
|t:|1606600634
|move|p2a: Rotom|Defog|p1a: Chansey
|-unboost|p1a: Chansey|evasion|1
|-sideend|p2: Low Ladder Terror|Stealth Rock|[from] move: Defog|[of] p2a: Rotom
|move|p1a: Chansey|Toxic|p2a: Rotom|[miss]
|-miss|p1a: Chansey|p2a: Rotom
|
|-heal|p2a: Rotom|100/100|[from] item: Leftovers
|upkeep
|turn|19
|j| hugo1608
|
|t:|1606600640
|move|p2a: Rotom|Volt Switch|p1a: Chansey
|-damage|p1a: Chansey|92/100
|
|t:|1606600643
|switch|p2a: Gengar|Gengar, F|100/100|[from]move: Volt Switch
|move|p1a: Chansey|Toxic|p2a: Gengar
|-immune|p2a: Gengar
|
|upkeep
|turn|20
|
|t:|1606600646
|switch|p1a: Amoonguss|Amoonguss, F|100/100
|move|p2a: Gengar|Substitute|p2a: Gengar
|-start|p2a: Gengar|Substitute
|-damage|p2a: Gengar|76/100
|
|-heal|p2a: Gengar|82/100|[from] item: Black Sludge
|upkeep
|turn|21
|
|t:|1606600650
|switch|p1a: Chansey|Chansey, F|92/100
|move|p2a: Gengar|Sludge Wave|p1a: Chansey
|-damage|p1a: Chansey|77/100
|
|-heal|p2a: Gengar|88/100|[from] item: Black Sludge
|upkeep
|turn|22
|l| hugo1608
|
|t:|1606600655
|move|p2a: Gengar|Will-O-Wisp|p1a: Chansey
|-status|p1a: Chansey|brn
|move|p1a: Chansey|Soft-Boiled|p1a: Chansey
|-heal|p1a: Chansey|100/100 brn
|
|-heal|p2a: Gengar|94/100|[from] item: Black Sludge
|-damage|p1a: Chansey|94/100 brn|[from] brn
|upkeep
|turn|23
|
|t:|1606600659
|switch|p2a: Kommo-o|Kommo-o, F, shiny|100/100
|-curestatus|p1a: Chansey|brn|[from] ability: Natural Cure
|switch|p1a: Amoonguss|Amoonguss, F|100/100
|
|upkeep
|turn|24
|
|t:|1606600667
|move|p2a: Kommo-o|Stealth Rock|p1a: Amoonguss
|-sidestart|p1: Moltester|move: Stealth Rock
|move|p1a: Amoonguss|Toxic|p2a: Kommo-o
|-status|p2a: Kommo-o|tox
|
|-damage|p2a: Kommo-o|94/100 tox|[from] psn
|upkeep
|turn|25
|
|t:|1606600674
|switch|p2a: Rotom|Rotom-Mow|100/100
|switch|p1a: Salamence|Salamence, M|100/100
|-ability|p1a: Salamence|Intimidate|boost
|-unboost|p2a: Rotom|atk|1
|
|upkeep
|turn|26
|
|t:|1606600677
|move|p2a: Rotom|Thunder Wave|p1a: Salamence
|-status|p1a: Salamence|par
|move|p1a: Salamence|Defog|p2a: Rotom
|-unboost|p2a: Rotom|evasion|1
|-sideend|p1: Moltester|Stealth Rock|[from] move: Defog|[of] p1a: Salamence
|
|upkeep
|turn|27
|
|t:|1606600683
|move|p2a: Rotom|Volt Switch|p1a: Salamence
|-damage|p1a: Salamence|72/100 par
|j| 7+8=F
|
|t:|1606600691
|switch|p2a: Primarina|Primarina, F|94/100|[from]move: Volt Switch
|cant|p1a: Salamence|par
|
|-heal|p2a: Primarina|99/100|[from] item: Leftovers
|upkeep
|turn|28
|
|t:|1606600697
|switch|p2a: Kommo-o|Kommo-o, F, shiny|94/100 tox
|switch|p1a: Amoonguss|Amoonguss, F|100/100
|
|-heal|p2a: Kommo-o|100/100 tox|[from] item: Leftovers
|-damage|p2a: Kommo-o|94/100 tox|[from] psn
|upkeep
|turn|29
|
|t:|1606600700
|switch|p1a: Salamence|Salamence, M|72/100 par
|-ability|p1a: Salamence|Intimidate|boost
|-unboost|p2a: Kommo-o|atk|1
|move|p2a: Kommo-o|Stealth Rock|p1a: Salamence
|-sidestart|p1: Moltester|move: Stealth Rock
|
|-heal|p2a: Kommo-o|100/100 tox|[from] item: Leftovers
|-damage|p2a: Kommo-o|88/100 tox|[from] psn
|upkeep
|turn|30
|
|t:|1606600702
|move|p2a: Kommo-o|Clanging Scales|p1a: Salamence
|-supereffective|p1a: Salamence
|-damage|p1a: Salamence|0 fnt
|-unboost|p2a: Kommo-o|def|1
|faint|p1a: Salamence
|
|-heal|p2a: Kommo-o|94/100 tox|[from] item: Leftovers
|-damage|p2a: Kommo-o|76/100 tox|[from] psn
|upkeep
|
|t:|1606600707
|switch|p1a: Jirachi|Jirachi|100/100
|-damage|p1a: Jirachi|94/100|[from] Stealth Rock
|turn|31
|
|t:|1606600726
|switch|p2a: Rotom|Rotom-Mow|100/100
|move|p1a: Jirachi|Iron Head|p2a: Rotom
|-resisted|p2a: Rotom
|-damage|p2a: Rotom|87/100
|
|-heal|p2a: Rotom|93/100|[from] item: Leftovers
|-heal|p1a: Jirachi|100/100|[from] item: Leftovers
|upkeep
|turn|32
|
|t:|1606600734
|move|p2a: Rotom|Thunder Wave|p1a: Jirachi
|-status|p1a: Jirachi|par
|cant|p1a: Jirachi|par
|
|-heal|p2a: Rotom|99/100|[from] item: Leftovers
|upkeep
|turn|33
|c|☆Moltester|jesus you get paras on the best turns
|-message|Moltester forfeited.
|
|win|Low Ladder Terror
|l|☆Moltester
|c|☆Low Ladder Terror|lol
|l| Elodie
|raw|Moltester's rating: 1604 &rarr; <strong>1583</strong><br />(-21 for losing)
|raw|Low Ladder Terror's rating: 1582 &rarr; <strong>1603</strong><br />(+21 for winning)
