|j|☆SSRW26 Swoosh
|j|☆Nidhogg3141
|t:|1609899591
|player|p1|SSRW26 Swoosh|korrina|1336
|player|p2|Nidhogg3141|mars|1253
|teamsize|p1|6
|teamsize|p2|6
|gametype|singles
|gen|8
|tier|[Gen 8] UU
|rated|
|clearpoke
|poke|p1|Ninetales-Alola, F|
|poke|p1|Thundurus, M|
|poke|p1|Krookodile, M|
|poke|p1|Gyarados, M|
|poke|p1|Haxorus, F|
|poke|p1|Scizor, F|
|poke|p2|Victini|
|poke|p2|Keldeo-Resolute|
|poke|p2|Latias, F|
|poke|p2|Scizor, F|
|poke|p2|Kommo-o, F|
|poke|p2|Tapu Bulu|
|rule|Sleep Clause Mod: Limit one foe put to sleep
|rule|Species Clause: Limit one of each Pokémon
|rule|OHKO Clause: OHKO moves are banned
|rule|Evasion Moves Clause: Evasion moves are banned
|rule|Endless Battle Clause: Forcing endless battles is banned
|rule|HP Percentage Mod: HP is shown in percentages
|rule|Dynamax Clause: You cannot dynamax
|teampreview
|inactive|Battle timer is ON: inactive players will automatically lose when time's up. (requested by SSRW26 Swoosh)
|
|t:|1609899608
|start
|switch|p1a: Krookodile|Krookodile, M|100/100
|switch|p2a: Kommo-o|Kommo-o, F|100/100
|-ability|p1a: Krookodile|Intimidate|boost
|-unboost|p2a: Kommo-o|atk|1
|turn|1
|
|t:|1609899620
|move|p1a: Krookodile|Taunt|p2a: Kommo-o
|-start|p2a: Kommo-o|move: Taunt
|move|p2a: Kommo-o|Body Press|p1a: Krookodile
|-supereffective|p1a: Krookodile
|-damage|p1a: Krookodile|2/100
|-damage|p2a: Kommo-o|84/100|[from] item: Rocky Helmet|[of] p1a: Krookodile
|
|upkeep
|turn|2
|
|t:|1609899624
|move|p1a: Krookodile|Stealth Rock|p2a: Kommo-o
|-sidestart|p2: Nidhogg3141|move: Stealth Rock
|move|p2a: Kommo-o|Body Press|p1a: Krookodile
|-supereffective|p1a: Krookodile
|-damage|p1a: Krookodile|0 fnt
|-damage|p2a: Kommo-o|67/100|[from] item: Rocky Helmet|[of] p1a: Krookodile
|faint|p1a: Krookodile
|
|upkeep
|
|t:|1609899633
|switch|p1a: Ninetales|Ninetales-Alola, F|100/100
|-weather|Hail|[from] ability: Snow Warning|[of] p1a: Ninetales
|turn|3
|
|t:|1609899640
|switch|p2a: Scizor|Scizor, F|100/100
|-damage|p2a: Scizor|88/100|[from] Stealth Rock
|move|p1a: Ninetales|Aurora Veil|p1a: Ninetales
|-sidestart|p1: SSRW26 Swoosh|move: Aurora Veil
|
|-weather|Hail|[upkeep]
|-damage|p2a: Scizor|82/100|[from] Hail
|-heal|p2a: Scizor|88/100|[from] item: Leftovers
|upkeep
|turn|4
|
|t:|1609899649
|move|p2a: Scizor|Bullet Punch|p1a: Ninetales
|-supereffective|p1a: Ninetales
|-damage|p1a: Ninetales|35/100
|move|p1a: Ninetales|Hypnosis|p2a: Scizor
|-status|p2a: Scizor|slp|[from] move: Hypnosis
|
|-weather|Hail|[upkeep]
|-damage|p2a: Scizor|82/100 slp|[from] Hail
|-heal|p2a: Scizor|88/100 slp|[from] item: Leftovers
|upkeep
|turn|5
|
|t:|1609899658
|switch|p1a: Thundurus|Thundurus, M, shiny|100/100
|cant|p2a: Scizor|slp
|
|-weather|Hail|[upkeep]
|-damage|p1a: Thundurus|94/100|[from] Hail
|-damage|p2a: Scizor|82/100 slp|[from] Hail
|-heal|p2a: Scizor|88/100 slp|[from] item: Leftovers
|upkeep
|turn|6
|
|t:|1609899666
|switch|p2a: Kommo-o|Kommo-o, F|67/100
|-damage|p2a: Kommo-o|61/100|[from] Stealth Rock
|move|p1a: Thundurus|Nasty Plot|p1a: Thundurus
|-boost|p1a: Thundurus|spa|2
|
|-weather|Hail|[upkeep]
|-damage|p1a: Thundurus|88/100|[from] Hail
|-damage|p2a: Kommo-o|55/100|[from] Hail
|upkeep
|turn|7
|inactive|SSRW26 Swoosh has 120 seconds left.
|
|t:|1609899710
|move|p1a: Thundurus|Psychic|p2a: Kommo-o
|-supereffective|p2a: Kommo-o
|-damage|p2a: Kommo-o|0 fnt
|-damage|p1a: Thundurus|79/100|[from] item: Life Orb
|faint|p2a: Kommo-o
|
|-weather|none
|upkeep
|inactive|Nidhogg3141 has 120 seconds left.
|
|t:|1609899724
|switch|p2a: Latias|Latias, F|100/100
|-damage|p2a: Latias|88/100|[from] Stealth Rock
|turn|8
|
|t:|1609899728
|move|p1a: Thundurus|Thunderbolt|p2a: Latias
|-resisted|p2a: Latias
|-damage|p2a: Latias|43/100
|-damage|p1a: Thundurus|69/100|[from] item: Life Orb
|move|p2a: Latias|Defog|p1a: Thundurus
|-unboost|p1a: Thundurus|evasion|1
|-sideend|p1: SSRW26 Swoosh|move: Aurora Veil
|-sideend|p2: Nidhogg3141|Stealth Rock|[from] move: Defog|[of] p2a: Latias
|
|upkeep
|turn|9
|inactive|Nidhogg3141 has 120 seconds left.
|
|t:|1609899756
|switch|p2a: Scizor|Scizor, F|88/100 slp
|move|p1a: Thundurus|Thunderbolt|p2a: Scizor
|-crit|p2a: Scizor
|-damage|p2a: Scizor|0 fnt
|-damage|p1a: Thundurus|59/100|[from] item: Life Orb
|faint|p2a: Scizor
|
|upkeep
|
|t:|1609899760
|switch|p2a: Victini|Victini|100/100
|turn|10
|
|t:|1609899774
|move|p2a: Victini|V-create|p1a: Thundurus
|-damage|p1a: Thundurus|0 fnt
|-unboost|p2a: Victini|spe|1
|-unboost|p2a: Victini|def|1
|-unboost|p2a: Victini|spd|1
|faint|p1a: Thundurus
|
|upkeep
|
|t:|1609899785
|switch|p1a: Ninetales|Ninetales-Alola, F|35/100
|-weather|Hail|[from] ability: Snow Warning|[of] p1a: Ninetales
|turn|11
|
|t:|1609899793
|move|p1a: Ninetales|Aurora Veil|p1a: Ninetales
|-sidestart|p1: SSRW26 Swoosh|move: Aurora Veil
|move|p2a: Victini|V-create|p1a: Ninetales
|-supereffective|p1a: Ninetales
|-damage|p1a: Ninetales|0 fnt
|-unboost|p2a: Victini|spe|1
|-unboost|p2a: Victini|def|1
|-unboost|p2a: Victini|spd|1
|faint|p1a: Ninetales
|
|-weather|Hail|[upkeep]
|-damage|p2a: Victini|94/100|[from] Hail
|upkeep
|
|t:|1609899796
|switch|p1a: Gyarados|Gyarados, M, shiny|100/100
|turn|12
|
|t:|1609899802
|switch|p2a: Tapu Bulu|Tapu Bulu|100/100
|-fieldstart|move: Grassy Terrain|[from] ability: Grassy Surge|[of] p2a: Tapu Bulu
|move|p1a: Gyarados|Dragon Dance|p1a: Gyarados
|-boost|p1a: Gyarados|atk|1
|-boost|p1a: Gyarados|spe|1
|
|-weather|Hail|[upkeep]
|-damage|p1a: Gyarados|94/100|[from] Hail
|-damage|p2a: Tapu Bulu|94/100|[from] Hail
|-heal|p2a: Tapu Bulu|100/100|[from] Grassy Terrain
|upkeep
|turn|13
|
|t:|1609899805
|move|p1a: Gyarados|Dragon Dance|p1a: Gyarados
|-boost|p1a: Gyarados|atk|1
|-boost|p1a: Gyarados|spe|1
|move|p2a: Tapu Bulu|Swords Dance|p2a: Tapu Bulu
|-boost|p2a: Tapu Bulu|atk|2
|
|-weather|Hail|[upkeep]
|-damage|p1a: Gyarados|88/100|[from] Hail
|-damage|p2a: Tapu Bulu|94/100|[from] Hail
|-heal|p2a: Tapu Bulu|100/100|[from] Grassy Terrain
|upkeep
|turn|14
|
|t:|1609899814
|move|p1a: Gyarados|Ice Fang|p2a: Tapu Bulu
|-supereffective|p2a: Tapu Bulu
|-damage|p2a: Tapu Bulu|0 fnt
|faint|p2a: Tapu Bulu
|-ability|p1a: Gyarados|Moxie|boost
|-boost|p1a: Gyarados|atk|1
|
|-weather|Hail|[upkeep]
|-damage|p1a: Gyarados|82/100|[from] Hail
|upkeep
|
|t:|1609899822
|switch|p2a: Keldeo|Keldeo-Resolute|100/100
|turn|15
|
|t:|1609899833
|move|p1a: Gyarados|Power Whip|p2a: Keldeo
|-supereffective|p2a: Keldeo
|-damage|p2a: Keldeo|0 fnt
|faint|p2a: Keldeo
|-ability|p1a: Gyarados|Moxie|boost
|-boost|p1a: Gyarados|atk|1
|
|-weather|none
|upkeep
|-message|Nidhogg3141 forfeited.
|
|win|SSRW26 Swoosh
|l|☆Nidhogg3141
|raw|SSRW26 Swoosh's rating: 1336 &rarr; <strong>1352</strong><br />(+16 for winning)
|raw|Nidhogg3141's rating: 1280 &rarr; <strong>1259</strong><br />(-21 for losing)
