|j|☆pokemonisfun
|j|☆senegal
|player|p1|pokemonisfun|preschoolerf|1689
|player|p2|senegal|170|1643
|teamsize|p1|6
|teamsize|p2|6
|gametype|singles
|gen|8
|tier|[Gen 8] UU
|rated|
|clearpoke
|poke|p1|Necrozma|
|poke|p1|Bronzong|
|poke|p1|Cobalion|
|poke|p1|Incineroar, F|
|poke|p1|Rotom-Wash|
|poke|p1|Noivern, M|
|poke|p2|Darmanitan, M|
|poke|p2|Ninetales, M|
|poke|p2|Venusaur, F|
|poke|p2|Sylveon, F|
|poke|p2|Leafeon, M|
|poke|p2|Torkoal, M|
|rule|Sleep Clause Mod: Limit one foe put to sleep
|rule|Species Clause: Limit one of each Pokémon
|rule|OHKO Clause: OHKO moves are banned
|rule|Evasion Moves Clause: Evasion moves are banned
|rule|Endless Battle Clause: Forcing endless battles is banned
|rule|HP Percentage Mod: HP is shown in percentages
|rule|Dynamax Clause: You cannot dynamax
|teampreview
|
|start
|switch|p1a: scratchy matchy|Incineroar, F|100/100
|switch|p2a: Sylveon|Sylveon, F|100/100
|-ability|p1a: scratchy matchy|Intimidate|boost
|-unboost|p2a: Sylveon|atk|1
|turn|1
|
|switch|p1a: ding dong|Bronzong|100/100
|move|p2a: Sylveon|Mystical Fire|p1a: ding dong
|-supereffective|p1a: ding dong
|-damage|p1a: ding dong|48/100
|-unboost|p1a: ding dong|spa|1
|
|-heal|p1a: ding dong|54/100|[from] item: Leftovers
|upkeep
|turn|2
|
|move|p2a: Sylveon|Mystical Fire|p1a: ding dong
|-supereffective|p1a: ding dong
|-damage|p1a: ding dong|0 fnt
|faint|p1a: ding dong
|
|upkeep
|
|switch|p1a: dead head|Necrozma|100/100
|turn|3
|j| Adrift & Rising
|
|switch|p2a: Torkoal|Torkoal, M|100/100
|-weather|SunnyDay|[from] ability: Drought|[of] p2a: Torkoal
|move|p1a: dead head|Dragon Dance|p1a: dead head
|-boost|p1a: dead head|atk|1
|-boost|p1a: dead head|spe|1
|
|-weather|SunnyDay|[upkeep]
|upkeep
|turn|4
|
|move|p1a: dead head|Photon Geyser|p2a: Torkoal
|-crit|p2a: Torkoal
|-damage|p2a: Torkoal|4/100
|move|p2a: Torkoal|Explosion|p1a: dead head
|-damage|p1a: dead head|45/100
|faint|p2a: Torkoal
|
|-weather|SunnyDay|[upkeep]
|upkeep
|
|switch|p2a: Venusaur|Venusaur, F|100/100
|turn|5
|
|move|p2a: Venusaur|Weather Ball|p1a: dead head
|-damage|p1a: dead head|0 fnt
|-damage|p2a: Venusaur|91/100|[from] item: Life Orb
|faint|p1a: dead head
|
|-weather|SunnyDay|[upkeep]
|upkeep
|
|switch|p1a: scratchy matchy|Incineroar, F|100/100
|-ability|p1a: scratchy matchy|Intimidate|boost
|-unboost|p2a: Venusaur|atk|1
|turn|6
|
|switch|p2a: Sylveon|Sylveon, F|100/100
|move|p1a: scratchy matchy|Flare Blitz|p2a: Sylveon
|-damage|p2a: Sylveon|10/100
|-status|p2a: Sylveon|brn
|-damage|p1a: scratchy matchy|75/100|[from] Recoil
|
|-weather|SunnyDay|[upkeep]
|-damage|p2a: Sylveon|4/100 brn|[from] brn
|upkeep
|turn|7
|
|switch|p1a: wishy washy|Rotom-Wash|100/100
|move|p2a: Sylveon|Hyper Voice|p1a: wishy washy
|-damage|p1a: wishy washy|18/100
|
|-weather|SunnyDay|[upkeep]
|-heal|p1a: wishy washy|24/100|[from] item: Leftovers
|-damage|p2a: Sylveon|0 fnt|[from] brn
|faint|p2a: Sylveon
|upkeep
|
|switch|p2a: Darmanitan|Darmanitan, M|100/100
|turn|8
|
|move|p2a: Darmanitan|Flare Blitz|p1a: wishy washy
|-resisted|p1a: wishy washy
|-damage|p1a: wishy washy|0 fnt
|-damage|p2a: Darmanitan|94/100|[from] Recoil
|faint|p1a: wishy washy
|
|-weather|SunnyDay|[upkeep]
|upkeep
|
|switch|p1a: batzy watzy|Noivern, M|100/100
|-item|p2a: Darmanitan|Choice Band|[from] ability: Frisk|[of] p1a: batzy watzy|[identify]
|turn|9
|
|move|p1a: batzy watzy|Draco Meteor|p2a: Darmanitan|[miss]
|-miss|p1a: batzy watzy|p2a: Darmanitan
|move|p2a: Darmanitan|Flare Blitz|p1a: batzy watzy
|-resisted|p1a: batzy watzy
|-damage|p1a: batzy watzy|0 fnt
|-damage|p2a: Darmanitan|65/100|[from] Recoil
|faint|p1a: batzy watzy
|
|-weather|SunnyDay|[upkeep]
|upkeep
|
|switch|p1a: sheep that sweeps|Cobalion|100/100
|turn|10
|
|move|p1a: sheep that sweeps|Stone Edge|p2a: Darmanitan
|-supereffective|p2a: Darmanitan
|-crit|p2a: Darmanitan
|-damage|p2a: Darmanitan|0 fnt
|faint|p2a: Darmanitan
|
|-weather|none
|upkeep
|
|switch|p2a: Ninetales|Ninetales, M|100/100
|-weather|SunnyDay|[from] ability: Drought|[of] p2a: Ninetales
|turn|11
|
|switch|p1a: scratchy matchy|Incineroar, F|75/100
|-ability|p1a: scratchy matchy|Intimidate|boost
|-unboost|p2a: Ninetales|atk|1
|move|p2a: Ninetales|Memento|p1a: scratchy matchy
|-unboost|p1a: scratchy matchy|atk|2
|-unboost|p1a: scratchy matchy|spa|2
|faint|p2a: Ninetales
|
|-weather|SunnyDay|[upkeep]
|upkeep
|
|switch|p2a: Leafeon|Leafeon, M|100/100
|turn|12
|
|move|p2a: Leafeon|Double-Edge|p1a: scratchy matchy
|-damage|p1a: scratchy matchy|22/100
|-damage|p2a: Leafeon|77/100|[from] Recoil
|-damage|p2a: Leafeon|67/100|[from] item: Life Orb
|move|p1a: scratchy matchy|Parting Shot|p2a: Leafeon
|-unboost|p2a: Leafeon|atk|1
|-unboost|p2a: Leafeon|spa|1
|
|switch|p1a: sheep that sweeps|Cobalion|100/100|[from]move: Parting Shot
|
|-weather|SunnyDay|[upkeep]
|upkeep
|turn|13
|
|move|p2a: Leafeon|Swords Dance|p2a: Leafeon
|-boost|p2a: Leafeon|atk|2
|move|p1a: sheep that sweeps|Swords Dance|p1a: sheep that sweeps
|-boost|p1a: sheep that sweeps|atk|2
|
|-weather|SunnyDay|[upkeep]
|upkeep
|turn|14
|
|switch|p1a: scratchy matchy|Incineroar, F|22/100
|-ability|p1a: scratchy matchy|Intimidate|boost
|-unboost|p2a: Leafeon|atk|1
|move|p2a: Leafeon|Solar Blade||[still]
|-prepare|p2a: Leafeon|Solar Blade|p1a: scratchy matchy
|-anim|p2a: Leafeon|Solar Blade|p1a: scratchy matchy
|-resisted|p1a: scratchy matchy
|-damage|p1a: scratchy matchy|0 fnt
|-damage|p2a: Leafeon|58/100|[from] item: Life Orb
|faint|p1a: scratchy matchy
|
|-weather|SunnyDay|[upkeep]
|upkeep
|
|switch|p1a: sheep that sweeps|Cobalion|100/100
|turn|15
|
|move|p2a: Leafeon|Solar Blade||[still]
|-prepare|p2a: Leafeon|Solar Blade|p1a: sheep that sweeps
|-anim|p2a: Leafeon|Solar Blade|p1a: sheep that sweeps
|-resisted|p1a: sheep that sweeps
|-damage|p1a: sheep that sweeps|63/100
|-damage|p2a: Leafeon|48/100|[from] item: Life Orb
|move|p1a: sheep that sweeps|Swords Dance|p1a: sheep that sweeps
|-boost|p1a: sheep that sweeps|atk|2
|
|-weather|SunnyDay|[upkeep]
|upkeep
|turn|16
|c|☆senegal|Gg
|
|move|p2a: Leafeon|Solar Blade||[still]
|-prepare|p2a: Leafeon|Solar Blade|p1a: sheep that sweeps
|-anim|p2a: Leafeon|Solar Blade|p1a: sheep that sweeps
|-resisted|p1a: sheep that sweeps
|-crit|p1a: sheep that sweeps
|-damage|p1a: sheep that sweeps|9/100
|-damage|p2a: Leafeon|38/100|[from] item: Life Orb
|move|p1a: sheep that sweeps|Swords Dance|p1a: sheep that sweeps
|-boost|p1a: sheep that sweeps|atk|2
|
|-weather|SunnyDay|[upkeep]
|upkeep
|turn|17
|
|move|p2a: Leafeon|Solar Blade||[still]
|-prepare|p2a: Leafeon|Solar Blade|p1a: sheep that sweeps
|-anim|p2a: Leafeon|Solar Blade|p1a: sheep that sweeps
|-resisted|p1a: sheep that sweeps
|-crit|p1a: sheep that sweeps
|-damage|p1a: sheep that sweeps|0 fnt
|-damage|p2a: Leafeon|29/100|[from] item: Life Orb
|faint|p1a: sheep that sweeps
|
|win|senegal
|c|☆pokemonisfun|gg
|l|☆senegal
|l|☆pokemonisfun
|raw|pokemonisfun's rating: 1689 &rarr; <strong>1666</strong><br />(-23 for losing)
|raw|senegal's rating: 1643 &rarr; <strong>1666</strong><br />(+23 for winning)
