|j|☆what if tho
|j|☆Lucasnomie
|player|p1|what if tho|blue|1389
|player|p2|Lucasnomie|caitlin|1297
|teamsize|p1|6
|teamsize|p2|6
|gametype|singles
|gen|8
|tier|[Gen 8] UU
|rated|
|clearpoke
|poke|p1|Blastoise, M|
|poke|p1|Toxtricity, F|
|poke|p1|Rotom-Mow|
|poke|p1|Incineroar, M|
|poke|p1|Cobalion|
|poke|p1|Avalugg, M|
|poke|p2|Umbreon, M|
|poke|p2|Noivern, M|
|poke|p2|Lucario, F|
|poke|p2|Chandelure, F|
|poke|p2|Haxorus, M|
|poke|p2|Gardevoir, F|
|rule|Sleep Clause Mod: Limit one foe put to sleep
|rule|Species Clause: Limit one of each Pokémon
|rule|OHKO Clause: OHKO moves are banned
|rule|Evasion Moves Clause: Evasion moves are banned
|rule|Endless Battle Clause: Forcing endless battles is banned
|rule|HP Percentage Mod: HP is shown in percentages
|rule|Dynamax Clause: You cannot dynamax
|teampreview
|
|start
|switch|p1a: Incineroar|Incineroar, M|100/100
|switch|p2a: Lucario|Lucario, F, shiny|100/100
|-ability|p1a: Incineroar|Intimidate|boost
|-immune|p2a: Lucario|[from] ability: Inner Focus
|turn|1
|
|switch|p1a: Toxtricity|Toxtricity, F|100/100
|move|p2a: Lucario|Close Combat|p1a: Toxtricity
|-resisted|p1a: Toxtricity
|-damage|p1a: Toxtricity|40/100
|-unboost|p2a: Lucario|def|1
|-unboost|p2a: Lucario|spd|1
|-damage|p2a: Lucario|91/100|[from] item: Life Orb
|
|upkeep
|turn|2
|
|move|p2a: Lucario|Crunch|p1a: Toxtricity
|-damage|p1a: Toxtricity|0 fnt
|-damage|p2a: Lucario|81/100|[from] item: Life Orb
|faint|p1a: Toxtricity
|
|upkeep
|
|switch|p1a: Blastoise|Blastoise, M|100/100
|turn|3
|
|move|p2a: Lucario|Close Combat|p1a: Blastoise
|-damage|p1a: Blastoise|14/100
|-unboost|p2a: Lucario|def|1
|-unboost|p2a: Lucario|spd|1
|-damage|p2a: Lucario|71/100|[from] item: Life Orb
|move|p1a: Blastoise|Shell Smash|p1a: Blastoise
|-unboost|p1a: Blastoise|def|1
|-unboost|p1a: Blastoise|spd|1
|-boost|p1a: Blastoise|atk|2
|-boost|p1a: Blastoise|spa|2
|-boost|p1a: Blastoise|spe|2
|-enditem|p1a: Blastoise|White Herb
|-clearnegativeboost|p1a: Blastoise|[silent]
|
|upkeep
|turn|4
|
|move|p2a: Lucario|Extreme Speed|p1a: Blastoise
|-damage|p1a: Blastoise|0 fnt
|-damage|p2a: Lucario|61/100|[from] item: Life Orb
|faint|p1a: Blastoise
|
|upkeep
|
|switch|p1a: Cobalion|Cobalion|100/100
|turn|5
|
|switch|p2a: Noivern|Noivern, M, shiny|100/100
|-item|p1a: Cobalion|Shuca Berry|[from] ability: Frisk|[of] p2a: Noivern|[identify]
|move|p1a: Cobalion|Close Combat|p2a: Noivern
|-resisted|p2a: Noivern
|-damage|p2a: Noivern|67/100
|-unboost|p1a: Cobalion|def|1
|-unboost|p1a: Cobalion|spd|1
|
|upkeep
|turn|6
|
|move|p2a: Noivern|Flamethrower|p1a: Cobalion
|-supereffective|p1a: Cobalion
|-damage|p1a: Cobalion|0 fnt
|faint|p1a: Cobalion
|
|upkeep
|
|switch|p1a: Incineroar|Incineroar, M|100/100
|-ability|p1a: Incineroar|Intimidate|boost
|-unboost|p2a: Noivern|atk|1
|turn|7
|
|move|p2a: Noivern|Hurricane|p1a: Incineroar
|-damage|p1a: Incineroar|71/100
|move|p1a: Incineroar|Flare Blitz|p2a: Noivern
|-resisted|p2a: Noivern
|-damage|p2a: Noivern|23/100
|-damage|p1a: Incineroar|59/100|[from] Recoil
|
|upkeep
|turn|8
|
|move|p2a: Noivern|Draco Meteor|p1a: Incineroar
|-damage|p1a: Incineroar|23/100
|-unboost|p2a: Noivern|spa|2
|move|p1a: Incineroar|Flare Blitz|p2a: Noivern
|-resisted|p2a: Noivern
|-damage|p2a: Noivern|0 fnt
|-damage|p1a: Incineroar|18/100|[from] Recoil
|faint|p2a: Noivern
|
|upkeep
|
|switch|p2a: Chandelure|Chandelure, F, shiny|100/100
|turn|9
|
|move|p2a: Chandelure|Flamethrower|p1a: Incineroar
|-resisted|p1a: Incineroar
|-damage|p1a: Incineroar|2/100
|move|p1a: Incineroar|Knock Off|p2a: Chandelure
|-supereffective|p2a: Chandelure
|-damage|p2a: Chandelure|0 fnt
|-enditem|p2a: Chandelure|Choice Scarf|[from] move: Knock Off|[of] p1a: Incineroar
|faint|p2a: Chandelure
|
|upkeep
|
|switch|p2a: Lucario|Lucario, F, shiny|61/100
|turn|10
|
|move|p2a: Lucario|Extreme Speed|p1a: Incineroar
|-damage|p1a: Incineroar|0 fnt
|-damage|p2a: Lucario|51/100|[from] item: Life Orb
|faint|p1a: Incineroar
|
|upkeep
|
|switch|p1a: Avalugg|Avalugg, M|100/100
|turn|11
|
|move|p2a: Lucario|Close Combat|p1a: Avalugg
|-supereffective|p1a: Avalugg
|-damage|p1a: Avalugg|42/100
|-unboost|p2a: Lucario|def|1
|-unboost|p2a: Lucario|spd|1
|-damage|p2a: Lucario|41/100|[from] item: Life Orb
|move|p1a: Avalugg|Body Press|p2a: Lucario
|-supereffective|p2a: Lucario
|-damage|p2a: Lucario|0 fnt
|faint|p2a: Lucario
|
|-heal|p1a: Avalugg|48/100|[from] item: Leftovers
|upkeep
|
|switch|p2a: Gardevoir|Gardevoir, F, shiny|100/100
|-ability|p2a: Gardevoir|Sturdy|[from] ability: Trace|[of] p1a: Avalugg
|turn|12
|
|move|p2a: Gardevoir|Moonblast|p1a: Avalugg
|-damage|p1a: Avalugg|0 fnt
|faint|p1a: Avalugg
|
|upkeep
|
|switch|p1a: Rotom|Rotom-Mow|100/100
|turn|13
|
|move|p1a: Rotom|Thunderbolt|p2a: Gardevoir
|-crit|p2a: Gardevoir
|-damage|p2a: Gardevoir|37/100
|move|p2a: Gardevoir|Moonblast|p1a: Rotom
|-damage|p1a: Rotom|3/100
|-unboost|p1a: Rotom|spa|1
|
|upkeep
|turn|14
|
|move|p1a: Rotom|Thunderbolt|p2a: Gardevoir
|-damage|p2a: Gardevoir|5/100
|move|p2a: Gardevoir|Moonblast|p1a: Rotom
|-damage|p1a: Rotom|0 fnt
|faint|p1a: Rotom
|
|win|Lucasnomie
|c|☆what if tho|gg
|l|☆what if tho
|c|☆Lucasnomie|gg
