|j|☆Parmycat
|j|☆kisses mwah
|inactive|Battle timer is ON: inactive players will automatically lose when time's up.
|t:|1665503341
|gametype|singles
|player|p1|Parmycat|lillie-masters2|
|player|p2|kisses mwah|concordia|
|teamsize|p1|6
|teamsize|p2|6
|gen|8
|tier|[Gen 8] UU
|rated|Tournament battle
|rule|Sleep Clause Mod: Limit one foe put to sleep
|rule|Species Clause: Limit one of each Pokémon
|rule|OHKO Clause: OHKO moves are banned
|rule|Evasion Items Clause: Evasion items are banned
|rule|Evasion Moves Clause: Evasion moves are banned
|rule|Endless Battle Clause: Forcing endless battles is banned
|rule|HP Percentage Mod: HP is shown in percentages
|rule|Dynamax Clause: You cannot dynamax
|clearpoke
|poke|p1|Excadrill, F|
|poke|p1|Celesteela|
|poke|p1|Gyarados, M|
|poke|p1|Scizor, F|
|poke|p1|Azelf|
|poke|p1|Keldeo-Resolute|
|poke|p2|Scizor, F|
|poke|p2|Primarina, F|
|poke|p2|Jirachi|
|poke|p2|Nidoqueen, F|
|poke|p2|Salamence, F|
|poke|p2|Zarude|
|teampreview
|j|*Lady Monita ☽
|
|t:|1665503359
|start
|switch|p1a: Excadrill|Excadrill, F|100/100
|switch|p2a: Zarude|Zarude|100/100
|-ability|p1a: Excadrill|Mold Breaker
|turn|1
|
|t:|1665503365
|move|p2a: Zarude|Power Whip|p1a: Excadrill
|-damage|p1a: Excadrill|12/100
|move|p1a: Excadrill|Rock Tomb|p2a: Zarude
|-damage|p2a: Zarude|79/100
|-unboost|p2a: Zarude|spe|1
|
|upkeep
|turn|2
|
|t:|1665503370
|move|p2a: Zarude|Power Whip|p1a: Excadrill
|-damage|p1a: Excadrill|0 fnt
|faint|p1a: Excadrill
|
|upkeep
|
|t:|1665503377
|switch|p1a: Scizor|Scizor, F|100/100
|turn|3
|
|t:|1665503393
|switch|p2a: Salamence|Salamence, F|100/100
|-ability|p2a: Salamence|Intimidate|boost
|-unboost|p1a: Scizor|atk|1
|switch|p1a: Gyarados|Gyarados, M|100/100
|
|upkeep
|turn|4
|
|t:|1665503398
|move|p2a: Salamence|Toxic|p1a: Gyarados
|-status|p1a: Gyarados|tox
|move|p1a: Gyarados|Dragon Dance|p1a: Gyarados
|-boost|p1a: Gyarados|atk|1
|-boost|p1a: Gyarados|spe|1
|
|-damage|p1a: Gyarados|94/100 tox|[from] psn
|upkeep
|turn|5
|
|t:|1665503402
|switch|p2a: Scizor|Scizor, F|100/100
|move|p1a: Gyarados|Ice Fang|p2a: Scizor
|-resisted|p2a: Scizor
|-damage|p2a: Scizor|86/100
|
|-damage|p1a: Gyarados|82/100 tox|[from] psn
|upkeep
|turn|6
|
|t:|1665503409
|switch|p2a: Salamence|Salamence, F|100/100
|-ability|p2a: Salamence|Intimidate|boost
|-unboost|p1a: Gyarados|atk|1
|move|p1a: Gyarados|Ice Fang|p2a: Salamence
|-supereffective|p2a: Salamence
|-damage|p2a: Salamence|0 fnt
|faint|p2a: Salamence
|-ability|p1a: Gyarados|Moxie|boost
|-boost|p1a: Gyarados|atk|1
|
|-damage|p1a: Gyarados|64/100 tox|[from] psn
|upkeep
|
|t:|1665503417
|switch|p2a: Zarude|Zarude|79/100
|turn|7
|
|t:|1665503421
|switch|p1a: Celesteela|Celesteela|100/100
|move|p2a: Zarude|Power Whip|p1a: Celesteela
|-resisted|p1a: Celesteela
|-damage|p1a: Celesteela|85/100
|
|upkeep
|turn|8
|
|t:|1665503433
|switch|p2a: Nidoqueen|Nidoqueen, F|100/100
|move|p1a: Celesteela|Autotomize|p1a: Celesteela
|-boost|p1a: Celesteela|spe|2
|-start|p1a: Celesteela|Autotomize
|
|upkeep
|turn|9
|
|t:|1665503441
|switch|p1a: Azelf|Azelf|100/100
|move|p2a: Nidoqueen|Flamethrower|p1a: Azelf
|-damage|p1a: Azelf|37/100
|
|upkeep
|turn|10
|
|t:|1665503448
|switch|p2a: Jirachi|Jirachi|100/100
|move|p1a: Azelf|Psyshock|p2a: Jirachi
|-resisted|p2a: Jirachi
|-damage|p2a: Jirachi|93/100
|
|-heal|p2a: Jirachi|99/100|[from] item: Leftovers
|upkeep
|turn|11
|
|t:|1665503461
|move|p1a: Azelf|Flamethrower|p2a: Jirachi
|-supereffective|p2a: Jirachi
|-damage|p2a: Jirachi|33/100
|move|p2a: Jirachi|Iron Head|p1a: Azelf
|-damage|p1a: Azelf|0 fnt
|faint|p1a: Azelf
|
|-heal|p2a: Jirachi|39/100|[from] item: Leftovers
|upkeep
|
|t:|1665503474
|switch|p1a: Keldeo|Keldeo-Resolute|100/100
|turn|12
|
|t:|1665503478
|move|p1a: Keldeo|Calm Mind|p1a: Keldeo
|-boost|p1a: Keldeo|spa|1
|-boost|p1a: Keldeo|spd|1
|move|p2a: Jirachi|U-turn|p1a: Keldeo
|-resisted|p1a: Keldeo
|-damage|p1a: Keldeo|92/100
|
|t:|1665503493
|switch|p2a: Primarina|Primarina, F|100/100|[from]move: U-turn
|
|-heal|p1a: Keldeo|98/100|[from] item: Leftovers
|upkeep
|turn|13
|
|t:|1665503496
|move|p1a: Keldeo|Air Slash|p2a: Primarina
|-damage|p2a: Primarina|65/100
|move|p2a: Primarina|Moonblast|p1a: Keldeo
|-supereffective|p1a: Keldeo
|-damage|p1a: Keldeo|0 fnt
|faint|p1a: Keldeo
|
|upkeep
|
|t:|1665503505
|switch|p1a: Celesteela|Celesteela|85/100
|turn|14
|
|t:|1665503507
|switch|p2a: Nidoqueen|Nidoqueen, F|100/100
|move|p1a: Celesteela|Autotomize|p1a: Celesteela
|-boost|p1a: Celesteela|spe|2
|-start|p1a: Celesteela|Autotomize
|
|upkeep
|turn|15
|
|t:|1665503509
|move|p1a: Celesteela|Meteor Beam||[still]
|-prepare|p1a: Celesteela|Meteor Beam
|-boost|p1a: Celesteela|spa|1
|-enditem|p1a: Celesteela|Power Herb
|-anim|p1a: Celesteela|Meteor Beam|p2a: Nidoqueen
|-resisted|p2a: Nidoqueen
|-damage|p2a: Nidoqueen|64/100
|move|p2a: Nidoqueen|Flamethrower|p1a: Celesteela
|-supereffective|p1a: Celesteela
|-damage|p1a: Celesteela|1/100
|
|upkeep
|turn|16
|
|t:|1665503516
|switch|p2a: Jirachi|Jirachi|39/100
|move|p1a: Celesteela|Air Slash|p2a: Jirachi
|-resisted|p2a: Jirachi
|-damage|p2a: Jirachi|17/100
|
|-heal|p2a: Jirachi|23/100|[from] item: Leftovers
|upkeep
|turn|17
|
|t:|1665503518
|move|p1a: Celesteela|Fire Blast|p2a: Jirachi
|-supereffective|p2a: Jirachi
|-damage|p2a: Jirachi|0 fnt
|faint|p2a: Jirachi
|-ability|p1a: Celesteela|Beast Boost|boost
|-boost|p1a: Celesteela|spa|1
|
|upkeep
|
|t:|1665503527
|switch|p2a: Zarude|Zarude|79/100
|turn|18
|
|t:|1665503531
|move|p2a: Zarude|Darkest Lariat|p1a: Celesteela
|-damage|p1a: Celesteela|0 fnt
|faint|p1a: Celesteela
|
|upkeep
|
|t:|1665503533
|switch|p1a: Scizor|Scizor, F|100/100
|turn|19
|
|t:|1665503536
|move|p2a: Zarude|Darkest Lariat|p1a: Scizor
|-damage|p1a: Scizor|47/100
|move|p1a: Scizor|Swords Dance|p1a: Scizor
|-boost|p1a: Scizor|atk|2
|
|upkeep
|turn|20
|
|t:|1665503538
|move|p1a: Scizor|Bullet Punch|p2a: Zarude
|-damage|p2a: Zarude|0 fnt
|faint|p2a: Zarude
|-damage|p1a: Scizor|37/100|[from] item: Life Orb
|
|upkeep
|
|t:|1665503540
|switch|p2a: Scizor|Scizor, F|86/100
|turn|21
|
|t:|1665503545
|move|p1a: Scizor|Dual Wingbeat|p2a: Scizor
|-damage|p2a: Scizor|42/100
|-damage|p2a: Scizor|0 fnt
|faint|p2a: Scizor
|-hitcount|p2: Scizor|2
|-damage|p1a: Scizor|27/100|[from] item: Life Orb
|
|upkeep
|
|t:|1665503555
|switch|p2a: Nidoqueen|Nidoqueen, F|64/100
|turn|22
|
|t:|1665503560
|move|p1a: Scizor|Bullet Punch|p2a: Nidoqueen
|-damage|p2a: Nidoqueen|0 fnt
|faint|p2a: Nidoqueen
|-damage|p1a: Scizor|17/100|[from] item: Life Orb
|
|upkeep
|
|t:|1665503562
|switch|p2a: Primarina|Primarina, F|65/100
|turn|23
|
|t:|1665503568
|move|p1a: Scizor|Bullet Punch|p2a: Primarina
|-damage|p2a: Primarina|0 fnt
|faint|p2a: Primarina
|-damage|p1a: Scizor|7/100|[from] item: Life Orb
|
|win|Parmycat
|n|☆Parmycat|parmycat
|n|☆kisses mwah|kissesmwah
|n|*Lady Monita ☽|ladymonita
|l|*Lady Monita ☽
