|raw|<div class="broadcast-blue"><strong>This battle is required to be public due to a player having a name starting with 'uult91w'.</div>
|j|☆UULT91w Luirro
|j|☆UULT91w TT
|t:|1652058323
|gametype|singles
|player|p1|UULT91w Luirro|lucas-gen4pt|1638
|player|p2|UULT91w TT|cynthia|1557
|teamsize|p1|6
|teamsize|p2|6
|gen|8
|tier|[Gen 8] UU
|rated|
|rule|Sleep Clause Mod: Limit one foe put to sleep
|rule|Species Clause: Limit one of each Pokémon
|rule|OHKO Clause: OHKO moves are banned
|rule|Evasion Moves Clause: Evasion moves are banned
|rule|Endless Battle Clause: Forcing endless battles is banned
|rule|HP Percentage Mod: HP is shown in percentages
|rule|Dynamax Clause: You cannot dynamax
|clearpoke
|poke|p1|Thundurus-Therian, M|
|poke|p1|Krookodile, F|
|poke|p1|Hydreigon, F|
|poke|p1|Aegislash, M|
|poke|p1|Cloyster, M|
|poke|p1|Jirachi|
|poke|p2|Primarina, M|
|poke|p2|Zarude|
|poke|p2|Nihilego|
|poke|p2|Zygarde-10%|
|poke|p2|Moltres|
|poke|p2|Jirachi|
|teampreview
|c|☆UULT91w Luirro|hf
|
|t:|1652058336
|start
|switch|p1a: Krookodile|Krookodile, F|100/100
|switch|p2a: Zarude|Zarude|100/100
|-ability|p1a: Krookodile|Intimidate|boost
|-unboost|p2a: Zarude|atk|1
|turn|1
|inactive|Battle timer is ON: inactive players will automatically lose when time's up. (requested by UULT91w Luirro)
|
|t:|1652058341
|move|p2a: Zarude|Power Whip|p1a: Krookodile|[miss]
|-miss|p2a: Zarude|p1a: Krookodile
|move|p1a: Krookodile|Stealth Rock|p2a: Zarude
|-sidestart|p2: UULT91w TT|move: Stealth Rock
|
|upkeep
|turn|2
|
|t:|1652058344
|move|p2a: Zarude|Power Whip|p1a: Krookodile
|-supereffective|p1a: Krookodile
|-damage|p1a: Krookodile|6/100
|move|p1a: Krookodile|Knock Off|p2a: Zarude
|-resisted|p2a: Zarude
|-damage|p2a: Zarude|79/100
|-enditem|p2a: Zarude|Heavy-Duty Boots|[from] move: Knock Off|[of] p1a: Krookodile
|
|upkeep
|turn|3
|
|t:|1652058363
|move|p2a: Zarude|Power Whip|p1a: Krookodile|[miss]
|-miss|p2a: Zarude|p1a: Krookodile
|move|p1a: Krookodile|Knock Off|p2a: Zarude
|-resisted|p2a: Zarude
|-damage|p2a: Zarude|63/100
|
|upkeep
|turn|4
|
|t:|1652058367
|move|p2a: Zarude|Jungle Healing|p2a: Zarude
|-heal|p2a: Zarude|89/100
|move|p1a: Krookodile|Earthquake|p2a: Zarude
|-resisted|p2a: Zarude
|-damage|p2a: Zarude|66/100
|
|upkeep
|turn|5
|
|t:|1652058378
|switch|p1a: Jirachi|Jirachi|100/100
|move|p2a: Zarude|Jungle Healing|p2a: Zarude
|-heal|p2a: Zarude|91/100
|
|upkeep
|turn|6
|
|t:|1652058382
|switch|p2a: Moltres|Moltres|100/100
|move|p1a: Jirachi|U-turn|p2a: Moltres
|-resisted|p2a: Moltres
|-damage|p2a: Moltres|95/100
|-status|p1a: Jirachi|brn|[from] ability: Flame Body|[of] p2a: Moltres
|
|t:|1652058396
|switch|p1a: Thundurus|Thundurus-Therian, M|100/100|[from]move: U-turn
|
|upkeep
|turn|7
|j| Daizooki
|
|t:|1652058405
|switch|p2a: Nihilego|Nihilego|100/100
|-damage|p2a: Nihilego|88/100|[from] Stealth Rock
|move|p1a: Thundurus|Nasty Plot|p1a: Thundurus
|-boost|p1a: Thundurus|spa|2
|
|-heal|p2a: Nihilego|94/100|[from] item: Black Sludge
|upkeep
|turn|8
|
|t:|1652058407
|move|p2a: Nihilego|Power Gem|p1a: Thundurus
|-supereffective|p1a: Thundurus
|-enditem|p1a: Thundurus|Charti Berry|[eat]
|-enditem|p1a: Thundurus|Charti Berry|[weaken]
|-damage|p1a: Thundurus|42/100
|move|p1a: Thundurus|Psychic|p2a: Nihilego
|-supereffective|p2a: Nihilego
|-damage|p2a: Nihilego|0 fnt
|faint|p2a: Nihilego
|
|upkeep
|j| Luthier
|j|@Lily
|
|t:|1652058414
|switch|p2a: Zygarde|Zygarde-10%|100/100
|-damage|p2a: Zygarde|94/100|[from] Stealth Rock
|-ability|p2a: Zygarde|Aura Break
|turn|9
|
|t:|1652058417
|switch|p1a: Krookodile|Krookodile, F|6/100
|-ability|p1a: Krookodile|Intimidate|boost
|-unboost|p2a: Zygarde|atk|1
|move|p2a: Zygarde|Thousand Arrows|p1a: Krookodile
|-damage|p1a: Krookodile|0 fnt
|faint|p1a: Krookodile
|
|upkeep
|
|t:|1652058420
|switch|p1a: Cloyster|Cloyster, M|100/100
|turn|10
|
|t:|1652058430
|move|p2a: Zygarde|Thousand Arrows|p1a: Cloyster
|-damage|p1a: Cloyster|64/100
|move|p1a: Cloyster|Shell Smash|p1a: Cloyster
|-unboost|p1a: Cloyster|def|1
|-unboost|p1a: Cloyster|spd|1
|-boost|p1a: Cloyster|atk|2
|-boost|p1a: Cloyster|spa|2
|-boost|p1a: Cloyster|spe|2
|
|upkeep
|turn|11
|c| Daizooki|these sets are awesome Luirro
|c|☆UULT91w Luirro|ty
|c| Daizooki|loving it!
|
|t:|1652058452
|switch|p2a: Moltres|Moltres|95/100
|move|p1a: Cloyster|Surf|p2a: Moltres
|-supereffective|p2a: Moltres
|-damage|p2a: Moltres|0 fnt
|faint|p2a: Moltres
|
|upkeep
|j| UULT91wdragonitenb
|
|t:|1652058456
|switch|p2a: Jirachi|Jirachi|100/100
|-damage|p2a: Jirachi|94/100|[from] Stealth Rock
|turn|12
|
|t:|1652058485
|move|p1a: Cloyster|Pin Missile|p2a: Jirachi
|-damage|p2a: Jirachi|79/100
|-damage|p2a: Jirachi|66/100
|-damage|p2a: Jirachi|52/100
|-damage|p2a: Jirachi|38/100
|-damage|p2a: Jirachi|25/100
|-hitcount|p2a: Jirachi|5
|move|p2a: Jirachi|Thunder Punch|p1a: Cloyster
|-supereffective|p1a: Cloyster
|-damage|p1a: Cloyster|7/100
|
|upkeep
|turn|13
|
|t:|1652058498
|move|p1a: Cloyster|Icicle Spear|p2a: Jirachi
|-resisted|p2a: Jirachi
|-damage|p2a: Jirachi|14/100
|-resisted|p2a: Jirachi
|-damage|p2a: Jirachi|3/100
|-resisted|p2a: Jirachi
|-damage|p2a: Jirachi|0 fnt
|faint|p2a: Jirachi
|-hitcount|p2: Jirachi|3
|
|upkeep
|
|t:|1652058499
|switch|p2a: Zygarde|Zygarde-10%|94/100
|-damage|p2a: Zygarde|88/100|[from] Stealth Rock
|-ability|p2a: Zygarde|Aura Break
|turn|14
|
|t:|1652058507
|switch|p1a: Jirachi|Jirachi|100/100 brn
|move|p2a: Zygarde|Extreme Speed|p1a: Jirachi
|-resisted|p1a: Jirachi
|-damage|p1a: Jirachi|83/100 brn
|
|-damage|p1a: Jirachi|76/100 brn|[from] brn
|upkeep
|turn|15
|
|t:|1652058521
|switch|p2a: Primarina|Primarina, M|100/100
|-damage|p2a: Primarina|88/100|[from] Stealth Rock
|move|p1a: Jirachi|U-turn|p2a: Primarina
|-resisted|p2a: Primarina
|-damage|p2a: Primarina|82/100
|
|t:|1652058524
|switch|p1a: Thundurus|Thundurus-Therian, M|42/100|[from]move: U-turn
|
|-heal|p2a: Primarina|88/100|[from] item: Leftovers
|upkeep
|turn|16
|
|t:|1652058530
|switch|p2a: Zygarde|Zygarde-10%|88/100
|-damage|p2a: Zygarde|82/100|[from] Stealth Rock
|-ability|p2a: Zygarde|Aura Break
|move|p1a: Thundurus|Thunderbolt|p2a: Zygarde
|-immune|p2a: Zygarde
|
|upkeep
|turn|17
|
|t:|1652058546
|switch|p1a: Cloyster|Cloyster, M|7/100
|move|p2a: Zygarde|Thousand Arrows|p1a: Cloyster
|-damage|p1a: Cloyster|0 fnt
|faint|p1a: Cloyster
|
|upkeep
|inactive|UULT91w Luirro has 120 seconds left.
|j| youke
|
|t:|1652058579
|switch|p1a: Hydreigon|Hydreigon, F|100/100
|turn|18
|
|t:|1652058584
|switch|p2a: Primarina|Primarina, M|88/100
|-damage|p2a: Primarina|76/100|[from] Stealth Rock
|switch|p1a: Jirachi|Jirachi|76/100 brn
|
|-heal|p2a: Primarina|82/100|[from] item: Leftovers
|-damage|p1a: Jirachi|70/100 brn|[from] brn
|upkeep
|turn|19
|
|t:|1652058590
|move|p1a: Jirachi|Trick|p2a: Primarina
|-activate|p1a: Jirachi|move: Trick|[of] p2a: Primarina
|-item|p2a: Primarina|Choice Scarf|[from] move: Trick
|-item|p1a: Jirachi|Leftovers|[from] move: Trick
|move|p2a: Primarina|Scald|p1a: Jirachi
|-damage|p1a: Jirachi|36/100 brn
|
|-heal|p1a: Jirachi|42/100 brn|[from] item: Leftovers
|-damage|p1a: Jirachi|36/100 brn|[from] brn
|upkeep
|turn|20
|
|t:|1652058599
|switch|p2a: Zygarde|Zygarde-10%|82/100
|-damage|p2a: Zygarde|76/100|[from] Stealth Rock
|-ability|p2a: Zygarde|Aura Break
|move|p1a: Jirachi|Healing Wish|p1a: Jirachi
|faint|p1a: Jirachi
|
|upkeep
|inactive|UULT91w Luirro has 120 seconds left.
|j| Juno
|
|t:|1652058637
|switch|p1a: Hydreigon|Hydreigon, F|100/100
|turn|21
|
|t:|1652058646
|switch|p2a: Primarina|Primarina, M|82/100
|-damage|p2a: Primarina|70/100|[from] Stealth Rock
|move|p1a: Hydreigon|Dark Pulse|p2a: Primarina
|-resisted|p2a: Primarina
|-damage|p2a: Primarina|57/100
|
|upkeep
|turn|22
|
|t:|1652058655
|switch|p1a: Aegislash|Aegislash, M|100/100
|move|p2a: Primarina|Scald|p1a: Aegislash
|-damage|p1a: Aegislash|70/100
|
|upkeep
|turn|23
|inactive|UULT91w Luirro has 120 seconds left.
|
|t:|1652058662
|move|p2a: Primarina|Scald|p1a: Aegislash
|-damage|p1a: Aegislash|37/100
|-status|p1a: Aegislash|brn
|-formechange|p1a: Aegislash|Aegislash-Blade||[from] ability: Stance Change
|move|p1a: Aegislash|Close Combat|p2a: Primarina
|-resisted|p2a: Primarina
|-damage|p2a: Primarina|43/100
|-unboost|p1a: Aegislash|def|1
|-unboost|p1a: Aegislash|spd|1
|-damage|p1a: Aegislash|27/100 brn|[from] item: Life Orb
|
|-damage|p1a: Aegislash|22/100 brn|[from] brn
|upkeep
|turn|24
|
|t:|1652058669
|move|p2a: Primarina|Scald|p1a: Aegislash
|-damage|p1a: Aegislash|0 fnt
|faint|p1a: Aegislash
|
|upkeep
|
|t:|1652058675
|switch|p1a: Hydreigon|Hydreigon, F|100/100
|turn|25
|
|t:|1652058677
|move|p1a: Hydreigon|Dragon Dance|p1a: Hydreigon
|-boost|p1a: Hydreigon|atk|1
|-boost|p1a: Hydreigon|spe|1
|move|p2a: Primarina|Scald|p1a: Hydreigon
|-resisted|p1a: Hydreigon
|-damage|p1a: Hydreigon|81/100
|
|-heal|p1a: Hydreigon|87/100|[from] item: Leftovers
|upkeep
|turn|26
|
|t:|1652058680
|move|p1a: Hydreigon|Nasty Plot|p1a: Hydreigon
|-boost|p1a: Hydreigon|spa|2
|move|p2a: Primarina|Scald|p1a: Hydreigon
|-resisted|p1a: Hydreigon
|-damage|p1a: Hydreigon|69/100
|
|-heal|p1a: Hydreigon|75/100|[from] item: Leftovers
|upkeep
|turn|27
|c| Juno|who is this
|c| Juno|LOL
|c|@Lily|giga threat
|c|☆UULT91w Luirro|The new Goltres
|c| Daizooki|goltres who
|c| Daizooki|hahaha
|
|t:|1652058700
|move|p1a: Hydreigon|Dark Pulse|p2a: Primarina
|-resisted|p2a: Primarina
|-damage|p2a: Primarina|14/100
|cant|p2a: Primarina|flinch
|
|-heal|p1a: Hydreigon|80/100|[from] item: Leftovers
|upkeep
|turn|28
|
|t:|1652058705
|move|p1a: Hydreigon|Dark Pulse|p2a: Primarina
|-resisted|p2a: Primarina
|-damage|p2a: Primarina|0 fnt
|faint|p2a: Primarina
|
|-heal|p1a: Hydreigon|86/100|[from] item: Leftovers
|upkeep
|c| Daizooki|i love this
|
|t:|1652058707
|switch|p2a: Zarude|Zarude|91/100
|-damage|p2a: Zarude|79/100|[from] Stealth Rock
|turn|29
|l| UULT91wdragonitenb
|
|t:|1652058710
|move|p1a: Hydreigon|Fire Blast|p2a: Zarude
|-supereffective|p2a: Zarude
|-damage|p2a: Zarude|0 fnt
|faint|p2a: Zarude
|
|-heal|p1a: Hydreigon|92/100|[from] item: Leftovers
|upkeep
|j| UULT91wdragonitenb
|
|t:|1652058713
|switch|p2a: Zygarde|Zygarde-10%|76/100
|-damage|p2a: Zygarde|70/100|[from] Stealth Rock
|-ability|p2a: Zygarde|Aura Break
|turn|30
|c|☆UULT91w Luirro|gg
|
|t:|1652058720
|move|p1a: Hydreigon|Dark Pulse|p2a: Zygarde
|-damage|p2a: Zygarde|0 fnt
|faint|p2a: Zygarde
|
|win|UULT91w Luirro
|raw|UULT91w Luirro's rating: 1638 &rarr; <strong>1655</strong><br />(+17 for winning)
|raw|UULT91w TT's rating: 1581 &rarr; <strong>1564</strong><br />(-17 for losing)
