|j|☆Shacky125
|j|☆Fousfull
|t:|1665092870
|gametype|singles
|player|p1|Shacky125|clerk|1506
|player|p2|Fousfull|blackbelt-gen4|1696
|teamsize|p1|6
|teamsize|p2|6
|gen|8
|tier|[Gen 8] UU
|rated|
|rule|Sleep Clause Mod: Limit one foe put to sleep
|rule|Species Clause: Limit one of each Pokémon
|rule|OHKO Clause: OHKO moves are banned
|rule|Evasion Items Clause: Evasion items are banned
|rule|Evasion Moves Clause: Evasion moves are banned
|rule|Endless Battle Clause: Forcing endless battles is banned
|rule|HP Percentage Mod: HP is shown in percentages
|rule|Dynamax Clause: You cannot dynamax
|clearpoke
|poke|p1|Darmanitan, F|
|poke|p1|Keldeo-Resolute|
|poke|p1|Tapu Bulu|
|poke|p1|Diggersby, F|
|poke|p1|Jirachi|
|poke|p1|Cobalion|
|poke|p2|Slowking, F|
|poke|p2|Salamence, F|
|poke|p2|Cobalion|
|poke|p2|Zarude-Dada|
|poke|p2|Mamoswine, M|
|poke|p2|Nihilego|
|teampreview
|
|t:|1665092894
|start
|switch|p1a: Keldeo|Keldeo-Resolute|100/100
|switch|p2a: Zarude|Zarude-Dada|100/100
|turn|1
|
|t:|1665092899
|switch|p2a: Slowking|Slowking, F|100/100
|switch|p1a: Cobalion|Cobalion|100/100
|
|upkeep
|turn|2
|
|t:|1665092901
|move|p1a: Cobalion|Stealth Rock|p2a: Slowking
|-sidestart|p2: Fousfull|move: Stealth Rock
|move|p2a: Slowking|Future Sight|p1a: Cobalion
|-start|p2a: Slowking|move: Future Sight
|
|upkeep
|turn|3
|
|t:|1665092906
|move|p1a: Cobalion|Volt Switch|p2a: Slowking
|-supereffective|p2a: Slowking
|-crit|p2a: Slowking
|-damage|p2a: Slowking|71/100
|
|t:|1665092909
|switch|p1a: Tapu Bulu|Tapu Bulu|100/100|[from]move: Volt Switch
|-fieldstart|move: Grassy Terrain|[from] ability: Grassy Surge|[of] p1a: Tapu Bulu
|move|p2a: Slowking|Scald|p1a: Tapu Bulu
|-resisted|p1a: Tapu Bulu
|-damage|p1a: Tapu Bulu|92/100
|
|-heal|p1a: Tapu Bulu|98/100|[from] Grassy Terrain
|-heal|p2a: Slowking|77/100|[from] Grassy Terrain
|upkeep
|turn|4
|
|t:|1665092919
|switch|p2a: Cobalion|Cobalion|100/100
|-damage|p2a: Cobalion|97/100|[from] Stealth Rock
|move|p1a: Tapu Bulu|Superpower|p2a: Cobalion
|-supereffective|p2a: Cobalion
|-damage|p2a: Cobalion|22/100
|-unboost|p1a: Tapu Bulu|atk|1
|-unboost|p1a: Tapu Bulu|def|1
|-damage|p1a: Tapu Bulu|81/100|[from] item: Rocky Helmet|[of] p2a: Cobalion
|
|-end|p1a: Tapu Bulu|move: Future Sight
|-damage|p1a: Tapu Bulu|55/100
|-heal|p2a: Cobalion|28/100|[from] Grassy Terrain
|-heal|p1a: Tapu Bulu|61/100|[from] Grassy Terrain
|upkeep
|turn|5
|
|t:|1665092927
|switch|p2a: Slowking|Slowking, F|100/100
|-damage|p2a: Slowking|88/100|[from] Stealth Rock
|move|p1a: Tapu Bulu|Superpower|p2a: Slowking
|-resisted|p2a: Slowking
|-damage|p2a: Slowking|78/100
|-unboost|p1a: Tapu Bulu|atk|1
|-unboost|p1a: Tapu Bulu|def|1
|
|-heal|p1a: Tapu Bulu|67/100|[from] Grassy Terrain
|-heal|p2a: Slowking|84/100|[from] Grassy Terrain
|upkeep
|turn|6
|
|t:|1665092935
|switch|p1a: Diggersby|Diggersby, F|100/100
|move|p2a: Slowking|Future Sight|p1a: Diggersby
|-start|p2a: Slowking|move: Future Sight
|
|-heal|p2a: Slowking|90/100|[from] Grassy Terrain
|upkeep
|turn|7
|
|t:|1665092939
|move|p1a: Diggersby|U-turn|p2a: Slowking
|-supereffective|p2a: Slowking
|-damage|p2a: Slowking|22/100
|
|t:|1665092948
|switch|p1a: Tapu Bulu|Tapu Bulu|67/100|[from]move: U-turn
|move|p2a: Slowking|Teleport|p2a: Slowking
|
|t:|1665092951
|switch|p2a: Salamence|Salamence, F|100/100|[from]move: Teleport
|-ability|p2a: Salamence|Intimidate|boost
|-unboost|p1a: Tapu Bulu|atk|1
|
|-heal|p1a: Tapu Bulu|73/100|[from] Grassy Terrain
|-fieldend|move: Grassy Terrain
|upkeep
|turn|8
|
|t:|1665092959
|switch|p1a: Jirachi|Jirachi|100/100
|move|p2a: Salamence|Flamethrower|p1a: Jirachi
|-supereffective|p1a: Jirachi
|-damage|p1a: Jirachi|52/100
|
|-end|p1a: Jirachi|move: Future Sight
|-resisted|p1a: Jirachi
|-damage|p1a: Jirachi|43/100
|-heal|p1a: Jirachi|50/100|[from] item: Leftovers
|upkeep
|turn|9
|
|t:|1665092963
|move|p2a: Salamence|Flamethrower|p1a: Jirachi
|-supereffective|p1a: Jirachi
|-damage|p1a: Jirachi|5/100
|move|p1a: Jirachi|Toxic|p2a: Salamence
|-status|p2a: Salamence|tox
|
|-heal|p1a: Jirachi|12/100|[from] item: Leftovers
|-damage|p2a: Salamence|94/100 tox|[from] psn
|upkeep
|turn|10
|
|t:|1665092969
|switch|p1a: Keldeo|Keldeo-Resolute|100/100
|move|p2a: Salamence|Defog|p1a: Keldeo
|-unboost|p1a: Keldeo|evasion|1
|-sideend|p2: Fousfull|Stealth Rock|[from] move: Defog|[of] p2a: Salamence
|
|-damage|p2a: Salamence|82/100 tox|[from] psn
|upkeep
|turn|11
|
|t:|1665092978
|move|p1a: Keldeo|Calm Mind|p1a: Keldeo
|-boost|p1a: Keldeo|spa|1
|-boost|p1a: Keldeo|spd|1
|move|p2a: Salamence|Draco Meteor|p1a: Keldeo
|-damage|p1a: Keldeo|59/100
|-unboost|p2a: Salamence|spa|2
|
|-heal|p1a: Keldeo|66/100|[from] item: Leftovers
|-damage|p2a: Salamence|64/100 tox|[from] psn
|upkeep
|turn|12
|
|t:|1665092983
|switch|p2a: Slowking|Slowking, F|56/100
|move|p1a: Keldeo|Substitute|p1a: Keldeo
|-start|p1a: Keldeo|Substitute
|-damage|p1a: Keldeo|41/100
|
|-heal|p1a: Keldeo|47/100|[from] item: Leftovers
|upkeep
|turn|13
|
|t:|1665092986
|move|p1a: Keldeo|Calm Mind|p1a: Keldeo
|-boost|p1a: Keldeo|spa|1
|-boost|p1a: Keldeo|spd|1
|move|p2a: Slowking|Future Sight|p1a: Keldeo
|-start|p2a: Slowking|move: Future Sight
|
|-heal|p1a: Keldeo|53/100|[from] item: Leftovers
|upkeep
|turn|14
|
|t:|1665092991
|move|p1a: Keldeo|Secret Sword|p2a: Slowking
|-resisted|p2a: Slowking
|-damage|p2a: Slowking|29/100
|move|p2a: Slowking|Slack Off|p2a: Slowking
|-heal|p2a: Slowking|79/100
|
|-heal|p1a: Keldeo|59/100|[from] item: Leftovers
|upkeep
|turn|15
|
|t:|1665092997
|move|p1a: Keldeo|Calm Mind|p1a: Keldeo
|-boost|p1a: Keldeo|spa|1
|-boost|p1a: Keldeo|spd|1
|move|p2a: Slowking|Teleport|p2a: Slowking
|
|t:|1665092999
|switch|p2a: Zarude|Zarude-Dada|100/100|[from]move: Teleport
|
|-end|p1a: Keldeo|move: Future Sight
|-supereffective|p1a: Keldeo
|-end|p1a: Keldeo|Substitute
|-heal|p1a: Keldeo|66/100|[from] item: Leftovers
|upkeep
|turn|16
|
|t:|1665093003
|switch|p1a: Cobalion|Cobalion|100/100
|move|p2a: Zarude|Power Whip|p1a: Cobalion
|-resisted|p1a: Cobalion
|-damage|p1a: Cobalion|80/100
|
|-heal|p1a: Cobalion|86/100|[from] item: Leftovers
|upkeep
|turn|17
|
|t:|1665093010
|switch|p2a: Slowking|Slowking, F|100/100
|move|p1a: Cobalion|Stealth Rock|p2a: Slowking
|-sidestart|p2: Fousfull|move: Stealth Rock
|
|-heal|p1a: Cobalion|92/100|[from] item: Leftovers
|upkeep
|turn|18
|
|t:|1665093012
|move|p1a: Cobalion|Volt Switch|p2a: Slowking
|-supereffective|p2a: Slowking
|-damage|p2a: Slowking|78/100
|
|t:|1665093015
|switch|p1a: Tapu Bulu|Tapu Bulu|73/100|[from]move: Volt Switch
|-fieldstart|move: Grassy Terrain|[from] ability: Grassy Surge|[of] p1a: Tapu Bulu
|move|p2a: Slowking|Future Sight|p1a: Tapu Bulu
|-start|p2a: Slowking|move: Future Sight
|
|-heal|p1a: Tapu Bulu|80/100|[from] Grassy Terrain
|-heal|p2a: Slowking|84/100|[from] Grassy Terrain
|upkeep
|turn|19
|
|t:|1665093023
|switch|p2a: Cobalion|Cobalion|28/100
|-damage|p2a: Cobalion|25/100|[from] Stealth Rock
|move|p1a: Tapu Bulu|Horn Leech|p2a: Cobalion
|-resisted|p2a: Cobalion
|-damage|p2a: Cobalion|2/100
|-heal|p1a: Tapu Bulu|90/100|[from] drain|[of] p2a: Cobalion
|-damage|p1a: Tapu Bulu|74/100|[from] item: Rocky Helmet|[of] p2a: Cobalion
|
|-heal|p2a: Cobalion|8/100|[from] Grassy Terrain
|-heal|p1a: Tapu Bulu|80/100|[from] Grassy Terrain
|upkeep
|turn|20
|
|t:|1665093029
|switch|p2a: Salamence|Salamence, F|64/100 tox
|-ability|p2a: Salamence|Intimidate|boost
|-unboost|p1a: Tapu Bulu|atk|1
|move|p1a: Tapu Bulu|Horn Leech|p2a: Salamence
|-resisted|p2a: Salamence
|-damage|p2a: Salamence|54/100 tox
|-heal|p1a: Tapu Bulu|85/100|[from] drain|[of] p2a: Salamence
|
|-end|p1a: Tapu Bulu|move: Future Sight
|-damage|p1a: Tapu Bulu|57/100
|-heal|p1a: Tapu Bulu|63/100|[from] Grassy Terrain
|-damage|p2a: Salamence|48/100 tox|[from] psn
|upkeep
|turn|21
|
|t:|1665093031
|move|p2a: Salamence|Defog|p1a: Tapu Bulu
|-unboost|p1a: Tapu Bulu|evasion|1
|-sideend|p2: Fousfull|Stealth Rock|[from] move: Defog|[of] p2a: Salamence
|-fieldend|move: Grassy Terrain
|move|p1a: Tapu Bulu|Rock Slide|p2a: Salamence|[miss]
|-miss|p1a: Tapu Bulu|p2a: Salamence
|
|-damage|p2a: Salamence|36/100 tox|[from] psn
|upkeep
|turn|22
|
|t:|1665093036
|move|p2a: Salamence|Flamethrower|p1a: Tapu Bulu
|-supereffective|p1a: Tapu Bulu
|-damage|p1a: Tapu Bulu|26/100
|move|p1a: Tapu Bulu|Superpower|p2a: Salamence
|-resisted|p2a: Salamence
|-damage|p2a: Salamence|19/100 tox
|-unboost|p1a: Tapu Bulu|atk|1
|-unboost|p1a: Tapu Bulu|def|1
|
|-damage|p2a: Salamence|1/100 tox|[from] psn
|upkeep
|turn|23
|
|t:|1665093042
|switch|p1a: Keldeo|Keldeo-Resolute|66/100
|move|p2a: Salamence|Draco Meteor|p1a: Keldeo
|-damage|p1a: Keldeo|5/100
|-unboost|p2a: Salamence|spa|2
|
|-heal|p1a: Keldeo|12/100|[from] item: Leftovers
|-damage|p2a: Salamence|0 fnt|[from] psn
|faint|p2a: Salamence
|upkeep
|
|t:|1665093050
|switch|p2a: Zarude|Zarude-Dada|100/100
|turn|24
|
|t:|1665093056
|switch|p1a: Jirachi|Jirachi|12/100
|move|p2a: Zarude|Close Combat|p1a: Jirachi
|-damage|p1a: Jirachi|0 fnt
|-unboost|p2a: Zarude|def|1
|-unboost|p2a: Zarude|spd|1
|faint|p1a: Jirachi
|
|upkeep
|
|t:|1665093062
|switch|p1a: Cobalion|Cobalion|92/100
|turn|25
|
|t:|1665093068
|switch|p2a: Slowking|Slowking, F|100/100
|move|p1a: Cobalion|Stealth Rock|p2a: Slowking
|-sidestart|p2: Fousfull|move: Stealth Rock
|
|-heal|p1a: Cobalion|98/100|[from] item: Leftovers
|upkeep
|turn|26
|
|t:|1665093072
|move|p1a: Cobalion|Volt Switch|p2a: Slowking
|-supereffective|p2a: Slowking
|-damage|p2a: Slowking|78/100
|
|t:|1665093074
|switch|p1a: Tapu Bulu|Tapu Bulu|26/100|[from]move: Volt Switch
|-fieldstart|move: Grassy Terrain|[from] ability: Grassy Surge|[of] p1a: Tapu Bulu
|move|p2a: Slowking|Future Sight|p1a: Tapu Bulu
|-start|p2a: Slowking|move: Future Sight
|
|-heal|p1a: Tapu Bulu|32/100|[from] Grassy Terrain
|-heal|p2a: Slowking|84/100|[from] Grassy Terrain
|upkeep
|turn|27
|
|t:|1665093078
|switch|p2a: Cobalion|Cobalion|8/100
|-damage|p2a: Cobalion|5/100|[from] Stealth Rock
|move|p1a: Tapu Bulu|Horn Leech|p2a: Cobalion
|-resisted|p2a: Cobalion
|-damage|p2a: Cobalion|0 fnt
|-heal|p1a: Tapu Bulu|35/100|[from] drain|[of] p2a: Cobalion
|-damage|p1a: Tapu Bulu|18/100|[from] item: Rocky Helmet|[of] p2a: Cobalion
|faint|p2a: Cobalion
|
|-heal|p1a: Tapu Bulu|24/100|[from] Grassy Terrain
|upkeep
|
|t:|1665093086
|switch|p2a: Zarude|Zarude-Dada|100/100
|-damage|p2a: Zarude|88/100|[from] Stealth Rock
|turn|28
|
|t:|1665093090
|switch|p1a: Keldeo|Keldeo-Resolute|12/100
|move|p2a: Zarude|Close Combat|p1a: Keldeo
|-damage|p1a: Keldeo|0 fnt
|-unboost|p2a: Zarude|def|1
|-unboost|p2a: Zarude|spd|1
|faint|p1a: Keldeo
|
|-hint|Future Sight did not hit because the target is fainted.
|-heal|p2a: Zarude|94/100|[from] Grassy Terrain
|upkeep
|
|t:|1665093097
|switch|p1a: Darmanitan|Darmanitan, F|100/100
|turn|29
|
|t:|1665093102
|switch|p2a: Slowking|Slowking, F|100/100
|-damage|p2a: Slowking|88/100|[from] Stealth Rock
|move|p1a: Darmanitan|U-turn|p2a: Slowking
|-supereffective|p2a: Slowking
|-damage|p2a: Slowking|47/100
|
|t:|1665093105
|switch|p1a: Tapu Bulu|Tapu Bulu|24/100|[from]move: U-turn
|
|-heal|p1a: Tapu Bulu|30/100|[from] Grassy Terrain
|-heal|p2a: Slowking|54/100|[from] Grassy Terrain
|upkeep
|turn|30
|
|t:|1665093108
|switch|p2a: Zarude|Zarude-Dada|94/100
|-damage|p2a: Zarude|82/100|[from] Stealth Rock
|move|p1a: Tapu Bulu|Horn Leech|p2a: Zarude
|-resisted|p2a: Zarude
|-damage|p2a: Zarude|59/100
|-heal|p1a: Tapu Bulu|42/100|[from] drain|[of] p2a: Zarude
|
|-heal|p2a: Zarude|65/100|[from] Grassy Terrain
|-heal|p1a: Tapu Bulu|48/100|[from] Grassy Terrain
|-fieldend|move: Grassy Terrain
|upkeep
|turn|31
|
|t:|1665093131
|move|p2a: Zarude|Power Whip|p1a: Tapu Bulu
|-resisted|p1a: Tapu Bulu
|-damage|p1a: Tapu Bulu|21/100
|move|p1a: Tapu Bulu|Horn Leech|p2a: Zarude
|-resisted|p2a: Zarude
|-damage|p2a: Zarude|48/100
|-heal|p1a: Tapu Bulu|30/100|[from] drain|[of] p2a: Zarude
|
|upkeep
|turn|32
|
|t:|1665093140
|switch|p2a: Slowking|Slowking, F|87/100
|-damage|p2a: Slowking|74/100|[from] Stealth Rock
|switch|p1a: Darmanitan|Darmanitan, F|100/100
|
|upkeep
|turn|33
|
|t:|1665093143
|move|p1a: Darmanitan|U-turn|p2a: Slowking
|-supereffective|p2a: Slowking
|-damage|p2a: Slowking|38/100
|
|t:|1665093146
|switch|p1a: Tapu Bulu|Tapu Bulu|30/100|[from]move: U-turn
|-fieldstart|move: Grassy Terrain|[from] ability: Grassy Surge|[of] p1a: Tapu Bulu
|move|p2a: Slowking|Teleport|p2a: Slowking
|
|t:|1665093148
|switch|p2a: Mamoswine|Mamoswine, M|100/100|[from]move: Teleport
|-damage|p2a: Mamoswine|88/100|[from] Stealth Rock
|
|-heal|p2a: Mamoswine|94/100|[from] Grassy Terrain
|-heal|p1a: Tapu Bulu|36/100|[from] Grassy Terrain
|upkeep
|turn|34
|
|t:|1665093154
|switch|p1a: Cobalion|Cobalion|98/100
|move|p2a: Mamoswine|Earthquake|p1a: Cobalion
|-supereffective|p1a: Cobalion
|-damage|p1a: Cobalion|37/100
|
|-heal|p1a: Cobalion|43/100|[from] Grassy Terrain
|-heal|p1a: Cobalion|49/100|[from] item: Leftovers
|-heal|p2a: Mamoswine|99/100|[from] Grassy Terrain
|upkeep
|turn|35
|
|t:|1665093164
|move|p1a: Cobalion|Close Combat|p2a: Mamoswine
|-supereffective|p2a: Mamoswine
|-damage|p2a: Mamoswine|8/100
|-unboost|p1a: Cobalion|def|1
|-unboost|p1a: Cobalion|spd|1
|move|p2a: Mamoswine|Earthquake|p1a: Cobalion
|-supereffective|p1a: Cobalion
|-damage|p1a: Cobalion|0 fnt
|faint|p1a: Cobalion
|
|-heal|p2a: Mamoswine|14/100|[from] Grassy Terrain
|upkeep
|
|t:|1665093171
|switch|p1a: Darmanitan|Darmanitan, F|100/100
|turn|36
|
|t:|1665093176
|switch|p2a: Nihilego|Nihilego|100/100
|-damage|p2a: Nihilego|88/100|[from] Stealth Rock
|move|p1a: Darmanitan|U-turn|p2a: Nihilego
|-resisted|p2a: Nihilego
|-damage|p2a: Nihilego|70/100
|
|t:|1665093181
|switch|p1a: Diggersby|Diggersby, F|100/100|[from]move: U-turn
|
|-heal|p2a: Nihilego|77/100|[from] Grassy Terrain
|upkeep
|turn|37
|
|t:|1665093192
|switch|p2a: Mamoswine|Mamoswine, M|14/100
|-damage|p2a: Mamoswine|2/100|[from] Stealth Rock
|move|p1a: Diggersby|Earthquake|p2a: Mamoswine
|-damage|p2a: Mamoswine|0 fnt
|faint|p2a: Mamoswine
|
|-fieldend|move: Grassy Terrain
|upkeep
|
|t:|1665093196
|switch|p2a: Zarude|Zarude-Dada|48/100
|-damage|p2a: Zarude|35/100|[from] Stealth Rock
|turn|38
|
|t:|1665093201
|switch|p1a: Darmanitan|Darmanitan, F|100/100
|move|p2a: Zarude|Power Whip|p1a: Darmanitan
|-resisted|p1a: Darmanitan
|-damage|p1a: Darmanitan|53/100
|
|upkeep
|turn|39
|
|t:|1665093218
|switch|p2a: Slowking|Slowking, F|71/100
|-damage|p2a: Slowking|59/100|[from] Stealth Rock
|move|p1a: Darmanitan|Flare Blitz|p2a: Slowking
|-resisted|p2a: Slowking
|-damage|p2a: Slowking|28/100
|-damage|p1a: Darmanitan|42/100|[from] Recoil
|
|upkeep
|turn|40
|
|t:|1665093226
|move|p1a: Darmanitan|Flare Blitz|p2a: Slowking
|-resisted|p2a: Slowking
|-crit|p2a: Slowking
|-damage|p2a: Slowking|0 fnt
|faint|p2a: Slowking
|-damage|p1a: Darmanitan|32/100|[from] Recoil
|
|upkeep
|
|t:|1665093228
|switch|p2a: Zarude|Zarude-Dada|35/100
|-damage|p2a: Zarude|23/100|[from] Stealth Rock
|turn|41
|
|t:|1665093239
|switch|p1a: Tapu Bulu|Tapu Bulu|36/100
|-fieldstart|move: Grassy Terrain|[from] ability: Grassy Surge|[of] p1a: Tapu Bulu
|move|p2a: Zarude|Power Whip|p1a: Tapu Bulu|[miss]
|-miss|p2a: Zarude|p1a: Tapu Bulu
|
|-heal|p2a: Zarude|29/100|[from] Grassy Terrain
|-heal|p1a: Tapu Bulu|42/100|[from] Grassy Terrain
|upkeep
|turn|42
|
|t:|1665093244
|move|p2a: Zarude|Power Whip|p1a: Tapu Bulu
|-resisted|p1a: Tapu Bulu
|-damage|p1a: Tapu Bulu|9/100
|move|p1a: Tapu Bulu|Superpower|p2a: Zarude
|-supereffective|p2a: Zarude
|-crit|p2a: Zarude
|-damage|p2a: Zarude|0 fnt
|-unboost|p1a: Tapu Bulu|atk|1
|-unboost|p1a: Tapu Bulu|def|1
|faint|p2a: Zarude
|
|-heal|p1a: Tapu Bulu|15/100|[from] Grassy Terrain
|upkeep
|
|t:|1665093248
|switch|p2a: Nihilego|Nihilego|77/100
|-damage|p2a: Nihilego|64/100|[from] Stealth Rock
|turn|43
|
|t:|1665093255
|move|p2a: Nihilego|Grass Knot|p1a: Tapu Bulu
|-resisted|p1a: Tapu Bulu
|-crit|p1a: Tapu Bulu
|-damage|p1a: Tapu Bulu|3/100
|move|p1a: Tapu Bulu|Wood Hammer|p2a: Nihilego
|-damage|p2a: Nihilego|0 fnt
|faint|p2a: Nihilego
|-damage|p1a: Tapu Bulu|0 fnt|[from] Recoil
|faint|p1a: Tapu Bulu
|
|win|Shacky125
|raw|Shacky125's rating: 1506 &rarr; <strong>1536</strong><br />(+30 for winning)
|raw|Fousfull's rating: 1696 &rarr; <strong>1666</strong><br />(-30 for losing)
|l|☆Fousfull
|l|☆Shacky125
||Ladder isn't responding, score probably updated but might not have (Request timeout).
|j|☆Shacky125
|player|p1|Shacky125|clerk
