|j|☆Draydius
|j|☆gogole2021
|t:|1632934088
|gametype|singles
|player|p1|Draydius|hugh|1126
|player|p2|gogole2021|rood|1279
|teamsize|p1|6
|teamsize|p2|6
|gen|8
|tier|[Gen 8] UU
|rated|
|rule|Sleep Clause Mod: Limit one foe put to sleep
|rule|Species Clause: Limit one of each Pokémon
|rule|OHKO Clause: OHKO moves are banned
|rule|Evasion Moves Clause: Evasion moves are banned
|rule|Endless Battle Clause: Forcing endless battles is banned
|rule|HP Percentage Mod: HP is shown in percentages
|rule|Dynamax Clause: You cannot dynamax
|clearpoke
|poke|p1|Zoroark, M|
|poke|p1|Moltres-Galar|
|poke|p1|Umbreon, F|
|poke|p1|Noivern, F|
|poke|p1|Aegislash, M|
|poke|p1|Pangoro, M|
|poke|p2|Moltres-Galar|
|poke|p2|Reuniclus, M|
|poke|p2|Krookodile, F|
|poke|p2|Buzzwole|
|poke|p2|Jirachi|
|poke|p2|Rotom-Wash|
|teampreview
|
|t:|1632934105
|start
|switch|p1a: Pangoro|Pangoro, M|100/100
|switch|p2a: Rotom|Rotom-Wash|100/100
|turn|1
|
|t:|1632934113
|move|p2a: Rotom|Volt Switch|p1a: Pangoro
|-damage|p1a: Pangoro|80/100
|
|t:|1632934121
|switch|p2a: Buzzwole|Buzzwole|100/100|[from]move: Volt Switch
|move|p1a: Pangoro|Payback|p2a: Buzzwole
|-resisted|p2a: Buzzwole
|-damage|p2a: Buzzwole|91/100
|
|upkeep
|turn|2
|
|t:|1632934132
|switch|p1a: Aegislash|Aegislash, M, shiny|100/100
|move|p2a: Buzzwole|Earthquake|p1a: Aegislash
|-supereffective|p1a: Aegislash
|-damage|p1a: Aegislash|27/100
|-damage|p2a: Buzzwole|81/100|[from] item: Life Orb
|
|upkeep
|turn|3
|
|t:|1632934142
|-formechange|p1a: Aegislash|Aegislash-Blade||[from] ability: Stance Change
|move|p1a: Aegislash|Shadow Sneak|p2a: Buzzwole
|-damage|p2a: Buzzwole|62/100
|move|p2a: Buzzwole|Earthquake|p1a: Aegislash
|-supereffective|p1a: Aegislash
|-damage|p1a: Aegislash|0 fnt
|faint|p1a: Aegislash
|-ability|p2a: Buzzwole|Beast Boost|boost
|-boost|p2a: Buzzwole|atk|1
|-damage|p2a: Buzzwole|52/100|[from] item: Life Orb
|
|upkeep
|
|t:|1632934154
|switch|p1a: Noivern|Noivern, F|100/100
|turn|4
|
|t:|1632934158
|switch|p2a: Reuniclus|Reuniclus, M|100/100
|move|p1a: Noivern|Hurricane|p2a: Reuniclus
|-damage|p2a: Reuniclus|76/100
|
|upkeep
|turn|5
|
|t:|1632934167
|move|p1a: Noivern|Tailwind|p1a: Noivern
|-sidestart|p1: Draydius|move: Tailwind
|move|p2a: Reuniclus|Future Sight|p1a: Noivern
|-start|p2a: Reuniclus|move: Future Sight
|
|upkeep
|turn|6
|
|t:|1632934176
|move|p1a: Noivern|Hurricane|p2a: Reuniclus
|-damage|p2a: Reuniclus|53/100
|-start|p2a: Reuniclus|confusion
|-activate|p2a: Reuniclus|confusion
|-damage|p2a: Reuniclus|48/100|[from] confusion
|
|upkeep
|turn|7
|
|t:|1632934201
|switch|p1a: Umbreon|Umbreon, F, shiny|100/100
|-activate|p2a: Reuniclus|confusion
|move|p2a: Reuniclus|Psyshock|p1a: Umbreon
|-immune|p1a: Umbreon
|
|-end|p1a: Umbreon|move: Future Sight
|-immune|p1a: Umbreon
|upkeep
|turn|8
|
|t:|1632934216
|switch|p2a: Buzzwole|Buzzwole|52/100
|move|p1a: Umbreon|Curse|p1a: Umbreon
|-unboost|p1a: Umbreon|spe|1
|-boost|p1a: Umbreon|atk|1
|-boost|p1a: Umbreon|def|1
|
|-sideend|p1: Draydius|move: Tailwind
|upkeep
|turn|9
|
|t:|1632934230
|move|p2a: Buzzwole|Roost|p2a: Buzzwole
|-heal|p2a: Buzzwole|100/100
|-singleturn|p2a: Buzzwole|move: Roost
|move|p1a: Umbreon|Facade|p2a: Buzzwole
|-damage|p2a: Buzzwole|82/100
|
|upkeep
|turn|10
|
|t:|1632934239
|move|p2a: Buzzwole|Leech Life|p1a: Umbreon
|-supereffective|p1a: Umbreon
|-damage|p1a: Umbreon|40/100
|-heal|p2a: Buzzwole|100/100|[from] drain|[of] p1a: Umbreon
|-damage|p2a: Buzzwole|91/100|[from] item: Life Orb
|move|p1a: Umbreon|Curse|p1a: Umbreon
|-unboost|p1a: Umbreon|spe|1
|-boost|p1a: Umbreon|atk|1
|-boost|p1a: Umbreon|def|1
|
|-heal|p1a: Umbreon|46/100|[from] item: Leftovers
|upkeep
|turn|11
|
|t:|1632934254
|move|p2a: Buzzwole|Close Combat|p1a: Umbreon
|-supereffective|p1a: Umbreon
|-damage|p1a: Umbreon|0 fnt
|-unboost|p2a: Buzzwole|def|1
|-unboost|p2a: Buzzwole|spd|1
|faint|p1a: Umbreon
|-ability|p2a: Buzzwole|Beast Boost|boost
|-boost|p2a: Buzzwole|atk|1
|-damage|p2a: Buzzwole|81/100|[from] item: Life Orb
|
|upkeep
|
|t:|1632934264
|switch|p1a: Moltres|Moltres-Galar|100/100
|turn|12
|
|t:|1632934275
|switch|p2a: Krookodile|Krookodile, F|100/100
|-ability|p2a: Krookodile|Intimidate|boost
|-unboost|p1a: Moltres|atk|1
|move|p1a: Moltres|Agility|p1a: Moltres
|-boost|p1a: Moltres|spe|2
|
|upkeep
|turn|13
|
|t:|1632934295
|move|p2a: Krookodile|Stone Edge|p1a: Moltres
|-supereffective|p1a: Moltres
|-damage|p1a: Moltres|57/100
|move|p1a: Moltres|Air Slash|p2a: Krookodile
|-damage|p2a: Krookodile|65/100
|
|upkeep
|turn|14
|
|t:|1632934304
|move|p2a: Krookodile|Stone Edge|p1a: Moltres
|-supereffective|p1a: Moltres
|-damage|p1a: Moltres|15/100
|-ability|p1a: Moltres|Berserk|boost
|-boost|p1a: Moltres|spa|1
|-enditem|p1a: Moltres|Sitrus Berry|[eat]
|-heal|p1a: Moltres|40/100|[from] item: Sitrus Berry
|move|p1a: Moltres|Ancient Power|p2a: Krookodile
|-resisted|p2a: Krookodile
|-crit|p2a: Krookodile
|-damage|p2a: Krookodile|43/100
|
|upkeep
|turn|15
|
|t:|1632934316
|move|p2a: Krookodile|Stone Edge|p1a: Moltres
|-supereffective|p1a: Moltres
|-damage|p1a: Moltres|0 fnt
|faint|p1a: Moltres
|
|upkeep
|
|t:|1632934328
|switch|p1a: Pangoro|Pangoro, M|80/100
|turn|16
|
|t:|1632934333
|switch|p2a: Buzzwole|Buzzwole|81/100
|move|p1a: Pangoro|Thunder Punch|p2a: Buzzwole
|-damage|p2a: Buzzwole|55/100
|
|upkeep
|turn|17
|
|t:|1632934344
|move|p2a: Buzzwole|Close Combat|p1a: Pangoro
|-supereffective|p1a: Pangoro
|-damage|p1a: Pangoro|0 fnt
|-unboost|p2a: Buzzwole|def|1
|-unboost|p2a: Buzzwole|spd|1
|faint|p1a: Pangoro
|-ability|p2a: Buzzwole|Beast Boost|boost
|-boost|p2a: Buzzwole|atk|1
|-damage|p2a: Buzzwole|45/100|[from] item: Life Orb
|
|upkeep
|
|t:|1632934354
|switch|p1a: Noivern|Noivern, F|100/100
|turn|18
|
|t:|1632934367
|switch|p2a: Krookodile|Krookodile, F|43/100
|-ability|p2a: Krookodile|Intimidate|boost
|-unboost|p1a: Noivern|atk|1
|move|p1a: Noivern|Hurricane|p2a: Krookodile|[miss]
|-miss|p1a: Noivern|p2a: Krookodile
|
|upkeep
|turn|19
|
|t:|1632934382
|move|p2a: Krookodile|Knock Off|p1a: Noivern
|-damage|p1a: Noivern|47/100
|-enditem|p1a: Noivern|Wide Lens|[from] move: Knock Off|[of] p2a: Krookodile
|move|p1a: Noivern|Tailwind|p1a: Noivern
|-sidestart|p1: Draydius|move: Tailwind
|
|upkeep
|turn|20
|
|t:|1632934390
|move|p1a: Noivern|Hurricane|p2a: Krookodile|[miss]
|-miss|p1a: Noivern|p2a: Krookodile
|move|p2a: Krookodile|Knock Off|p1a: Noivern
|-damage|p1a: Noivern|10/100
|
|upkeep
|turn|21
|
|t:|1632934399
|switch|p2a: Reuniclus|Reuniclus, M|81/100
|move|p1a: Noivern|Hurricane|p2a: Reuniclus|[miss]
|-miss|p1a: Noivern|p2a: Reuniclus
|
|upkeep
|turn|22
|
|t:|1632934409
|move|p1a: Noivern|Draco Meteor|p2a: Reuniclus
|-damage|p2a: Reuniclus|51/100
|-unboost|p1a: Noivern|spa|2
|move|p2a: Reuniclus|Shadow Ball|p1a: Noivern
|-damage|p1a: Noivern|0 fnt
|faint|p1a: Noivern
|
|-sideend|p1: Draydius|move: Tailwind
|upkeep
|
|t:|1632934420
|switch|p1a: Zoroark|Zoroark, M|100/100
|turn|23
|
|t:|1632934425
|move|p1a: Zoroark|Nasty Plot|p1a: Zoroark
|-boost|p1a: Zoroark|spa|2
|move|p2a: Reuniclus|Energy Ball|p1a: Zoroark
|-damage|p1a: Zoroark|55/100
|
|upkeep
|turn|24
|
|t:|1632934434
|move|p1a: Zoroark|Night Daze|p2a: Reuniclus
|-supereffective|p2a: Reuniclus
|-damage|p2a: Reuniclus|0 fnt
|faint|p2a: Reuniclus
|
|upkeep
|
|t:|1632934441
|switch|p2a: Krookodile|Krookodile, F|43/100
|-ability|p2a: Krookodile|Intimidate|boost
|-unboost|p1a: Zoroark|atk|1
|turn|25
|
|t:|1632934450
|move|p2a: Krookodile|Earthquake|p1a: Zoroark|[miss]
|-miss|p2a: Krookodile|p1a: Zoroark
|move|p1a: Zoroark|Sludge Bomb|p2a: Krookodile
|-resisted|p2a: Krookodile
|-damage|p2a: Krookodile|12/100
|-status|p2a: Krookodile|psn
|
|-damage|p2a: Krookodile|0 fnt|[from] psn
|faint|p2a: Krookodile
|upkeep
|c|☆Draydius|Why is your krool prime so fast
|c|☆gogole2021|??
|c|☆Draydius|Krookodile
|
|t:|1632934484
|switch|p2a: Moltres|Moltres-Galar|100/100
|turn|26
|
|t:|1632934499
|move|p1a: Zoroark|Sludge Bomb|p2a: Moltres
|-damage|p2a: Moltres|71/100
|move|p2a: Moltres|Fiery Wrath|p1a: Zoroark
|-resisted|p1a: Zoroark
|-crit|p1a: Zoroark
|-damage|p1a: Zoroark|16/100
|
|upkeep
|turn|27
|
|t:|1632934508
|move|p1a: Zoroark|Night Daze|p2a: Moltres
|-resisted|p2a: Moltres
|-damage|p2a: Moltres|48/100
|-ability|p2a: Moltres|Berserk|boost
|-boost|p2a: Moltres|spa|1
|move|p2a: Moltres|Fiery Wrath|p1a: Zoroark
|-resisted|p1a: Zoroark
|-damage|p1a: Zoroark|0 fnt
|faint|p1a: Zoroark
|
|win|gogole2021
|raw|Draydius's rating: 1126 &rarr; <strong>1110</strong><br />(-16 for losing)
|raw|gogole2021's rating: 1261 &rarr; <strong>1277</strong><br />(+16 for winning)
|l|☆Draydius
||Ladder isn't responding, score probably updated but might not have (Request timeout).
