|j|☆Jahir Ramirez
|j|☆esqimo589
|t:|1665887612
|gametype|singles
|player|p1|Jahir Ramirez|hooligans|1083
|player|p2|esqimo589|n|1168
|teamsize|p1|6
|teamsize|p2|6
|gen|8
|tier|[Gen 8] UU
|rated|
|rule|Sleep Clause Mod: Limit one foe put to sleep
|rule|Species Clause: Limit one of each Pokémon
|rule|OHKO Clause: OHKO moves are banned
|rule|Evasion Items Clause: Evasion items are banned
|rule|Evasion Moves Clause: Evasion moves are banned
|rule|Endless Battle Clause: Forcing endless battles is banned
|rule|HP Percentage Mod: HP is shown in percentages
|rule|Dynamax Clause: You cannot dynamax
|clearpoke
|poke|p1|Celesteela|
|poke|p1|Gyarados, F|
|poke|p1|Rotom-Heat|
|poke|p1|Conkeldurr, M|
|poke|p1|Runerigus, M|
|poke|p1|Doublade, M|
|poke|p2|Diggersby, M|
|poke|p2|Chandelure, F|
|poke|p2|Cobalion|
|poke|p2|Reuniclus, M|
|poke|p2|Tangrowth, M|
|poke|p2|Salamence, M|
|teampreview
|inactive|Battle timer is ON: inactive players will automatically lose when time's up. (requested by esqimo589)
|
|t:|1665887634
|start
|switch|p1a: Gyarados|Gyarados, F|100/100
|switch|p2a: the goat|Cobalion|100/100
|-ability|p1a: Gyarados|Intimidate|boost
|-unboost|p2a: the goat|atk|1
|turn|1
|
|t:|1665887641
|move|p2a: the goat|Volt Switch|p1a: Gyarados
|-supereffective|p1a: Gyarados
|-damage|p1a: Gyarados|49/100
|
|t:|1665887648
|switch|p2a: big chungus|Diggersby, M|100/100|[from]move: Volt Switch
|move|p1a: Gyarados|Dragon Dance|p1a: Gyarados
|-boost|p1a: Gyarados|atk|1
|-boost|p1a: Gyarados|spe|1
|
|upkeep
|turn|2
|
|t:|1665887655
|move|p2a: big chungus|Body Slam|p1a: Gyarados
|-crit|p1a: Gyarados
|-damage|p1a: Gyarados|0 fnt
|faint|p1a: Gyarados
|
|upkeep
|
|t:|1665887670
|switch|p1a: Celesteela|Celesteela|100/100
|turn|3
|
|t:|1665887687
|switch|p2a: my toe sis|Reuniclus, M|100/100
|move|p1a: Celesteela|Giga Drain|p2a: my toe sis
|-damage|p2a: my toe sis|79/100
|
|upkeep
|turn|4
|
|t:|1665887699
|switch|p1a: Runerigus|Runerigus, M|100/100
|move|p2a: my toe sis|Calm Mind|p2a: my toe sis
|-boost|p2a: my toe sis|spa|1
|-boost|p2a: my toe sis|spd|1
|
|upkeep
|turn|5
|
|t:|1665887710
|switch|p2a: whiteeyesbluedrag|Salamence, M|100/100
|-ability|p2a: whiteeyesbluedrag|Intimidate|boost
|-unboost|p1a: Runerigus|atk|1
|move|p1a: Runerigus|Destiny Bond|p1a: Runerigus
|-singlemove|p1a: Runerigus|Destiny Bond
|
|upkeep
|turn|6
|
|t:|1665887718
|move|p2a: whiteeyesbluedrag|Hurricane|p1a: Runerigus|[miss]
|-miss|p2a: whiteeyesbluedrag|p1a: Runerigus
|move|p1a: Runerigus|Will-O-Wisp|p2a: whiteeyesbluedrag
|-status|p2a: whiteeyesbluedrag|brn
|
|-damage|p2a: whiteeyesbluedrag|94/100 brn|[from] brn
|upkeep
|turn|7
|
|t:|1665887740
|move|p2a: whiteeyesbluedrag|Hurricane|p1a: Runerigus
|-damage|p1a: Runerigus|62/100
|move|p1a: Runerigus|Destiny Bond|p1a: Runerigus
|-singlemove|p1a: Runerigus|Destiny Bond
|
|-damage|p2a: whiteeyesbluedrag|88/100 brn|[from] brn
|upkeep
|turn|8
|
|t:|1665887754
|move|p2a: whiteeyesbluedrag|Hurricane|p1a: Runerigus|[miss]
|-miss|p2a: whiteeyesbluedrag|p1a: Runerigus
|move|p1a: Runerigus|Destiny Bond||[still]
|-fail|p1a: Runerigus
|
|-damage|p2a: whiteeyesbluedrag|82/100 brn|[from] brn
|upkeep
|turn|9
|
|t:|1665887779
|move|p2a: whiteeyesbluedrag|Hurricane|p1a: Runerigus
|-damage|p1a: Runerigus|23/100
|move|p1a: Runerigus|Toxic Spikes|p2a: whiteeyesbluedrag
|-sidestart|p2: esqimo589|move: Toxic Spikes
|
|-damage|p2a: whiteeyesbluedrag|76/100 brn|[from] brn
|upkeep
|turn|10
|
|t:|1665887787
|move|p2a: whiteeyesbluedrag|Defog|p1a: Runerigus
|-unboost|p1a: Runerigus|evasion|1
|-sideend|p2: esqimo589|Toxic Spikes|[from] move: Defog|[of] p2a: whiteeyesbluedrag
|move|p1a: Runerigus|Destiny Bond|p1a: Runerigus
|-singlemove|p1a: Runerigus|Destiny Bond
|
|-damage|p2a: whiteeyesbluedrag|70/100 brn|[from] brn
|upkeep
|turn|11
|j| amogusroxyrrrr
|
|t:|1665887799
|switch|p2a: this girl is fire|Chandelure, F|100/100
|move|p1a: Runerigus|Destiny Bond||[still]
|-fail|p1a: Runerigus
|
|upkeep
|turn|12
|
|t:|1665887804
|move|p2a: this girl is fire|Hex|p1a: Runerigus
|-supereffective|p1a: Runerigus
|-damage|p1a: Runerigus|0 fnt
|faint|p1a: Runerigus
|
|upkeep
|
|t:|1665887819
|switch|p1a: Doublade|Doublade, M|100/100
|turn|13
|
|t:|1665887824
|switch|p2a: big chungus|Diggersby, M|100/100
|move|p1a: Doublade|Swords Dance|p1a: Doublade
|-boost|p1a: Doublade|atk|2
|
|upkeep
|turn|14
|
|t:|1665887839
|move|p2a: big chungus|Earthquake|p1a: Doublade
|-supereffective|p1a: Doublade
|-damage|p1a: Doublade|28/100
|move|p1a: Doublade|Iron Head|p2a: big chungus
|-damage|p2a: big chungus|0 fnt
|faint|p2a: big chungus
|
|upkeep
|
|t:|1665887851
|switch|p2a: whiteeyesbluedrag|Salamence, M|70/100 brn
|-ability|p2a: whiteeyesbluedrag|Intimidate|boost
|-unboost|p1a: Doublade|atk|1
|turn|15
|
|t:|1665887868
|switch|p1a: Rotom|Rotom-Heat|100/100
|move|p2a: whiteeyesbluedrag|Flamethrower|p1a: Rotom
|-resisted|p1a: Rotom
|-damage|p1a: Rotom|88/100
|
|-heal|p1a: Rotom|94/100|[from] item: Leftovers
|-damage|p2a: whiteeyesbluedrag|64/100 brn|[from] brn
|upkeep
|turn|16
|
|t:|1665887883
|switch|p2a: this girl is fire|Chandelure, F|100/100
|move|p1a: Rotom|Toxic|p2a: this girl is fire
|-status|p2a: this girl is fire|tox
|
|-heal|p1a: Rotom|100/100|[from] item: Leftovers
|-damage|p2a: this girl is fire|94/100 tox|[from] psn
|upkeep
|turn|17
|
|t:|1665887896
|switch|p1a: Conkeldurr|Conkeldurr, M|100/100
|move|p2a: this girl is fire|Hex|p1a: Conkeldurr
|-damage|p1a: Conkeldurr|62/100
|
|-damage|p2a: this girl is fire|82/100 tox|[from] psn
|-status|p1a: Conkeldurr|brn|[from] item: Flame Orb
|upkeep
|turn|18
|
|t:|1665887906
|move|p2a: this girl is fire|Hex|p1a: Conkeldurr
|-damage|p1a: Conkeldurr|0 fnt
|faint|p1a: Conkeldurr
|
|-damage|p2a: this girl is fire|63/100 tox|[from] psn
|upkeep
|c|☆esqimo589|press F in the chat
|
|t:|1665887914
|switch|p1a: Doublade|Doublade, M|28/100
|turn|19
|
|t:|1665887920
|switch|p2a: the goat|Cobalion|100/100
|move|p1a: Doublade|Shadow Sneak|p2a: the goat
|-damage|p2a: the goat|83/100
|-damage|p1a: Doublade|11/100|[from] item: Rocky Helmet|[of] p2a: the goat
|
|upkeep
|turn|20
|
|t:|1665887932
|switch|p1a: Rotom|Rotom-Heat|100/100
|move|p2a: the goat|Volt Switch|p1a: Rotom
|-resisted|p1a: Rotom
|-damage|p1a: Rotom|93/100
|
|t:|1665887951
|switch|p2a: my toe sis|Reuniclus, M|79/100|[from]move: Volt Switch
|
|-heal|p1a: Rotom|99/100|[from] item: Leftovers
|upkeep
|turn|21
|l| amogusroxyrrrr
|j| amogusroxyrrrr
|
|t:|1665887960
|move|p1a: Rotom|Dark Pulse|p2a: my toe sis
|-supereffective|p2a: my toe sis
|-enditem|p2a: my toe sis|Colbur Berry|[eat]
|-enditem|p2a: my toe sis|Colbur Berry|[weaken]
|-damage|p2a: my toe sis|60/100
|move|p2a: my toe sis|Calm Mind|p2a: my toe sis
|-boost|p2a: my toe sis|spa|1
|-boost|p2a: my toe sis|spd|1
|
|-heal|p1a: Rotom|100/100|[from] item: Leftovers
|upkeep
|turn|22
|
|t:|1665887975
|move|p1a: Rotom|Toxic|p2a: my toe sis|[miss]
|-miss|p1a: Rotom|p2a: my toe sis
|move|p2a: my toe sis|Recover|p2a: my toe sis
|-heal|p2a: my toe sis|100/100
|
|upkeep
|turn|23
|
|t:|1665888003
|move|p1a: Rotom|Toxic|p2a: my toe sis
|-status|p2a: my toe sis|tox
|move|p2a: my toe sis|Calm Mind|p2a: my toe sis
|-boost|p2a: my toe sis|spa|1
|-boost|p2a: my toe sis|spd|1
|
|upkeep
|turn|24
|
|t:|1665888018
|move|p1a: Rotom|Overheat|p2a: my toe sis
|-damage|p2a: my toe sis|80/100 tox
|-unboost|p1a: Rotom|spa|2
|move|p2a: my toe sis|Calm Mind|p2a: my toe sis
|-boost|p2a: my toe sis|spa|1
|-boost|p2a: my toe sis|spd|1
|
|upkeep
|turn|25
|
|t:|1665888026
|move|p1a: Rotom|Volt Switch|p2a: my toe sis
|-damage|p2a: my toe sis|76/100 tox
|
|t:|1665888039
|switch|p1a: Celesteela|Celesteela|100/100|[from]move: Volt Switch
|move|p2a: my toe sis|Psyshock|p1a: Celesteela
|-resisted|p1a: Celesteela
|-damage|p1a: Celesteela|60/100
|
|upkeep
|turn|26
|
|t:|1665888053
|move|p1a: Celesteela|Air Slash|p2a: my toe sis
|-damage|p2a: my toe sis|61/100 tox
|move|p2a: my toe sis|Calm Mind|p2a: my toe sis
|-boost|p2a: my toe sis|spa|1
|-boost|p2a: my toe sis|spd|1
|
|upkeep
|turn|27
|j| Queen of Bean ✿
|
|t:|1665888060
|move|p1a: Celesteela|Air Slash|p2a: my toe sis
|-damage|p2a: my toe sis|48/100 tox
|move|p2a: my toe sis|Recover|p2a: my toe sis
|-heal|p2a: my toe sis|98/100 tox
|
|upkeep
|turn|28
|
|t:|1665888072
|move|p1a: Celesteela|Air Slash|p2a: my toe sis
|-damage|p2a: my toe sis|86/100 tox
|cant|p2a: my toe sis|flinch
|
|upkeep
|turn|29
|
|t:|1665888077
|move|p1a: Celesteela|Air Slash|p2a: my toe sis
|-damage|p2a: my toe sis|75/100 tox
|move|p2a: my toe sis|Calm Mind|p2a: my toe sis
|-boost|p2a: my toe sis|spa|1
|-boost|p2a: my toe sis|spd|1
|
|upkeep
|turn|30
|
|t:|1665888084
|move|p1a: Celesteela|Air Slash|p2a: my toe sis|[miss]
|-miss|p1a: Celesteela|p2a: my toe sis
|move|p2a: my toe sis|Calm Mind|p2a: my toe sis
|-boost|p2a: my toe sis|spa|1
|-boost|p2a: my toe sis|spd|1
|
|upkeep
|turn|31
|
|t:|1665888090
|move|p1a: Celesteela|Air Slash|p2a: my toe sis|[miss]
|-miss|p1a: Celesteela|p2a: my toe sis
|move|p2a: my toe sis|Psyshock|p1a: Celesteela
|-resisted|p1a: Celesteela
|-damage|p1a: Celesteela|0 fnt
|faint|p1a: Celesteela
|
|upkeep
|
|t:|1665888097
|switch|p1a: Doublade|Doublade, M|11/100
|turn|32
|
|t:|1665888101
|move|p1a: Doublade|Shadow Sneak|p2a: my toe sis
|-supereffective|p2a: my toe sis
|-damage|p2a: my toe sis|44/100 tox
|move|p2a: my toe sis|Psyshock|p1a: Doublade
|-resisted|p1a: Doublade
|-damage|p1a: Doublade|0 fnt
|faint|p1a: Doublade
|
|upkeep
|
|t:|1665888109
|switch|p1a: Rotom|Rotom-Heat|100/100
|turn|33
|
|t:|1665888113
|move|p1a: Rotom|Dark Pulse|p2a: my toe sis
|-supereffective|p2a: my toe sis
|-damage|p2a: my toe sis|35/100 tox
|move|p2a: my toe sis|Recover|p2a: my toe sis
|-heal|p2a: my toe sis|85/100 tox
|
|upkeep
|turn|34
|
|t:|1665888119
|move|p1a: Rotom|Dark Pulse|p2a: my toe sis
|-supereffective|p2a: my toe sis
|-damage|p2a: my toe sis|75/100 tox
|cant|p2a: my toe sis|flinch
|
|upkeep
|turn|35
|c| Queen of Bean ✿|owned
|
|t:|1665888124
|move|p1a: Rotom|Dark Pulse|p2a: my toe sis
|-supereffective|p2a: my toe sis
|-crit|p2a: my toe sis
|-damage|p2a: my toe sis|20/100 tox
|cant|p2a: my toe sis|flinch
|
|upkeep
|turn|36
|c| Queen of Bean ✿|oops
|c| Queen of Bean ✿|too soon
|
|t:|1665888130
|move|p1a: Rotom|Dark Pulse|p2a: my toe sis
|-supereffective|p2a: my toe sis
|-crit|p2a: my toe sis
|-damage|p2a: my toe sis|0 fnt
|faint|p2a: my toe sis
|
|upkeep
|c|☆esqimo589|nah
|c| Queen of Bean ✿|OHNOOO
|
|t:|1665888139
|switch|p2a: the goat|Cobalion|83/100
|turn|37
|
|t:|1665888143
|move|p2a: the goat|Stone Edge|p1a: Rotom
|-supereffective|p1a: Rotom
|-damage|p1a: Rotom|58/100
|move|p1a: Rotom|Overheat|p2a: the goat
|-supereffective|p2a: the goat
|-damage|p2a: the goat|0 fnt
|-unboost|p1a: Rotom|spa|2
|faint|p2a: the goat
|
|-heal|p1a: Rotom|64/100|[from] item: Leftovers
|upkeep
|c| Queen of Bean ✿|that was such forshadowing
|c| Queen of Bean ✿|i meant to say owned after psyshock killed rotom
|inactive|esqimo589 has 120 seconds left.
|
|t:|1665888195
|switch|p2a: this girl is fire|Chandelure, F|63/100 tox
|turn|38
|
|t:|1665888200
|move|p2a: this girl is fire|Hex|p1a: Rotom
|-damage|p1a: Rotom|28/100
|move|p1a: Rotom|Dark Pulse|p2a: this girl is fire
|-supereffective|p2a: this girl is fire
|-damage|p2a: this girl is fire|42/100 tox
|
|-heal|p1a: Rotom|35/100|[from] item: Leftovers
|-damage|p2a: this girl is fire|36/100 tox|[from] psn
|upkeep
|turn|39
|c|☆Jahir Ramirez|gg
|
|t:|1665888213
|move|p2a: this girl is fire|Hex|p1a: Rotom
|-damage|p1a: Rotom|4/100
|move|p1a: Rotom|Dark Pulse|p2a: this girl is fire
|-supereffective|p2a: this girl is fire
|-damage|p2a: this girl is fire|15/100 tox
|
|-heal|p1a: Rotom|10/100|[from] item: Leftovers
|-damage|p2a: this girl is fire|3/100 tox|[from] psn
|upkeep
|turn|40
|
|t:|1665888221
|move|p2a: this girl is fire|Hex|p1a: Rotom
|-damage|p1a: Rotom|0 fnt
|faint|p1a: Rotom
|
|win|esqimo589
|raw|Jahir Ramirez's rating: 1083 &rarr; <strong>1066</strong><br />(-17 for losing)
|raw|esqimo589's rating: 1168 &rarr; <strong>1187</strong><br />(+19 for winning)
|j| DownBadForLinoone
|c|☆esqimo589|g fucking g
|c|☆esqimo589|what the hell just happened
|c| Queen of Bean ✿|LOLL
|c| Queen of Bean ✿|sorry
|c| Queen of Bean ✿|jinxed u
|c| amogusroxyrrrr|you won tho you had an 89% chance to lose
|c|☆esqimo589|im fucking mad
|c|☆esqimo589|why the fuck do i have the shittest luck today
||Ladder isn't responding, score probably updated but might not have (Request timeout).
