|raw|<div class="broadcast-blue"><strong>This battle is required to be public due to a player having a name starting with 'uult91w'.</div>
|j|☆Uult91w onarceus
|j|☆UULT91w Elfu
|t:|1651962895
|gametype|singles
|player|p1|Uult91w onarceus|#scl1islanders|1648
|player|p2|UULT91w Elfu|cyclist|1576
|teamsize|p1|6
|teamsize|p2|6
|gen|8
|tier|[Gen 8] UU
|rated|
|rule|Sleep Clause Mod: Limit one foe put to sleep
|rule|Species Clause: Limit one of each Pokémon
|rule|OHKO Clause: OHKO moves are banned
|rule|Evasion Moves Clause: Evasion moves are banned
|rule|Endless Battle Clause: Forcing endless battles is banned
|rule|HP Percentage Mod: HP is shown in percentages
|rule|Dynamax Clause: You cannot dynamax
|clearpoke
|poke|p1|Primarina, F|
|poke|p1|Raikou|
|poke|p1|Crobat, M|
|poke|p1|Tangrowth, F|
|poke|p1|Krookodile, M|
|poke|p1|Aegislash, F|
|poke|p2|Aegislash, F|
|poke|p2|Zarude-Dada|
|poke|p2|Cobalion|
|poke|p2|Slowking, M|
|poke|p2|Flygon, F|
|poke|p2|Thundurus-Therian, M|
|teampreview
|j| opela
|
|t:|1651962918
|start
|switch|p1a: Tangrowth|Tangrowth, F|100/100
|switch|p2a: Flygon|Flygon, F|100/100
|turn|1
|
|t:|1651962922
|move|p2a: Flygon|Toxic|p1a: Tangrowth
|-status|p1a: Tangrowth|tox
|move|p1a: Tangrowth|Knock Off|p2a: Flygon
|-damage|p2a: Flygon|75/100
|-enditem|p2a: Flygon|Leftovers|[from] move: Knock Off|[of] p1a: Tangrowth
|
|-damage|p1a: Tangrowth|94/100 tox|[from] psn
|upkeep
|turn|2
|
|t:|1651962932
|move|p2a: Flygon|Earthquake|p1a: Tangrowth
|-resisted|p1a: Tangrowth
|-damage|p1a: Tangrowth|82/100 tox
|move|p1a: Tangrowth|Knock Off|p2a: Flygon
|-damage|p2a: Flygon|59/100
|
|-damage|p1a: Tangrowth|70/100 tox|[from] psn
|upkeep
|turn|3
|
|t:|1651962937
|switch|p1a: Primarina|Primarina, F|100/100
|move|p2a: Flygon|Roost|p2a: Flygon
|-heal|p2a: Flygon|100/100
|-singleturn|p2a: Flygon|move: Roost
|
|upkeep
|turn|4
|
|t:|1651962944
|switch|p2a: Slowking|Slowking, M|100/100
|move|p1a: Primarina|Moonblast|p2a: Slowking
|-damage|p2a: Slowking|43/100
|-unboost|p2a: Slowking|spa|1
|
|upkeep
|turn|5
|j| vaguelone
|j| career ended
|
|t:|1651962952
|switch|p1a: Krookodile|Krookodile, M|100/100
|-ability|p1a: Krookodile|Intimidate|boost
|-unboost|p2a: Slowking|atk|1
|switch|p2a: Aegislash|Aegislash, F|100/100
|
|upkeep
|turn|6
|j| uult91w Quartos
|
|t:|1651962959
|switch|p2a: Flygon|Flygon, F|100/100
|move|p1a: Krookodile|Stealth Rock|p2a: Flygon
|-sidestart|p2: UULT91w Elfu|move: Stealth Rock
|
|upkeep
|turn|7
|
|t:|1651962969
|move|p1a: Krookodile|Taunt|p2a: Flygon
|-start|p2a: Flygon|move: Taunt
|cant|p2a: Flygon|move: Taunt|Toxic
|
|upkeep
|turn|8
|
|t:|1651962975
|move|p1a: Krookodile|Knock Off|p2a: Flygon
|-damage|p2a: Flygon|69/100
|move|p2a: Flygon|Earthquake|p1a: Krookodile
|-damage|p1a: Krookodile|64/100
|
|-heal|p1a: Krookodile|71/100|[from] item: Leftovers
|upkeep
|turn|9
|
|t:|1651962979
|move|p1a: Krookodile|Knock Off|p2a: Flygon
|-damage|p2a: Flygon|41/100
|move|p2a: Flygon|Earthquake|p1a: Krookodile
|-damage|p1a: Krookodile|37/100
|
|-heal|p1a: Krookodile|43/100|[from] item: Leftovers
|-end|p2a: Flygon|move: Taunt
|upkeep
|turn|10
|
|t:|1651962984
|switch|p1a: Primarina|Primarina, F|100/100
|move|p2a: Flygon|Earthquake|p1a: Primarina
|-damage|p1a: Primarina|49/100
|
|upkeep
|turn|11
|j| UULT91w Micciu
|c| UULT91w Micciu|Vamos elfu
|
|t:|1651963004
|switch|p1a: Krookodile|Krookodile, M|43/100
|-ability|p1a: Krookodile|Intimidate|boost
|-unboost|p2a: Flygon|atk|1
|move|p2a: Flygon|Roost|p2a: Flygon
|-heal|p2a: Flygon|91/100
|-singleturn|p2a: Flygon|move: Roost
|
|-heal|p1a: Krookodile|49/100|[from] item: Leftovers
|upkeep
|turn|12
|
|t:|1651963010
|move|p1a: Krookodile|Taunt|p2a: Flygon
|-start|p2a: Flygon|move: Taunt
|move|p2a: Flygon|Earthquake|p1a: Krookodile
|-damage|p1a: Krookodile|23/100
|
|-heal|p1a: Krookodile|29/100|[from] item: Leftovers
|upkeep
|turn|13
|
|t:|1651963015
|move|p1a: Krookodile|Knock Off|p2a: Flygon
|-crit|p2a: Flygon
|-damage|p2a: Flygon|49/100
|move|p2a: Flygon|Earthquake|p1a: Krookodile
|-damage|p1a: Krookodile|6/100
|
|-heal|p1a: Krookodile|12/100|[from] item: Leftovers
|upkeep
|turn|14
|
|t:|1651963017
|move|p1a: Krookodile|Knock Off|p2a: Flygon
|-damage|p2a: Flygon|19/100
|move|p2a: Flygon|Earthquake|p1a: Krookodile
|-damage|p1a: Krookodile|0 fnt
|faint|p1a: Krookodile
|
|-end|p2a: Flygon|move: Taunt
|upkeep
|
|t:|1651963020
|switch|p1a: Crobat|Crobat, M|100/100
|turn|15
|j| Spitfire arcanine
|
|t:|1651963048
|move|p1a: Crobat|Brave Bird|p2a: Flygon
|-crit|p2a: Flygon
|-damage|p2a: Flygon|0 fnt
|faint|p2a: Flygon
|-damage|p1a: Crobat|95/100|[from] Recoil
|
|upkeep
|
|t:|1651963060
|switch|p2a: Thundurus|Thundurus-Therian, M|100/100
|turn|16
|
|t:|1651963062
|move|p1a: Crobat|U-turn|p2a: Thundurus
|-resisted|p2a: Thundurus
|-damage|p2a: Thundurus|88/100
|
|t:|1651963064
|switch|p1a: Tangrowth|Tangrowth, F|100/100 tox|[from]move: U-turn
|move|p2a: Thundurus|Knock Off|p1a: Tangrowth
|-damage|p1a: Tangrowth|85/100 tox
|-enditem|p1a: Tangrowth|Assault Vest|[from] move: Knock Off|[of] p2a: Thundurus
|
|-damage|p1a: Tangrowth|78/100 tox|[from] psn
|upkeep
|turn|17
|
|t:|1651963104
|move|p2a: Thundurus|Volt Switch|p1a: Tangrowth
|-resisted|p1a: Tangrowth
|-damage|p1a: Tangrowth|58/100 tox
|
|t:|1651963112
|switch|p2a: Cobalion|Cobalion|100/100|[from]move: Volt Switch
|-damage|p2a: Cobalion|97/100|[from] Stealth Rock
|move|p1a: Tangrowth|Focus Blast|p2a: Cobalion
|-supereffective|p2a: Cobalion
|-damage|p2a: Cobalion|9/100
|-unboost|p2a: Cobalion|spd|1
|
|-damage|p1a: Tangrowth|46/100 tox|[from] psn
|upkeep
|turn|18
|
|t:|1651963122
|switch|p1a: Crobat|Crobat, M|95/100
|move|p2a: Cobalion|Stealth Rock|p1a: Crobat
|-sidestart|p1: Uult91w onarceus|move: Stealth Rock
|
|upkeep
|turn|19
|
|t:|1651963131
|move|p1a: Crobat|Brave Bird|p2a: Cobalion
|-damage|p2a: Cobalion|0 fnt
|faint|p2a: Cobalion
|-damage|p1a: Crobat|92/100|[from] Recoil
|
|upkeep
|
|t:|1651963135
|switch|p2a: Thundurus|Thundurus-Therian, M|88/100
|turn|20
|
|t:|1651963144
|move|p1a: Crobat|U-turn|p2a: Thundurus
|-resisted|p2a: Thundurus
|-damage|p2a: Thundurus|76/100
|
|t:|1651963147
|switch|p1a: Tangrowth|Tangrowth, F|79/100 tox|[from]move: U-turn
|-damage|p1a: Tangrowth|66/100 tox|[from] Stealth Rock
|move|p2a: Thundurus|Incinerate|p1a: Tangrowth
|-supereffective|p1a: Tangrowth
|-damage|p1a: Tangrowth|22/100 tox
|
|-damage|p1a: Tangrowth|16/100 tox|[from] psn
|upkeep
|turn|21
|
|t:|1651963168
|move|p2a: Thundurus|Incinerate|p1a: Tangrowth
|-supereffective|p1a: Tangrowth
|-damage|p1a: Tangrowth|0 fnt
|faint|p1a: Tangrowth
|
|upkeep
|
|t:|1651963170
|switch|p1a: Raikou|Raikou|100/100
|-ability|p1a: Raikou|Pressure
|turn|22
|
|t:|1651963187
|switch|p2a: Zarude|Zarude-Dada|100/100
|move|p1a: Raikou|Scald|p2a: Zarude
|-resisted|p2a: Zarude
|-damage|p2a: Zarude|89/100
|
|upkeep
|turn|23
|j| turtledoggo1
|
|t:|1651963195
|switch|p1a: Crobat|Crobat, M|92/100
|move|p2a: Zarude|Darkest Lariat|p1a: Crobat
|-damage|p1a: Crobat|48/100
|
|upkeep
|turn|24
|
|t:|1651963207
|switch|p2a: Aegislash|Aegislash, F|100/100
|-damage|p2a: Aegislash|94/100|[from] Stealth Rock
|move|p1a: Crobat|U-turn|p2a: Aegislash
|-resisted|p2a: Aegislash
|-damage|p2a: Aegislash|91/100
|
|t:|1651963210
|switch|p1a: Primarina|Primarina, F|49/100|[from]move: U-turn
|-damage|p1a: Primarina|37/100|[from] Stealth Rock
|
|-heal|p2a: Aegislash|97/100|[from] item: Leftovers
|upkeep
|turn|25
|
|t:|1651963218
|move|p2a: Aegislash|King's Shield|p2a: Aegislash
|-singleturn|p2a: Aegislash|Protect
|move|p1a: Primarina|Surf|p2a: Aegislash
|-activate|p2a: Aegislash|move: Protect
|
|-heal|p2a: Aegislash|100/100|[from] item: Leftovers
|upkeep
|turn|26
|j| UULT91w Mantis
|
|t:|1651963303
|move|p1a: Primarina|Surf|p2a: Aegislash
|-damage|p2a: Aegislash|21/100
|-formechange|p2a: Aegislash|Aegislash-Blade||[from] ability: Stance Change
|move|p2a: Aegislash|Shadow Ball|p1a: Primarina
|-damage|p1a: Primarina|0 fnt
|faint|p1a: Primarina
|
|-heal|p2a: Aegislash|27/100|[from] item: Leftovers
|upkeep
|
|t:|1651963306
|switch|p1a: Raikou|Raikou|100/100
|-ability|p1a: Raikou|Pressure
|turn|27
|
|t:|1651963313
|switch|p2a: Zarude|Zarude-Dada|89/100
|move|p1a: Raikou|Calm Mind|p1a: Raikou
|-boost|p1a: Raikou|spa|1
|-boost|p1a: Raikou|spd|1
|
|upkeep
|turn|28
|
|t:|1651963345
|move|p1a: Raikou|Volt Switch|p2a: Zarude
|-resisted|p2a: Zarude
|-damage|p2a: Zarude|64/100
|
|t:|1651963348
|switch|p1a: Crobat|Crobat, M|48/100|[from]move: Volt Switch
|move|p2a: Zarude|Darkest Lariat|p1a: Crobat
|-damage|p1a: Crobat|5/100
|
|upkeep
|turn|29
|
|t:|1651963369
|switch|p2a: Aegislash|Aegislash, F|27/100
|-damage|p2a: Aegislash|21/100|[from] Stealth Rock
|move|p1a: Crobat|U-turn|p2a: Aegislash
|-resisted|p2a: Aegislash
|-damage|p2a: Aegislash|18/100
|
|t:|1651963371
|switch|p1a: Raikou|Raikou|100/100|[from]move: U-turn
|-ability|p1a: Raikou|Pressure
|
|-heal|p2a: Aegislash|24/100|[from] item: Leftovers
|upkeep
|turn|30
|
|t:|1651963405
|move|p1a: Raikou|Volt Switch|p2a: Aegislash
|-damage|p2a: Aegislash|0 fnt
|faint|p2a: Aegislash
|
|t:|1651963408
|switch|p1a: Crobat|Crobat, M|5/100|[from]move: Volt Switch
|
|upkeep
|
|t:|1651963423
|switch|p2a: Thundurus|Thundurus-Therian, M|76/100
|turn|31
|
|t:|1651963426
|move|p1a: Crobat|U-turn|p2a: Thundurus
|-resisted|p2a: Thundurus
|-damage|p2a: Thundurus|63/100
|
|t:|1651963428
|switch|p1a: Raikou|Raikou|100/100|[from]move: U-turn
|-ability|p1a: Raikou|Pressure
|move|p2a: Thundurus|Knock Off|p1a: Raikou
|-damage|p1a: Raikou|68/100
|-enditem|p1a: Raikou|Heavy-Duty Boots|[from] move: Knock Off|[of] p2a: Thundurus
|
|upkeep
|turn|32
|
|t:|1651963439
|move|p1a: Raikou|Scald|p2a: Thundurus
|-damage|p2a: Thundurus|25/100
|-status|p2a: Thundurus|brn
|move|p2a: Thundurus|Volt Switch|p1a: Raikou
|-resisted|p1a: Raikou
|-damage|p1a: Raikou|48/100
|
|t:|1651963450
|switch|p2a: Zarude|Zarude-Dada|64/100|[from]move: Volt Switch
|
|upkeep
|turn|33
|l| career ended
|
|t:|1651963462
|move|p1a: Raikou|Volt Switch|p2a: Zarude
|-resisted|p2a: Zarude
|-damage|p2a: Zarude|46/100
|
|t:|1651963464
|switch|p1a: Crobat|Crobat, M|5/100|[from]move: Volt Switch
|move|p2a: Zarude|Darkest Lariat|p1a: Crobat
|-damage|p1a: Crobat|0 fnt
|faint|p1a: Crobat
|
|upkeep
|
|t:|1651963465
|switch|p1a: Aegislash|Aegislash, F|100/100
|-damage|p1a: Aegislash|94/100|[from] Stealth Rock
|turn|34
|
|t:|1651963486
|move|p2a: Zarude|Darkest Lariat|p1a: Aegislash
|-supereffective|p1a: Aegislash
|-damage|p1a: Aegislash|22/100
|-formechange|p1a: Aegislash|Aegislash-Blade||[from] ability: Stance Change
|move|p1a: Aegislash|Close Combat|p2a: Zarude
|-supereffective|p2a: Zarude
|-damage|p2a: Zarude|0 fnt
|-unboost|p1a: Aegislash|def|1
|-unboost|p1a: Aegislash|spd|1
|faint|p2a: Zarude
|
|-heal|p1a: Aegislash|28/100|[from] item: Leftovers
|upkeep
|
|t:|1651963492
|switch|p2a: Slowking|Slowking, M|76/100
|turn|35
|
|t:|1651963504
|move|p1a: Aegislash|Shadow Sneak|p2a: Slowking
|-supereffective|p2a: Slowking
|-damage|p2a: Slowking|36/100
|move|p2a: Slowking|Psyshock|p1a: Aegislash
|-resisted|p1a: Aegislash
|-damage|p1a: Aegislash|0 fnt
|faint|p1a: Aegislash
|
|upkeep
|
|t:|1651963505
|switch|p1a: Raikou|Raikou|48/100
|-damage|p1a: Raikou|35/100|[from] Stealth Rock
|-ability|p1a: Raikou|Pressure
|turn|36
|
|t:|1651963513
|switch|p2a: Thundurus|Thundurus-Therian, M|25/100 brn
|move|p1a: Raikou|Thunderbolt|p2a: Thundurus
|-heal|p2a: Thundurus|49/100 brn|[from] ability: Volt Absorb|[of] p1a: Raikou
|
|-damage|p2a: Thundurus|43/100 brn|[from] brn
|upkeep
|turn|37
|
|t:|1651963580
|move|p1a: Raikou|Calm Mind|p1a: Raikou
|-boost|p1a: Raikou|spa|1
|-boost|p1a: Raikou|spd|1
|move|p2a: Thundurus|Volt Switch|p1a: Raikou
|-resisted|p1a: Raikou
|-damage|p1a: Raikou|21/100
|
|t:|1651963582
|switch|p2a: Slowking|Slowking, M|69/100|[from]move: Volt Switch
|
|upkeep
|turn|38
|l| opela
|l| Spitfire arcanine
|
|t:|1651963659
|switch|p2a: Thundurus|Thundurus-Therian, M|43/100 brn
|move|p1a: Raikou|Thunderbolt|p2a: Thundurus
|-heal|p2a: Thundurus|68/100 brn|[from] ability: Volt Absorb|[of] p1a: Raikou
|
|-damage|p2a: Thundurus|62/100 brn|[from] brn
|upkeep
|turn|39
|
|t:|1651963667
|move|p1a: Raikou|Scald|p2a: Thundurus
|-damage|p2a: Thundurus|7/100 brn
|move|p2a: Thundurus|Grass Knot|p1a: Raikou
|-damage|p1a: Raikou|0 fnt
|faint|p1a: Raikou
|
|win|UULT91w Elfu
|raw|Uult91w onarceus's rating: 1648 &rarr; <strong>1624</strong><br />(-24 for losing)
|raw|UULT91w Elfu's rating: 1576 &rarr; <strong>1600</strong><br />(+24 for winning)
|c|☆UULT91w Elfu|gg
|c|☆Uult91w onarceus|Gg
