|inactive|Battle timer is ON: inactive players will automatically lose when time's up.
|j|☆pokemonisfun
|j|☆Low Ladder Terror
|t:|1664217010
|gametype|singles
|player|p1|pokemonisfun|#uutrio2ladder|
|player|p2|Low Ladder Terror|korrina|
|teamsize|p1|6
|teamsize|p2|6
|gen|8
|tier|[Gen 8] UU
|rated|Tournament battle
|rule|Sleep Clause Mod: Limit one foe put to sleep
|rule|Species Clause: Limit one of each Pokémon
|rule|OHKO Clause: OHKO moves are banned
|rule|Evasion Items Clause: Evasion items are banned
|rule|Evasion Moves Clause: Evasion moves are banned
|rule|Endless Battle Clause: Forcing endless battles is banned
|rule|HP Percentage Mod: HP is shown in percentages
|rule|Dynamax Clause: You cannot dynamax
|rule|Blitz: Super-fast timer
|clearpoke
|poke|p1|Chansey, F|
|poke|p1|Tangrowth, M|
|poke|p1|Slowking, M|
|poke|p1|Mamoswine, F|
|poke|p1|Salamence, F|
|poke|p1|Cobalion|
|poke|p2|Scyther, F|
|poke|p2|Hatterene, F|
|poke|p2|Thundurus-Therian, M|
|poke|p2|Swampert, M|
|poke|p2|Cobalion|
|poke|p2|Salamence, F|
|teampreview
|j|@avarice
|j|+Mengy ㋛
|inactive|pokemonisfun has 30 seconds left.
|inactive|Low Ladder Terror has 30 seconds left.
|j|@KM
|c|+Mengy ㋛|boo I wanted the ladder rematch
|inactive|pokemonisfun has 20 seconds left.
|inactive|Low Ladder Terror has 20 seconds left.
|inactive|pokemonisfun has 15 seconds left.
|inactive|Low Ladder Terror has 15 seconds left.
|c|☆pokemonisfun|and i wanted my friend to stay in pia but no
|j|+justdrew
|j|+Celebiii
|inactive|pokemonisfun has 10 seconds left.
|l|+justdrew
|
|t:|1664217043
|start
|switch|p1a: slow thing|Slowking, M|100/100
|switch|p2a: Scyther|Scyther, F|100/100
|turn|1
|
|t:|1664217047
|switch|p1a: sheepy sweepy|Cobalion|100/100
|move|p2a: Scyther|Dual Wingbeat|p1a: sheepy sweepy
|-damage|p1a: sheepy sweepy|67/100
|-damage|p2a: Scyther|84/100|[from] item: Rocky Helmet|[of] p1a: sheepy sweepy
|-damage|p1a: sheepy sweepy|31/100
|-damage|p2a: Scyther|68/100|[from] item: Rocky Helmet|[of] p1a: sheepy sweepy
|-hitcount|p1a: sheepy sweepy|2
|
|upkeep
|turn|2
|c|+Celebiii|gm
|inactive|pokemonisfun has 10 seconds left.
|inactive|Low Ladder Terror has 10 seconds left.
|
|t:|1664217055
|switch|p2a: Swampert|Swampert, M|100/100
|move|p1a: sheepy sweepy|Stealth Rock|p2a: Swampert
|-sidestart|p2: Low Ladder Terror|move: Stealth Rock
|
|upkeep
|turn|3
|inactive|pokemonisfun has 10 seconds left.
|inactive|Low Ladder Terror has 10 seconds left.
|inactive|pokemonisfun has 5 seconds left.
|
|t:|1664217066
|switch|p1a: slow thing|Slowking, M|100/100
|move|p2a: Swampert|Flip Turn|p1a: slow thing
|-resisted|p1a: slow thing
|-damage|p1a: slow thing|93/100
|inactive|pokemonisfun has 10 seconds left this turn.
|
|t:|1664217069
|switch|p2a: Salamence|Salamence, F|100/100|[from]move: Flip Turn
|-damage|p2a: Salamence|76/100|[from] Stealth Rock
|
|upkeep
|turn|4
|
|t:|1664217072
|move|p2a: Salamence|Defog|p1a: slow thing
|-unboost|p1a: slow thing|evasion|1
|-sideend|p2: Low Ladder Terror|Stealth Rock|[from] move: Defog|[of] p2a: Salamence
|move|p1a: slow thing|Teleport|p1a: slow thing
|j| Tempest brute
|
|t:|1664217073
|switch|p1a: sheepy sweepy|Cobalion|31/100|[from]move: Teleport
|
|upkeep
|turn|5
|inactive|Low Ladder Terror has 10 seconds left.
|
|t:|1664217082
|switch|p2a: Hatterene|Hatterene, F|100/100
|move|p1a: sheepy sweepy|Iron Head|p2a: Hatterene
|-supereffective|p2a: Hatterene
|-damage|p2a: Hatterene|45/100
|
|-heal|p2a: Hatterene|51/100|[from] item: Leftovers
|upkeep
|turn|6
|inactive|Low Ladder Terror has 10 seconds left.
|
|t:|1664217088
|move|p1a: sheepy sweepy|Stealth Rock|p2a: Hatterene
|move|p2a: Hatterene|Stealth Rock|p1a: sheepy sweepy|[from]ability: Magic Bounce
|-sidestart|p1: pokemonisfun|move: Stealth Rock
|move|p2a: Hatterene|Mystical Fire|p1a: sheepy sweepy
|-supereffective|p1a: sheepy sweepy
|-damage|p1a: sheepy sweepy|0 fnt
|faint|p1a: sheepy sweepy
|
|-heal|p2a: Hatterene|57/100|[from] item: Leftovers
|upkeep
|j| IndeedeIsKing
|
|t:|1664217091
|switch|p1a: husky tusky|Mamoswine, F|100/100
|-damage|p1a: husky tusky|88/100|[from] Stealth Rock
|turn|7
|c|@KM|owned
|inactive|pokemonisfun has 10 seconds left.
|inactive|Low Ladder Terror has 10 seconds left.
|c|☆pokemonisfun|shut up
|
|t:|1664217099
|switch|p2a: Swampert|Swampert, M|100/100
|move|p1a: husky tusky|Icicle Crash|p2a: Swampert
|-damage|p2a: Swampert|51/100
|-damage|p1a: husky tusky|78/100|[from] item: Life Orb
|
|-heal|p2a: Swampert|57/100|[from] item: Leftovers
|upkeep
|turn|8
|c|+Celebiii|musky tusky
|j| CCharlesOliveira
|inactive|Low Ladder Terror has 10 seconds left.
|
|t:|1664217106
|move|p1a: husky tusky|Earthquake|p2a: Swampert
|-damage|p2a: Swampert|0 fnt
|faint|p2a: Swampert
|-damage|p1a: husky tusky|68/100|[from] item: Life Orb
|
|upkeep
|
|t:|1664217110
|switch|p2a: Cobalion|Cobalion|100/100
|turn|9
|inactive|Low Ladder Terror has 10 seconds left.
|
|t:|1664217120
|switch|p1a: flier higher|Salamence, F|100/100
|-ability|p1a: flier higher|Intimidate|boost
|-unboost|p2a: Cobalion|atk|1
|move|p2a: Cobalion|Close Combat|p1a: flier higher
|-resisted|p1a: flier higher
|-damage|p1a: flier higher|87/100
|-unboost|p2a: Cobalion|def|1
|-unboost|p2a: Cobalion|spd|1
|
|upkeep
|turn|10
|
|t:|1664217124
|move|p2a: Cobalion|Taunt|p1a: flier higher
|-start|p1a: flier higher|move: Taunt
|cant|p1a: flier higher|move: Taunt|Defog
|
|upkeep
|turn|11
|inactive|pokemonisfun has 10 seconds left.
|inactive|Low Ladder Terror has 10 seconds left.
|
|t:|1664217130
|switch|p2a: Hatterene|Hatterene, F|57/100
|move|p1a: flier higher|Flamethrower|p2a: Hatterene
|-damage|p2a: Hatterene|32/100
|
|-heal|p2a: Hatterene|38/100|[from] item: Leftovers
|upkeep
|turn|12
|inactive|pokemonisfun has 10 seconds left.
|inactive|Low Ladder Terror has 10 seconds left.
|
|t:|1664217138
|switch|p1a: megan the eggin|Chansey, F|100/100
|-damage|p1a: megan the eggin|88/100|[from] Stealth Rock
|move|p2a: Hatterene|Draining Kiss|p1a: megan the eggin
|-damage|p1a: megan the eggin|81/100
|-heal|p2a: Hatterene|50/100|[from] drain|[of] p1a: megan the eggin
|
|-heal|p2a: Hatterene|56/100|[from] item: Leftovers
|upkeep
|turn|13
|inactive|Low Ladder Terror has 10 seconds left.
|
|t:|1664217146
|switch|p2a: Cobalion|Cobalion|100/100
|move|p1a: megan the eggin|Seismic Toss|p2a: Cobalion
|-damage|p2a: Cobalion|70/100
|-damage|p1a: megan the eggin|65/100|[from] item: Rocky Helmet|[of] p2a: Cobalion
|
|upkeep
|turn|14
|inactive|Low Ladder Terror has 10 seconds left.
|
|t:|1664217151
|switch|p2a: Thundurus|Thundurus-Therian, M|100/100
|switch|p1a: slow thing|Slowking, M|100/100
|-damage|p1a: slow thing|88/100|[from] Stealth Rock
|
|upkeep
|turn|15
|inactive|pokemonisfun has 10 seconds left.
|inactive|Low Ladder Terror has 10 seconds left.
|
|t:|1664217159
|move|p2a: Thundurus|Volt Switch|p1a: slow thing
|-supereffective|p1a: slow thing
|-damage|p1a: slow thing|24/100
|inactive|Low Ladder Terror has 10 seconds left.
|
|t:|1664217168
|switch|p2a: Cobalion|Cobalion|70/100|[from]move: Volt Switch
|move|p1a: slow thing|Teleport|p1a: slow thing
|
|t:|1664217171
|switch|p1a: flier higher|Salamence, F|87/100|[from]move: Teleport
|-ability|p1a: flier higher|Intimidate|boost
|-unboost|p2a: Cobalion|atk|1
|
|upkeep
|turn|16
|inactive|Low Ladder Terror has 10 seconds left.
|
|t:|1664217178
|switch|p2a: Thundurus|Thundurus-Therian, M|100/100
|move|p1a: flier higher|Flamethrower|p2a: Thundurus
|-damage|p2a: Thundurus|71/100
|
|upkeep
|turn|17
|
|t:|1664217182
|move|p2a: Thundurus|Thunderbolt|p1a: flier higher
|-damage|p1a: flier higher|30/100
|move|p1a: flier higher|Defog|p2a: Thundurus
|-unboost|p2a: Thundurus|evasion|1
|-sideend|p1: pokemonisfun|Stealth Rock|[from] move: Defog|[of] p1a: flier higher
|
|upkeep
|turn|18
|inactive|pokemonisfun has 10 seconds left.
|inactive|Low Ladder Terror has 10 seconds left.
|
|t:|1664217190
|switch|p1a: tang ur wang|Tangrowth, M|100/100
|move|p2a: Thundurus|Grass Knot|p1a: tang ur wang
|-resisted|p1a: tang ur wang
|-damage|p1a: tang ur wang|75/100
|-damage|p2a: Thundurus|55/100|[from] item: Rocky Helmet|[of] p1a: tang ur wang
|
|upkeep
|turn|19
|inactive|Low Ladder Terror has 10 seconds left.
|
|t:|1664217198
|switch|p1a: megan the eggin|Chansey, F|65/100
|move|p2a: Thundurus|Volt Switch|p1a: megan the eggin
|-crit|p1a: megan the eggin
|-damage|p1a: megan the eggin|47/100
|inactive|Low Ladder Terror has 10 seconds left.
|
|t:|1664217206
|switch|p2a: Scyther|Scyther, F|68/100|[from]move: Volt Switch
|
|upkeep
|turn|20
|c|+Celebiii|in
|
|t:|1664217210
|switch|p1a: tang ur wang|Tangrowth, M|100/100
|move|p2a: Scyther|Dual Wingbeat|p1a: tang ur wang
|-supereffective|p1a: tang ur wang
|-damage|p1a: tang ur wang|57/100
|-damage|p2a: Scyther|51/100|[from] item: Rocky Helmet|[of] p1a: tang ur wang
|-supereffective|p1a: tang ur wang
|-damage|p1a: tang ur wang|11/100
|-damage|p2a: Scyther|35/100|[from] item: Rocky Helmet|[of] p1a: tang ur wang
|-hitcount|p1a: tang ur wang|2
|
|upkeep
|turn|21
|inactive|pokemonisfun has 10 seconds left.
|inactive|Low Ladder Terror has 10 seconds left.
|c|☆Low Ladder Terror|huh
|
|t:|1664217218
|move|p2a: Scyther|Dual Wingbeat|p1a: tang ur wang
|-supereffective|p1a: tang ur wang
|-damage|p1a: tang ur wang|0 fnt
|-damage|p2a: Scyther|19/100|[from] item: Rocky Helmet|[of] p1a: tang ur wang
|faint|p1a: tang ur wang
|-hitcount|p1: tang ur wang|1
|
|upkeep
|
|t:|1664217222
|switch|p1a: husky tusky|Mamoswine, F|68/100
|turn|22
|inactive|Low Ladder Terror has 10 seconds left.
|inactive|Low Ladder Terror has 5 seconds left.
|
|t:|1664217236
|switch|p2a: Salamence|Salamence, F|76/100
|move|p1a: husky tusky|Earthquake|p2a: Salamence
|-immune|p2a: Salamence
|
|upkeep
|turn|23
|inactive|Low Ladder Terror has 10 seconds left this turn.
|
|t:|1664217241
|move|p1a: husky tusky|Ice Shard|p2a: Salamence
|-supereffective|p2a: Salamence
|-damage|p2a: Salamence|0 fnt
|faint|p2a: Salamence
|-damage|p1a: husky tusky|58/100|[from] item: Life Orb
|
|upkeep
|inactive|Low Ladder Terror has 10 seconds left.
|
|t:|1664217247
|switch|p2a: Cobalion|Cobalion|70/100
|turn|24
|
|t:|1664217251
|switch|p1a: slow thing|Slowking, M|57/100
|move|p2a: Cobalion|Iron Head|p1a: slow thing
|-resisted|p1a: slow thing
|-damage|p1a: slow thing|44/100
|
|upkeep
|turn|25
|inactive|Low Ladder Terror has 10 seconds left.
|
|t:|1664217258
|switch|p2a: Thundurus|Thundurus-Therian, M|55/100
|move|p1a: slow thing|Scald|p2a: Thundurus
|-crit|p2a: Thundurus
|-damage|p2a: Thundurus|3/100
|
|upkeep
|turn|26
|inactive|pokemonisfun has 10 seconds left.
|inactive|Low Ladder Terror has 10 seconds left.
|
|t:|1664217267
|switch|p1a: megan the eggin|Chansey, F|47/100
|move|p2a: Thundurus|Volt Switch|p1a: megan the eggin
|-damage|p1a: megan the eggin|36/100
|
|t:|1664217272
|switch|p2a: Scyther|Scyther, F|19/100|[from]move: Volt Switch
|
|upkeep
|turn|27
|inactive|pokemonisfun has 10 seconds left.
|inactive|Low Ladder Terror has 10 seconds left.
|
|t:|1664217277
|switch|p1a: flier higher|Salamence, F|30/100
|-ability|p1a: flier higher|Intimidate|boost
|-unboost|p2a: Scyther|atk|1
|move|p2a: Scyther|Dual Wingbeat|p1a: flier higher
|-damage|p1a: flier higher|6/100
|-damage|p1a: flier higher|0 fnt
|faint|p1a: flier higher
|-hitcount|p1: flier higher|2
|
|upkeep
|
|t:|1664217282
|switch|p1a: husky tusky|Mamoswine, F|58/100
|turn|28
|inactive|Low Ladder Terror has 10 seconds left.
|
|t:|1664217290
|switch|p2a: Thundurus|Thundurus-Therian, M|3/100
|move|p1a: husky tusky|Ice Shard|p2a: Thundurus
|-supereffective|p2a: Thundurus
|-damage|p2a: Thundurus|0 fnt
|faint|p2a: Thundurus
|-damage|p1a: husky tusky|48/100|[from] item: Life Orb
|
|upkeep
|j| scrimzn
|
|t:|1664217294
|switch|p2a: Cobalion|Cobalion|70/100
|turn|29
|inactive|Low Ladder Terror has 10 seconds left.
|
|t:|1664217300
|switch|p1a: slow thing|Slowking, M|77/100
|move|p2a: Cobalion|Close Combat|p1a: slow thing
|-resisted|p1a: slow thing
|-damage|p1a: slow thing|61/100
|-unboost|p2a: Cobalion|def|1
|-unboost|p2a: Cobalion|spd|1
|
|upkeep
|turn|30
|inactive|Low Ladder Terror has 10 seconds left.
|
|t:|1664217306
|switch|p2a: Hatterene|Hatterene, F|56/100
|move|p1a: slow thing|Scald|p2a: Hatterene
|-damage|p2a: Hatterene|28/100
|
|-heal|p2a: Hatterene|34/100|[from] item: Leftovers
|upkeep
|turn|31
|inactive|pokemonisfun has 10 seconds left.
|
|t:|1664217315
|move|p2a: Hatterene|Draining Kiss|p1a: slow thing
|-damage|p1a: slow thing|41/100
|-heal|p2a: Hatterene|52/100|[from] drain|[of] p1a: slow thing
|move|p1a: slow thing|Scald|p2a: Hatterene
|-damage|p2a: Hatterene|21/100
|
|-heal|p2a: Hatterene|27/100|[from] item: Leftovers
|upkeep
|turn|32
|
|t:|1664217320
|move|p2a: Hatterene|Calm Mind|p2a: Hatterene
|-boost|p2a: Hatterene|spa|1
|-boost|p2a: Hatterene|spd|1
|move|p1a: slow thing|Slack Off|p1a: slow thing
|-heal|p1a: slow thing|91/100
|
|-heal|p2a: Hatterene|33/100|[from] item: Leftovers
|upkeep
|turn|33
|
|t:|1664217323
|switch|p1a: megan the eggin|Chansey, F|36/100
|move|p2a: Hatterene|Draining Kiss|p1a: megan the eggin
|-damage|p1a: megan the eggin|25/100
|-heal|p2a: Hatterene|51/100|[from] drain|[of] p1a: megan the eggin
|
|-heal|p2a: Hatterene|57/100|[from] item: Leftovers
|upkeep
|turn|34
|
|t:|1664217327
|move|p1a: megan the eggin|Seismic Toss|p2a: Hatterene
|-damage|p2a: Hatterene|25/100
|move|p2a: Hatterene|Draining Kiss|p1a: megan the eggin
|-damage|p1a: megan the eggin|15/100
|-heal|p2a: Hatterene|43/100|[from] drain|[of] p1a: megan the eggin
|
|-heal|p2a: Hatterene|49/100|[from] item: Leftovers
|upkeep
|turn|35
|inactive|pokemonisfun has 10 seconds left.
|inactive|Low Ladder Terror has 10 seconds left.
|
|t:|1664217339
|switch|p2a: Cobalion|Cobalion|70/100
|move|p1a: megan the eggin|Seismic Toss|p2a: Cobalion
|-damage|p2a: Cobalion|39/100
|-damage|p1a: megan the eggin|0 fnt|[from] item: Rocky Helmet|[of] p2a: Cobalion
|faint|p1a: megan the eggin
|
|upkeep
|
|t:|1664217342
|switch|p1a: slow thing|Slowking, M|100/100
|turn|36
|inactive|Low Ladder Terror has 10 seconds left.
|inactive|Low Ladder Terror has 5 seconds left.
|
|t:|1664217352
|switch|p2a: Hatterene|Hatterene, F|49/100
|move|p1a: slow thing|Scald|p2a: Hatterene
|-damage|p2a: Hatterene|18/100
|
|-heal|p2a: Hatterene|24/100|[from] item: Leftovers
|upkeep
|turn|37
|inactive|Low Ladder Terror has 10 seconds left this turn.
|inactive|Low Ladder Terror has 5 seconds left.
|-message|Low Ladder Terror lost due to inactivity.
|
|win|pokemonisfun
|n|☆pokemonisfun|pokemonisfun
|n|☆Low Ladder Terror|lowladderterror
|n|+avarice|avarice
|n|+Mengy ㋛|mengy
|n| KM|km
|n| Celebiii|celebiii
|n| Tempest brute|tempestbrute
|n| IndeedeIsKing|indeedeisking
|n| CCharlesOliveira|ccharlesoliveira
|n| scrimzn|scrimzn
