|j|☆NXMETA Nellyx
|j|☆big baz
|player|p1|NXMETA Nellyx|169|1404
|player|p2|big baz|ltsurge|1460
|teamsize|p1|6
|teamsize|p2|6
|gametype|singles
|gen|8
|tier|[Gen 8] UU
|rated|
|clearpoke
|poke|p1|Rhyperior, F|
|poke|p1|Mantine, M|
|poke|p1|Sirfetch’d, F|
|poke|p1|Krookodile, M|
|poke|p1|Goodra, F|
|poke|p1|Polteageist|
|poke|p2|Weezing-Galar, F|
|poke|p2|Umbreon, M|
|poke|p2|Terrakion|
|poke|p2|Kyurem|
|poke|p2|Jirachi|
|poke|p2|Keldeo-Resolute|
|rule|Sleep Clause Mod: Limit one foe put to sleep
|rule|Species Clause: Limit one of each Pokémon
|rule|OHKO Clause: OHKO moves are banned
|rule|Evasion Moves Clause: Evasion moves are banned
|rule|Endless Battle Clause: Forcing endless battles is banned
|rule|HP Percentage Mod: HP is shown in percentages
|rule|Dynamax Clause: You cannot dynamax
|teampreview
|
|start
|switch|p1a: Rhyperior|Rhyperior, F|100/100
|switch|p2a: Kyurem|Kyurem|100/100
|-ability|p2a: Kyurem|Pressure
|turn|1
|
|switch|p1a: Mantine|Mantine, M|100/100
|move|p2a: Kyurem|Substitute|p2a: Kyurem
|-start|p2a: Kyurem|Substitute
|-damage|p2a: Kyurem|76/100
|
|-heal|p2a: Kyurem|82/100|[from] item: Leftovers
|upkeep
|turn|2
|
|move|p2a: Kyurem|Freeze-Dry|p1a: Mantine
|-supereffective|p1a: Mantine
|-damage|p1a: Mantine|16/100
|move|p1a: Mantine|Scald|p2a: Kyurem
|-resisted|p2a: Kyurem
|-activate|p2a: Kyurem|move: Substitute|[damage]
|
|-heal|p2a: Kyurem|88/100|[from] item: Leftovers
|upkeep
|turn|3
|j| GTS
|
|switch|p1a: Goodra|Goodra, F|100/100
|move|p2a: Kyurem|Freeze-Dry|p1a: Goodra
|-supereffective|p1a: Goodra
|-damage|p1a: Goodra|73/100
|
|-heal|p2a: Kyurem|94/100|[from] item: Leftovers
|upkeep
|turn|4
|
|move|p2a: Kyurem|Freeze-Dry|p1a: Goodra
|-supereffective|p1a: Goodra
|-damage|p1a: Goodra|48/100
|move|p1a: Goodra|Sludge Bomb|p2a: Kyurem
|-end|p2a: Kyurem|Substitute
|
|-heal|p2a: Kyurem|99/100|[from] item: Leftovers
|upkeep
|turn|5
|
|move|p2a: Kyurem|Substitute|p2a: Kyurem
|-start|p2a: Kyurem|Substitute
|-damage|p2a: Kyurem|75/100
|move|p1a: Goodra|Draco Meteor|p2a: Kyurem
|-supereffective|p2a: Kyurem
|-end|p2a: Kyurem|Substitute
|-unboost|p1a: Goodra|spa|2
|
|-heal|p2a: Kyurem|82/100|[from] item: Leftovers
|upkeep
|turn|6
|
|move|p2a: Kyurem|Substitute|p2a: Kyurem
|-start|p2a: Kyurem|Substitute
|-damage|p2a: Kyurem|57/100
|move|p1a: Goodra|Draco Meteor|p2a: Kyurem
|-supereffective|p2a: Kyurem
|-end|p2a: Kyurem|Substitute
|-unboost|p1a: Goodra|spa|2
|
|-heal|p2a: Kyurem|63/100|[from] item: Leftovers
|upkeep
|turn|7
|
|move|p2a: Kyurem|Freeze-Dry|p1a: Goodra
|-supereffective|p1a: Goodra
|-damage|p1a: Goodra|21/100
|move|p1a: Goodra|Draco Meteor|p2a: Kyurem
|-supereffective|p2a: Kyurem
|-damage|p2a: Kyurem|25/100
|-unboost|p1a: Goodra|spa|2
|
|-heal|p2a: Kyurem|32/100|[from] item: Leftovers
|upkeep
|turn|8
|
|move|p2a: Kyurem|Freeze-Dry|p1a: Goodra
|-supereffective|p1a: Goodra
|-damage|p1a: Goodra|0 fnt
|faint|p1a: Goodra
|
|-heal|p2a: Kyurem|38/100|[from] item: Leftovers
|upkeep
|
|switch|p1a: Sirfetch’d|Sirfetch’d, F|100/100
|turn|9
|
|move|p2a: Kyurem|Protect|p2a: Kyurem
|-singleturn|p2a: Kyurem|Protect
|move|p1a: Sirfetch’d|Knock Off|p2a: Kyurem
|-activate|p2a: Kyurem|move: Protect
|
|-heal|p2a: Kyurem|44/100|[from] item: Leftovers
|upkeep
|turn|10
|
|switch|p2a: Weezing|Weezing-Galar, F|100/100
|-ability|p2a: Weezing|Neutralizing Gas
|move|p1a: Sirfetch’d|Knock Off|p2a: Weezing
|-resisted|p2a: Weezing
|-damage|p2a: Weezing|83/100
|-enditem|p2a: Weezing|Black Sludge|[from] move: Knock Off|[of] p1a: Sirfetch’d
|
|upkeep
|turn|11
|
|switch|p1a: Mantine|Mantine, M|16/100
|move|p2a: Weezing|Toxic Spikes|p1a: Mantine
|-sidestart|p1: NXMETA Nellyx|move: Toxic Spikes
|
|upkeep
|turn|12
|
|switch|p2a: Kyurem|Kyurem|44/100
|-ability|p2a: Kyurem|Pressure
|move|p1a: Mantine|Roost|p1a: Mantine
|-heal|p1a: Mantine|66/100
|-singleturn|p1a: Mantine|move: Roost
|
|-heal|p2a: Kyurem|50/100|[from] item: Leftovers
|upkeep
|turn|13
|
|move|p2a: Kyurem|Substitute|p2a: Kyurem
|-start|p2a: Kyurem|Substitute
|-damage|p2a: Kyurem|25/100
|move|p1a: Mantine|Defog|p2a: Kyurem
|-sideend|p1: NXMETA Nellyx|Toxic Spikes|[from] move: Defog|[of] p1a: Mantine
|
|-heal|p2a: Kyurem|31/100|[from] item: Leftovers
|upkeep
|turn|14
|
|switch|p1a: Rhyperior|Rhyperior, F|100/100
|move|p2a: Kyurem|Freeze-Dry|p1a: Rhyperior
|-supereffective|p1a: Rhyperior
|-damage|p1a: Rhyperior|60/100
|
|-heal|p2a: Kyurem|38/100|[from] item: Leftovers
|-heal|p1a: Rhyperior|66/100|[from] item: Leftovers
|upkeep
|turn|15
|
|move|p2a: Kyurem|Freeze-Dry|p1a: Rhyperior
|-supereffective|p1a: Rhyperior
|-damage|p1a: Rhyperior|27/100
|move|p1a: Rhyperior|Smack Down|p2a: Kyurem
|-supereffective|p2a: Kyurem
|-end|p2a: Kyurem|Substitute
|
|-heal|p2a: Kyurem|44/100|[from] item: Leftovers
|-heal|p1a: Rhyperior|33/100|[from] item: Leftovers
|upkeep
|turn|16
|
|move|p2a: Kyurem|Freeze-Dry|p1a: Rhyperior
|-supereffective|p1a: Rhyperior
|-damage|p1a: Rhyperior|0 fnt
|faint|p1a: Rhyperior
|
|-heal|p2a: Kyurem|50/100|[from] item: Leftovers
|upkeep
|j| alexdevi
|
|switch|p1a: Polteageist|Polteageist|100/100
|turn|17
|
|switch|p2a: Umbreon|Umbreon, M|100/100
|move|p1a: Polteageist|Shell Smash|p1a: Polteageist
|-unboost|p1a: Polteageist|def|1
|-unboost|p1a: Polteageist|spd|1
|-boost|p1a: Polteageist|atk|2
|-boost|p1a: Polteageist|spa|2
|-boost|p1a: Polteageist|spe|2
|
|upkeep
|turn|18
|
|switch|p1a: Sirfetch’d|Sirfetch’d, F|100/100
|move|p2a: Umbreon|Foul Play|p1a: Sirfetch’d
|-resisted|p1a: Sirfetch’d
|-damage|p1a: Sirfetch’d|65/100
|
|upkeep
|turn|19
|
|move|p2a: Umbreon|Protect|p2a: Umbreon
|-singleturn|p2a: Umbreon|Protect
|move|p1a: Sirfetch’d|Close Combat|p2a: Umbreon
|-activate|p2a: Umbreon|move: Protect
|
|upkeep
|turn|20
|c|☆NXMETA Nellyx|this is such a scummy team
|
|switch|p1a: Polteageist|Polteageist|100/100
|switch|p2a: Weezing|Weezing-Galar, F|83/100
|-ability|p2a: Weezing|Neutralizing Gas
|
|upkeep
|turn|21
|c|☆big baz|most people don't have issues
|c|☆NXMETA Nellyx|t spike pressure stall kuyrem
|
|switch|p1a: Sirfetch’d|Sirfetch’d, F|65/100
|switch|p2a: Umbreon|Umbreon, M|100/100
|
|upkeep
|turn|22
|l| alexdevi
|
|move|p2a: Umbreon|Protect|p2a: Umbreon
|-singleturn|p2a: Umbreon|Protect
|move|p1a: Sirfetch’d|Close Combat|p2a: Umbreon
|-activate|p2a: Umbreon|move: Protect
|
|upkeep
|turn|23
|
|switch|p1a: Polteageist|Polteageist|100/100
|switch|p2a: Weezing|Weezing-Galar, F|83/100
|-ability|p2a: Weezing|Neutralizing Gas
|
|upkeep
|turn|24
|j| alexdevi
|
|switch|p2a: Umbreon|Umbreon, M|100/100
|move|p1a: Polteageist|Shadow Ball|p2a: Umbreon
|-resisted|p2a: Umbreon
|-damage|p2a: Umbreon|88/100
|
|-heal|p2a: Umbreon|94/100|[from] item: Leftovers
|upkeep
|turn|25
|l| alexdevi
|c|☆big baz|as I said, you're the only person who has had a problem
|inactive|Battle timer is ON: inactive players will automatically lose when time's up. (requested by big baz)
|
|switch|p1a: Mantine|Mantine, M|66/100
|move|p2a: Umbreon|Foul Play|p1a: Mantine
|-damage|p1a: Mantine|56/100
|
|-heal|p2a: Umbreon|100/100|[from] item: Leftovers
|upkeep
|turn|26
|
|switch|p2a: Jirachi|Jirachi|100/100
|move|p1a: Mantine|Toxic|p2a: Jirachi|[miss]
|-miss|p1a: Mantine|p2a: Jirachi
|
|upkeep
|turn|27
|
|move|p2a: Jirachi|Trick|p1a: Mantine
|-activate|p2a: Jirachi|move: Trick|[of] p1a: Mantine
|-item|p1a: Mantine|Choice Scarf|[from] move: Trick
|-item|p2a: Jirachi|Heavy-Duty Boots|[from] move: Trick
|move|p1a: Mantine|Toxic|p2a: Jirachi
|-immune|p2a: Jirachi
|
|upkeep
|turn|28
|
|move|p2a: Jirachi|U-turn|p1a: Mantine
|-resisted|p1a: Mantine
|-damage|p1a: Mantine|48/100
|
|switch|p2a: Umbreon|Umbreon, M|100/100|[from]move: U-turn
|move|p1a: Mantine|Toxic|p2a: Umbreon
|-status|p2a: Umbreon|tox
|-activate|p2a: Umbreon|ability: Synchronize
|-status|p1a: Mantine|tox
|
|-damage|p1a: Mantine|42/100 tox|[from] psn
|-damage|p2a: Umbreon|94/100 tox|[from] psn
|upkeep
|turn|29
|
|switch|p1a: Sirfetch’d|Sirfetch’d, F|65/100
|move|p2a: Umbreon|Heal Bell|p2a: Umbreon
|-activate|p2a: Umbreon|move: Heal Bell
|-curestatus|p2a: Umbreon|tox|[msg]
|
|-heal|p2a: Umbreon|100/100|[from] item: Leftovers
|upkeep
|turn|30
|
|move|p2a: Umbreon|Protect|p2a: Umbreon
|-singleturn|p2a: Umbreon|Protect
|move|p1a: Sirfetch’d|Close Combat|p2a: Umbreon
|-activate|p2a: Umbreon|move: Protect
|
|upkeep
|turn|31
|
|switch|p2a: Weezing|Weezing-Galar, F|83/100
|-ability|p2a: Weezing|Neutralizing Gas
|move|p1a: Sirfetch’d|Close Combat|p2a: Weezing
|-resisted|p2a: Weezing
|-damage|p2a: Weezing|66/100
|-unboost|p1a: Sirfetch’d|def|1
|-unboost|p1a: Sirfetch’d|spd|1
|
|upkeep
|turn|32
|
|switch|p1a: Krookodile|Krookodile, M|100/100
|move|p2a: Weezing|Strange Steam|p1a: Krookodile
|-supereffective|p1a: Krookodile
|-damage|p1a: Krookodile|32/100
|
|upkeep
|turn|33
|
|-ability|p1a: Krookodile|Intimidate|boost
|-unboost|p2a: Weezing|atk|1
|switch|p2a: Umbreon|Umbreon, M|100/100
|move|p1a: Krookodile|Earthquake|p2a: Umbreon
|-damage|p2a: Umbreon|61/100
|
|-heal|p2a: Umbreon|67/100|[from] item: Leftovers
|upkeep
|turn|34
|
|switch|p1a: Sirfetch’d|Sirfetch’d, F|65/100
|move|p2a: Umbreon|Wish|p2a: Umbreon
|
|-heal|p2a: Umbreon|73/100|[from] item: Leftovers
|upkeep
|turn|35
|
|switch|p2a: Weezing|Weezing-Galar, F|66/100
|-ability|p2a: Weezing|Neutralizing Gas
|move|p1a: Sirfetch’d|Close Combat|p2a: Weezing
|-resisted|p2a: Weezing
|-damage|p2a: Weezing|48/100
|-unboost|p1a: Sirfetch’d|def|1
|-unboost|p1a: Sirfetch’d|spd|1
|
|-heal|p2a: Weezing|100/100|[from] move: Wish|[wisher] Umbreon
|upkeep
|turn|36
|-message|NXMETA Nellyx forfeited.
|
|win|big baz
|l|☆NXMETA Nellyx
|c|☆big baz|gg
||Ladder (probably) updated, but score could not be retrieved (Request timeout).
