|j|☆Tamale papi
|j|☆bioche80
|t:|1612732795
|player|p1|Tamale papi|elesa|1300
|player|p2|bioche80|red|1342
|teamsize|p1|6
|teamsize|p2|6
|gametype|singles
|gen|8
|tier|[Gen 8] UU
|rated|
|clearpoke
|poke|p1|Mew|
|poke|p1|Grimmsnarl, M|
|poke|p1|Tangrowth, F|
|poke|p1|Slowking, F|
|poke|p1|Quagsire, M|
|poke|p1|Krookodile, F|
|poke|p2|Ditto|
|poke|p2|Scizor, F|
|poke|p2|Chansey, F|
|poke|p2|Keldeo-Resolute|
|poke|p2|Salamence, F|
|poke|p2|Nihilego|
|rule|Sleep Clause Mod: Limit one foe put to sleep
|rule|Species Clause: Limit one of each Pokémon
|rule|OHKO Clause: OHKO moves are banned
|rule|Evasion Moves Clause: Evasion moves are banned
|rule|Endless Battle Clause: Forcing endless battles is banned
|rule|HP Percentage Mod: HP is shown in percentages
|rule|Dynamax Clause: You cannot dynamax
|teampreview
|
|t:|1612732806
|start
|switch|p1a: Krookodile|Krookodile, F|100/100
|switch|p2a: Scizor|Scizor, F|100/100
|turn|1
|
|t:|1612732811
|switch|p1a: Quagsire|Quagsire, M|100/100
|move|p2a: Scizor|U-turn|p1a: Quagsire
|-damage|p1a: Quagsire|70/100
|-damage|p2a: Scizor|84/100|[from] item: Rocky Helmet|[of] p1a: Quagsire
|-damage|p2a: Scizor|74/100|[from] item: Life Orb
|
|t:|1612732821
|switch|p2a: Keldeo|Keldeo-Resolute|100/100|[from]move: U-turn
|
|upkeep
|turn|2
|
|t:|1612732830
|move|p2a: Keldeo|Scald|p1a: Quagsire
|-damage|p1a: Quagsire|17/100
|move|p1a: Quagsire|Toxic|p2a: Keldeo|[miss]
|-miss|p1a: Quagsire|p2a: Keldeo
|
|upkeep
|turn|3
|
|t:|1612732839
|move|p2a: Keldeo|Scald|p1a: Quagsire
|-damage|p1a: Quagsire|0 fnt
|faint|p1a: Quagsire
|
|upkeep
|
|t:|1612732842
|switch|p1a: Krookodile|Krookodile, F|100/100
|turn|4
|
|t:|1612732845
|move|p1a: Krookodile|Stealth Rock|p2a: Keldeo
|-sidestart|p2: bioche80|move: Stealth Rock
|move|p2a: Keldeo|Scald|p1a: Krookodile
|-supereffective|p1a: Krookodile
|-damage|p1a: Krookodile|0 fnt
|faint|p1a: Krookodile
|
|upkeep
|
|t:|1612732849
|switch|p1a: Slowking|Slowking, F|100/100
|turn|5
|
|t:|1612732858
|switch|p2a: Chansey|Chansey, F|100/100
|-damage|p2a: Chansey|88/100|[from] Stealth Rock
|move|p1a: Slowking|Psyshock|p2a: Chansey
|-damage|p2a: Chansey|62/100
|
|upkeep
|turn|6
|
|t:|1612732866
|switch|p1a: Tangrowth|Tangrowth, F|100/100
|move|p2a: Chansey|Toxic|p1a: Tangrowth|[miss]
|-miss|p2a: Chansey|p1a: Tangrowth
|
|upkeep
|turn|7
|
|t:|1612732873
|switch|p2a: Salamence|Salamence, F|100/100
|-ability|p2a: Salamence|Intimidate|boost
|-unboost|p1a: Tangrowth|atk|1
|move|p1a: Tangrowth|Knock Off|p2a: Salamence
|-damage|p2a: Salamence|86/100
|-enditem|p2a: Salamence|Heavy-Duty Boots|[from] move: Knock Off|[of] p1a: Tangrowth
|
|upkeep
|turn|8
|
|t:|1612732880
|move|p2a: Salamence|Defog|p1a: Tangrowth
|-unboost|p1a: Tangrowth|evasion|1
|-sideend|p2: bioche80|Stealth Rock|[from] move: Defog|[of] p2a: Salamence
|move|p1a: Tangrowth|Stun Spore|p2a: Salamence
|-status|p2a: Salamence|par
|
|upkeep
|turn|9
|
|t:|1612732889
|switch|p2a: Nihilego|Nihilego|100/100
|switch|p1a: Grimmsnarl|Grimmsnarl, M|100/100
|
|upkeep
|turn|10
|
|t:|1612732896
|move|p1a: Grimmsnarl|Sucker Punch|p2a: Nihilego
|-damage|p2a: Nihilego|37/100
|move|p2a: Nihilego|Meteor Beam||[still]
|-prepare|p2a: Nihilego|Meteor Beam
|-boost|p2a: Nihilego|spa|1
|-enditem|p2a: Nihilego|Power Herb
|-anim|p2a: Nihilego|Meteor Beam|p1a: Grimmsnarl|[miss]
|-miss|p2a: Nihilego|p1a: Grimmsnarl
|
|upkeep
|turn|11
|c|☆bioche80|the haxx
|
|t:|1612732914
|move|p1a: Grimmsnarl|Sucker Punch||[still]
|-fail|p1a: Grimmsnarl
|move|p2a: Nihilego|Stealth Rock|p1a: Grimmsnarl
|-sidestart|p1: Tamale papi|move: Stealth Rock
|
|upkeep
|turn|12
|
|t:|1612732922
|switch|p2a: Scizor|Scizor, F|74/100
|move|p1a: Grimmsnarl|Substitute|p1a: Grimmsnarl
|-start|p1a: Grimmsnarl|Substitute
|-damage|p1a: Grimmsnarl|76/100
|
|-heal|p1a: Grimmsnarl|82/100|[from] item: Leftovers
|upkeep
|turn|13
|
|t:|1612732930
|move|p2a: Scizor|Bullet Punch|p1a: Grimmsnarl
|-supereffective|p1a: Grimmsnarl
|-crit|p1a: Grimmsnarl
|-end|p1a: Grimmsnarl|Substitute
|-damage|p2a: Scizor|64/100|[from] item: Life Orb
|move|p1a: Grimmsnarl|Bulk Up|p1a: Grimmsnarl
|-boost|p1a: Grimmsnarl|atk|1
|-boost|p1a: Grimmsnarl|def|1
|
|-heal|p1a: Grimmsnarl|88/100|[from] item: Leftovers
|upkeep
|turn|14
|
|t:|1612732939
|move|p2a: Scizor|Bullet Punch|p1a: Grimmsnarl
|-supereffective|p1a: Grimmsnarl
|-damage|p1a: Grimmsnarl|22/100
|-damage|p2a: Scizor|54/100|[from] item: Life Orb
|move|p1a: Grimmsnarl|Bulk Up|p1a: Grimmsnarl
|-boost|p1a: Grimmsnarl|atk|1
|-boost|p1a: Grimmsnarl|def|1
|
|-heal|p1a: Grimmsnarl|28/100|[from] item: Leftovers
|upkeep
|turn|15
|
|t:|1612732948
|move|p2a: Scizor|Bullet Punch|p1a: Grimmsnarl
|-supereffective|p1a: Grimmsnarl
|-damage|p1a: Grimmsnarl|0 fnt
|-damage|p2a: Scizor|44/100|[from] item: Life Orb
|faint|p1a: Grimmsnarl
|
|upkeep
|
|t:|1612732951
|switch|p1a: Mew|Mew|100/100
|-damage|p1a: Mew|88/100|[from] Stealth Rock
|turn|16
|
|t:|1612732956
|move|p1a: Mew|Cosmic Power|p1a: Mew
|-boost|p1a: Mew|def|1
|-boost|p1a: Mew|spd|1
|move|p2a: Scizor|Knock Off|p1a: Mew
|-supereffective|p1a: Mew
|-damage|p1a: Mew|41/100
|-enditem|p1a: Mew|Leftovers|[from] move: Knock Off|[of] p2a: Scizor
|-damage|p2a: Scizor|34/100|[from] item: Life Orb
|
|upkeep
|turn|17
|
|t:|1612732965
|move|p1a: Mew|Body Press|p2a: Scizor
|-damage|p2a: Scizor|12/100
|move|p2a: Scizor|U-turn|p1a: Mew
|-supereffective|p1a: Mew
|-damage|p1a: Mew|0 fnt
|-damage|p2a: Scizor|2/100|[from] item: Life Orb
|faint|p1a: Mew
|-message|Tamale papi forfeited.
|
|win|bioche80
|l|☆Tamale papi
