|j|☆Valiant Hearts
|j|☆Mygrein ㋡
|t:|1616467508
|player|p1|Valiant Hearts|psychic-gen3|
|player|p2|Mygrein ㋡|boarder-gen2|
|teamsize|p1|6
|teamsize|p2|6
|gametype|singles
|gen|8
|tier|[Gen 8] UU
|rated|Tournament battle
|clearpoke
|poke|p1|Keldeo-Resolute|
|poke|p1|Amoonguss, M|
|poke|p1|Salamence, M|
|poke|p1|Rhyperior, M|
|poke|p1|Zeraora|
|poke|p1|Scizor, F|
|poke|p2|Haxorus, M|
|poke|p2|Rotom-Wash|
|poke|p2|Scizor, F|
|poke|p2|Rhyperior, M|
|poke|p2|Amoonguss, M|
|poke|p2|Alakazam, F|
|rule|Sleep Clause Mod: Limit one foe put to sleep
|rule|Species Clause: Limit one of each Pokémon
|rule|OHKO Clause: OHKO moves are banned
|rule|Evasion Moves Clause: Evasion moves are banned
|rule|Endless Battle Clause: Forcing endless battles is banned
|rule|HP Percentage Mod: HP is shown in percentages
|rule|Dynamax Clause: You cannot dynamax
|teampreview
|j| pokemon vs you
|c|☆Mygrein ㋡|hf
|j| BelgianToast❤
|c|☆Valiant Hearts|you too
|c| pokemon vs you|knock his socks off mygrein
|j| Crying Seaman
|j| shykii
|j| 467 11 11p
|c|☆Mygrein ㋡|dont think i can :(
|inactive|Battle timer is ON: inactive players will automatically lose when time's up. (requested by Mygrein ㋡)
|
|t:|1616467598
|start
|switch|p1a: Amoonguss|Amoonguss, M|100/100
|switch|p2a: Haxorus|Haxorus, M|100/100
|-ability|p2a: Haxorus|Mold Breaker
|turn|1
|
|t:|1616467606
|switch|p2a: Scizor|Scizor, F|100/100
|move|p1a: Amoonguss|Spore|p2a: Scizor
|-activate|p2a: Scizor|item: Safety Goggles|Spore
|
|upkeep
|turn|2
|
|t:|1616467615
|move|p2a: Scizor|U-turn|p1a: Amoonguss
|-damage|p1a: Amoonguss|69/100
|-damage|p2a: Scizor|84/100|[from] item: Rocky Helmet|[of] p1a: Amoonguss
|
|t:|1616467619
|switch|p2a: Amoonguss|Amoonguss, M|100/100|[from]move: U-turn
|move|p1a: Amoonguss|Foul Play|p2a: Amoonguss
|-damage|p2a: Amoonguss|87/100
|-damage|p1a: Amoonguss|52/100|[from] item: Rocky Helmet|[of] p2a: Amoonguss
|
|upkeep
|turn|3
|
|t:|1616467625
|switch|p1a: Scizor|Scizor, F|100/100
|move|p2a: Amoonguss|Spore|p1a: Scizor
|-status|p1a: Scizor|slp|[from] move: Spore
|
|upkeep
|turn|4
|j| Butt Blasting
|
|t:|1616467636
|switch|p1a: Amoonguss|Amoonguss, M|86/100
|switch|p2a: Alakazam|Alakazam, F|100/100
|
|upkeep
|turn|5
|j| faded love ☭
|l| shykii
|j| natdex garbodr 2
|
|t:|1616467662
|switch|p1a: Scizor|Scizor, F|100/100 slp
|move|p2a: Alakazam|Psychic|p1a: Scizor
|-resisted|p1a: Scizor
|-damage|p1a: Scizor|70/100 slp
|
|upkeep
|turn|6
|
|t:|1616467668
|switch|p1a: Zeraora|Zeraora|100/100
|move|p2a: Alakazam|Shadow Ball|p1a: Zeraora
|-damage|p1a: Zeraora|53/100
|
|upkeep
|turn|7
|
|t:|1616467674
|switch|p2a: Amoonguss|Amoonguss, M|100/100
|move|p1a: Zeraora|Knock Off|p2a: Amoonguss
|-damage|p2a: Amoonguss|77/100
|-damage|p1a: Zeraora|36/100|[from] item: Rocky Helmet|[of] p2a: Amoonguss
|-enditem|p2a: Amoonguss|Rocky Helmet|[from] move: Knock Off|[of] p1a: Zeraora
|
|upkeep
|turn|8
|
|t:|1616467691
|switch|p1a: Rhyperior|Rhyperior, M|100/100
|switch|p2a: Rhyperior|Rhyperior, M|100/100
|
|upkeep
|turn|9
|
|t:|1616467702
|move|p1a: Rhyperior|Stealth Rock|p2a: Rhyperior
|-sidestart|p2: Mygrein ㋡|move: Stealth Rock
|move|p2a: Rhyperior|High Horsepower|p1a: Rhyperior
|-supereffective|p1a: Rhyperior
|-damage|p1a: Rhyperior|56/100
|
|-heal|p1a: Rhyperior|62/100|[from] item: Leftovers
|upkeep
|turn|10
|
|t:|1616467714
|switch|p1a: Amoonguss|Amoonguss, M|100/100
|switch|p2a: Rotom|Rotom-Wash|100/100
|-damage|p2a: Rotom|88/100|[from] Stealth Rock
|
|-heal|p2a: Rotom|94/100|[from] item: Leftovers
|upkeep
|turn|11
|
|t:|1616467723
|move|p2a: Rotom|Volt Switch|p1a: Amoonguss
|-resisted|p1a: Amoonguss
|-damage|p1a: Amoonguss|89/100
|
|t:|1616467727
|switch|p2a: Scizor|Scizor, F|84/100|[from]move: Volt Switch
|-damage|p2a: Scizor|72/100|[from] Stealth Rock
|move|p1a: Amoonguss|Spore|p2a: Scizor
|-activate|p2a: Scizor|item: Safety Goggles|Spore
|
|upkeep
|turn|12
|
|t:|1616467733
|move|p2a: Scizor|Roost|p2a: Scizor
|-heal|p2a: Scizor|100/100
|-singleturn|p2a: Scizor|move: Roost
|move|p1a: Amoonguss|Foul Play|p2a: Scizor
|-damage|p2a: Scizor|57/100
|
|upkeep
|turn|13
|
|t:|1616467747
|move|p2a: Scizor|U-turn|p1a: Amoonguss
|-damage|p1a: Amoonguss|59/100
|-damage|p2a: Scizor|41/100|[from] item: Rocky Helmet|[of] p1a: Amoonguss
|
|t:|1616467751
|switch|p2a: Alakazam|Alakazam, F|100/100|[from]move: U-turn
|move|p1a: Amoonguss|Sludge Bomb|p2a: Alakazam
|-damage|p2a: Alakazam|62/100
|
|upkeep
|turn|14
|
|t:|1616467761
|switch|p1a: Scizor|Scizor, F|70/100 slp
|move|p2a: Alakazam|Psychic|p1a: Scizor
|-resisted|p1a: Scizor
|-damage|p1a: Scizor|35/100 slp
|-unboost|p1a: Scizor|spd|1
|
|upkeep
|turn|15
|
|t:|1616467767
|cant|p1a: Scizor|slp
|move|p2a: Alakazam|Psychic|p1a: Scizor
|-resisted|p1a: Scizor
|-damage|p1a: Scizor|0 fnt
|faint|p1a: Scizor
|
|upkeep
|
|t:|1616467769
|switch|p1a: Zeraora|Zeraora|36/100
|turn|16
|
|t:|1616467773
|switch|p2a: Rhyperior|Rhyperior, M|100/100
|-damage|p2a: Rhyperior|94/100|[from] Stealth Rock
|move|p1a: Zeraora|Volt Switch|p2a: Rhyperior
|-immune|p2a: Rhyperior
|
|-heal|p2a: Rhyperior|100/100|[from] item: Leftovers
|upkeep
|turn|17
|
|t:|1616467778
|switch|p1a: Keldeo|Keldeo-Resolute|100/100
|move|p2a: Rhyperior|Stealth Rock|p1a: Keldeo
|-sidestart|p1: Valiant Hearts|move: Stealth Rock
|
|upkeep
|turn|18
|
|t:|1616467783
|switch|p2a: Amoonguss|Amoonguss, M|100/100
|-damage|p2a: Amoonguss|88/100|[from] Stealth Rock
|move|p1a: Keldeo|Air Slash|p2a: Amoonguss
|-supereffective|p2a: Amoonguss
|-damage|p2a: Amoonguss|19/100
|
|upkeep
|turn|19
|
|t:|1616467789
|switch|p1a: Amoonguss|Amoonguss, M|92/100
|-damage|p1a: Amoonguss|80/100|[from] Stealth Rock
|switch|p2a: Rhyperior|Rhyperior, M|100/100
|-damage|p2a: Rhyperior|94/100|[from] Stealth Rock
|
|-heal|p2a: Rhyperior|100/100|[from] item: Leftovers
|upkeep
|turn|20
|
|t:|1616467804
|switch|p2a: Scizor|Scizor, F|41/100
|-damage|p2a: Scizor|28/100|[from] Stealth Rock
|move|p1a: Amoonguss|Foul Play|p2a: Scizor
|-crit|p2a: Scizor
|-damage|p2a: Scizor|0 fnt
|faint|p2a: Scizor
|
|upkeep
|
|t:|1616467807
|switch|p2a: Alakazam|Alakazam, F|62/100
|turn|21
|
|t:|1616467832
|switch|p1a: Rhyperior|Rhyperior, M|62/100
|-damage|p1a: Rhyperior|56/100|[from] Stealth Rock
|move|p2a: Alakazam|Psychic|p1a: Rhyperior
|-crit|p1a: Rhyperior
|-damage|p1a: Rhyperior|0 fnt
|faint|p1a: Rhyperior
|
|upkeep
|
|t:|1616467840
|switch|p1a: Zeraora|Zeraora|36/100
|turn|22
|
|t:|1616467846
|switch|p1a: Keldeo|Keldeo-Resolute|100/100
|-damage|p1a: Keldeo|94/100|[from] Stealth Rock
|switch|p2a: Rhyperior|Rhyperior, M|100/100
|-damage|p2a: Rhyperior|94/100|[from] Stealth Rock
|
|-heal|p2a: Rhyperior|100/100|[from] item: Leftovers
|upkeep
|turn|23
|
|t:|1616467868
|switch|p2a: Amoonguss|Amoonguss, M|52/100
|-damage|p2a: Amoonguss|40/100|[from] Stealth Rock
|move|p1a: Keldeo|Surf|p2a: Amoonguss
|-resisted|p2a: Amoonguss
|-damage|p2a: Amoonguss|6/100
|
|upkeep
|turn|24
|
|t:|1616467877
|move|p1a: Keldeo|Surf|p2a: Amoonguss
|-resisted|p2a: Amoonguss
|-damage|p2a: Amoonguss|0 fnt
|faint|p2a: Amoonguss
|
|upkeep
|
|t:|1616467880
|switch|p2a: Alakazam|Alakazam, F|62/100
|turn|25
|c|☆Valiant Hearts|i hate this thing
|
|t:|1616467906
|switch|p1a: Salamence|Salamence, M|100/100
|-ability|p1a: Salamence|Intimidate|boost
|-unboost|p2a: Alakazam|atk|1
|move|p2a: Alakazam|Psychic|p1a: Salamence
|-damage|p1a: Salamence|24/100
|
|upkeep
|turn|26
|c| pokemon vs you|agency zam comes through
|inactive|Mygrein ㋡ has 120 seconds left.
|
|t:|1616467949
|move|p2a: Alakazam|Psychic|p1a: Salamence
|-damage|p1a: Salamence|0 fnt
|faint|p1a: Salamence
|
|upkeep
|
|t:|1616467955
|switch|p1a: Zeraora|Zeraora|36/100
|turn|27
|c|☆Mygrein ㋡|zammed
|inactive|Mygrein ㋡ has 120 seconds left.
|
|t:|1616467964
|switch|p1a: Keldeo|Keldeo-Resolute|94/100
|-damage|p1a: Keldeo|88/100|[from] Stealth Rock
|switch|p2a: Rhyperior|Rhyperior, M|100/100
|-damage|p2a: Rhyperior|94/100|[from] Stealth Rock
|
|-heal|p2a: Rhyperior|100/100|[from] item: Leftovers
|upkeep
|turn|28
|j| Mikirae
|
|t:|1616467968
|switch|p2a: Rotom|Rotom-Wash|94/100
|-damage|p2a: Rotom|82/100|[from] Stealth Rock
|move|p1a: Keldeo|Surf|p2a: Rotom
|-resisted|p2a: Rotom
|-damage|p2a: Rotom|43/100
|
|-heal|p2a: Rotom|49/100|[from] item: Leftovers
|upkeep
|turn|29
|
|t:|1616467974
|switch|p1a: Zeraora|Zeraora|36/100
|move|p2a: Rotom|Will-O-Wisp|p1a: Zeraora
|-status|p1a: Zeraora|brn
|
|-heal|p2a: Rotom|55/100|[from] item: Leftovers
|-damage|p1a: Zeraora|30/100 brn|[from] brn
|upkeep
|turn|30
|c|☆Mygrein ㋡|bop
|
|t:|1616467984
|move|p1a: Zeraora|Volt Switch|p2a: Rotom
|-damage|p2a: Rotom|30/100
|
|t:|1616467987
|switch|p1a: Amoonguss|Amoonguss, M|100/100|[from]move: Volt Switch
|-damage|p1a: Amoonguss|88/100|[from] Stealth Rock
|move|p2a: Rotom|Hydro Pump|p1a: Amoonguss
|-resisted|p1a: Amoonguss
|-damage|p1a: Amoonguss|71/100
|
|-heal|p2a: Rotom|37/100|[from] item: Leftovers
|upkeep
|turn|31
|
|t:|1616467991
|move|p2a: Rotom|Hydro Pump|p1a: Amoonguss
|-resisted|p1a: Amoonguss
|-damage|p1a: Amoonguss|53/100
|move|p1a: Amoonguss|Spore|p2a: Rotom
|-status|p2a: Rotom|slp|[from] move: Spore
|
|-heal|p2a: Rotom|43/100 slp|[from] item: Leftovers
|upkeep
|turn|32
|c| pokemon vs you|zam has the spoons to eat the souls he's klled
|inactive|Mygrein ㋡ has 120 seconds left.
|
|t:|1616468031
|cant|p2a: Rotom|slp
|move|p1a: Amoonguss|Sludge Bomb|p2a: Rotom
|-crit|p2a: Rotom
|-damage|p2a: Rotom|3/100 slp
|
|-heal|p2a: Rotom|9/100 slp|[from] item: Leftovers
|upkeep
|turn|33
|
|t:|1616468036
|switch|p1a: Zeraora|Zeraora|30/100 brn
|cant|p2a: Rotom|slp
|
|-heal|p2a: Rotom|16/100 slp|[from] item: Leftovers
|-damage|p1a: Zeraora|24/100 brn|[from] brn
|upkeep
|turn|34
|
|t:|1616468041
|move|p1a: Zeraora|Plasma Fists|p2a: Rotom
|-damage|p2a: Rotom|0 fnt
|-fieldactivate|move: Ion Deluge
|faint|p2a: Rotom
|
|-damage|p1a: Zeraora|18/100 brn|[from] brn
|upkeep
|inactive|Mygrein ㋡ has 120 seconds left.
|
|t:|1616468091
|switch|p2a: Rhyperior|Rhyperior, M|100/100
|-damage|p2a: Rhyperior|94/100|[from] Stealth Rock
|turn|35
|
|t:|1616468100
|switch|p1a: Amoonguss|Amoonguss, M|87/100
|-damage|p1a: Amoonguss|74/100|[from] Stealth Rock
|move|p2a: Rhyperior|High Horsepower|p1a: Amoonguss
|-damage|p1a: Amoonguss|39/100
|-damage|p2a: Rhyperior|78/100|[from] item: Rocky Helmet|[of] p1a: Amoonguss
|
|-heal|p2a: Rhyperior|84/100|[from] item: Leftovers
|upkeep
|turn|36
|inactive|Mygrein ㋡ has 90 seconds left.
|j| blacksqualo
|
|t:|1616468133
|switch|p1a: Keldeo|Keldeo-Resolute|88/100
|-damage|p1a: Keldeo|82/100|[from] Stealth Rock
|move|p2a: Rhyperior|Stone Edge|p1a: Keldeo|[miss]
|-miss|p2a: Rhyperior|p1a: Keldeo
|
|-heal|p2a: Rhyperior|90/100|[from] item: Leftovers
|upkeep
|turn|37
|l| blacksqualo
|
|t:|1616468144
|move|p1a: Keldeo|Secret Sword|p2a: Rhyperior
|-supereffective|p2a: Rhyperior
|-damage|p2a: Rhyperior|22/100
|move|p2a: Rhyperior|High Horsepower|p1a: Keldeo
|-damage|p1a: Keldeo|29/100
|
|-heal|p2a: Rhyperior|29/100|[from] item: Leftovers
|upkeep
|turn|38
|inactive|Mygrein ㋡ has 90 seconds left.
|
|t:|1616468150
|move|p1a: Keldeo|Secret Sword|p2a: Rhyperior
|-supereffective|p2a: Rhyperior
|-damage|p2a: Rhyperior|0 fnt
|faint|p2a: Rhyperior
|
|upkeep
|
|t:|1616468153
|switch|p2a: Alakazam|Alakazam, F|62/100
|turn|39
|j| blacksqualo
|
|t:|1616468160
|switch|p1a: Amoonguss|Amoonguss, M|73/100
|-damage|p1a: Amoonguss|60/100|[from] Stealth Rock
|move|p2a: Alakazam|Psychic|p1a: Amoonguss
|-supereffective|p1a: Amoonguss
|-damage|p1a: Amoonguss|0 fnt
|faint|p1a: Amoonguss
|
|upkeep
|
|t:|1616468163
|switch|p1a: Zeraora|Zeraora|18/100 brn
|turn|40
|
|t:|1616468166
|move|p1a: Zeraora|Volt Switch|p2a: Alakazam
|-damage|p2a: Alakazam|33/100
|
|t:|1616468178
|switch|p1a: Keldeo|Keldeo-Resolute|29/100|[from]move: Volt Switch
|-damage|p1a: Keldeo|23/100|[from] Stealth Rock
|move|p2a: Alakazam|Psychic|p1a: Keldeo
|-supereffective|p1a: Keldeo
|-damage|p1a: Keldeo|0 fnt
|faint|p1a: Keldeo
|
|upkeep
|
|t:|1616468181
|switch|p1a: Zeraora|Zeraora|18/100 brn
|turn|41
|
|t:|1616468195
|move|p1a: Zeraora|Knock Off|p2a: Alakazam
|-supereffective|p2a: Alakazam
|-damage|p2a: Alakazam|0 fnt
|-enditem|p2a: Alakazam|Life Orb|[from] move: Knock Off|[of] p1a: Zeraora
|faint|p2a: Alakazam
|
|-damage|p1a: Zeraora|12/100 brn|[from] brn
|upkeep
|
|t:|1616468197
|switch|p2a: Haxorus|Haxorus, M|100/100
|-damage|p2a: Haxorus|88/100|[from] Stealth Rock
|-ability|p2a: Haxorus|Mold Breaker
|turn|42
|
|t:|1616468205
|move|p1a: Zeraora|Knock Off|p2a: Haxorus
|-damage|p2a: Haxorus|68/100
|-enditem|p2a: Haxorus|Life Orb|[from] move: Knock Off|[of] p1a: Zeraora
|move|p2a: Haxorus|Close Combat|p1a: Zeraora
|-damage|p1a: Zeraora|0 fnt
|-unboost|p2a: Haxorus|def|1
|-unboost|p2a: Haxorus|spd|1
|faint|p1a: Zeraora
|
|win|Mygrein ㋡
|n|☆Valiant Hearts|valianthearts
|n|☆Mygrein ㋡|mygrein
|n| pokemon vs you|pokemonvsyou
|n| BelgianToast❤|belgiantoast
|n| Crying Seaman|cryingseaman
|n| 467 11 11p|4671111p
|n| Butt Blasting|buttblasting
|n| faded love ☭|fadedlove
|n| natdex garbodr 2|natdexgarbodr2
|n| Mikirae|mikirae
|n| blacksqualo|blacksqualo
|l|☆Mygrein ㋡
|l| blacksqualo
|c|☆Valiant Hearts|gg
|l|☆Valiant Hearts
|l| pokemon vs you
|l| natdex garbodr 2
|j|☆Mygrein ㋡
|player|p2|Mygrein ㋡|boarder-gen2
|l|☆Mygrein ㋡
|player|p2|
|j| natdex garbodr 2
|l| Mikirae
|j| nucr dani
|l| nucr dani
|l| faded love ☭
|l| 467 11 11p
|l| natdex garbodr 2
|l| Crying Seaman
|j| 467 11 11p
