|j|☆regi ice regice
|j|☆GreatSwitch!
|t:|1665113959
|gametype|singles
|player|p1|regi ice regice|marley|1455
|player|p2|GreatSwitch!|169|1422
|teamsize|p1|6
|teamsize|p2|6
|gen|8
|tier|[Gen 8] UU
|rated|
|rule|Sleep Clause Mod: Limit one foe put to sleep
|rule|Species Clause: Limit one of each Pokémon
|rule|OHKO Clause: OHKO moves are banned
|rule|Evasion Items Clause: Evasion items are banned
|rule|Evasion Moves Clause: Evasion moves are banned
|rule|Endless Battle Clause: Forcing endless battles is banned
|rule|HP Percentage Mod: HP is shown in percentages
|rule|Dynamax Clause: You cannot dynamax
|clearpoke
|poke|p1|Salamence, F|
|poke|p1|Starmie|
|poke|p1|Hippowdon, M|
|poke|p1|Scizor, F|
|poke|p1|Sylveon, F|
|poke|p1|Zarude|
|poke|p2|Golisopod, M|
|poke|p2|Chansey, F|
|poke|p2|Reuniclus, F|
|poke|p2|Cobalion|
|poke|p2|Salamence, M|
|poke|p2|Hydreigon, M|
|teampreview
|c|☆regi ice regice|Why am I facing all of pia
|c|☆regi ice regice|hf
|
|t:|1665114031
|start
|switch|p1a: Starmie|Starmie|100/100
|switch|p2a: godopodo|Golisopod, M|100/100
|turn|1
|
|t:|1665114038
|switch|p1a: Salamence|Salamence, F|100/100
|-ability|p1a: Salamence|Intimidate|boost
|-unboost|p2a: godopodo|atk|1
|move|p2a: godopodo|Knock Off|p1a: Salamence
|-damage|p1a: Salamence|82/100
|-enditem|p1a: Salamence|Heavy-Duty Boots|[from] move: Knock Off|[of] p2a: godopodo
|
|upkeep
|turn|2
|
|t:|1665114049
|switch|p1a: Starmie|Starmie|100/100
|switch|p2a: Chansey|Chansey, F|100/100
|
|upkeep
|turn|3
|
|t:|1665114059
|move|p1a: Starmie|Trick|p2a: Chansey
|-activate|p1a: Starmie|move: Trick|[of] p2a: Chansey
|-item|p2a: Chansey|Choice Specs|[from] move: Trick
|-item|p1a: Starmie|Eviolite|[from] move: Trick
|move|p2a: Chansey|Soft-Boiled||[still]
|-fail|p2a: Chansey|heal
|
|upkeep
|turn|4
|
|t:|1665114068
|switch|p2a: Friday|Hydreigon, M|100/100
|move|p1a: Starmie|Surf|p2a: Friday
|-resisted|p2a: Friday
|-damage|p2a: Friday|69/100
|
|upkeep
|turn|5
|
|t:|1665114072
|switch|p1a: Sylveon|Sylveon, F|100/100
|move|p2a: Friday|U-turn|p1a: Sylveon
|-resisted|p1a: Sylveon
|-damage|p1a: Sylveon|93/100
|
|t:|1665114076
|switch|p2a: tuesday|Cobalion|100/100|[from]move: U-turn
|
|-heal|p1a: Sylveon|99/100|[from] item: Leftovers
|upkeep
|turn|6
|
|t:|1665114079
|move|p1a: Sylveon|Protect|p1a: Sylveon
|-singleturn|p1a: Sylveon|Protect
|move|p2a: tuesday|Stealth Rock|p1a: Sylveon
|-sidestart|p1: regi ice regice|move: Stealth Rock
|
|-heal|p1a: Sylveon|100/100|[from] item: Leftovers
|upkeep
|turn|7
|
|t:|1665114082
|switch|p1a: Hippowdon|Hippowdon, M|100/100
|-damage|p1a: Hippowdon|94/100|[from] Stealth Rock
|-weather|Sandstorm|[from] ability: Sand Stream|[of] p1a: Hippowdon
|move|p2a: tuesday|Swords Dance|p2a: tuesday
|-boost|p2a: tuesday|atk|2
|
|-weather|Sandstorm|[upkeep]
|-heal|p1a: Hippowdon|100/100|[from] item: Leftovers
|upkeep
|turn|8
|
|t:|1665114086
|move|p2a: tuesday|Iron Head|p1a: Hippowdon
|-damage|p1a: Hippowdon|59/100
|move|p1a: Hippowdon|Earthquake|p2a: tuesday
|-supereffective|p2a: tuesday
|-damage|p2a: tuesday|40/100
|
|-weather|Sandstorm|[upkeep]
|-heal|p1a: Hippowdon|65/100|[from] item: Leftovers
|upkeep
|turn|9
|
|t:|1665114097
|move|p2a: tuesday|Close Combat|p1a: Hippowdon
|-damage|p1a: Hippowdon|10/100
|-unboost|p2a: tuesday|def|1
|-unboost|p2a: tuesday|spd|1
|move|p1a: Hippowdon|Earthquake|p2a: tuesday
|-supereffective|p2a: tuesday
|-damage|p2a: tuesday|0 fnt
|faint|p2a: tuesday
|
|-weather|Sandstorm|[upkeep]
|-heal|p1a: Hippowdon|16/100|[from] item: Leftovers
|upkeep
|
|t:|1665114103
|switch|p2a: godopodo|Golisopod, M|100/100
|turn|10
|
|t:|1665114107
|switch|p1a: Salamence|Salamence, F|82/100
|-damage|p1a: Salamence|57/100|[from] Stealth Rock
|-ability|p1a: Salamence|Intimidate|boost
|-unboost|p2a: godopodo|atk|1
|move|p2a: godopodo|Liquidation|p1a: Salamence
|-resisted|p1a: Salamence
|-damage|p1a: Salamence|44/100
|-unboost|p1a: Salamence|def|1
|
|-weather|Sandstorm|[upkeep]
|-damage|p1a: Salamence|38/100|[from] Sandstorm
|-damage|p2a: godopodo|94/100|[from] Sandstorm
|upkeep
|turn|11
|
|t:|1665114112
|move|p1a: Salamence|Roost|p1a: Salamence
|-heal|p1a: Salamence|88/100
|-singleturn|p1a: Salamence|move: Roost
|move|p2a: godopodo|Liquidation|p1a: Salamence
|-resisted|p1a: Salamence
|-damage|p1a: Salamence|69/100
|
|-weather|none
|upkeep
|turn|12
|
|t:|1665114118
|switch|p2a: Reuniclus|Reuniclus, F, shiny|100/100
|move|p1a: Salamence|Defog|p2a: Reuniclus
|-unboost|p2a: Reuniclus|evasion|1
|-sideend|p1: regi ice regice|Stealth Rock|[from] move: Defog|[of] p1a: Salamence
|
|upkeep
|turn|13
|
|t:|1665114127
|switch|p1a: Scizor|Scizor, F|100/100
|move|p2a: Reuniclus|Calm Mind|p2a: Reuniclus
|-boost|p2a: Reuniclus|spa|1
|-boost|p2a: Reuniclus|spd|1
|
|upkeep
|turn|14
|
|t:|1665114131
|move|p1a: Scizor|Knock Off|p2a: Reuniclus
|-supereffective|p2a: Reuniclus
|-enditem|p2a: Reuniclus|Colbur Berry|[eat]
|-enditem|p2a: Reuniclus|Colbur Berry|[weaken]
|-damage|p2a: Reuniclus|78/100
|move|p2a: Reuniclus|Focus Blast|p1a: Scizor
|-damage|p1a: Scizor|44/100
|
|upkeep
|turn|15
|
|t:|1665114137
|move|p1a: Scizor|U-turn|p2a: Reuniclus
|-supereffective|p2a: Reuniclus
|-damage|p2a: Reuniclus|26/100
|
|t:|1665114140
|switch|p1a: Zarude|Zarude|100/100|[from]move: U-turn
|move|p2a: Reuniclus|Recover|p2a: Reuniclus
|-heal|p2a: Reuniclus|76/100
|
|upkeep
|turn|16
|
|t:|1665114146
|switch|p2a: Friday|Hydreigon, M|69/100
|move|p1a: Zarude|Darkest Lariat|p2a: Friday
|-resisted|p2a: Friday
|-damage|p2a: Friday|45/100
|
|upkeep
|turn|17
|
|t:|1665114152
|switch|p1a: Sylveon|Sylveon, F|100/100
|move|p2a: Friday|U-turn|p1a: Sylveon
|-resisted|p1a: Sylveon
|-damage|p1a: Sylveon|94/100
|
|t:|1665114157
|switch|p2a: Reuniclus|Reuniclus, F, shiny|76/100|[from]move: U-turn
|
|-heal|p1a: Sylveon|99/100|[from] item: Leftovers
|upkeep
|turn|18
|
|t:|1665114162
|move|p1a: Sylveon|Wish|p1a: Sylveon
|move|p2a: Reuniclus|Calm Mind|p2a: Reuniclus
|-boost|p2a: Reuniclus|spa|1
|-boost|p2a: Reuniclus|spd|1
|
|-heal|p1a: Sylveon|100/100|[from] item: Leftovers
|upkeep
|turn|19
|
|t:|1665114176
|move|p1a: Sylveon|Hyper Voice|p2a: Reuniclus
|-damage|p2a: Reuniclus|50/100
|move|p2a: Reuniclus|Focus Blast|p1a: Sylveon
|-resisted|p1a: Sylveon
|-damage|p1a: Sylveon|84/100
|
|-heal|p1a: Sylveon|100/100|[from] move: Wish|[wisher] Sylveon
|upkeep
|turn|20
|
|t:|1665114182
|switch|p1a: Scizor|Scizor, F|44/100
|move|p2a: Reuniclus|Recover|p2a: Reuniclus
|-heal|p2a: Reuniclus|99/100
|
|upkeep
|turn|21
|
|t:|1665114184
|move|p1a: Scizor|Roost|p1a: Scizor
|-heal|p1a: Scizor|94/100
|-singleturn|p1a: Scizor|move: Roost
|move|p2a: Reuniclus|Calm Mind|p2a: Reuniclus
|-boost|p2a: Reuniclus|spa|1
|-boost|p2a: Reuniclus|spd|1
|
|upkeep
|turn|22
|
|t:|1665114187
|move|p1a: Scizor|U-turn|p2a: Reuniclus
|-supereffective|p2a: Reuniclus
|-damage|p2a: Reuniclus|50/100
|
|t:|1665114189
|switch|p1a: Hippowdon|Hippowdon, M|16/100|[from]move: U-turn
|-weather|Sandstorm|[from] ability: Sand Stream|[of] p1a: Hippowdon
|move|p2a: Reuniclus|Recover|p2a: Reuniclus
|-heal|p2a: Reuniclus|99/100
|
|-weather|Sandstorm|[upkeep]
|-heal|p1a: Hippowdon|22/100|[from] item: Leftovers
|upkeep
|turn|23
|
|t:|1665114192
|switch|p1a: Scizor|Scizor, F|94/100
|move|p2a: Reuniclus|Psyshock|p1a: Scizor
|-resisted|p1a: Scizor
|-damage|p1a: Scizor|59/100
|
|-weather|Sandstorm|[upkeep]
|upkeep
|turn|24
|
|t:|1665114196
|move|p1a: Scizor|U-turn|p2a: Reuniclus
|-supereffective|p2a: Reuniclus
|-damage|p2a: Reuniclus|50/100
|
|t:|1665114202
|switch|p1a: Hippowdon|Hippowdon, M|22/100|[from]move: U-turn
|move|p2a: Reuniclus|Focus Blast|p1a: Hippowdon|[miss]
|-miss|p2a: Reuniclus|p1a: Hippowdon
|
|-weather|Sandstorm|[upkeep]
|-heal|p1a: Hippowdon|28/100|[from] item: Leftovers
|upkeep
|turn|25
|
|t:|1665114206
|move|p1a: Hippowdon|Stealth Rock|p2a: Reuniclus
|-sidestart|p2: GreatSwitch!|move: Stealth Rock
|move|p2a: Reuniclus|Recover|p2a: Reuniclus
|-heal|p2a: Reuniclus|99/100
|
|-weather|Sandstorm|[upkeep]
|-heal|p1a: Hippowdon|34/100|[from] item: Leftovers
|upkeep
|turn|26
|
|t:|1665114211
|move|p1a: Hippowdon|Earthquake|p2a: Reuniclus
|-damage|p2a: Reuniclus|72/100
|move|p2a: Reuniclus|Focus Blast|p1a: Hippowdon
|-damage|p1a: Hippowdon|0 fnt
|faint|p1a: Hippowdon
|
|-weather|none
|upkeep
|
|t:|1665114214
|switch|p1a: Zarude|Zarude|100/100
|turn|27
|
|t:|1665114217
|switch|p2a: wednesday|Salamence, M|100/100
|-ability|p2a: wednesday|Intimidate|boost
|-unboost|p1a: Zarude|atk|1
|move|p1a: Zarude|Darkest Lariat|p2a: wednesday
|-damage|p2a: wednesday|76/100
|
|upkeep
|turn|28
|
|t:|1665114222
|switch|p1a: Sylveon|Sylveon, F|100/100
|move|p2a: wednesday|Defog|p1a: Sylveon
|-unboost|p1a: Sylveon|evasion|1
|-sideend|p2: GreatSwitch!|Stealth Rock|[from] move: Defog|[of] p2a: wednesday
|
|upkeep
|turn|29
|
|t:|1665114225
|switch|p2a: Chansey|Chansey, F|100/100
|move|p1a: Sylveon|Hyper Voice|p2a: Chansey
|-damage|p2a: Chansey|83/100
|
|upkeep
|turn|30
|
|t:|1665114230
|switch|p1a: Scizor|Scizor, F|59/100
|move|p2a: Chansey|Wish|p2a: Chansey
|
|upkeep
|turn|31
|
|t:|1665114236
|switch|p2a: wednesday|Salamence, M|76/100
|-ability|p2a: wednesday|Intimidate|boost
|-unboost|p1a: Scizor|atk|1
|move|p1a: Scizor|U-turn|p2a: wednesday
|-resisted|p2a: wednesday
|-damage|p2a: wednesday|67/100
|
|t:|1665114240
|switch|p1a: Starmie|Starmie|100/100|[from]move: U-turn
|
|-heal|p2a: wednesday|100/100|[from] move: Wish|[wisher] Chansey
|upkeep
|turn|32
|
|t:|1665114247
|switch|p2a: godopodo|Golisopod, M|94/100
|move|p1a: Starmie|Ice Beam|p2a: godopodo
|-resisted|p2a: godopodo
|-damage|p2a: godopodo|77/100
|
|upkeep
|turn|33
|
|t:|1665114254
|move|p2a: godopodo|First Impression|p1a: Starmie
|-supereffective|p1a: Starmie
|-damage|p1a: Starmie|0 fnt
|faint|p1a: Starmie
|
|upkeep
|
|t:|1665114258
|switch|p1a: Salamence|Salamence, F|69/100
|-ability|p1a: Salamence|Intimidate|boost
|-unboost|p2a: godopodo|atk|1
|turn|34
|
|t:|1665114262
|switch|p1a: Sylveon|Sylveon, F|100/100
|switch|p2a: wednesday|Salamence, M|100/100
|-ability|p2a: wednesday|Intimidate|boost
|-unboost|p1a: Sylveon|atk|1
|
|upkeep
|turn|35
|
|t:|1665114265
|switch|p2a: Chansey|Chansey, F|83/100
|move|p1a: Sylveon|Wish|p1a: Sylveon
|
|upkeep
|turn|36
|
|t:|1665114270
|switch|p1a: Scizor|Scizor, F|59/100
|move|p2a: Chansey|Wish|p2a: Chansey
|
|-heal|p1a: Scizor|100/100|[from] move: Wish|[wisher] Sylveon
|upkeep
|turn|37
|
|t:|1665114278
|switch|p2a: Reuniclus|Reuniclus, F, shiny|72/100
|move|p1a: Scizor|U-turn|p2a: Reuniclus
|-supereffective|p2a: Reuniclus
|-damage|p2a: Reuniclus|20/100
|
|t:|1665114281
|switch|p1a: Zarude|Zarude|100/100|[from]move: U-turn
|
|-heal|p2a: Reuniclus|100/100|[from] move: Wish|[wisher] Chansey
|upkeep
|turn|38
|
|t:|1665114285
|switch|p2a: wednesday|Salamence, M|100/100
|-ability|p2a: wednesday|Intimidate|boost
|-unboost|p1a: Zarude|atk|1
|move|p1a: Zarude|U-turn|p2a: wednesday
|-resisted|p2a: wednesday
|-damage|p2a: wednesday|94/100
|
|t:|1665114288
|switch|p1a: Sylveon|Sylveon, F|100/100|[from]move: U-turn
|
|upkeep
|turn|39
|inactive|Battle timer is ON: inactive players will automatically lose when time's up. (requested by GreatSwitch!)
|
|t:|1665114302
|switch|p2a: Chansey|Chansey, F|83/100
|move|p1a: Sylveon|Hyper Voice|p2a: Chansey
|-damage|p2a: Chansey|65/100
|
|upkeep
|turn|40
|
|t:|1665114308
|switch|p1a: Scizor|Scizor, F|100/100
|move|p2a: Chansey|Soft-Boiled|p2a: Chansey
|-heal|p2a: Chansey|100/100
|
|upkeep
|turn|41
|
|t:|1665114311
|switch|p2a: wednesday|Salamence, M|94/100
|-ability|p2a: wednesday|Intimidate|boost
|-unboost|p1a: Scizor|atk|1
|move|p1a: Scizor|U-turn|p2a: wednesday
|-resisted|p2a: wednesday
|-damage|p2a: wednesday|85/100
|
|t:|1665114315
|switch|p1a: Sylveon|Sylveon, F|100/100|[from]move: U-turn
|
|upkeep
|turn|42
|
|t:|1665114326
|switch|p2a: Chansey|Chansey, F|100/100
|move|p1a: Sylveon|Wish|p1a: Sylveon
|
|upkeep
|turn|43
|
|t:|1665114330
|switch|p1a: Scizor|Scizor, F|100/100
|switch|p2a: godopodo|Golisopod, M|77/100
|
|upkeep
|turn|44
|
|t:|1665114336
|move|p1a: Scizor|Knock Off|p2a: godopodo
|-damage|p2a: godopodo|55/100
|-enditem|p2a: godopodo|Heavy-Duty Boots|[from] move: Knock Off|[of] p1a: Scizor
|move|p2a: godopodo|Spikes|p1a: Scizor
|-sidestart|p1: regi ice regice|Spikes
|
|upkeep
|turn|45
|
|t:|1665114342
|move|p1a: Scizor|U-turn|p2a: godopodo
|-damage|p2a: godopodo|27/100
|-activate|p2a: godopodo|ability: Emergency Exit
|
|t:|1665114348
|switch|p2a: wednesday|Salamence, M|85/100
|-ability|p2a: wednesday|Intimidate|boost
|-unboost|p1a: Scizor|atk|1
|
|upkeep
|turn|46
|
|t:|1665114355
|switch|p1a: Salamence|Salamence, F|69/100
|-ability|p1a: Salamence|Intimidate|boost
|-unboost|p2a: wednesday|atk|1
|move|p2a: wednesday|Dual Wingbeat|p1a: Salamence
|-damage|p1a: Salamence|58/100
|-damage|p1a: Salamence|47/100
|-hitcount|p1a: Salamence|2
|
|upkeep
|turn|47
|
|t:|1665114360
|switch|p2a: Friday|Hydreigon, M|45/100
|move|p1a: Salamence|Defog|p2a: Friday
|-unboost|p2a: Friday|evasion|1
|-sideend|p1: regi ice regice|Spikes|[from] move: Defog|[of] p1a: Salamence
|
|upkeep
|turn|48
|
|t:|1665114364
|switch|p1a: Sylveon|Sylveon, F|100/100
|move|p2a: Friday|U-turn|p1a: Sylveon
|-resisted|p1a: Sylveon
|-damage|p1a: Sylveon|93/100
|
|t:|1665114367
|switch|p2a: Reuniclus|Reuniclus, F, shiny|100/100|[from]move: U-turn
|
|-heal|p1a: Sylveon|99/100|[from] item: Leftovers
|upkeep
|turn|49
|
|t:|1665114370
|switch|p1a: Scizor|Scizor, F|100/100
|move|p2a: Reuniclus|Calm Mind|p2a: Reuniclus
|-boost|p2a: Reuniclus|spa|1
|-boost|p2a: Reuniclus|spd|1
|
|upkeep
|turn|50
|
|t:|1665114380
|move|p1a: Scizor|Knock Off|p2a: Reuniclus
|-supereffective|p2a: Reuniclus
|-damage|p2a: Reuniclus|70/100
|move|p2a: Reuniclus|Psyshock|p1a: Scizor
|-resisted|p1a: Scizor
|-damage|p1a: Scizor|75/100
|
|upkeep
|turn|51
|
|t:|1665114385
|move|p1a: Scizor|U-turn|p2a: Reuniclus
|-supereffective|p2a: Reuniclus
|-damage|p2a: Reuniclus|18/100
|
|t:|1665114387
|switch|p1a: Zarude|Zarude|100/100|[from]move: U-turn
|move|p2a: Reuniclus|Recover|p2a: Reuniclus
|-heal|p2a: Reuniclus|68/100
|
|upkeep
|turn|52
|
|t:|1665114390
|switch|p2a: wednesday|Salamence, M|85/100
|-ability|p2a: wednesday|Intimidate|boost
|-unboost|p1a: Zarude|atk|1
|move|p1a: Zarude|Darkest Lariat|p2a: wednesday
|-damage|p2a: wednesday|61/100
|
|upkeep
|turn|53
|
|t:|1665114394
|switch|p1a: Sylveon|Sylveon, F|99/100
|move|p2a: wednesday|Roost|p2a: wednesday
|-heal|p2a: wednesday|100/100
|-singleturn|p2a: wednesday|move: Roost
|
|-heal|p1a: Sylveon|100/100|[from] item: Leftovers
|upkeep
|turn|54
|
|t:|1665114398
|switch|p2a: Chansey|Chansey, F|100/100
|switch|p1a: Scizor|Scizor, F|75/100
|
|upkeep
|turn|55
|
|t:|1665114401
|move|p1a: Scizor|Knock Off|p2a: Chansey
|-damage|p2a: Chansey|70/100
|-enditem|p2a: Chansey|Choice Specs|[from] move: Knock Off|[of] p1a: Scizor
|move|p2a: Chansey|Wish|p2a: Chansey
|
|upkeep
|turn|56
|
|t:|1665114406
|move|p1a: Scizor|Bullet Punch|p2a: Chansey
|-damage|p2a: Chansey|41/100
|move|p2a: Chansey|Seismic Toss|p1a: Scizor
|-damage|p1a: Scizor|46/100
|
|-heal|p2a: Chansey|91/100|[from] move: Wish|[wisher] Chansey
|upkeep
|turn|57
|
|t:|1665114410
|move|p1a: Scizor|Roost|p1a: Scizor
|-heal|p1a: Scizor|96/100
|-singleturn|p1a: Scizor|move: Roost
|move|p2a: Chansey|Seismic Toss|p1a: Scizor
|-damage|p1a: Scizor|67/100
|
|upkeep
|turn|58
|
|t:|1665114413
|move|p1a: Scizor|Bullet Punch|p2a: Chansey
|-damage|p2a: Chansey|64/100
|move|p2a: Chansey|Wish|p2a: Chansey
|
|upkeep
|turn|59
|
|t:|1665114417
|move|p1a: Scizor|Knock Off|p2a: Chansey
|-damage|p2a: Chansey|46/100
|move|p2a: Chansey|Seismic Toss|p1a: Scizor
|-damage|p1a: Scizor|38/100
|
|-heal|p2a: Chansey|96/100|[from] move: Wish|[wisher] Chansey
|upkeep
|turn|60
|
|t:|1665114419
|move|p1a: Scizor|Roost|p1a: Scizor
|-heal|p1a: Scizor|88/100
|-singleturn|p1a: Scizor|move: Roost
|move|p2a: Chansey|Seismic Toss|p1a: Scizor
|-damage|p1a: Scizor|59/100
|
|upkeep
|turn|61
|
|t:|1665114421
|move|p1a: Scizor|Bullet Punch|p2a: Chansey
|-damage|p2a: Chansey|66/100
|move|p2a: Chansey|Seismic Toss|p1a: Scizor
|-damage|p1a: Scizor|29/100
|
|upkeep
|turn|62
|
|t:|1665114426
|move|p1a: Scizor|Roost|p1a: Scizor
|-heal|p1a: Scizor|80/100
|-singleturn|p1a: Scizor|move: Roost
|move|p2a: Chansey|Seismic Toss|p1a: Scizor
|-damage|p1a: Scizor|50/100
|
|upkeep
|turn|63
|
|t:|1665114430
|move|p1a: Scizor|Roost|p1a: Scizor
|-heal|p1a: Scizor|100/100
|-singleturn|p1a: Scizor|move: Roost
|move|p2a: Chansey|Soft-Boiled|p2a: Chansey
|-heal|p2a: Chansey|100/100
|
|upkeep
|turn|64
|
|t:|1665114432
|move|p1a: Scizor|U-turn|p2a: Chansey
|-damage|p2a: Chansey|70/100
|
|t:|1665114435
|switch|p1a: Sylveon|Sylveon, F|100/100|[from]move: U-turn
|move|p2a: Chansey|Seismic Toss|p1a: Sylveon
|-damage|p1a: Sylveon|75/100
|
|-heal|p1a: Sylveon|81/100|[from] item: Leftovers
|upkeep
|turn|65
|
|t:|1665114438
|move|p1a: Sylveon|Wish|p1a: Sylveon
|move|p2a: Chansey|Toxic|p1a: Sylveon
|-status|p1a: Sylveon|tox
|
|-heal|p1a: Sylveon|87/100 tox|[from] item: Leftovers
|-damage|p1a: Sylveon|81/100 tox|[from] psn
|upkeep
|turn|66
|
|t:|1665114442
|switch|p1a: Salamence|Salamence, F|47/100
|-ability|p1a: Salamence|Intimidate|boost
|-unboost|p2a: Chansey|atk|1
|move|p2a: Chansey|Seismic Toss|p1a: Salamence
|-damage|p1a: Salamence|22/100
|
|-heal|p1a: Salamence|72/100|[from] move: Wish|[wisher] Sylveon
|upkeep
|turn|67
|
|t:|1665114445
|switch|p1a: Scizor|Scizor, F|100/100
|move|p2a: Chansey|Seismic Toss|p1a: Scizor
|-damage|p1a: Scizor|71/100
|
|upkeep
|turn|68
|
|t:|1665114449
|switch|p2a: wednesday|Salamence, M|100/100
|-ability|p2a: wednesday|Intimidate|boost
|-unboost|p1a: Scizor|atk|1
|move|p1a: Scizor|U-turn|p2a: wednesday
|-resisted|p2a: wednesday
|-damage|p2a: wednesday|91/100
|
|t:|1665114453
|switch|p1a: Sylveon|Sylveon, F|81/100 tox|[from]move: U-turn
|
|-heal|p1a: Sylveon|87/100 tox|[from] item: Leftovers
|-damage|p1a: Sylveon|81/100 tox|[from] psn
|upkeep
|turn|69
|
|t:|1665114455
|switch|p2a: Chansey|Chansey, F|70/100
|move|p1a: Sylveon|Heal Bell|p1a: Sylveon
|-activate|p1a: Sylveon|move: Heal Bell
|-curestatus|p1a: Sylveon|tox|[msg]
|
|-heal|p1a: Sylveon|87/100|[from] item: Leftovers
|upkeep
|turn|70
|
|t:|1665114462
|switch|p1a: Scizor|Scizor, F|71/100
|move|p2a: Chansey|Toxic|p1a: Scizor
|-immune|p1a: Scizor
|
|upkeep
|turn|71
|
|t:|1665114466
|move|p1a: Scizor|U-turn|p2a: Chansey
|-damage|p2a: Chansey|38/100
|
|t:|1665114468
|switch|p1a: Zarude|Zarude|100/100|[from]move: U-turn
|move|p2a: Chansey|Wish|p2a: Chansey
|
|upkeep
|turn|72
|
|t:|1665114476
|switch|p2a: Friday|Hydreigon, M|45/100
|move|p1a: Zarude|U-turn|p2a: Friday
|-supereffective|p2a: Friday
|-damage|p2a: Friday|0 fnt
|faint|p2a: Friday
|
|t:|1665114485
|switch|p1a: Scizor|Scizor, F|71/100|[from]move: U-turn
|
|upkeep
|
|t:|1665114491
|switch|p2a: wednesday|Salamence, M|91/100
|-ability|p2a: wednesday|Intimidate|boost
|-unboost|p1a: Scizor|atk|1
|turn|73
|
|t:|1665114494
|switch|p1a: Sylveon|Sylveon, F|87/100
|move|p2a: wednesday|Dual Wingbeat|p1a: Sylveon
|-damage|p1a: Sylveon|68/100
|-damage|p1a: Sylveon|49/100
|-hitcount|p1a: Sylveon|2
|
|-heal|p1a: Sylveon|55/100|[from] item: Leftovers
|upkeep
|turn|74
|
|t:|1665114497
|move|p2a: wednesday|Dual Wingbeat|p1a: Sylveon|[miss]
|-miss|p2a: wednesday|p1a: Sylveon
|move|p1a: Sylveon|Wish|p1a: Sylveon
|
|-heal|p1a: Sylveon|61/100|[from] item: Leftovers
|upkeep
|turn|75
|
|t:|1665114505
|switch|p2a: Chansey|Chansey, F|38/100
|move|p1a: Sylveon|Hyper Voice|p2a: Chansey
|-crit|p2a: Chansey
|-damage|p2a: Chansey|8/100
|
|-heal|p1a: Sylveon|100/100|[from] move: Wish|[wisher] Sylveon
|upkeep
|turn|76
|
|t:|1665114519
|move|p1a: Sylveon|Hyper Voice|p2a: Chansey
|-damage|p2a: Chansey|0 fnt
|faint|p2a: Chansey
|
|upkeep
|
|t:|1665114522
|switch|p2a: Reuniclus|Reuniclus, F, shiny|68/100
|turn|77
|
|t:|1665114529
|move|p1a: Sylveon|Hyper Voice|p2a: Reuniclus
|-damage|p2a: Reuniclus|30/100
|move|p2a: Reuniclus|Recover|p2a: Reuniclus
|-heal|p2a: Reuniclus|80/100
|
|upkeep
|turn|78
|
|t:|1665114533
|switch|p1a: Scizor|Scizor, F|71/100
|move|p2a: Reuniclus|Calm Mind|p2a: Reuniclus
|-boost|p2a: Reuniclus|spa|1
|-boost|p2a: Reuniclus|spd|1
|
|upkeep
|turn|79
|
|t:|1665114538
|move|p1a: Scizor|Knock Off|p2a: Reuniclus
|-supereffective|p2a: Reuniclus
|-damage|p2a: Reuniclus|46/100
|move|p2a: Reuniclus|Recover|p2a: Reuniclus
|-heal|p2a: Reuniclus|96/100
|
|upkeep
|turn|80
|
|t:|1665114544
|move|p1a: Scizor|Knock Off|p2a: Reuniclus
|-supereffective|p2a: Reuniclus
|-damage|p2a: Reuniclus|62/100
|move|p2a: Reuniclus|Focus Blast|p1a: Scizor
|-damage|p1a: Scizor|19/100
|
|upkeep
|turn|81
|
|t:|1665114550
|move|p1a: Scizor|U-turn|p2a: Reuniclus
|-supereffective|p2a: Reuniclus
|-damage|p2a: Reuniclus|6/100
|
|t:|1665114552
|switch|p1a: Zarude|Zarude|100/100|[from]move: U-turn
|move|p2a: Reuniclus|Recover|p2a: Reuniclus
|-heal|p2a: Reuniclus|56/100
|
|upkeep
|turn|82
|
|t:|1665114557
|switch|p2a: wednesday|Salamence, M|91/100
|-ability|p2a: wednesday|Intimidate|boost
|-unboost|p1a: Zarude|atk|1
|move|p1a: Zarude|Darkest Lariat|p2a: wednesday
|-damage|p2a: wednesday|66/100
|
|upkeep
|turn|83
|
|t:|1665114564
|switch|p1a: Sylveon|Sylveon, F|100/100
|switch|p2a: Reuniclus|Reuniclus, F, shiny|56/100
|
|upkeep
|turn|84
|
|t:|1665114570
|switch|p1a: Zarude|Zarude|100/100
|move|p2a: Reuniclus|Recover|p2a: Reuniclus
|-heal|p2a: Reuniclus|100/100
|
|upkeep
|turn|85
|
|t:|1665114577
|move|p1a: Zarude|U-turn|p2a: Reuniclus
|-supereffective|p2a: Reuniclus
|-damage|p2a: Reuniclus|60/100
|
|t:|1665114581
|switch|p1a: Sylveon|Sylveon, F|100/100|[from]move: U-turn
|move|p2a: Reuniclus|Focus Blast|p1a: Sylveon|[miss]
|-miss|p2a: Reuniclus|p1a: Sylveon
|
|upkeep
|turn|86
|
|t:|1665114584
|move|p1a: Sylveon|Hyper Voice|p2a: Reuniclus
|-damage|p2a: Reuniclus|25/100
|move|p2a: Reuniclus|Calm Mind|p2a: Reuniclus
|-boost|p2a: Reuniclus|spa|1
|-boost|p2a: Reuniclus|spd|1
|
|upkeep
|turn|87
|
|t:|1665114587
|move|p1a: Sylveon|Wish|p1a: Sylveon
|move|p2a: Reuniclus|Recover|p2a: Reuniclus
|-heal|p2a: Reuniclus|75/100
|
|upkeep
|turn|88
|
|t:|1665114591
|move|p1a: Sylveon|Hyper Voice|p2a: Reuniclus
|-damage|p2a: Reuniclus|49/100
|move|p2a: Reuniclus|Calm Mind|p2a: Reuniclus
|-boost|p2a: Reuniclus|spa|1
|-boost|p2a: Reuniclus|spd|1
|
|upkeep
|turn|89
|
|t:|1665114597
|switch|p1a: Scizor|Scizor, F|19/100
|move|p2a: Reuniclus|Recover|p2a: Reuniclus
|-heal|p2a: Reuniclus|99/100
|
|upkeep
|turn|90
|
|t:|1665114600
|move|p1a: Scizor|Roost|p1a: Scizor
|-heal|p1a: Scizor|69/100
|-singleturn|p1a: Scizor|move: Roost
|move|p2a: Reuniclus|Calm Mind|p2a: Reuniclus
|-boost|p2a: Reuniclus|spa|1
|-boost|p2a: Reuniclus|spd|1
|
|upkeep
|turn|91
|
|t:|1665114606
|move|p1a: Scizor|Roost|p1a: Scizor
|-heal|p1a: Scizor|100/100
|-singleturn|p1a: Scizor|move: Roost
|move|p2a: Reuniclus|Psyshock|p1a: Scizor
|-resisted|p1a: Scizor
|-damage|p1a: Scizor|57/100
|
|upkeep
|turn|92
|
|t:|1665114611
|move|p1a: Scizor|Knock Off|p2a: Reuniclus
|-supereffective|p2a: Reuniclus
|-crit|p2a: Reuniclus
|-damage|p2a: Reuniclus|49/100
|move|p2a: Reuniclus|Calm Mind|p2a: Reuniclus
|-boost|p2a: Reuniclus|spa|1
|-boost|p2a: Reuniclus|spd|1
|
|upkeep
|turn|93
|-message|GreatSwitch! forfeited.
|
|win|regi ice regice
|raw|regi ice regice's rating: 1455 &rarr; <strong>1473</strong><br />(+18 for winning)
|raw|GreatSwitch!'s rating: 1422 &rarr; <strong>1404</strong><br />(-18 for losing)
|l|☆GreatSwitch!
||Ladder isn't responding, score probably updated but might not have (Request timeout).
