|j|☆Outi Lemmy
|j|☆alenpa
|inactive|Battle timer is ON: inactive players will automatically lose when time's up.
|t:|1600634616
|player|p1|Outi Lemmy|cilan|
|player|p2|alenpa|gambler|
|teamsize|p1|6
|teamsize|p2|6
|gametype|singles
|gen|8
|tier|[Gen 8] UU
|rated|Tournament battle
|html|<div class="broadcast-blue"><strong>UU is currently suspecting Lycanroc-Dusk! For information on how to participate check out the <a href="https://www.smogon.com/forums/threads/3670407/">suspect thread</a>.</strong></div>
|clearpoke
|poke|p1|Marowak-Alola, F|
|poke|p1|Slowbro, M|
|poke|p1|Weezing-Galar, M|
|poke|p1|Zarude|
|poke|p1|Cobalion|
|poke|p1|Mamoswine, M|
|poke|p2|Keldeo-Resolute|
|poke|p2|Incineroar, M|
|poke|p2|Sylveon, F|
|poke|p2|Slowbro-Galar, M|
|poke|p2|Rotom-Mow|
|poke|p2|Flygon, F|
|rule|Sleep Clause Mod: Limit one foe put to sleep
|rule|Species Clause: Limit one of each Pokémon
|rule|OHKO Clause: OHKO moves are banned
|rule|Evasion Moves Clause: Evasion moves are banned
|rule|Endless Battle Clause: Forcing endless battles is banned
|rule|HP Percentage Mod: HP is shown in percentages
|rule|Dynamax Clause: You cannot dynamax
|teampreview
|j| OUTI quechua
|j| AhegaoARDN
|j| Exi0022
|j|+S3b4s7i4n
|j| 100T Matzsu
|c|☆Outi Lemmy|gl
|j| TheBallsmaSpace
|j|%TheJesucristoOsAma
|c|☆alenpa|same
|j| jere alias el n
|inactive|alenpa has 120 seconds left.
|
|t:|1600634646
|start
|switch|p1a: La La La|Marowak-Alola, F|100/100
|switch|p2a: Slowbro|Slowbro-Galar, M|100/100
|turn|1
|
|t:|1600634652
|switch|p2a: Incineroar|Incineroar, M|100/100
|-ability|p2a: Incineroar|Intimidate|boost
|-unboost|p1a: La La La|atk|1
|move|p1a: La La La|Poltergeist|p2a: Incineroar
|-activate|p2a: Incineroar|move: Poltergeist|Heavy-Duty Boots
|-resisted|p2a: Incineroar
|-damage|p2a: Incineroar|75/100
|
|upkeep
|turn|2
|
|t:|1600634657
|switch|p1a: Su Canción|Weezing-Galar, M|100/100
|move|p2a: Incineroar|Knock Off|p1a: Su Canción
|-resisted|p1a: Su Canción
|-damage|p1a: Su Canción|84/100
|-enditem|p1a: Su Canción|Black Sludge|[from] move: Knock Off|[of] p2a: Incineroar
|
|upkeep
|turn|3
|c| AhegaoARDN|slowbrothers
|j| Kendry412
|
|t:|1600634667
|move|p2a: Incineroar|Parting Shot|p1a: Su Canción
|-unboost|p1a: Su Canción|atk|1
|-unboost|p1a: Su Canción|spa|1
|
|t:|1600634673
|switch|p2a: Slowbro|Slowbro-Galar, M|100/100|[from]move: Parting Shot
|move|p1a: Su Canción|Strange Steam|p2a: Slowbro
|-resisted|p2a: Slowbro
|-damage|p2a: Slowbro|90/100
|
|upkeep
|turn|4
|
|t:|1600634680
|switch|p1a: La La La|Marowak-Alola, F|100/100
|move|p2a: Slowbro|Future Sight|p1a: La La La
|-start|p2a: Slowbro|move: Future Sight
|
|upkeep
|turn|5
|
|t:|1600634684
|switch|p2a: Flygon|Flygon, F|100/100
|move|p1a: La La La|Earthquake|p2a: Flygon
|-immune|p2a: Flygon|[from] ability: Levitate
|
|upkeep
|turn|6
|
|t:|1600634697
|switch|p1a: Lady Lady|Zarude|100/100
|move|p2a: Flygon|U-turn|p1a: Lady Lady
|-supereffective|p1a: Lady Lady
|-damage|p1a: Lady Lady|0 fnt
|faint|p1a: Lady Lady
|j| nombredeleonardo
|
|t:|1600634706
|switch|p2a: Rotom|Rotom-Mow|100/100|[from]move: U-turn
|
|-hint|Future Sight did not hit because the target is the user.
|upkeep
|l| nombredeleonardo
|l| TheBallsmaSpace
|
|t:|1600634714
|switch|p1a: La La La|Marowak-Alola, F|100/100
|turn|7
|c|☆Outi Lemmy|uh
|
|t:|1600634717
|switch|p2a: Incineroar|Incineroar, M|75/100
|-ability|p2a: Incineroar|Intimidate|boost
|-unboost|p1a: La La La|atk|1
|move|p1a: La La La|Flare Blitz|p2a: Incineroar
|-resisted|p2a: Incineroar
|-damage|p2a: Incineroar|46/100
|
|upkeep
|turn|8
|
|t:|1600634726
|switch|p1a: Su Canción|Weezing-Galar, M|84/100
|move|p2a: Incineroar|Parting Shot|p1a: Su Canción
|-unboost|p1a: Su Canción|atk|1
|-unboost|p1a: Su Canción|spa|1
|c| Kendry412|uyuyui
|j| Joan20pokemon
|
|t:|1600634753
|switch|p2a: Keldeo|Keldeo-Resolute|100/100|[from]move: Parting Shot
|
|upkeep
|turn|9
|
|t:|1600634759
|move|p2a: Keldeo|Calm Mind|p2a: Keldeo
|-boost|p2a: Keldeo|spa|1
|-boost|p2a: Keldeo|spd|1
|move|p1a: Su Canción|Strange Steam|p2a: Keldeo
|-supereffective|p2a: Keldeo
|-damage|p2a: Keldeo|66/100
|
|-heal|p2a: Keldeo|72/100|[from] item: Leftovers
|upkeep
|turn|10
|
|t:|1600634764
|move|p2a: Keldeo|Scald|p1a: Su Canción
|-damage|p1a: Su Canción|2/100
|-status|p1a: Su Canción|brn
|move|p1a: Su Canción|Strange Steam|p2a: Keldeo
|-supereffective|p2a: Keldeo
|-damage|p2a: Keldeo|38/100
|
|-heal|p2a: Keldeo|44/100|[from] item: Leftovers
|-damage|p1a: Su Canción|0 fnt|[from] brn
|faint|p1a: Su Canción
|upkeep
|
|t:|1600634766
|switch|p1a: Vivo Cantando|Slowbro, M|100/100
|turn|11
|
|t:|1600634774
|move|p2a: Keldeo|Substitute|p2a: Keldeo
|-start|p2a: Keldeo|Substitute
|-damage|p2a: Keldeo|19/100
|move|p1a: Vivo Cantando|Scald|p2a: Keldeo
|-resisted|p2a: Keldeo
|-activate|p2a: Keldeo|move: Substitute|[damage]
|
|-heal|p2a: Keldeo|25/100|[from] item: Leftovers
|upkeep
|turn|12
|c| AhegaoARDN|uhh
|
|t:|1600634777
|move|p2a: Keldeo|Calm Mind|p2a: Keldeo
|-boost|p2a: Keldeo|spa|1
|-boost|p2a: Keldeo|spd|1
|move|p1a: Vivo Cantando|Psyshock|p2a: Keldeo
|-supereffective|p2a: Keldeo
|-end|p2a: Keldeo|Substitute
|
|-heal|p2a: Keldeo|32/100|[from] item: Leftovers
|upkeep
|turn|13
|j|+emre mor 9
|c|☆Outi Lemmy|eh para
|c|☆alenpa|ono
|
|t:|1600634791
|switch|p2a: Rotom|Rotom-Mow|100/100
|move|p1a: Vivo Cantando|Scald|p2a: Rotom
|-resisted|p2a: Rotom
|-crit|p2a: Rotom
|-damage|p2a: Rotom|73/100
|-status|p2a: Rotom|brn
|
|-heal|p2a: Rotom|79/100 brn|[from] item: Leftovers
|-damage|p2a: Rotom|73/100 brn|[from] brn
|upkeep
|turn|14
|j| zSoulx
|l| jere alias el n
|
|t:|1600634805
|switch|p1a: En Un Mundo Nuevo|Cobalion|100/100
|move|p2a: Rotom|Leaf Storm|p1a: En Un Mundo Nuevo
|-resisted|p1a: En Un Mundo Nuevo
|-damage|p1a: En Un Mundo Nuevo|58/100
|-unboost|p2a: Rotom|spa|2
|
|-heal|p2a: Rotom|79/100 brn|[from] item: Leftovers
|-damage|p2a: Rotom|73/100 brn|[from] brn
|upkeep
|turn|15
|j| CaesarZeppelixd
|
|t:|1600634828
|move|p1a: En Un Mundo Nuevo|Close Combat|p2a: Rotom
|-damage|p2a: Rotom|5/100 brn
|-unboost|p1a: En Un Mundo Nuevo|def|1
|-unboost|p1a: En Un Mundo Nuevo|spd|1
|move|p2a: Rotom|Volt Switch|p1a: En Un Mundo Nuevo
|-damage|p1a: En Un Mundo Nuevo|26/100
|c|☆Outi Lemmy|joe
|c| CaesarZeppelixd|mal
|inactive|alenpa has 120 seconds left.
|
|t:|1600634861
|switch|p2a: Incineroar|Incineroar, M|46/100|[from]move: Volt Switch
|-ability|p2a: Incineroar|Intimidate|boost
|-unboost|p1a: En Un Mundo Nuevo|atk|1
|
|upkeep
|turn|16
|inactive|alenpa has 120 seconds left.
|
|t:|1600634880
|switch|p2a: Rotom|Rotom-Mow|5/100 brn
|move|p1a: En Un Mundo Nuevo|Close Combat|p2a: Rotom
|-damage|p2a: Rotom|0 fnt
|-unboost|p1a: En Un Mundo Nuevo|def|1
|-unboost|p1a: En Un Mundo Nuevo|spd|1
|faint|p2a: Rotom
|
|upkeep
|c|☆Outi Lemmy|me vale
|c|☆Outi Lemmy|no es 6-0
|
|t:|1600634890
|switch|p2a: Sylveon|Sylveon, F|100/100
|turn|17
|inactive|alenpa has 120 seconds left.
|j| Elian-San
|
|t:|1600634920
|move|p1a: En Un Mundo Nuevo|Stealth Rock|p2a: Sylveon
|-sidestart|p2: alenpa|move: Stealth Rock
|move|p2a: Sylveon|Hyper Voice|p1a: En Un Mundo Nuevo
|-damage|p1a: En Un Mundo Nuevo|0 fnt
|faint|p1a: En Un Mundo Nuevo
|
|upkeep
|c| AhegaoARDN|pixilate momento
|
|t:|1600634925
|switch|p1a: La La La|Marowak-Alola, F|100/100
|turn|18
|c|☆Outi Lemmy|momento pixilate
|inactive|alenpa has 90 seconds left.
|
|t:|1600634946
|move|p2a: Sylveon|Wish|p2a: Sylveon
|move|p1a: La La La|Flare Blitz|p2a: Sylveon
|-damage|p2a: Sylveon|18/100
|
|-heal|p2a: Sylveon|24/100|[from] item: Leftovers
|upkeep
|turn|19
|c| Elian-San|Marowak-Momento
|c| Elian-San|quedó
|inactive|alenpa has 90 seconds left.
|c| CaesarZeppelixd|65 def momento
|c| Kendry412|puede que tenga oportunidad con mamoswine
|c|☆Outi Lemmy|thick club momento
|
|t:|1600634973
|move|p2a: Sylveon|Hyper Voice|p1a: La La La
|-resisted|p1a: La La La
|-damage|p1a: La La La|73/100
|move|p1a: La La La|Earthquake|p2a: Sylveon
|-damage|p2a: Sylveon|0 fnt
|faint|p2a: Sylveon
|
|upkeep
|c| Elian-San|te imaginas
|c|☆Outi Lemmy|pierdo btw
|c| AhegaoARDN|cabeza roca momento}
|c|☆Outi Lemmy|keldeo me gana
|c| Elian-San|que no hubiera matado?
|c| Elian-San|lemmy tu puedes
|inactive|alenpa has 60 seconds left.
|c| CaesarZeppelixd|pero tienes a slowbro
|
|t:|1600634997
|switch|p2a: Flygon|Flygon, F|100/100
|-damage|p2a: Flygon|95/100|[from] Stealth Rock
|turn|20
|
|t:|1600635002
|move|p2a: Flygon|Earthquake|p1a: La La La
|-supereffective|p1a: La La La
|-crit|p1a: La La La
|-damage|p1a: La La La|0 fnt
|faint|p1a: La La La
|
|upkeep
|c| Elian-San|flygon momento
|
|t:|1600635005
|switch|p1a: Eres Tú|Mamoswine, M|100/100
|turn|21
|c|☆Outi Lemmy|MANMOSIAW momento
|
|t:|1600635010
|switch|p2a: Incineroar|Incineroar, M|46/100
|-ability|p2a: Incineroar|Intimidate|boost
|-immune|p1a: Eres Tú|[from] ability: Oblivious
|move|p1a: Eres Tú|Knock Off|p2a: Incineroar
|-resisted|p2a: Incineroar
|-damage|p2a: Incineroar|27/100
|-enditem|p2a: Incineroar|Heavy-Duty Boots|[from] move: Knock Off|[of] p1a: Eres Tú
|-damage|p1a: Eres Tú|91/100|[from] item: Life Orb
|
|upkeep
|turn|22
|c| 100T Matzsu|Eres tú momento
|c| Elian-San|que haces
|c|☆alenpa|poderoso
|c|☆Outi Lemmy|Oblivious momento
|
|t:|1600635020
|move|p1a: Eres Tú|Earthquake|p2a: Incineroar
|-supereffective|p2a: Incineroar
|-damage|p2a: Incineroar|0 fnt
|-damage|p1a: Eres Tú|81/100|[from] item: Life Orb
|faint|p2a: Incineroar
|
|upkeep
|c| 100T Matzsu|Nice
|c| Elian-San|ah vale
|c| Elian-San|ojo
|c| Elian-San|que se la hace
|c|☆Outi Lemmy|por si venía Keldeo
|c|☆Outi Lemmy|Le quitaba la recovery
|
|t:|1600635036
|switch|p2a: Keldeo|Keldeo-Resolute|32/100
|-damage|p2a: Keldeo|25/100|[from] Stealth Rock
|turn|23
|c| AhegaoARDN|keldeo momento
|c|☆Outi Lemmy|Que no entiendes
|
|t:|1600635040
|switch|p1a: Vivo Cantando|Slowbro, M|100/100
|move|p2a: Keldeo|Scald|p1a: Vivo Cantando
|-resisted|p1a: Vivo Cantando
|-damage|p1a: Vivo Cantando|83/100
|
|-heal|p2a: Keldeo|32/100|[from] item: Leftovers
|upkeep
|turn|24
|c| 100T Matzsu|Momento Comeback
|c| Elian-San|slowbro momento
|c|☆Outi Lemmy|Slowbro momento
|c| Elian-San|los nombres
|
|t:|1600635055
|switch|p2a: Slowbro|Slowbro-Galar, M|100/100
|-damage|p2a: Slowbro|88/100|[from] Stealth Rock
|move|p1a: Vivo Cantando|Psyshock|p2a: Slowbro
|-damage|p2a: Slowbro|67/100
|
|upkeep
|turn|25
|c| Elian-San|raritos
|
|t:|1600635066
|move|p2a: Slowbro|Future Sight|p1a: Vivo Cantando
|-start|p2a: Slowbro|move: Future Sight
|move|p1a: Vivo Cantando|Scald|p2a: Slowbro
|-crit|p2a: Slowbro
|-damage|p2a: Slowbro|33/100
|
|upkeep
|turn|26
|inactive|alenpa has 90 seconds left.
|c|☆Outi Lemmy|crit momento
|
|t:|1600635075
|move|p2a: Slowbro|Sludge Bomb|p1a: Vivo Cantando
|-crit|p1a: Vivo Cantando
|-damage|p1a: Vivo Cantando|23/100
|move|p1a: Vivo Cantando|Scald|p2a: Slowbro
|-damage|p2a: Slowbro|13/100
|
|upkeep
|turn|27
|c| AhegaoARDN|slowbrothers momento
|c|☆Outi Lemmy|HIJA
|c| Elian-San|que bonito
|inactive|alenpa has 90 seconds left.
|c| Elian-San|que te haxeen
|
|t:|1600635090
|move|p2a: Slowbro|Sludge Bomb|p1a: Vivo Cantando
|-damage|p1a: Vivo Cantando|0 fnt
|faint|p1a: Vivo Cantando
|
|-hint|Future Sight did not hit because the target is the user.
|upkeep
|
|t:|1600635092
|switch|p1a: Eres Tú|Mamoswine, M|81/100
|turn|28
|c| 100T Matzsu|Noo
|
|t:|1600635101
|move|p1a: Eres Tú|Knock Off|p2a: Slowbro
|-supereffective|p2a: Slowbro
|-damage|p2a: Slowbro|0 fnt
|-enditem|p2a: Slowbro|Assault Vest|[from] move: Knock Off|[of] p1a: Eres Tú
|-damage|p1a: Eres Tú|71/100|[from] item: Life Orb
|faint|p2a: Slowbro
|
|upkeep
|c| Elian-San|será que
|c| Elian-San|mate
|c|☆Outi Lemmy|ahora
|c| Elian-San|ese move?
|inactive|alenpa has 90 seconds left.
|c| 100T Matzsu|Mamoswine sweep
|c|☆Outi Lemmy|revelamos
|c| Elian-San|crit momento
|c|☆Outi Lemmy|el crit momento
|
|t:|1600635115
|switch|p2a: Keldeo|Keldeo-Resolute|32/100
|-damage|p2a: Keldeo|25/100|[from] Stealth Rock
|turn|29
|c| Kendry412|leean a los pokemons XD
|c| AhegaoARDN|keldeo san
|inactive|alenpa has 90 seconds left.
|c|☆alenpa|creo que gano igualmene
|c| Elian-San|CRIT
|c| Kendry412|de outi lemmy
|c| Elian-San|MOMENTO
|c| 100T Matzsu|crit
|c|☆Outi Lemmy|no va a salir
|c|☆alenpa|pero no me da usar la calc
|c|☆Outi Lemmy|Lemmy se derrumba
|c|☆Outi Lemmy|recordando a los suyos
|j| Ash Mantequilla
|c| CaesarZeppelixd|critic ice shard
|c| CaesarZeppelixd|pls
|inactive|alenpa has 60 seconds left.
|c| Elian-San|venga lemmy
|l| Ash Mantequilla
|c| Elian-San|con todo
|j| nosoyeljuan
|c| CaesarZeppelixd|dae manmosaiw
|c|☆alenpa|first mata?
|c| CaesarZeppelixd|no
|
|t:|1600635175
|move|p1a: Eres Tú|Ice Shard|p2a: Keldeo
|-resisted|p2a: Keldeo
|-damage|p2a: Keldeo|10/100
|-damage|p1a: Eres Tú|61/100|[from] item: Life Orb
|move|p2a: Keldeo|Secret Sword|p1a: Eres Tú
|-supereffective|p1a: Eres Tú
|-damage|p1a: Eres Tú|0 fnt
|faint|p1a: Eres Tú
|
|win|alenpa
