|html|<div class="broadcast-blue"><strong>[Gen 8] UU is currently suspecting Scizor! For information on how to participate check out the <a href="https://www.smogon.com/forums/threads/ss-uu-stage-12-2-spider-dance.3704866/">suspect thread</a>.</strong></div>
|j|☆cafay sukray
|j|☆galactest bro !
|t:|1658847609
|gametype|singles
|player|p1|cafay sukray|swimmer-gen4dp|1560
|player|p2|galactest bro !|dragontamer|1320
|teamsize|p1|6
|teamsize|p2|6
|gen|8
|tier|[Gen 8] UU
|rated|
|rule|Sleep Clause Mod: Limit one foe put to sleep
|rule|Species Clause: Limit one of each Pokémon
|rule|OHKO Clause: OHKO moves are banned
|rule|Evasion Moves Clause: Evasion moves are banned
|rule|Endless Battle Clause: Forcing endless battles is banned
|rule|HP Percentage Mod: HP is shown in percentages
|rule|Dynamax Clause: You cannot dynamax
|clearpoke
|poke|p1|Scizor, F|
|poke|p1|Salamence, F|
|poke|p1|Darmanitan, M|
|poke|p1|Excadrill, M|
|poke|p1|Thundurus-Therian, M|
|poke|p1|Conkeldurr, F|
|poke|p2|Salamence, M|
|poke|p2|Haxorus, M|
|poke|p2|Magneton|
|poke|p2|Excadrill, F|
|poke|p2|Azumarill, F|
|poke|p2|Azelf|
|teampreview
|
|t:|1658847629
|start
|switch|p1a: Excadrill|Excadrill, M|100/100
|switch|p2a: Excadrill|Excadrill, F|100/100
|-ability|p1a: Excadrill|Mold Breaker
|-ability|p2a: Excadrill|Mold Breaker
|turn|1
|
|t:|1658847637
|move|p1a: Excadrill|Rapid Spin|p2a: Excadrill
|-resisted|p2a: Excadrill
|-damage|p2a: Excadrill|88/100
|-boost|p1a: Excadrill|spe|1
|move|p2a: Excadrill|Rapid Spin|p1a: Excadrill
|-resisted|p1a: Excadrill
|-damage|p1a: Excadrill|88/100
|-boost|p2a: Excadrill|spe|1
|
|upkeep
|turn|2
|
|t:|1658847645
|move|p1a: Excadrill|Earthquake|p2a: Excadrill
|-supereffective|p2a: Excadrill
|-damage|p2a: Excadrill|0 fnt
|faint|p2a: Excadrill
|
|upkeep
|
|t:|1658847651
|switch|p2a: Azumarik|Azumarill, F|100/100
|turn|3
|
|t:|1658847657
|move|p1a: Excadrill|Earthquake|p2a: Azumarik
|-damage|p2a: Azumarik|34/100
|-enditem|p2a: Azumarik|Sitrus Berry|[eat]
|-heal|p2a: Azumarik|58/100|[from] item: Sitrus Berry
|move|p2a: Azumarik|Belly Drum|p2a: Azumarik
|-damage|p2a: Azumarik|8/100
|-setboost|p2a: Azumarik|atk|6|[from] move: Belly Drum
|
|upkeep
|turn|4
|
|t:|1658847667
|move|p2a: Azumarik|Aqua Jet|p1a: Excadrill
|-supereffective|p1a: Excadrill
|-damage|p1a: Excadrill|0 fnt
|faint|p1a: Excadrill
|
|upkeep
|inactive|Battle timer is ON: inactive players will automatically lose when time's up. (requested by galactest bro !)
|
|t:|1658847691
|switch|p1a: Conkeldurr|Conkeldurr, F|100/100
|turn|5
|
|t:|1658847698
|move|p1a: Conkeldurr|Mach Punch|p2a: Azumarik
|-resisted|p2a: Azumarik
|-damage|p2a: Azumarik|0 fnt
|faint|p2a: Azumarik
|
|-status|p1a: Conkeldurr|brn|[from] item: Flame Orb
|upkeep
|
|t:|1658847714
|switch|p2a: Axels|Azelf|100/100
|turn|6
|
|t:|1658847725
|move|p1a: Conkeldurr|Mach Punch|p2a: Axels
|-resisted|p2a: Axels
|-damage|p2a: Axels|70/100
|move|p2a: Axels|Psychic|p1a: Conkeldurr
|-supereffective|p1a: Conkeldurr
|-damage|p1a: Conkeldurr|0 fnt
|faint|p1a: Conkeldurr
|
|upkeep
|
|t:|1658847727
|switch|p1a: Darmanitan|Darmanitan, M|100/100
|turn|7
|
|t:|1658847748
|switch|p2a: Haxorus|Haxorus, M|100/100
|-ability|p2a: Haxorus|Mold Breaker
|move|p1a: Darmanitan|U-turn|p2a: Haxorus
|-damage|p2a: Haxorus|68/100
|
|t:|1658847758
|switch|p1a: Scizor|Scizor, F|100/100|[from]move: U-turn
|
|upkeep
|turn|8
|
|t:|1658847765
|move|p2a: Haxorus|Close Combat|p1a: Scizor
|-damage|p1a: Scizor|24/100
|-unboost|p2a: Haxorus|def|1
|-unboost|p2a: Haxorus|spd|1
|-damage|p2a: Haxorus|59/100|[from] item: Life Orb
|move|p1a: Scizor|Superpower|p2a: Haxorus
|-damage|p2a: Haxorus|0 fnt
|-unboost|p1a: Scizor|atk|1
|-unboost|p1a: Scizor|def|1
|faint|p2a: Haxorus
|-damage|p1a: Scizor|14/100|[from] item: Life Orb
|
|upkeep
|
|t:|1658847778
|switch|p2a: Magneton|Magneton|100/100
|turn|9
|
|t:|1658847791
|move|p2a: Magneton|Flash Cannon|p1a: Scizor
|-resisted|p1a: Scizor
|-damage|p1a: Scizor|0 fnt
|faint|p1a: Scizor
|
|upkeep
|
|t:|1658847804
|switch|p1a: Thundurus|Thundurus-Therian, M|100/100
|turn|10
|
|t:|1658847810
|move|p1a: Thundurus|Nasty Plot|p1a: Thundurus
|-boost|p1a: Thundurus|spa|2
|move|p2a: Magneton|Flash Cannon|p1a: Thundurus
|-resisted|p1a: Thundurus
|-damage|p1a: Thundurus|58/100
|
|upkeep
|turn|11
|
|t:|1658847816
|move|p1a: Thundurus|Focus Blast|p2a: Magneton
|-supereffective|p2a: Magneton
|-damage|p2a: Magneton|0 fnt
|faint|p2a: Magneton
|
|upkeep
|
|t:|1658847825
|switch|p2a: Axels|Azelf|70/100
|turn|12
|inactive|galactest bro ! has 120 seconds left.
|
|t:|1658847865
|move|p2a: Axels|Ice Punch|p1a: Thundurus
|-supereffective|p1a: Thundurus
|-damage|p1a: Thundurus|0 fnt
|faint|p1a: Thundurus
|
|upkeep
|
|t:|1658847868
|switch|p1a: Darmanitan|Darmanitan, M|100/100
|turn|13
|inactive|galactest bro ! has 120 seconds left.
|
|t:|1658847890
|move|p1a: Darmanitan|Rock Slide|p2a: Axels
|-damage|p2a: Axels|9/100
|move|p2a: Axels|Psychic|p1a: Darmanitan
|-damage|p1a: Darmanitan|24/100
|
|upkeep
|turn|14
|
|t:|1658847899
|move|p1a: Darmanitan|Rock Slide|p2a: Axels
|-damage|p2a: Axels|0 fnt
|faint|p2a: Axels
|
|upkeep
|
|t:|1658847904
|switch|p2a: Salamence|Salamence, M|100/100
|turn|15
|
|t:|1658847908
|move|p1a: Darmanitan|Rock Slide|p2a: Salamence
|-supereffective|p2a: Salamence
|-damage|p2a: Salamence|18/100
|move|p2a: Salamence|Dragon Dance|p2a: Salamence
|-boost|p2a: Salamence|atk|1
|-boost|p2a: Salamence|spe|1
|
|upkeep
|turn|16
|
|t:|1658847916
|move|p2a: Salamence|Outrage|p1a: Darmanitan
|-damage|p1a: Darmanitan|0 fnt
|faint|p1a: Darmanitan
|-ability|p2a: Salamence|Moxie|boost
|-boost|p2a: Salamence|atk|1
|-damage|p2a: Salamence|8/100|[from] item: Life Orb
|
|upkeep
|
|t:|1658847917
|switch|p1a: Salamence|Salamence, F|100/100
|-ability|p1a: Salamence|Intimidate|boost
|-unboost|p2a: Salamence|atk|1
|turn|17
|c|☆galactest bro !|gg
|
|t:|1658847928
|move|p2a: Salamence|Outrage|p1a: Salamence|[from]lockedmove
|-supereffective|p1a: Salamence
|-damage|p1a: Salamence|0 fnt
|faint|p1a: Salamence
|-damage|p2a: Salamence|0 fnt|[from] item: Life Orb
|faint|p2a: Salamence
|
|win|galactest bro !
|raw|cafay sukray's rating: 1560 &rarr; <strong>1528</strong><br />(-32 for losing)
|raw|galactest bro !'s rating: 1320 &rarr; <strong>1352</strong><br />(+32 for winning)
|c|☆cafay sukray|gg
|l|☆cafay sukray
||Ladder isn't responding, score probably updated but might not have (Request timeout).
