|j|☆steve77s
|j|☆2 headed boy
|t:|1604725953
|player|p1|steve77s|170|
|player|p2|2 headed boy|erika-gen2|
|teamsize|p1|6
|teamsize|p2|6
|gametype|singles
|gen|8
|tier|[Gen 8] UU
|rated|Tournament battle
|clearpoke
|poke|p1|Victini|
|poke|p1|Zarude|
|poke|p1|Salamence, F|
|poke|p1|Sylveon, M|
|poke|p1|Tentacruel, M|
|poke|p1|Palossand, M|
|poke|p2|Hippowdon, M|
|poke|p2|Celesteela|
|poke|p2|Slowbro-Galar, F|
|poke|p2|Dracozolt|
|poke|p2|Hydreigon, F|
|poke|p2|Togekiss, F|
|rule|Sleep Clause Mod: Limit one foe put to sleep
|rule|Species Clause: Limit one of each Pokémon
|rule|OHKO Clause: OHKO moves are banned
|rule|Evasion Moves Clause: Evasion moves are banned
|rule|Endless Battle Clause: Forcing endless battles is banned
|rule|HP Percentage Mod: HP is shown in percentages
|rule|Dynamax Clause: You cannot dynamax
|teampreview
|j| ShinySableye17
|j| Funny Jew
|j| Sir Tetris
|c|☆steve77s|gl
|j| BigFatMantis
|j| M͜ygr͡ein ㋡
|c|☆2 headed boy|thanks
|c|☆steve77s|thats a sand team
|j| senegal
|j| PRO - THE IX
|
|t:|1604725968
|start
|switch|p1a: Zarude|Zarude|100/100
|switch|p2a: Celesteela|Celesteela|100/100
|turn|1
|c| Funny Jew|Murder him (:<
|j| Crushy Soul
|j| Weinerbarf420
|
|t:|1604725977
|move|p1a: Zarude|Drain Punch|p2a: Celesteela
|-damage|p2a: Celesteela|85/100
|move|p2a: Celesteela|Leech Seed|p1a: Zarude
|-immune|p1a: Zarude
|
|-heal|p2a: Celesteela|91/100|[from] item: Leftovers
|upkeep
|turn|2
|
|t:|1604725984
|switch|p1a: Victini|Victini|100/100
|move|p2a: Celesteela|Flamethrower|p1a: Victini
|-resisted|p1a: Victini
|-damage|p1a: Victini|90/100
|
|-heal|p2a: Celesteela|97/100|[from] item: Leftovers
|upkeep
|turn|3
|
|t:|1604725990
|move|p2a: Celesteela|Protect|p2a: Celesteela
|-singleturn|p2a: Celesteela|Protect
|move|p1a: Victini|V-create|p2a: Celesteela
|-activate|p2a: Celesteela|move: Protect
|
|-heal|p2a: Celesteela|100/100|[from] item: Leftovers
|upkeep
|turn|4
|
|t:|1604725998
|switch|p1a: Zarude|Zarude|100/100
|switch|p2a: Hydreigon|Hydreigon, F|100/100
|
|upkeep
|turn|5
|j| Navi 1
|
|t:|1604726004
|switch|p2a: Togekiss|Togekiss, F|100/100
|switch|p1a: Sylveon|Sylveon, M|100/100
|
|upkeep
|turn|6
|
|t:|1604726010
|switch|p1a: Tentacruel|Tentacruel, M|100/100
|move|p2a: Togekiss|Thunder Wave|p1a: Tentacruel
|-status|p1a: Tentacruel|par
|
|upkeep
|turn|7
|j| ClownSlayer49
|j| Mystras Leoxses
|
|t:|1604726040
|move|p2a: Togekiss|Air Slash|p1a: Tentacruel|[miss]
|-miss|p2a: Togekiss|p1a: Tentacruel
|move|p1a: Tentacruel|Scald|p2a: Togekiss
|-damage|p2a: Togekiss|86/100
|
|upkeep
|turn|8
|
|t:|1604726044
|move|p2a: Togekiss|Air Slash|p1a: Tentacruel
|-damage|p1a: Tentacruel|83/100 par
|cant|p1a: Tentacruel|par
|
|-heal|p1a: Tentacruel|89/100 par|[from] item: Black Sludge
|upkeep
|turn|9
|
|t:|1604726053
|move|p2a: Togekiss|Air Slash|p1a: Tentacruel
|-damage|p1a: Tentacruel|71/100 par
|move|p1a: Tentacruel|Sludge Bomb|p2a: Togekiss
|-supereffective|p2a: Togekiss
|-damage|p2a: Togekiss|54/100
|-status|p2a: Togekiss|psn
|
|-heal|p1a: Tentacruel|78/100 par|[from] item: Black Sludge
|-damage|p2a: Togekiss|42/100 psn|[from] psn
|upkeep
|turn|10
|
|t:|1604726058
|switch|p1a: Sylveon|Sylveon, M|100/100
|move|p2a: Togekiss|Roost|p2a: Togekiss
|-heal|p2a: Togekiss|92/100 psn
|-singleturn|p2a: Togekiss|move: Roost
|
|-damage|p2a: Togekiss|79/100 psn|[from] psn
|upkeep
|turn|11
|
|t:|1604726065
|switch|p2a: Celesteela|Celesteela|100/100
|switch|p1a: Victini|Victini|90/100
|
|upkeep
|turn|12
|
|t:|1604726068
|move|p2a: Celesteela|Protect|p2a: Celesteela
|-singleturn|p2a: Celesteela|Protect
|move|p1a: Victini|V-create|p2a: Celesteela
|-activate|p2a: Celesteela|move: Protect
|
|upkeep
|turn|13
|
|t:|1604726073
|switch|p2a: Hydreigon|Hydreigon, F|100/100
|move|p1a: Victini|V-create|p2a: Hydreigon
|-resisted|p2a: Hydreigon
|-damage|p2a: Hydreigon|42/100
|-unboost|p1a: Victini|spe|1
|-unboost|p1a: Victini|def|1
|-unboost|p1a: Victini|spd|1
|
|upkeep
|turn|14
|
|t:|1604726079
|switch|p1a: Sylveon|Sylveon, M|100/100
|move|p2a: Hydreigon|Draco Meteor|p1a: Sylveon
|-immune|p1a: Sylveon
|
|upkeep
|turn|15
|j| AshGreninjabst
|
|t:|1604726084
|switch|p2a: Celesteela|Celesteela|100/100
|move|p1a: Sylveon|Moonblast|p2a: Celesteela
|-resisted|p2a: Celesteela
|-damage|p2a: Celesteela|89/100
|
|-heal|p2a: Celesteela|95/100|[from] item: Leftovers
|upkeep
|turn|16
|
|t:|1604726089
|switch|p1a: Zarude|Zarude|100/100
|move|p2a: Celesteela|Leech Seed|p1a: Zarude
|-immune|p1a: Zarude
|
|-heal|p2a: Celesteela|100/100|[from] item: Leftovers
|upkeep
|turn|17
|
|t:|1604726095
|move|p1a: Zarude|Drain Punch|p2a: Celesteela
|-damage|p2a: Celesteela|85/100
|move|p2a: Celesteela|Leech Seed|p1a: Zarude
|-immune|p1a: Zarude
|
|-heal|p2a: Celesteela|91/100|[from] item: Leftovers
|upkeep
|turn|18
|j| Rabzzz
|
|t:|1604726099
|move|p1a: Zarude|Darkest Lariat|p2a: Celesteela
|-damage|p2a: Celesteela|62/100
|move|p2a: Celesteela|Leech Seed|p1a: Zarude
|-immune|p1a: Zarude
|
|-heal|p2a: Celesteela|68/100|[from] item: Leftovers
|upkeep
|turn|19
|
|t:|1604726107
|move|p1a: Zarude|Drain Punch|p2a: Celesteela
|-damage|p2a: Celesteela|51/100
|move|p2a: Celesteela|Flamethrower|p1a: Zarude
|-supereffective|p1a: Zarude
|-damage|p1a: Zarude|64/100
|
|-heal|p1a: Zarude|70/100|[from] item: Leftovers
|-heal|p2a: Celesteela|57/100|[from] item: Leftovers
|upkeep
|turn|20
|
|t:|1604726111
|move|p2a: Celesteela|Protect|p2a: Celesteela
|-singleturn|p2a: Celesteela|Protect
|move|p1a: Zarude|Darkest Lariat|p2a: Celesteela
|-activate|p2a: Celesteela|move: Protect
|
|-heal|p1a: Zarude|76/100|[from] item: Leftovers
|-heal|p2a: Celesteela|63/100|[from] item: Leftovers
|upkeep
|turn|21
|
|t:|1604726115
|move|p1a: Zarude|Darkest Lariat|p2a: Celesteela
|-damage|p2a: Celesteela|36/100
|move|p2a: Celesteela|Flamethrower|p1a: Zarude
|-supereffective|p1a: Zarude
|-damage|p1a: Zarude|41/100
|
|-heal|p1a: Zarude|47/100|[from] item: Leftovers
|-heal|p2a: Celesteela|42/100|[from] item: Leftovers
|upkeep
|turn|22
|c| Funny Jew|...
|
|t:|1604726120
|switch|p2a: Hippowdon|Hippowdon, M|100/100
|-weather|Sandstorm|[from] ability: Sand Stream|[of] p2a: Hippowdon
|move|p1a: Zarude|Jungle Healing|p1a: Zarude
|-heal|p1a: Zarude|72/100
|
|-weather|Sandstorm|[upkeep]
|-damage|p1a: Zarude|65/100|[from] Sandstorm
|-heal|p1a: Zarude|72/100|[from] item: Leftovers
|upkeep
|turn|23
|c| PRO - THE IX|bruh..
|
|t:|1604726126
|switch|p1a: Salamence|Salamence, F|100/100
|-ability|p1a: Salamence|Intimidate|boost
|-unboost|p2a: Hippowdon|atk|1
|move|p2a: Hippowdon|Stealth Rock|p1a: Salamence
|-sidestart|p1: steve77s|move: Stealth Rock
|
|-weather|Sandstorm|[upkeep]
|-damage|p1a: Salamence|94/100|[from] Sandstorm
|upkeep
|turn|24
|
|t:|1604726131
|switch|p2a: Togekiss|Togekiss, F|79/100 psn
|move|p1a: Salamence|Defog|p2a: Togekiss
|-unboost|p2a: Togekiss|evasion|1
|-sideend|p1: steve77s|Stealth Rock|[from] move: Defog|[of] p1a: Salamence
|
|-weather|Sandstorm|[upkeep]
|-damage|p2a: Togekiss|73/100 psn|[from] Sandstorm
|-damage|p1a: Salamence|88/100|[from] Sandstorm
|-damage|p2a: Togekiss|61/100 psn|[from] psn
|upkeep
|turn|25
|
|t:|1604726135
|switch|p1a: Sylveon|Sylveon, M|100/100
|move|p2a: Togekiss|Roost|p2a: Togekiss
|-heal|p2a: Togekiss|100/100 psn
|-singleturn|p2a: Togekiss|move: Roost
|
|-weather|Sandstorm|[upkeep]
|-damage|p2a: Togekiss|94/100 psn|[from] Sandstorm
|-damage|p1a: Sylveon|94/100|[from] Sandstorm
|-heal|p1a: Sylveon|100/100|[from] item: Leftovers
|-damage|p2a: Togekiss|82/100 psn|[from] psn
|upkeep
|turn|26
|c| Funny Jew|why run Jungle healing and Drain punch
|c| AshGreninjabst|steel are weak against fire, wter and electric
|
|t:|1604726141
|switch|p2a: Celesteela|Celesteela|42/100
|move|p1a: Sylveon|Moonblast|p2a: Celesteela
|-resisted|p2a: Celesteela
|-damage|p2a: Celesteela|31/100
|
|-weather|none
|-heal|p2a: Celesteela|38/100|[from] item: Leftovers
|upkeep
|turn|27
|j|+7MM
|
|t:|1604726149
|switch|p1a: Zarude|Zarude|72/100
|move|p2a: Celesteela|Flamethrower|p1a: Zarude
|-supereffective|p1a: Zarude
|-damage|p1a: Zarude|36/100
|
|-heal|p1a: Zarude|42/100|[from] item: Leftovers
|-heal|p2a: Celesteela|44/100|[from] item: Leftovers
|upkeep
|turn|28
|
|t:|1604726159
|switch|p2a: Hippowdon|Hippowdon, M|100/100
|-weather|Sandstorm|[from] ability: Sand Stream|[of] p2a: Hippowdon
|move|p1a: Zarude|Jungle Healing|p1a: Zarude
|-heal|p1a: Zarude|67/100
|
|-weather|Sandstorm|[upkeep]
|-damage|p1a: Zarude|61/100|[from] Sandstorm
|-heal|p1a: Zarude|67/100|[from] item: Leftovers
|upkeep
|turn|29
|c| Mystras Leoxses|please stop ashgreninjabst
|
|t:|1604726164
|switch|p1a: Salamence|Salamence, F|88/100
|-ability|p1a: Salamence|Intimidate|boost
|-unboost|p2a: Hippowdon|atk|1
|move|p2a: Hippowdon|Stealth Rock|p1a: Salamence
|-sidestart|p1: steve77s|move: Stealth Rock
|
|-weather|Sandstorm|[upkeep]
|-damage|p1a: Salamence|82/100|[from] Sandstorm
|upkeep
|turn|30
|
|t:|1604726169
|switch|p2a: Togekiss|Togekiss, F|82/100 psn
|move|p1a: Salamence|Defog|p2a: Togekiss
|-unboost|p2a: Togekiss|evasion|1
|-sideend|p1: steve77s|Stealth Rock|[from] move: Defog|[of] p1a: Salamence
|
|-weather|Sandstorm|[upkeep]
|-damage|p2a: Togekiss|76/100 psn|[from] Sandstorm
|-damage|p1a: Salamence|76/100|[from] Sandstorm
|-damage|p2a: Togekiss|64/100 psn|[from] psn
|upkeep
|turn|31
|
|t:|1604726177
|switch|p1a: Victini|Victini|90/100
|move|p2a: Togekiss|Air Slash|p1a: Victini
|-damage|p1a: Victini|62/100
|
|-weather|Sandstorm|[upkeep]
|-damage|p1a: Victini|56/100|[from] Sandstorm
|-damage|p2a: Togekiss|57/100 psn|[from] Sandstorm
|-damage|p2a: Togekiss|45/100 psn|[from] psn
|upkeep
|turn|32
|
|t:|1604726185
|switch|p2a: Hippowdon|Hippowdon, M|100/100
|move|p1a: Victini|V-create|p2a: Hippowdon
|-damage|p2a: Hippowdon|32/100
|-unboost|p1a: Victini|spe|1
|-unboost|p1a: Victini|def|1
|-unboost|p1a: Victini|spd|1
|-damage|p1a: Victini|39/100|[from] item: Rocky Helmet|[of] p2a: Hippowdon
|
|-weather|none
|upkeep
|turn|33
|c| Funny Jew|wth is that Zarude set :/
|c| Navi 1|ty for the info ash
|j|+EonX
|
|t:|1604726203
|switch|p2a: Dracozolt|Dracozolt|100/100
|move|p1a: Victini|V-create|p2a: Dracozolt
|-resisted|p2a: Dracozolt
|-damage|p2a: Dracozolt|27/100
|-unboost|p1a: Victini|spe|1
|-unboost|p1a: Victini|def|1
|-unboost|p1a: Victini|spd|1
|
|upkeep
|turn|34
|
|t:|1604726211
|switch|p1a: Palossand|Palossand, M, shiny|100/100
|move|p2a: Dracozolt|Draco Meteor|p1a: Palossand
|-damage|p1a: Palossand|44/100
|-unboost|p2a: Dracozolt|spa|2
|-damage|p2a: Dracozolt|17/100|[from] item: Life Orb
|
|-heal|p1a: Palossand|50/100|[from] item: Leftovers
|upkeep
|turn|35
|c| Sir Tetris|waiut
|c| Sir Tetris|why does sylveon
|
|t:|1604726216
|switch|p2a: Hydreigon|Hydreigon, F|42/100
|move|p1a: Palossand|Shore Up|p1a: Palossand
|-heal|p1a: Palossand|99/100
|
|-heal|p1a: Palossand|100/100|[from] item: Leftovers
|upkeep
|turn|36
|j|+Sickist
|c| Sir Tetris|have moonblast
|
|t:|1604726220
|switch|p1a: Sylveon|Sylveon, M|100/100
|move|p2a: Hydreigon|Roost|p2a: Hydreigon
|-heal|p2a: Hydreigon|92/100
|-singleturn|p2a: Hydreigon|move: Roost
|
|upkeep
|turn|37
|c| AshGreninjabst|fairy are weak against poison
|c| Sir Tetris|wtf?
|
|t:|1604726227
|switch|p2a: Celesteela|Celesteela|44/100
|move|p1a: Sylveon|Wish|p1a: Sylveon
|
|-heal|p2a: Celesteela|50/100|[from] item: Leftovers
|upkeep
|turn|38
|c| Mystras Leoxses|zarude throatchop
|c| M͜ygr͡ein ㋡|bulletproof throat chop
|c| Mystras Leoxses|im guessing
|c| Sir Tetris|k
|c| Sir Tetris|xd
|c|☆2 headed boy|soundproof
|c| Sir Tetris|no one uses zarude anymore tho ._.
|c|☆2 headed boy|but ye
|c| Funny Jew|Does the Zarude have grass stab...
|c|☆2 headed boy|it's more relevant for soundproof kommo atm
|c| Sir Tetris|o
|c| BigFatMantis|Moonblast is really just for Throat Chop
|
|t:|1604726276
|switch|p1a: Victini|Victini|39/100
|move|p2a: Celesteela|Leech Seed|p1a: Victini|[miss]
|-miss|p2a: Celesteela|p1a: Victini
|
|-heal|p1a: Victini|97/100|[from] move: Wish|[wisher] Sylveon
|-heal|p2a: Celesteela|56/100|[from] item: Leftovers
|upkeep
|turn|39
|c|☆steve77s|sry
|c| BigFatMantis|it's enogh of a threat
|c|☆2 headed boy|np
|l|+Sickist
|
|t:|1604726293
|move|p2a: Celesteela|Protect|p2a: Celesteela
|-singleturn|p2a: Celesteela|Protect
|move|p1a: Victini|V-create|p2a: Celesteela
|-activate|p2a: Celesteela|move: Protect
|
|-heal|p2a: Celesteela|62/100|[from] item: Leftovers
|upkeep
|turn|40
|j| Moose Plays
|c| M͜ygr͡ein ㋡|reveal leppa berry victini
|
|t:|1604726299
|switch|p2a: Hippowdon|Hippowdon, M|32/100
|-weather|Sandstorm|[from] ability: Sand Stream|[of] p2a: Hippowdon
|move|p1a: Victini|V-create|p2a: Hippowdon
|-damage|p2a: Hippowdon|0 fnt
|-unboost|p1a: Victini|spe|1
|-unboost|p1a: Victini|def|1
|-unboost|p1a: Victini|spd|1
|-damage|p1a: Victini|81/100|[from] item: Rocky Helmet|[of] p2a: Hippowdon
|faint|p2a: Hippowdon
|
|-weather|Sandstorm|[upkeep]
|-damage|p1a: Victini|74/100|[from] Sandstorm
|upkeep
|c| Funny Jew|Cute charm > Pixilate
|l| Navi 1
|
|t:|1604726303
|switch|p2a: Hydreigon|Hydreigon, F|92/100
|turn|41
|
|t:|1604726312
|switch|p2a: Celesteela|Celesteela|62/100
|switch|p1a: Sylveon|Sylveon, M|100/100
|
|-weather|Sandstorm|[upkeep]
|-damage|p1a: Sylveon|94/100|[from] Sandstorm
|-heal|p1a: Sylveon|100/100|[from] item: Leftovers
|-heal|p2a: Celesteela|68/100|[from] item: Leftovers
|upkeep
|turn|42
|j| Toshi boi
|c| Funny Jew|Let's get real, Cute Charm Sylv is the future
|
|t:|1604726321
|move|p1a: Sylveon|Wish|p1a: Sylveon
|move|p2a: Celesteela|Leech Seed|p1a: Sylveon
|-start|p1a: Sylveon|move: Leech Seed
|
|-weather|Sandstorm|[upkeep]
|-damage|p1a: Sylveon|94/100|[from] Sandstorm
|-heal|p1a: Sylveon|100/100|[from] item: Leftovers
|-heal|p2a: Celesteela|74/100|[from] item: Leftovers
|-damage|p1a: Sylveon|88/100|[from] Leech Seed|[of] p2a: Celesteela
|-heal|p2a: Celesteela|86/100|[silent]
|upkeep
|turn|43
|c| Rabzzz|https://play.pokemonshowdown.com/battle-gen8uu-1218363939 watch my battle instead!
|c| Weinerbarf420|male sylveon
|c| Weinerbarf420|ech
|
|t:|1604726332
|switch|p1a: Zarude|Zarude|67/100
|move|p2a: Celesteela|Heavy Slam|p1a: Zarude
|-damage|p1a: Zarude|44/100
|
|-weather|Sandstorm|[upkeep]
|-damage|p1a: Zarude|38/100|[from] Sandstorm
|-heal|p1a: Zarude|86/100|[from] move: Wish|[wisher] Sylveon
|-heal|p1a: Zarude|92/100|[from] item: Leftovers
|-heal|p2a: Celesteela|92/100|[from] item: Leftovers
|upkeep
|turn|44
|c| Mystras Leoxses|no
|c| Toshi boi|bhenis
|c| Rabzzz|im gonna win
|
|t:|1604726352
|move|p1a: Zarude|Darkest Lariat|p2a: Celesteela
|-damage|p2a: Celesteela|63/100
|move|p2a: Celesteela|Flamethrower|p1a: Zarude
|-supereffective|p1a: Zarude
|-damage|p1a: Zarude|52/100
|
|-weather|none
|-heal|p1a: Zarude|58/100|[from] item: Leftovers
|-heal|p2a: Celesteela|70/100|[from] item: Leftovers
|upkeep
|turn|45
|
|t:|1604726363
|move|p1a: Zarude|Protect|p1a: Zarude
|-singleturn|p1a: Zarude|Protect
|move|p2a: Celesteela|Flamethrower|p1a: Zarude
|-activate|p1a: Zarude|move: Protect
|
|-heal|p1a: Zarude|64/100|[from] item: Leftovers
|-heal|p2a: Celesteela|76/100|[from] item: Leftovers
|upkeep
|turn|46
|
|t:|1604726367
|move|p1a: Zarude|Jungle Healing|p1a: Zarude
|-heal|p1a: Zarude|89/100
|move|p2a: Celesteela|Flamethrower|p1a: Zarude
|-supereffective|p1a: Zarude
|-damage|p1a: Zarude|48/100
|-status|p1a: Zarude|brn
|
|-heal|p1a: Zarude|54/100 brn|[from] item: Leftovers
|-heal|p2a: Celesteela|82/100|[from] item: Leftovers
|-damage|p1a: Zarude|48/100 brn|[from] brn
|upkeep
|turn|47
|c| Funny Jew|wth
|
|t:|1604726376
|switch|p2a: Slowbro|Slowbro-Galar, F|100/100
|move|p1a: Zarude|Jungle Healing|p1a: Zarude
|-heal|p1a: Zarude|73/100 brn
|-curestatus|p1a: Zarude|brn|[msg]
|
|-heal|p1a: Zarude|79/100|[from] item: Leftovers
|upkeep
|turn|48
|c|☆steve77s|this suppose to 1v1
|c| Funny Jew|Aah
|c| Rabzzz|I won!
|c| PRO - THE IX|bruh
|
|t:|1604726391
|move|p1a: Zarude|Protect|p1a: Zarude
|-singleturn|p1a: Zarude|Protect
|move|p2a: Slowbro|Sludge Bomb|p1a: Zarude
|-activate|p1a: Zarude|move: Protect
|
|-heal|p1a: Zarude|85/100|[from] item: Leftovers
|upkeep
|turn|49
|c| Weinerbarf420|you guys like allah?
|c| Funny Jew|sub BD Kommo-o Rabbzzz :/
|
|t:|1604726403
|switch|p1a: Sylveon|Sylveon, M|88/100
|move|p2a: Slowbro|Sludge Bomb|p1a: Sylveon
|-supereffective|p1a: Sylveon
|-damage|p1a: Sylveon|55/100
|
|-heal|p1a: Sylveon|61/100|[from] item: Leftovers
|upkeep
|turn|50
|
|t:|1604726408
|move|p1a: Sylveon|Wish|p1a: Sylveon
|move|p2a: Slowbro|Calm Mind|p2a: Slowbro
|-boost|p2a: Slowbro|spa|1
|-boost|p2a: Slowbro|spd|1
|
|-heal|p1a: Sylveon|67/100|[from] item: Leftovers
|upkeep
|turn|51
|c| Funny Jew|Weinerbarf420 I'm atheist
|
|t:|1604726415
|switch|p1a: Victini|Victini|74/100
|move|p2a: Slowbro|Sludge Bomb|p1a: Victini
|-damage|p1a: Victini|28/100
|
|-heal|p1a: Victini|86/100|[from] move: Wish|[wisher] Sylveon
|upkeep
|turn|52
|c| M͜ygr͡ein ㋡|this is the en
|
|t:|1604726424
|move|p1a: Victini|Trick|p2a: Slowbro
|-activate|p1a: Victini|move: Trick|[of] p2a: Slowbro
|-item|p2a: Slowbro|Choice Band|[from] move: Trick
|-item|p1a: Victini|Colbur Berry|[from] move: Trick
|move|p2a: Slowbro|Slack Off||[still]
|-fail|p2a: Slowbro|heal
|
|upkeep
|turn|53
|c| PRO - THE IX|jesus
|c| M͜ygr͡ein ㋡|:o
|c| M͜ygr͡ein ㋡|saved
|c| Toshi boi|i feel this is bait for "Oh you like X, name every X"
|
|t:|1604726435
|switch|p2a: Hydreigon|Hydreigon, F|92/100
|move|p1a: Victini|U-turn|p2a: Hydreigon
|-supereffective|p2a: Hydreigon
|-damage|p2a: Hydreigon|51/100
|c| BigFatMantis|oh that's a good item to get
|
|t:|1604726439
|switch|p1a: Sylveon|Sylveon, M|67/100|[from]move: U-turn
|
|-heal|p1a: Sylveon|73/100|[from] item: Leftovers
|upkeep
|turn|54
|
|t:|1604726444
|switch|p2a: Celesteela|Celesteela|82/100
|move|p1a: Sylveon|Heal Bell|p1a: Sylveon
|-activate|p1a: Sylveon|move: Heal Bell
|-curestatus|p1: Tentacruel|par|[msg]
|
|-heal|p1a: Sylveon|79/100|[from] item: Leftovers
|-heal|p2a: Celesteela|88/100|[from] item: Leftovers
|upkeep
|turn|55
|c| Weinerbarf420|Toshi boi
|
|t:|1604726456
|switch|p1a: Zarude|Zarude|85/100
|move|p2a: Celesteela|Heavy Slam|p1a: Zarude
|-damage|p1a: Zarude|60/100
|
|-heal|p1a: Zarude|66/100|[from] item: Leftovers
|-heal|p2a: Celesteela|94/100|[from] item: Leftovers
|upkeep
|turn|56
|c| Toshi boi|yes
|c| Weinerbarf420|are you toshi from american dad
|c| Toshi boi|no
|
|t:|1604726462
|switch|p2a: Slowbro|Slowbro-Galar, F|100/100
|move|p1a: Zarude|Jungle Healing|p1a: Zarude
|-heal|p1a: Zarude|91/100
|
|-heal|p1a: Zarude|97/100|[from] item: Leftovers
|upkeep
|turn|57
|c| Weinerbarf420|when did you learn english
|
|t:|1604726467
|switch|p1a: Tentacruel|Tentacruel, M|78/100
|move|p2a: Slowbro|Sludge Bomb|p1a: Tentacruel
|-resisted|p1a: Tentacruel
|-damage|p1a: Tentacruel|68/100
|
|-heal|p1a: Tentacruel|74/100|[from] item: Black Sludge
|upkeep
|turn|58
|c| Weinerbarf420|in the show you only speak japanese
|c| Funny Jew|Toshi can't speak english
|c| Toshi boi|my friends just call me toshi
|
|t:|1604726475
|switch|p2a: Hydreigon|Hydreigon, F|51/100
|move|p1a: Tentacruel|Sludge Bomb|p2a: Hydreigon
|-damage|p2a: Hydreigon|28/100
|-status|p2a: Hydreigon|psn
|
|-heal|p1a: Tentacruel|80/100|[from] item: Black Sludge
|-damage|p2a: Hydreigon|16/100 psn|[from] psn
|upkeep
|turn|59
|c| Weinerbarf420|i had a crush on your sister when i was younger
|
|t:|1604726480
|switch|p1a: Sylveon|Sylveon, M|79/100
|move|p2a: Hydreigon|Roost|p2a: Hydreigon
|-heal|p2a: Hydreigon|66/100 psn
|-singleturn|p2a: Hydreigon|move: Roost
|
|-heal|p1a: Sylveon|85/100|[from] item: Leftovers
|-damage|p2a: Hydreigon|53/100 psn|[from] psn
|upkeep
|turn|60
|c| Toshi boi|ok
|
|t:|1604726484
|switch|p2a: Celesteela|Celesteela|94/100
|move|p1a: Sylveon|Moonblast|p2a: Celesteela
|-resisted|p2a: Celesteela
|-damage|p2a: Celesteela|83/100
|
|-heal|p1a: Sylveon|91/100|[from] item: Leftovers
|-heal|p2a: Celesteela|89/100|[from] item: Leftovers
|upkeep
|turn|61
|c| PRO - THE IX|k
|
|t:|1604726488
|switch|p1a: Palossand|Palossand, M, shiny|100/100
|move|p2a: Celesteela|Heavy Slam|p1a: Palossand
|-damage|p1a: Palossand|84/100
|
|-heal|p2a: Celesteela|95/100|[from] item: Leftovers
|-heal|p1a: Palossand|91/100|[from] item: Leftovers
|upkeep
|turn|62
|c| Mystras Leoxses|wtf
|
|t:|1604726493
|move|p2a: Celesteela|Leech Seed|p1a: Palossand
|-start|p1a: Palossand|move: Leech Seed
|move|p1a: Palossand|Shadow Ball|p2a: Celesteela
|-damage|p2a: Celesteela|77/100
|
|-heal|p2a: Celesteela|83/100|[from] item: Leftovers
|-heal|p1a: Palossand|97/100|[from] item: Leftovers
|-damage|p1a: Palossand|84/100|[from] Leech Seed|[of] p2a: Celesteela
|-heal|p2a: Celesteela|95/100|[silent]
|upkeep
|turn|63
|c| Weinerbarf420|she's also japanese but she speaks english
|c| Weinerbarf420|it's a funny dynamic
|c| Funny Jew|Toshi just built different
|
|t:|1604726504
|switch|p2a: Hydreigon|Hydreigon, F|53/100 psn
|switch|p1a: Salamence|Salamence, F|76/100
|-ability|p1a: Salamence|Intimidate|boost
|-unboost|p2a: Hydreigon|atk|1
|
|-damage|p2a: Hydreigon|41/100 psn|[from] psn
|upkeep
|turn|64
|c| Toshi boi|nice
|
|t:|1604726509
|switch|p2a: Togekiss|Togekiss, F|45/100 psn
|switch|p1a: Sylveon|Sylveon, M|91/100
|
|-heal|p1a: Sylveon|97/100|[from] item: Leftovers
|-damage|p2a: Togekiss|33/100 psn|[from] psn
|upkeep
|turn|65
|c| Toshi boi|black sand
|
|t:|1604726512
|move|p2a: Togekiss|Roost|p2a: Togekiss
|-heal|p2a: Togekiss|83/100 psn
|-singleturn|p2a: Togekiss|move: Roost
|move|p1a: Sylveon|Moonblast|p2a: Togekiss
|-damage|p2a: Togekiss|59/100 psn
|-unboost|p2a: Togekiss|spa|1
|
|-heal|p1a: Sylveon|100/100|[from] item: Leftovers
|-damage|p2a: Togekiss|46/100 psn|[from] psn
|upkeep
|turn|66
|c| Toshi boi|thats pog
|l|+EonX
|
|t:|1604726517
|move|p2a: Togekiss|Roost|p2a: Togekiss
|-heal|p2a: Togekiss|96/100 psn
|-singleturn|p2a: Togekiss|move: Roost
|move|p1a: Sylveon|Moonblast|p2a: Togekiss
|-damage|p2a: Togekiss|75/100 psn
|
|-damage|p2a: Togekiss|63/100 psn|[from] psn
|upkeep
|turn|67
|l| ShinySableye17
|
|t:|1604726520
|switch|p2a: Slowbro|Slowbro-Galar, F|100/100
|move|p1a: Sylveon|Moonblast|p2a: Slowbro
|-resisted|p2a: Slowbro
|-damage|p2a: Slowbro|80/100
|
|upkeep
|turn|68
|
|t:|1604726523
|move|p1a: Sylveon|Protect|p1a: Sylveon
|-singleturn|p1a: Sylveon|Protect
|move|p2a: Slowbro|Sludge Bomb|p1a: Sylveon
|-activate|p1a: Sylveon|move: Protect
|
|upkeep
|turn|69
|l| Moose Plays
|
|t:|1604726526
|switch|p1a: Tentacruel|Tentacruel, M|80/100
|switch|p2a: Dracozolt|Dracozolt|17/100
|
|-heal|p1a: Tentacruel|86/100|[from] item: Black Sludge
|upkeep
|turn|70
|
|t:|1604726531
|switch|p1a: Zarude|Zarude|97/100
|move|p2a: Dracozolt|Bolt Beak|p1a: Zarude
|-resisted|p1a: Zarude
|-damage|p1a: Zarude|69/100
|-damage|p2a: Dracozolt|7/100|[from] item: Life Orb
|
|-heal|p1a: Zarude|75/100|[from] item: Leftovers
|upkeep
|turn|71
|
|t:|1604726540
|switch|p2a: Slowbro|Slowbro-Galar, F|100/100
|switch|p1a: Palossand|Palossand, M, shiny|84/100
|
|-heal|p1a: Palossand|91/100|[from] item: Leftovers
|upkeep
|turn|72
|
|t:|1604726545
|move|p2a: Slowbro|Scald|p1a: Palossand
|-supereffective|p1a: Palossand
|-damage|p1a: Palossand|50/100
|-status|p1a: Palossand|brn
|-ability|p1a: Palossand|Water Compaction|boost
|-boost|p1a: Palossand|def|2
|move|p1a: Palossand|Shadow Ball|p2a: Slowbro
|-supereffective|p2a: Slowbro
|-damage|p2a: Slowbro|37/100
|
|-heal|p1a: Palossand|56/100 brn|[from] item: Leftovers
|-damage|p1a: Palossand|50/100 brn|[from] brn
|upkeep
|turn|73
|
|t:|1604726552
|switch|p2a: Celesteela|Celesteela|95/100
|move|p1a: Palossand|Shore Up|p1a: Palossand
|-heal|p1a: Palossand|99/100 brn
|
|-heal|p2a: Celesteela|100/100|[from] item: Leftovers
|-heal|p1a: Palossand|100/100 brn|[from] item: Leftovers
|-damage|p1a: Palossand|94/100 brn|[from] brn
|upkeep
|turn|74
|
|t:|1604726557
|switch|p2a: Hydreigon|Hydreigon, F|41/100 psn
|switch|p1a: Tentacruel|Tentacruel, M|86/100
|
|-heal|p1a: Tentacruel|92/100|[from] item: Black Sludge
|-damage|p2a: Hydreigon|29/100 psn|[from] psn
|upkeep
|turn|75
|
|t:|1604726562
|move|p2a: Hydreigon|Roost|p2a: Hydreigon
|-heal|p2a: Hydreigon|79/100 psn
|-singleturn|p2a: Hydreigon|move: Roost
|move|p1a: Tentacruel|Sludge Bomb|p2a: Hydreigon
|-damage|p2a: Hydreigon|54/100 psn
|
|-heal|p1a: Tentacruel|98/100|[from] item: Black Sludge
|-damage|p2a: Hydreigon|42/100 psn|[from] psn
|upkeep
|turn|76
|
|t:|1604726566
|switch|p1a: Sylveon|Sylveon, M|100/100
|move|p2a: Hydreigon|Nasty Plot|p2a: Hydreigon
|-boost|p2a: Hydreigon|spa|2
|
|-damage|p2a: Hydreigon|29/100 psn|[from] psn
|upkeep
|turn|77
|
|t:|1604726570
|move|p2a: Hydreigon|Flash Cannon|p1a: Sylveon
|-supereffective|p1a: Sylveon
|-damage|p1a: Sylveon|50/100
|move|p1a: Sylveon|Moonblast|p2a: Hydreigon
|-supereffective|p2a: Hydreigon
|-damage|p2a: Hydreigon|0 fnt
|faint|p2a: Hydreigon
|
|-heal|p1a: Sylveon|56/100|[from] item: Leftovers
|upkeep
|
|t:|1604726575
|switch|p2a: Slowbro|Slowbro-Galar, F|70/100
|turn|78
|
|t:|1604726582
|switch|p2a: Celesteela|Celesteela|100/100
|move|p1a: Sylveon|Protect||[still]
|-fail|p1a: Sylveon
|
|-heal|p1a: Sylveon|62/100|[from] item: Leftovers
|upkeep
|turn|79
|
|t:|1604726587
|switch|p1a: Tentacruel|Tentacruel, M|98/100
|move|p2a: Celesteela|Heavy Slam|p1a: Tentacruel
|-resisted|p1a: Tentacruel
|-damage|p1a: Tentacruel|68/100
|
|-heal|p1a: Tentacruel|74/100|[from] item: Black Sludge
|upkeep
|turn|80
|j| Hydromissfocushit
|
|t:|1604726595
|switch|p2a: Slowbro|Slowbro-Galar, F|100/100
|move|p1a: Tentacruel|Scald|p2a: Slowbro
|-damage|p2a: Slowbro|74/100
|
|-heal|p1a: Tentacruel|80/100|[from] item: Black Sludge
|upkeep
|turn|81
|
|t:|1604726598
|move|p1a: Tentacruel|Protect|p1a: Tentacruel
|-singleturn|p1a: Tentacruel|Protect
|move|p2a: Slowbro|Scald|p1a: Tentacruel
|-activate|p1a: Tentacruel|move: Protect
|
|-heal|p1a: Tentacruel|86/100|[from] item: Black Sludge
|upkeep
|turn|82
|
|t:|1604726601
|move|p1a: Tentacruel|Scald|p2a: Slowbro
|-damage|p2a: Slowbro|45/100
|-status|p2a: Slowbro|brn
|move|p2a: Slowbro|Scald|p1a: Tentacruel
|-resisted|p1a: Tentacruel
|-damage|p1a: Tentacruel|80/100
|
|-heal|p1a: Tentacruel|86/100|[from] item: Black Sludge
|-damage|p2a: Slowbro|39/100 brn|[from] brn
|upkeep
|turn|83
|c|☆2 headed boy|gg
|-message|2 headed boy forfeited.
|
|win|steve77s
|c|☆steve77s|gg
|l|☆2 headed boy
|l| PRO - THE IX
|c| Funny Jew|Flash cannon crit
|c| Funny Jew|sad
|j| Jmash324
|j| malahuju
|l| Jmash324
|l| Hydromissfocushit
|l| ClownSlayer49
|l| senegal
|l| Crushy Soul
|l| Mystras Leoxses
|l| Funny Jew
|l| BigFatMantis
|l| M͜ygr͡ein ㋡
|l| Toshi boi
|l| 7MM
|l| Weinerbarf420
|c| AshGreninjabst|tournament started steve77s
|c| AshGreninjabst|ubers
