|j|☆heirloomz
|j|☆Low Ladder Terror
|t:|1606883002
|player|p1|heirloomz|acetrainerf|
|player|p2|Low Ladder Terror|teamrocket|
|teamsize|p1|6
|teamsize|p2|6
|gametype|singles
|gen|8
|tier|[Gen 8] UU
|rated|Tournament battle
|clearpoke
|poke|p1|Latias, F|
|poke|p1|Magnezone|
|poke|p1|Kommo-o, M|
|poke|p1|Rotom-Wash|
|poke|p1|Jirachi|
|poke|p1|Amoonguss, M|
|poke|p2|Blaziken, F|
|poke|p2|Diancie|
|poke|p2|Zeraora|
|poke|p2|Volcanion|
|poke|p2|Mimikyu, M|
|poke|p2|Salamence, F|
|rule|Sleep Clause Mod: Limit one foe put to sleep
|rule|Species Clause: Limit one of each Pokémon
|rule|OHKO Clause: OHKO moves are banned
|rule|Evasion Moves Clause: Evasion moves are banned
|rule|Endless Battle Clause: Forcing endless battles is banned
|rule|HP Percentage Mod: HP is shown in percentages
|rule|Dynamax Clause: You cannot dynamax
|teampreview
|inactive|Battle timer is ON: inactive players will automatically lose when time's up. (requested by heirloomz)
|inactive|heirloomz has 120 seconds left.
|j| vaal arc
|
|t:|1606883037
|start
|switch|p1a: Jirachi|Jirachi|100/100
|switch|p2a: Zeraora|Zeraora|100/100
|turn|1
|
|t:|1606883049
|switch|p1a: Amoonguss|Amoonguss, M|100/100
|move|p2a: Zeraora|Volt Switch|p1a: Amoonguss
|-resisted|p1a: Amoonguss
|-damage|p1a: Amoonguss|91/100
|
|t:|1606883056
|switch|p2a: Blaziken|Blaziken, F|100/100|[from]move: Volt Switch
|
|-heal|p1a: Amoonguss|97/100|[from] item: Black Sludge
|upkeep
|turn|2
|
|t:|1606883062
|switch|p1a: Kommo-o|Kommo-o, M|100/100
|move|p2a: Blaziken|Close Combat|p1a: Kommo-o
|-damage|p1a: Kommo-o|34/100
|-unboost|p2a: Blaziken|def|1
|-unboost|p2a: Blaziken|spd|1
|
|-heal|p1a: Kommo-o|40/100|[from] item: Leftovers
|-ability|p2a: Blaziken|Speed Boost|boost
|-boost|p2a: Blaziken|spe|1
|upkeep
|turn|3
|
|t:|1606883068
|switch|p1a: Amoonguss|Amoonguss, M|100/100
|move|p2a: Blaziken|Close Combat|p1a: Amoonguss
|-resisted|p1a: Amoonguss
|-damage|p1a: Amoonguss|63/100
|-unboost|p2a: Blaziken|def|1
|-unboost|p2a: Blaziken|spd|1
|
|-heal|p1a: Amoonguss|69/100|[from] item: Black Sludge
|-ability|p2a: Blaziken|Speed Boost|boost
|-boost|p2a: Blaziken|spe|1
|upkeep
|turn|4
|j| TCKaizer
|
|t:|1606883098
|switch|p2a: Volcanion|Volcanion|100/100
|move|p1a: Amoonguss|Spore|p2a: Volcanion
|-status|p2a: Volcanion|slp|[from] move: Spore
|
|-heal|p1a: Amoonguss|75/100|[from] item: Black Sludge
|upkeep
|turn|5
|
|t:|1606883106
|switch|p2a: Blaziken|Blaziken, F|100/100
|switch|p1a: Kommo-o|Kommo-o, M|40/100
|
|-heal|p1a: Kommo-o|46/100|[from] item: Leftovers
|upkeep
|turn|6
|
|t:|1606883115
|switch|p1a: Queen of UU|Latias, F|100/100
|move|p2a: Blaziken|Close Combat|p1a: Queen of UU
|-resisted|p1a: Queen of UU
|-damage|p1a: Queen of UU|42/100
|-unboost|p2a: Blaziken|def|1
|-unboost|p2a: Blaziken|spd|1
|
|-ability|p2a: Blaziken|Speed Boost|boost
|-boost|p2a: Blaziken|spe|1
|upkeep
|turn|7
|
|t:|1606883121
|switch|p1a: Amoonguss|Amoonguss, M|100/100
|move|p2a: Blaziken|Close Combat|p1a: Amoonguss
|-resisted|p1a: Amoonguss
|-damage|p1a: Amoonguss|62/100
|-unboost|p2a: Blaziken|def|1
|-unboost|p2a: Blaziken|spd|1
|
|-heal|p1a: Amoonguss|68/100|[from] item: Black Sludge
|-ability|p2a: Blaziken|Speed Boost|boost
|-boost|p2a: Blaziken|spe|1
|upkeep
|turn|8
|
|t:|1606883148
|switch|p2a: Diancie|Diancie, shiny|100/100
|switch|p1a: Queen of UU|Latias, F|42/100
|
|upkeep
|turn|9
|
|t:|1606883155
|move|p1a: Queen of UU|Trick|p2a: Diancie
|-activate|p1a: Queen of UU|move: Trick|[of] p2a: Diancie
|-item|p2a: Diancie|Choice Scarf|[from] move: Trick
|-item|p1a: Queen of UU|Leftovers|[from] move: Trick
|move|p2a: Diancie|Stealth Rock|p1a: Queen of UU
|-sidestart|p1: heirloomz|move: Stealth Rock
|
|-heal|p1a: Queen of UU|48/100|[from] item: Leftovers
|upkeep
|turn|10
|
|t:|1606883166
|switch|p2a: Zeraora|Zeraora|100/100
|move|p1a: Queen of UU|Recover|p1a: Queen of UU
|-heal|p1a: Queen of UU|98/100
|
|-heal|p1a: Queen of UU|100/100|[from] item: Leftovers
|upkeep
|turn|11
|
|t:|1606883183
|switch|p1a: Rotom|Rotom-Wash|100/100
|-damage|p1a: Rotom|88/100|[from] Stealth Rock
|move|p2a: Zeraora|Knock Off|p1a: Rotom
|-damage|p1a: Rotom|61/100
|-enditem|p1a: Rotom|Leftovers|[from] move: Knock Off|[of] p2a: Zeraora
|
|upkeep
|turn|12
|
|t:|1606883189
|move|p2a: Zeraora|Plasma Fists|p1a: Rotom
|-damage|p1a: Rotom|21/100
|-fieldactivate|move: Ion Deluge
|move|p1a: Rotom|Hydro Pump|p2a: Zeraora
|-damage|p2a: Zeraora|50/100
|
|upkeep
|turn|13
|
|t:|1606883198
|switch|p1a: Amoonguss|Amoonguss, M|100/100
|-damage|p1a: Amoonguss|88/100|[from] Stealth Rock
|move|p2a: Zeraora|Plasma Fists|p1a: Amoonguss
|-resisted|p1a: Amoonguss
|-damage|p1a: Amoonguss|70/100
|-fieldactivate|move: Ion Deluge
|
|-heal|p1a: Amoonguss|76/100|[from] item: Black Sludge
|upkeep
|turn|14
|
|t:|1606883216
|switch|p1a: Rotom|Rotom-Wash|21/100
|-damage|p1a: Rotom|9/100|[from] Stealth Rock
|move|p2a: Zeraora|Volt Switch|p1a: Rotom
|-damage|p1a: Rotom|0 fnt
|faint|p1a: Rotom
|
|t:|1606883226
|switch|p2a: Salamence|Salamence, F|100/100|[from]move: Volt Switch
|
|upkeep
|
|t:|1606883233
|switch|p1a: Queen of UU|Latias, F|100/100
|-damage|p1a: Queen of UU|88/100|[from] Stealth Rock
|turn|15
|
|t:|1606883240
|move|p2a: Salamence|Outrage|p1a: Queen of UU
|-supereffective|p1a: Queen of UU
|-damage|p1a: Queen of UU|0 fnt
|faint|p1a: Queen of UU
|-ability|p2a: Salamence|Moxie|boost
|-boost|p2a: Salamence|atk|1
|
|upkeep
|
|t:|1606883243
|switch|p1a: Magnezone|Magnezone|100/100
|-damage|p1a: Magnezone|94/100|[from] Stealth Rock
|turn|16
|
|t:|1606883247
|move|p2a: Salamence|Outrage|p1a: Magnezone|[from]lockedmove
|-resisted|p1a: Magnezone
|-damage|p1a: Magnezone|40/100
|move|p1a: Magnezone|Thunderbolt|p2a: Salamence
|-damage|p2a: Salamence|13/100
|-status|p2a: Salamence|par
|
|upkeep
|turn|17
|c|☆Low Ladder Terror|oof
|c| TCKaizer|oof
|
|t:|1606883266
|switch|p1a: Amoonguss|Amoonguss, M|100/100
|-damage|p1a: Amoonguss|88/100|[from] Stealth Rock
|move|p2a: Salamence|Outrage|p1a: Amoonguss|[from]lockedmove
|-damage|p1a: Amoonguss|14/100
|-start|p2a: Salamence|confusion|[fatigue]
|
|-heal|p1a: Amoonguss|20/100|[from] item: Black Sludge
|upkeep
|turn|18
|
|t:|1606883275
|switch|p1a: Jirachi|Jirachi|100/100
|-damage|p1a: Jirachi|94/100|[from] Stealth Rock
|-activate|p2a: Salamence|confusion
|move|p2a: Salamence|Outrage|p1a: Jirachi
|-resisted|p1a: Jirachi
|-damage|p1a: Jirachi|52/100
|
|-heal|p1a: Jirachi|59/100|[from] item: Leftovers
|upkeep
|turn|19
|
|t:|1606883283
|move|p1a: Jirachi|Iron Head|p2a: Salamence
|-damage|p2a: Salamence|0 fnt
|faint|p2a: Salamence
|
|-heal|p1a: Jirachi|65/100|[from] item: Leftovers
|upkeep
|c|☆heirloomz|no 6-0 for you
|c| TCKaizer|lmao
|
|t:|1606883304
|switch|p2a: Zeraora|Zeraora|50/100
|turn|20
|j| Crushy Soul
|
|t:|1606883312
|move|p1a: Jirachi|Protect|p1a: Jirachi
|-singleturn|p1a: Jirachi|Protect
|move|p2a: Zeraora|Knock Off|p1a: Jirachi
|-activate|p1a: Jirachi|move: Protect
|
|-heal|p1a: Jirachi|71/100|[from] item: Leftovers
|upkeep
|turn|21
|
|t:|1606883317
|switch|p1a: Kommo-o|Kommo-o, M|46/100
|-damage|p1a: Kommo-o|40/100|[from] Stealth Rock
|move|p2a: Zeraora|Knock Off|p1a: Kommo-o
|-resisted|p1a: Kommo-o
|-crit|p1a: Kommo-o
|-damage|p1a: Kommo-o|25/100
|-enditem|p1a: Kommo-o|Leftovers|[from] move: Knock Off|[of] p2a: Zeraora
|
|upkeep
|turn|22
|
|t:|1606883326
|move|p2a: Zeraora|Close Combat|p1a: Kommo-o
|-damage|p1a: Kommo-o|0 fnt
|-unboost|p2a: Zeraora|def|1
|-unboost|p2a: Zeraora|spd|1
|faint|p1a: Kommo-o
|
|upkeep
|
|t:|1606883329
|switch|p1a: Amoonguss|Amoonguss, M|53/100
|-damage|p1a: Amoonguss|41/100|[from] Stealth Rock
|turn|23
|
|t:|1606883340
|move|p2a: Zeraora|Volt Switch|p1a: Amoonguss
|-resisted|p1a: Amoonguss
|-damage|p1a: Amoonguss|32/100
|
|t:|1606883352
|switch|p2a: Diancie|Diancie, shiny|100/100|[from]move: Volt Switch
|move|p1a: Amoonguss|Sludge Bomb|p2a: Diancie
|-damage|p2a: Diancie|78/100
|
|-heal|p1a: Amoonguss|38/100|[from] item: Black Sludge
|upkeep
|turn|24
|c|☆heirloomz|crazy how banded blaziken does 40% resisted hits
|j| xJokesOnYou
|
|t:|1606883379
|switch|p2a: Blaziken|Blaziken, F|100/100
|move|p1a: Amoonguss|Sludge Bomb|p2a: Blaziken
|-damage|p2a: Blaziken|61/100
|
|-heal|p1a: Amoonguss|44/100|[from] item: Black Sludge
|upkeep
|turn|25
|
|t:|1606883386
|move|p2a: Blaziken|Flare Blitz|p1a: Amoonguss
|-supereffective|p1a: Amoonguss
|-damage|p1a: Amoonguss|0 fnt
|-damage|p2a: Blaziken|40/100|[from] Recoil
|faint|p1a: Amoonguss
|
|-ability|p2a: Blaziken|Speed Boost|boost
|-boost|p2a: Blaziken|spe|1
|upkeep
|c|☆Low Ladder Terror|yep
|
|t:|1606883391
|switch|p1a: Magnezone|Magnezone|40/100
|-damage|p1a: Magnezone|34/100|[from] Stealth Rock
|turn|26
|c|☆Low Ladder Terror|i've been really liking this set
|c| TCKaizer|imagine if that poisoned
|
|t:|1606883396
|move|p2a: Blaziken|Flare Blitz|p1a: Magnezone
|-supereffective|p1a: Magnezone
|-damage|p1a: Magnezone|0 fnt
|-damage|p2a: Blaziken|30/100|[from] Recoil
|faint|p1a: Magnezone
|
|-ability|p2a: Blaziken|Speed Boost|boost
|-boost|p2a: Blaziken|spe|1
|upkeep
|l| vaal arc
|l| xJokesOnYou
|
|t:|1606883402
|switch|p1a: Jirachi|Jirachi|71/100
|-damage|p1a: Jirachi|65/100|[from] Stealth Rock
|turn|27
|j| xJokesOnYou
|c|☆Low Ladder Terror|gg
|
|t:|1606883407
|move|p1a: Jirachi|Protect|p1a: Jirachi
|-singleturn|p1a: Jirachi|Protect
|move|p2a: Blaziken|Flare Blitz|p1a: Jirachi
|-activate|p1a: Jirachi|move: Protect
|
|-heal|p1a: Jirachi|71/100|[from] item: Leftovers
|-ability|p2a: Blaziken|Speed Boost|boost
|-boost|p2a: Blaziken|spe|1
|upkeep
|turn|28
|c| TCKaizer|gg
|l| xJokesOnYou
|c|☆heirloomz|gg
|
|t:|1606883415
|move|p2a: Blaziken|Flare Blitz|p1a: Jirachi
|-supereffective|p1a: Jirachi
|-damage|p1a: Jirachi|0 fnt
|-damage|p2a: Blaziken|0 fnt|[from] Recoil
|faint|p1a: Jirachi
|faint|p2a: Blaziken
|
|win|Low Ladder Terror
|n|☆heirloomz|heirloomz
|n|☆Low Ladder Terror|lowladderterror
|n| TCKaizer|tckaizer
|n| Crushy Soul|crushysoul
|l|☆heirloomz
