|j|☆oddmushroom
|j|☆apokemontrainer68
|player|p1|oddmushroom|52|1098
|player|p2|apokemontrainer68|pokekid|1078
|teamsize|p1|6
|teamsize|p2|6
|gametype|singles
|gen|8
|tier|[Gen 8] UU
|rated|
|rule|Sleep Clause Mod: Limit one foe put to sleep
|rule|Species Clause: Limit one of each Pokémon
|rule|OHKO Clause: OHKO moves are banned
|rule|Evasion Moves Clause: Evasion moves are banned
|rule|Endless Battle Clause: Forcing endless battles is banned
|rule|HP Percentage Mod: HP is shown in percentages
|clearpoke
|poke|p1|Flygon, M|
|poke|p1|Qwilfish, F|
|poke|p1|Appletun, M|
|poke|p1|Drifblim, M|
|poke|p1|Coalossal, M|
|poke|p1|Jolteon, M|
|poke|p2|Unfezant, F|
|poke|p2|Sirfetch'd, M|
|poke|p2|Xatu, M|
|poke|p2|Weezing-Galar, F|
|poke|p2|Mew|
|poke|p2|Gastrodon, F|
|teampreview
|inactive|Battle timer is ON: inactive players will automatically lose when time's up. (requested by apokemontrainer68)
|
|start
|switch|p1a: Drifblim|Drifblim, M|100/100
|switch|p2a: Mew|Mew|100/100
|turn|1
|
|switch|p2a: Gastrodon|Gastrodon, F|100/100
|move|p1a: Drifblim|Calm Mind|p1a: Drifblim
|-boost|p1a: Drifblim|spa|1
|-boost|p1a: Drifblim|spd|1
|
|upkeep
|turn|2
|
|move|p1a: Drifblim|Calm Mind|p1a: Drifblim
|-boost|p1a: Drifblim|spa|1
|-boost|p1a: Drifblim|spd|1
|move|p2a: Gastrodon|Ice Beam|p1a: Drifblim
|-supereffective|p1a: Drifblim
|-damage|p1a: Drifblim|76/100
|
|upkeep
|turn|3
|
|move|p1a: Drifblim|Will-O-Wisp|p2a: Gastrodon
|-status|p2a: Gastrodon|brn
|move|p2a: Gastrodon|Ice Beam|p1a: Drifblim
|-supereffective|p1a: Drifblim
|-damage|p1a: Drifblim|50/100
|
|-damage|p2a: Gastrodon|94/100 brn|[from] brn
|upkeep
|turn|4
|
|switch|p2a: Unfezant|Unfezant, F|100/100
|move|p1a: Drifblim|Calm Mind|p1a: Drifblim
|-boost|p1a: Drifblim|spa|1
|-boost|p1a: Drifblim|spd|1
|
|upkeep
|turn|5
|
|move|p2a: Unfezant|Night Slash|p1a: Drifblim
|-supereffective|p1a: Drifblim
|-crit|p1a: Drifblim
|-damage|p1a: Drifblim|0 fnt
|faint|p1a: Drifblim
|
|upkeep
|
|switch|p1a: Qwilfish|Qwilfish, F|100/100
|-ability|p1a: Qwilfish|Intimidate|boost
|-unboost|p2a: Unfezant|atk|1
|turn|6
|
|move|p2a: Unfezant|U-turn|p1a: Qwilfish
|-resisted|p1a: Qwilfish
|-crit|p1a: Qwilfish
|-damage|p1a: Qwilfish|80/100
|
|switch|p2a: Xatu|Xatu, M|100/100|[from]move: U-turn
|move|p1a: Qwilfish|Liquidation|p2a: Xatu
|-damage|p2a: Xatu|53/100
|
|-heal|p1a: Qwilfish|86/100|[from] item: Black Sludge
|upkeep
|turn|7
|
|move|p2a: Xatu|Psychic|p1a: Qwilfish
|-supereffective|p1a: Qwilfish
|-damage|p1a: Qwilfish|0 fnt
|-damage|p2a: Xatu|43/100|[from] item: Life Orb
|faint|p1a: Qwilfish
|
|upkeep
|
|switch|p1a: Coalossal|Coalossal, M|100/100
|turn|8
|
|switch|p2a: Gastrodon|Gastrodon, F|94/100 brn
|move|p1a: Coalossal|Heat Crash|p2a: Gastrodon
|-resisted|p2a: Gastrodon
|-damage|p2a: Gastrodon|70/100 brn
|
|-heal|p2a: Gastrodon|76/100 brn|[from] item: Leftovers
|-damage|p2a: Gastrodon|70/100 brn|[from] brn
|upkeep
|turn|9
|
|switch|p1a: Appletun|Appletun, M|100/100
|move|p2a: Gastrodon|Ice Beam|p1a: Appletun
|-supereffective|p1a: Appletun
|-damage|p1a: Appletun|11/100
|-enditem|p1a: Appletun|Starf Berry|[eat]
|-boost|p1a: Appletun|def|4
|
|-heal|p2a: Gastrodon|76/100 brn|[from] item: Leftovers
|-damage|p2a: Gastrodon|70/100 brn|[from] brn
|upkeep
|turn|10
|
|switch|p2a: Unfezant|Unfezant, F|100/100
|move|p1a: Appletun|Giga Drain|p2a: Unfezant
|-resisted|p2a: Unfezant
|-damage|p2a: Unfezant|71/100
|-heal|p1a: Appletun|21/100|[from] drain|[of] p2a: Unfezant
|
|upkeep
|turn|11
|
|switch|p1a: Coalossal|Coalossal, M|100/100
|move|p2a: Unfezant|U-turn|p1a: Coalossal
|-resisted|p1a: Coalossal
|-damage|p1a: Coalossal|93/100
|
|switch|p2a: Sirfetch'd|Sirfetch'd, M|100/100|[from]move: U-turn
|
|upkeep
|turn|12
|-message|oddmushroom forfeited.
|
|win|apokemontrainer68
|l|☆oddmushroom
||Ladder (probably) updated, but score could not be retrieved (Response not received).
|error|Unexpected response null from ladder server.
