|raw|<div class="broadcast-blue"><strong>This battle is required to be public due to a player having a name starting with 'uult91w'.</div>
|j|☆UULT91w udon
|j|☆UULT91W Lily
|t:|1651771817
|gametype|singles
|player|p1|UULT91w udon|dawn|1567
|player|p2|UULT91W Lily|#scl1machines|1568
|teamsize|p1|6
|teamsize|p2|6
|gen|8
|tier|[Gen 8] UU
|rated|
|rule|Sleep Clause Mod: Limit one foe put to sleep
|rule|Species Clause: Limit one of each Pokémon
|rule|OHKO Clause: OHKO moves are banned
|rule|Evasion Moves Clause: Evasion moves are banned
|rule|Endless Battle Clause: Forcing endless battles is banned
|rule|HP Percentage Mod: HP is shown in percentages
|rule|Dynamax Clause: You cannot dynamax
|clearpoke
|poke|p1|Hydreigon, F|
|poke|p1|Cobalion|
|poke|p1|Azumarill, M|
|poke|p1|Tangrowth, M|
|poke|p1|Moltres|
|poke|p1|Aegislash, F|
|poke|p2|Hippowdon, F|
|poke|p2|Skarmory, M|
|poke|p2|Zarude-Dada|
|poke|p2|Slowking, M|
|poke|p2|Thundurus-Therian, M|
|poke|p2|Noivern, M|
|teampreview
|inactive|Battle timer is ON: inactive players will automatically lose when time's up. (requested by UULT91W Lily)
|j| UULT91w St3ve
|j| Mimilucha
|c|☆UULT91W Lily|oh god not them again
|c|☆UULT91W Lily|hf
|
|t:|1651771846
|start
|switch|p1a: Tangrowth|Tangrowth, M|100/100
|switch|p2a: Ad Astra|Thundurus-Therian, M|100/100
|turn|1
|j|+Mengy ㋛
|
|t:|1651771851
|move|p2a: Ad Astra|Volt Switch|p1a: Tangrowth
|-resisted|p1a: Tangrowth
|-damage|p1a: Tangrowth|88/100
|
|t:|1651771853
|switch|p2a: Module_410|Skarmory, M|100/100|[from]move: Volt Switch
|move|p1a: Tangrowth|Knock Off|p2a: Module_410
|-damage|p2a: Module_410|86/100
|-damage|p1a: Tangrowth|71/100|[from] item: Rocky Helmet|[of] p2a: Module_410
|-enditem|p2a: Module_410|Rocky Helmet|[from] move: Knock Off|[of] p1a: Tangrowth
|
|upkeep
|turn|2
|
|t:|1651771873
|switch|p2a: Elysian Fields|Slowking, M|100/100
|switch|p1a: Hydreigon|Hydreigon, F|100/100
|
|upkeep
|turn|3
|j|%ironwater
|
|t:|1651771884
|move|p1a: Hydreigon|Draco Meteor|p2a: Elysian Fields
|-damage|p2a: Elysian Fields|24/100
|-unboost|p1a: Hydreigon|spa|2
|move|p2a: Elysian Fields|Teleport|p2a: Elysian Fields
|
|t:|1651771888
|switch|p2a: Ad Astra|Thundurus-Therian, M|100/100|[from]move: Teleport
|
|upkeep
|turn|4
|
|t:|1651771893
|switch|p1a: Tangrowth|Tangrowth, M|100/100
|move|p2a: Ad Astra|Knock Off|p1a: Tangrowth
|-damage|p1a: Tangrowth|87/100
|-enditem|p1a: Tangrowth|Assault Vest|[from] move: Knock Off|[of] p2a: Ad Astra
|
|upkeep
|turn|5
|
|t:|1651771901
|move|p2a: Ad Astra|Volt Switch|p1a: Tangrowth
|-resisted|p1a: Tangrowth
|-damage|p1a: Tangrowth|67/100
|
|t:|1651771904
|switch|p2a: Module_410|Skarmory, M|86/100|[from]move: Volt Switch
|move|p1a: Tangrowth|Knock Off|p2a: Module_410
|-damage|p2a: Module_410|77/100
|
|upkeep
|turn|6
|
|t:|1651771910
|switch|p1a: Aegislash|Aegislash, F|100/100
|move|p2a: Module_410|Body Press|p1a: Aegislash
|-immune|p1a: Aegislash
|
|upkeep
|turn|7
|l|%ironwater
|inactive|UULT91w udon has 120 seconds left.
|
|t:|1651771950
|switch|p2a: Virulence|Zarude-Dada|100/100
|-formechange|p1a: Aegislash|Aegislash-Blade||[from] ability: Stance Change
|move|p1a: Aegislash|Shadow Ball|p2a: Virulence
|-resisted|p2a: Virulence
|-damage|p2a: Virulence|67/100
|-damage|p1a: Aegislash|91/100|[from] item: Life Orb
|
|upkeep
|turn|8
|
|t:|1651771953
|switch|p2a: Monolithia|Hippowdon, F|100/100
|-weather|Sandstorm|[from] ability: Sand Stream|[of] p2a: Monolithia
|switch|p1a: Cobalion|Cobalion|100/100
|
|-weather|Sandstorm|[upkeep]
|upkeep
|turn|9
|
|t:|1651771961
|switch|p1a: Azumarill|Azumarill, M|100/100
|move|p2a: Monolithia|Stealth Rock|p1a: Azumarill
|-sidestart|p1: UULT91w udon|move: Stealth Rock
|
|-weather|Sandstorm|[upkeep]
|-damage|p1a: Azumarill|94/100|[from] Sandstorm
|upkeep
|turn|10
|
|t:|1651771966
|switch|p2a: Elysian Fields|Slowking, M|58/100
|move|p1a: Azumarill|Liquidation|p2a: Elysian Fields
|-resisted|p2a: Elysian Fields
|-damage|p2a: Elysian Fields|21/100
|
|-weather|Sandstorm|[upkeep]
|-damage|p1a: Azumarill|88/100|[from] Sandstorm
|-damage|p2a: Elysian Fields|15/100|[from] Sandstorm
|upkeep
|turn|11
|
|t:|1651771969
|switch|p2a: Scarlet Night|Noivern, M|100/100
|move|p1a: Azumarill|Liquidation|p2a: Scarlet Night
|-resisted|p2a: Scarlet Night
|-crit|p2a: Scarlet Night
|-damage|p2a: Scarlet Night|16/100
|
|-weather|Sandstorm|[upkeep]
|-damage|p2a: Scarlet Night|10/100|[from] Sandstorm
|-damage|p1a: Azumarill|82/100|[from] Sandstorm
|upkeep
|turn|12
|
|t:|1651771980
|switch|p2a: Virulence|Zarude-Dada|67/100
|move|p1a: Azumarill|Liquidation|p2a: Virulence
|-resisted|p2a: Virulence
|-damage|p2a: Virulence|32/100
|
|-weather|none
|upkeep
|turn|13
|
|t:|1651771984
|switch|p1a: Cobalion|Cobalion|100/100
|-damage|p1a: Cobalion|97/100|[from] Stealth Rock
|move|p2a: Virulence|Jungle Healing|p2a: Virulence
|-heal|p2a: Virulence|57/100
|
|upkeep
|turn|14
|
|t:|1651771988
|switch|p2a: Monolithia|Hippowdon, F|100/100
|-weather|Sandstorm|[from] ability: Sand Stream|[of] p2a: Monolithia
|move|p1a: Cobalion|Stealth Rock|p2a: Monolithia
|-sidestart|p2: UULT91W Lily|move: Stealth Rock
|
|-weather|Sandstorm|[upkeep]
|upkeep
|turn|15
|
|t:|1651771993
|switch|p1a: Hydreigon|Hydreigon, F|100/100
|-damage|p1a: Hydreigon|88/100|[from] Stealth Rock
|move|p2a: Monolithia|Toxic|p1a: Hydreigon
|-status|p1a: Hydreigon|tox
|
|-weather|Sandstorm|[upkeep]
|-damage|p1a: Hydreigon|82/100 tox|[from] Sandstorm
|-damage|p1a: Hydreigon|76/100 tox|[from] psn
|upkeep
|turn|16
|
|t:|1651771996
|move|p1a: Hydreigon|Draco Meteor|p2a: Monolithia
|-damage|p2a: Monolithia|16/100
|-unboost|p1a: Hydreigon|spa|2
|move|p2a: Monolithia|Slack Off|p2a: Monolithia
|-heal|p2a: Monolithia|66/100
|
|-weather|Sandstorm|[upkeep]
|-damage|p1a: Hydreigon|70/100 tox|[from] Sandstorm
|-damage|p1a: Hydreigon|58/100 tox|[from] psn
|upkeep
|turn|17
|
|t:|1651771999
|switch|p1a: Azumarill|Azumarill, M|82/100
|-damage|p1a: Azumarill|70/100|[from] Stealth Rock
|move|p2a: Monolithia|Slack Off|p2a: Monolithia
|-heal|p2a: Monolithia|100/100
|
|-weather|Sandstorm|[upkeep]
|-damage|p1a: Azumarill|64/100|[from] Sandstorm
|upkeep
|turn|18
|
|t:|1651772006
|switch|p2a: Virulence|Zarude-Dada|57/100
|move|p1a: Azumarill|Liquidation|p2a: Virulence
|-resisted|p2a: Virulence
|-damage|p2a: Virulence|18/100
|
|-weather|none
|upkeep
|turn|19
|
|t:|1651772016
|switch|p1a: Moltres|Moltres|100/100
|move|p2a: Virulence|Jungle Healing|p2a: Virulence
|-heal|p2a: Virulence|43/100
|
|upkeep
|turn|20
|
|t:|1651772020
|switch|p2a: Monolithia|Hippowdon, F|100/100
|-damage|p2a: Monolithia|94/100|[from] Stealth Rock
|-weather|Sandstorm|[from] ability: Sand Stream|[of] p2a: Monolithia
|move|p1a: Moltres|Hurricane|p2a: Monolithia
|-crit|p2a: Monolithia
|-damage|p2a: Monolithia|34/100
|
|-weather|Sandstorm|[upkeep]
|-damage|p1a: Moltres|94/100|[from] Sandstorm
|upkeep
|turn|21
|c|☆UULT91w udon|mb
|c|☆UULT91W Lily|idk how this happens every time
|c|☆UULT91W Lily|q_q
|c|☆UULT91W Lily|is all good
|l|+Mengy ㋛
|inactive|UULT91w udon has 120 seconds left.
|
|t:|1651772050
|move|p1a: Moltres|Overheat|p2a: Monolithia
|-damage|p2a: Monolithia|0 fnt
|-unboost|p1a: Moltres|spa|2
|faint|p2a: Monolithia
|
|-weather|Sandstorm|[upkeep]
|-damage|p1a: Moltres|88/100|[from] Sandstorm
|upkeep
|
|t:|1651772057
|switch|p2a: Ad Astra|Thundurus-Therian, M|100/100
|turn|22
|j| ASKOV
|
|t:|1651772064
|switch|p1a: Tangrowth|Tangrowth, M|99/100
|-damage|p1a: Tangrowth|88/100|[from] Stealth Rock
|move|p2a: Ad Astra|Volt Switch|p1a: Tangrowth
|-resisted|p1a: Tangrowth
|-damage|p1a: Tangrowth|69/100
|
|t:|1651772072
|switch|p2a: Module_410|Skarmory, M|77/100|[from]move: Volt Switch
|-damage|p2a: Module_410|65/100|[from] Stealth Rock
|
|-weather|Sandstorm|[upkeep]
|-damage|p1a: Tangrowth|63/100|[from] Sandstorm
|upkeep
|turn|23
|
|t:|1651772077
|switch|p1a: Moltres|Moltres|88/100
|move|p2a: Module_410|Spikes|p1a: Moltres
|-sidestart|p1: UULT91w udon|Spikes
|
|-weather|Sandstorm|[upkeep]
|-damage|p1a: Moltres|82/100|[from] Sandstorm
|upkeep
|turn|24
|
|t:|1651772082
|switch|p2a: Elysian Fields|Slowking, M|48/100
|-damage|p2a: Elysian Fields|36/100|[from] Stealth Rock
|move|p1a: Moltres|Defog|p2a: Elysian Fields
|-unboost|p2a: Elysian Fields|evasion|1
|-sideend|p2: UULT91W Lily|Stealth Rock|[from] move: Defog|[of] p1a: Moltres
|-sideend|p1: UULT91w udon|Spikes|[from] move: Defog|[of] p1a: Moltres
|-sideend|p1: UULT91w udon|Stealth Rock|[from] move: Defog|[of] p1a: Moltres
|
|-weather|none
|upkeep
|turn|25
|
|t:|1651772091
|switch|p2a: Ad Astra|Thundurus-Therian, M|100/100
|move|p1a: Moltres|Hurricane|p2a: Ad Astra
|-resisted|p2a: Ad Astra
|-damage|p2a: Ad Astra|64/100
|
|upkeep
|turn|26
|
|t:|1651772099
|switch|p1a: Tangrowth|Tangrowth, M|96/100
|move|p2a: Ad Astra|Volt Switch|p1a: Tangrowth
|-resisted|p1a: Tangrowth
|-damage|p1a: Tangrowth|78/100
|
|t:|1651772101
|switch|p2a: Module_410|Skarmory, M|65/100|[from]move: Volt Switch
|
|upkeep
|turn|27
|
|t:|1651772110
|switch|p1a: Aegislash|Aegislash, F|91/100
|move|p2a: Module_410|Spikes|p1a: Aegislash
|-sidestart|p1: UULT91w udon|Spikes
|
|upkeep
|turn|28
|j| hariyana grande
|
|t:|1651772120
|move|p2a: Module_410|Spikes|p1a: Aegislash
|-sidestart|p1: UULT91w udon|Spikes
|-formechange|p1a: Aegislash|Aegislash-Blade||[from] ability: Stance Change
|move|p1a: Aegislash|Shadow Ball|p2a: Module_410
|-damage|p2a: Module_410|0 fnt
|faint|p2a: Module_410
|-damage|p1a: Aegislash|81/100|[from] item: Life Orb
|
|upkeep
|
|t:|1651772123
|switch|p2a: Ad Astra|Thundurus-Therian, M|64/100
|turn|29
|
|t:|1651772126
|switch|p1a: Tangrowth|Tangrowth, M|100/100
|-damage|p1a: Tangrowth|84/100|[from] Spikes
|move|p2a: Ad Astra|Focus Blast|p1a: Tangrowth
|-damage|p1a: Tangrowth|45/100
|
|upkeep
|turn|30
|
|t:|1651772136
|move|p2a: Ad Astra|Volt Switch|p1a: Tangrowth
|-resisted|p1a: Tangrowth
|-damage|p1a: Tangrowth|27/100
|
|t:|1651772138
|switch|p2a: Elysian Fields|Slowking, M|69/100|[from]move: Volt Switch
|move|p1a: Tangrowth|Sludge Bomb|p2a: Elysian Fields
|-damage|p2a: Elysian Fields|53/100
|
|upkeep
|turn|31
|
|t:|1651772149
|switch|p2a: Ad Astra|Thundurus-Therian, M|64/100
|move|p1a: Tangrowth|Sludge Bomb|p2a: Ad Astra
|-damage|p2a: Ad Astra|31/100
|-status|p2a: Ad Astra|psn
|
|-damage|p2a: Ad Astra|18/100 psn|[from] psn
|upkeep
|turn|32
|
|t:|1651772172
|move|p2a: Ad Astra|Psychic|p1a: Tangrowth
|-damage|p1a: Tangrowth|0 fnt
|faint|p1a: Tangrowth
|
|-damage|p2a: Ad Astra|6/100 psn|[from] psn
|upkeep
|
|t:|1651772176
|switch|p1a: Cobalion|Cobalion|97/100
|-damage|p1a: Cobalion|81/100|[from] Spikes
|turn|33
|
|t:|1651772188
|switch|p2a: Elysian Fields|Slowking, M|86/100
|move|p1a: Cobalion|Close Combat|p2a: Elysian Fields
|-resisted|p2a: Elysian Fields
|-damage|p2a: Elysian Fields|67/100
|-unboost|p1a: Cobalion|def|1
|-unboost|p1a: Cobalion|spd|1
|
|upkeep
|turn|34
|
|t:|1651772191
|move|p1a: Cobalion|Volt Switch|p2a: Elysian Fields
|-supereffective|p2a: Elysian Fields
|-damage|p2a: Elysian Fields|49/100
|
|t:|1651772194
|switch|p1a: Moltres|Moltres|82/100|[from]move: Volt Switch
|move|p2a: Elysian Fields|Scald|p1a: Moltres
|-supereffective|p1a: Moltres
|-damage|p1a: Moltres|25/100
|
|upkeep
|turn|35
|
|t:|1651772198
|move|p1a: Moltres|Defog|p2a: Elysian Fields
|-unboost|p2a: Elysian Fields|evasion|1
|-sideend|p1: UULT91w udon|Spikes|[from] move: Defog|[of] p1a: Moltres
|move|p2a: Elysian Fields|Scald|p1a: Moltres
|-supereffective|p1a: Moltres
|-damage|p1a: Moltres|0 fnt
|faint|p1a: Moltres
|
|upkeep
|
|t:|1651772202
|switch|p1a: Aegislash|Aegislash, F|81/100
|turn|36
|
|t:|1651772207
|switch|p2a: Ad Astra|Thundurus-Therian, M|6/100 psn
|-formechange|p1a: Aegislash|Aegislash-Blade||[from] ability: Stance Change
|move|p1a: Aegislash|Shadow Ball|p2a: Ad Astra
|-damage|p2a: Ad Astra|0 fnt
|faint|p2a: Ad Astra
|-damage|p1a: Aegislash|71/100|[from] item: Life Orb
|
|upkeep
|
|t:|1651772212
|switch|p2a: Virulence|Zarude-Dada|43/100
|turn|37
|
|t:|1651772214
|switch|p1a: Cobalion|Cobalion|81/100
|move|p2a: Virulence|U-turn|p1a: Cobalion
|-resisted|p1a: Cobalion
|-damage|p1a: Cobalion|76/100
|-damage|p2a: Virulence|27/100|[from] item: Rocky Helmet|[of] p1a: Cobalion
|
|t:|1651772216
|switch|p2a: Elysian Fields|Slowking, M|83/100|[from]move: U-turn
|
|upkeep
|turn|38
|
|t:|1651772218
|move|p1a: Cobalion|Volt Switch|p2a: Elysian Fields
|-supereffective|p2a: Elysian Fields
|-damage|p2a: Elysian Fields|64/100
|
|t:|1651772220
|switch|p1a: Hydreigon|Hydreigon, F|58/100 tox|[from]move: Volt Switch
|move|p2a: Elysian Fields|Scald|p1a: Hydreigon
|-resisted|p1a: Hydreigon
|-damage|p1a: Hydreigon|43/100 tox
|
|-damage|p1a: Hydreigon|37/100 tox|[from] psn
|upkeep
|turn|39
|
|t:|1651772226
|switch|p2a: Virulence|Zarude-Dada|27/100
|move|p1a: Hydreigon|Dark Pulse|p2a: Virulence
|-resisted|p2a: Virulence
|-damage|p2a: Virulence|0 fnt
|faint|p2a: Virulence
|
|-damage|p1a: Hydreigon|25/100 tox|[from] psn
|upkeep
|
|t:|1651772228
|switch|p2a: Scarlet Night|Noivern, M|10/100
|turn|40
|
|t:|1651772233
|move|p2a: Scarlet Night|Flamethrower|p1a: Hydreigon
|-resisted|p1a: Hydreigon
|-damage|p1a: Hydreigon|11/100 tox
|move|p1a: Hydreigon|Dark Pulse|p2a: Scarlet Night
|-damage|p2a: Scarlet Night|0 fnt
|faint|p2a: Scarlet Night
|
|-damage|p1a: Hydreigon|0 fnt|[from] psn
|faint|p1a: Hydreigon
|upkeep
|
|t:|1651772236
|switch|p2a: Elysian Fields|Slowking, M|98/100
|switch|p1a: Aegislash|Aegislash, F|71/100
|turn|41
|
|t:|1651772242
|-formechange|p1a: Aegislash|Aegislash-Blade||[from] ability: Stance Change
|move|p1a: Aegislash|Shadow Ball|p2a: Elysian Fields
|-supereffective|p2a: Elysian Fields
|-damage|p2a: Elysian Fields|16/100
|-unboost|p2a: Elysian Fields|spd|1
|-damage|p1a: Aegislash|61/100|[from] item: Life Orb
|move|p2a: Elysian Fields|Scald|p1a: Aegislash
|-damage|p1a: Aegislash|15/100
|
|upkeep
|turn|42
|
|t:|1651772245
|move|p1a: Aegislash|Shadow Ball|p2a: Elysian Fields
|-supereffective|p2a: Elysian Fields
|-damage|p2a: Elysian Fields|0 fnt
|faint|p2a: Elysian Fields
|-damage|p1a: Aegislash|5/100|[from] item: Life Orb
|
|win|UULT91w udon
|raw|UULT91w udon's rating: 1567 &rarr; <strong>1587</strong><br />(+20 for winning)
|raw|UULT91W Lily's rating: 1568 &rarr; <strong>1548</strong><br />(-20 for losing)
|c|☆UULT91w udon|gg
|c|☆UULT91W Lily|gg
|l|☆UULT91W Lily
|l|☆UULT91w udon
|l| Mimilucha
||Ladder isn't responding, score probably updated but might not have (Request timeout).
|j|☆UULT91w udon
|player|p1|UULT91w udon|dawn
