|j|☆CynthiaBlueheart
|j|☆bordek
|t:|1664475725
|gametype|singles
|player|p1|CynthiaBlueheart|clair|1347
|player|p2|bordek|gentleman-gen4|1250
|teamsize|p1|6
|teamsize|p2|6
|gen|8
|tier|[Gen 8] UU
|rated|
|rule|Sleep Clause Mod: Limit one foe put to sleep
|rule|Species Clause: Limit one of each Pokémon
|rule|OHKO Clause: OHKO moves are banned
|rule|Evasion Items Clause: Evasion items are banned
|rule|Evasion Moves Clause: Evasion moves are banned
|rule|Endless Battle Clause: Forcing endless battles is banned
|rule|HP Percentage Mod: HP is shown in percentages
|rule|Dynamax Clause: You cannot dynamax
|clearpoke
|poke|p1|Amoonguss, M|
|poke|p1|Slowking, F|
|poke|p1|Tangrowth, M|
|poke|p1|Excadrill, F|
|poke|p1|Skarmory, M|
|poke|p1|Scizor, M|
|poke|p2|Chansey, F|
|poke|p2|Metagross|
|poke|p2|Rotom-Wash|
|poke|p2|Excadrill, M|
|poke|p2|Amoonguss, M|
|poke|p2|Tentacruel, F|
|teampreview
|inactive|Battle timer is ON: inactive players will automatically lose when time's up. (requested by CynthiaBlueheart)
|
|t:|1664475739
|start
|switch|p1a: Tangrowth|Tangrowth, M|100/100
|switch|p2a: Rotom|Rotom-Wash|100/100
|turn|1
|
|t:|1664475748
|move|p2a: Rotom|Volt Switch|p1a: Tangrowth
|-resisted|p1a: Tangrowth
|-damage|p1a: Tangrowth|65/100
|
|t:|1664475753
|switch|p2a: Metagross|Metagross, shiny|100/100|[from]move: Volt Switch
|move|p1a: Tangrowth|Knock Off|p2a: Metagross
|-supereffective|p2a: Metagross
|-damage|p2a: Metagross|62/100
|-enditem|p2a: Metagross|Weakness Policy
|-boost|p2a: Metagross|atk|2|[from] item: Weakness Policy
|-boost|p2a: Metagross|spa|2|[from] item: Weakness Policy
|
|upkeep
|turn|2
|
|t:|1664475763
|move|p2a: Metagross|Meteor Mash|p1a: Tangrowth
|-damage|p1a: Tangrowth|13/100
|-boost|p2a: Metagross|atk|1
|-damage|p2a: Metagross|46/100|[from] item: Rocky Helmet|[of] p1a: Tangrowth
|move|p1a: Tangrowth|Leech Seed|p2a: Metagross
|-start|p2a: Metagross|move: Leech Seed
|
|-damage|p2a: Metagross|33/100|[from] Leech Seed|[of] p1a: Tangrowth
|-heal|p1a: Tangrowth|24/100|[silent]
|upkeep
|turn|3
|
|t:|1664475772
|switch|p1a: Skarmory|Skarmory, M|100/100
|move|p2a: Metagross|Meteor Mash|p1a: Skarmory
|-resisted|p1a: Skarmory
|-damage|p1a: Skarmory|66/100
|
|-heal|p1a: Skarmory|72/100|[from] item: Leftovers
|-damage|p2a: Metagross|21/100|[from] Leech Seed|[of] p1a: Skarmory
|-heal|p1a: Skarmory|85/100|[silent]
|upkeep
|turn|4
|
|t:|1664475783
|switch|p1a: Excadrill|Excadrill, F|100/100
|-ability|p1a: Excadrill|Mold Breaker
|move|p2a: Metagross|Meteor Mash|p1a: Excadrill
|-resisted|p1a: Excadrill
|-damage|p1a: Excadrill|46/100
|
|-heal|p1a: Excadrill|52/100|[from] item: Leftovers
|-damage|p2a: Metagross|9/100|[from] Leech Seed|[of] p1a: Excadrill
|-heal|p1a: Excadrill|63/100|[silent]
|upkeep
|turn|5
|
|t:|1664475800
|switch|p1a: Skarmory|Skarmory, M|85/100
|move|p2a: Metagross|Earthquake|p1a: Skarmory
|-immune|p1a: Skarmory
|
|-heal|p1a: Skarmory|91/100|[from] item: Leftovers
|-damage|p2a: Metagross|0 fnt|[from] Leech Seed|[of] p1a: Skarmory
|-heal|p1a: Skarmory|99/100|[silent]
|faint|p2a: Metagross
|upkeep
|-message|bordek forfeited.
|
|win|CynthiaBlueheart
|raw|CynthiaBlueheart's rating: 1347 &rarr; <strong>1362</strong><br />(+15 for winning)
|raw|bordek's rating: 1250 &rarr; <strong>1232</strong><br />(-18 for losing)
|l|☆bordek
