|html|<div class="broadcast-blue"><strong>[Gen 8] UU is currently suspecting Thundurus! For information on how to participate check out the <a href="https://www.smogon.com/forums/threads/np-ss-uu-stage-9-1-king-of-the-clouds.3689570/">suspect thread</a>.</strong></div>
|j|☆cosmocalamar09
|j|☆OreitoImposter
|t:|1629877876
|gametype|singles
|player|p1|cosmocalamar09|bugcatcher-gen4dp|1044
|player|p2|OreitoImposter|juggler|1040
|teamsize|p1|6
|teamsize|p2|6
|gen|8
|tier|[Gen 8] UU
|rated|
|rule|Sleep Clause Mod: Limit one foe put to sleep
|rule|Species Clause: Limit one of each Pokémon
|rule|OHKO Clause: OHKO moves are banned
|rule|Evasion Moves Clause: Evasion moves are banned
|rule|Endless Battle Clause: Forcing endless battles is banned
|rule|HP Percentage Mod: HP is shown in percentages
|rule|Dynamax Clause: You cannot dynamax
|clearpoke
|poke|p1|Pelipper, F|
|poke|p1|Barraskewda, F|
|poke|p1|Thundurus-Therian, M|
|poke|p1|Aegislash, M|
|poke|p1|Amoonguss, M|
|poke|p1|Krookodile, M|
|poke|p2|Shedinja|
|poke|p2|Zoroark, F|
|poke|p2|Hatterene, F|
|poke|p2|Tentacruel, M|
|poke|p2|Chansey, F|
|poke|p2|Buzzwole|
|teampreview
|
|t:|1629877888
|start
|switch|p1a: Ol’Reliable|Pelipper, F|100/100
|switch|p2a: OnePunchBug|Buzzwole|100/100
|-weather|RainDance|[from] ability: Drizzle|[of] p1a: Ol’Reliable
|turn|1
|inactive|Battle timer is ON: inactive players will automatically lose when time's up. (requested by OreitoImposter)
|
|t:|1629877896
|move|p1a: Ol’Reliable|Hurricane|p2a: OnePunchBug
|-supereffective|p2a: OnePunchBug
|-damage|p2a: OnePunchBug|0 fnt
|faint|p2a: OnePunchBug
|
|-weather|RainDance|[upkeep]
|upkeep
|
|t:|1629877907
|switch|p2a: Kirby|Chansey, F|100/100
|turn|2
|
|t:|1629877913
|switch|p1a: Blade|Aegislash, M|100/100
|move|p2a: Kirby|Stealth Rock|p1a: Blade
|-sidestart|p1: cosmocalamar09|move: Stealth Rock
|
|-weather|RainDance|[upkeep]
|upkeep
|turn|3
|
|t:|1629877920
|move|p1a: Blade|Toxic|p2a: Kirby
|-status|p2a: Kirby|tox
|move|p2a: Kirby|Teleport|p2a: Kirby
|
|t:|1629877922
|switch|p2a: Jelly|Tentacruel, M, shiny|100/100|[from]move: Teleport
|
|-weather|RainDance|[upkeep]
|upkeep
|turn|4
|
|t:|1629877930
|move|p1a: Blade|King's Shield|p1a: Blade
|-singleturn|p1a: Blade|Protect
|move|p2a: Jelly|Scald|p1a: Blade
|-activate|p1a: Blade|move: Protect
|
|-weather|RainDance|[upkeep]
|upkeep
|turn|5
|
|t:|1629877941
|switch|p1a: Imposter|Amoonguss, M|100/100
|-damage|p1a: Imposter|88/100|[from] Stealth Rock
|move|p2a: Jelly|Knock Off|p1a: Imposter
|-damage|p1a: Imposter|71/100
|-enditem|p1a: Imposter|Black Sludge|[from] move: Knock Off|[of] p2a: Jelly
|
|-weather|none
|upkeep
|turn|6
|
|t:|1629877950
|switch|p2a: Kirby|Chansey, F|100/100
|move|p1a: Imposter|Spore|p2a: Kirby
|-status|p2a: Kirby|slp|[from] move: Spore
|
|upkeep
|turn|7
|
|t:|1629877960
|switch|p1a: Liability|Krookodile, M|100/100
|-damage|p1a: Liability|94/100|[from] Stealth Rock
|cant|p2a: Kirby|slp
|
|upkeep
|turn|8
|
|t:|1629877966
|-curestatus|p2a: Kirby|slp|[from] ability: Natural Cure
|switch|p2a: Winx|Hatterene, F|100/100
|move|p1a: Liability|Knock Off|p2a: Winx
|-damage|p2a: Winx|63/100
|-enditem|p2a: Winx|Leftovers|[from] move: Knock Off|[of] p1a: Liability
|
|upkeep
|turn|9
|
|t:|1629877976
|switch|p1a: Blade|Aegislash, M|100/100
|-damage|p1a: Blade|94/100|[from] Stealth Rock
|move|p2a: Winx|Draining Kiss|p1a: Blade
|-resisted|p1a: Blade
|-damage|p1a: Blade|88/100
|-heal|p2a: Winx|68/100|[from] drain|[of] p1a: Blade
|
|-heal|p1a: Blade|94/100|[from] item: Leftovers
|upkeep
|turn|10
|
|t:|1629877987
|switch|p2a: Kirby|Chansey, F|100/100
|-formechange|p1a: Blade|Aegislash-Blade||[from] ability: Stance Change
|move|p1a: Blade|Shadow Ball|p2a: Kirby
|-immune|p2a: Kirby
|
|-heal|p1a: Blade|99/100|[from] item: Leftovers
|upkeep
|turn|11
|
|t:|1629878000
|move|p1a: Blade|Toxic|p2a: Kirby
|-status|p2a: Kirby|tox
|move|p2a: Kirby|Teleport|p2a: Kirby
|
|t:|1629878008
|-curestatus|p2a: Kirby|tox|[from] ability: Natural Cure
|switch|p2a: Immortal|Shedinja, shiny|100/100|[from]move: Teleport
|
|-heal|p1a: Blade|100/100|[from] item: Leftovers
|upkeep
|turn|12
|
|t:|1629878016
|-formechange|p1a: Blade|Aegislash||[from] ability: Stance Change
|move|p1a: Blade|King's Shield|p1a: Blade
|-singleturn|p1a: Blade|Protect
|move|p2a: Immortal|Trick|p1a: Blade
|-activate|p2a: Immortal|move: Trick|[of] p1a: Blade
|-item|p1a: Blade|Choice Band|[from] move: Trick
|-item|p2a: Immortal|Leftovers|[from] move: Trick
|
|upkeep
|turn|13
|
|t:|1629878025
|move|p2a: Immortal|Knock Off|p1a: Blade
|-supereffective|p1a: Blade
|-damage|p1a: Blade|34/100
|-enditem|p1a: Blade|Choice Band|[from] move: Knock Off|[of] p2a: Immortal
|-formechange|p1a: Blade|Aegislash-Blade||[from] ability: Stance Change
|move|p1a: Blade|Shadow Ball|p2a: Immortal
|-resisted|p2a: Immortal
|-damage|p2a: Immortal|62/100
|replace|p2a: Loki|Zoroark, F
|-end|p2a: Loki|Illusion
|
|-heal|p2a: Loki|68/100|[from] item: Leftovers
|upkeep
|turn|14
|
|t:|1629878038
|-formechange|p1a: Blade|Aegislash||[from] ability: Stance Change
|move|p1a: Blade|King's Shield|p1a: Blade
|-singleturn|p1a: Blade|Protect
|move|p2a: Loki|Knock Off|p1a: Blade
|-activate|p1a: Blade|move: Protect
|-unboost|p2a: Loki|atk|1
|
|-heal|p2a: Loki|74/100|[from] item: Leftovers
|upkeep
|turn|15
|
|t:|1629878054
|switch|p1a: Imposter|Amoonguss, M|100/100
|-damage|p1a: Imposter|88/100|[from] Stealth Rock
|move|p2a: Loki|U-turn|p1a: Imposter
|-crit|p1a: Imposter
|-damage|p1a: Imposter|57/100
|
|t:|1629878058
|switch|p2a: Winx|Hatterene, F|68/100|[from]move: U-turn
|
|upkeep
|turn|16
|
|t:|1629878065
|move|p2a: Winx|Psyshock|p1a: Imposter
|-supereffective|p1a: Imposter
|-damage|p1a: Imposter|0 fnt
|faint|p1a: Imposter
|
|upkeep
|
|t:|1629878080
|switch|p1a: Astro|Thundurus-Therian, M|100/100
|turn|17
|
|t:|1629878090
|switch|p2a: Kirby|Chansey, F|100/100
|move|p1a: Astro|Nasty Plot|p1a: Astro
|-boost|p1a: Astro|spa|2
|
|upkeep
|turn|18
|
|t:|1629878096
|move|p1a: Astro|Focus Blast|p2a: Kirby|[miss]
|-miss|p1a: Astro|p2a: Kirby
|move|p2a: Kirby|Toxic|p1a: Astro
|-status|p1a: Astro|tox
|
|-damage|p1a: Astro|94/100 tox|[from] psn
|upkeep
|turn|19
|
|t:|1629878105
|switch|p2a: Immortal|Shedinja, shiny|100/100
|move|p1a: Astro|Thunderbolt|p2a: Immortal
|-immune|p2a: Immortal|[from] ability: Wonder Guard
|
|-damage|p1a: Astro|82/100 tox|[from] psn
|upkeep
|turn|20
|
|t:|1629878114
|switch|p1a: Liability|Krookodile, M|94/100
|-damage|p1a: Liability|88/100|[from] Stealth Rock
|move|p2a: Immortal|Protect||[still]
|-fail|p2a: Immortal
|
|upkeep
|turn|21
|
|t:|1629878121
|switch|p2a: Kirby|Chansey, F|74/100
|move|p1a: Liability|Knock Off|p2a: Kirby
|-resisted|p2a: Kirby
|-damage|p2a: Kirby|30/100
|replace|p2a: Loki|Zoroark, F
|-end|p2a: Loki|Illusion
|-enditem|p2a: Loki|Leftovers|[from] move: Knock Off|[of] p1a: Liability
|
|upkeep
|turn|22
|
|t:|1629878130
|move|p1a: Liability|Knock Off|p2a: Loki
|-resisted|p2a: Loki
|-damage|p2a: Loki|0 fnt
|faint|p2a: Loki
|-ability|p1a: Liability|Moxie|boost
|-boost|p1a: Liability|atk|1
|
|upkeep
|
|t:|1629878136
|switch|p2a: Winx|Hatterene, F|68/100
|turn|23
|
|t:|1629878140
|switch|p1a: Blade|Aegislash, M|34/100
|-damage|p1a: Blade|28/100|[from] Stealth Rock
|move|p2a: Winx|Draining Kiss|p1a: Blade
|-resisted|p1a: Blade
|-damage|p1a: Blade|20/100
|-heal|p2a: Winx|73/100|[from] drain|[of] p1a: Blade
|
|upkeep
|turn|24
|
|t:|1629878150
|switch|p2a: Jelly|Tentacruel, M, shiny|100/100
|move|p1a: Blade|King's Shield||[still]
|-fail|p1a: Blade
|
|upkeep
|turn|25
|
|t:|1629878158
|switch|p1a: Ol’Reliable|Pelipper, F|100/100
|-damage|p1a: Ol’Reliable|76/100|[from] Stealth Rock
|-weather|RainDance|[from] ability: Drizzle|[of] p1a: Ol’Reliable
|move|p2a: Jelly|Scald|p1a: Ol’Reliable
|-resisted|p1a: Ol’Reliable
|-damage|p1a: Ol’Reliable|47/100
|
|-weather|RainDance|[upkeep]
|upkeep
|turn|26
|
|t:|1629878171
|move|p1a: Ol’Reliable|Defog|p2a: Jelly
|-unboost|p2a: Jelly|evasion|1
|-sideend|p1: cosmocalamar09|Stealth Rock|[from] move: Defog|[of] p1a: Ol’Reliable
|move|p2a: Jelly|Sludge Bomb|p1a: Ol’Reliable
|-damage|p1a: Ol’Reliable|3/100
|-status|p1a: Ol’Reliable|psn
|
|-weather|RainDance|[upkeep]
|-damage|p1a: Ol’Reliable|0 fnt|[from] psn
|faint|p1a: Ol’Reliable
|upkeep
|
|t:|1629878183
|switch|p1a: Astro|Thundurus-Therian, M|82/100 tox
|turn|27
|
|t:|1629878189
|switch|p2a: Immortal|Shedinja, shiny|100/100
|move|p1a: Astro|Thunderbolt|p2a: Immortal
|-immune|p2a: Immortal|[from] ability: Wonder Guard
|
|-weather|RainDance|[upkeep]
|-damage|p1a: Astro|76/100 tox|[from] psn
|upkeep
|turn|28
|
|t:|1629878198
|switch|p1a: Liability|Krookodile, M|88/100
|move|p2a: Immortal|Poltergeist|p1a: Liability
|-activate|p1a: Liability|move: Poltergeist|Choice Scarf
|-resisted|p1a: Liability
|-damage|p1a: Liability|56/100
|
|-weather|RainDance|[upkeep]
|upkeep
|turn|29
|
|t:|1629878208
|move|p2a: Immortal|Protect|p2a: Immortal
|-singleturn|p2a: Immortal|Protect
|move|p1a: Liability|Knock Off|p2a: Immortal
|-activate|p2a: Immortal|move: Protect
|
|-weather|none
|upkeep
|turn|30
|
|t:|1629878215
|switch|p2a: Winx|Hatterene, F|73/100
|move|p1a: Liability|Knock Off|p2a: Winx
|-damage|p2a: Winx|50/100
|
|upkeep
|turn|31
|
|t:|1629878226
|switch|p1a: Despair|Barraskewda, F, shiny|100/100
|move|p2a: Winx|Draining Kiss|p1a: Despair
|-damage|p1a: Despair|48/100
|-heal|p2a: Winx|83/100|[from] drain|[of] p1a: Despair
|
|upkeep
|turn|32
|
|t:|1629878234
|move|p2a: Winx|Protect|p2a: Winx
|-singleturn|p2a: Winx|Protect
|move|p1a: Despair|Flip Turn|p2a: Winx
|-activate|p2a: Winx|move: Protect
|
|upkeep
|turn|33
|
|t:|1629878241
|switch|p2a: Immortal|Shedinja, shiny|100/100
|move|p1a: Despair|Flip Turn|p2a: Immortal
|-immune|p2a: Immortal|[from] ability: Wonder Guard
|
|upkeep
|turn|34
|
|t:|1629878252
|switch|p1a: Blade|Aegislash, M|20/100
|move|p2a: Immortal|Toxic|p1a: Blade
|-immune|p1a: Blade
|
|upkeep
|turn|35
|
|t:|1629878260
|move|p2a: Immortal|Shadow Sneak|p1a: Blade
|-supereffective|p1a: Blade
|-damage|p1a: Blade|0 fnt
|faint|p1a: Blade
|
|upkeep
|
|t:|1629878265
|switch|p1a: Liability|Krookodile, M|56/100
|turn|36
|
|t:|1629878271
|move|p2a: Immortal|Protect|p2a: Immortal
|-singleturn|p2a: Immortal|Protect
|move|p1a: Liability|Earthquake|p2a: Immortal
|-activate|p2a: Immortal|move: Protect
|
|upkeep
|turn|37
|
|t:|1629878279
|move|p1a: Liability|Earthquake|p2a: Immortal
|-immune|p2a: Immortal|[from] ability: Wonder Guard
|move|p2a: Immortal|Poltergeist|p1a: Liability
|-activate|p1a: Liability|move: Poltergeist|Choice Scarf
|-resisted|p1a: Liability
|-damage|p1a: Liability|26/100
|
|upkeep
|turn|38
|
|t:|1629878290
|move|p1a: Liability|Earthquake|p2a: Immortal
|-immune|p2a: Immortal|[from] ability: Wonder Guard
|move|p2a: Immortal|Poltergeist|p1a: Liability
|-activate|p1a: Liability|move: Poltergeist|Choice Scarf
|-resisted|p1a: Liability
|-damage|p1a: Liability|0 fnt
|faint|p1a: Liability
|
|upkeep
|c|☆OreitoImposter|Gg
|-message|cosmocalamar09 forfeited.
|
|win|OreitoImposter
|raw|cosmocalamar09's rating: 1044 &rarr; <strong>1027</strong><br />(-17 for losing)
|raw|OreitoImposter's rating: 1040 &rarr; <strong>1074</strong><br />(+34 for winning)
|l|☆cosmocalamar09
