|j|☆Queen of Bean ✿
|j|☆pokemonisfun
|t:|1666843904
|gametype|singles
|player|p1|Queen of Bean ✿|hexmaniac-gen6|1485
|player|p2|pokemonisfun|#uutrio2ladder|1768
|teamsize|p1|6
|teamsize|p2|6
|gen|8
|tier|[Gen 8] UU
|rated|
|rule|Sleep Clause Mod: Limit one foe put to sleep
|rule|Species Clause: Limit one of each Pokémon
|rule|OHKO Clause: OHKO moves are banned
|rule|Evasion Items Clause: Evasion items are banned
|rule|Evasion Moves Clause: Evasion moves are banned
|rule|Endless Battle Clause: Forcing endless battles is banned
|rule|HP Percentage Mod: HP is shown in percentages
|rule|Dynamax Clause: You cannot dynamax
|clearpoke
|poke|p1|Tsareena, F|
|poke|p1|Slowking, F|
|poke|p1|Cobalion|
|poke|p1|Mamoswine, M|
|poke|p1|Nihilego|
|poke|p1|Salamence, M|
|poke|p2|Regice|
|poke|p2|Jirachi|
|poke|p2|Swampert, M|
|poke|p2|Salamence, M|
|poke|p2|Hydreigon, M|
|poke|p2|Conkeldurr, F|
|teampreview
|c|☆Queen of Bean ✿|well
|c|☆pokemonisfun|hf
|c|☆pokemonisfun|sleeping
|c|☆pokemonisfun|soon
|c|☆Queen of Bean ✿|glhf :P
|
|t:|1666843932
|start
|switch|p1a: Cobalion|Cobalion|100/100
|switch|p2a: jim's pillow|Jirachi|100/100
|turn|1
|
|t:|1666843943
|move|p1a: Cobalion|Stealth Rock|p2a: jim's pillow
|-sidestart|p2: pokemonisfun|move: Stealth Rock
|move|p2a: jim's pillow|U-turn|p1a: Cobalion
|-resisted|p1a: Cobalion
|-damage|p1a: Cobalion|97/100
|-damage|p2a: jim's pillow|84/100|[from] item: Rocky Helmet|[of] p1a: Cobalion
|
|t:|1666843954
|switch|p2a: jim's guard|Conkeldurr, F|100/100|[from]move: U-turn
|-damage|p2a: jim's guard|94/100|[from] Stealth Rock
|
|-status|p2a: jim's guard|brn|[from] item: Flame Orb
|upkeep
|turn|2
|j| Poawh
|
|t:|1666843970
|move|p1a: Cobalion|Volt Switch|p2a: jim's guard
|-damage|p2a: jim's guard|76/100 brn
|
|t:|1666843975
|switch|p1a: Salamence|Salamence, M|100/100|[from]move: Volt Switch
|-ability|p1a: Salamence|Intimidate|boost
|-unboost|p2a: jim's guard|atk|1
|move|p2a: jim's guard|Knock Off|p1a: Salamence
|-damage|p1a: Salamence|70/100
|-enditem|p1a: Salamence|Heavy-Duty Boots|[from] move: Knock Off|[of] p2a: jim's guard
|
|-damage|p2a: jim's guard|70/100 brn|[from] brn
|upkeep
|turn|3
|
|t:|1666843990
|switch|p1a: Cobalion|Cobalion|97/100
|switch|p2a: jim's pillow|Jirachi|84/100
|-damage|p2a: jim's pillow|78/100|[from] Stealth Rock
|
|-heal|p2a: jim's pillow|84/100|[from] item: Leftovers
|upkeep
|turn|4
|
|t:|1666844000
|move|p2a: jim's pillow|Protect|p2a: jim's pillow
|-singleturn|p2a: jim's pillow|Protect
|move|p1a: Cobalion|Close Combat|p2a: jim's pillow
|-activate|p2a: jim's pillow|move: Protect
|
|-heal|p2a: jim's pillow|90/100|[from] item: Leftovers
|upkeep
|turn|5
|c|☆pokemonisfun|im tired
|c|☆Queen of Bean ✿|shouldve serached for a game :P
|c|☆Queen of Bean ✿|shouldntve
|
|t:|1666844024
|move|p1a: Cobalion|Toxic|p2a: jim's pillow
|-immune|p2a: jim's pillow
|move|p2a: jim's pillow|Wish|p2a: jim's pillow
|
|-heal|p2a: jim's pillow|96/100|[from] item: Leftovers
|upkeep
|turn|6
|
|t:|1666844035
|move|p1a: Cobalion|Toxic|p2a: jim's pillow
|-immune|p2a: jim's pillow
|move|p2a: jim's pillow|Iron Head|p1a: Cobalion
|-resisted|p1a: Cobalion
|-damage|p1a: Cobalion|85/100
|-damage|p2a: jim's pillow|80/100|[from] item: Rocky Helmet|[of] p1a: Cobalion
|
|-heal|p2a: jim's pillow|100/100|[from] move: Wish|[wisher] jim's pillow
|upkeep
|turn|7
|
|t:|1666844044
|move|p1a: Cobalion|Volt Switch|p2a: jim's pillow
|-damage|p2a: jim's pillow|88/100
|
|t:|1666844060
|switch|p1a: Salamence|Salamence, M|70/100|[from]move: Volt Switch
|-ability|p1a: Salamence|Intimidate|boost
|-unboost|p2a: jim's pillow|atk|1
|move|p2a: jim's pillow|Wish|p2a: jim's pillow
|
|-heal|p2a: jim's pillow|95/100|[from] item: Leftovers
|upkeep
|turn|8
|
|t:|1666844076
|move|p2a: jim's pillow|U-turn|p1a: Salamence
|-resisted|p1a: Salamence
|-damage|p1a: Salamence|65/100
|
|t:|1666844081
|switch|p2a: jim's pet|Swampert, M|100/100|[from]move: U-turn
|-damage|p2a: jim's pet|94/100|[from] Stealth Rock
|move|p1a: Salamence|Wish|p1a: Salamence
|
|-heal|p2a: jim's pet|100/100|[from] move: Wish|[wisher] jim's pillow
|upkeep
|turn|9
|
|t:|1666844089
|switch|p1a: Tsareena|Tsareena, F|100/100
|move|p2a: jim's pet|Toxic|p1a: Tsareena|[miss]
|-miss|p2a: jim's pet|p1a: Tsareena
|
|upkeep
|turn|10
|
|t:|1666844100
|move|p1a: Tsareena|Triple Axel|p2a: jim's pet
|-damage|p2a: jim's pet|96/100
|-damage|p2a: jim's pet|87/100
|-damage|p2a: jim's pet|74/100
|-hitcount|p2a: jim's pet|3
|move|p2a: jim's pet|Toxic|p1a: Tsareena
|-status|p1a: Tsareena|tox
|
|-heal|p2a: jim's pet|80/100|[from] item: Leftovers
|-damage|p1a: Tsareena|95/100 tox|[from] psn
|upkeep
|turn|11
|c|☆Queen of Bean ✿|im bad
|
|t:|1666844116
|switch|p2a: jim's pillow|Jirachi|95/100
|-damage|p2a: jim's pillow|88/100|[from] Stealth Rock
|move|p1a: Tsareena|U-turn|p2a: jim's pillow
|-damage|p2a: jim's pillow|70/100
|
|t:|1666844122
|switch|p1a: Mamoswine|Mamoswine, M|100/100|[from]move: U-turn
|
|-heal|p2a: jim's pillow|76/100|[from] item: Leftovers
|upkeep
|turn|12
|
|t:|1666844141
|move|p2a: jim's pillow|Protect|p2a: jim's pillow
|-singleturn|p2a: jim's pillow|Protect
|move|p1a: Mamoswine|Earthquake|p2a: jim's pillow
|-activate|p2a: jim's pillow|move: Protect
|
|-heal|p2a: jim's pillow|83/100|[from] item: Leftovers
|upkeep
|turn|13
|
|t:|1666844166
|switch|p2a: jim's ride|Salamence, M|100/100
|-ability|p2a: jim's ride|Intimidate|boost
|-fail|p1a: Mamoswine|unboost|Attack|[from] ability: Oblivious|[of] p1a: Mamoswine
|move|p1a: Mamoswine|Knock Off|p2a: jim's ride
|-damage|p2a: jim's ride|63/100
|-enditem|p2a: jim's ride|Heavy-Duty Boots|[from] move: Knock Off|[of] p1a: Mamoswine
|-damage|p1a: Mamoswine|91/100|[from] item: Life Orb
|
|upkeep
|turn|14
|
|t:|1666844187
|move|p2a: jim's ride|Defog|p1a: Mamoswine
|-unboost|p1a: Mamoswine|evasion|1
|-sideend|p2: pokemonisfun|Stealth Rock|[from] move: Defog|[of] p2a: jim's ride
|move|p1a: Mamoswine|Icicle Crash|p2a: jim's ride
|-supereffective|p2a: jim's ride
|-damage|p2a: jim's ride|0 fnt
|faint|p2a: jim's ride
|-damage|p1a: Mamoswine|81/100|[from] item: Life Orb
|
|upkeep
|
|t:|1666844201
|switch|p2a: jim's pet|Swampert, M|80/100
|turn|15
|
|t:|1666844209
|switch|p1a: Tsareena|Tsareena, F|95/100 tox
|move|p2a: jim's pet|Stealth Rock|p1a: Tsareena
|-sidestart|p1: Queen of Bean ✿|move: Stealth Rock
|
|-heal|p2a: jim's pet|86/100|[from] item: Leftovers
|-damage|p1a: Tsareena|89/100 tox|[from] psn
|upkeep
|turn|16
|
|t:|1666844222
|switch|p2a: jim's pillow|Jirachi|83/100
|move|p1a: Tsareena|Rapid Spin|p2a: jim's pillow
|-resisted|p2a: jim's pillow
|-damage|p2a: jim's pillow|76/100
|-boost|p1a: Tsareena|spe|1
|-sideend|p1: Queen of Bean ✿|Stealth Rock|[from] move: Rapid Spin|[of] p1a: Tsareena
|
|-heal|p2a: jim's pillow|82/100|[from] item: Leftovers
|-damage|p1a: Tsareena|77/100 tox|[from] psn
|upkeep
|turn|17
|
|t:|1666844229
|switch|p1a: Cobalion|Cobalion|85/100
|move|p2a: jim's pillow|Protect||[still]
|-fail|p2a: jim's pillow
|
|-heal|p2a: jim's pillow|88/100|[from] item: Leftovers
|upkeep
|turn|18
|
|t:|1666844235
|switch|p2a: jim's pet|Swampert, M|86/100
|move|p1a: Cobalion|Stealth Rock|p2a: jim's pet
|-sidestart|p2: pokemonisfun|move: Stealth Rock
|
|-heal|p2a: jim's pet|92/100|[from] item: Leftovers
|upkeep
|turn|19
|
|t:|1666844241
|move|p1a: Cobalion|Toxic|p2a: jim's pet
|-status|p2a: jim's pet|tox
|move|p2a: jim's pet|Earthquake|p1a: Cobalion
|-supereffective|p1a: Cobalion
|-damage|p1a: Cobalion|24/100
|
|-heal|p2a: jim's pet|99/100 tox|[from] item: Leftovers
|-damage|p2a: jim's pet|92/100 tox|[from] psn
|upkeep
|turn|20
|
|t:|1666844263
|switch|p1a: Tsareena|Tsareena, F|77/100 tox
|move|p2a: jim's pet|Stealth Rock|p1a: Tsareena
|-sidestart|p1: Queen of Bean ✿|move: Stealth Rock
|
|-heal|p2a: jim's pet|99/100 tox|[from] item: Leftovers
|-damage|p1a: Tsareena|71/100 tox|[from] psn
|-damage|p2a: jim's pet|86/100 tox|[from] psn
|upkeep
|turn|21
|
|t:|1666844287
|move|p1a: Tsareena|U-turn|p2a: jim's pet
|-damage|p2a: jim's pet|71/100 tox
|
|t:|1666844296
|switch|p1a: Slowking|Slowking, F|100/100|[from]move: U-turn
|move|p2a: jim's pet|Flip Turn|p1a: Slowking
|-resisted|p1a: Slowking
|-damage|p1a: Slowking|93/100
|
|t:|1666844307
|switch|p2a: jim's madness|Hydreigon, M|100/100|[from]move: Flip Turn
|-damage|p2a: jim's madness|88/100|[from] Stealth Rock
|
|upkeep
|turn|22
|
|t:|1666844321
|move|p2a: jim's madness|Dark Pulse|p1a: Slowking
|-supereffective|p1a: Slowking
|-damage|p1a: Slowking|27/100
|move|p1a: Slowking|Teleport|p1a: Slowking
|
|t:|1666844336
|switch|p1a: Cobalion|Cobalion|24/100|[from]move: Teleport
|-damage|p1a: Cobalion|21/100|[from] Stealth Rock
|
|upkeep
|turn|23
|
|t:|1666844345
|move|p2a: jim's madness|Dark Pulse|p1a: Cobalion
|-resisted|p1a: Cobalion
|-damage|p1a: Cobalion|0 fnt
|faint|p1a: Cobalion
|
|upkeep
|
|t:|1666844351
|switch|p1a: Nihilego|Nihilego|100/100
|-damage|p1a: Nihilego|88/100|[from] Stealth Rock
|turn|24
|
|t:|1666844368
|switch|p2a: jim's pillow|Jirachi|88/100
|-damage|p2a: jim's pillow|82/100|[from] Stealth Rock
|move|p1a: Nihilego|Power Gem|p2a: jim's pillow
|-resisted|p2a: jim's pillow
|-damage|p2a: jim's pillow|65/100
|
|-heal|p2a: jim's pillow|71/100|[from] item: Leftovers
|upkeep
|turn|25
|
|t:|1666844378
|switch|p1a: Salamence|Salamence, M|65/100
|-damage|p1a: Salamence|41/100|[from] Stealth Rock
|-ability|p1a: Salamence|Intimidate|boost
|-unboost|p2a: jim's pillow|atk|1
|move|p2a: jim's pillow|Wish|p2a: jim's pillow
|
|-heal|p2a: jim's pillow|77/100|[from] item: Leftovers
|upkeep
|turn|26
|
|t:|1666844382
|move|p2a: jim's pillow|U-turn|p1a: Salamence
|-resisted|p1a: Salamence
|-damage|p1a: Salamence|36/100
|
|t:|1666844390
|switch|p2a: jim's pet|Swampert, M|71/100 tox|[from]move: U-turn
|-damage|p2a: jim's pet|65/100 tox|[from] Stealth Rock
|move|p1a: Salamence|Roost|p1a: Salamence
|-heal|p1a: Salamence|86/100
|-singleturn|p1a: Salamence|move: Roost
|
|-heal|p2a: jim's pet|100/100 tox|[from] move: Wish|[wisher] jim's pillow
|-damage|p2a: jim's pet|94/100 tox|[from] psn
|upkeep
|turn|27
|
|t:|1666844396
|move|p1a: Salamence|Wish|p1a: Salamence
|move|p2a: jim's pet|Toxic|p1a: Salamence|[miss]
|-miss|p2a: jim's pet|p1a: Salamence
|
|-heal|p2a: jim's pet|100/100 tox|[from] item: Leftovers
|-damage|p2a: jim's pet|88/100 tox|[from] psn
|upkeep
|turn|28
|c|☆Queen of Bean ✿|sorry
|l| Poawh
|
|t:|1666844411
|switch|p1a: Tsareena|Tsareena, F|71/100 tox
|move|p2a: jim's pet|Flip Turn|p1a: Tsareena
|-resisted|p1a: Tsareena
|-damage|p1a: Tsareena|57/100 tox
|
|t:|1666844420
|switch|p2a: jim's pillow|Jirachi|77/100|[from]move: Flip Turn
|-damage|p2a: jim's pillow|71/100|[from] Stealth Rock
|
|-heal|p1a: Tsareena|100/100 tox|[from] move: Wish|[wisher] Salamence
|-heal|p2a: jim's pillow|77/100|[from] item: Leftovers
|-damage|p1a: Tsareena|95/100 tox|[from] psn
|upkeep
|turn|29
|
|t:|1666844429
|switch|p1a: Mamoswine|Mamoswine, M|81/100
|-damage|p1a: Mamoswine|68/100|[from] Stealth Rock
|move|p2a: jim's pillow|Protect||[still]
|-fail|p2a: jim's pillow
|
|-heal|p2a: jim's pillow|83/100|[from] item: Leftovers
|upkeep
|turn|30
|
|t:|1666844438
|move|p2a: jim's pillow|Protect|p2a: jim's pillow
|-singleturn|p2a: jim's pillow|Protect
|move|p1a: Mamoswine|Knock Off|p2a: jim's pillow
|-activate|p2a: jim's pillow|move: Protect
|
|-heal|p2a: jim's pillow|89/100|[from] item: Leftovers
|upkeep
|turn|31
|
|t:|1666844447
|move|p2a: jim's pillow|Protect||[still]
|-fail|p2a: jim's pillow
|move|p1a: Mamoswine|Earthquake|p2a: jim's pillow
|-supereffective|p2a: jim's pillow
|-damage|p2a: jim's pillow|0 fnt
|faint|p2a: jim's pillow
|-damage|p1a: Mamoswine|58/100|[from] item: Life Orb
|
|upkeep
|c|☆Queen of Bean ✿|misclick?
|c|☆pokemonisfun|sleepy
|c|☆Queen of Bean ✿|yes
|
|t:|1666844471
|switch|p2a: jim's guard|Conkeldurr, F|70/100 brn
|-damage|p2a: jim's guard|64/100 brn|[from] Stealth Rock
|turn|32
|
|t:|1666844483
|switch|p1a: Salamence|Salamence, M|86/100
|-damage|p1a: Salamence|61/100|[from] Stealth Rock
|-ability|p1a: Salamence|Intimidate|boost
|-unboost|p2a: jim's guard|atk|1
|move|p2a: jim's guard|Facade|p1a: Salamence
|-damage|p1a: Salamence|15/100
|
|-damage|p2a: jim's guard|58/100 brn|[from] brn
|upkeep
|turn|33
|
|t:|1666844493
|move|p1a: Salamence|Roost|p1a: Salamence
|-heal|p1a: Salamence|65/100
|-singleturn|p1a: Salamence|move: Roost
|move|p2a: jim's guard|Close Combat|p1a: Salamence
|-damage|p1a: Salamence|2/100
|-unboost|p2a: jim's guard|def|1
|-unboost|p2a: jim's guard|spd|1
|
|-damage|p2a: jim's guard|52/100 brn|[from] brn
|upkeep
|turn|34
|c|☆Queen of Bean ✿|o wait
|
|t:|1666844506
|move|p2a: jim's guard|Mach Punch|p1a: Salamence
|-resisted|p1a: Salamence
|-damage|p1a: Salamence|0 fnt
|faint|p1a: Salamence
|
|-damage|p2a: jim's guard|46/100 brn|[from] brn
|upkeep
|
|t:|1666844511
|switch|p1a: Nihilego|Nihilego|88/100
|-damage|p1a: Nihilego|76/100|[from] Stealth Rock
|turn|35
|
|t:|1666844537
|move|p2a: jim's guard|Mach Punch|p1a: Nihilego
|-damage|p1a: Nihilego|36/100
|move|p1a: Nihilego|Sludge Wave|p2a: jim's guard
|-damage|p2a: jim's guard|0 fnt
|faint|p2a: jim's guard
|-ability|p1a: Nihilego|Beast Boost|boost
|-boost|p1a: Nihilego|spa|1
|
|upkeep
|l|☆Queen of Bean ✿
|player|p1|
|
|t:|1666844582
|switch|p2a: jim's pet|Swampert, M|88/100 tox
|-damage|p2a: jim's pet|82/100 tox|[from] Stealth Rock
|turn|36
|j|☆Queen of Bean ✿
|player|p1|Queen of Bean ✿|hexmaniac-gen6
|
|t:|1666844592
|switch|p1a: Slowking|Slowking, F|60/100
|move|p2a: jim's pet|Flip Turn|p1a: Slowking
|-resisted|p1a: Slowking
|-crit|p1a: Slowking
|-damage|p1a: Slowking|47/100
|
|t:|1666844597
|switch|p2a: jim's madness|Hydreigon, M|88/100|[from]move: Flip Turn
|-damage|p2a: jim's madness|76/100|[from] Stealth Rock
|
|upkeep
|turn|37
|l|☆Queen of Bean ✿
|player|p1|
|j|☆Queen of Bean ✿
|player|p1|Queen of Bean ✿|hexmaniac-gen6
|c|☆Queen of Bean ✿|sorry
|
|t:|1666844678
|move|p2a: jim's madness|Dark Pulse|p1a: Slowking
|-supereffective|p1a: Slowking
|-damage|p1a: Slowking|0 fnt
|faint|p1a: Slowking
|
|upkeep
|
|t:|1666844684
|switch|p1a: Tsareena|Tsareena, F|95/100 tox
|turn|38
|
|t:|1666844711
|switch|p2a: jim|Regice|100/100
|move|p1a: Tsareena|Power Whip|p2a: jim
|-damage|p2a: jim|55/100
|
|-damage|p1a: Tsareena|89/100 tox|[from] psn
|upkeep
|turn|39
|
|t:|1666844721
|move|p1a: Tsareena|U-turn|p2a: jim
|-damage|p2a: jim|36/100
|
|t:|1666844723
|switch|p1a: Mamoswine|Mamoswine, M|58/100|[from]move: U-turn
|-damage|p1a: Mamoswine|46/100|[from] Stealth Rock
|move|p2a: jim|Ice Beam|p1a: Mamoswine
|-damage|p1a: Mamoswine|0 fnt
|faint|p1a: Mamoswine
|
|upkeep
|c|☆Queen of Bean ✿|omg
|c|☆Queen of Bean ✿|i didnt know that koed
|
|t:|1666844734
|switch|p1a: Nihilego|Nihilego|36/100
|-damage|p1a: Nihilego|23/100|[from] Stealth Rock
|turn|40
|
|t:|1666844756
|move|p1a: Nihilego|Power Gem|p2a: jim
|-supereffective|p2a: jim
|-damage|p2a: jim|0 fnt
|faint|p2a: jim
|-ability|p1a: Nihilego|Beast Boost|boost
|-boost|p1a: Nihilego|spa|1
|
|upkeep
|
|t:|1666844765
|switch|p2a: jim's madness|Hydreigon, M|76/100
|-damage|p2a: jim's madness|64/100|[from] Stealth Rock
|turn|41
|
|t:|1666844771
|move|p1a: Nihilego|Power Gem|p2a: jim's madness
|-damage|p2a: jim's madness|0 fnt
|faint|p2a: jim's madness
|-ability|p1a: Nihilego|Beast Boost|boost
|-boost|p1a: Nihilego|spa|1
|
|upkeep
|
|t:|1666844774
|switch|p2a: jim's pet|Swampert, M|82/100 tox
|-damage|p2a: jim's pet|76/100 tox|[from] Stealth Rock
|turn|42
|c|☆Queen of Bean ✿|gg!
|
|t:|1666844779
|move|p1a: Nihilego|Power Gem|p2a: jim's pet
|-resisted|p2a: jim's pet
|-damage|p2a: jim's pet|41/100 tox
|move|p2a: jim's pet|Flip Turn|p1a: Nihilego
|-supereffective|p1a: Nihilego
|-damage|p1a: Nihilego|0 fnt
|faint|p1a: Nihilego
|
|-heal|p2a: jim's pet|47/100 tox|[from] item: Leftovers
|-damage|p2a: jim's pet|41/100 tox|[from] psn
|upkeep
|
|t:|1666844783
|switch|p1a: Tsareena|Tsareena, F|89/100 tox
|turn|43
|c|☆pokemonisfun|gg
|c|☆Queen of Bean ✿|sorry
|
|t:|1666844793
|move|p1a: Tsareena|Power Whip|p2a: jim's pet
|-supereffective|p2a: jim's pet
|-damage|p2a: jim's pet|0 fnt
|faint|p2a: jim's pet
|
|win|Queen of Bean ✿
|raw|Queen of Bean ✿'s rating: 1485 &rarr; <strong>1518</strong><br />(+33 for winning)
|raw|pokemonisfun's rating: 1768 &rarr; <strong>1735</strong><br />(-33 for losing)
|c|☆Queen of Bean ✿|sleep well
|l|☆pokemonisfun
|c|☆Queen of Bean ✿|:)
