|j|☆St. 78
|j|☆CarelessCryogonals
|t:|1596851697
|player|p1|St. 78|2|1533
|player|p2|CarelessCryogonals|zinzolin|1385
|teamsize|p1|6
|teamsize|p2|6
|gametype|singles
|gen|8
|tier|[Gen 8] UU
|rated|
|clearpoke
|poke|p1|Chandelure, F|
|poke|p1|Cobalion|
|poke|p1|Weezing-Galar, F|
|poke|p1|Umbreon, F|
|poke|p1|Noivern, F|
|poke|p1|Krookodile, F|
|poke|p2|Palossand, M|
|poke|p2|Jirachi|
|poke|p2|Dragalge, F|
|poke|p2|Tsareena, F|
|poke|p2|Heliolisk, M|
|poke|p2|Mienshao, F|
|rule|Sleep Clause Mod: Limit one foe put to sleep
|rule|Species Clause: Limit one of each Pokémon
|rule|OHKO Clause: OHKO moves are banned
|rule|Evasion Moves Clause: Evasion moves are banned
|rule|Endless Battle Clause: Forcing endless battles is banned
|rule|HP Percentage Mod: HP is shown in percentages
|rule|Dynamax Clause: You cannot dynamax
|teampreview
|inactive|Battle timer is ON: inactive players will automatically lose when time's up. (requested by CarelessCryogonals)
|
|t:|1596851731
|start
|switch|p1a: Supreme|Noivern, F|100/100
|switch|p2a: Mienshao|Mienshao, F|100/100
|turn|1
|
|t:|1596851740
|switch|p2a: Jirachi|Jirachi|100/100
|move|p1a: Supreme|U-turn|p2a: Jirachi
|-damage|p2a: Jirachi|91/100
|
|t:|1596851745
|switch|p1a: Dior|Krookodile, F|100/100|[from]move: U-turn
|-ability|p1a: Dior|Intimidate|boost
|-unboost|p2a: Jirachi|atk|1
|
|-heal|p2a: Jirachi|98/100|[from] item: Leftovers
|upkeep
|turn|2
|
|t:|1596851752
|move|p1a: Dior|Knock Off|p2a: Jirachi
|-supereffective|p2a: Jirachi
|-damage|p2a: Jirachi|25/100
|-enditem|p2a: Jirachi|Leftovers|[from] move: Knock Off|[of] p1a: Dior
|move|p2a: Jirachi|U-turn|p1a: Dior
|-supereffective|p1a: Dior
|-damage|p1a: Dior|74/100
|
|t:|1596851756
|switch|p2a: Mienshao|Mienshao, F|100/100|[from]move: U-turn
|
|upkeep
|turn|3
|
|t:|1596851775
|switch|p1a: John Elliot|Cobalion|100/100
|move|p2a: Mienshao|Knock Off|p1a: John Elliot
|-resisted|p1a: John Elliot
|-damage|p1a: John Elliot|85/100
|-damage|p2a: Mienshao|84/100|[from] item: Rocky Helmet|[of] p1a: John Elliot
|-ability|p1a: John Elliot|Justified|boost
|-boost|p1a: John Elliot|atk|1
|-enditem|p1a: John Elliot|Rocky Helmet|[from] move: Knock Off|[of] p2a: Mienshao
|
|upkeep
|turn|4
|
|t:|1596851791
|switch|p2a: Palossand|Palossand, M|100/100
|switch|p1a: Rhude|Chandelure, F|100/100
|
|upkeep
|turn|5
|
|t:|1596851797
|switch|p2a: Dragalge|Dragalge, F|100/100
|move|p1a: Rhude|Flamethrower|p2a: Dragalge
|-resisted|p2a: Dragalge
|-damage|p2a: Dragalge|80/100
|
|-heal|p2a: Dragalge|86/100|[from] item: Black Sludge
|upkeep
|turn|6
|
|t:|1596851808
|switch|p1a: Uniqlo|Umbreon, F|100/100
|move|p2a: Dragalge|Toxic Spikes|p1a: Uniqlo
|-sidestart|p1: St. 78|move: Toxic Spikes
|
|-heal|p2a: Dragalge|92/100|[from] item: Black Sludge
|upkeep
|turn|7
|
|t:|1596851816
|move|p1a: Uniqlo|Wish|p1a: Uniqlo
|move|p2a: Dragalge|Toxic Spikes|p1a: Uniqlo
|-sidestart|p1: St. 78|move: Toxic Spikes
|
|-heal|p2a: Dragalge|98/100|[from] item: Black Sludge
|upkeep
|turn|8
|
|t:|1596851823
|switch|p1a: John Elliot|Cobalion|85/100
|move|p2a: Dragalge|Flip Turn|p1a: John Elliot
|-damage|p1a: John Elliot|77/100
|
|t:|1596851827
|switch|p2a: Palossand|Palossand, M|100/100|[from]move: Flip Turn
|
|-heal|p1a: John Elliot|100/100|[from] move: Wish|[wisher] Uniqlo
|upkeep
|turn|9
|
|t:|1596851838
|switch|p1a: Supreme|Noivern, F|100/100
|move|p2a: Palossand|Shadow Ball|p1a: Supreme
|-damage|p1a: Supreme|68/100
|
|upkeep
|turn|10
|
|t:|1596851845
|switch|p2a: Jirachi|Jirachi|25/100
|move|p1a: Supreme|Defog|p2a: Jirachi
|-unboost|p2a: Jirachi|evasion|1
|-sideend|p1: St. 78|Toxic Spikes|[from] move: Defog|[of] p1a: Supreme
|
|upkeep
|turn|11
|
|t:|1596851851
|move|p2a: Jirachi|Protect|p2a: Jirachi
|-singleturn|p2a: Jirachi|Protect
|move|p1a: Supreme|U-turn|p2a: Jirachi
|-activate|p2a: Jirachi|move: Protect
|
|upkeep
|turn|12
|
|t:|1596851856
|move|p1a: Supreme|U-turn|p2a: Jirachi
|-damage|p2a: Jirachi|16/100
|
|t:|1596851859
|switch|p1a: Dior|Krookodile, F|74/100|[from]move: U-turn
|-ability|p1a: Dior|Intimidate|boost
|-unboost|p2a: Jirachi|atk|1
|move|p2a: Jirachi|Wish|p2a: Jirachi
|
|upkeep
|turn|13
|
|t:|1596851866
|move|p2a: Jirachi|Protect|p2a: Jirachi
|-singleturn|p2a: Jirachi|Protect
|move|p1a: Dior|Earthquake|p2a: Jirachi
|-activate|p2a: Jirachi|move: Protect
|
|-heal|p2a: Jirachi|66/100|[from] move: Wish|[wisher] Jirachi
|upkeep
|turn|14
|
|t:|1596851874
|switch|p2a: Tsareena|Tsareena, F|100/100
|move|p1a: Dior|Earthquake|p2a: Tsareena
|-resisted|p2a: Tsareena
|-damage|p2a: Tsareena|73/100
|
|upkeep
|turn|15
|
|t:|1596851884
|switch|p1a: True Religion|Weezing-Galar, F|100/100
|move|p2a: Tsareena|U-turn|p1a: True Religion
|-resisted|p1a: True Religion
|-damage|p1a: True Religion|96/100
|
|t:|1596851888
|switch|p2a: Dragalge|Dragalge, F|98/100|[from]move: U-turn
|
|-heal|p1a: True Religion|100/100|[from] item: Black Sludge
|-heal|p2a: Dragalge|100/100|[from] item: Black Sludge
|upkeep
|turn|16
|
|t:|1596851907
|switch|p1a: John Elliot|Cobalion|100/100
|move|p2a: Dragalge|Sludge Wave|p1a: John Elliot
|-immune|p1a: John Elliot
|
|upkeep
|turn|17
|
|t:|1596851915
|move|p1a: John Elliot|Stealth Rock|p2a: Dragalge
|-sidestart|p2: CarelessCryogonals|move: Stealth Rock
|move|p2a: Dragalge|Toxic Spikes|p1a: John Elliot
|-sidestart|p1: St. 78|move: Toxic Spikes
|
|upkeep
|turn|18
|
|t:|1596851922
|switch|p2a: Palossand|Palossand, M|100/100
|-damage|p2a: Palossand|94/100|[from] Stealth Rock
|move|p1a: John Elliot|Iron Head|p2a: Palossand
|-damage|p2a: Palossand|74/100
|
|upkeep
|turn|19
|
|t:|1596851942
|switch|p1a: True Religion|Weezing-Galar, F|100/100
|move|p2a: Palossand|Stealth Rock|p1a: True Religion
|-sidestart|p1: St. 78|move: Stealth Rock
|
|upkeep
|turn|20
|
|t:|1596851947
|move|p1a: True Religion|Strange Steam|p2a: Palossand
|-damage|p2a: Palossand|40/100
|-start|p2a: Palossand|confusion
|-activate|p2a: Palossand|confusion
|move|p2a: Palossand|Shadow Ball|p1a: True Religion
|-damage|p1a: True Religion|64/100
|-unboost|p1a: True Religion|spd|1
|
|-heal|p1a: True Religion|70/100|[from] item: Black Sludge
|upkeep
|turn|21
|
|t:|1596851957
|switch|p1a: Rhude|Chandelure, F|100/100
|switch|p2a: Jirachi|Jirachi|66/100
|-damage|p2a: Jirachi|60/100|[from] Stealth Rock
|
|upkeep
|turn|22
|
|t:|1596851975
|move|p2a: Jirachi|Protect|p2a: Jirachi
|-singleturn|p2a: Jirachi|Protect
|move|p1a: Rhude|Flamethrower|p2a: Jirachi
|-activate|p2a: Jirachi|move: Protect
|
|upkeep
|turn|23
|
|t:|1596851982
|switch|p2a: Dragalge|Dragalge, F|100/100
|-damage|p2a: Dragalge|88/100|[from] Stealth Rock
|move|p1a: Rhude|Hex|p2a: Dragalge
|-crit|p2a: Dragalge
|-damage|p2a: Dragalge|47/100
|
|-heal|p2a: Dragalge|53/100|[from] item: Black Sludge
|upkeep
|turn|24
|
|t:|1596851992
|switch|p1a: John Elliot|Cobalion|100/100
|-damage|p1a: John Elliot|97/100|[from] Stealth Rock
|move|p2a: Dragalge|Flip Turn|p1a: John Elliot
|-damage|p1a: John Elliot|89/100
|
|t:|1596851994
|switch|p2a: Mienshao|Mienshao, F|100/100|[from]move: Flip Turn
|-damage|p2a: Mienshao|95/100|[from] Stealth Rock
|
|upkeep
|turn|25
|
|t:|1596852010
|switch|p1a: Supreme|Noivern, F|68/100
|move|p2a: Mienshao|Knock Off|p1a: Supreme
|-damage|p1a: Supreme|29/100
|-enditem|p1a: Supreme|Heavy-Duty Boots|[from] move: Knock Off|[of] p2a: Mienshao
|
|upkeep
|turn|26
|j| Windfall164
|
|t:|1596852017
|switch|p2a: Jirachi|Jirachi|60/100
|-damage|p2a: Jirachi|53/100|[from] Stealth Rock
|move|p1a: Supreme|Roost|p1a: Supreme
|-heal|p1a: Supreme|79/100
|-singleturn|p1a: Supreme|move: Roost
|
|upkeep
|turn|27
|
|t:|1596852025
|move|p1a: Supreme|U-turn|p2a: Jirachi
|-damage|p2a: Jirachi|45/100
|l| Windfall164
|
|t:|1596852033
|switch|p1a: John Elliot|Cobalion|89/100|[from]move: U-turn
|-damage|p1a: John Elliot|86/100|[from] Stealth Rock
|move|p2a: Jirachi|Wish|p2a: Jirachi
|
|upkeep
|turn|28
|
|t:|1596852040
|move|p2a: Jirachi|Protect|p2a: Jirachi
|-singleturn|p2a: Jirachi|Protect
|move|p1a: John Elliot|Iron Head|p2a: Jirachi
|-activate|p2a: Jirachi|move: Protect
|
|-heal|p2a: Jirachi|95/100|[from] move: Wish|[wisher] Jirachi
|upkeep
|turn|29
|
|t:|1596852049
|move|p1a: John Elliot|Volt Switch|p2a: Jirachi
|-damage|p2a: Jirachi|83/100
|
|t:|1596852057
|switch|p1a: Supreme|Noivern, F|79/100|[from]move: Volt Switch
|-damage|p1a: Supreme|54/100|[from] Stealth Rock
|move|p2a: Jirachi|Wish|p2a: Jirachi
|
|upkeep
|turn|30
|
|t:|1596852071
|move|p1a: Supreme|Defog|p2a: Jirachi
|-unboost|p2a: Jirachi|evasion|1
|-sideend|p2: CarelessCryogonals|Stealth Rock|[from] move: Defog|[of] p1a: Supreme
|-sideend|p1: St. 78|Toxic Spikes|[from] move: Defog|[of] p1a: Supreme
|-sideend|p1: St. 78|Stealth Rock|[from] move: Defog|[of] p1a: Supreme
|move|p2a: Jirachi|U-turn|p1a: Supreme
|-resisted|p1a: Supreme
|-damage|p1a: Supreme|45/100
|
|t:|1596852076
|switch|p2a: Palossand|Palossand, M|40/100|[from]move: U-turn
|
|-heal|p2a: Palossand|94/100|[from] move: Wish|[wisher] Jirachi
|upkeep
|turn|31
|
|t:|1596852086
|switch|p2a: Jirachi|Jirachi|83/100
|move|p1a: Supreme|Roost|p1a: Supreme
|-heal|p1a: Supreme|95/100
|-singleturn|p1a: Supreme|move: Roost
|
|upkeep
|turn|32
|
|t:|1596852101
|move|p1a: Supreme|U-turn|p2a: Jirachi
|-damage|p2a: Jirachi|73/100
|
|t:|1596852105
|switch|p1a: Dior|Krookodile, F|74/100|[from]move: U-turn
|-ability|p1a: Dior|Intimidate|boost
|-unboost|p2a: Jirachi|atk|1
|move|p2a: Jirachi|Wish|p2a: Jirachi
|
|upkeep
|turn|33
|
|t:|1596852111
|move|p2a: Jirachi|Protect|p2a: Jirachi
|-singleturn|p2a: Jirachi|Protect
|move|p1a: Dior|Knock Off|p2a: Jirachi
|-activate|p2a: Jirachi|move: Protect
|
|-heal|p2a: Jirachi|100/100|[from] move: Wish|[wisher] Jirachi
|upkeep
|turn|34
|
|t:|1596852120
|move|p1a: Dior|Knock Off|p2a: Jirachi
|-supereffective|p2a: Jirachi
|-damage|p2a: Jirachi|51/100
|move|p2a: Jirachi|U-turn|p1a: Dior
|-supereffective|p1a: Dior
|-crit|p1a: Dior
|-damage|p1a: Dior|15/100
|
|t:|1596852127
|switch|p2a: Heliolisk|Heliolisk, M|100/100|[from]move: U-turn
|
|upkeep
|turn|35
|inactive|St. 78 has 120 seconds left.
|
|t:|1596852169
|switch|p1a: Rhude|Chandelure, F|100/100
|move|p2a: Heliolisk|Hyper Voice|p1a: Rhude
|-immune|p1a: Rhude
|
|upkeep
|turn|36
|
|t:|1596852183
|switch|p2a: Dragalge|Dragalge, F|53/100
|move|p1a: Rhude|Flamethrower|p2a: Dragalge
|-resisted|p2a: Dragalge
|-damage|p2a: Dragalge|36/100
|
|-heal|p2a: Dragalge|42/100|[from] item: Black Sludge
|upkeep
|turn|37
|inactive|St. 78 has 120 seconds left.
|
|t:|1596852192
|move|p1a: Rhude|Hex|p2a: Dragalge
|-damage|p2a: Dragalge|13/100
|move|p2a: Dragalge|Flip Turn|p1a: Rhude
|-supereffective|p1a: Rhude
|-damage|p1a: Rhude|71/100
|
|t:|1596852213
|switch|p2a: Heliolisk|Heliolisk, M|100/100|[from]move: Flip Turn
|
|upkeep
|turn|38
|
|t:|1596852225
|move|p1a: Rhude|Protect|p1a: Rhude
|-singleturn|p1a: Rhude|Protect
|move|p2a: Heliolisk|Surf|p1a: Rhude
|-activate|p1a: Rhude|move: Protect
|
|upkeep
|turn|39
|inactive|CarelessCryogonals has 120 seconds left.
|
|t:|1596852247
|switch|p1a: Uniqlo|Umbreon, F|100/100
|move|p2a: Heliolisk|Surf|p1a: Uniqlo
|-damage|p1a: Uniqlo|81/100
|-damage|p2a: Heliolisk|91/100|[from] item: Life Orb
|
|-heal|p1a: Uniqlo|87/100|[from] item: Leftovers
|upkeep
|turn|40
|inactive|CarelessCryogonals has 120 seconds left.
|
|t:|1596852269
|move|p2a: Heliolisk|Volt Switch|p1a: Uniqlo
|-damage|p1a: Uniqlo|66/100
|-damage|p2a: Heliolisk|81/100|[from] item: Life Orb
|
|t:|1596852273
|switch|p2a: Mienshao|Mienshao, F|100/100|[from]move: Volt Switch
|move|p1a: Uniqlo|Foul Play|p2a: Mienshao
|-resisted|p2a: Mienshao
|-damage|p2a: Mienshao|54/100
|
|-heal|p1a: Uniqlo|72/100|[from] item: Leftovers
|upkeep
|turn|41
|inactive|CarelessCryogonals has 120 seconds left.
|
|t:|1596852282
|move|p1a: Uniqlo|Protect|p1a: Uniqlo
|-singleturn|p1a: Uniqlo|Protect
|move|p2a: Mienshao|Close Combat|p1a: Uniqlo
|-activate|p1a: Uniqlo|move: Protect
|
|-heal|p1a: Uniqlo|78/100|[from] item: Leftovers
|upkeep
|turn|42
|
|t:|1596852292
|switch|p2a: Palossand|Palossand, M|94/100
|switch|p1a: Rhude|Chandelure, F|71/100
|
|upkeep
|turn|43
|
|t:|1596852302
|switch|p2a: Heliolisk|Heliolisk, M|81/100
|move|p1a: Rhude|Hex|p2a: Heliolisk
|-immune|p2a: Heliolisk
|
|upkeep
|turn|44
|
|t:|1596852308
|move|p1a: Rhude|Protect|p1a: Rhude
|-singleturn|p1a: Rhude|Protect
|move|p2a: Heliolisk|Volt Switch|p1a: Rhude
|-activate|p1a: Rhude|move: Protect
|
|upkeep
|turn|45
|
|t:|1596852320
|move|p2a: Heliolisk|Thunderbolt|p1a: Rhude
|-damage|p1a: Rhude|0 fnt
|-damage|p2a: Heliolisk|71/100|[from] item: Life Orb
|faint|p1a: Rhude
|
|upkeep
|
|t:|1596852330
|switch|p1a: Dior|Krookodile, F|15/100
|-ability|p1a: Dior|Intimidate|boost
|-unboost|p2a: Heliolisk|atk|1
|turn|46
|
|t:|1596852337
|switch|p2a: Tsareena|Tsareena, F|73/100
|move|p1a: Dior|Earthquake|p2a: Tsareena
|-resisted|p2a: Tsareena
|-damage|p2a: Tsareena|47/100
|
|upkeep
|turn|47
|
|t:|1596852345
|switch|p1a: Supreme|Noivern, F|95/100
|move|p2a: Tsareena|Knock Off|p1a: Supreme
|-damage|p1a: Supreme|68/100
|
|upkeep
|turn|48
|
|t:|1596852354
|move|p1a: Supreme|U-turn|p2a: Tsareena
|-supereffective|p2a: Tsareena
|-damage|p2a: Tsareena|19/100
|
|t:|1596852361
|switch|p1a: John Elliot|Cobalion|86/100|[from]move: U-turn
|move|p2a: Tsareena|U-turn|p1a: John Elliot
|-resisted|p1a: John Elliot
|-damage|p1a: John Elliot|80/100
|
|t:|1596852369
|switch|p2a: Mienshao|Mienshao, F|87/100|[from]move: U-turn
|
|upkeep
|turn|49
|
|t:|1596852375
|switch|p1a: True Religion|Weezing-Galar, F|70/100
|move|p2a: Mienshao|Knock Off|p1a: True Religion
|-resisted|p1a: True Religion
|-damage|p1a: True Religion|61/100
|-enditem|p1a: True Religion|Black Sludge|[from] move: Knock Off|[of] p2a: Mienshao
|
|upkeep
|turn|50
|
|t:|1596852384
|switch|p2a: Jirachi|Jirachi|51/100
|move|p1a: True Religion|Flamethrower|p2a: Jirachi
|-supereffective|p2a: Jirachi
|-damage|p2a: Jirachi|20/100
|
|upkeep
|turn|51
|
|t:|1596852397
|move|p2a: Jirachi|Protect|p2a: Jirachi
|-singleturn|p2a: Jirachi|Protect
|move|p1a: True Religion|Flamethrower|p2a: Jirachi
|-activate|p2a: Jirachi|move: Protect
|
|upkeep
|turn|52
|
|t:|1596852406
|switch|p2a: Dragalge|Dragalge, F|13/100
|move|p1a: True Religion|Flamethrower|p2a: Dragalge
|-resisted|p2a: Dragalge
|-damage|p2a: Dragalge|6/100
|
|-heal|p2a: Dragalge|12/100|[from] item: Black Sludge
|upkeep
|turn|53
|
|t:|1596852414
|move|p1a: True Religion|Strange Steam|p2a: Dragalge
|-damage|p2a: Dragalge|0 fnt
|faint|p2a: Dragalge
|
|upkeep
|
|t:|1596852421
|switch|p2a: Heliolisk|Heliolisk, M|71/100
|turn|54
|
|t:|1596852425
|switch|p1a: Uniqlo|Umbreon, F|78/100
|move|p2a: Heliolisk|Volt Switch|p1a: Uniqlo
|-crit|p1a: Uniqlo
|-damage|p1a: Uniqlo|43/100
|-damage|p2a: Heliolisk|61/100|[from] item: Life Orb
|
|t:|1596852432
|switch|p2a: Mienshao|Mienshao, F|100/100|[from]move: Volt Switch
|
|-heal|p1a: Uniqlo|49/100|[from] item: Leftovers
|upkeep
|turn|55
|
|t:|1596852438
|move|p1a: Uniqlo|Protect|p1a: Uniqlo
|-singleturn|p1a: Uniqlo|Protect
|move|p2a: Mienshao|Close Combat|p1a: Uniqlo
|-activate|p1a: Uniqlo|move: Protect
|
|-heal|p1a: Uniqlo|55/100|[from] item: Leftovers
|upkeep
|turn|56
|
|t:|1596852446
|switch|p1a: Supreme|Noivern, F|68/100
|move|p2a: Mienshao|Close Combat|p1a: Supreme
|-resisted|p1a: Supreme
|-damage|p1a: Supreme|34/100
|-unboost|p2a: Mienshao|def|1
|-unboost|p2a: Mienshao|spd|1
|
|upkeep
|turn|57
|
|t:|1596852462
|switch|p1a: True Religion|Weezing-Galar, F|61/100
|move|p2a: Mienshao|Close Combat|p1a: True Religion
|-resisted|p1a: True Religion
|-damage|p1a: True Religion|51/100
|-unboost|p2a: Mienshao|def|1
|-unboost|p2a: Mienshao|spd|1
|
|upkeep
|turn|58
|
|t:|1596852477
|switch|p2a: Tsareena|Tsareena, F|19/100
|move|p1a: True Religion|Toxic Spikes|p2a: Tsareena
|-sidestart|p2: CarelessCryogonals|move: Toxic Spikes
|
|upkeep
|turn|59
|
|t:|1596852485
|move|p2a: Tsareena|Rapid Spin|p1a: True Religion
|-damage|p1a: True Religion|38/100
|-boost|p2a: Tsareena|spe|1
|-sideend|p2: CarelessCryogonals|Toxic Spikes|[from] move: Rapid Spin|[of] p2a: Tsareena
|move|p1a: True Religion|Flamethrower|p2a: Tsareena
|-supereffective|p2a: Tsareena
|-damage|p2a: Tsareena|0 fnt
|faint|p2a: Tsareena
|
|upkeep
|
|t:|1596852490
|switch|p2a: Heliolisk|Heliolisk, M|61/100
|turn|60
|
|t:|1596852506
|switch|p1a: Uniqlo|Umbreon, F|55/100
|move|p2a: Heliolisk|Hyper Voice|p1a: Uniqlo
|-damage|p1a: Uniqlo|30/100
|-damage|p2a: Heliolisk|51/100|[from] item: Life Orb
|
|-heal|p1a: Uniqlo|36/100|[from] item: Leftovers
|upkeep
|turn|61
|
|t:|1596852515
|switch|p2a: Mienshao|Mienshao, F|100/100
|move|p1a: Uniqlo|Wish|p1a: Uniqlo
|
|-heal|p1a: Uniqlo|42/100|[from] item: Leftovers
|upkeep
|turn|62
|
|t:|1596852525
|switch|p1a: True Religion|Weezing-Galar, F|38/100
|move|p2a: Mienshao|U-turn|p1a: True Religion
|-resisted|p1a: True Religion
|-damage|p1a: True Religion|34/100
|
|t:|1596852532
|switch|p2a: Palossand|Palossand, M|94/100|[from]move: U-turn
|
|-heal|p1a: True Religion|93/100|[from] move: Wish|[wisher] Uniqlo
|upkeep
|turn|63
|
|t:|1596852538
|move|p1a: True Religion|Toxic Spikes|p2a: Palossand
|-sidestart|p2: CarelessCryogonals|move: Toxic Spikes
|move|p2a: Palossand|Stealth Rock|p1a: True Religion
|-sidestart|p1: St. 78|move: Stealth Rock
|
|upkeep
|turn|64
|
|t:|1596852544
|switch|p1a: Supreme|Noivern, F|34/100
|-damage|p1a: Supreme|9/100|[from] Stealth Rock
|move|p2a: Palossand|Shadow Ball|p1a: Supreme
|-damage|p1a: Supreme|0 fnt
|faint|p1a: Supreme
|
|upkeep
|
|t:|1596852551
|switch|p1a: Uniqlo|Umbreon, F|42/100
|-damage|p1a: Uniqlo|30/100|[from] Stealth Rock
|turn|65
|
|t:|1596852556
|move|p1a: Uniqlo|Wish|p1a: Uniqlo
|move|p2a: Palossand|Scorching Sands|p1a: Uniqlo
|-damage|p1a: Uniqlo|16/100
|
|-heal|p1a: Uniqlo|22/100|[from] item: Leftovers
|upkeep
|turn|66
|j| JustFranco
|
|t:|1596852564
|move|p1a: Uniqlo|Foul Play|p2a: Palossand
|-supereffective|p2a: Palossand
|-enditem|p2a: Palossand|Colbur Berry|[eat]
|-enditem|p2a: Palossand|Colbur Berry|[weaken]
|-damage|p2a: Palossand|81/100
|move|p2a: Palossand|Scorching Sands|p1a: Uniqlo
|-damage|p1a: Uniqlo|9/100
|
|-heal|p1a: Uniqlo|59/100|[from] move: Wish|[wisher] Uniqlo
|-heal|p1a: Uniqlo|65/100|[from] item: Leftovers
|upkeep
|turn|67
|
|t:|1596852574
|move|p1a: Uniqlo|Wish|p1a: Uniqlo
|move|p2a: Palossand|Scorching Sands|p1a: Uniqlo
|-damage|p1a: Uniqlo|52/100
|
|-heal|p1a: Uniqlo|58/100|[from] item: Leftovers
|upkeep
|turn|68
|
|t:|1596852581
|move|p1a: Uniqlo|Foul Play|p2a: Palossand
|-supereffective|p2a: Palossand
|-damage|p2a: Palossand|58/100
|move|p2a: Palossand|Scorching Sands|p1a: Uniqlo
|-damage|p1a: Uniqlo|45/100
|
|-heal|p1a: Uniqlo|95/100|[from] move: Wish|[wisher] Uniqlo
|-heal|p1a: Uniqlo|100/100|[from] item: Leftovers
|upkeep
|turn|69
|
|t:|1596852590
|move|p1a: Uniqlo|Wish|p1a: Uniqlo
|move|p2a: Palossand|Shore Up|p2a: Palossand
|-heal|p2a: Palossand|100/100
|
|upkeep
|turn|70
|
|t:|1596852595
|move|p1a: Uniqlo|Foul Play|p2a: Palossand
|-supereffective|p2a: Palossand
|-damage|p2a: Palossand|75/100
|move|p2a: Palossand|Scorching Sands|p1a: Uniqlo
|-damage|p1a: Uniqlo|88/100
|-status|p1a: Uniqlo|brn
|
|-heal|p1a: Uniqlo|100/100 brn|[from] move: Wish|[wisher] Uniqlo
|-damage|p1a: Uniqlo|94/100 brn|[from] brn
|upkeep
|turn|71
|
|t:|1596852606
|move|p1a: Uniqlo|Foul Play|p2a: Palossand
|-supereffective|p2a: Palossand
|-damage|p2a: Palossand|62/100
|move|p2a: Palossand|Scorching Sands|p1a: Uniqlo
|-damage|p1a: Uniqlo|81/100 brn
|
|-heal|p1a: Uniqlo|88/100 brn|[from] item: Leftovers
|-damage|p1a: Uniqlo|81/100 brn|[from] brn
|upkeep
|turn|72
|
|t:|1596852616
|move|p1a: Uniqlo|Wish|p1a: Uniqlo
|move|p2a: Palossand|Scorching Sands|p1a: Uniqlo
|-damage|p1a: Uniqlo|69/100 brn
|
|-heal|p1a: Uniqlo|75/100 brn|[from] item: Leftovers
|-damage|p1a: Uniqlo|69/100 brn|[from] brn
|upkeep
|turn|73
|
|t:|1596852628
|move|p1a: Uniqlo|Heal Bell|p1a: Uniqlo
|-activate|p1a: Uniqlo|move: Heal Bell
|-curestatus|p1a: Uniqlo|brn|[msg]
|move|p2a: Palossand|Scorching Sands|p1a: Uniqlo
|-damage|p1a: Uniqlo|56/100
|-status|p1a: Uniqlo|brn
|
|-heal|p1a: Uniqlo|100/100 brn|[from] move: Wish|[wisher] Uniqlo
|-damage|p1a: Uniqlo|94/100 brn|[from] brn
|upkeep
|turn|74
|
|t:|1596852639
|move|p1a: Uniqlo|Foul Play|p2a: Palossand
|-supereffective|p2a: Palossand
|-damage|p2a: Palossand|50/100
|move|p2a: Palossand|Shore Up|p2a: Palossand
|-heal|p2a: Palossand|99/100
|
|-heal|p1a: Uniqlo|100/100 brn|[from] item: Leftovers
|-damage|p1a: Uniqlo|94/100 brn|[from] brn
|upkeep
|turn|75
|
|t:|1596852648
|move|p1a: Uniqlo|Wish|p1a: Uniqlo
|move|p2a: Palossand|Shadow Ball|p1a: Uniqlo
|-resisted|p1a: Uniqlo
|-damage|p1a: Uniqlo|87/100 brn
|
|-heal|p1a: Uniqlo|93/100 brn|[from] item: Leftovers
|-damage|p1a: Uniqlo|87/100 brn|[from] brn
|upkeep
|turn|76
|
|t:|1596852657
|move|p1a: Uniqlo|Heal Bell|p1a: Uniqlo
|-activate|p1a: Uniqlo|move: Heal Bell
|-curestatus|p1a: Uniqlo|brn|[msg]
|move|p2a: Palossand|Shadow Ball|p1a: Uniqlo
|-resisted|p1a: Uniqlo
|-damage|p1a: Uniqlo|80/100
|
|-heal|p1a: Uniqlo|100/100|[from] move: Wish|[wisher] Uniqlo
|upkeep
|turn|77
|
|t:|1596852666
|move|p1a: Uniqlo|Wish|p1a: Uniqlo
|move|p2a: Palossand|Shadow Ball|p1a: Uniqlo
|-resisted|p1a: Uniqlo
|-damage|p1a: Uniqlo|93/100
|
|-heal|p1a: Uniqlo|99/100|[from] item: Leftovers
|upkeep
|turn|78
|
|t:|1596852678
|switch|p1a: True Religion|Weezing-Galar, F|93/100
|-damage|p1a: True Religion|81/100|[from] Stealth Rock
|move|p2a: Palossand|Shadow Ball|p1a: True Religion
|-damage|p1a: True Religion|46/100
|-unboost|p1a: True Religion|spd|1
|
|-heal|p1a: True Religion|100/100|[from] move: Wish|[wisher] Uniqlo
|upkeep
|turn|79
|
|t:|1596852689
|switch|p1a: Uniqlo|Umbreon, F|99/100
|-damage|p1a: Uniqlo|87/100|[from] Stealth Rock
|move|p2a: Palossand|Shadow Ball|p1a: Uniqlo
|-resisted|p1a: Uniqlo
|-damage|p1a: Uniqlo|79/100
|
|-heal|p1a: Uniqlo|85/100|[from] item: Leftovers
|upkeep
|turn|80
|
|t:|1596852698
|move|p1a: Uniqlo|Foul Play|p2a: Palossand
|-supereffective|p2a: Palossand
|-damage|p2a: Palossand|74/100
|move|p2a: Palossand|Shadow Ball|p1a: Uniqlo
|-resisted|p1a: Uniqlo
|-damage|p1a: Uniqlo|78/100
|
|-heal|p1a: Uniqlo|84/100|[from] item: Leftovers
|upkeep
|turn|81
|l|☆St. 78
|inactive|St. 78 disconnected and has a minute to reconnect!
|player|p1|
|l| JustFranco
|inactive|St. 78 has 30 seconds to reconnect!
|inactive|St. 78 has 20 seconds to reconnect!
|inactive|St. 78 has 15 seconds to reconnect!
|inactive|St. 78 has 10 seconds to reconnect!
|inactive|St. 78 has 5 seconds to reconnect!
|-message|St. 78 lost due to inactivity.
|
|win|CarelessCryogonals
|raw|St. 78's rating: 1533 &rarr; <strong>1505</strong><br />(-28 for losing)
|raw|CarelessCryogonals's rating: 1385 &rarr; <strong>1413</strong><br />(+28 for winning)
|l|☆CarelessCryogonals
