|j|☆Queen of Bean ✿
|j|☆Dunoks
|inactive|Battle timer is ON: inactive players will automatically lose when time's up.
|t:|1663439922
|gametype|singles
|player|p1|Queen of Bean ✿|hexmaniac-gen6|
|player|p2|Dunoks|#fcl9mighty|
|teamsize|p1|6
|teamsize|p2|6
|gen|8
|tier|[Gen 8] UU
|rated|Tournament battle
|rule|Sleep Clause Mod: Limit one foe put to sleep
|rule|Species Clause: Limit one of each Pokémon
|rule|OHKO Clause: OHKO moves are banned
|rule|Evasion Items Clause: Evasion items are banned
|rule|Evasion Moves Clause: Evasion moves are banned
|rule|Endless Battle Clause: Forcing endless battles is banned
|rule|HP Percentage Mod: HP is shown in percentages
|rule|Dynamax Clause: You cannot dynamax
|clearpoke
|poke|p1|Tornadus, M|
|poke|p1|Hatterene, F|
|poke|p1|Scizor, F|
|poke|p1|Hippowdon, M|
|poke|p1|Hydreigon, M|
|poke|p1|Rotom-Wash|
|poke|p2|Crobat, M|
|poke|p2|Cobalion|
|poke|p2|Celesteela|
|poke|p2|Hippowdon, M|
|poke|p2|Salamence, M|
|poke|p2|Azelf|
|teampreview
|j|*Lady Monita
|c|☆Dunoks|hf
|j| regi ice regice
|inactive|Queen of Bean ✿ has 120 seconds left.
|c|☆Queen of Bean ✿|someone  just told me to win this for them and then i see your name lol
|c|☆Queen of Bean ✿|glhf :)
|
|t:|1663439965
|start
|switch|p1a: Hydreigon|Hydreigon, M|100/100
|switch|p2a: Hippowdon|Hippowdon, M|100/100
|-weather|Sandstorm|[from] ability: Sand Stream|[of] p2a: Hippowdon
|turn|1
|
|t:|1663439994
|move|p1a: Hydreigon|U-turn|p2a: Hippowdon
|-damage|p2a: Hippowdon|91/100
|l|☆Queen of Bean ✿
|inactive|Queen of Bean ✿ disconnected and has a minute to reconnect!
|player|p1|
|inactive|Queen of Bean ✿ has 30 seconds to reconnect!
|j|☆Queen of Bean ✿
|inactive|Queen of Bean ✿ reconnected and has 110 seconds left.
|player|p1|Queen of Bean ✿|hexmaniac-gen6
|
|t:|1663440042
|switch|p1a: Hatterene|Hatterene, F|100/100|[from]move: U-turn
|move|p2a: Hippowdon|Slack Off|p2a: Hippowdon
|-heal|p2a: Hippowdon|100/100
|
|-weather|Sandstorm|[upkeep]
|-damage|p1a: Hatterene|95/100|[from] Sandstorm
|-heal|p1a: Hatterene|100/100|[from] item: Leftovers
|upkeep
|turn|2
|
|t:|1663440055
|switch|p1a: Rotom|Rotom-Wash|100/100
|move|p2a: Hippowdon|Earthquake|p1a: Rotom
|-immune|p1a: Rotom|[from] ability: Levitate
|
|-weather|Sandstorm|[upkeep]
|-damage|p1a: Rotom|95/100|[from] Sandstorm
|-heal|p1a: Rotom|100/100|[from] item: Leftovers
|upkeep
|turn|3
|
|t:|1663440061
|move|p1a: Rotom|Hydro Pump|p2a: Hippowdon
|-supereffective|p2a: Hippowdon
|-damage|p2a: Hippowdon|31/100
|move|p2a: Hippowdon|Toxic|p1a: Rotom
|-status|p1a: Rotom|tox
|
|-weather|Sandstorm|[upkeep]
|-damage|p1a: Rotom|95/100 tox|[from] Sandstorm
|-heal|p1a: Rotom|100/100 tox|[from] item: Leftovers
|-heal|p2a: Hippowdon|37/100|[from] item: Leftovers
|-damage|p1a: Rotom|95/100 tox|[from] psn
|upkeep
|turn|4
|
|t:|1663440078
|switch|p2a: Salamence|Salamence, M|100/100
|-ability|p2a: Salamence|Intimidate|boost
|-unboost|p1a: Rotom|atk|1
|move|p1a: Rotom|Volt Switch|p2a: Salamence
|-damage|p2a: Salamence|73/100
|
|t:|1663440087
|switch|p1a: Hydreigon|Hydreigon, M|100/100|[from]move: Volt Switch
|
|-weather|Sandstorm|[upkeep]
|-damage|p1a: Hydreigon|94/100|[from] Sandstorm
|-damage|p2a: Salamence|67/100|[from] Sandstorm
|upkeep
|turn|5
|inactive|Queen of Bean ✿ has 90 seconds left.
|
|t:|1663440115
|switch|p2a: Celesteela|Celesteela|100/100
|move|p1a: Hydreigon|Fire Blast|p2a: Celesteela
|-supereffective|p2a: Celesteela
|-damage|p2a: Celesteela|54/100
|
|-weather|none
|-heal|p2a: Celesteela|60/100|[from] item: Leftovers
|upkeep
|turn|6
|inactive|Dunoks has 120 seconds left.
|
|t:|1663440139
|switch|p1a: Rotom|Rotom-Wash|95/100 tox
|switch|p2a: Salamence|Salamence, M|67/100
|-ability|p2a: Salamence|Intimidate|boost
|-unboost|p1a: Rotom|atk|1
|
|-heal|p1a: Rotom|100/100 tox|[from] item: Leftovers
|-damage|p1a: Rotom|95/100 tox|[from] psn
|upkeep
|turn|7
|
|t:|1663440151
|move|p2a: Salamence|Roost|p2a: Salamence
|-heal|p2a: Salamence|100/100
|-singleturn|p2a: Salamence|move: Roost
|move|p1a: Rotom|Volt Switch|p2a: Salamence
|-resisted|p2a: Salamence
|-damage|p2a: Salamence|88/100
|inactive|Queen of Bean ✿ has 90 seconds left.
|
|t:|1663440171
|switch|p1a: Hydreigon|Hydreigon, M|94/100|[from]move: Volt Switch
|
|upkeep
|turn|8
|
|t:|1663440176
|switch|p2a: Crobat|Crobat, M|100/100
|move|p1a: Hydreigon|Draco Meteor|p2a: Crobat|[miss]
|-miss|p1a: Hydreigon|p2a: Crobat
|
|upkeep
|turn|9
|inactive|Queen of Bean ✿ has 90 seconds left.
|
|t:|1663440215
|switch|p2a: Celesteela|Celesteela|60/100
|move|p1a: Hydreigon|Draco Meteor|p2a: Celesteela
|-resisted|p2a: Celesteela
|-damage|p2a: Celesteela|41/100
|-unboost|p1a: Hydreigon|spa|2
|
|-heal|p2a: Celesteela|47/100|[from] item: Leftovers
|upkeep
|turn|10
|
|t:|1663440220
|switch|p1a: Rotom|Rotom-Wash|95/100 tox
|move|p2a: Celesteela|Leech Seed|p1a: Rotom
|-start|p1a: Rotom|move: Leech Seed
|
|-heal|p1a: Rotom|100/100 tox|[from] item: Leftovers
|-heal|p2a: Celesteela|53/100|[from] item: Leftovers
|-damage|p1a: Rotom|88/100 tox|[from] Leech Seed|[of] p2a: Celesteela
|-heal|p2a: Celesteela|62/100|[silent]
|-damage|p1a: Rotom|82/100 tox|[from] psn
|upkeep
|turn|11
|
|t:|1663440227
|move|p2a: Celesteela|Protect|p2a: Celesteela
|-singleturn|p2a: Celesteela|Protect
|move|p1a: Rotom|Volt Switch|p2a: Celesteela
|-activate|p2a: Celesteela|move: Protect
|
|-heal|p1a: Rotom|88/100 tox|[from] item: Leftovers
|-heal|p2a: Celesteela|68/100|[from] item: Leftovers
|-damage|p1a: Rotom|76/100 tox|[from] Leech Seed|[of] p2a: Celesteela
|-heal|p2a: Celesteela|78/100|[silent]
|-damage|p1a: Rotom|64/100 tox|[from] psn
|upkeep
|turn|12
|
|t:|1663440234
|switch|p2a: Hippowdon|Hippowdon, M|37/100
|-weather|Sandstorm|[from] ability: Sand Stream|[of] p2a: Hippowdon
|move|p1a: Rotom|Hydro Pump|p2a: Hippowdon
|-supereffective|p2a: Hippowdon
|-damage|p2a: Hippowdon|0 fnt
|faint|p2a: Hippowdon
|
|-weather|Sandstorm|[upkeep]
|-damage|p1a: Rotom|58/100 tox|[from] Sandstorm
|-heal|p1a: Rotom|64/100 tox|[from] item: Leftovers
|-damage|p1a: Rotom|46/100 tox|[from] psn
|upkeep
|
|t:|1663440251
|switch|p2a: Azelf|Azelf|100/100
|turn|13
|
|t:|1663440263
|switch|p1a: Hydreigon|Hydreigon, M|94/100
|move|p2a: Azelf|Knock Off|p1a: Hydreigon
|-resisted|p1a: Hydreigon
|-crit|p1a: Hydreigon
|-damage|p1a: Hydreigon|73/100
|-enditem|p1a: Hydreigon|Choice Scarf|[from] move: Knock Off|[of] p2a: Azelf
|
|-weather|Sandstorm|[upkeep]
|-damage|p2a: Azelf|94/100|[from] Sandstorm
|-damage|p1a: Hydreigon|67/100|[from] Sandstorm
|upkeep
|turn|14
|inactive|Queen of Bean ✿ has 90 seconds left.
|
|t:|1663440304
|switch|p1a: Hippowdon|Hippowdon, M|100/100
|move|p2a: Azelf|U-turn|p1a: Hippowdon
|-damage|p1a: Hippowdon|90/100
|
|t:|1663440329
|switch|p2a: Crobat|Crobat, M|100/100|[from]move: U-turn
|
|-weather|Sandstorm|[upkeep]
|-damage|p2a: Crobat|94/100|[from] Sandstorm
|-heal|p1a: Hippowdon|96/100|[from] item: Leftovers
|upkeep
|turn|15
|inactive|Queen of Bean ✿ has 60 seconds left.
|
|t:|1663440368
|switch|p1a: Rotom|Rotom-Wash|46/100 tox
|move|p2a: Crobat|Taunt|p1a: Rotom
|-start|p1a: Rotom|move: Taunt
|
|-weather|Sandstorm|[upkeep]
|-damage|p2a: Crobat|88/100|[from] Sandstorm
|-damage|p1a: Rotom|40/100 tox|[from] Sandstorm
|-heal|p1a: Rotom|46/100 tox|[from] item: Leftovers
|-damage|p1a: Rotom|40/100 tox|[from] psn
|upkeep
|turn|16
|
|t:|1663440380
|move|p2a: Crobat|Roost|p2a: Crobat
|-heal|p2a: Crobat|100/100
|-singleturn|p2a: Crobat|move: Roost
|move|p1a: Rotom|Volt Switch|p2a: Crobat
|-damage|p2a: Crobat|68/100
|
|t:|1663440391
|switch|p1a: Tornadus|Tornadus, M|100/100|[from]move: Volt Switch
|
|-weather|none
|upkeep
|turn|17
|
|t:|1663440413
|move|p2a: Crobat|Roost|p2a: Crobat
|-heal|p2a: Crobat|100/100
|-singleturn|p2a: Crobat|move: Roost
|move|p1a: Tornadus|Knock Off|p2a: Crobat
|-damage|p2a: Crobat|60/100
|-enditem|p2a: Crobat|Heavy-Duty Boots|[from] move: Knock Off|[of] p1a: Tornadus
|
|upkeep
|turn|18
|
|t:|1663440419
|move|p2a: Crobat|U-turn|p1a: Tornadus
|-resisted|p1a: Tornadus
|-damage|p1a: Tornadus|84/100
|
|t:|1663440421
|switch|p2a: Cobalion|Cobalion|100/100|[from]move: U-turn
|move|p1a: Tornadus|Acrobatics|p2a: Cobalion
|-damage|p2a: Cobalion|53/100
|
|-heal|p2a: Cobalion|59/100|[from] item: Leftovers
|upkeep
|turn|19
|
|t:|1663440427
|switch|p2a: Crobat|Crobat, M|60/100
|move|p1a: Tornadus|Superpower|p2a: Crobat
|-resisted|p2a: Crobat
|-damage|p2a: Crobat|48/100
|-unboost|p1a: Tornadus|atk|1
|-unboost|p1a: Tornadus|def|1
|
|upkeep
|turn|20
|inactive|Dunoks has 120 seconds left.
|
|t:|1663440459
|switch|p1a: Scizor|Scizor, F|100/100
|move|p2a: Crobat|Brave Bird|p1a: Scizor
|-damage|p1a: Scizor|59/100
|-damage|p2a: Crobat|33/100|[from] Recoil
|
|-heal|p1a: Scizor|65/100|[from] item: Leftovers
|upkeep
|turn|21
|
|t:|1663440470
|switch|p2a: Cobalion|Cobalion|59/100
|move|p1a: Scizor|Bullet Punch|p2a: Cobalion
|-resisted|p2a: Cobalion
|-damage|p2a: Cobalion|48/100
|
|-heal|p2a: Cobalion|54/100|[from] item: Leftovers
|-heal|p1a: Scizor|71/100|[from] item: Leftovers
|upkeep
|turn|22
|inactive|Queen of Bean ✿ has 60 seconds left.
|
|t:|1663440493
|switch|p1a: Hippowdon|Hippowdon, M|96/100
|-weather|Sandstorm|[from] ability: Sand Stream|[of] p1a: Hippowdon
|move|p2a: Cobalion|Swords Dance|p2a: Cobalion
|-boost|p2a: Cobalion|atk|2
|
|-weather|Sandstorm|[upkeep]
|-heal|p2a: Cobalion|60/100|[from] item: Leftovers
|-heal|p1a: Hippowdon|100/100|[from] item: Leftovers
|upkeep
|turn|23
|inactive|Queen of Bean ✿ has 60 seconds left.
|
|t:|1663440498
|switch|p2a: Crobat|Crobat, M|33/100
|move|p1a: Hippowdon|Stealth Rock|p2a: Crobat
|-sidestart|p2: Dunoks|move: Stealth Rock
|
|-weather|Sandstorm|[upkeep]
|-damage|p2a: Crobat|27/100|[from] Sandstorm
|upkeep
|turn|24
|
|t:|1663440505
|move|p2a: Crobat|U-turn|p1a: Hippowdon
|-damage|p1a: Hippowdon|90/100
|
|t:|1663440507
|switch|p2a: Salamence|Salamence, M|88/100|[from]move: U-turn
|-ability|p2a: Salamence|Intimidate|boost
|-unboost|p1a: Hippowdon|atk|1
|move|p1a: Hippowdon|Earthquake|p2a: Salamence
|-immune|p2a: Salamence
|
|-weather|Sandstorm|[upkeep]
|-damage|p2a: Salamence|82/100|[from] Sandstorm
|-heal|p1a: Hippowdon|96/100|[from] item: Leftovers
|upkeep
|turn|25
|
|t:|1663440512
|switch|p1a: Rotom|Rotom-Wash|40/100 tox
|move|p2a: Salamence|Toxic|p1a: Rotom
|-fail|p1a: Rotom|tox
|
|-weather|Sandstorm|[upkeep]
|-damage|p2a: Salamence|76/100|[from] Sandstorm
|-damage|p1a: Rotom|34/100 tox|[from] Sandstorm
|-heal|p1a: Rotom|40/100 tox|[from] item: Leftovers
|-damage|p1a: Rotom|34/100 tox|[from] psn
|upkeep
|turn|26
|
|t:|1663440515
|move|p2a: Salamence|Defog|p1a: Rotom
|-unboost|p1a: Rotom|evasion|1
|-sideend|p2: Dunoks|Stealth Rock|[from] move: Defog|[of] p2a: Salamence
|move|p1a: Rotom|Pain Split|p2a: Salamence
|-sethp|p2a: Salamence|51/100|[from] move: Pain Split|[silent]
|-sethp|p1a: Rotom|67/100 tox|[from] move: Pain Split
|
|-weather|none
|-heal|p1a: Rotom|72/100 tox|[from] item: Leftovers
|-damage|p1a: Rotom|61/100 tox|[from] psn
|upkeep
|turn|27
|
|t:|1663440521
|move|p2a: Salamence|Roost|p2a: Salamence
|-heal|p2a: Salamence|100/100
|-singleturn|p2a: Salamence|move: Roost
|move|p1a: Rotom|Volt Switch|p2a: Salamence
|-resisted|p2a: Salamence
|-damage|p2a: Salamence|87/100
|
|t:|1663440524
|switch|p1a: Hydreigon|Hydreigon, M|67/100|[from]move: Volt Switch
|
|upkeep
|turn|28
|
|t:|1663440532
|switch|p2a: Celesteela|Celesteela|78/100
|move|p1a: Hydreigon|Draco Meteor|p2a: Celesteela
|-resisted|p2a: Celesteela
|-crit|p2a: Celesteela
|-damage|p2a: Celesteela|47/100
|-unboost|p1a: Hydreigon|spa|2
|
|-heal|p2a: Celesteela|53/100|[from] item: Leftovers
|upkeep
|turn|29
|
|t:|1663440538
|switch|p1a: Rotom|Rotom-Wash|61/100 tox
|move|p2a: Celesteela|Leech Seed|p1a: Rotom
|-start|p1a: Rotom|move: Leech Seed
|
|-heal|p1a: Rotom|67/100 tox|[from] item: Leftovers
|-heal|p2a: Celesteela|59/100|[from] item: Leftovers
|-damage|p1a: Rotom|54/100 tox|[from] Leech Seed|[of] p2a: Celesteela
|-heal|p2a: Celesteela|69/100|[silent]
|-damage|p1a: Rotom|48/100 tox|[from] psn
|upkeep
|turn|30
|
|t:|1663440547
|switch|p1a: Hydreigon|Hydreigon, M|67/100
|move|p2a: Celesteela|Leech Seed|p1a: Hydreigon
|-start|p1a: Hydreigon|move: Leech Seed
|
|-heal|p2a: Celesteela|75/100|[from] item: Leftovers
|-damage|p1a: Hydreigon|55/100|[from] Leech Seed|[of] p2a: Celesteela
|-heal|p2a: Celesteela|85/100|[silent]
|upkeep
|turn|31
|
|t:|1663440551
|move|p1a: Hydreigon|U-turn|p2a: Celesteela
|-resisted|p2a: Celesteela
|-damage|p2a: Celesteela|82/100
|
|t:|1663440558
|switch|p1a: Hatterene|Hatterene, F|100/100|[from]move: U-turn
|move|p2a: Celesteela|Heavy Slam|p1a: Hatterene
|-supereffective|p1a: Hatterene
|-damage|p1a: Hatterene|33/100
|
|-heal|p2a: Celesteela|88/100|[from] item: Leftovers
|-heal|p1a: Hatterene|39/100|[from] item: Leftovers
|upkeep
|turn|32
|
|t:|1663440568
|switch|p1a: Rotom|Rotom-Wash|48/100 tox
|move|p2a: Celesteela|Leech Seed|p1a: Rotom
|-start|p1a: Rotom|move: Leech Seed
|
|-heal|p1a: Rotom|54/100 tox|[from] item: Leftovers
|-heal|p2a: Celesteela|94/100|[from] item: Leftovers
|-damage|p1a: Rotom|42/100 tox|[from] Leech Seed|[of] p2a: Celesteela
|-heal|p2a: Celesteela|100/100|[silent]
|-damage|p1a: Rotom|36/100 tox|[from] psn
|upkeep
|turn|33
|inactive|Queen of Bean ✿ has 120 seconds left.
|
|t:|1663440596
|move|p2a: Celesteela|Protect|p2a: Celesteela
|-singleturn|p2a: Celesteela|Protect
|move|p1a: Rotom|Volt Switch|p2a: Celesteela
|-activate|p2a: Celesteela|move: Protect
|
|-heal|p1a: Rotom|42/100 tox|[from] item: Leftovers
|-damage|p1a: Rotom|30/100 tox|[from] Leech Seed|[of] p2a: Celesteela
|-damage|p1a: Rotom|18/100 tox|[from] psn
|upkeep
|turn|34
|
|t:|1663440607
|switch|p2a: Crobat|Crobat, M|27/100
|move|p1a: Rotom|Pain Split|p2a: Crobat
|-sethp|p2a: Crobat|22/100|[from] move: Pain Split|[silent]
|-sethp|p1a: Rotom|24/100 tox|[from] move: Pain Split
|
|-heal|p1a: Rotom|30/100 tox|[from] item: Leftovers
|-damage|p1a: Rotom|17/100 tox|[from] Leech Seed|[of] p2a: Crobat
|-heal|p2a: Crobat|33/100|[silent]
|-damage|p1a: Rotom|0 fnt|[from] psn
|faint|p1a: Rotom
|upkeep
|
|t:|1663440613
|switch|p1a: Scizor|Scizor, F|71/100
|turn|35
|
|t:|1663440618
|switch|p2a: Salamence|Salamence, M|87/100
|-ability|p2a: Salamence|Intimidate|boost
|-unboost|p1a: Scizor|atk|1
|move|p1a: Scizor|Knock Off|p2a: Salamence
|-damage|p2a: Salamence|69/100
|-enditem|p2a: Salamence|Heavy-Duty Boots|[from] move: Knock Off|[of] p1a: Scizor
|
|-heal|p1a: Scizor|77/100|[from] item: Leftovers
|upkeep
|turn|36
|
|t:|1663440635
|switch|p1a: Tornadus|Tornadus, M|84/100
|move|p2a: Salamence|Flamethrower|p1a: Tornadus
|-damage|p1a: Tornadus|56/100
|
|upkeep
|turn|37
|
|t:|1663440649
|move|p1a: Tornadus|Acrobatics|p2a: Salamence
|-damage|p2a: Salamence|18/100
|move|p2a: Salamence|Roost|p2a: Salamence
|-heal|p2a: Salamence|68/100
|-singleturn|p2a: Salamence|move: Roost
|
|upkeep
|turn|38
|
|t:|1663440661
|move|p1a: Tornadus|Acrobatics|p2a: Salamence
|-damage|p2a: Salamence|21/100
|move|p2a: Salamence|Toxic|p1a: Tornadus
|-status|p1a: Tornadus|tox
|
|-damage|p1a: Tornadus|50/100 tox|[from] psn
|upkeep
|turn|39
|
|t:|1663440669
|move|p1a: Tornadus|Acrobatics|p2a: Salamence
|-damage|p2a: Salamence|0 fnt
|faint|p2a: Salamence
|
|-damage|p1a: Tornadus|38/100 tox|[from] psn
|upkeep
|
|t:|1663440672
|switch|p2a: Crobat|Crobat, M|33/100
|turn|40
|j| hjkhj ㋛
|
|t:|1663440676
|switch|p1a: Hippowdon|Hippowdon, M|96/100
|-weather|Sandstorm|[from] ability: Sand Stream|[of] p1a: Hippowdon
|move|p2a: Crobat|Roost|p2a: Crobat
|-heal|p2a: Crobat|84/100
|-singleturn|p2a: Crobat|move: Roost
|
|-weather|Sandstorm|[upkeep]
|-damage|p2a: Crobat|77/100|[from] Sandstorm
|-heal|p1a: Hippowdon|100/100|[from] item: Leftovers
|upkeep
|turn|41
|
|t:|1663440679
|move|p2a: Crobat|Taunt|p1a: Hippowdon
|-start|p1a: Hippowdon|move: Taunt
|cant|p1a: Hippowdon|move: Taunt|Stealth Rock
|
|-weather|Sandstorm|[upkeep]
|-damage|p2a: Crobat|71/100|[from] Sandstorm
|upkeep
|turn|42
|
|t:|1663440684
|switch|p1a: Scizor|Scizor, F|77/100
|move|p2a: Crobat|U-turn|p1a: Scizor
|-resisted|p1a: Scizor
|-damage|p1a: Scizor|70/100
|
|t:|1663440691
|switch|p2a: Celesteela|Celesteela|100/100|[from]move: U-turn
|
|-weather|Sandstorm|[upkeep]
|-heal|p1a: Scizor|76/100|[from] item: Leftovers
|upkeep
|turn|43
|
|t:|1663440719
|switch|p1a: Hydreigon|Hydreigon, M|55/100
|move|p2a: Celesteela|Flamethrower|p1a: Hydreigon
|-resisted|p1a: Hydreigon
|-damage|p1a: Hydreigon|44/100
|
|-weather|Sandstorm|[upkeep]
|-damage|p1a: Hydreigon|38/100|[from] Sandstorm
|upkeep
|turn|44
|
|t:|1663440731
|move|p1a: Hydreigon|Fire Blast|p2a: Celesteela
|-supereffective|p2a: Celesteela
|-damage|p2a: Celesteela|53/100
|move|p2a: Celesteela|Heavy Slam|p1a: Hydreigon
|-damage|p1a: Hydreigon|0 fnt
|faint|p1a: Hydreigon
|-ability|p2a: Celesteela|Beast Boost|boost
|-boost|p2a: Celesteela|spd|1
|
|-weather|none
|-heal|p2a: Celesteela|59/100|[from] item: Leftovers
|upkeep
|
|t:|1663440737
|switch|p1a: Tornadus|Tornadus, M|38/100 tox
|turn|45
|
|t:|1663440746
|move|p2a: Celesteela|Protect|p2a: Celesteela
|-singleturn|p2a: Celesteela|Protect
|move|p1a: Tornadus|Superpower|p2a: Celesteela
|-activate|p2a: Celesteela|move: Protect
|
|-heal|p2a: Celesteela|65/100|[from] item: Leftovers
|-damage|p1a: Tornadus|32/100 tox|[from] psn
|upkeep
|turn|46
|
|t:|1663440751
|switch|p2a: Crobat|Crobat, M|71/100
|move|p1a: Tornadus|Superpower|p2a: Crobat
|-resisted|p2a: Crobat
|-damage|p2a: Crobat|58/100
|-unboost|p1a: Tornadus|atk|1
|-unboost|p1a: Tornadus|def|1
|
|-damage|p1a: Tornadus|20/100 tox|[from] psn
|upkeep
|turn|47
|
|t:|1663440757
|switch|p1a: Hippowdon|Hippowdon, M|100/100
|-weather|Sandstorm|[from] ability: Sand Stream|[of] p1a: Hippowdon
|move|p2a: Crobat|Roost|p2a: Crobat
|-heal|p2a: Crobat|100/100
|-singleturn|p2a: Crobat|move: Roost
|
|-weather|Sandstorm|[upkeep]
|-damage|p2a: Crobat|94/100|[from] Sandstorm
|upkeep
|turn|48
|
|t:|1663440773
|move|p2a: Crobat|Taunt|p1a: Hippowdon
|-start|p1a: Hippowdon|move: Taunt
|cant|p1a: Hippowdon|move: Taunt|Stealth Rock
|
|-weather|Sandstorm|[upkeep]
|-damage|p2a: Crobat|88/100|[from] Sandstorm
|upkeep
|turn|49
|
|t:|1663440794
|switch|p1a: Hatterene|Hatterene, F|39/100
|move|p2a: Crobat|U-turn|p1a: Hatterene
|-damage|p1a: Hatterene|23/100
|
|t:|1663440799
|switch|p2a: Celesteela|Celesteela|65/100|[from]move: U-turn
|
|-weather|Sandstorm|[upkeep]
|-damage|p1a: Hatterene|17/100|[from] Sandstorm
|-heal|p2a: Celesteela|71/100|[from] item: Leftovers
|-heal|p1a: Hatterene|23/100|[from] item: Leftovers
|upkeep
|turn|50
|
|t:|1663440803
|move|p2a: Celesteela|Heavy Slam|p1a: Hatterene
|-supereffective|p1a: Hatterene
|-damage|p1a: Hatterene|0 fnt
|faint|p1a: Hatterene
|-ability|p2a: Celesteela|Beast Boost|boost
|-boost|p2a: Celesteela|spd|1
|
|-weather|Sandstorm|[upkeep]
|-heal|p2a: Celesteela|77/100|[from] item: Leftovers
|upkeep
|
|t:|1663440807
|switch|p1a: Scizor|Scizor, F|76/100
|turn|51
|
|t:|1663440818
|move|p1a: Scizor|Knock Off|p2a: Celesteela
|-damage|p2a: Celesteela|53/100
|-enditem|p2a: Celesteela|Leftovers|[from] move: Knock Off|[of] p1a: Scizor
|move|p2a: Celesteela|Flamethrower|p1a: Scizor
|-supereffective|p1a: Scizor
|-damage|p1a: Scizor|0 fnt
|faint|p1a: Scizor
|-ability|p2a: Celesteela|Beast Boost|boost
|-boost|p2a: Celesteela|spd|1
|
|-weather|none
|upkeep
|
|t:|1663440827
|switch|p1a: Tornadus|Tornadus, M|20/100 tox
|turn|52
|c|☆Queen of Bean ✿|gg
|c|☆Queen of Bean ✿|wp
|
|t:|1663440834
|move|p2a: Celesteela|Protect|p2a: Celesteela
|-singleturn|p2a: Celesteela|Protect
|move|p1a: Tornadus|Superpower|p2a: Celesteela
|-activate|p2a: Celesteela|move: Protect
|
|-damage|p1a: Tornadus|14/100 tox|[from] psn
|upkeep
|turn|53
|c|☆Dunoks|gg
|c|☆Queen of Bean ✿|good luck!
|
|t:|1663440842
|switch|p2a: Cobalion|Cobalion|60/100
|move|p1a: Tornadus|Superpower|p2a: Cobalion
|-supereffective|p2a: Cobalion
|-damage|p2a: Cobalion|0 fnt
|-unboost|p1a: Tornadus|atk|1
|-unboost|p1a: Tornadus|def|1
|faint|p2a: Cobalion
|
|-damage|p1a: Tornadus|2/100 tox|[from] psn
|upkeep
|
|t:|1663440845
|switch|p2a: Crobat|Crobat, M|88/100
|turn|54
|
|t:|1663440851
|move|p2a: Crobat|Brave Bird|p1a: Tornadus
|-crit|p1a: Tornadus
|-damage|p1a: Tornadus|0 fnt
|faint|p1a: Tornadus
|-damage|p2a: Crobat|88/100|[from] Recoil
|
|upkeep
|
|t:|1663440855
|switch|p1a: Hippowdon|Hippowdon, M|100/100
|-weather|Sandstorm|[from] ability: Sand Stream|[of] p1a: Hippowdon
|turn|55
|
|t:|1663440862
|move|p2a: Crobat|Taunt|p1a: Hippowdon
|-start|p1a: Hippowdon|move: Taunt
|move|p1a: Hippowdon|Earthquake|p2a: Crobat
|-immune|p2a: Crobat
|
|-weather|Sandstorm|[upkeep]
|-damage|p2a: Crobat|82/100|[from] Sandstorm
|upkeep
|turn|56
|
|t:|1663440865
|move|p2a: Crobat|U-turn|p1a: Hippowdon
|-damage|p1a: Hippowdon|90/100
|
|t:|1663440867
|switch|p2a: Celesteela|Celesteela|53/100|[from]move: U-turn
|move|p1a: Hippowdon|Earthquake|p2a: Celesteela
|-immune|p2a: Celesteela
|
|-weather|Sandstorm|[upkeep]
|-heal|p1a: Hippowdon|96/100|[from] item: Leftovers
|upkeep
|turn|57
|
|t:|1663440870
|move|p2a: Celesteela|Leech Seed|p1a: Hippowdon
|-start|p1a: Hippowdon|move: Leech Seed
|move|p1a: Hippowdon|Earthquake|p2a: Celesteela
|-immune|p2a: Celesteela
|
|-weather|Sandstorm|[upkeep]
|-heal|p1a: Hippowdon|100/100|[from] item: Leftovers
|-damage|p1a: Hippowdon|88/100|[from] Leech Seed|[of] p2a: Celesteela
|-heal|p2a: Celesteela|66/100|[silent]
|-end|p1a: Hippowdon|move: Taunt
|upkeep
|turn|58
|-message|Queen of Bean ✿ forfeited.
|
|win|Dunoks
|n|☆Dunoks|dunoks
|n|*Lady Monita|ladymonita
|n| regi ice regice|regiiceregice
|n|☆Queen of Bean ✿|queenofbean
|n| hjkhj ㋛|hjkhj
|l|*Lady Monita
|l|☆Queen of Bean ✿
|l|☆Dunoks
|l| hjkhj ㋛
|j|☆Queen of Bean ✿
|player|p1|Queen of Bean ✿|hexmaniac-gen6
