|j|☆S3tanta7
|j|☆Appleking123
|t:|1649129073
|gametype|singles
|player|p1|S3tanta7|bugsy|1390
|player|p2|Appleking123|hiker-gen4|1477
|teamsize|p1|6
|teamsize|p2|6
|gen|8
|tier|[Gen 8] UU
|rated|
|rule|Sleep Clause Mod: Limit one foe put to sleep
|rule|Species Clause: Limit one of each Pokémon
|rule|OHKO Clause: OHKO moves are banned
|rule|Evasion Moves Clause: Evasion moves are banned
|rule|Endless Battle Clause: Forcing endless battles is banned
|rule|HP Percentage Mod: HP is shown in percentages
|rule|Dynamax Clause: You cannot dynamax
|clearpoke
|poke|p1|Tapu Bulu|
|poke|p1|Nidoking, M|
|poke|p1|Celesteela|
|poke|p1|Chansey, F|
|poke|p1|Rotom-Wash|
|poke|p1|Hydreigon, F|
|poke|p2|Rotom-Wash|
|poke|p2|Conkeldurr, F|
|poke|p2|Tangrowth, M|
|poke|p2|Chandelure, M|
|poke|p2|Lycanroc-Dusk, F|
|poke|p2|Chansey, F|
|teampreview
|j| shehatescarlos
|l| shehatescarlos
|inactive|Battle timer is ON: inactive players will automatically lose when time's up. (requested by Appleking123)
|inactive|S3tanta7 has 120 seconds left.
|inactive|S3tanta7 has 90 seconds left.
|
|t:|1649129183
|start
|switch|p1a: Tapu Bulu|Tapu Bulu|100/100
|switch|p2a: L A M P|Chandelure, M|100/100
|-fieldstart|move: Grassy Terrain|[from] ability: Grassy Surge|[of] p1a: Tapu Bulu
|turn|1
|
|t:|1649129190
|switch|p1a: Rotom|Rotom-Wash|100/100
|move|p2a: L A M P|Overheat|p1a: Rotom
|-resisted|p1a: Rotom
|-damage|p1a: Rotom|60/100
|-unboost|p2a: L A M P|spa|2
|
|-heal|p1a: Rotom|66/100|[from] item: Leftovers
|upkeep
|turn|2
|
|t:|1649129196
|switch|p2a: Spaghet|Tangrowth, M|100/100
|move|p1a: Rotom|Volt Switch|p2a: Spaghet
|-resisted|p2a: Spaghet
|-damage|p2a: Spaghet|82/100
|inactive|S3tanta7 has 120 seconds left.
|
|t:|1649129233
|switch|p1a: Celesteela|Celesteela|100/100|[from]move: Volt Switch
|
|-heal|p2a: Spaghet|88/100|[from] Grassy Terrain
|upkeep
|turn|3
|
|t:|1649129236
|switch|p2a: Egg|Chansey, F|100/100
|move|p1a: Celesteela|Flamethrower|p2a: Egg
|-damage|p2a: Egg|93/100
|
|-heal|p2a: Egg|99/100|[from] Grassy Terrain
|upkeep
|turn|4
|
|t:|1649129241
|switch|p1a: Hydreigon|Hydreigon, F|100/100
|move|p2a: Egg|Teleport|p2a: Egg
|
|t:|1649129246
|switch|p2a: Bonk!|Conkeldurr, F|100/100|[from]move: Teleport
|
|-status|p2a: Bonk!|brn|[from] item: Flame Orb
|upkeep
|turn|5
|inactive|S3tanta7 has 120 seconds left.
|
|t:|1649129282
|switch|p1a: Tapu Bulu|Tapu Bulu|100/100
|move|p2a: Bonk!|Facade|p1a: Tapu Bulu
|-damage|p1a: Tapu Bulu|12/100
|
|-heal|p1a: Tapu Bulu|19/100|[from] Grassy Terrain
|-heal|p1a: Tapu Bulu|25/100|[from] item: Leftovers
|-damage|p2a: Bonk!|95/100 brn|[from] brn
|-fieldend|move: Grassy Terrain
|upkeep
|turn|6
|inactive|S3tanta7 has 120 seconds left.
|
|t:|1649129289
|switch|p2a: Spaghet|Tangrowth, M|100/100
|move|p1a: Tapu Bulu|Horn Leech|p2a: Spaghet
|-resisted|p2a: Spaghet
|-crit|p2a: Spaghet
|-damage|p2a: Spaghet|84/100
|-heal|p1a: Tapu Bulu|35/100|[from] drain|[of] p2a: Spaghet
|-damage|p1a: Tapu Bulu|19/100|[from] item: Rocky Helmet|[of] p2a: Spaghet
|
|-heal|p1a: Tapu Bulu|25/100|[from] item: Leftovers
|upkeep
|turn|7
|
|t:|1649129294
|switch|p1a: Hydreigon|Hydreigon, F|100/100
|move|p2a: Spaghet|Knock Off|p1a: Hydreigon
|-resisted|p1a: Hydreigon
|-damage|p1a: Hydreigon|88/100
|-enditem|p1a: Hydreigon|Choice Scarf|[from] move: Knock Off|[of] p2a: Spaghet
|
|upkeep
|turn|8
|
|t:|1649129299
|switch|p2a: Egg|Chansey, F|99/100
|move|p1a: Hydreigon|Draco Meteor|p2a: Egg
|-damage|p2a: Egg|78/100
|-unboost|p1a: Hydreigon|spa|2
|
|upkeep
|turn|9
|
|t:|1649129304
|switch|p1a: Rotom|Rotom-Wash|66/100
|move|p2a: Egg|Teleport|p2a: Egg
|inactive|Appleking123 has 120 seconds left.
|
|t:|1649129338
|switch|p2a: Bonk!|Conkeldurr, F|95/100 brn|[from]move: Teleport
|
|-heal|p1a: Rotom|72/100|[from] item: Leftovers
|-damage|p2a: Bonk!|89/100 brn|[from] brn
|upkeep
|turn|10
|
|t:|1649129346
|move|p1a: Rotom|Pain Split|p2a: Bonk!
|-sethp|p2a: Bonk!|75/100 brn|[from] move: Pain Split|[silent]
|-sethp|p1a: Rotom|87/100|[from] move: Pain Split
|move|p2a: Bonk!|Close Combat|p1a: Rotom
|-damage|p1a: Rotom|0 fnt
|-unboost|p2a: Bonk!|def|1
|-unboost|p2a: Bonk!|spd|1
|faint|p1a: Rotom
|
|-damage|p2a: Bonk!|69/100 brn|[from] brn
|upkeep
|
|t:|1649129354
|switch|p1a: Nidoking|Nidoking, M|100/100
|turn|11
|
|t:|1649129359
|switch|p2a: Egg|Chansey, F|78/100
|move|p1a: Nidoking|Substitute|p1a: Nidoking
|-start|p1a: Nidoking|Substitute
|-damage|p1a: Nidoking|76/100
|
|upkeep
|turn|12
|
|t:|1649129362
|move|p1a: Nidoking|Sludge Wave|p2a: Egg
|-damage|p2a: Egg|57/100
|move|p2a: Egg|Seismic Toss|p1a: Nidoking
|-end|p1a: Nidoking|Substitute
|
|upkeep
|turn|13
|
|t:|1649129365
|move|p1a: Nidoking|Sludge Wave|p2a: Egg
|-damage|p2a: Egg|36/100
|move|p2a: Egg|Soft-Boiled|p2a: Egg
|-heal|p2a: Egg|86/100
|
|upkeep
|turn|14
|
|t:|1649129368
|switch|p1a: Celesteela|Celesteela|100/100
|move|p2a: Egg|Stealth Rock|p1a: Celesteela
|-sidestart|p1: S3tanta7|move: Stealth Rock
|
|upkeep
|turn|15
|
|t:|1649129371
|move|p1a: Celesteela|Leech Seed|p2a: Egg
|-start|p2a: Egg|move: Leech Seed
|move|p2a: Egg|Teleport|p2a: Egg
|
|t:|1649129376
|switch|p2a: Washington|Rotom-Wash|100/100|[from]move: Teleport
|
|upkeep
|turn|16
|
|t:|1649129377
|move|p2a: Washington|Volt Switch|p1a: Celesteela
|-supereffective|p1a: Celesteela
|-damage|p1a: Celesteela|58/100
|
|t:|1649129385
|switch|p2a: Egg|Chansey, F|86/100|[from]move: Volt Switch
|move|p1a: Celesteela|Leech Seed|p2a: Egg
|-start|p2a: Egg|move: Leech Seed
|
|-heal|p1a: Celesteela|64/100|[from] item: Leftovers
|-damage|p2a: Egg|73/100|[from] Leech Seed|[of] p1a: Celesteela
|-heal|p1a: Celesteela|86/100|[silent]
|upkeep
|turn|17
|
|t:|1649129389
|move|p1a: Celesteela|Heavy Slam|p2a: Egg
|-damage|p2a: Egg|46/100
|move|p2a: Egg|Teleport|p2a: Egg
|
|t:|1649129393
|switch|p2a: L A M P|Chandelure, M|100/100|[from]move: Teleport
|
|-heal|p1a: Celesteela|92/100|[from] item: Leftovers
|upkeep
|turn|18
|
|t:|1649129400
|switch|p1a: Chansey|Chansey, F|100/100
|-damage|p1a: Chansey|88/100|[from] Stealth Rock
|move|p2a: L A M P|Overheat|p1a: Chansey
|-damage|p1a: Chansey|62/100
|-unboost|p2a: L A M P|spa|2
|
|upkeep
|turn|19
|
|t:|1649129402
|switch|p2a: Egg|Chansey, F|46/100
|move|p1a: Chansey|Stealth Rock|p2a: Egg
|-sidestart|p2: Appleking123|move: Stealth Rock
|
|upkeep
|turn|20
|
|t:|1649129404
|move|p2a: Egg|Soft-Boiled|p2a: Egg
|-heal|p2a: Egg|96/100
|move|p1a: Chansey|Seismic Toss|p2a: Egg
|-damage|p2a: Egg|82/100
|
|upkeep
|turn|21
|
|t:|1649129407
|move|p1a: Chansey|Soft-Boiled|p1a: Chansey
|-heal|p1a: Chansey|100/100
|move|p2a: Egg|Teleport|p2a: Egg
|
|t:|1649129410
|switch|p2a: Bonk!|Conkeldurr, F|69/100 brn|[from]move: Teleport
|-damage|p2a: Bonk!|63/100 brn|[from] Stealth Rock
|
|-damage|p2a: Bonk!|57/100 brn|[from] brn
|upkeep
|turn|22
|
|t:|1649129419
|switch|p1a: Tapu Bulu|Tapu Bulu|25/100
|-damage|p1a: Tapu Bulu|13/100|[from] Stealth Rock
|-fieldstart|move: Grassy Terrain|[from] ability: Grassy Surge|[of] p1a: Tapu Bulu
|move|p2a: Bonk!|Close Combat|p1a: Tapu Bulu
|-resisted|p1a: Tapu Bulu
|-damage|p1a: Tapu Bulu|0 fnt
|-unboost|p2a: Bonk!|def|1
|-unboost|p2a: Bonk!|spd|1
|faint|p1a: Tapu Bulu
|
|-heal|p2a: Bonk!|63/100 brn|[from] Grassy Terrain
|-damage|p2a: Bonk!|57/100 brn|[from] brn
|upkeep
|
|t:|1649129429
|switch|p1a: Hydreigon|Hydreigon, F|88/100
|-damage|p1a: Hydreigon|76/100|[from] Stealth Rock
|turn|23
|
|t:|1649129432
|switch|p2a: Egg|Chansey, F|82/100
|-damage|p2a: Egg|70/100|[from] Stealth Rock
|move|p1a: Hydreigon|Draco Meteor|p2a: Egg
|-crit|p2a: Egg
|-damage|p2a: Egg|40/100
|-unboost|p1a: Hydreigon|spa|2
|
|-heal|p2a: Egg|46/100|[from] Grassy Terrain
|upkeep
|turn|24
|
|t:|1649129434
|move|p1a: Hydreigon|U-turn|p2a: Egg
|-damage|p2a: Egg|35/100
|
|t:|1649129437
|switch|p1a: Celesteela|Celesteela|92/100|[from]move: U-turn
|-damage|p1a: Celesteela|80/100|[from] Stealth Rock
|move|p2a: Egg|Soft-Boiled|p2a: Egg
|-heal|p2a: Egg|85/100
|
|-heal|p1a: Celesteela|86/100|[from] item: Leftovers
|-heal|p2a: Egg|92/100|[from] Grassy Terrain
|upkeep
|turn|25
|
|t:|1649129439
|move|p1a: Celesteela|Heavy Slam|p2a: Egg
|-damage|p2a: Egg|63/100
|move|p2a: Egg|Teleport|p2a: Egg
|
|t:|1649129447
|switch|p2a: Washington|Rotom-Wash|100/100|[from]move: Teleport
|-damage|p2a: Washington|88/100|[from] Stealth Rock
|
|-heal|p2a: Washington|94/100|[from] item: Leftovers
|-heal|p1a: Celesteela|92/100|[from] item: Leftovers
|upkeep
|turn|26
|
|t:|1649129450
|move|p1a: Celesteela|Protect|p1a: Celesteela
|-singleturn|p1a: Celesteela|Protect
|move|p2a: Washington|Volt Switch|p1a: Celesteela
|-activate|p1a: Celesteela|move: Protect
|
|-heal|p2a: Washington|100/100|[from] item: Leftovers
|-heal|p1a: Celesteela|98/100|[from] item: Leftovers
|-fieldend|move: Grassy Terrain
|upkeep
|turn|27
|
|t:|1649129454
|move|p2a: Washington|Hydro Pump|p1a: Celesteela
|-damage|p1a: Celesteela|63/100
|move|p1a: Celesteela|Leech Seed|p2a: Washington
|-start|p2a: Washington|move: Leech Seed
|
|-heal|p1a: Celesteela|69/100|[from] item: Leftovers
|-damage|p2a: Washington|88/100|[from] Leech Seed|[of] p1a: Celesteela
|-heal|p1a: Celesteela|79/100|[silent]
|upkeep
|turn|28
|
|t:|1649129456
|move|p1a: Celesteela|Protect|p1a: Celesteela
|-singleturn|p1a: Celesteela|Protect
|move|p2a: Washington|Volt Switch|p1a: Celesteela
|-activate|p1a: Celesteela|move: Protect
|
|-heal|p2a: Washington|94/100|[from] item: Leftovers
|-heal|p1a: Celesteela|85/100|[from] item: Leftovers
|-damage|p2a: Washington|82/100|[from] Leech Seed|[of] p1a: Celesteela
|-heal|p1a: Celesteela|94/100|[silent]
|upkeep
|turn|29
|
|t:|1649129462
|move|p2a: Washington|Volt Switch|p1a: Celesteela
|-supereffective|p1a: Celesteela
|-damage|p1a: Celesteela|47/100
|
|t:|1649129468
|switch|p2a: Spaghet|Tangrowth, M|100/100|[from]move: Volt Switch
|-damage|p2a: Spaghet|88/100|[from] Stealth Rock
|move|p1a: Celesteela|Heavy Slam|p2a: Spaghet
|-damage|p2a: Spaghet|66/100
|-damage|p1a: Celesteela|31/100|[from] item: Rocky Helmet|[of] p2a: Spaghet
|
|-heal|p1a: Celesteela|37/100|[from] item: Leftovers
|upkeep
|turn|30
|
|t:|1649129471
|switch|p2a: Egg|Chansey, F|63/100
|-damage|p2a: Egg|50/100|[from] Stealth Rock
|move|p1a: Celesteela|Flamethrower|p2a: Egg
|-damage|p2a: Egg|44/100
|
|-heal|p1a: Celesteela|43/100|[from] item: Leftovers
|upkeep
|turn|31
|
|t:|1649129474
|move|p1a: Celesteela|Heavy Slam|p2a: Egg
|-damage|p2a: Egg|19/100
|move|p2a: Egg|Soft-Boiled|p2a: Egg
|-heal|p2a: Egg|69/100
|
|-heal|p1a: Celesteela|49/100|[from] item: Leftovers
|upkeep
|turn|32
|
|t:|1649129476
|switch|p2a: Spaghet|Tangrowth, M|99/100
|-damage|p2a: Spaghet|87/100|[from] Stealth Rock
|move|p1a: Celesteela|Heavy Slam|p2a: Spaghet
|-damage|p2a: Spaghet|64/100
|-damage|p1a: Celesteela|32/100|[from] item: Rocky Helmet|[of] p2a: Spaghet
|
|-heal|p1a: Celesteela|38/100|[from] item: Leftovers
|upkeep
|turn|33
|
|t:|1649129482
|switch|p2a: Washington|Rotom-Wash|82/100
|-damage|p2a: Washington|69/100|[from] Stealth Rock
|move|p1a: Celesteela|Leech Seed|p2a: Washington
|-start|p2a: Washington|move: Leech Seed
|
|-heal|p2a: Washington|75/100|[from] item: Leftovers
|-heal|p1a: Celesteela|44/100|[from] item: Leftovers
|-damage|p2a: Washington|63/100|[from] Leech Seed|[of] p1a: Celesteela
|-heal|p1a: Celesteela|54/100|[silent]
|upkeep
|turn|34
|
|t:|1649129486
|move|p2a: Washington|Volt Switch|p1a: Celesteela
|-supereffective|p1a: Celesteela
|-damage|p1a: Celesteela|10/100
|
|t:|1649129489
|switch|p2a: Egg|Chansey, F|69/100|[from]move: Volt Switch
|-damage|p2a: Egg|56/100|[from] Stealth Rock
|move|p1a: Celesteela|Leech Seed|p2a: Egg
|-start|p2a: Egg|move: Leech Seed
|
|-heal|p1a: Celesteela|16/100|[from] item: Leftovers
|-damage|p2a: Egg|44/100|[from] Leech Seed|[of] p1a: Celesteela
|-heal|p1a: Celesteela|38/100|[silent]
|upkeep
|turn|35
|
|t:|1649129494
|move|p1a: Celesteela|Protect|p1a: Celesteela
|-singleturn|p1a: Celesteela|Protect
|move|p2a: Egg|Soft-Boiled|p2a: Egg
|-heal|p2a: Egg|94/100
|
|-heal|p1a: Celesteela|44/100|[from] item: Leftovers
|-damage|p2a: Egg|81/100|[from] Leech Seed|[of] p1a: Celesteela
|-heal|p1a: Celesteela|66/100|[silent]
|upkeep
|turn|36
|
|t:|1649129497
|switch|p2a: Washington|Rotom-Wash|63/100
|-damage|p2a: Washington|50/100|[from] Stealth Rock
|move|p1a: Celesteela|Heavy Slam|p2a: Washington
|-resisted|p2a: Washington
|-crit|p2a: Washington
|-damage|p2a: Washington|35/100
|
|-heal|p2a: Washington|41/100|[from] item: Leftovers
|-heal|p1a: Celesteela|72/100|[from] item: Leftovers
|upkeep
|turn|37
|
|t:|1649129502
|switch|p1a: Hydreigon|Hydreigon, F|76/100
|-damage|p1a: Hydreigon|64/100|[from] Stealth Rock
|move|p2a: Washington|Pain Split|p1a: Hydreigon
|-sethp|p1a: Hydreigon|51/100|[from] move: Pain Split|[silent]
|-sethp|p2a: Washington|54/100|[from] move: Pain Split
|
|-heal|p2a: Washington|61/100|[from] item: Leftovers
|upkeep
|turn|38
|
|t:|1649129506
|switch|p2a: Egg|Chansey, F|81/100
|-damage|p2a: Egg|69/100|[from] Stealth Rock
|move|p1a: Hydreigon|U-turn|p2a: Egg
|-damage|p2a: Egg|59/100
|
|t:|1649129510
|switch|p1a: Celesteela|Celesteela|72/100|[from]move: U-turn
|-damage|p1a: Celesteela|60/100|[from] Stealth Rock
|
|-heal|p1a: Celesteela|66/100|[from] item: Leftovers
|upkeep
|turn|39
|
|t:|1649129512
|move|p1a: Celesteela|Leech Seed|p2a: Egg|[miss]
|-miss|p1a: Celesteela|p2a: Egg
|move|p2a: Egg|Soft-Boiled|p2a: Egg
|-heal|p2a: Egg|100/100
|
|-heal|p1a: Celesteela|72/100|[from] item: Leftovers
|upkeep
|turn|40
|
|t:|1649129515
|move|p1a: Celesteela|Heavy Slam|p2a: Egg
|-damage|p2a: Egg|76/100
|move|p2a: Egg|Teleport|p2a: Egg
|
|t:|1649129520
|switch|p2a: Washington|Rotom-Wash|61/100|[from]move: Teleport
|-damage|p2a: Washington|48/100|[from] Stealth Rock
|
|-heal|p2a: Washington|54/100|[from] item: Leftovers
|-heal|p1a: Celesteela|78/100|[from] item: Leftovers
|upkeep
|turn|41
|
|t:|1649129525
|switch|p1a: Chansey|Chansey, F|100/100
|-damage|p1a: Chansey|88/100|[from] Stealth Rock
|move|p2a: Washington|Volt Switch|p1a: Chansey
|-damage|p1a: Chansey|80/100
|
|t:|1649129527
|switch|p2a: Bonk!|Conkeldurr, F|57/100 brn|[from]move: Volt Switch
|-damage|p2a: Bonk!|51/100 brn|[from] Stealth Rock
|
|-damage|p2a: Bonk!|46/100 brn|[from] brn
|upkeep
|turn|42
|
|t:|1649129536
|move|p2a: Bonk!|Close Combat|p1a: Chansey
|-supereffective|p1a: Chansey
|-damage|p1a: Chansey|0 fnt
|-unboost|p2a: Bonk!|def|1
|-unboost|p2a: Bonk!|spd|1
|faint|p1a: Chansey
|
|-damage|p2a: Bonk!|40/100 brn|[from] brn
|upkeep
|
|t:|1649129540
|switch|p1a: Nidoking|Nidoking, M|76/100
|-damage|p1a: Nidoking|70/100|[from] Stealth Rock
|turn|43
|
|t:|1649129544
|switch|p2a: Egg|Chansey, F|76/100
|-damage|p2a: Egg|63/100|[from] Stealth Rock
|move|p1a: Nidoking|Sludge Wave|p2a: Egg
|-damage|p2a: Egg|44/100
|
|upkeep
|turn|44
|
|t:|1649129546
|move|p1a: Nidoking|Sludge Wave|p2a: Egg
|-damage|p2a: Egg|25/100
|move|p2a: Egg|Soft-Boiled|p2a: Egg
|-heal|p2a: Egg|75/100
|
|upkeep
|turn|45
|
|t:|1649129549
|move|p1a: Nidoking|Sludge Wave|p2a: Egg
|-damage|p2a: Egg|57/100
|move|p2a: Egg|Soft-Boiled|p2a: Egg
|-heal|p2a: Egg|100/100
|
|upkeep
|turn|46
|
|t:|1649129551
|move|p1a: Nidoking|Earth Power|p2a: Egg
|-damage|p2a: Egg|80/100
|move|p2a: Egg|Seismic Toss|p1a: Nidoking
|-damage|p1a: Nidoking|37/100
|
|upkeep
|turn|47
|
|t:|1649129553
|move|p1a: Nidoking|Substitute|p1a: Nidoking
|-start|p1a: Nidoking|Substitute
|-damage|p1a: Nidoking|12/100
|move|p2a: Egg|Seismic Toss|p1a: Nidoking
|-end|p1a: Nidoking|Substitute
|
|upkeep
|turn|48
|
|t:|1649129555
|switch|p1a: Hydreigon|Hydreigon, F|51/100
|-damage|p1a: Hydreigon|39/100|[from] Stealth Rock
|move|p2a: Egg|Seismic Toss|p1a: Hydreigon
|-damage|p1a: Hydreigon|8/100
|
|upkeep
|turn|49
|-message|S3tanta7 forfeited.
|
|win|Appleking123
|raw|S3tanta7's rating: 1390 &rarr; <strong>1375</strong><br />(-15 for losing)
|raw|Appleking123's rating: 1477 &rarr; <strong>1492</strong><br />(+15 for winning)
