|j|☆Experiencer101
|j|☆Fairlumbo
|t:|1628988864
|gametype|singles
|player|p1|Experiencer101|red|
|player|p2|Fairlumbo|pokemonranger|
|teamsize|p1|6
|teamsize|p2|6
|gen|8
|tier|[Gen 8] UU
|rated|Tournament battle
|rule|Sleep Clause Mod: Limit one foe put to sleep
|rule|Species Clause: Limit one of each Pokémon
|rule|OHKO Clause: OHKO moves are banned
|rule|Evasion Moves Clause: Evasion moves are banned
|rule|Endless Battle Clause: Forcing endless battles is banned
|rule|HP Percentage Mod: HP is shown in percentages
|rule|Dynamax Clause: You cannot dynamax
|clearpoke
|poke|p1|Lycanroc-Dusk, M|
|poke|p1|Grimmsnarl, M|
|poke|p1|Salamence, M|
|poke|p1|Aegislash, M|
|poke|p1|Buzzwole|
|poke|p1|Tentacruel, M|
|poke|p2|Kommo-o, F|
|poke|p2|Amoonguss, F|
|poke|p2|Celesteela|
|poke|p2|Krookodile, F|
|poke|p2|Mienshao, M|
|poke|p2|Starmie|
|teampreview
|j|+pokemonisfun
|j|+Codename Magnum
|c|☆Experiencer101|Glhf
|c|☆Fairlumbo|hf
|j| Roboboi3002
|
|t:|1628988874
|start
|switch|p1a: Salamence|Salamence, M|100/100
|switch|p2a: Amoonguss|Amoonguss, F|100/100
|turn|1
|
|t:|1628988887
|move|p1a: Salamence|Dual Wingbeat|p2a: Amoonguss
|-supereffective|p2a: Amoonguss
|-damage|p2a: Amoonguss|67/100
|-damage|p1a: Salamence|84/100|[from] item: Rocky Helmet|[of] p2a: Amoonguss
|-supereffective|p2a: Amoonguss
|-damage|p2a: Amoonguss|33/100
|-damage|p1a: Salamence|67/100|[from] item: Rocky Helmet|[of] p2a: Amoonguss
|-hitcount|p2a: Amoonguss|2
|move|p2a: Amoonguss|Foul Play|p1a: Salamence
|-damage|p1a: Salamence|24/100
|
|upkeep
|turn|2
|
|t:|1628988899
|switch|p2a: Celesteela|Celesteela|100/100
|move|p1a: Salamence|Dragon Claw|p2a: Celesteela
|-resisted|p2a: Celesteela
|-damage|p2a: Celesteela|82/100
|
|-heal|p2a: Celesteela|88/100|[from] item: Leftovers
|upkeep
|turn|3
|l|+Codename Magnum
|
|t:|1628988910
|move|p1a: Salamence|Dragon Claw|p2a: Celesteela
|-resisted|p2a: Celesteela
|-damage|p2a: Celesteela|69/100
|move|p2a: Celesteela|Leech Seed|p1a: Salamence
|-start|p1a: Salamence|move: Leech Seed
|
|-heal|p2a: Celesteela|75/100|[from] item: Leftovers
|-damage|p1a: Salamence|12/100|[from] Leech Seed|[of] p2a: Celesteela
|-heal|p2a: Celesteela|85/100|[silent]
|upkeep
|turn|4
|
|t:|1628988921
|move|p2a: Celesteela|Protect|p2a: Celesteela
|-singleturn|p2a: Celesteela|Protect
|move|p1a: Salamence|Dragon Claw|p2a: Celesteela
|-activate|p2a: Celesteela|move: Protect
|
|-heal|p2a: Celesteela|91/100|[from] item: Leftovers
|-damage|p1a: Salamence|0 fnt|[from] Leech Seed|[of] p2a: Celesteela
|-heal|p2a: Celesteela|100/100|[silent]
|faint|p1a: Salamence
|upkeep
|j| Kahiba
|
|t:|1628988935
|switch|p1a: Tentacruel|Tentacruel, M|100/100
|turn|5
|
|t:|1628988938
|switch|p2a: Amoonguss|Amoonguss, F|67/100
|move|p1a: Tentacruel|Scald|p2a: Amoonguss
|-resisted|p2a: Amoonguss
|-damage|p2a: Amoonguss|53/100
|
|upkeep
|turn|6
|
|t:|1628988957
|switch|p1a: Buzzwole|Buzzwole|100/100
|switch|p2a: Starmie|Starmie|100/100
|
|upkeep
|turn|7
|
|t:|1628988962
|move|p2a: Starmie|Psychic|p1a: Buzzwole
|-supereffective|p1a: Buzzwole
|-damage|p1a: Buzzwole|0 fnt
|faint|p1a: Buzzwole
|-damage|p2a: Starmie|91/100|[from] item: Life Orb
|
|upkeep
|
|t:|1628988983
|switch|p1a: Grimmsnarl|Grimmsnarl, M|100/100
|turn|8
|
|t:|1628988988
|switch|p2a: Celesteela|Celesteela|100/100
|move|p1a: Grimmsnarl|Light Screen|p1a: Grimmsnarl
|-sidestart|p1: Experiencer101|move: Light Screen
|
|upkeep
|turn|9
|
|t:|1628988993
|move|p1a: Grimmsnarl|Reflect|p1a: Grimmsnarl
|-sidestart|p1: Experiencer101|Reflect
|move|p2a: Celesteela|Leech Seed|p1a: Grimmsnarl
|-start|p1a: Grimmsnarl|move: Leech Seed
|
|-damage|p1a: Grimmsnarl|88/100|[from] Leech Seed|[of] p2a: Celesteela
|upkeep
|turn|10
|
|t:|1628989001
|switch|p1a: Aegislash|Aegislash, M|100/100
|move|p2a: Celesteela|Leech Seed|p1a: Aegislash
|-start|p1a: Aegislash|move: Leech Seed
|
|-damage|p1a: Aegislash|88/100|[from] Leech Seed|[of] p2a: Celesteela
|upkeep
|turn|11
|
|t:|1628989007
|switch|p1a: Tentacruel|Tentacruel, M|100/100
|switch|p2a: Krookodile|Krookodile, F|100/100
|-ability|p2a: Krookodile|Intimidate|boost
|-unboost|p1a: Tentacruel|atk|1
|
|upkeep
|turn|12
|
|t:|1628989019
|switch|p1a: Grimmsnarl|Grimmsnarl, M|88/100
|move|p2a: Krookodile|Knock Off|p1a: Grimmsnarl
|-resisted|p1a: Grimmsnarl
|-damage|p1a: Grimmsnarl|81/100
|-enditem|p1a: Grimmsnarl|Leftovers|[from] move: Knock Off|[of] p2a: Krookodile
|
|-sideend|p1: Experiencer101|move: Light Screen
|upkeep
|turn|13
|
|t:|1628989026
|move|p2a: Krookodile|Taunt|p1a: Grimmsnarl
|-start|p1a: Grimmsnarl|move: Taunt
|move|p1a: Grimmsnarl|Spirit Break|p2a: Krookodile
|-supereffective|p2a: Krookodile
|-damage|p2a: Krookodile|30/100
|-unboost|p2a: Krookodile|spa|1
|
|-heal|p2a: Krookodile|36/100|[from] item: Leftovers
|-sideend|p1: Experiencer101|Reflect
|upkeep
|turn|14
|
|t:|1628989038
|switch|p2a: Amoonguss|Amoonguss, F|87/100
|move|p1a: Grimmsnarl|Spirit Break|p2a: Amoonguss
|-resisted|p2a: Amoonguss
|-damage|p2a: Amoonguss|76/100
|-unboost|p2a: Amoonguss|spa|1
|-damage|p1a: Grimmsnarl|64/100|[from] item: Rocky Helmet|[of] p2a: Amoonguss
|
|upkeep
|turn|15
|
|t:|1628989047
|switch|p1a: Tentacruel|Tentacruel, M|100/100
|move|p2a: Amoonguss|Spore|p1a: Tentacruel
|-status|p1a: Tentacruel|slp|[from] move: Spore
|
|upkeep
|turn|16
|
|t:|1628989056
|switch|p2a: Krookodile|Krookodile, F|36/100
|-ability|p2a: Krookodile|Intimidate|boost
|-unboost|p1a: Tentacruel|atk|1
|cant|p1a: Tentacruel|slp
|
|-heal|p2a: Krookodile|42/100|[from] item: Leftovers
|upkeep
|turn|17
|
|t:|1628989063
|cant|p1a: Tentacruel|slp
|move|p2a: Krookodile|Earthquake|p1a: Tentacruel
|-supereffective|p1a: Tentacruel
|-damage|p1a: Tentacruel|0 fnt
|faint|p1a: Tentacruel
|
|-heal|p2a: Krookodile|48/100|[from] item: Leftovers
|upkeep
|
|t:|1628989072
|switch|p1a: Lycanroc|Lycanroc-Dusk, M|100/100
|turn|18
|
|t:|1628989077
|move|p1a: Lycanroc|Iron Head|p2a: Krookodile
|-crit|p2a: Krookodile
|-damage|p2a: Krookodile|0 fnt
|faint|p2a: Krookodile
|-damage|p1a: Lycanroc|91/100|[from] item: Life Orb
|
|upkeep
|
|t:|1628989091
|switch|p2a: Amoonguss|Amoonguss, F|100/100
|turn|19
|
|t:|1628989097
|switch|p1a: Grimmsnarl|Grimmsnarl, M|64/100
|move|p2a: Amoonguss|Spore|p1a: Grimmsnarl
|-status|p1a: Grimmsnarl|slp|[from] move: Spore
|
|upkeep
|turn|20
|
|t:|1628989113
|cant|p1a: Grimmsnarl|slp
|move|p2a: Amoonguss|Sludge Bomb|p1a: Grimmsnarl
|-supereffective|p1a: Grimmsnarl
|-damage|p1a: Grimmsnarl|22/100 slp
|
|upkeep
|turn|21
|
|t:|1628989118
|-curestatus|p1a: Grimmsnarl|slp|[msg]
|move|p1a: Grimmsnarl|Light Screen|p1a: Grimmsnarl
|-sidestart|p1: Experiencer101|move: Light Screen
|move|p2a: Amoonguss|Sludge Bomb|p1a: Grimmsnarl
|-supereffective|p1a: Grimmsnarl
|-damage|p1a: Grimmsnarl|2/100
|
|upkeep
|turn|22
|
|t:|1628989126
|move|p1a: Grimmsnarl|Reflect|p1a: Grimmsnarl
|-sidestart|p1: Experiencer101|Reflect
|move|p2a: Amoonguss|Giga Drain|p1a: Grimmsnarl
|-damage|p1a: Grimmsnarl|0 fnt
|faint|p1a: Grimmsnarl
|
|upkeep
|
|t:|1628989134
|switch|p1a: Aegislash|Aegislash, M|88/100
|turn|23
|
|t:|1628989138
|move|p1a: Aegislash|Substitute|p1a: Aegislash
|-start|p1a: Aegislash|Substitute
|-damage|p1a: Aegislash|63/100
|move|p2a: Amoonguss|Spore||[still]
|-fail|p2a: Amoonguss
|
|-heal|p1a: Aegislash|70/100|[from] item: Leftovers
|upkeep
|turn|24
|
|t:|1628989150
|move|p1a: Aegislash|Swords Dance|p1a: Aegislash
|-boost|p1a: Aegislash|atk|2
|move|p2a: Amoonguss|Foul Play|p1a: Aegislash
|-supereffective|p1a: Aegislash
|-activate|p1a: Aegislash|move: Substitute|[damage]
|
|-heal|p1a: Aegislash|76/100|[from] item: Leftovers
|upkeep
|turn|25
|
|t:|1628989160
|-formechange|p1a: Aegislash|Aegislash-Blade||[from] ability: Stance Change
|move|p1a: Aegislash|Iron Head|p2a: Amoonguss
|-damage|p2a: Amoonguss|48/100
|-damage|p1a: Aegislash|59/100|[from] item: Rocky Helmet|[of] p2a: Amoonguss
|move|p2a: Amoonguss|Foul Play|p1a: Aegislash
|-supereffective|p1a: Aegislash
|-end|p1a: Aegislash|Substitute
|
|-heal|p1a: Aegislash|66/100|[from] item: Leftovers
|-sideend|p1: Experiencer101|move: Light Screen
|upkeep
|turn|26
|
|t:|1628989171
|switch|p2a: Celesteela|Celesteela|100/100
|move|p1a: Aegislash|Iron Head|p2a: Celesteela
|-resisted|p2a: Celesteela
|-damage|p2a: Celesteela|70/100
|
|-heal|p1a: Aegislash|72/100|[from] item: Leftovers
|-heal|p2a: Celesteela|76/100|[from] item: Leftovers
|-sideend|p1: Experiencer101|Reflect
|upkeep
|turn|27
|
|t:|1628989179
|move|p1a: Aegislash|Substitute|p1a: Aegislash
|-start|p1a: Aegislash|Substitute
|-damage|p1a: Aegislash|47/100
|move|p2a: Celesteela|Flamethrower|p1a: Aegislash
|-supereffective|p1a: Aegislash
|-end|p1a: Aegislash|Substitute
|
|-heal|p1a: Aegislash|53/100|[from] item: Leftovers
|-heal|p2a: Celesteela|82/100|[from] item: Leftovers
|upkeep
|turn|28
|
|t:|1628989188
|-formechange|p1a: Aegislash|Aegislash||[from] ability: Stance Change
|move|p1a: Aegislash|King's Shield|p1a: Aegislash
|-singleturn|p1a: Aegislash|Protect
|move|p2a: Celesteela|Flamethrower|p1a: Aegislash
|-activate|p1a: Aegislash|move: Protect
|
|-heal|p1a: Aegislash|59/100|[from] item: Leftovers
|-heal|p2a: Celesteela|88/100|[from] item: Leftovers
|upkeep
|turn|29
|
|t:|1628989203
|switch|p2a: Amoonguss|Amoonguss, F|82/100
|-formechange|p1a: Aegislash|Aegislash-Blade||[from] ability: Stance Change
|move|p1a: Aegislash|Iron Head|p2a: Amoonguss
|-damage|p2a: Amoonguss|26/100
|-damage|p1a: Aegislash|43/100|[from] item: Rocky Helmet|[of] p2a: Amoonguss
|
|-heal|p1a: Aegislash|49/100|[from] item: Leftovers
|upkeep
|turn|30
|
|t:|1628989212
|switch|p2a: Celesteela|Celesteela|88/100
|-formechange|p1a: Aegislash|Aegislash||[from] ability: Stance Change
|move|p1a: Aegislash|King's Shield||[still]
|-fail|p1a: Aegislash
|
|-heal|p1a: Aegislash|55/100|[from] item: Leftovers
|-heal|p2a: Celesteela|94/100|[from] item: Leftovers
|upkeep
|turn|31
|
|t:|1628989227
|move|p1a: Aegislash|King's Shield|p1a: Aegislash
|-singleturn|p1a: Aegislash|Protect
|move|p2a: Celesteela|Flamethrower|p1a: Aegislash
|-activate|p1a: Aegislash|move: Protect
|
|-heal|p1a: Aegislash|61/100|[from] item: Leftovers
|-heal|p2a: Celesteela|99/100|[from] item: Leftovers
|upkeep
|turn|32
|
|t:|1628989240
|-formechange|p1a: Aegislash|Aegislash-Blade||[from] ability: Stance Change
|move|p1a: Aegislash|Iron Head|p2a: Celesteela
|-resisted|p2a: Celesteela
|-damage|p2a: Celesteela|67/100
|move|p2a: Celesteela|Flamethrower|p1a: Aegislash
|-supereffective|p1a: Aegislash
|-damage|p1a: Aegislash|14/100
|
|-heal|p1a: Aegislash|20/100|[from] item: Leftovers
|-heal|p2a: Celesteela|73/100|[from] item: Leftovers
|upkeep
|turn|33
|
|t:|1628989250
|-formechange|p1a: Aegislash|Aegislash||[from] ability: Stance Change
|move|p1a: Aegislash|King's Shield|p1a: Aegislash
|-singleturn|p1a: Aegislash|Protect
|move|p2a: Celesteela|Leech Seed|p1a: Aegislash
|-start|p1a: Aegislash|move: Leech Seed
|
|-heal|p1a: Aegislash|26/100|[from] item: Leftovers
|-heal|p2a: Celesteela|79/100|[from] item: Leftovers
|-damage|p1a: Aegislash|14/100|[from] Leech Seed|[of] p2a: Celesteela
|-heal|p2a: Celesteela|89/100|[silent]
|upkeep
|turn|34
|
|t:|1628989260
|switch|p1a: Lycanroc|Lycanroc-Dusk, M|91/100
|move|p2a: Celesteela|Flamethrower|p1a: Lycanroc
|-resisted|p1a: Lycanroc
|-damage|p1a: Lycanroc|71/100
|
|-heal|p2a: Celesteela|95/100|[from] item: Leftovers
|upkeep
|turn|35
|
|t:|1628989268
|move|p1a: Lycanroc|Rock Blast|p2a: Celesteela
|-damage|p2a: Celesteela|81/100
|-damage|p2a: Celesteela|69/100
|-damage|p2a: Celesteela|56/100
|-damage|p2a: Celesteela|42/100
|-damage|p2a: Celesteela|29/100
|-hitcount|p2a: Celesteela|5
|-damage|p1a: Lycanroc|61/100|[from] item: Life Orb
|move|p2a: Celesteela|Heavy Slam|p1a: Lycanroc
|-supereffective|p1a: Lycanroc
|-damage|p1a: Lycanroc|0 fnt
|faint|p1a: Lycanroc
|-ability|p2a: Celesteela|Beast Boost|boost
|-boost|p2a: Celesteela|spd|1
|
|-heal|p2a: Celesteela|35/100|[from] item: Leftovers
|upkeep
|-message|Experiencer101 forfeited.
|
|win|Fairlumbo
|n|☆Experiencer101|experiencer101
|n|☆Fairlumbo|fairlumbo
|n| pokemonisfun|pokemonisfun
|n| Roboboi3002|roboboi3002
|n| Kahiba|kahiba
|l|☆Experiencer101
|c|☆Fairlumbo|gg
|l|☆Fairlumbo
|j| username_51581
