|j|☆esqimo589
|j|☆Liz Angeles
|t:|1664310194
|gametype|singles
|player|p1|esqimo589|n|1351
|player|p2|Liz Angeles|marley|1520
|teamsize|p1|6
|teamsize|p2|6
|gen|8
|tier|[Gen 8] UU
|rated|
|rule|Sleep Clause Mod: Limit one foe put to sleep
|rule|Species Clause: Limit one of each Pokémon
|rule|OHKO Clause: OHKO moves are banned
|rule|Evasion Items Clause: Evasion items are banned
|rule|Evasion Moves Clause: Evasion moves are banned
|rule|Endless Battle Clause: Forcing endless battles is banned
|rule|HP Percentage Mod: HP is shown in percentages
|rule|Dynamax Clause: You cannot dynamax
|clearpoke
|poke|p1|Starmie|
|poke|p1|Krookodile, F|
|poke|p1|Skarmory, M|
|poke|p1|Chansey, F|
|poke|p1|Dhelmise|
|poke|p1|Braviary, M|
|poke|p2|Hippowdon, F|
|poke|p2|Amoonguss, F|
|poke|p2|Moltres|
|poke|p2|Azumarill, F|
|poke|p2|Raikou|
|poke|p2|Excadrill, M|
|teampreview
|inactive|Battle timer is ON: inactive players will automatically lose when time's up. (requested by esqimo589)
|c|☆Liz Angeles|hf
|c|☆esqimo589|oh
|c|☆esqimo589|hello
|c|☆Liz Angeles|what up
|c|☆esqimo589|not much
|c|☆esqimo589|using braviary
|inactive|Liz Angeles has 120 seconds left.
|c|☆Liz Angeles|Braviary is decent
|
|t:|1664310247
|start
|switch|p1a: flat fuck friday|Krookodile, F|100/100
|switch|p2a: Hailey|Azumarill, F|100/100
|-ability|p1a: flat fuck friday|Intimidate|boost
|-unboost|p2a: Hailey|atk|1
|turn|1
|
|t:|1664310253
|switch|p1a: im hard|Skarmory, M|100/100
|move|p2a: Hailey|Liquidation|p1a: im hard
|-damage|p1a: im hard|64/100
|-damage|p2a: Hailey|84/100|[from] item: Rocky Helmet|[of] p1a: im hard
|
|upkeep
|turn|2
|
|t:|1664310276
|switch|p2a: Lock|Moltres|100/100
|move|p1a: im hard|Roost|p1a: im hard
|-heal|p1a: im hard|100/100
|-singleturn|p1a: im hard|move: Roost
|
|upkeep
|turn|3
|
|t:|1664310282
|switch|p2a: Hailey|Azumarill, F|84/100
|switch|p1a: egg|Chansey, F|100/100
|
|upkeep
|turn|4
|
|t:|1664310288
|switch|p1a: im hard|Skarmory, M|100/100
|move|p2a: Hailey|Knock Off|p1a: im hard
|-damage|p1a: im hard|60/100
|-damage|p2a: Hailey|67/100|[from] item: Rocky Helmet|[of] p1a: im hard
|-enditem|p1a: im hard|Rocky Helmet|[from] move: Knock Off|[of] p2a: Hailey
|
|upkeep
|turn|5
|
|t:|1664310308
|switch|p2a: Lock|Moltres|100/100
|move|p1a: im hard|Roost|p1a: im hard
|-heal|p1a: im hard|100/100
|-singleturn|p1a: im hard|move: Roost
|
|upkeep
|turn|6
|
|t:|1664310321
|switch|p1a: egg|Chansey, F|100/100
|move|p2a: Lock|Flamethrower|p1a: egg
|-damage|p1a: egg|90/100
|
|upkeep
|turn|7
|
|t:|1664310323
|switch|p2a: Vince|Excadrill, M|100/100
|move|p1a: egg|Teleport|p1a: egg
|
|t:|1664310341
|switch|p1a: the anchor|Dhelmise|100/100|[from]move: Teleport
|
|upkeep
|turn|8
|
|t:|1664310347
|switch|p2a: Malediction|Amoonguss, F, shiny|100/100
|switch|p1a: a fishy star|Starmie, shiny|100/100
|
|upkeep
|turn|9
|c|☆Liz Angeles|This match up sucks
|
|t:|1664310377
|switch|p1a: egg|Chansey, F|90/100
|switch|p2a: Kristy|Raikou, shiny|100/100
|-ability|p2a: Kristy|Pressure
|
|upkeep
|turn|10
|
|t:|1664310390
|switch|p2a: Vince|Excadrill, M|100/100
|move|p1a: egg|Teleport|p1a: egg
|
|t:|1664310402
|switch|p1a: im hard|Skarmory, M|100/100|[from]move: Teleport
|
|upkeep
|turn|11
|
|t:|1664310407
|switch|p2a: Lock|Moltres|100/100
|move|p1a: im hard|Spikes|p2a: Lock
|-sidestart|p2: Liz Angeles|Spikes
|
|upkeep
|turn|12
|
|t:|1664310428
|switch|p1a: egg|Chansey, F|90/100
|move|p2a: Lock|Defog|p1a: egg
|-unboost|p1a: egg|evasion|1
|-sideend|p2: Liz Angeles|Spikes|[from] move: Defog|[of] p2a: Lock
|
|upkeep
|turn|13
|
|t:|1664310434
|switch|p2a: Gloria|Hippowdon, F|100/100
|-weather|Sandstorm|[from] ability: Sand Stream|[of] p2a: Gloria
|move|p1a: egg|Toxic|p2a: Gloria
|-status|p2a: Gloria|tox
|
|-weather|Sandstorm|[upkeep]
|-damage|p1a: egg|83/100|[from] Sandstorm
|-damage|p2a: Gloria|94/100 tox|[from] psn
|upkeep
|turn|14
|
|t:|1664310436
|move|p2a: Gloria|Stealth Rock|p1a: egg
|-sidestart|p1: esqimo589|move: Stealth Rock
|move|p1a: egg|Teleport|p1a: egg
|
|t:|1664310447
|switch|p1a: flat fuck friday|Krookodile, F|100/100|[from]move: Teleport
|-damage|p1a: flat fuck friday|95/100|[from] Stealth Rock
|-ability|p1a: flat fuck friday|Intimidate|boost
|-unboost|p2a: Gloria|atk|1
|
|-weather|Sandstorm|[upkeep]
|-heal|p1a: flat fuck friday|100/100|[from] item: Leftovers
|-damage|p2a: Gloria|82/100 tox|[from] psn
|upkeep
|turn|15
|
|t:|1664310456
|switch|p2a: Malediction|Amoonguss, F, shiny|100/100
|move|p1a: flat fuck friday|Stealth Rock|p2a: Malediction
|-sidestart|p2: Liz Angeles|move: Stealth Rock
|
|-weather|Sandstorm|[upkeep]
|-damage|p2a: Malediction|94/100|[from] Sandstorm
|-heal|p2a: Malediction|100/100|[from] item: Black Sludge
|upkeep
|turn|16
|
|t:|1664310461
|move|p1a: flat fuck friday|Knock Off|p2a: Malediction
|-damage|p2a: Malediction|72/100
|-enditem|p2a: Malediction|Black Sludge|[from] move: Knock Off|[of] p1a: flat fuck friday
|move|p2a: Malediction|Seed Bomb|p1a: flat fuck friday
|-supereffective|p1a: flat fuck friday
|-damage|p1a: flat fuck friday|52/100
|
|-weather|Sandstorm|[upkeep]
|-damage|p2a: Malediction|66/100|[from] Sandstorm
|-heal|p1a: flat fuck friday|58/100|[from] item: Leftovers
|upkeep
|turn|17
|
|t:|1664310470
|move|p1a: flat fuck friday|Earthquake|p2a: Malediction
|-damage|p2a: Malediction|38/100
|move|p2a: Malediction|Spore|p1a: flat fuck friday
|-status|p1a: flat fuck friday|slp|[from] move: Spore
|
|-weather|none
|-heal|p1a: flat fuck friday|64/100 slp|[from] item: Leftovers
|upkeep
|turn|18
|
|t:|1664310489
|switch|p1a: im hard|Skarmory, M|100/100
|-damage|p1a: im hard|88/100|[from] Stealth Rock
|move|p2a: Malediction|Seed Bomb|p1a: im hard
|-resisted|p1a: im hard
|-damage|p1a: im hard|85/100
|
|upkeep
|turn|19
|
|t:|1664310504
|switch|p1a: a fishy star|Starmie, shiny|100/100
|-damage|p1a: a fishy star|88/100|[from] Stealth Rock
|switch|p2a: Lock|Moltres|100/100
|
|upkeep
|turn|20
|c|☆esqimo589|yh i agree
|inactive|Liz Angeles has 120 seconds left.
|
|t:|1664310536
|switch|p2a: Kristy|Raikou, shiny|100/100
|-damage|p2a: Kristy|88/100|[from] Stealth Rock
|-ability|p2a: Kristy|Pressure
|move|p1a: a fishy star|Surf|p2a: Kristy
|-damage|p2a: Kristy|26/100
|-damage|p1a: a fishy star|78/100|[from] item: Life Orb
|
|-heal|p2a: Kristy|32/100|[from] item: Leftovers
|upkeep
|turn|21
|c|☆esqimo589|mannnn going for speed ties suckkkkkss
|
|t:|1664310551
|switch|p1a: flat fuck friday|Krookodile, F|64/100 slp
|-damage|p1a: flat fuck friday|58/100 slp|[from] Stealth Rock
|-ability|p1a: flat fuck friday|Intimidate|boost
|-unboost|p2a: Kristy|atk|1
|move|p2a: Kristy|Thunderbolt|p1a: flat fuck friday
|-immune|p1a: flat fuck friday
|
|-heal|p2a: Kristy|38/100|[from] item: Leftovers
|-heal|p1a: flat fuck friday|64/100 slp|[from] item: Leftovers
|upkeep
|turn|22
|
|t:|1664310568
|switch|p1a: the anchor|Dhelmise|100/100
|move|p2a: Kristy|Scald|p1a: the anchor
|-resisted|p1a: the anchor
|-damage|p1a: the anchor|91/100
|
|-heal|p2a: Kristy|44/100|[from] item: Leftovers
|upkeep
|turn|23
|
|t:|1664310577
|switch|p2a: Lock|Moltres|100/100
|move|p1a: the anchor|Rapid Spin|p2a: Lock
|-damage|p2a: Lock|86/100
|-boost|p1a: the anchor|spe|1
|-sideend|p1: esqimo589|Stealth Rock|[from] move: Rapid Spin|[of] p1a: the anchor
|
|upkeep
|turn|24
|
|t:|1664310583
|switch|p1a: Braviary|Braviary, M|100/100
|move|p2a: Lock|Toxic|p1a: Braviary
|-status|p1a: Braviary|tox
|
|-damage|p1a: Braviary|94/100 tox|[from] psn
|upkeep
|turn|25
|
|t:|1664310591
|switch|p2a: Gloria|Hippowdon, F|82/100 tox
|-damage|p2a: Gloria|76/100 tox|[from] Stealth Rock
|-weather|Sandstorm|[from] ability: Sand Stream|[of] p2a: Gloria
|move|p1a: Braviary|Brave Bird|p2a: Gloria
|-damage|p2a: Gloria|43/100 tox
|-damage|p1a: Braviary|78/100 tox|[from] item: Rocky Helmet|[of] p2a: Gloria
|-damage|p1a: Braviary|64/100 tox|[from] Recoil
|
|-weather|Sandstorm|[upkeep]
|-damage|p1a: Braviary|58/100 tox|[from] Sandstorm
|-damage|p1a: Braviary|46/100 tox|[from] psn
|-damage|p2a: Gloria|37/100 tox|[from] psn
|upkeep
|turn|26
|c|☆esqimo589|i just took
|c|☆esqimo589|a lot of damage
|
|t:|1664310614
|move|p1a: Braviary|Brave Bird|p2a: Gloria
|-damage|p2a: Gloria|5/100 tox
|-damage|p1a: Braviary|30/100 tox|[from] item: Rocky Helmet|[of] p2a: Gloria
|-damage|p1a: Braviary|16/100 tox|[from] Recoil
|move|p2a: Gloria|Stealth Rock|p1a: Braviary
|-sidestart|p1: esqimo589|move: Stealth Rock
|
|-weather|Sandstorm|[upkeep]
|-damage|p1a: Braviary|10/100 tox|[from] Sandstorm
|-damage|p1a: Braviary|0 fnt|[from] psn
|faint|p1a: Braviary
|-damage|p2a: Gloria|0 fnt|[from] psn
|faint|p2a: Gloria
|upkeep
|c|☆esqimo589|ok
|
|t:|1664310622
|switch|p1a: the anchor|Dhelmise|91/100
|switch|p2a: Vince|Excadrill, M|100/100
|-damage|p2a: Vince|97/100|[from] Stealth Rock
|turn|27
|
|t:|1664310630
|move|p2a: Vince|Swords Dance|p2a: Vince
|-boost|p2a: Vince|atk|2
|move|p1a: the anchor|Rapid Spin|p2a: Vince
|-resisted|p2a: Vince
|-crit|p2a: Vince
|-damage|p2a: Vince|82/100
|-boost|p1a: the anchor|spe|1
|-sideend|p1: esqimo589|Stealth Rock|[from] move: Rapid Spin|[of] p1a: the anchor
|
|-weather|Sandstorm|[upkeep]
|-damage|p1a: the anchor|85/100|[from] Sandstorm
|-heal|p2a: Vince|88/100|[from] item: Leftovers
|upkeep
|turn|28
|
|t:|1664310636
|move|p2a: Vince|Iron Head|p1a: the anchor
|-damage|p1a: the anchor|0 fnt
|faint|p1a: the anchor
|
|-weather|Sandstorm|[upkeep]
|-heal|p2a: Vince|94/100|[from] item: Leftovers
|upkeep
|
|t:|1664310639
|switch|p1a: im hard|Skarmory, M|85/100
|turn|29
|
|t:|1664310643
|move|p2a: Vince|Rock Slide|p1a: im hard
|-damage|p1a: im hard|51/100
|move|p1a: im hard|Iron Defense|p1a: im hard
|-boost|p1a: im hard|def|2
|
|-weather|none
|-heal|p2a: Vince|100/100|[from] item: Leftovers
|upkeep
|turn|30
|
|t:|1664310650
|switch|p2a: Lock|Moltres|86/100
|move|p1a: im hard|Roost|p1a: im hard
|-heal|p1a: im hard|100/100
|-singleturn|p1a: im hard|move: Roost
|
|upkeep
|turn|31
|
|t:|1664310662
|switch|p1a: egg|Chansey, F|83/100
|move|p2a: Lock|Toxic|p1a: egg
|-status|p1a: egg|tox
|
|-damage|p1a: egg|77/100 tox|[from] psn
|upkeep
|turn|32
|
|t:|1664310668
|move|p2a: Lock|Defog|p1a: egg
|-unboost|p1a: egg|evasion|1
|-sideend|p2: Liz Angeles|Stealth Rock|[from] move: Defog|[of] p2a: Lock
|move|p1a: egg|Teleport|p1a: egg
|
|t:|1664310671
|-curestatus|p1a: egg|tox|[from] ability: Natural Cure
|switch|p1a: a fishy star|Starmie, shiny|78/100|[from]move: Teleport
|
|upkeep
|turn|33
|inactive|esqimo589 has 120 seconds left.
|
|t:|1664310706
|switch|p2a: Malediction|Amoonguss, F, shiny|72/100
|move|p1a: a fishy star|Surf|p2a: Malediction
|-resisted|p2a: Malediction
|-damage|p2a: Malediction|41/100
|-damage|p1a: a fishy star|68/100|[from] item: Life Orb
|
|upkeep
|turn|34
|
|t:|1664310713
|switch|p2a: Vince|Excadrill, M|100/100
|move|p1a: a fishy star|Ice Beam|p2a: Vince
|-damage|p2a: Vince|45/100
|-damage|p1a: a fishy star|58/100|[from] item: Life Orb
|
|-heal|p2a: Vince|51/100|[from] item: Leftovers
|upkeep
|turn|35
|
|t:|1664310727
|move|p1a: a fishy star|Ice Beam|p2a: Vince
|-damage|p2a: Vince|5/100
|-damage|p1a: a fishy star|48/100|[from] item: Life Orb
|move|p2a: Vince|Earthquake|p1a: a fishy star
|-damage|p1a: a fishy star|0 fnt
|faint|p1a: a fishy star
|
|-heal|p2a: Vince|11/100|[from] item: Leftovers
|upkeep
|c|☆esqimo589|i forgot about analytic
|inactive|esqimo589 has 120 seconds left.
|c|☆esqimo589|i completely forgot
|c|☆esqimo589|i just threw aaaaaaaaaaaaaa
|
|t:|1664310743
|switch|p1a: im hard|Skarmory, M|100/100
|turn|36
|c|☆Liz Angeles|Yeah
|c|☆Liz Angeles|not great
|c|☆esqimo589|i like
|c|☆Liz Angeles|I threw a few before this
|c|☆esqimo589|lost concentration a single time
|c|☆Liz Angeles|so it's ok
|c|☆esqimo589|i was doing fine and then i just zoned out and clicked ice beam again
|inactive|Liz Angeles has 120 seconds left.
|c|☆Liz Angeles|Yeah I mean you're bolt beam?
|c|☆Liz Angeles|I just lost
|c|☆esqimo589|how
|c|☆esqimo589|oh right
|c|☆esqimo589|yh
|c|☆esqimo589|im bolt beam
|inactive|Liz Angeles has 90 seconds left.
|c|☆Liz Angeles|I mean I could prob make it come down to a speed tie but that's best case scenario
|
|t:|1664310828
|switch|p2a: Lock|Moltres|86/100
|move|p1a: im hard|Spikes|p2a: Lock
|-sidestart|p2: Liz Angeles|Spikes
|
|upkeep
|turn|37
|c|☆esqimo589|i think maybe i couldve LO chipped my way int oazy aj range but i still have skarm chans
|c|☆esqimo589|so
|
|t:|1664310840
|switch|p1a: egg|Chansey, F|77/100
|move|p2a: Lock|Flamethrower|p1a: egg
|-damage|p1a: egg|66/100
|
|upkeep
|turn|38
|inactive|Liz Angeles has 60 seconds left.
|
|t:|1664310857
|switch|p2a: Hailey|Azumarill, F|67/100
|-damage|p2a: Hailey|55/100|[from] Spikes
|move|p1a: egg|Toxic|p2a: Hailey
|-status|p2a: Hailey|tox
|
|-damage|p2a: Hailey|49/100 tox|[from] psn
|upkeep
|turn|39
|inactive|Liz Angeles has 60 seconds left.
|
|t:|1664310867
|switch|p2a: Lock|Moltres|86/100
|switch|p1a: im hard|Skarmory, M|100/100
|
|upkeep
|turn|40
|
|t:|1664310870
|switch|p1a: egg|Chansey, F|66/100
|move|p2a: Lock|Defog|p1a: egg
|-unboost|p1a: egg|evasion|1
|-sideend|p2: Liz Angeles|Spikes|[from] move: Defog|[of] p2a: Lock
|
|upkeep
|turn|41
|
|t:|1664310876
|switch|p2a: Malediction|Amoonguss, F, shiny|74/100
|move|p1a: egg|Soft-Boiled|p1a: egg
|-heal|p1a: egg|100/100
|
|upkeep
|turn|42
|
|t:|1664310881
|move|p1a: egg|Seismic Toss|p2a: Malediction
|-damage|p2a: Malediction|51/100
|move|p2a: Malediction|Seed Bomb|p1a: egg
|-damage|p1a: egg|84/100
|
|upkeep
|turn|43
|inactive|Liz Angeles has 90 seconds left.
|
|t:|1664310888
|move|p2a: Malediction|Seed Bomb|p1a: egg
|-damage|p1a: egg|68/100
|move|p1a: egg|Teleport|p1a: egg
|
|t:|1664310890
|switch|p1a: im hard|Skarmory, M|100/100|[from]move: Teleport
|
|upkeep
|turn|44
|
|t:|1664310892
|switch|p1a: egg|Chansey, F|68/100
|switch|p2a: Lock|Moltres|86/100
|
|upkeep
|turn|45
|
|t:|1664310897
|switch|p2a: Malediction|Amoonguss, F, shiny|84/100
|move|p1a: egg|Soft-Boiled|p1a: egg
|-heal|p1a: egg|100/100
|
|upkeep
|turn|46
|
|t:|1664310900
|move|p1a: egg|Seismic Toss|p2a: Malediction
|-damage|p2a: Malediction|61/100
|move|p2a: Malediction|Seed Bomb|p1a: egg
|-damage|p1a: egg|85/100
|
|upkeep
|turn|47
|
|t:|1664310902
|move|p1a: egg|Seismic Toss|p2a: Malediction
|-damage|p2a: Malediction|38/100
|move|p2a: Malediction|Seed Bomb|p1a: egg
|-damage|p1a: egg|69/100
|
|upkeep
|turn|48
|
|t:|1664310907
|switch|p2a: Vince|Excadrill, M|11/100
|move|p1a: egg|Soft-Boiled|p1a: egg
|-heal|p1a: egg|100/100
|
|-heal|p2a: Vince|17/100|[from] item: Leftovers
|upkeep
|turn|49
|
|t:|1664310912
|switch|p2a: Malediction|Amoonguss, F, shiny|71/100
|switch|p1a: im hard|Skarmory, M|100/100
|
|upkeep
|turn|50
|
|t:|1664310918
|switch|p2a: Lock|Moltres|86/100
|move|p1a: im hard|Spikes|p2a: Lock
|-sidestart|p2: Liz Angeles|Spikes
|
|upkeep
|turn|51
|
|t:|1664310922
|switch|p1a: egg|Chansey, F|100/100
|move|p2a: Lock|Defog|p1a: egg
|-unboost|p1a: egg|evasion|1
|-sideend|p2: Liz Angeles|Spikes|[from] move: Defog|[of] p2a: Lock
|
|upkeep
|turn|52
|
|t:|1664310925
|switch|p2a: Malediction|Amoonguss, F, shiny|100/100
|move|p1a: egg|Seismic Toss|p2a: Malediction
|-damage|p2a: Malediction|77/100
|
|upkeep
|turn|53
|c|☆esqimo589|i run out of stoss pp at some point so yeahhhh
|c|☆esqimo589|nothing i can really burn krook sleep turns on either
|c|☆Liz Angeles|You def could play on
|
|t:|1664310955
|move|p1a: egg|Seismic Toss|p2a: Malediction
|-damage|p2a: Malediction|54/100
|move|p2a: Malediction|Sludge Bomb|p1a: egg
|-damage|p1a: egg|91/100
|
|upkeep
|turn|54
|c|☆Liz Angeles|But it's pretty hard to win
|
|t:|1664310972
|move|p1a: egg|Seismic Toss|p2a: Malediction
|-damage|p2a: Malediction|31/100
|move|p2a: Malediction|Seed Bomb|p1a: egg
|-damage|p1a: egg|75/100
|
|upkeep
|turn|55
|
|t:|1664310994
|switch|p2a: Hailey|Azumarill, F|49/100 tox
|move|p1a: egg|Toxic|p2a: Hailey
|-fail|p2a: Hailey|tox
|
|-damage|p2a: Hailey|43/100 tox|[from] psn
|upkeep
|turn|56
|
|t:|1664311002
|switch|p1a: im hard|Skarmory, M|100/100
|move|p2a: Hailey|Knock Off|p1a: im hard
|-damage|p1a: im hard|73/100
|
|-damage|p2a: Hailey|30/100 tox|[from] psn
|upkeep
|turn|57
|
|t:|1664311009
|switch|p2a: Vince|Excadrill, M|17/100
|move|p1a: im hard|Spikes|p2a: Vince
|-sidestart|p2: Liz Angeles|Spikes
|
|-heal|p2a: Vince|23/100|[from] item: Leftovers
|upkeep
|turn|58
|
|t:|1664311015
|switch|p2a: Lock|Moltres|86/100
|move|p1a: im hard|Roost|p1a: im hard
|-heal|p1a: im hard|100/100
|-singleturn|p1a: im hard|move: Roost
|
|upkeep
|turn|59
|
|t:|1664311018
|switch|p1a: egg|Chansey, F|75/100
|move|p2a: Lock|Defog|p1a: egg
|-unboost|p1a: egg|evasion|1
|-sideend|p2: Liz Angeles|Spikes|[from] move: Defog|[of] p2a: Lock
|
|upkeep
|turn|60
|
|t:|1664311021
|switch|p2a: Malediction|Amoonguss, F, shiny|64/100
|move|p1a: egg|Seismic Toss|p2a: Malediction
|-damage|p2a: Malediction|41/100
|
|upkeep
|turn|61
|
|t:|1664311035
|move|p1a: egg|Seismic Toss|p2a: Malediction
|-damage|p2a: Malediction|18/100
|move|p2a: Malediction|Seed Bomb|p1a: egg
|-damage|p1a: egg|60/100
|
|upkeep
|turn|62
|
|t:|1664311044
|switch|p2a: Kristy|Raikou, shiny|44/100
|-ability|p2a: Kristy|Pressure
|move|p1a: egg|Seismic Toss|p2a: Kristy
|-damage|p2a: Kristy|14/100
|
|-heal|p2a: Kristy|20/100|[from] item: Leftovers
|upkeep
|turn|63
|c|☆esqimo589|whats the lore behind this nickname
|c|☆Liz Angeles|There's none
|inactive|Liz Angeles has 120 seconds left.
|c|☆Liz Angeles|I just named them
|c|☆esqimo589|just chose a random name
|c|☆esqimo589|oh theyre all random names
|c|☆Liz Angeles|Some of my other teams are named after tracks on albums
|c|☆esqimo589|idk why i only noticed kristy
|inactive|Liz Angeles has 90 seconds left.
|c|☆esqimo589|yh i just name my pokemon random shit
|
|t:|1664311110
|switch|p2a: Malediction|Amoonguss, F, shiny|51/100
|move|p1a: egg|Seismic Toss|p2a: Malediction
|-damage|p2a: Malediction|28/100
|
|upkeep
|turn|64
|c|☆esqimo589|a lot of them are just literally what the pokemon are
|inactive|Liz Angeles has 90 seconds left.
|
|t:|1664311133
|switch|p2a: Kristy|Raikou, shiny|20/100
|-ability|p2a: Kristy|Pressure
|move|p1a: egg|Toxic|p2a: Kristy
|-status|p2a: Kristy|tox
|
|-heal|p2a: Kristy|26/100 tox|[from] item: Leftovers
|-damage|p2a: Kristy|20/100 tox|[from] psn
|upkeep
|turn|65
|
|t:|1664311137
|switch|p2a: Malediction|Amoonguss, F, shiny|62/100
|move|p1a: egg|Soft-Boiled|p1a: egg
|-heal|p1a: egg|100/100
|
|upkeep
|turn|66
|
|t:|1664311142
|move|p1a: egg|Seismic Toss|p2a: Malediction
|-damage|p2a: Malediction|38/100
|move|p2a: Malediction|Seed Bomb|p1a: egg
|-damage|p1a: egg|86/100
|
|upkeep
|turn|67
|c|☆esqimo589|i shouldve s tossed
|
|t:|1664311148
|switch|p2a: Lock|Moltres|86/100
|move|p1a: egg|Seismic Toss|p2a: Lock
|-damage|p2a: Lock|60/100
|
|upkeep
|turn|68
|c|☆esqimo589|AAAAAAAAA
|
|t:|1664311154
|switch|p2a: Malediction|Amoonguss, F, shiny|72/100
|move|p1a: egg|Seismic Toss|p2a: Malediction
|-damage|p2a: Malediction|49/100
|
|upkeep
|turn|69
|
|t:|1664311166
|move|p1a: egg|Seismic Toss|p2a: Malediction
|-damage|p2a: Malediction|25/100
|move|p2a: Malediction|Seed Bomb|p1a: egg
|-damage|p1a: egg|72/100
|
|upkeep
|turn|70
|
|t:|1664311172
|switch|p2a: Kristy|Raikou, shiny|20/100 tox
|-ability|p2a: Kristy|Pressure
|move|p1a: egg|Seismic Toss|p2a: Kristy
|-damage|p2a: Kristy|0 fnt
|faint|p2a: Kristy
|
|upkeep
|
|t:|1664311174
|switch|p2a: Malediction|Amoonguss, F, shiny|59/100
|turn|71
|
|t:|1664311177
|move|p1a: egg|Seismic Toss|p2a: Malediction
|-damage|p2a: Malediction|36/100
|move|p2a: Malediction|Seed Bomb|p1a: egg
|-damage|p1a: egg|57/100
|
|upkeep
|turn|72
|
|t:|1664311185
|switch|p2a: Lock|Moltres|60/100
|move|p1a: egg|Toxic|p2a: Lock
|-status|p2a: Lock|tox
|
|-damage|p2a: Lock|54/100 tox|[from] psn
|upkeep
|turn|73
|
|t:|1664311188
|switch|p2a: Malediction|Amoonguss, F, shiny|69/100
|move|p1a: egg|Soft-Boiled|p1a: egg
|-heal|p1a: egg|100/100
|
|upkeep
|turn|74
|c|☆esqimo589|pog
|
|t:|1664311194
|move|p1a: egg|Seismic Toss|p2a: Malediction
|-damage|p2a: Malediction|46/100
|move|p2a: Malediction|Seed Bomb|p1a: egg
|-crit|p1a: egg
|-damage|p1a: egg|77/100
|
|upkeep
|turn|75
|
|t:|1664311197
|switch|p2a: Lock|Moltres|54/100 tox
|move|p1a: egg|Seismic Toss|p2a: Lock
|-damage|p2a: Lock|28/100 tox
|
|-damage|p2a: Lock|22/100 tox|[from] psn
|upkeep
|turn|76
|
|t:|1664311201
|move|p2a: Lock|Roost|p2a: Lock
|-heal|p2a: Lock|72/100 tox
|-singleturn|p2a: Lock|move: Roost
|move|p1a: egg|Seismic Toss|p2a: Lock
|-damage|p2a: Lock|46/100 tox
|-status|p1a: egg|brn|[from] ability: Flame Body|[of] p2a: Lock
|
|-damage|p2a: Lock|34/100 tox|[from] psn
|-damage|p1a: egg|71/100 brn|[from] brn
|upkeep
|turn|77
|
|t:|1664311206
|switch|p2a: Malediction|Amoonguss, F, shiny|79/100
|move|p1a: egg|Teleport|p1a: egg
|
|t:|1664311208
|-curestatus|p1a: egg|brn|[from] ability: Natural Cure
|switch|p1a: flat fuck friday|Krookodile, F|64/100 slp|[from]move: Teleport
|-ability|p1a: flat fuck friday|Intimidate|boost
|-unboost|p2a: Malediction|atk|1
|
|-heal|p1a: flat fuck friday|70/100 slp|[from] item: Leftovers
|upkeep
|turn|78
|
|t:|1664311220
|switch|p1a: im hard|Skarmory, M|100/100
|switch|p2a: Hailey|Azumarill, F|30/100 tox
|
|-damage|p2a: Hailey|24/100 tox|[from] psn
|upkeep
|turn|79
|
|t:|1664311230
|switch|p1a: egg|Chansey, F|71/100
|switch|p2a: Lock|Moltres|34/100 tox
|
|-damage|p2a: Lock|28/100 tox|[from] psn
|upkeep
|turn|80
|
|t:|1664311236
|move|p2a: Lock|Roost|p2a: Lock
|-heal|p2a: Lock|78/100 tox
|-singleturn|p2a: Lock|move: Roost
|move|p1a: egg|Soft-Boiled|p1a: egg
|-heal|p1a: egg|100/100
|
|-damage|p2a: Lock|66/100 tox|[from] psn
|upkeep
|turn|81
|
|t:|1664311239
|switch|p2a: Malediction|Amoonguss, F, shiny|100/100
|move|p1a: egg|Teleport|p1a: egg
|
|t:|1664311241
|switch|p1a: im hard|Skarmory, M|100/100|[from]move: Teleport
|
|upkeep
|turn|82
|
|t:|1664311247
|move|p1a: im hard|Spikes|p2a: Malediction
|-sidestart|p2: Liz Angeles|Spikes
|move|p2a: Malediction|Foul Play|p1a: im hard
|-damage|p1a: im hard|91/100
|
|upkeep
|turn|83
|
|t:|1664311252
|switch|p1a: egg|Chansey, F|100/100
|move|p2a: Malediction|Foul Play|p1a: egg
|-damage|p1a: egg|99/100
|
|upkeep
|turn|84
|
|t:|1664311257
|move|p1a: egg|Seismic Toss|p2a: Malediction
|-damage|p2a: Malediction|77/100
|move|p2a: Malediction|Seed Bomb|p1a: egg
|-damage|p1a: egg|85/100
|
|upkeep
|turn|85
|
|t:|1664311261
|switch|p2a: Lock|Moltres|66/100 tox
|move|p1a: egg|Seismic Toss|p2a: Lock
|-damage|p2a: Lock|40/100 tox
|-status|p1a: egg|brn|[from] ability: Flame Body|[of] p2a: Lock
|
|-damage|p2a: Lock|34/100 tox|[from] psn
|-damage|p1a: egg|79/100 brn|[from] brn
|upkeep
|turn|86
|
|t:|1664311266
|move|p2a: Lock|Flamethrower|p1a: egg
|-damage|p1a: egg|68/100 brn
|move|p1a: egg|Seismic Toss|p2a: Lock
|-damage|p2a: Lock|8/100 tox
|
|-damage|p2a: Lock|0 fnt|[from] psn
|faint|p2a: Lock
|-damage|p1a: egg|62/100 brn|[from] brn
|upkeep
|c|☆esqimo589|ok wait
|c|☆Liz Angeles|I'm lost
|inactive|Liz Angeles has 120 seconds left.
|c|☆Liz Angeles|Your skarm had too much phys def for me to make progress
|c|☆esqimo589|i have 8 s tosses left but skarm fully counters
|c|☆esqimo589|i get up 3 ids and you cant break
|c|☆esqimo589|i can just pp stall
|inactive|Liz Angeles has 90 seconds left.
|c|☆esqimo589|with krook and egg
|c|☆esqimo589|so i think
|c|☆esqimo589|its gg
|c|☆Liz Angeles|yeah if I realised the s toss situation was so dire I probably wouldn't have done that
|c|☆Liz Angeles|ladder has my brain fried
|c|☆esqimo589|flaming on chans was def not the play
|inactive|Liz Angeles has 60 seconds left.
|c|☆esqimo589|its not like i was gonna switch or anything, healing was the move
|c|☆Liz Angeles|Can't believe you gave me starmie and I lost anyway
|c|☆esqimo589|lmao
|-message|Liz Angeles forfeited.
|
|win|esqimo589
|raw|esqimo589's rating: 1351 &rarr; <strong>1380</strong><br />(+29 for winning)
|raw|Liz Angeles's rating: 1520 &rarr; <strong>1491</strong><br />(-29 for losing)
|c|☆esqimo589|gg
|c|☆esqimo589|yo 29 points?
|c|☆esqimo589|when will i get out of 1300s ;-;
|c|☆Liz Angeles|I was 1580 like 20 mins ago
|c|☆Liz Angeles|sigh
||Ladder isn't responding, score probably updated but might not have (Request timeout).
|c|☆Liz Angeles|Literally played an scl player who was 1300 and lost 30 points
|c|☆esqimo589|rip
|c|☆esqimo589|the tilt
|c|☆Liz Angeles|gg anyway
|c|☆esqimo589|yh that was good
|c|☆esqimo589|skarm chans is so dumb on ladder
|c|☆Liz Angeles|Does this mean I can't make fun of you anymore
|c|☆esqimo589|yes
|c|☆Liz Angeles|That's the worst
|l|☆Liz Angeles
|c|☆esqimo589|i have in fact won a single game
|l|☆esqimo589
|j|☆esqimo589
|player|p1|esqimo589|n
