|j|☆Red violet blue
|j|☆Dontcarewhoasked
|t:|1667500596
|gametype|singles
|player|p1|Red violet blue|266|1395
|player|p2|Dontcarewhoasked|acetrainerf|1527
|teamsize|p1|6
|teamsize|p2|6
|gen|8
|tier|[Gen 8] UU
|rated|
|rule|Sleep Clause Mod: Limit one foe put to sleep
|rule|Species Clause: Limit one of each Pokémon
|rule|OHKO Clause: OHKO moves are banned
|rule|Evasion Items Clause: Evasion items are banned
|rule|Evasion Moves Clause: Evasion moves are banned
|rule|Endless Battle Clause: Forcing endless battles is banned
|rule|HP Percentage Mod: HP is shown in percentages
|rule|Dynamax Clause: You cannot dynamax
|clearpoke
|poke|p1|Necrozma|
|poke|p1|Excadrill, M|
|poke|p1|Cobalion|
|poke|p1|Thundurus-Therian, M|
|poke|p1|Azumarill, F|
|poke|p1|Tapu Bulu|
|poke|p2|Hatterene, F|
|poke|p2|Marowak-Alola, F|
|poke|p2|Porygon2|
|poke|p2|Cresselia, F|
|poke|p2|Conkeldurr, M|
|poke|p2|Crawdaunt, F|
|teampreview
|inactive|Battle timer is ON: inactive players will automatically lose when time's up. (requested by Dontcarewhoasked)
|
|t:|1667500614
|start
|switch|p1a: Tapu Bulu|Tapu Bulu|100/100
|switch|p2a: James Charles|Conkeldurr, M|100/100
|-fieldstart|move: Grassy Terrain|[from] ability: Grassy Surge|[of] p1a: Tapu Bulu
|turn|1
|
|t:|1667500619
|switch|p1a: Azumarill|Azumarill, F|100/100
|switch|p2a: 11 inch stick|Marowak-Alola, F|100/100
|
|upkeep
|turn|2
|
|t:|1667500627
|move|p1a: Azumarill|Knock Off|p2a: 11 inch stick
|-supereffective|p2a: 11 inch stick
|-damage|p2a: 11 inch stick|16/100
|-enditem|p2a: 11 inch stick|Thick Club|[from] move: Knock Off|[of] p1a: Azumarill
|move|p2a: 11 inch stick|Poltergeist|p1a: Azumarill
|-activate|p1a: Azumarill|move: Poltergeist|Sitrus Berry
|-damage|p1a: Azumarill|46/100
|-enditem|p1a: Azumarill|Sitrus Berry|[eat]
|-heal|p1a: Azumarill|71/100|[from] item: Sitrus Berry
|
|-heal|p1a: Azumarill|77/100|[from] Grassy Terrain
|-heal|p2a: 11 inch stick|22/100|[from] Grassy Terrain
|upkeep
|turn|3
|c|☆Dontcarewhoasked|Oh my god
|c|☆Dontcarewhoasked|I'm getting so fucking outplayed
|
|t:|1667500642
|move|p1a: Azumarill|Knock Off|p2a: 11 inch stick
|-supereffective|p2a: 11 inch stick
|-damage|p2a: 11 inch stick|0 fnt
|faint|p2a: 11 inch stick
|
|-heal|p1a: Azumarill|83/100|[from] Grassy Terrain
|upkeep
|
|t:|1667500646
|switch|p2a: Crazy Hat lady|Hatterene, F|100/100
|turn|4
|
|t:|1667500654
|move|p1a: Azumarill|Knock Off|p2a: Crazy Hat lady
|-damage|p2a: Crazy Hat lady|51/100
|-enditem|p2a: Crazy Hat lady|Focus Sash|[from] move: Knock Off|[of] p1a: Azumarill
|move|p2a: Crazy Hat lady|Trick Room|p2a: Crazy Hat lady
|-fieldstart|move: Trick Room|[of] p2a: Crazy Hat lady
|
|-heal|p2a: Crazy Hat lady|57/100|[from] Grassy Terrain
|-heal|p1a: Azumarill|89/100|[from] Grassy Terrain
|upkeep
|turn|5
|
|t:|1667500666
|switch|p1a: Cobalion|Cobalion|100/100
|move|p2a: Crazy Hat lady|Psyshock|p1a: Cobalion
|-damage|p1a: Cobalion|58/100
|
|-heal|p2a: Crazy Hat lady|63/100|[from] Grassy Terrain
|-heal|p1a: Cobalion|65/100|[from] Grassy Terrain
|-heal|p1a: Cobalion|71/100|[from] item: Leftovers
|-fieldend|move: Grassy Terrain
|upkeep
|turn|6
|
|t:|1667500670
|move|p2a: Crazy Hat lady|Misty Explosion|p1a: Cobalion
|-damage|p1a: Cobalion|0 fnt
|faint|p2a: Crazy Hat lady
|faint|p1a: Cobalion
|
|upkeep
|
|t:|1667500684
|switch|p2a: Moom|Cresselia, F|100/100
|switch|p1a: Necrozma|Necrozma|100/100
|turn|7
|
|t:|1667500689
|switch|p2a: Red Lobster|Crawdaunt, F|100/100
|move|p1a: Necrozma|Dragon Dance|p1a: Necrozma
|-boost|p1a: Necrozma|atk|1
|-boost|p1a: Necrozma|spe|1
|
|upkeep
|turn|8
|
|t:|1667500694
|switch|p1a: Thundurus|Thundurus-Therian, M|100/100
|move|p2a: Red Lobster|Knock Off|p1a: Thundurus
|-damage|p1a: Thundurus|0 fnt
|-enditem|p1a: Thundurus|Heavy-Duty Boots|[from] move: Knock Off|[of] p2a: Red Lobster
|faint|p1a: Thundurus
|-damage|p2a: Red Lobster|91/100|[from] item: Life Orb
|
|-fieldend|move: Trick Room
|upkeep
|
|t:|1667500703
|switch|p1a: Tapu Bulu|Tapu Bulu|100/100
|-fieldstart|move: Grassy Terrain|[from] ability: Grassy Surge|[of] p1a: Tapu Bulu
|turn|9
|
|t:|1667500706
|switch|p2a: Moom|Cresselia, F|100/100
|move|p1a: Tapu Bulu|Horn Leech|p2a: Moom
|-damage|p2a: Moom|64/100
|-damage|p1a: Tapu Bulu|84/100|[from] item: Rocky Helmet|[of] p2a: Moom
|-damage|p1a: Tapu Bulu|74/100|[from] item: Life Orb
|
|-heal|p1a: Tapu Bulu|80/100|[from] Grassy Terrain
|upkeep
|turn|10
|
|t:|1667500712
|switch|p1a: Excadrill|Excadrill, M|100/100
|-ability|p1a: Excadrill|Mold Breaker
|move|p2a: Moom|Moonlight|p2a: Moom
|-heal|p2a: Moom|100/100
|
|upkeep
|turn|11
|
|t:|1667500715
|move|p1a: Excadrill|Stealth Rock|p2a: Moom
|-sidestart|p2: Dontcarewhoasked|move: Stealth Rock
|move|p2a: Moom|Trick Room|p2a: Moom
|-fieldstart|move: Trick Room|[of] p2a: Moom
|
|upkeep
|turn|12
|
|t:|1667500729
|switch|p2a: James Charles|Conkeldurr, M|100/100
|-damage|p2a: James Charles|94/100|[from] Stealth Rock
|switch|p1a: Necrozma|Necrozma|100/100
|
|-heal|p2a: James Charles|100/100|[from] Grassy Terrain
|-status|p2a: James Charles|brn|[from] item: Flame Orb
|upkeep
|turn|13
|
|t:|1667500733
|move|p2a: James Charles|Knock Off|p1a: Necrozma
|-supereffective|p1a: Necrozma
|-damage|p1a: Necrozma|14/100
|-enditem|p1a: Necrozma|Lum Berry|[from] move: Knock Off|[of] p2a: James Charles
|move|p1a: Necrozma|Photon Geyser|p2a: James Charles
|-supereffective|p2a: James Charles
|-damage|p2a: James Charles|9/100 brn
|
|-heal|p2a: James Charles|15/100 brn|[from] Grassy Terrain
|-heal|p1a: Necrozma|20/100|[from] Grassy Terrain
|-damage|p2a: James Charles|9/100 brn|[from] brn
|-fieldend|move: Grassy Terrain
|upkeep
|turn|14
|
|t:|1667500743
|move|p2a: James Charles|Facade|p1a: Necrozma
|-damage|p1a: Necrozma|0 fnt
|faint|p1a: Necrozma
|
|-damage|p2a: James Charles|3/100 brn|[from] brn
|upkeep
|
|t:|1667500749
|switch|p1a: Azumarill|Azumarill, F|89/100
|turn|15
|
|t:|1667500753
|move|p1a: Azumarill|Aqua Jet|p2a: James Charles
|-damage|p2a: James Charles|0 fnt
|faint|p2a: James Charles
|
|-fieldend|move: Trick Room
|upkeep
|
|t:|1667500757
|switch|p2a: Moom|Cresselia, F|100/100
|-damage|p2a: Moom|88/100|[from] Stealth Rock
|turn|16
|
|t:|1667500762
|move|p1a: Azumarill|Belly Drum|p1a: Azumarill
|-damage|p1a: Azumarill|39/100
|-setboost|p1a: Azumarill|atk|6|[from] move: Belly Drum
|move|p2a: Moom|Psychic|p1a: Azumarill
|-damage|p1a: Azumarill|10/100
|
|upkeep
|turn|17
|
|t:|1667500768
|move|p1a: Azumarill|Knock Off|p2a: Moom
|-supereffective|p2a: Moom
|-damage|p2a: Moom|0 fnt
|-damage|p1a: Azumarill|0 fnt|[from] item: Rocky Helmet|[of] p2a: Moom
|faint|p2a: Moom
|faint|p1a: Azumarill
|
|upkeep
|
|t:|1667500772
|switch|p1a: Tapu Bulu|Tapu Bulu|80/100
|switch|p2a: Cyber duck|Porygon2|100/100
|-fieldstart|move: Grassy Terrain|[from] ability: Grassy Surge|[of] p1a: Tapu Bulu
|-damage|p2a: Cyber duck|88/100|[from] Stealth Rock
|-ability|p2a: Cyber duck|Download|boost
|-boost|p2a: Cyber duck|spa|1
|turn|18
|
|t:|1667500779
|move|p1a: Tapu Bulu|Swords Dance|p1a: Tapu Bulu
|-boost|p1a: Tapu Bulu|atk|2
|move|p2a: Cyber duck|Trick Room|p2a: Cyber duck
|-fieldstart|move: Trick Room|[of] p2a: Cyber duck
|
|-heal|p2a: Cyber duck|94/100|[from] Grassy Terrain
|-heal|p1a: Tapu Bulu|86/100|[from] Grassy Terrain
|upkeep
|turn|19
|
|t:|1667500783
|move|p2a: Cyber duck|Ice Beam|p1a: Tapu Bulu
|-supereffective|p1a: Tapu Bulu
|-damage|p1a: Tapu Bulu|10/100
|move|p1a: Tapu Bulu|Horn Leech|p2a: Cyber duck
|-damage|p2a: Cyber duck|0 fnt
|-heal|p1a: Tapu Bulu|73/100|[from] drain|[of] p2a: Cyber duck
|faint|p2a: Cyber duck
|-damage|p1a: Tapu Bulu|63/100|[from] item: Life Orb
|
|-heal|p1a: Tapu Bulu|69/100|[from] Grassy Terrain
|upkeep
|
|t:|1667500786
|switch|p2a: Red Lobster|Crawdaunt, F|91/100
|-damage|p2a: Red Lobster|78/100|[from] Stealth Rock
|turn|20
|
|t:|1667500789
|move|p2a: Red Lobster|Knock Off|p1a: Tapu Bulu
|-resisted|p1a: Tapu Bulu
|-damage|p1a: Tapu Bulu|21/100
|-enditem|p1a: Tapu Bulu|Life Orb|[from] move: Knock Off|[of] p2a: Red Lobster
|-damage|p2a: Red Lobster|69/100|[from] item: Life Orb
|move|p1a: Tapu Bulu|Horn Leech|p2a: Red Lobster
|-supereffective|p2a: Red Lobster
|-damage|p2a: Red Lobster|0 fnt
|-heal|p1a: Tapu Bulu|61/100|[from] drain|[of] p2a: Red Lobster
|faint|p2a: Red Lobster
|
|win|Red violet blue
|raw|Red violet blue's rating: 1395 &rarr; <strong>1422</strong><br />(+27 for winning)
|raw|Dontcarewhoasked's rating: 1527 &rarr; <strong>1500</strong><br />(-27 for losing)
|c|☆Red violet blue|Gg
|l|☆Dontcarewhoasked
||Ladder isn't responding, score probably updated but might not have (Request timeout).
