|j|☆Sabreur
|j|☆thomas888
|t:|1616950849
|player|p1|Sabreur|unknown|
|player|p2|thomas888|brycen|
|teamsize|p1|6
|teamsize|p2|6
|gametype|singles
|gen|8
|tier|[Gen 8] UU
|clearpoke
|poke|p1|Slowbro-Galar, M|
|poke|p1|Scizor, F|
|poke|p1|Keldeo-Resolute|
|poke|p1|Salamence, M|
|poke|p1|Rhyperior, M|
|poke|p1|Zeraora|
|poke|p2|Mew|
|poke|p2|Incineroar, F|
|poke|p2|Kommo-o, F|
|poke|p2|Celesteela|
|poke|p2|Salamence, M|
|poke|p2|Ninetales-Alola, F|
|rule|Sleep Clause Mod: Limit one foe put to sleep
|rule|Species Clause: Limit one of each Pokémon
|rule|OHKO Clause: OHKO moves are banned
|rule|Evasion Moves Clause: Evasion moves are banned
|rule|Endless Battle Clause: Forcing endless battles is banned
|rule|HP Percentage Mod: HP is shown in percentages
|rule|Dynamax Clause: You cannot dynamax
|teampreview
|inactive|Battle timer is ON: inactive players will automatically lose when time's up. (requested by thomas888)
|c|☆thomas888|hf
|c|☆Sabreur|u2
|c|☆thomas888|/log thomas888 made this room public.
|l|☆thomas888
|inactive|thomas888 disconnected and has 300 seconds to reconnect!
|player|p2|
|j|☆thomas888
|inactive|thomas888 reconnected and has 280 seconds left.
|player|p2|thomas888|brycen
|inactive|Sabreur has 270 seconds left.
|j| FC MIKU
|inactive|thomas888 has 270 seconds left.
|j| Fathiryxi
|j| HaxxSel
|j| Pheooo
|j| Masskeauuu
|j| Carmin
|j| MS3D
|j| Quebeclibre
|j| Wnn
|j| PepeDuce
|j| FC YOTSUBA
|j| Piston & Pacers
|j| Grimji
|inactive|Sabreur has 240 seconds left.
|inactive|thomas888 has 240 seconds left.
|j| rytho
|j| Cousiin
|c| HaxxSel|ALLEZ THOMAS
|j| CMDoge
|j| Arakd’eau ㋛
|j| princesse etoile
|j| Neco0s@!
|j| 26wk
|j| Ahzee
|j| TT goodra1
|j| Chirac
|l| rytho
|j| Flex OKLM
|j| Damflame
|j| AzZoCcX
|j| Elfe_cosmique
|j| BabaBibou
|j| Yggdrasil60
|inactive|Sabreur has 210 seconds left.
|j| Schizoguyz
|inactive|thomas888 has 210 seconds left.
|j| lulu qlf
|j| Royal1604
|j| vicooo47
|l| FC YOTSUBA
|j| Astreau
|j| yiuim
|inactive|thomas888 has 180 seconds left.
|
|t:|1616950976
|start
|switch|p1a: Zeraora|Zeraora|100/100
|switch|p2a: Salamence|Salamence, M|100/100
|-ability|p2a: Salamence|Intimidate|boost
|-unboost|p1a: Zeraora|atk|1
|turn|1
|j| thilda
|j| Raph369
|j| KiruxONF
|c| Astreau|:ms3d: tiens tiens tiens
|inactive|thomas888 has 240 seconds left.
|l| Astreau
|j| HurtaDOO♥
|c| HurtaDOO♥|VAMOS SABREUR
|j| Rikoufidou
|inactive|thomas888 has 210 seconds left.
|c| HaxxSel|QUOI
|c| HaxxSel|silence doo.
|j| zS
|l| Flex OKLM
|j| pharmachien
|c| HurtaDOO♥|Y'a tout dans le sabreur
|inactive|thomas888 has 180 seconds left.
|j| Gusto Gulldo
|l| pharmachien
|j| Flex OKLM
|c| CMDoge|mr doo silence
|inactive|thomas888 has 150 seconds left.
|j| LyFaX
|
|t:|1616951090
|move|p1a: Zeraora|Volt Switch|p2a: Salamence
|-damage|p2a: Salamence|74/100
|j| Zokuru
|
|t:|1616951099
|switch|p1a: Rhyperior|Rhyperior, M|100/100|[from]move: Volt Switch
|move|p2a: Salamence|Dragon Dance|p2a: Salamence
|-boost|p2a: Salamence|atk|1
|-boost|p2a: Salamence|spe|1
|
|upkeep
|turn|2
|inactive|thomas888 has 150 seconds left.
|inactive|thomas888 has 120 seconds left.
|
|t:|1616951145
|switch|p2a: Kommo-o|Kommo-o, F|100/100
|move|p1a: Rhyperior|Stone Edge|p2a: Kommo-o
|-resisted|p2a: Kommo-o
|-damage|p2a: Kommo-o|79/100
|
|upkeep
|turn|3
|l|gustogulldo
|l| Flex OKLM
|j| McSim
|inactive|Sabreur has 240 seconds left.
|j| FC YOTSUBA
|j| vico25
|j| Horodro
|inactive|Sabreur has 210 seconds left.
|l| vicooo47
|l| Arakd’eau ㋛
|inactive|Sabreur has 180 seconds left.
|j| Flex OKLM
|j| Prodigezz
|l| FC YOTSUBA
|
|t:|1616951244
|switch|p2a: Ninetales|Ninetales-Alola, F|100/100
|-weather|Hail|[from] ability: Snow Warning|[of] p2a: Ninetales
|move|p1a: Rhyperior|Stealth Rock|p2a: Ninetales
|-sidestart|p2: thomas888|move: Stealth Rock
|
|-weather|Hail|[upkeep]
|-damage|p1a: Rhyperior|94/100|[from] Hail
|-heal|p1a: Rhyperior|100/100|[from] item: Leftovers
|upkeep
|turn|4
|inactive|thomas888 has 120 seconds left.
|j| basaninho
|l| Ahzee
|inactive|Sabreur has 150 seconds left.
|l| KiruxONF
|
|t:|1616951296
|move|p2a: Ninetales|Aurora Veil|p2a: Ninetales
|-sidestart|p2: thomas888|move: Aurora Veil
|move|p1a: Rhyperior|Stone Edge|p2a: Ninetales
|-supereffective|p2a: Ninetales
|-damage|p2a: Ninetales|42/100
|
|-weather|Hail|[upkeep]
|-damage|p1a: Rhyperior|94/100|[from] Hail
|-heal|p1a: Rhyperior|100/100|[from] item: Leftovers
|upkeep
|turn|5
|inactive|thomas888 has 120 seconds left.
|j| msnt
|
|t:|1616951314
|move|p2a: Ninetales|Hypnosis|p1a: Rhyperior|[miss]
|-miss|p2a: Ninetales|p1a: Rhyperior
|move|p1a: Rhyperior|Stone Edge|p2a: Ninetales
|-supereffective|p2a: Ninetales
|-damage|p2a: Ninetales|0 fnt
|faint|p2a: Ninetales
|
|-weather|Hail|[upkeep]
|-damage|p1a: Rhyperior|94/100|[from] Hail
|-heal|p1a: Rhyperior|100/100|[from] item: Leftovers
|upkeep
|j| FreebaseVol.04
|j| Hervalt
|c| Schizoguyz|deus ex machina
|j| Squash17
|l| msnt
|
|t:|1616951339
|switch|p2a: Celesteela|Celesteela|100/100
|-damage|p2a: Celesteela|88/100|[from] Stealth Rock
|turn|6
|j| msnt
|inactive|Sabreur has 120 seconds left.
|j| Eieieeifi
|j| jaytop31
|
|t:|1616951374
|switch|p1a: Slowbro|Slowbro-Galar, M|100/100
|move|p2a: Celesteela|Autotomize|p2a: Celesteela
|-boost|p2a: Celesteela|spe|2
|-start|p2a: Celesteela|Autotomize
|
|-weather|Hail|[upkeep]
|-damage|p2a: Celesteela|82/100|[from] Hail
|upkeep
|turn|7
|
|t:|1616951378
|move|p2a: Celesteela|Meteor Beam||[still]
|-prepare|p2a: Celesteela|Meteor Beam
|-boost|p2a: Celesteela|spa|1
|-enditem|p2a: Celesteela|Power Herb
|-anim|p2a: Celesteela|Meteor Beam|p1a: Slowbro
|-damage|p1a: Slowbro|33/100
|move|p1a: Slowbro|Calm Mind|p1a: Slowbro
|-boost|p1a: Slowbro|spa|1
|-boost|p1a: Slowbro|spd|1
|
|-weather|none
|upkeep
|turn|8
|inactive|thomas888 has 120 seconds left.
|
|t:|1616951387
|move|p2a: Celesteela|Flash Cannon|p1a: Slowbro
|-damage|p1a: Slowbro|0 fnt
|faint|p1a: Slowbro
|-ability|p2a: Celesteela|Beast Boost|boost
|-boost|p2a: Celesteela|spa|1
|
|upkeep
|
|t:|1616951390
|switch|p1a: Zeraora|Zeraora|100/100
|turn|9
|
|t:|1616951394
|move|p2a: Celesteela|Flamethrower|p1a: Zeraora
|-damage|p1a: Zeraora|25/100
|move|p1a: Zeraora|Plasma Fists|p2a: Celesteela
|-supereffective|p2a: Celesteela
|-damage|p2a: Celesteela|36/100
|-fieldactivate|move: Ion Deluge
|
|upkeep
|turn|10
|l| Eieieeifi
|
|t:|1616951415
|move|p2a: Celesteela|Flamethrower|p1a: Zeraora
|-damage|p1a: Zeraora|0 fnt
|faint|p1a: Zeraora
|-ability|p2a: Celesteela|Beast Boost|boost
|-boost|p2a: Celesteela|spa|1
|
|upkeep
|
|t:|1616951423
|switch|p1a: Salamence|Salamence, M|100/100
|-ability|p1a: Salamence|Intimidate|boost
|-unboost|p2a: Celesteela|atk|1
|turn|11
|
|t:|1616951426
|move|p2a: Celesteela|Flash Cannon|p1a: Salamence
|-damage|p1a: Salamence|0 fnt
|faint|p1a: Salamence
|-ability|p2a: Celesteela|Beast Boost|boost
|-boost|p2a: Celesteela|spa|1
|
|-sideend|p2: thomas888|move: Aurora Veil
|upkeep
|
|t:|1616951431
|switch|p1a: Keldeo|Keldeo-Resolute|100/100
|turn|12
|j| Matrixe
|
|t:|1616951435
|move|p2a: Celesteela|Flash Cannon|p1a: Keldeo
|-resisted|p1a: Keldeo
|-damage|p1a: Keldeo|29/100
|move|p1a: Keldeo|Surf|p2a: Celesteela
|-damage|p2a: Celesteela|0 fnt
|faint|p2a: Celesteela
|
|upkeep
|j| Dflo
|inactive|thomas888 has 150 seconds left.
|inactive|thomas888 has 120 seconds left.
|j| Typhou ㋛
|j| thug Gandalf
|
|t:|1616951509
|switch|p2a: Salamence|Salamence, M|74/100
|-damage|p2a: Salamence|49/100|[from] Stealth Rock
|-ability|p2a: Salamence|Intimidate|boost
|-unboost|p1a: Keldeo|atk|1
|turn|13
|l| thug Gandalf
|l| princesse etoile
|j| Wait2Seconds◀
|j| Lambovino
|inactive|Sabreur has 150 seconds left.
|j| congelateur-sama
|inactive|Sabreur has 120 seconds left.
|j| bruh c nwar
|
|t:|1616951558
|switch|p1a: Scizor|Scizor, F|100/100
|move|p2a: Salamence|Dragon Dance|p2a: Salamence
|-boost|p2a: Salamence|atk|1
|-boost|p2a: Salamence|spe|1
|
|upkeep
|turn|14
|
|t:|1616951561
|move|p2a: Salamence|Fire Fang|p1a: Scizor
|-supereffective|p1a: Scizor
|-damage|p1a: Scizor|0 fnt
|faint|p1a: Scizor
|
|upkeep
|
|t:|1616951563
|switch|p1a: Rhyperior|Rhyperior, M|100/100
|turn|15
|l| Fathiryxi
|j| pharmachien
|
|t:|1616951571
|move|p2a: Salamence|Outrage|p1a: Rhyperior
|-damage|p1a: Rhyperior|44/100
|move|p1a: Rhyperior|Stone Edge|p2a: Salamence
|-supereffective|p2a: Salamence
|-damage|p2a: Salamence|0 fnt
|faint|p2a: Salamence
|
|-heal|p1a: Rhyperior|50/100|[from] item: Leftovers
|upkeep
|j| FC YOTSUBA
|
|t:|1616951583
|switch|p2a: Mew|Mew|100/100
|-damage|p2a: Mew|88/100|[from] Stealth Rock
|turn|16
|
|t:|1616951585
|move|p2a: Mew|Cosmic Power|p2a: Mew
|-boost|p2a: Mew|def|1
|-boost|p2a: Mew|spd|1
|move|p1a: Rhyperior|Toxic|p2a: Mew
|-status|p2a: Mew|tox
|-activate|p2a: Mew|ability: Synchronize
|-status|p1a: Rhyperior|tox
|
|-heal|p1a: Rhyperior|56/100 tox|[from] item: Leftovers
|-damage|p2a: Mew|82/100 tox|[from] psn
|-damage|p1a: Rhyperior|50/100 tox|[from] psn
|upkeep
|turn|17
|j| Fathiryxi
|j| princesse etoile
|
|t:|1616951599
|move|p2a: Mew|Cosmic Power|p2a: Mew
|-boost|p2a: Mew|def|1
|-boost|p2a: Mew|spd|1
|move|p1a: Rhyperior|Earthquake|p2a: Mew
|-damage|p2a: Mew|67/100 tox
|
|-heal|p1a: Rhyperior|56/100 tox|[from] item: Leftovers
|-damage|p2a: Mew|54/100 tox|[from] psn
|-damage|p1a: Rhyperior|44/100 tox|[from] psn
|upkeep
|turn|18
|
|t:|1616951605
|move|p2a: Mew|Rest|p2a: Mew
|-status|p2a: Mew|slp|[from] move: Rest
|-heal|p2a: Mew|100/100 slp|[silent]
|move|p1a: Rhyperior|Earthquake|p2a: Mew
|-damage|p2a: Mew|84/100 slp
|
|-heal|p1a: Rhyperior|50/100 tox|[from] item: Leftovers
|-damage|p1a: Rhyperior|31/100 tox|[from] psn
|upkeep
|turn|19
|j| Nonante huit
|inactive|thomas888 has 150 seconds left.
|
|t:|1616951610
|switch|p1a: Keldeo|Keldeo-Resolute|29/100
|cant|p2a: Mew|slp
|
|upkeep
|turn|20
|
|t:|1616951614
|move|p1a: Keldeo|Surf|p2a: Mew
|-damage|p2a: Mew|57/100 slp
|cant|p2a: Mew|slp
|
|upkeep
|turn|21
|j| Shiiftry
|
|t:|1616951618
|move|p1a: Keldeo|Surf|p2a: Mew
|-damage|p2a: Mew|27/100 slp
|-curestatus|p2a: Mew|slp|[msg]
|move|p2a: Mew|Stored Power|p1a: Keldeo
|-supereffective|p1a: Keldeo
|-damage|p1a: Keldeo|0 fnt
|faint|p1a: Keldeo
|
|upkeep
|j| Skyrio
|
|t:|1616951620
|switch|p1a: Rhyperior|Rhyperior, M|31/100 tox
|turn|22
|
|t:|1616951621
|move|p2a: Mew|Stored Power|p1a: Rhyperior
|-damage|p1a: Rhyperior|6/100 tox
|move|p1a: Rhyperior|Earthquake|p2a: Mew
|-damage|p2a: Mew|11/100
|
|-heal|p1a: Rhyperior|12/100 tox|[from] item: Leftovers
|-damage|p1a: Rhyperior|6/100 tox|[from] psn
|upkeep
|turn|23
|l| Dflo
|c|☆Sabreur|gg
|c|☆thomas888|gg
|l| Cousiin
|l| princesse etoile
|
|t:|1616951629
|move|p2a: Mew|Stored Power|p1a: Rhyperior
|-damage|p1a: Rhyperior|0 fnt
|faint|p1a: Rhyperior
|
|win|thomas888
|l| HurtaDOO♥
|l| Prodigezz
|l| Chirac
|l|☆Sabreur
|l| FC YOTSUBA
|l| Squash17
|l| vico25
|l| Piston & Pacers
|l| FC MIKU
|l| Neco0s
|l| Wait2Seconds◀
|l| Grimji
|j| Drafeu-kun
|l| bruh c nwar
|l| Flex OKLM
|l| Drafeu-kun
|l| PepeDuce
|l| Hervalt
|l| jaytop31
|l| Shiiftry
|l| Typhou ㋛
|l| basaninho
|l| BabaBibou
|l| Pheooo
|j| Squash17
|l| Elfe_cosmique
|l| MS3D
|j| BabaBibou
|l| LyFaX
|l| Nonante huit
|l| BabaBibou
|l| Royal1604
|l| Raph369
|j| palapapop
|l| Masskeauuu
|l| Rikoufidou
|l| pharmachien
|l| palapapop
|j| Sharow
|l| congelateur-sama
|l| Carmin
|l| Sharow
|l| 26wk
|l| Lambovino
|l| Skyrio
|l| Squash17
|l| Fathiryxi
|j| Bouki
|l| Quebeclibre
|j| Drafeu-kun
