|j|☆CynthiaBlueheart
|j|☆akazel
|t:|1664395055
|gametype|singles
|player|p1|CynthiaBlueheart|clair|1327
|player|p2|akazel|169|1227
|teamsize|p1|6
|teamsize|p2|6
|gen|8
|tier|[Gen 8] UU
|rated|
|rule|Sleep Clause Mod: Limit one foe put to sleep
|rule|Species Clause: Limit one of each Pokémon
|rule|OHKO Clause: OHKO moves are banned
|rule|Evasion Items Clause: Evasion items are banned
|rule|Evasion Moves Clause: Evasion moves are banned
|rule|Endless Battle Clause: Forcing endless battles is banned
|rule|HP Percentage Mod: HP is shown in percentages
|rule|Dynamax Clause: You cannot dynamax
|clearpoke
|poke|p1|Amoonguss, F|
|poke|p1|Slowking, M|
|poke|p1|Tangrowth, M|
|poke|p1|Excadrill, M|
|poke|p1|Skarmory, M|
|poke|p1|Scizor, M|
|poke|p2|Zygarde-10%|
|poke|p2|Keldeo-Resolute|
|poke|p2|Slowbro-Galar, M|
|poke|p2|Zarude-Dada|
|poke|p2|Excadrill, M|
|poke|p2|Mandibuzz, F|
|teampreview
|inactive|Battle timer is ON: inactive players will automatically lose when time's up. (requested by CynthiaBlueheart)
|inactive|akazel has 120 seconds left.
|
|t:|1664395087
|start
|switch|p1a: Tangrowth|Tangrowth, M|100/100
|switch|p2a: Zarude|Zarude-Dada|100/100
|turn|1
|
|t:|1664395097
|move|p2a: Zarude|U-turn|p1a: Tangrowth
|-supereffective|p1a: Tangrowth
|-damage|p1a: Tangrowth|73/100
|-damage|p2a: Zarude|84/100|[from] item: Rocky Helmet|[of] p1a: Tangrowth
|
|t:|1664395109
|switch|p2a: Slowbro|Slowbro-Galar, M|100/100|[from]move: U-turn
|move|p1a: Tangrowth|Knock Off|p2a: Slowbro
|-supereffective|p2a: Slowbro
|-damage|p2a: Slowbro|58/100
|-enditem|p2a: Slowbro|Assault Vest|[from] move: Knock Off|[of] p1a: Tangrowth
|
|upkeep
|turn|2
|
|t:|1664395117
|switch|p1a: Amoonguss|Amoonguss, F|100/100
|move|p2a: Slowbro|Shell Side Arm|p1a: Amoonguss|[anim] Shell Side Arm Physical
|-damage|p1a: Amoonguss|68/100
|-hint|Physical Shell Side Arm
|
|-heal|p1a: Amoonguss|75/100|[from] item: Black Sludge
|upkeep
|turn|3
|
|t:|1664395126
|move|p2a: Slowbro|Psyshock|p1a: Amoonguss
|-supereffective|p1a: Amoonguss
|-damage|p1a: Amoonguss|17/100
|move|p1a: Amoonguss|Spore|p2a: Slowbro
|-status|p2a: Slowbro|slp|[from] move: Spore
|
|-heal|p1a: Amoonguss|23/100|[from] item: Black Sludge
|upkeep
|turn|4
|
|t:|1664395156
|switch|p2a: Mandibuzz|Mandibuzz, F|100/100
|switch|p1a: Scizor|Scizor, M|100/100
|
|upkeep
|turn|5
|
|t:|1664395162
|switch|p1a: Tangrowth|Tangrowth, M|100/100
|move|p2a: Mandibuzz|Foul Play|p1a: Tangrowth
|-damage|p1a: Tangrowth|83/100
|-damage|p2a: Mandibuzz|84/100|[from] item: Rocky Helmet|[of] p1a: Tangrowth
|
|upkeep
|turn|6
|
|t:|1664395174
|move|p2a: Mandibuzz|U-turn|p1a: Tangrowth
|-supereffective|p1a: Tangrowth
|-crit|p1a: Tangrowth
|-damage|p1a: Tangrowth|65/100
|-damage|p2a: Mandibuzz|67/100|[from] item: Rocky Helmet|[of] p1a: Tangrowth
|
|t:|1664395177
|switch|p2a: Slowbro|Slowbro-Galar, M|91/100 slp|[from]move: U-turn
|move|p1a: Tangrowth|Knock Off|p2a: Slowbro
|-supereffective|p2a: Slowbro
|-damage|p2a: Slowbro|62/100 slp
|
|upkeep
|turn|7
|
|t:|1664395184
|switch|p1a: Excadrill|Excadrill, M|100/100
|-ability|p1a: Excadrill|Mold Breaker
|cant|p2a: Slowbro|slp
|
|upkeep
|turn|8
|
|t:|1664395193
|move|p1a: Excadrill|Stealth Rock|p2a: Slowbro
|-sidestart|p2: akazel|move: Stealth Rock
|cant|p2a: Slowbro|slp
|
|upkeep
|turn|9
|
|t:|1664395202
|switch|p2a: Mandibuzz|Mandibuzz, F|67/100
|move|p1a: Excadrill|Earthquake|p2a: Mandibuzz
|-immune|p2a: Mandibuzz
|
|upkeep
|turn|10
|
|t:|1664395213
|switch|p1a: Tangrowth|Tangrowth, M|98/100
|move|p2a: Mandibuzz|Foul Play|p1a: Tangrowth
|-damage|p1a: Tangrowth|79/100
|-damage|p2a: Mandibuzz|51/100|[from] item: Rocky Helmet|[of] p1a: Tangrowth
|
|upkeep
|turn|11
|
|t:|1664395219
|move|p2a: Mandibuzz|Roost|p2a: Mandibuzz
|-heal|p2a: Mandibuzz|100/100
|-singleturn|p2a: Mandibuzz|move: Roost
|move|p1a: Tangrowth|Knock Off|p2a: Mandibuzz
|-resisted|p2a: Mandibuzz
|-damage|p2a: Mandibuzz|94/100
|-enditem|p2a: Mandibuzz|Heavy-Duty Boots|[from] move: Knock Off|[of] p1a: Tangrowth
|
|upkeep
|turn|12
|
|t:|1664395229
|move|p2a: Mandibuzz|Foul Play|p1a: Tangrowth
|-damage|p1a: Tangrowth|60/100
|-damage|p2a: Mandibuzz|77/100|[from] item: Rocky Helmet|[of] p1a: Tangrowth
|move|p1a: Tangrowth|Leech Seed|p2a: Mandibuzz
|-start|p2a: Mandibuzz|move: Leech Seed
|
|-damage|p2a: Mandibuzz|65/100|[from] Leech Seed|[of] p1a: Tangrowth
|-heal|p1a: Tangrowth|73/100|[silent]
|upkeep
|turn|13
|
|t:|1664395237
|move|p2a: Mandibuzz|Roost|p2a: Mandibuzz
|-heal|p2a: Mandibuzz|100/100
|-singleturn|p2a: Mandibuzz|move: Roost
|move|p1a: Tangrowth|Knock Off|p2a: Mandibuzz
|-resisted|p2a: Mandibuzz
|-damage|p2a: Mandibuzz|96/100
|
|-damage|p2a: Mandibuzz|84/100|[from] Leech Seed|[of] p1a: Tangrowth
|-heal|p1a: Tangrowth|86/100|[silent]
|upkeep
|turn|14
|
|t:|1664395243
|move|p2a: Mandibuzz|U-turn|p1a: Tangrowth
|-supereffective|p1a: Tangrowth
|-damage|p1a: Tangrowth|72/100
|-damage|p2a: Mandibuzz|67/100|[from] item: Rocky Helmet|[of] p1a: Tangrowth
|
|t:|1664395245
|switch|p2a: Excadrill|Excadrill, M|100/100|[from]move: U-turn
|-damage|p2a: Excadrill|97/100|[from] Stealth Rock
|-ability|p2a: Excadrill|Mold Breaker
|move|p1a: Tangrowth|Knock Off|p2a: Excadrill
|-damage|p2a: Excadrill|64/100
|-enditem|p2a: Excadrill|Leftovers|[from] move: Knock Off|[of] p1a: Tangrowth
|
|upkeep
|turn|15
|
|t:|1664395253
|move|p2a: Excadrill|Rapid Spin|p1a: Tangrowth
|-damage|p1a: Tangrowth|61/100
|-boost|p2a: Excadrill|spe|1
|-damage|p2a: Excadrill|48/100|[from] item: Rocky Helmet|[of] p1a: Tangrowth
|-sideend|p2: akazel|Stealth Rock|[from] move: Rapid Spin|[of] p2a: Excadrill
|move|p1a: Tangrowth|Leech Seed|p2a: Excadrill
|-start|p2a: Excadrill|move: Leech Seed
|
|-damage|p2a: Excadrill|35/100|[from] Leech Seed|[of] p1a: Tangrowth
|-heal|p1a: Tangrowth|72/100|[silent]
|upkeep
|turn|16
|
|t:|1664395262
|switch|p2a: Slowbro|Slowbro-Galar, M|95/100 slp
|move|p1a: Tangrowth|Knock Off|p2a: Slowbro
|-supereffective|p2a: Slowbro
|-damage|p2a: Slowbro|70/100 slp
|
|upkeep
|turn|17
|
|t:|1664395267
|switch|p1a: Slowking|Slowking, M|100/100
|-curestatus|p2a: Slowbro|slp|[msg]
|move|p2a: Slowbro|Flamethrower|p1a: Slowking
|-resisted|p1a: Slowking
|-damage|p1a: Slowking|94/100
|
|-heal|p1a: Slowking|100/100|[from] item: Leftovers
|upkeep
|turn|18
|
|t:|1664395275
|move|p2a: Slowbro|Shell Side Arm|p1a: Slowking|[anim] Shell Side Arm Physical
|-damage|p1a: Slowking|70/100
|-hint|Physical Shell Side Arm
|move|p1a: Slowking|Scald|p2a: Slowbro
|-damage|p2a: Slowbro|44/100
|
|-heal|p1a: Slowking|76/100|[from] item: Leftovers
|upkeep
|turn|19
|
|t:|1664395287
|switch|p2a: Zarude|Zarude-Dada|84/100
|move|p1a: Slowking|Teleport|p1a: Slowking
|
|t:|1664395291
|switch|p1a: Amoonguss|Amoonguss, F|57/100|[from]move: Teleport
|
|-heal|p1a: Amoonguss|63/100|[from] item: Black Sludge
|upkeep
|turn|20
|
|t:|1664395302
|move|p2a: Zarude|Darkest Lariat|p1a: Amoonguss
|-damage|p1a: Amoonguss|16/100
|move|p1a: Amoonguss|Toxic|p2a: Zarude
|-status|p2a: Zarude|tox
|
|-heal|p1a: Amoonguss|22/100|[from] item: Black Sludge
|-damage|p2a: Zarude|78/100 tox|[from] psn
|upkeep
|turn|21
|
|t:|1664395307
|switch|p1a: Tangrowth|Tangrowth, M|100/100
|move|p2a: Zarude|Jungle Healing|p2a: Zarude
|-heal|p2a: Zarude|100/100 tox
|-curestatus|p2a: Zarude|tox|[msg]
|
|upkeep
|turn|22
|
|t:|1664395317
|switch|p2a: Slowbro|Slowbro-Galar, M|77/100
|move|p1a: Tangrowth|Knock Off|p2a: Slowbro
|-supereffective|p2a: Slowbro
|-damage|p2a: Slowbro|49/100
|
|upkeep
|turn|23
|
|t:|1664395324
|switch|p1a: Slowking|Slowking, M|100/100
|move|p2a: Slowbro|Flamethrower|p1a: Slowking
|-resisted|p1a: Slowking
|-damage|p1a: Slowking|95/100
|
|-heal|p1a: Slowking|100/100|[from] item: Leftovers
|upkeep
|turn|24
|
|t:|1664395331
|move|p2a: Slowbro|Shell Side Arm|p1a: Slowking|[anim] Shell Side Arm Physical
|-damage|p1a: Slowking|70/100
|-hint|Physical Shell Side Arm
|move|p1a: Slowking|Scald|p2a: Slowbro
|-damage|p2a: Slowbro|25/100
|
|-heal|p1a: Slowking|76/100|[from] item: Leftovers
|upkeep
|turn|25
|
|t:|1664395344
|switch|p2a: Mandibuzz|Mandibuzz, F|67/100
|move|p1a: Slowking|Scald|p2a: Mandibuzz
|-damage|p2a: Mandibuzz|46/100
|
|-heal|p1a: Slowking|82/100|[from] item: Leftovers
|upkeep
|turn|26
|
|t:|1664395350
|move|p2a: Mandibuzz|U-turn|p1a: Slowking
|-supereffective|p1a: Slowking
|-damage|p1a: Slowking|60/100
|
|t:|1664395359
|switch|p2a: Slowbro|Slowbro-Galar, M|58/100|[from]move: U-turn
|move|p1a: Slowking|Toxic|p2a: Slowbro
|-immune|p2a: Slowbro
|
|-heal|p1a: Slowking|66/100|[from] item: Leftovers
|upkeep
|turn|27
|
|t:|1664395367
|move|p2a: Slowbro|Shell Side Arm|p1a: Slowking|[anim] Shell Side Arm Physical
|-damage|p1a: Slowking|34/100
|-hint|Physical Shell Side Arm
|move|p1a: Slowking|Scald|p2a: Slowbro
|-damage|p2a: Slowbro|32/100
|
|-heal|p1a: Slowking|40/100|[from] item: Leftovers
|upkeep
|turn|28
|
|t:|1664395377
|switch|p2a: Mandibuzz|Mandibuzz, F|46/100
|move|p1a: Slowking|Slack Off|p1a: Slowking
|-heal|p1a: Slowking|90/100
|
|-heal|p1a: Slowking|96/100|[from] item: Leftovers
|upkeep
|turn|29
|
|t:|1664395381
|move|p2a: Mandibuzz|Roost|p2a: Mandibuzz
|-heal|p2a: Mandibuzz|96/100
|-singleturn|p2a: Mandibuzz|move: Roost
|move|p1a: Slowking|Scald|p2a: Mandibuzz
|-damage|p2a: Mandibuzz|71/100
|-status|p2a: Mandibuzz|brn
|
|-heal|p1a: Slowking|100/100|[from] item: Leftovers
|-damage|p2a: Mandibuzz|65/100 brn|[from] brn
|upkeep
|turn|30
|
|t:|1664395391
|move|p2a: Mandibuzz|U-turn|p1a: Slowking
|-supereffective|p1a: Slowking
|-damage|p1a: Slowking|89/100
|
|t:|1664395397
|switch|p2a: Zarude|Zarude-Dada|100/100|[from]move: U-turn
|move|p1a: Slowking|Teleport|p1a: Slowking
|
|t:|1664395402
|switch|p1a: Amoonguss|Amoonguss, F|56/100|[from]move: Teleport
|
|-heal|p1a: Amoonguss|62/100|[from] item: Black Sludge
|upkeep
|turn|31
|
|t:|1664395412
|switch|p1a: Tangrowth|Tangrowth, M|100/100
|move|p2a: Zarude|Darkest Lariat|p1a: Tangrowth
|-damage|p1a: Tangrowth|74/100
|-damage|p2a: Zarude|84/100|[from] item: Rocky Helmet|[of] p1a: Tangrowth
|
|upkeep
|turn|32
|
|t:|1664395417
|move|p2a: Zarude|U-turn|p1a: Tangrowth
|-supereffective|p1a: Tangrowth
|-damage|p1a: Tangrowth|48/100
|-damage|p2a: Zarude|67/100|[from] item: Rocky Helmet|[of] p1a: Tangrowth
|inactive|akazel has 120 seconds left.
|
|t:|1664395453
|switch|p2a: Slowbro|Slowbro-Galar, M|65/100|[from]move: U-turn
|move|p1a: Tangrowth|Knock Off|p2a: Slowbro
|-supereffective|p2a: Slowbro
|-damage|p2a: Slowbro|38/100
|
|upkeep
|turn|33
|inactive|akazel has 120 seconds left.
|
|t:|1664395462
|switch|p1a: Slowking|Slowking, M|100/100
|move|p2a: Slowbro|Psyshock|p1a: Slowking
|-resisted|p1a: Slowking
|-damage|p1a: Slowking|87/100
|
|-heal|p1a: Slowking|93/100|[from] item: Leftovers
|upkeep
|turn|34
|inactive|akazel has 120 seconds left.
|-message|akazel forfeited.
|
|win|CynthiaBlueheart
|raw|CynthiaBlueheart's rating: 1327 &rarr; <strong>1341</strong><br />(+14 for winning)
|raw|akazel's rating: 1227 &rarr; <strong>1209</strong><br />(-18 for losing)
|l|☆akazel
||Ladder isn't responding, score probably updated but might not have (Request timeout).
