|j|☆Garglesoc
|j|☆MMisty
|t:|1625063287
|gametype|singles
|player|p1|Garglesoc|koga|1428
|player|p2|MMisty|pokemonrangerf-gen4|1406
|teamsize|p1|6
|teamsize|p2|6
|gen|8
|tier|[Gen 8] UU
|rated|
|rule|Sleep Clause Mod: Limit one foe put to sleep
|rule|Species Clause: Limit one of each Pokémon
|rule|OHKO Clause: OHKO moves are banned
|rule|Evasion Moves Clause: Evasion moves are banned
|rule|Endless Battle Clause: Forcing endless battles is banned
|rule|HP Percentage Mod: HP is shown in percentages
|rule|Dynamax Clause: You cannot dynamax
|clearpoke
|poke|p1|Kommo-o, M|
|poke|p1|Primarina, F|
|poke|p1|Jirachi|
|poke|p1|Rotom-Heat|
|poke|p1|Krookodile, F|
|poke|p1|Thundurus-Therian, M|
|poke|p2|Keldeo-Resolute|
|poke|p2|Jirachi|
|poke|p2|Krookodile, M|
|poke|p2|Rotom-Heat|
|poke|p2|Slowbro-Galar, F|
|poke|p2|Noivern, F|
|teampreview
|inactive|Battle timer is ON: inactive players will automatically lose when time's up. (requested by MMisty)
|inactive|Garglesoc also wants the timer to be on.
|
|t:|1625063307
|start
|switch|p1a: Jirachi|Jirachi|100/100
|switch|p2a: Jirachi|Jirachi, shiny|100/100
|turn|1
|inactive|MMisty has 120 seconds left.
|
|t:|1625063354
|switch|p2a: Krookodile|Krookodile, M|100/100
|-ability|p2a: Krookodile|Intimidate|boost
|-unboost|p1a: Jirachi|atk|1
|move|p1a: Jirachi|Stealth Rock|p2a: Krookodile
|-sidestart|p2: MMisty|move: Stealth Rock
|
|upkeep
|turn|2
|inactive|Garglesoc has 120 seconds left.
|
|t:|1625063399
|switch|p1a: Primarina|Primarina, F|100/100
|move|p2a: Krookodile|Knock Off|p1a: Primarina
|-resisted|p1a: Primarina
|-damage|p1a: Primarina|82/100
|-enditem|p1a: Primarina|Leftovers|[from] move: Knock Off|[of] p2a: Krookodile
|
|upkeep
|turn|3
|
|t:|1625063412
|switch|p2a: Slowbro|Slowbro-Galar, F|100/100
|-damage|p2a: Slowbro|88/100|[from] Stealth Rock
|move|p1a: Primarina|Scald|p2a: Slowbro
|-damage|p2a: Slowbro|70/100
|
|upkeep
|turn|4
|inactive|Garglesoc has 120 seconds left.
|
|t:|1625063425
|switch|p1a: Krookodile|Krookodile, F|100/100
|-ability|p1a: Krookodile|Intimidate|boost
|-unboost|p2a: Slowbro|atk|1
|move|p2a: Slowbro|Future Sight|p1a: Krookodile
|-start|p2a: Slowbro|move: Future Sight
|
|upkeep
|turn|5
|inactive|Garglesoc has 120 seconds left.
|
|t:|1625063434
|switch|p2a: Keldeo|Keldeo-Resolute|100/100
|-damage|p2a: Keldeo|94/100|[from] Stealth Rock
|move|p1a: Krookodile|Knock Off|p2a: Keldeo
|-resisted|p2a: Keldeo
|-damage|p2a: Keldeo|70/100
|-ability|p2a: Keldeo|Justified|boost
|-boost|p2a: Keldeo|atk|1
|-enditem|p2a: Keldeo|Life Orb|[from] move: Knock Off|[of] p1a: Krookodile
|
|upkeep
|turn|6
|
|t:|1625063445
|switch|p1a: Jirachi|Jirachi|100/100
|move|p2a: Keldeo|Scald|p1a: Jirachi
|-damage|p1a: Jirachi|69/100
|-status|p1a: Jirachi|brn
|
|-end|p1a: Jirachi|move: Future Sight
|-resisted|p1a: Jirachi
|-damage|p1a: Jirachi|61/100 brn
|-heal|p1a: Jirachi|67/100 brn|[from] item: Leftovers
|-damage|p1a: Jirachi|61/100 brn|[from] brn
|upkeep
|turn|7
|
|t:|1625063454
|move|p2a: Keldeo|Scald|p1a: Jirachi
|-damage|p1a: Jirachi|28/100 brn
|move|p1a: Jirachi|U-turn|p2a: Keldeo
|-resisted|p2a: Keldeo
|-crit|p2a: Keldeo
|-damage|p2a: Keldeo|62/100
|
|t:|1625063458
|switch|p1a: Primarina|Primarina, F|82/100|[from]move: U-turn
|
|upkeep
|turn|8
|
|t:|1625063470
|switch|p2a: Slowbro|Slowbro-Galar, F|100/100
|-damage|p2a: Slowbro|88/100|[from] Stealth Rock
|switch|p1a: Krookodile|Krookodile, F|100/100
|-ability|p1a: Krookodile|Intimidate|boost
|-unboost|p2a: Slowbro|atk|1
|
|upkeep
|turn|9
|inactive|MMisty has 120 seconds left.
|
|t:|1625063477
|switch|p2a: Krookodile|Krookodile, M|100/100
|-damage|p2a: Krookodile|94/100|[from] Stealth Rock
|-ability|p2a: Krookodile|Intimidate|boost
|-unboost|p1a: Krookodile|atk|1
|move|p1a: Krookodile|Knock Off|p2a: Krookodile
|-resisted|p2a: Krookodile
|-damage|p2a: Krookodile|76/100
|-enditem|p2a: Krookodile|Leftovers|[from] move: Knock Off|[of] p1a: Krookodile
|
|upkeep
|turn|10
|
|t:|1625063485
|switch|p1a: Thundurus|Thundurus-Therian, M|100/100
|move|p2a: Krookodile|Stealth Rock|p1a: Thundurus
|-sidestart|p1: Garglesoc|move: Stealth Rock
|
|upkeep
|turn|11
|inactive|MMisty has 120 seconds left.
|
|t:|1625063507
|switch|p2a: Noivern|Noivern, F|100/100
|move|p1a: Thundurus|Volt Switch|p2a: Noivern
|-damage|p2a: Noivern|50/100
|
|t:|1625063516
|switch|p1a: Krookodile|Krookodile, F|100/100|[from]move: Volt Switch
|-damage|p1a: Krookodile|94/100|[from] Stealth Rock
|-ability|p1a: Krookodile|Intimidate|boost
|-unboost|p2a: Noivern|atk|1
|
|upkeep
|turn|12
|
|t:|1625063525
|switch|p2a: Rotom|Rotom-Heat|100/100
|move|p1a: Krookodile|Knock Off|p2a: Rotom
|-damage|p2a: Rotom|53/100
|-enditem|p2a: Rotom|Heavy-Duty Boots|[from] move: Knock Off|[of] p1a: Krookodile
|
|upkeep
|turn|13
|
|t:|1625063537
|switch|p1a: Rotom|Rotom-Heat|100/100
|move|p2a: Rotom|Pain Split|p1a: Rotom
|-sethp|p1a: Rotom|77/100|[from] move: Pain Split|[silent]
|-sethp|p2a: Rotom|76/100|[from] move: Pain Split
|
|upkeep
|turn|14
|
|t:|1625063544
|move|p2a: Rotom|Volt Switch|p1a: Rotom
|-resisted|p1a: Rotom
|-damage|p1a: Rotom|64/100
|
|t:|1625063551
|switch|p2a: Krookodile|Krookodile, M|76/100|[from]move: Volt Switch
|-damage|p2a: Krookodile|70/100|[from] Stealth Rock
|-ability|p2a: Krookodile|Intimidate|boost
|-unboost|p1a: Rotom|atk|1
|move|p1a: Rotom|Toxic|p2a: Krookodile
|-status|p2a: Krookodile|tox
|
|-damage|p2a: Krookodile|64/100 tox|[from] psn
|upkeep
|turn|15
|
|t:|1625063560
|switch|p1a: Primarina|Primarina, F|82/100
|-damage|p1a: Primarina|69/100|[from] Stealth Rock
|move|p2a: Krookodile|Knock Off|p1a: Primarina
|-resisted|p1a: Primarina
|-damage|p1a: Primarina|57/100
|
|-damage|p2a: Krookodile|52/100 tox|[from] psn
|upkeep
|turn|16
|
|t:|1625063570
|switch|p2a: Slowbro|Slowbro-Galar, F|100/100
|-damage|p2a: Slowbro|88/100|[from] Stealth Rock
|move|p1a: Primarina|Rest|p1a: Primarina
|-status|p1a: Primarina|slp|[from] move: Rest
|-heal|p1a: Primarina|100/100 slp|[silent]
|
|upkeep
|turn|17
|
|t:|1625063594
|switch|p1a: Jirachi|Jirachi|28/100 brn
|-damage|p1a: Jirachi|22/100 brn|[from] Stealth Rock
|move|p2a: Slowbro|Sludge Bomb|p1a: Jirachi
|-immune|p1a: Jirachi
|
|-heal|p1a: Jirachi|28/100 brn|[from] item: Leftovers
|-damage|p1a: Jirachi|22/100 brn|[from] brn
|upkeep
|turn|18
|
|t:|1625063601
|move|p1a: Jirachi|Iron Head|p2a: Slowbro
|-damage|p2a: Slowbro|76/100
|move|p2a: Slowbro|Flamethrower|p1a: Jirachi
|-supereffective|p1a: Jirachi
|-damage|p1a: Jirachi|0 fnt
|faint|p1a: Jirachi
|
|upkeep
|
|t:|1625063614
|switch|p1a: Kommo-o|Kommo-o, M|100/100
|-damage|p1a: Kommo-o|94/100|[from] Stealth Rock
|turn|19
|
|t:|1625063623
|move|p1a: Kommo-o|Substitute|p1a: Kommo-o
|-start|p1a: Kommo-o|Substitute
|-damage|p1a: Kommo-o|70/100
|move|p2a: Slowbro|Future Sight|p1a: Kommo-o
|-start|p2a: Slowbro|move: Future Sight
|
|upkeep
|turn|20
|
|t:|1625063631
|move|p1a: Kommo-o|Swords Dance|p1a: Kommo-o
|-boost|p1a: Kommo-o|atk|2
|move|p2a: Slowbro|Psyshock|p1a: Kommo-o
|-supereffective|p1a: Kommo-o
|-end|p1a: Kommo-o|Substitute
|
|upkeep
|turn|21
|
|t:|1625063639
|switch|p1a: Krookodile|Krookodile, F|94/100
|-damage|p1a: Krookodile|88/100|[from] Stealth Rock
|-ability|p1a: Krookodile|Intimidate|boost
|-unboost|p2a: Slowbro|atk|1
|move|p2a: Slowbro|Psyshock|p1a: Krookodile
|-immune|p1a: Krookodile
|
|-end|p1a: Krookodile|move: Future Sight
|-immune|p1a: Krookodile
|upkeep
|turn|22
|
|t:|1625063663
|switch|p2a: Keldeo|Keldeo-Resolute|62/100
|-damage|p2a: Keldeo|56/100|[from] Stealth Rock
|move|p1a: Krookodile|Knock Off|p2a: Keldeo
|-resisted|p2a: Keldeo
|-damage|p2a: Keldeo|39/100
|-ability|p2a: Keldeo|Justified|boost
|-boost|p2a: Keldeo|atk|1
|
|upkeep
|turn|23
|
|t:|1625063668
|switch|p1a: Primarina|Primarina, F|100/100 slp
|-damage|p1a: Primarina|88/100 slp|[from] Stealth Rock
|move|p2a: Keldeo|Rest|p2a: Keldeo
|-status|p2a: Keldeo|slp|[from] move: Rest
|-heal|p2a: Keldeo|100/100 slp|[silent]
|
|upkeep
|turn|24
|inactive|MMisty has 120 seconds left.
|
|t:|1625063701
|switch|p2a: Jirachi|Jirachi, shiny|100/100
|-damage|p2a: Jirachi|94/100|[from] Stealth Rock
|switch|p1a: Thundurus|Thundurus-Therian, M|100/100
|
|upkeep
|turn|25
|inactive|MMisty has 120 seconds left.
|
|t:|1625063711
|move|p1a: Thundurus|Thunderbolt|p2a: Jirachi
|-damage|p2a: Jirachi|40/100
|-status|p2a: Jirachi|par
|move|p2a: Jirachi|Psychic|p1a: Thundurus
|-damage|p1a: Thundurus|49/100
|-unboost|p1a: Thundurus|spd|1
|
|upkeep
|turn|26
|
|t:|1625063721
|switch|p2a: Slowbro|Slowbro-Galar, F|100/100
|-damage|p2a: Slowbro|88/100|[from] Stealth Rock
|move|p1a: Thundurus|Thunderbolt|p2a: Slowbro
|-damage|p2a: Slowbro|63/100
|
|upkeep
|turn|27
|
|t:|1625063731
|move|p1a: Thundurus|Volt Switch|p2a: Slowbro
|-damage|p2a: Slowbro|42/100
|
|t:|1625063737
|switch|p1a: Krookodile|Krookodile, F|88/100|[from]move: Volt Switch
|-damage|p1a: Krookodile|82/100|[from] Stealth Rock
|-ability|p1a: Krookodile|Intimidate|boost
|-unboost|p2a: Slowbro|atk|1
|move|p2a: Slowbro|Sludge Bomb|p1a: Krookodile
|-resisted|p1a: Krookodile
|-damage|p1a: Krookodile|59/100
|
|upkeep
|turn|28
|
|t:|1625063746
|switch|p2a: Keldeo|Keldeo-Resolute|100/100 slp
|-damage|p2a: Keldeo|94/100 slp|[from] Stealth Rock
|move|p1a: Krookodile|Earthquake|p2a: Keldeo
|-damage|p2a: Keldeo|42/100 slp
|
|upkeep
|turn|29
|
|t:|1625063762
|switch|p1a: Primarina|Primarina, F|88/100 slp
|-damage|p1a: Primarina|76/100 slp|[from] Stealth Rock
|switch|p2a: Noivern|Noivern, F|50/100
|
|upkeep
|turn|30
|
|t:|1625063766
|move|p2a: Noivern|U-turn|p1a: Primarina
|-resisted|p1a: Primarina
|-damage|p1a: Primarina|71/100 slp
|
|t:|1625063769
|switch|p2a: Slowbro|Slowbro-Galar, F|75/100|[from]move: U-turn
|-damage|p2a: Slowbro|63/100|[from] Stealth Rock
|cant|p1a: Primarina|slp
|move|p1a: Primarina|Sleep Talk|p1a: Primarina
|move|p1a: Primarina|Rest||[from]move: Sleep Talk|[still]
|-fail|p1a: Primarina
|
|upkeep
|turn|31
|
|t:|1625063779
|switch|p1a: Krookodile|Krookodile, F|59/100
|-damage|p1a: Krookodile|53/100|[from] Stealth Rock
|-ability|p1a: Krookodile|Intimidate|boost
|-unboost|p2a: Slowbro|atk|1
|move|p2a: Slowbro|Sludge Bomb|p1a: Krookodile
|-resisted|p1a: Krookodile
|-damage|p1a: Krookodile|33/100
|-status|p1a: Krookodile|psn
|
|-damage|p1a: Krookodile|21/100 psn|[from] psn
|upkeep
|turn|32
|
|t:|1625063785
|switch|p2a: Jirachi|Jirachi, shiny|40/100 par
|-damage|p2a: Jirachi|34/100 par|[from] Stealth Rock
|move|p1a: Krookodile|Knock Off|p2a: Jirachi
|-supereffective|p2a: Jirachi
|-damage|p2a: Jirachi|0 fnt
|-enditem|p2a: Jirachi|Expert Belt|[from] move: Knock Off|[of] p1a: Krookodile
|faint|p2a: Jirachi
|
|-damage|p1a: Krookodile|8/100 psn|[from] psn
|upkeep
|
|t:|1625063797
|switch|p2a: Keldeo|Keldeo-Resolute|42/100 slp
|-damage|p2a: Keldeo|36/100 slp|[from] Stealth Rock
|turn|33
|
|t:|1625063805
|move|p1a: Krookodile|Knock Off|p2a: Keldeo
|-resisted|p2a: Keldeo
|-damage|p2a: Keldeo|19/100 slp
|-ability|p2a: Keldeo|Justified|boost
|-boost|p2a: Keldeo|atk|1
|cant|p2a: Keldeo|slp
|move|p2a: Keldeo|Sleep Talk|p2a: Keldeo
|move|p2a: Keldeo|Scald|p1a: Krookodile|[from]move: Sleep Talk
|-supereffective|p1a: Krookodile
|-damage|p1a: Krookodile|0 fnt
|faint|p1a: Krookodile
|
|upkeep
|
|t:|1625063813
|switch|p1a: Kommo-o|Kommo-o, M|70/100
|-damage|p1a: Kommo-o|63/100|[from] Stealth Rock
|turn|34
|
|t:|1625063819
|switch|p2a: Noivern|Noivern, F|50/100
|move|p1a: Kommo-o|Scale Shot|p2a: Noivern
|-supereffective|p2a: Noivern
|-damage|p2a: Noivern|7/100
|-supereffective|p2a: Noivern
|-damage|p2a: Noivern|0 fnt
|faint|p2a: Noivern
|-hitcount|p2: Noivern|2
|-unboost|p1a: Kommo-o|def|1
|-boost|p1a: Kommo-o|spe|1
|-damage|p1a: Kommo-o|53/100|[from] item: Life Orb
|
|upkeep
|
|t:|1625063827
|switch|p2a: Slowbro|Slowbro-Galar, F|96/100
|-damage|p2a: Slowbro|84/100|[from] Stealth Rock
|turn|35
|
|t:|1625063840
|switch|p1a: Rotom|Rotom-Heat|64/100
|move|p2a: Slowbro|Psyshock|p1a: Rotom
|-damage|p1a: Rotom|35/100
|
|upkeep
|turn|36
|
|t:|1625063854
|switch|p2a: Keldeo|Keldeo-Resolute|19/100 slp
|-damage|p2a: Keldeo|13/100 slp|[from] Stealth Rock
|move|p1a: Rotom|Overheat|p2a: Keldeo
|-resisted|p2a: Keldeo
|-damage|p2a: Keldeo|0 fnt
|-unboost|p1a: Rotom|spa|2
|faint|p2a: Keldeo
|
|upkeep
|
|t:|1625063859
|switch|p2a: Slowbro|Slowbro-Galar, F|100/100
|-damage|p2a: Slowbro|88/100|[from] Stealth Rock
|turn|37
|
|t:|1625063882
|move|p1a: Rotom|Overheat|p2a: Slowbro
|-damage|p2a: Slowbro|76/100
|-unboost|p1a: Rotom|spa|2
|move|p2a: Slowbro|Future Sight|p1a: Rotom
|-start|p2a: Slowbro|move: Future Sight
|
|upkeep
|turn|38
|
|t:|1625063896
|move|p1a: Rotom|Overheat|p2a: Slowbro
|-damage|p2a: Slowbro|68/100
|-unboost|p1a: Rotom|spa|2
|move|p2a: Slowbro|Sludge Bomb|p1a: Rotom
|-damage|p1a: Rotom|1/100
|
|upkeep
|turn|39
|
|t:|1625063908
|move|p1a: Rotom|Overheat|p2a: Slowbro
|-damage|p2a: Slowbro|62/100
|move|p2a: Slowbro|Future Sight||[still]
|-fail|p2a: Slowbro
|
|-end|p1a: Rotom|move: Future Sight
|-damage|p1a: Rotom|0 fnt
|faint|p1a: Rotom
|upkeep
|
|t:|1625063914
|switch|p1a: Thundurus|Thundurus-Therian, M|49/100
|turn|40
|
|t:|1625063925
|move|p1a: Thundurus|Thunderbolt|p2a: Slowbro
|-damage|p2a: Slowbro|36/100
|move|p2a: Slowbro|Sludge Bomb|p1a: Thundurus
|-damage|p1a: Thundurus|7/100
|
|upkeep
|turn|41
|
|t:|1625063932
|switch|p2a: Krookodile|Krookodile, M|52/100 tox
|-damage|p2a: Krookodile|46/100 tox|[from] Stealth Rock
|-ability|p2a: Krookodile|Intimidate|boost
|-unboost|p1a: Thundurus|atk|1
|move|p1a: Thundurus|Focus Blast|p2a: Krookodile
|-supereffective|p2a: Krookodile
|-damage|p2a: Krookodile|0 fnt
|faint|p2a: Krookodile
|
|upkeep
|
|t:|1625063951
|switch|p2a: Slowbro|Slowbro-Galar, F|70/100
|-damage|p2a: Slowbro|57/100|[from] Stealth Rock
|turn|42
|
|t:|1625063956
|move|p1a: Thundurus|Thunderbolt|p2a: Slowbro
|-damage|p2a: Slowbro|30/100
|move|p2a: Slowbro|Psyshock|p1a: Thundurus
|-damage|p1a: Thundurus|0 fnt
|faint|p1a: Thundurus
|
|upkeep
|
|t:|1625063970
|switch|p1a: Kommo-o|Kommo-o, M|53/100
|-damage|p1a: Kommo-o|47/100|[from] Stealth Rock
|turn|43
|
|t:|1625063979
|switch|p2a: Rotom|Rotom-Heat|76/100
|-damage|p2a: Rotom|51/100|[from] Stealth Rock
|move|p1a: Kommo-o|Scale Shot|p2a: Rotom
|-damage|p2a: Rotom|35/100
|-damage|p2a: Rotom|18/100
|-damage|p2a: Rotom|2/100
|-crit|p2a: Rotom
|-damage|p2a: Rotom|0 fnt
|faint|p2a: Rotom
|-hitcount|p2: Rotom|4
|-unboost|p1a: Kommo-o|def|1
|-boost|p1a: Kommo-o|spe|1
|-damage|p1a: Kommo-o|37/100|[from] item: Life Orb
|
|upkeep
|
|t:|1625063982
|switch|p2a: Slowbro|Slowbro-Galar, F|63/100
|-damage|p2a: Slowbro|50/100|[from] Stealth Rock
|turn|44
|
|t:|1625063987
|move|p1a: Kommo-o|Scale Shot|p2a: Slowbro
|-damage|p2a: Slowbro|37/100
|-damage|p2a: Slowbro|23/100
|-damage|p2a: Slowbro|10/100
|-hitcount|p2a: Slowbro|3
|-unboost|p1a: Kommo-o|def|1
|-boost|p1a: Kommo-o|spe|1
|-damage|p1a: Kommo-o|27/100|[from] item: Life Orb
|move|p2a: Slowbro|Psyshock|p1a: Kommo-o
|-supereffective|p1a: Kommo-o
|-damage|p1a: Kommo-o|0 fnt
|faint|p1a: Kommo-o
|
|upkeep
|
|t:|1625063994
|switch|p1a: Primarina|Primarina, F|71/100 slp
|-damage|p1a: Primarina|59/100 slp|[from] Stealth Rock
|turn|45
|
|t:|1625063997
|cant|p1a: Primarina|slp
|move|p1a: Primarina|Sleep Talk|p1a: Primarina
|move|p1a: Primarina|Moonblast|p2a: Slowbro|[from]move: Sleep Talk
|-resisted|p2a: Slowbro
|-damage|p2a: Slowbro|0 fnt
|faint|p2a: Slowbro
|
|win|Garglesoc
|raw|Garglesoc's rating: 1428 &rarr; <strong>1448</strong><br />(+20 for winning)
|raw|MMisty's rating: 1424 &rarr; <strong>1404</strong><br />(-20 for losing)
||Ladder isn't responding, score probably updated but might not have (Request timeout).
