|j|‽LT Janelover
|j|☆RolitoBR
|t:|1666796673
|gametype|singles
|player|p1|LT Janelover|hilbert|1275
|player|p2|RolitoBR|nate|1317
|teamsize|p1|6
|teamsize|p2|6
|gen|8
|tier|[Gen 8] UU
|rated|
|rule|Sleep Clause Mod: Limit one foe put to sleep
|rule|Species Clause: Limit one of each Pokémon
|rule|OHKO Clause: OHKO moves are banned
|rule|Evasion Items Clause: Evasion items are banned
|rule|Evasion Moves Clause: Evasion moves are banned
|rule|Endless Battle Clause: Forcing endless battles is banned
|rule|HP Percentage Mod: HP is shown in percentages
|rule|Dynamax Clause: You cannot dynamax
|clearpoke
|poke|p1|Xatu, F|
|poke|p1|Torkoal, M|
|poke|p1|Darmanitan, F|
|poke|p1|Venusaur, F|
|poke|p1|Mandibuzz, F|
|poke|p1|Swampert, M|
|poke|p2|Doublade, M|
|poke|p2|Umbreon, F|
|poke|p2|Skarmory, M|
|poke|p2|Lanturn, M|
|poke|p2|Salamence, F|
|poke|p2|Chansey, F|
|teampreview
|inactive|Battle timer is ON: inactive players will automatically lose when time's up. (requested by RolitoBR)
|
|t:|1666796733
|start
|switch|p1a: Torkoal|Torkoal, M|100/100
|switch|p2a: Chansey|Chansey, F|100/100
|-weather|SunnyDay|[from] ability: Drought|[of] p1a: Torkoal
|turn|1
|inactive|RolitoBR has 120 seconds left.
|
|t:|1666796770
|move|p2a: Chansey|Seismic Toss|p1a: Torkoal
|-damage|p1a: Torkoal|71/100
|move|p1a: Torkoal|Body Press|p2a: Chansey
|-supereffective|p2a: Chansey
|-damage|p2a: Chansey|58/100
|
|-weather|SunnyDay|[upkeep]
|upkeep
|turn|2
|
|t:|1666796780
|move|p2a: Chansey|Soft-Boiled|p2a: Chansey
|-heal|p2a: Chansey|100/100
|move|p1a: Torkoal|Stealth Rock|p2a: Chansey
|-sidestart|p2: RolitoBR|move: Stealth Rock
|
|-weather|SunnyDay|[upkeep]
|upkeep
|turn|3
|
|t:|1666796801
|switch|p1a: Venusaur|Venusaur, F, shiny|100/100
|move|p2a: Chansey|Stealth Rock|p1a: Venusaur
|-sidestart|p1: LT Janelover|move: Stealth Rock
|
|-weather|SunnyDay|[upkeep]
|upkeep
|turn|4
|
|t:|1666796807
|switch|p2a: Umbreon|Umbreon, F, shiny|100/100
|-damage|p2a: Umbreon|88/100|[from] Stealth Rock
|move|p1a: Venusaur|Growth|p1a: Venusaur
|-boost|p1a: Venusaur|atk|2
|-boost|p1a: Venusaur|spa|2
|
|-weather|SunnyDay|[upkeep]
|-heal|p2a: Umbreon|94/100|[from] item: Leftovers
|upkeep
|turn|5
|inactive|LT Janelover has 120 seconds left.
|inactive|LT Janelover has 90 seconds left.
|
|t:|1666796858
|move|p1a: Venusaur|Weather Ball|p2a: Umbreon
|-damage|p2a: Umbreon|6/100
|-damage|p1a: Venusaur|91/100|[from] item: Life Orb
|move|p2a: Umbreon|Foul Play|p1a: Venusaur
|-damage|p1a: Venusaur|39/100
|
|-weather|SunnyDay|[upkeep]
|-heal|p2a: Umbreon|12/100|[from] item: Leftovers
|upkeep
|turn|6
|
|t:|1666796873
|move|p2a: Umbreon|Protect|p2a: Umbreon
|-singleturn|p2a: Umbreon|Protect
|move|p1a: Venusaur|Giga Drain|p2a: Umbreon
|-activate|p2a: Umbreon|move: Protect
|
|-weather|SunnyDay|[upkeep]
|-heal|p2a: Umbreon|19/100|[from] item: Leftovers
|upkeep
|turn|7
|
|t:|1666796886
|move|p2a: Umbreon|Protect||[still]
|-fail|p2a: Umbreon
|move|p1a: Venusaur|Weather Ball|p2a: Umbreon
|-damage|p2a: Umbreon|0 fnt
|faint|p2a: Umbreon
|-damage|p1a: Venusaur|29/100|[from] item: Life Orb
|
|-weather|SunnyDay|[upkeep]
|upkeep
|
|t:|1666796904
|switch|p2a: Chansey|Chansey, F|100/100
|-damage|p2a: Chansey|88/100|[from] Stealth Rock
|turn|8
|inactive|LT Janelover has 90 seconds left.
|
|t:|1666796927
|switch|p2a: Doublade|Doublade, M, shiny|100/100
|-damage|p2a: Doublade|94/100|[from] Stealth Rock
|move|p1a: Venusaur|Giga Drain|p2a: Doublade
|-resisted|p2a: Doublade
|-damage|p2a: Doublade|33/100
|-heal|p1a: Venusaur|60/100|[from] drain|[of] p2a: Doublade
|-damage|p1a: Venusaur|50/100|[from] item: Life Orb
|
|-weather|none
|upkeep
|turn|9
|inactive|LT Janelover has 90 seconds left.
|
|t:|1666796938
|switch|p2a: Skarmory|Skarmory, M|100/100
|-damage|p2a: Skarmory|88/100|[from] Stealth Rock
|move|p1a: Venusaur|Giga Drain|p2a: Skarmory
|-resisted|p2a: Skarmory
|-damage|p2a: Skarmory|54/100
|-heal|p1a: Venusaur|69/100|[from] drain|[of] p2a: Skarmory
|-damage|p1a: Venusaur|59/100|[from] item: Life Orb
|
|upkeep
|turn|10
|inactive|LT Janelover has 90 seconds left.
|
|t:|1666796951
|switch|p1a: Torkoal|Torkoal, M|71/100
|-damage|p1a: Torkoal|47/100|[from] Stealth Rock
|-weather|SunnyDay|[from] ability: Drought|[of] p1a: Torkoal
|move|p2a: Skarmory|Roost|p2a: Skarmory
|-heal|p2a: Skarmory|100/100
|-singleturn|p2a: Skarmory|move: Roost
|
|-weather|SunnyDay|[upkeep]
|upkeep
|turn|11
|
|t:|1666796969
|switch|p2a: Salamence|Salamence, F|100/100
|-ability|p2a: Salamence|Intimidate|boost
|-unboost|p1a: Torkoal|atk|1
|move|p1a: Torkoal|Rapid Spin|p2a: Salamence
|-damage|p2a: Salamence|96/100
|-boost|p1a: Torkoal|spe|1
|-sideend|p1: LT Janelover|Stealth Rock|[from] move: Rapid Spin|[of] p1a: Torkoal
|
|-weather|SunnyDay|[upkeep]
|upkeep
|turn|12
|
|t:|1666796980
|switch|p1a: Swampert|Swampert, M|100/100
|move|p2a: Salamence|Defog|p1a: Swampert
|-unboost|p1a: Swampert|evasion|1
|-sideend|p2: RolitoBR|Stealth Rock|[from] move: Defog|[of] p2a: Salamence
|
|-weather|SunnyDay|[upkeep]
|upkeep
|turn|13
|
|t:|1666796995
|switch|p2a: Lanturn|Lanturn, M|100/100
|move|p1a: Swampert|Avalanche|p2a: Lanturn
|-resisted|p2a: Lanturn
|-damage|p2a: Lanturn|92/100
|
|-weather|SunnyDay|[upkeep]
|-heal|p2a: Lanturn|98/100|[from] item: Leftovers
|upkeep
|turn|14
|
|t:|1666797009
|switch|p2a: Chansey|Chansey, F|88/100
|move|p1a: Swampert|Toxic|p2a: Chansey
|-status|p2a: Chansey|tox
|
|-weather|SunnyDay|[upkeep]
|-damage|p2a: Chansey|82/100 tox|[from] psn
|upkeep
|turn|15
|
|t:|1666797022
|move|p1a: Swampert|Flip Turn|p2a: Chansey
|-damage|p2a: Chansey|75/100 tox
|
|t:|1666797028
|switch|p1a: Mandibuzz|Mandibuzz, F|100/100|[from]move: Flip Turn
|move|p2a: Chansey|Stealth Rock|p1a: Mandibuzz
|-sidestart|p1: LT Janelover|move: Stealth Rock
|
|-weather|SunnyDay|[upkeep]
|-damage|p2a: Chansey|62/100 tox|[from] psn
|upkeep
|turn|16
|
|t:|1666797035
|move|p1a: Mandibuzz|Knock Off|p2a: Chansey
|-damage|p2a: Chansey|49/100 tox
|-enditem|p2a: Chansey|Eviolite|[from] move: Knock Off|[of] p1a: Mandibuzz
|move|p2a: Chansey|Toxic|p1a: Mandibuzz
|-status|p1a: Mandibuzz|tox
|
|-weather|SunnyDay|[upkeep]
|-damage|p1a: Mandibuzz|94/100 tox|[from] psn
|-damage|p2a: Chansey|30/100 tox|[from] psn
|upkeep
|turn|17
|
|t:|1666797058
|-curestatus|p2a: Chansey|tox|[from] ability: Natural Cure
|switch|p2a: Skarmory|Skarmory, M|100/100
|move|p1a: Mandibuzz|Foul Play|p2a: Skarmory
|-damage|p2a: Skarmory|87/100
|-damage|p1a: Mandibuzz|78/100 tox|[from] item: Rocky Helmet|[of] p2a: Skarmory
|
|-weather|none
|-heal|p1a: Mandibuzz|84/100 tox|[from] item: Leftovers
|-damage|p1a: Mandibuzz|72/100 tox|[from] psn
|upkeep
|turn|18
|
|t:|1666797072
|move|p2a: Skarmory|Iron Defense|p2a: Skarmory
|-boost|p2a: Skarmory|def|2
|move|p1a: Mandibuzz|Knock Off|p2a: Skarmory
|-damage|p2a: Skarmory|80/100
|-damage|p1a: Mandibuzz|55/100 tox|[from] item: Rocky Helmet|[of] p2a: Skarmory
|-enditem|p2a: Skarmory|Rocky Helmet|[from] move: Knock Off|[of] p1a: Mandibuzz
|
|-heal|p1a: Mandibuzz|61/100 tox|[from] item: Leftovers
|-damage|p1a: Mandibuzz|43/100 tox|[from] psn
|upkeep
|turn|19
|inactive|LT Janelover has 90 seconds left.
|
|t:|1666797089
|move|p2a: Skarmory|Body Press|p1a: Mandibuzz
|-damage|p1a: Mandibuzz|0 fnt
|faint|p1a: Mandibuzz
|
|upkeep
|inactive|LT Janelover has 90 seconds left.
|
|t:|1666797096
|switch|p1a: Torkoal|Torkoal, M|47/100
|-damage|p1a: Torkoal|22/100|[from] Stealth Rock
|-weather|SunnyDay|[from] ability: Drought|[of] p1a: Torkoal
|turn|20
|inactive|LT Janelover has 90 seconds left.
|
|t:|1666797107
|switch|p1a: Xatu|Xatu, F|100/100
|-damage|p1a: Xatu|76/100|[from] Stealth Rock
|move|p2a: Skarmory|Body Press|p1a: Xatu
|-resisted|p1a: Xatu
|-damage|p1a: Xatu|61/100
|-damage|p2a: Skarmory|63/100|[from] item: Rocky Helmet|[of] p1a: Xatu
|
|-weather|SunnyDay|[upkeep]
|upkeep
|turn|21
|inactive|LT Janelover has 90 seconds left.
|
|t:|1666797118
|switch|p2a: Lanturn|Lanturn, M|98/100
|move|p1a: Xatu|Heat Wave|p2a: Lanturn
|-resisted|p2a: Lanturn
|-damage|p2a: Lanturn|87/100
|
|-weather|SunnyDay|[upkeep]
|-heal|p2a: Lanturn|93/100|[from] item: Leftovers
|upkeep
|turn|22
|
|t:|1666797131
|move|p1a: Xatu|U-turn|p2a: Lanturn
|-damage|p2a: Lanturn|79/100
|
|t:|1666797134
|switch|p1a: Venusaur|Venusaur, F, shiny|59/100|[from]move: U-turn
|-damage|p1a: Venusaur|46/100|[from] Stealth Rock
|move|p2a: Lanturn|Scald|p1a: Venusaur
|-resisted|p1a: Venusaur
|-damage|p1a: Venusaur|41/100
|-status|p1a: Venusaur|brn
|
|-weather|SunnyDay|[upkeep]
|-heal|p2a: Lanturn|85/100|[from] item: Leftovers
|-damage|p1a: Venusaur|35/100 brn|[from] brn
|upkeep
|turn|23
|
|t:|1666797146
|move|p1a: Venusaur|Growth|p1a: Venusaur
|-boost|p1a: Venusaur|atk|2
|-boost|p1a: Venusaur|spa|2
|move|p2a: Lanturn|Volt Switch|p1a: Venusaur
|-resisted|p1a: Venusaur
|-damage|p1a: Venusaur|25/100 brn
|
|t:|1666797151
|switch|p2a: Salamence|Salamence, F|96/100|[from]move: Volt Switch
|-ability|p2a: Salamence|Intimidate|boost
|-unboost|p1a: Venusaur|atk|1
|
|-weather|SunnyDay|[upkeep]
|-damage|p1a: Venusaur|19/100 brn|[from] brn
|upkeep
|turn|24
|
|t:|1666797168
|move|p1a: Venusaur|Sludge Bomb|p2a: Salamence
|-damage|p2a: Salamence|0 fnt
|faint|p2a: Salamence
|-damage|p1a: Venusaur|9/100 brn|[from] item: Life Orb
|
|-weather|SunnyDay|[upkeep]
|-damage|p1a: Venusaur|3/100 brn|[from] brn
|upkeep
|
|t:|1666797173
|switch|p2a: Doublade|Doublade, M, shiny|33/100
|turn|25
|inactive|LT Janelover has 120 seconds left.
|inactive|LT Janelover has 90 seconds left.
|
|t:|1666797211
|switch|p1a: Swampert|Swampert, M|100/100
|-damage|p1a: Swampert|94/100|[from] Stealth Rock
|move|p2a: Doublade|Iron Head|p1a: Swampert
|-resisted|p1a: Swampert
|-damage|p1a: Swampert|76/100
|
|-weather|SunnyDay|[upkeep]
|-heal|p1a: Swampert|83/100|[from] item: Leftovers
|upkeep
|turn|26
|inactive|LT Janelover has 90 seconds left.
|
|t:|1666797224
|move|p1a: Swampert|Flip Turn|p2a: Doublade
|-damage|p2a: Doublade|27/100
|inactive|LT Janelover has 90 seconds left.
|
|t:|1666797234
|switch|p1a: Xatu|Xatu, F|61/100|[from]move: Flip Turn
|-damage|p1a: Xatu|37/100|[from] Stealth Rock
|move|p2a: Doublade|Toxic|p1a: Xatu
|move|p1a: Xatu|Toxic|p2a: Doublade|[from]ability: Magic Bounce
|-immune|p2a: Doublade
|
|-weather|SunnyDay|[upkeep]
|upkeep
|turn|27
|inactive|LT Janelover has 90 seconds left.
|
|t:|1666797262
|move|p1a: Xatu|Heat Wave|p2a: Doublade
|-supereffective|p2a: Doublade
|-damage|p2a: Doublade|0 fnt
|faint|p2a: Doublade
|
|-weather|none
|upkeep
|
|t:|1666797275
|switch|p2a: Chansey|Chansey, F|30/100
|turn|28
|
|t:|1666797295
|move|p1a: Xatu|Roost|p1a: Xatu
|-heal|p1a: Xatu|87/100
|-singleturn|p1a: Xatu|move: Roost
|move|p2a: Chansey|Soft-Boiled|p2a: Chansey
|-heal|p2a: Chansey|80/100
|
|upkeep
|turn|29
|
|t:|1666797304
|move|p1a: Xatu|U-turn|p2a: Chansey
|-damage|p2a: Chansey|69/100
|
|t:|1666797307
|switch|p1a: Torkoal|Torkoal, M|22/100|[from]move: U-turn
|-damage|p1a: Torkoal|0 fnt|[from] Stealth Rock
|faint|p1a: Torkoal
|move|p2a: Chansey|Soft-Boiled|p2a: Chansey
|-heal|p2a: Chansey|100/100
|
|upkeep
|inactive|LT Janelover has 60 seconds left.
|
|t:|1666797352
|switch|p1a: Darmanitan|Darmanitan, F|100/100
|-damage|p1a: Darmanitan|76/100|[from] Stealth Rock
|turn|30
|
|t:|1666797363
|move|p1a: Darmanitan|Flare Blitz|p2a: Chansey
|-damage|p2a: Chansey|20/100
|-damage|p1a: Darmanitan|23/100|[from] Recoil
|move|p2a: Chansey|Soft-Boiled|p2a: Chansey
|-heal|p2a: Chansey|70/100
|
|upkeep
|turn|31
|inactive|LT Janelover has 60 seconds left.
|
|t:|1666797376
|switch|p2a: Skarmory|Skarmory, M|63/100
|move|p1a: Darmanitan|Flare Blitz|p2a: Skarmory
|-supereffective|p2a: Skarmory
|-damage|p2a: Skarmory|0 fnt
|faint|p2a: Skarmory
|-damage|p1a: Darmanitan|3/100|[from] Recoil
|
|upkeep
|
|t:|1666797390
|switch|p2a: Lanturn|Lanturn, M|85/100
|turn|32
|
|t:|1666797396
|move|p1a: Darmanitan|Flare Blitz|p2a: Lanturn
|-resisted|p2a: Lanturn
|-damage|p2a: Lanturn|36/100
|-damage|p1a: Darmanitan|0 fnt|[from] Recoil
|faint|p1a: Darmanitan
|move|p2a: Lanturn|Scald|p1: Darmanitan|[notarget]
|-fail|p2a: Lanturn
|
|-heal|p2a: Lanturn|42/100|[from] item: Leftovers
|upkeep
|inactive|LT Janelover has 60 seconds left.
|
|t:|1666797418
|switch|p1a: Swampert|Swampert, M|83/100
|-damage|p1a: Swampert|76/100|[from] Stealth Rock
|turn|33
|inactive|LT Janelover has 60 seconds left.
|
|t:|1666797436
|switch|p2a: Chansey|Chansey, F|70/100
|move|p1a: Swampert|Earthquake|p2a: Chansey
|-damage|p2a: Chansey|33/100
|
|-heal|p1a: Swampert|83/100|[from] item: Leftovers
|upkeep
|turn|34
|inactive|LT Janelover has 60 seconds left.
|
|t:|1666797444
|move|p1a: Swampert|Earthquake|p2a: Chansey
|-damage|p2a: Chansey|0 fnt
|faint|p2a: Chansey
|
|-heal|p1a: Swampert|89/100|[from] item: Leftovers
|upkeep
|
|t:|1666797449
|switch|p2a: Lanturn|Lanturn, M|42/100
|turn|35
|
|t:|1666797452
|move|p2a: Lanturn|Toxic|p1a: Swampert
|-status|p1a: Swampert|tox
|move|p1a: Swampert|Earthquake|p2a: Lanturn
|-supereffective|p2a: Lanturn
|-damage|p2a: Lanturn|0 fnt
|faint|p2a: Lanturn
|
|win|LT Janelover
|raw|LT Janelover's rating: 1275 &rarr; <strong>1303</strong><br />(+28 for winning)
|raw|RolitoBR's rating: 1317 &rarr; <strong>1295</strong><br />(-22 for losing)
|l|☆RolitoBR
||Ladder isn't responding, score probably updated but might not have (Request timeout).
