|j|☆wsupmate
|j|☆SSRW26 Swoosh
|t:|1610081357
|player|p1|wsupmate|youngn|
|player|p2|SSRW26 Swoosh|korrina|
|teamsize|p1|6
|teamsize|p2|6
|gametype|singles
|gen|8
|tier|[Gen 8] UU
|rated|Tournament battle
|clearpoke
|poke|p1|Kyurem|
|poke|p1|Victini|
|poke|p1|Celesteela|
|poke|p1|Rhyperior, M|
|poke|p1|Rotom-Wash|
|poke|p1|Terrakion|
|poke|p2|Thundurus, M|
|poke|p2|Scizor, M|
|poke|p2|Hatterene, F|
|poke|p2|Seismitoad, F|
|poke|p2|Zarude-Dada|
|poke|p2|Victini|
|rule|Sleep Clause Mod: Limit one foe put to sleep
|rule|Species Clause: Limit one of each Pokémon
|rule|OHKO Clause: OHKO moves are banned
|rule|Evasion Moves Clause: Evasion moves are banned
|rule|Endless Battle Clause: Forcing endless battles is banned
|rule|HP Percentage Mod: HP is shown in percentages
|rule|Dynamax Clause: You cannot dynamax
|teampreview
|inactive|Battle timer is ON: inactive players will automatically lose when time's up. (requested by wsupmate)
|j| jojoreference4444
|l| jojoreference4444
|j| jojoreference4444
|inactive|SSRW26 Swoosh has 120 seconds left.
|l| jojoreference4444
|
|t:|1610081396
|start
|switch|p1a: Victini|Victini|100/100
|switch|p2a: Thundurus|Thundurus, M, shiny|100/100
|turn|1
|
|t:|1610081409
|switch|p2a: Seismitoad|Seismitoad, F, shiny|100/100
|switch|p1a: Rhyperior|Rhyperior, M|100/100
|
|upkeep
|turn|2
|
|t:|1610081423
|switch|p2a: Hatterene|Hatterene, F, shiny|100/100
|move|p1a: Rhyperior|Toxic|p2a: Hatterene
|move|p2a: Hatterene|Toxic|p1a: Rhyperior|[from]ability: Magic Bounce
|-status|p1a: Rhyperior|tox
|
|-damage|p1a: Rhyperior|94/100 tox|[from] psn
|upkeep
|turn|3
|
|t:|1610081433
|switch|p1a: Celesteela|Celesteela|100/100
|switch|p2a: Zarude|Zarude-Dada|100/100
|
|upkeep
|turn|4
|
|t:|1610081457
|switch|p2a: Seismitoad|Seismitoad, F, shiny|100/100
|move|p1a: Celesteela|Heavy Slam|p2a: Seismitoad
|-resisted|p2a: Seismitoad
|-damage|p2a: Seismitoad|86/100
|
|-heal|p2a: Seismitoad|92/100|[from] item: Leftovers
|upkeep
|turn|5
|
|t:|1610081465
|move|p2a: Seismitoad|Stealth Rock|p1a: Celesteela
|-sidestart|p1: wsupmate|move: Stealth Rock
|move|p1a: Celesteela|Leech Seed|p2a: Seismitoad
|-start|p2a: Seismitoad|move: Leech Seed
|
|-heal|p2a: Seismitoad|98/100|[from] item: Leftovers
|-damage|p2a: Seismitoad|86/100|[from] Leech Seed|[of] p1a: Celesteela
|upkeep
|turn|6
|
|t:|1610081472
|move|p2a: Seismitoad|Knock Off|p1a: Celesteela
|-damage|p1a: Celesteela|81/100
|-enditem|p1a: Celesteela|Leftovers|[from] move: Knock Off|[of] p2a: Seismitoad
|move|p1a: Celesteela|Flamethrower|p2a: Seismitoad
|-resisted|p2a: Seismitoad
|-damage|p2a: Seismitoad|74/100
|
|-heal|p2a: Seismitoad|80/100|[from] item: Leftovers
|-damage|p2a: Seismitoad|68/100|[from] Leech Seed|[of] p1a: Celesteela
|-heal|p1a: Celesteela|94/100|[silent]
|upkeep
|turn|7
|
|t:|1610081492
|switch|p2a: Victini|Victini|100/100
|move|p1a: Celesteela|Flamethrower|p2a: Victini
|-resisted|p2a: Victini
|-damage|p2a: Victini|89/100
|
|upkeep
|turn|8
|
|t:|1610081497
|switch|p2a: Thundurus|Thundurus, M, shiny|100/100
|move|p1a: Celesteela|Protect||[still]
|-fail|p1a: Celesteela
|
|upkeep
|turn|9
|
|t:|1610081505
|move|p1a: Celesteela|Protect|p1a: Celesteela
|-singleturn|p1a: Celesteela|Protect
|move|p2a: Thundurus|Nasty Plot|p2a: Thundurus
|-boost|p2a: Thundurus|spa|2
|
|upkeep
|turn|10
|
|t:|1610081518
|switch|p1a: Rhyperior|Rhyperior, M|94/100 tox
|-damage|p1a: Rhyperior|88/100 tox|[from] Stealth Rock
|move|p2a: Thundurus|Thunderbolt|p1a: Rhyperior
|-immune|p1a: Rhyperior
|
|-heal|p1a: Rhyperior|94/100 tox|[from] item: Leftovers
|-damage|p1a: Rhyperior|88/100 tox|[from] psn
|upkeep
|turn|11
|
|t:|1610081523
|move|p2a: Thundurus|Focus Blast|p1a: Rhyperior
|-supereffective|p1a: Rhyperior
|-damage|p1a: Rhyperior|0 fnt
|-damage|p2a: Thundurus|91/100|[from] item: Life Orb
|faint|p1a: Rhyperior
|
|upkeep
|
|t:|1610081525
|switch|p1a: Terrakion|Terrakion|100/100
|-damage|p1a: Terrakion|94/100|[from] Stealth Rock
|turn|12
|
|t:|1610081533
|switch|p2a: Seismitoad|Seismitoad, F, shiny|68/100
|move|p1a: Terrakion|Stone Edge|p2a: Seismitoad
|-resisted|p2a: Seismitoad
|-damage|p2a: Seismitoad|47/100
|
|-heal|p2a: Seismitoad|53/100|[from] item: Leftovers
|upkeep
|turn|13
|
|t:|1610081541
|switch|p1a: Rotom|Rotom-Wash|100/100
|-damage|p1a: Rotom|88/100|[from] Stealth Rock
|move|p2a: Seismitoad|Knock Off|p1a: Rotom
|-damage|p1a: Rotom|65/100
|-enditem|p1a: Rotom|Leftovers|[from] move: Knock Off|[of] p2a: Seismitoad
|
|-heal|p2a: Seismitoad|59/100|[from] item: Leftovers
|upkeep
|turn|14
|
|t:|1610081548
|move|p1a: Rotom|Defog|p2a: Seismitoad
|-unboost|p2a: Seismitoad|evasion|1
|-sideend|p1: wsupmate|Stealth Rock|[from] move: Defog|[of] p1a: Rotom
|move|p2a: Seismitoad|Toxic|p1a: Rotom
|-status|p1a: Rotom|tox
|
|-heal|p2a: Seismitoad|65/100|[from] item: Leftovers
|-damage|p1a: Rotom|59/100 tox|[from] psn
|upkeep
|turn|15
|
|t:|1610081568
|switch|p1a: Celesteela|Celesteela|94/100
|move|p2a: Seismitoad|Stealth Rock|p1a: Celesteela
|-sidestart|p1: wsupmate|move: Stealth Rock
|
|-heal|p2a: Seismitoad|71/100|[from] item: Leftovers
|upkeep
|turn|16
|
|t:|1610081574
|switch|p2a: Hatterene|Hatterene, F, shiny|100/100
|move|p1a: Celesteela|Heavy Slam|p2a: Hatterene
|-supereffective|p2a: Hatterene
|-damage|p2a: Hatterene|31/100
|
|-heal|p2a: Hatterene|37/100|[from] item: Leftovers
|upkeep
|turn|17
|
|t:|1610081586
|switch|p1a: Terrakion|Terrakion|94/100
|-damage|p1a: Terrakion|88/100|[from] Stealth Rock
|switch|p2a: Victini|Victini|89/100
|
|upkeep
|turn|18
|
|t:|1610081601
|switch|p2a: Hatterene|Hatterene, F, shiny|37/100
|move|p1a: Terrakion|Stone Edge|p2a: Hatterene|[miss]
|-miss|p1a: Terrakion|p2a: Hatterene
|
|-heal|p2a: Hatterene|43/100|[from] item: Leftovers
|upkeep
|turn|19
|
|t:|1610081611
|switch|p1a: Celesteela|Celesteela|94/100
|-damage|p1a: Celesteela|81/100|[from] Stealth Rock
|move|p2a: Hatterene|Draining Kiss|p1a: Celesteela
|-resisted|p1a: Celesteela
|-damage|p1a: Celesteela|74/100
|-heal|p2a: Hatterene|50/100|[from] drain|[of] p1a: Celesteela
|
|-heal|p2a: Hatterene|56/100|[from] item: Leftovers
|upkeep
|turn|20
|
|t:|1610081616
|move|p1a: Celesteela|Protect|p1a: Celesteela
|-singleturn|p1a: Celesteela|Protect
|move|p2a: Hatterene|Mystical Fire|p1a: Celesteela
|-activate|p1a: Celesteela|move: Protect
|
|-heal|p2a: Hatterene|62/100|[from] item: Leftovers
|upkeep
|turn|21
|
|t:|1610081625
|switch|p2a: Thundurus|Thundurus, M, shiny|91/100
|move|p1a: Celesteela|Heavy Slam|p2a: Thundurus
|-resisted|p2a: Thundurus
|-damage|p2a: Thundurus|59/100
|
|upkeep
|turn|22
|
|t:|1610081631
|switch|p1a: Terrakion|Terrakion|88/100
|-damage|p1a: Terrakion|82/100|[from] Stealth Rock
|move|p2a: Thundurus|Thunderbolt|p1a: Terrakion
|-damage|p1a: Terrakion|16/100
|-damage|p2a: Thundurus|49/100|[from] item: Life Orb
|
|upkeep
|turn|23
|
|t:|1610081647
|switch|p2a: Hatterene|Hatterene, F, shiny|62/100
|move|p1a: Terrakion|Close Combat|p2a: Hatterene
|-resisted|p2a: Hatterene
|-crit|p2a: Hatterene
|-damage|p2a: Hatterene|44/100
|-unboost|p1a: Terrakion|def|1
|-unboost|p1a: Terrakion|spd|1
|
|-heal|p2a: Hatterene|50/100|[from] item: Leftovers
|upkeep
|turn|24
|
|t:|1610081656
|switch|p1a: Victini|Victini|100/100
|move|p2a: Hatterene|Mystical Fire|p1a: Victini
|-resisted|p1a: Victini
|-damage|p1a: Victini|89/100
|-unboost|p1a: Victini|spa|1
|
|-heal|p2a: Hatterene|56/100|[from] item: Leftovers
|upkeep
|turn|25
|
|t:|1610081672
|switch|p2a: Seismitoad|Seismitoad, F, shiny|71/100
|move|p1a: Victini|U-turn|p2a: Seismitoad
|-damage|p2a: Seismitoad|60/100
|
|t:|1610081692
|switch|p1a: Kyurem|Kyurem|100/100|[from]move: U-turn
|-damage|p1a: Kyurem|76/100|[from] Stealth Rock
|-ability|p1a: Kyurem|Pressure
|
|-heal|p1a: Kyurem|82/100|[from] item: Leftovers
|-heal|p2a: Seismitoad|66/100|[from] item: Leftovers
|upkeep
|turn|26
|
|t:|1610081697
|switch|p2a: Scizor|Scizor, M|100/100
|move|p1a: Kyurem|Substitute|p1a: Kyurem
|-start|p1a: Kyurem|Substitute
|-damage|p1a: Kyurem|57/100
|
|-heal|p1a: Kyurem|63/100|[from] item: Leftovers
|upkeep
|turn|27
|
|t:|1610081711
|switch|p1a: Victini|Victini|89/100
|move|p2a: Scizor|U-turn|p1a: Victini
|-damage|p1a: Victini|33/100
|
|t:|1610081717
|switch|p2a: Thundurus|Thundurus, M, shiny|49/100|[from]move: U-turn
|
|upkeep
|turn|28
|
|t:|1610081720
|move|p2a: Thundurus|Thunderbolt|p1a: Victini
|-damage|p1a: Victini|0 fnt
|-damage|p2a: Thundurus|39/100|[from] item: Life Orb
|faint|p1a: Victini
|
|upkeep
|
|t:|1610081723
|switch|p1a: Terrakion|Terrakion|16/100
|-damage|p1a: Terrakion|9/100|[from] Stealth Rock
|turn|29
|
|t:|1610081730
|switch|p2a: Seismitoad|Seismitoad, F, shiny|66/100
|move|p1a: Terrakion|Stone Edge|p2a: Seismitoad
|-resisted|p2a: Seismitoad
|-damage|p2a: Seismitoad|47/100
|
|-heal|p2a: Seismitoad|53/100|[from] item: Leftovers
|upkeep
|turn|30
|
|t:|1610081738
|move|p1a: Terrakion|Stone Edge|p2a: Seismitoad
|-resisted|p2a: Seismitoad
|-damage|p2a: Seismitoad|32/100
|move|p2a: Seismitoad|Knock Off|p1a: Terrakion
|-resisted|p1a: Terrakion
|-damage|p1a: Terrakion|0 fnt
|-enditem|p1a: Terrakion|Choice Scarf|[from] move: Knock Off|[of] p2a: Seismitoad
|faint|p1a: Terrakion
|
|-heal|p2a: Seismitoad|38/100|[from] item: Leftovers
|upkeep
|
|t:|1610081745
|switch|p1a: Kyurem|Kyurem|63/100
|-damage|p1a: Kyurem|38/100|[from] Stealth Rock
|-ability|p1a: Kyurem|Pressure
|turn|31
|
|t:|1610081750
|move|p1a: Kyurem|Dragon Dance|p1a: Kyurem
|-boost|p1a: Kyurem|atk|1
|-boost|p1a: Kyurem|spe|1
|move|p2a: Seismitoad|Knock Off|p1a: Kyurem
|-damage|p1a: Kyurem|18/100
|-enditem|p1a: Kyurem|Leftovers|[from] move: Knock Off|[of] p2a: Seismitoad
|
|-heal|p2a: Seismitoad|44/100|[from] item: Leftovers
|upkeep
|turn|32
|
|t:|1610081771
|move|p1a: Kyurem|Icicle Spear|p2a: Seismitoad
|-damage|p2a: Seismitoad|27/100
|-crit|p2a: Seismitoad
|-damage|p2a: Seismitoad|0 fnt
|-hitcount|p2a: Seismitoad|2
|faint|p2a: Seismitoad
|
|upkeep
|
|t:|1610081780
|switch|p2a: Victini|Victini|89/100
|turn|33
|
|t:|1610081784
|move|p2a: Victini|U-turn|p1a: Kyurem
|-damage|p1a: Kyurem|0 fnt
|faint|p1a: Kyurem
|
|t:|1610081787
|switch|p2a: Thundurus|Thundurus, M, shiny|39/100|[from]move: U-turn
|
|upkeep
|-message|wsupmate forfeited.
|
|win|SSRW26 Swoosh
|n|☆wsupmate|wsupmate
|n|☆SSRW26 Swoosh|ssrw26swoosh
|l|☆wsupmate
