|j|‽Kisshot
|j|☆Marcussux
|t:|1664948593
|gametype|singles
|player|p1|Kisshot|elesa|1290
|player|p2|Marcussux|266|1347
|teamsize|p1|6
|teamsize|p2|6
|gen|8
|tier|[Gen 8] UU
|rated|
|rule|Sleep Clause Mod: Limit one foe put to sleep
|rule|Species Clause: Limit one of each Pokémon
|rule|OHKO Clause: OHKO moves are banned
|rule|Evasion Items Clause: Evasion items are banned
|rule|Evasion Moves Clause: Evasion moves are banned
|rule|Endless Battle Clause: Forcing endless battles is banned
|rule|HP Percentage Mod: HP is shown in percentages
|rule|Dynamax Clause: You cannot dynamax
|clearpoke
|poke|p1|Crawdaunt, M|
|poke|p1|Moltres|
|poke|p1|Zarude|
|poke|p1|Keldeo|
|poke|p1|Hippowdon, F|
|poke|p1|Scizor, M|
|poke|p2|Milotic, M|
|poke|p2|Slowbro-Galar, M|
|poke|p2|Darmanitan, F|
|poke|p2|Regieleki|
|poke|p2|Heracross, M|
|poke|p2|Hippowdon, F|
|teampreview
|
|t:|1664948601
|start
|switch|p1a: Keldeo|Keldeo|100/100
|switch|p2a: Hippowdon|Hippowdon, F|100/100
|-weather|Sandstorm|[from] ability: Sand Stream|[of] p2a: Hippowdon
|turn|1
|
|t:|1664948610
|switch|p2a: Slowbro|Slowbro-Galar, M|100/100
|move|p1a: Keldeo|Flip Turn|p2a: Slowbro
|-damage|p2a: Slowbro|87/100
|
|t:|1664948615
|switch|p1a: Crawdaunt|Crawdaunt, M|100/100|[from]move: Flip Turn
|
|-weather|Sandstorm|[upkeep]
|-damage|p1a: Crawdaunt|95/100|[from] Sandstorm
|-damage|p2a: Slowbro|80/100|[from] Sandstorm
|upkeep
|turn|2
|
|t:|1664948624
|switch|p2a: Milotic|Milotic, M|100/100
|move|p1a: Crawdaunt|Knock Off|p2a: Milotic
|-damage|p2a: Milotic|30/100
|-enditem|p2a: Milotic|Leftovers|[from] move: Knock Off|[of] p1a: Crawdaunt
|
|-weather|Sandstorm|[upkeep]
|-damage|p1a: Crawdaunt|89/100|[from] Sandstorm
|-damage|p2a: Milotic|24/100|[from] Sandstorm
|upkeep
|turn|3
|
|t:|1664948632
|move|p1a: Crawdaunt|Knock Off|p2a: Milotic
|-damage|p2a: Milotic|0 fnt
|faint|p2a: Milotic
|
|-weather|Sandstorm|[upkeep]
|-damage|p1a: Crawdaunt|83/100|[from] Sandstorm
|upkeep
|
|t:|1664948638
|switch|p2a: Heracross|Heracross, M|100/100
|turn|4
|
|t:|1664948642
|switch|p1a: Moltres|Moltres|100/100
|move|p2a: Heracross|Stone Edge|p1a: Moltres
|-supereffective|p1a: Moltres
|-damage|p1a: Moltres|0 fnt
|faint|p1a: Moltres
|-ability|p2a: Heracross|Moxie|boost
|-boost|p2a: Heracross|atk|1
|
|-weather|Sandstorm|[upkeep]
|-damage|p2a: Heracross|95/100|[from] Sandstorm
|upkeep
|
|t:|1664948652
|switch|p1a: Keldeo|Keldeo|100/100
|turn|5
|
|t:|1664948658
|move|p2a: Heracross|Stone Edge|p1a: Keldeo
|-resisted|p1a: Keldeo
|-damage|p1a: Keldeo|70/100
|move|p1a: Keldeo|Surf|p2a: Heracross
|-damage|p2a: Heracross|9/100
|
|-weather|none
|upkeep
|turn|6
|
|t:|1664948668
|switch|p2a: Slowbro|Slowbro-Galar, M|100/100
|switch|p1a: Hippowdon|Hippowdon, F|100/100
|-weather|Sandstorm|[from] ability: Sand Stream|[of] p1a: Hippowdon
|
|-weather|Sandstorm|[upkeep]
|-damage|p2a: Slowbro|94/100|[from] Sandstorm
|upkeep
|turn|7
|
|t:|1664948677
|switch|p2a: Hippowdon|Hippowdon, F|100/100
|move|p1a: Hippowdon|Stealth Rock|p2a: Hippowdon
|-sidestart|p2: Marcussux|move: Stealth Rock
|
|-weather|Sandstorm|[upkeep]
|upkeep
|turn|8
|
|t:|1664948682
|switch|p1a: Keldeo|Keldeo|70/100
|move|p2a: Hippowdon|Toxic|p1a: Keldeo
|-status|p1a: Keldeo|tox
|
|-weather|Sandstorm|[upkeep]
|-damage|p1a: Keldeo|64/100 tox|[from] Sandstorm
|-damage|p1a: Keldeo|58/100 tox|[from] psn
|upkeep
|turn|9
|
|t:|1664948692
|switch|p2a: Slowbro|Slowbro-Galar, M|100/100
|-damage|p2a: Slowbro|88/100|[from] Stealth Rock
|move|p1a: Keldeo|Flip Turn|p2a: Slowbro
|-damage|p2a: Slowbro|76/100
|
|t:|1664948698
|switch|p1a: Crawdaunt|Crawdaunt, M|83/100|[from]move: Flip Turn
|
|-weather|Sandstorm|[upkeep]
|-damage|p1a: Crawdaunt|77/100|[from] Sandstorm
|-damage|p2a: Slowbro|70/100|[from] Sandstorm
|upkeep
|turn|10
|
|t:|1664948706
|move|p1a: Crawdaunt|Knock Off|p2a: Slowbro
|-supereffective|p2a: Slowbro
|-damage|p2a: Slowbro|0 fnt
|-enditem|p2a: Slowbro|Assault Vest|[from] move: Knock Off|[of] p1a: Crawdaunt
|faint|p2a: Slowbro
|
|-weather|none
|upkeep
|
|t:|1664948712
|switch|p2a: Regieleki|Regieleki|100/100
|-damage|p2a: Regieleki|88/100|[from] Stealth Rock
|turn|11
|
|t:|1664948716
|switch|p1a: Hippowdon|Hippowdon, F|100/100
|-weather|Sandstorm|[from] ability: Sand Stream|[of] p1a: Hippowdon
|move|p2a: Regieleki|Rapid Spin|p1a: Hippowdon
|-damage|p1a: Hippowdon|92/100
|-boost|p2a: Regieleki|spe|1
|-sideend|p2: Marcussux|Stealth Rock|[from] move: Rapid Spin|[of] p2a: Regieleki
|
|-weather|Sandstorm|[upkeep]
|-damage|p2a: Regieleki|82/100|[from] Sandstorm
|-heal|p1a: Hippowdon|98/100|[from] item: Leftovers
|upkeep
|turn|12
|
|t:|1664948728
|switch|p2a: Hippowdon|Hippowdon, F|100/100
|move|p1a: Hippowdon|Stealth Rock|p2a: Hippowdon
|-sidestart|p2: Marcussux|move: Stealth Rock
|
|-weather|Sandstorm|[upkeep]
|-heal|p1a: Hippowdon|100/100|[from] item: Leftovers
|upkeep
|turn|13
|
|t:|1664948736
|switch|p1a: Crawdaunt|Crawdaunt, M|77/100
|move|p2a: Hippowdon|Stealth Rock|p1a: Crawdaunt
|-sidestart|p1: Kisshot|move: Stealth Rock
|
|-weather|Sandstorm|[upkeep]
|-damage|p1a: Crawdaunt|71/100|[from] Sandstorm
|upkeep
|turn|14
|
|t:|1664948745
|move|p1a: Crawdaunt|Crabhammer|p2a: Hippowdon
|-supereffective|p2a: Hippowdon
|-crit|p2a: Hippowdon
|-damage|p2a: Hippowdon|0 fnt
|-damage|p1a: Crawdaunt|54/100|[from] item: Rocky Helmet|[of] p2a: Hippowdon
|faint|p2a: Hippowdon
|
|-weather|Sandstorm|[upkeep]
|-damage|p1a: Crawdaunt|48/100|[from] Sandstorm
|upkeep
|
|t:|1664948748
|switch|p2a: Regieleki|Regieleki|82/100
|-damage|p2a: Regieleki|70/100|[from] Stealth Rock
|turn|15
|
|t:|1664948756
|switch|p1a: Hippowdon|Hippowdon, F|100/100
|-damage|p1a: Hippowdon|94/100|[from] Stealth Rock
|move|p2a: Regieleki|Rapid Spin|p1a: Hippowdon
|-damage|p1a: Hippowdon|86/100
|-boost|p2a: Regieleki|spe|1
|-sideend|p2: Marcussux|Stealth Rock|[from] move: Rapid Spin|[of] p2a: Regieleki
|
|-weather|none
|-heal|p1a: Hippowdon|92/100|[from] item: Leftovers
|upkeep
|turn|16
|
|t:|1664948766
|move|p2a: Regieleki|Explosion|p1a: Hippowdon
|-damage|p1a: Hippowdon|48/100
|faint|p2a: Regieleki
|move|p1a: Hippowdon|Earthquake|p2: Regieleki|[notarget]
|-fail|p1a: Hippowdon
|
|-heal|p1a: Hippowdon|54/100|[from] item: Leftovers
|upkeep
|
|t:|1664948768
|switch|p2a: Heracross|Heracross, M|9/100
|turn|17
|
|t:|1664948775
|move|p2a: Heracross|Close Combat|p1a: Hippowdon
|-damage|p1a: Hippowdon|13/100
|-unboost|p2a: Heracross|def|1
|-unboost|p2a: Heracross|spd|1
|move|p1a: Hippowdon|Stealth Rock|p2a: Heracross
|-sidestart|p2: Marcussux|move: Stealth Rock
|
|-heal|p1a: Hippowdon|19/100|[from] item: Leftovers
|upkeep
|turn|18
|
|t:|1664948783
|move|p2a: Heracross|Close Combat|p1a: Hippowdon
|-damage|p1a: Hippowdon|0 fnt
|-unboost|p2a: Heracross|def|1
|-unboost|p2a: Heracross|spd|1
|faint|p1a: Hippowdon
|-ability|p2a: Heracross|Moxie|boost
|-boost|p2a: Heracross|atk|1
|
|upkeep
|
|t:|1664948791
|switch|p1a: Crawdaunt|Crawdaunt, M|48/100
|-damage|p1a: Crawdaunt|36/100|[from] Stealth Rock
|turn|19
|
|t:|1664948795
|move|p1a: Crawdaunt|Aqua Jet|p2a: Heracross
|-damage|p2a: Heracross|0 fnt
|faint|p2a: Heracross
|
|upkeep
|
|t:|1664948797
|switch|p2a: Darmanitan|Darmanitan, F|100/100
|-damage|p2a: Darmanitan|76/100|[from] Stealth Rock
|turn|20
|
|t:|1664948801
|move|p1a: Crawdaunt|Aqua Jet|p2a: Darmanitan
|-supereffective|p2a: Darmanitan
|-damage|p2a: Darmanitan|0 fnt
|faint|p2a: Darmanitan
|
|win|Kisshot
|raw|Kisshot's rating: 1290 &rarr; <strong>1319</strong><br />(+29 for winning)
|raw|Marcussux's rating: 1347 &rarr; <strong>1324</strong><br />(-23 for losing)
|l|☆Marcussux
