|html|<div class="broadcast-blue"><strong>[Gen 8] UU is currently suspecting Thundurus-T! For information on how to participate check out the <a href="https://www.smogon.com/forums/threads/np-ss-uu-stage-11-boom-clap.3696000/">suspect thread</a>.</strong></div>
|j|☆EliotEnRetar
|j|☆passportname
|t:|1642102129
|gametype|singles
|player|p1|EliotEnRetar|falkner|1498
|player|p2|passportname|#uutrio2ladder|1600
|teamsize|p1|6
|teamsize|p2|6
|gen|8
|tier|[Gen 8] UU
|rated|
|rule|Sleep Clause Mod: Limit one foe put to sleep
|rule|Species Clause: Limit one of each Pokémon
|rule|OHKO Clause: OHKO moves are banned
|rule|Evasion Moves Clause: Evasion moves are banned
|rule|Endless Battle Clause: Forcing endless battles is banned
|rule|HP Percentage Mod: HP is shown in percentages
|rule|Dynamax Clause: You cannot dynamax
|clearpoke
|poke|p1|Drapion, M|
|poke|p1|Talonflame, M|
|poke|p1|Rotom-Wash|
|poke|p1|Ribombee, M|
|poke|p1|Zygarde-10%|
|poke|p1|Conkeldurr, F|
|poke|p2|Vanilluxe, F|
|poke|p2|Mandibuzz, F|
|poke|p2|Jirachi|
|poke|p2|Tapu Bulu|
|poke|p2|Swampert, M|
|poke|p2|Lycanroc-Dusk, F|
|teampreview
|inactive|Battle timer is ON: inactive players will automatically lose when time's up. (requested by EliotEnRetar)
|
|t:|1642102151
|start
|switch|p1a: BeeMovie|Ribombee, M|100/100
|switch|p2a: ice meme|Vanilluxe, F|100/100
|-weather|Hail|[from] ability: Snow Warning|[of] p2a: ice meme
|turn|1
|
|t:|1642102157
|move|p1a: BeeMovie|Sticky Web|p2a: ice meme
|-sidestart|p2: passportname|move: Sticky Web
|move|p2a: ice meme|Blizzard|p1a: BeeMovie
|-enditem|p1a: BeeMovie|Focus Sash
|-damage|p1a: BeeMovie|1/100
|
|-weather|Hail|[upkeep]
|-damage|p1a: BeeMovie|0 fnt|[from] Hail
|faint|p1a: BeeMovie
|upkeep
|
|t:|1642102163
|switch|p1a: Etchebest|Conkeldurr, F|100/100
|turn|2
|
|t:|1642102166
|move|p2a: ice meme|Blizzard|p1a: Etchebest
|-damage|p1a: Etchebest|0 fnt
|faint|p1a: Etchebest
|
|-weather|Hail|[upkeep]
|upkeep
|
|t:|1642102170
|switch|p1a: BizouJeManvol|Talonflame, M|100/100
|turn|3
|
|t:|1642102177
|switch|p2a: peck ur neck|Mandibuzz, F|100/100
|move|p1a: BizouJeManvol|Flare Blitz|p2a: peck ur neck
|-damage|p2a: peck ur neck|73/100
|-damage|p1a: BizouJeManvol|87/100|[from] Recoil
|
|-weather|Hail|[upkeep]
|-damage|p1a: BizouJeManvol|81/100|[from] Hail
|upkeep
|turn|4
|
|t:|1642102183
|move|p1a: BizouJeManvol|U-turn|p2a: peck ur neck
|-damage|p2a: peck ur neck|60/100
|
|t:|1642102185
|switch|p1a: CauetBurger|Rotom-Wash|100/100|[from]move: U-turn
|move|p2a: peck ur neck|Defog|p1a: CauetBurger
|-unboost|p1a: CauetBurger|evasion|1
|-sideend|p2: passportname|Sticky Web|[from] move: Defog|[of] p2a: peck ur neck
|
|-weather|Hail|[upkeep]
|-damage|p1a: CauetBurger|94/100|[from] Hail
|-heal|p1a: CauetBurger|100/100|[from] item: Leftovers
|upkeep
|turn|5
|
|t:|1642102191
|move|p2a: peck ur neck|Roost|p2a: peck ur neck
|-heal|p2a: peck ur neck|100/100
|-singleturn|p2a: peck ur neck|move: Roost
|move|p1a: CauetBurger|Volt Switch|p2a: peck ur neck
|-damage|p2a: peck ur neck|76/100
|
|t:|1642102194
|switch|p1a: En Brrrrrr|Zygarde-10%|100/100|[from]move: Volt Switch
|-ability|p1a: En Brrrrrr|Aura Break
|
|-weather|none
|upkeep
|turn|6
|
|t:|1642102199
|move|p1a: En Brrrrrr|Rock Slide|p2a: peck ur neck
|-supereffective|p2a: peck ur neck
|-damage|p2a: peck ur neck|35/100
|cant|p2a: peck ur neck|flinch
|
|upkeep
|turn|7
|
|t:|1642102205
|switch|p1a: Drapion|Drapion, M|100/100
|switch|p2a: pert that hurts|Swampert, M|100/100
|
|upkeep
|turn|8
|
|t:|1642102209
|switch|p1a: CauetBurger|Rotom-Wash|100/100
|move|p2a: pert that hurts|High Horsepower|p1a: CauetBurger
|-immune|p1a: CauetBurger|[from] ability: Levitate
|
|upkeep
|turn|9
|
|t:|1642102217
|switch|p2a: ice meme|Vanilluxe, F|100/100
|-weather|Hail|[from] ability: Snow Warning|[of] p2a: ice meme
|move|p1a: CauetBurger|Will-O-Wisp|p2a: ice meme
|-status|p2a: ice meme|brn
|
|-weather|Hail|[upkeep]
|-damage|p1a: CauetBurger|94/100|[from] Hail
|-heal|p1a: CauetBurger|100/100|[from] item: Leftovers
|-damage|p2a: ice meme|94/100 brn|[from] brn
|upkeep
|turn|10
|
|t:|1642102219
|move|p2a: ice meme|Freeze-Dry|p1a: CauetBurger
|-supereffective|p1a: CauetBurger
|-damage|p1a: CauetBurger|0 fnt
|faint|p1a: CauetBurger
|
|-weather|Hail|[upkeep]
|-damage|p2a: ice meme|88/100 brn|[from] brn
|upkeep
|-message|EliotEnRetar forfeited.
|
|win|passportname
|raw|EliotEnRetar's rating: 1498 &rarr; <strong>1484</strong><br />(-14 for losing)
|raw|passportname's rating: 1600 &rarr; <strong>1614</strong><br />(+14 for winning)
|l|☆EliotEnRetar
