|j|☆Adrift and Alone
|j|☆bebo7788
|player|p1|Adrift and Alone|ethan-gen2|1637
|player|p2|bebo7788|2|1771
|teamsize|p1|6
|teamsize|p2|6
|gametype|singles
|gen|8
|tier|[Gen 8] UU
|rated|
|clearpoke
|poke|p1|Roserade, M|
|poke|p1|Umbreon, M|
|poke|p1|Doublade, F|
|poke|p1|Hippowdon, F|
|poke|p1|Weezing-Galar, M|
|poke|p1|Mantine, M|
|poke|p2|Copperajah, F|
|poke|p2|Hippowdon, M|
|poke|p2|Noivern, M|
|poke|p2|Drapion, F|
|poke|p2|Rotom-Mow|
|poke|p2|Reuniclus, M|
|rule|Sleep Clause Mod: Limit one foe put to sleep
|rule|Species Clause: Limit one of each Pokémon
|rule|OHKO Clause: OHKO moves are banned
|rule|Evasion Moves Clause: Evasion moves are banned
|rule|Endless Battle Clause: Forcing endless battles is banned
|rule|HP Percentage Mod: HP is shown in percentages
|rule|Dynamax Clause: You cannot dynamax
|teampreview
|j| ASSOLO IL RE
|j| kickassin666
|c|☆bebo7788|hf
|inactive|Battle timer is ON: inactive players will automatically lose when time's up. (requested by Adrift and Alone)
|c|☆bebo7788|u aint running away from me
|
|start
|switch|p1a: Hippowdon|Hippowdon, F|100/100
|switch|p2a: The Orb|Reuniclus, M|100/100
|-weather|Sandstorm|[from] ability: Sand Stream|[of] p1a: Hippowdon
|turn|1
|c| kickassin666|Dude he uses raj
|j| DYWY❀
|
|move|p1a: Hippowdon|Stealth Rock|p2a: The Orb
|-sidestart|p2: bebo7788|move: Stealth Rock
|move|p2a: The Orb|Psychic|p1a: Hippowdon
|-damage|p1a: Hippowdon|44/100
|
|-weather|Sandstorm|[upkeep]
|-heal|p1a: Hippowdon|50/100|[from] item: Leftovers
|upkeep
|turn|2
|
|move|p1a: Hippowdon|Slack Off|p1a: Hippowdon
|-heal|p1a: Hippowdon|99/100
|move|p2a: The Orb|Psychic|p1a: Hippowdon
|-damage|p1a: Hippowdon|42/100
|-unboost|p1a: Hippowdon|spd|1
|
|-weather|Sandstorm|[upkeep]
|-heal|p1a: Hippowdon|48/100|[from] item: Leftovers
|upkeep
|turn|3
|c| kickassin666|No wonder hes 1700
|
|switch|p1a: Mantine|Mantine, M|100/100
|switch|p2a: Sven|Hippowdon, M|100/100
|-damage|p2a: Sven|94/100|[from] Stealth Rock
|
|-weather|Sandstorm|[upkeep]
|-damage|p1a: Mantine|94/100|[from] Sandstorm
|upkeep
|turn|4
|
|switch|p2a: The Orb|Reuniclus, M|100/100
|move|p1a: Mantine|Scald|p2a: The Orb
|-damage|p2a: The Orb|80/100
|
|-weather|Sandstorm|[upkeep]
|-damage|p1a: Mantine|88/100|[from] Sandstorm
|upkeep
|turn|5
|
|move|p1a: Mantine|Scald|p2a: The Orb
|-crit|p2a: The Orb
|-damage|p2a: The Orb|48/100
|move|p2a: The Orb|Psychic|p1a: Mantine
|-damage|p1a: Mantine|52/100
|
|-weather|none
|upkeep
|turn|6
|
|move|p1a: Mantine|Roost|p1a: Mantine
|-heal|p1a: Mantine|100/100
|-singleturn|p1a: Mantine|move: Roost
|move|p2a: The Orb|Recover|p2a: The Orb
|-heal|p2a: The Orb|98/100
|
|upkeep
|turn|7
|
|move|p1a: Mantine|Air Slash|p2a: The Orb
|-damage|p2a: The Orb|78/100
|move|p2a: The Orb|Psychic|p1a: Mantine
|-damage|p1a: Mantine|60/100
|
|upkeep
|turn|8
|
|switch|p2a: Rotom|Rotom-Mow|100/100
|-damage|p2a: Rotom|88/100|[from] Stealth Rock
|move|p1a: Mantine|Air Slash|p2a: Rotom
|-crit|p2a: Rotom
|-damage|p2a: Rotom|42/100
|
|upkeep
|turn|9
|j| frosty cup
|
|switch|p1a: Umbreon|Umbreon, M|100/100
|move|p2a: Rotom|Volt Switch|p1a: Umbreon
|-damage|p1a: Umbreon|85/100
|
|switch|p2a: Sven|Hippowdon, M|94/100|[from]move: Volt Switch
|-damage|p2a: Sven|88/100|[from] Stealth Rock
|-weather|Sandstorm|[from] ability: Sand Stream|[of] p2a: Sven
|
|-weather|Sandstorm|[upkeep]
|-damage|p1a: Umbreon|79/100|[from] Sandstorm
|-heal|p1a: Umbreon|85/100|[from] item: Leftovers
|upkeep
|turn|10
|
|switch|p1a: Hippowdon|Hippowdon, F|48/100
|move|p2a: Sven|Stealth Rock|p1a: Hippowdon
|-sidestart|p1: Adrift and Alone|move: Stealth Rock
|
|-weather|Sandstorm|[upkeep]
|-heal|p1a: Hippowdon|54/100|[from] item: Leftovers
|upkeep
|turn|11
|
|switch|p2a: The Orb|Reuniclus, M|78/100
|move|p1a: Hippowdon|Slack Off|p1a: Hippowdon
|-heal|p1a: Hippowdon|100/100
|
|-weather|Sandstorm|[upkeep]
|upkeep
|turn|12
|
|move|p1a: Hippowdon|Earthquake|p2a: The Orb
|-damage|p2a: The Orb|41/100
|move|p2a: The Orb|Psychic|p1a: Hippowdon
|-damage|p1a: Hippowdon|40/100
|
|-weather|Sandstorm|[upkeep]
|-heal|p1a: Hippowdon|46/100|[from] item: Leftovers
|upkeep
|turn|13
|
|move|p1a: Hippowdon|Slack Off|p1a: Hippowdon
|-heal|p1a: Hippowdon|96/100
|move|p2a: The Orb|Recover|p2a: The Orb
|-heal|p2a: The Orb|91/100
|
|-weather|none
|-heal|p1a: Hippowdon|100/100|[from] item: Leftovers
|upkeep
|turn|14
|
|switch|p1a: Mantine|Mantine, M|60/100
|switch|p2a: Comrade Purple|Noivern, M|100/100
|
|upkeep
|turn|15
|
|move|p2a: Comrade Purple|Taunt|p1a: Mantine
|-start|p1a: Mantine|move: Taunt
|cant|p1a: Mantine|move: Taunt|Roost
|
|upkeep
|turn|16
|
|switch|p1a: Umbreon|Umbreon, M|85/100
|-damage|p1a: Umbreon|73/100|[from] Stealth Rock
|move|p2a: Comrade Purple|Air Slash|p1a: Umbreon|[miss]
|-miss|p2a: Comrade Purple|p1a: Umbreon
|
|-heal|p1a: Umbreon|79/100|[from] item: Leftovers
|upkeep
|turn|17
|
|move|p1a: Umbreon|Protect|p1a: Umbreon
|-singleturn|p1a: Umbreon|Protect
|move|p2a: Comrade Purple|Taunt|p1a: Umbreon
|-activate|p1a: Umbreon|move: Protect
|
|-heal|p1a: Umbreon|85/100|[from] item: Leftovers
|upkeep
|turn|18
|
|move|p2a: Comrade Purple|Taunt|p1a: Umbreon
|-start|p1a: Umbreon|move: Taunt
|cant|p1a: Umbreon|move: Taunt|Wish
|
|-heal|p1a: Umbreon|91/100|[from] item: Leftovers
|upkeep
|turn|19
|
|move|p2a: Comrade Purple|Air Slash|p1a: Umbreon
|-damage|p1a: Umbreon|76/100
|cant|p1a: Umbreon|flinch
|
|-heal|p1a: Umbreon|82/100|[from] item: Leftovers
|upkeep
|turn|20
|
|switch|p2a: Comrade Purple-er|Drapion, F|100/100
|-damage|p2a: Comrade Purple-er|88/100|[from] Stealth Rock
|move|p1a: Umbreon|Foul Play|p2a: Comrade Purple-er
|-resisted|p2a: Comrade Purple-er
|-damage|p2a: Comrade Purple-er|75/100
|
|-heal|p2a: Comrade Purple-er|81/100|[from] item: Black Sludge
|-heal|p1a: Umbreon|89/100|[from] item: Leftovers
|-end|p1a: Umbreon|move: Taunt
|upkeep
|turn|21
|
|switch|p1a: Hippowdon|Hippowdon, F|100/100
|-damage|p1a: Hippowdon|94/100|[from] Stealth Rock
|-weather|Sandstorm|[from] ability: Sand Stream|[of] p1a: Hippowdon
|move|p2a: Comrade Purple-er|Toxic|p1a: Hippowdon
|-status|p1a: Hippowdon|tox
|
|-weather|Sandstorm|[upkeep]
|-damage|p2a: Comrade Purple-er|75/100|[from] Sandstorm
|-heal|p2a: Comrade Purple-er|81/100|[from] item: Black Sludge
|-heal|p1a: Hippowdon|100/100 tox|[from] item: Leftovers
|-damage|p1a: Hippowdon|94/100 tox|[from] psn
|upkeep
|turn|22
|
|switch|p2a: Comrade Purple|Noivern, M|100/100
|move|p1a: Hippowdon|Whirlwind|p2a: Comrade Purple
|drag|p2a: Comrade Purple-er|Drapion, F|81/100
|-damage|p2a: Comrade Purple-er|69/100|[from] Stealth Rock
|
|-weather|Sandstorm|[upkeep]
|-damage|p2a: Comrade Purple-er|62/100|[from] Sandstorm
|-heal|p2a: Comrade Purple-er|69/100|[from] item: Black Sludge
|-heal|p1a: Hippowdon|100/100 tox|[from] item: Leftovers
|-damage|p1a: Hippowdon|88/100 tox|[from] psn
|upkeep
|turn|23
|
|switch|p2a: Comrade Purple|Noivern, M|100/100
|switch|p1a: Weezing|Weezing-Galar, M|100/100
|-damage|p1a: Weezing|88/100|[from] Stealth Rock
|
|-weather|Sandstorm|[upkeep]
|-damage|p2a: Comrade Purple|94/100|[from] Sandstorm
|-damage|p1a: Weezing|82/100|[from] Sandstorm
|-heal|p1a: Weezing|88/100|[from] item: Black Sludge
|upkeep
|turn|24
|j| Luna Rox
|
|move|p2a: Comrade Purple|Taunt|p1a: Weezing
|-start|p1a: Weezing|move: Taunt
|cant|p1a: Weezing|move: Taunt|Aromatherapy
|
|-weather|Sandstorm|[upkeep]
|-damage|p2a: Comrade Purple|88/100|[from] Sandstorm
|-damage|p1a: Weezing|82/100|[from] Sandstorm
|-heal|p1a: Weezing|88/100|[from] item: Black Sludge
|upkeep
|turn|25
|
|switch|p2a: Katie|Copperajah, F|100/100
|-damage|p2a: Katie|94/100|[from] Stealth Rock
|switch|p1a: Doublade|Doublade, F|100/100
|-damage|p1a: Doublade|94/100|[from] Stealth Rock
|
|-weather|none
|upkeep
|turn|26
|
|switch|p1a: Roserade|Roserade, M|100/100
|-damage|p1a: Roserade|88/100|[from] Stealth Rock
|move|p2a: Katie|Heat Crash|p1a: Roserade
|-supereffective|p1a: Roserade
|-damage|p1a: Roserade|0 fnt
|faint|p1a: Roserade
|
|upkeep
|l| Luna Rox
|
|switch|p1a: Doublade|Doublade, F|94/100
|-damage|p1a: Doublade|88/100|[from] Stealth Rock
|turn|27
|
|move|p2a: Katie|Heat Crash|p1a: Doublade
|-supereffective|p1a: Doublade
|-damage|p1a: Doublade|25/100
|move|p1a: Doublade|Sacred Sword|p2a: Katie
|-supereffective|p2a: Katie
|-damage|p2a: Katie|19/100
|
|upkeep
|turn|28
|
|switch|p2a: Sven|Hippowdon, M|88/100
|-damage|p2a: Sven|82/100|[from] Stealth Rock
|-weather|Sandstorm|[from] ability: Sand Stream|[of] p2a: Sven
|move|p1a: Doublade|Shadow Sneak|p2a: Sven
|-damage|p2a: Sven|71/100
|-damage|p1a: Doublade|8/100|[from] item: Rocky Helmet|[of] p2a: Sven
|
|-weather|Sandstorm|[upkeep]
|upkeep
|turn|29
|
|switch|p1a: Weezing|Weezing-Galar, M|88/100
|-damage|p1a: Weezing|76/100|[from] Stealth Rock
|move|p2a: Sven|Whirlwind|p1a: Weezing
|drag|p1a: Hippowdon|Hippowdon, F|88/100 tox
|-damage|p1a: Hippowdon|82/100 tox|[from] Stealth Rock
|
|-weather|Sandstorm|[upkeep]
|-heal|p1a: Hippowdon|88/100 tox|[from] item: Leftovers
|-damage|p1a: Hippowdon|82/100 tox|[from] psn
|upkeep
|turn|30
|
|switch|p2a: The Orb|Reuniclus, M|91/100
|switch|p1a: Weezing|Weezing-Galar, M|76/100
|-damage|p1a: Weezing|64/100|[from] Stealth Rock
|
|-weather|Sandstorm|[upkeep]
|-damage|p1a: Weezing|58/100|[from] Sandstorm
|-heal|p1a: Weezing|64/100|[from] item: Black Sludge
|upkeep
|turn|31
|
|switch|p1a: Mantine|Mantine, M|60/100
|move|p2a: The Orb|Psychic|p1a: Mantine
|-damage|p1a: Mantine|19/100
|
|-weather|Sandstorm|[upkeep]
|-damage|p1a: Mantine|13/100|[from] Sandstorm
|upkeep
|turn|32
|
|move|p1a: Mantine|Roost|p1a: Mantine
|-heal|p1a: Mantine|63/100
|-singleturn|p1a: Mantine|move: Roost
|move|p2a: The Orb|Thunder|p1a: Mantine|[miss]
|-miss|p2a: The Orb|p1a: Mantine
|
|-weather|none
|upkeep
|turn|33
|
|move|p1a: Mantine|Roost|p1a: Mantine
|-heal|p1a: Mantine|100/100
|-singleturn|p1a: Mantine|move: Roost
|move|p2a: The Orb|Focus Blast|p1a: Mantine|[miss]
|-miss|p2a: The Orb|p1a: Mantine
|
|upkeep
|turn|34
|
|switch|p1a: Umbreon|Umbreon, M|89/100
|-damage|p1a: Umbreon|76/100|[from] Stealth Rock
|move|p2a: The Orb|Thunder|p1a: Umbreon|[miss]
|-miss|p2a: The Orb|p1a: Umbreon
|
|-heal|p1a: Umbreon|82/100|[from] item: Leftovers
|upkeep
|turn|35
|c|☆bebo7788|aight
|
|move|p1a: Umbreon|Wish|p1a: Umbreon
|move|p2a: The Orb|Thunder|p1a: Umbreon
|-damage|p1a: Umbreon|54/100
|
|-heal|p1a: Umbreon|60/100|[from] item: Leftovers
|upkeep
|turn|36
|j| yeezyknows
|
|move|p1a: Umbreon|Protect|p1a: Umbreon
|-singleturn|p1a: Umbreon|Protect
|move|p2a: The Orb|Thunder|p1a: Umbreon
|-activate|p1a: Umbreon|move: Protect
|
|-heal|p1a: Umbreon|100/100|[from] move: Wish|[wisher] Umbreon
|upkeep
|turn|37
|
|move|p1a: Umbreon|Foul Play|p2a: The Orb
|-supereffective|p2a: The Orb
|-damage|p2a: The Orb|55/100
|move|p2a: The Orb|Thunder|p1a: Umbreon|[miss]
|-miss|p2a: The Orb|p1a: Umbreon
|
|upkeep
|turn|38
|
|move|p1a: Umbreon|Foul Play|p2a: The Orb
|-supereffective|p2a: The Orb
|-damage|p2a: The Orb|19/100
|move|p2a: The Orb|Recover|p2a: The Orb
|-heal|p2a: The Orb|69/100
|
|upkeep
|turn|39
|
|move|p1a: Umbreon|Taunt|p2a: The Orb
|-start|p2a: The Orb|move: Taunt
|cant|p2a: The Orb|move: Taunt|Recover
|
|upkeep
|turn|40
|
|switch|p2a: Comrade Purple-er|Drapion, F|69/100
|-damage|p2a: Comrade Purple-er|56/100|[from] Stealth Rock
|move|p1a: Umbreon|Foul Play|p2a: Comrade Purple-er
|-resisted|p2a: Comrade Purple-er
|-damage|p2a: Comrade Purple-er|43/100
|
|-heal|p2a: Comrade Purple-er|49/100|[from] item: Black Sludge
|upkeep
|turn|41
|j| ybnl
|
|switch|p1a: Hippowdon|Hippowdon, F|82/100 tox
|-damage|p1a: Hippowdon|76/100 tox|[from] Stealth Rock
|-weather|Sandstorm|[from] ability: Sand Stream|[of] p1a: Hippowdon
|move|p2a: Comrade Purple-er|Knock Off|p1a: Hippowdon
|-damage|p1a: Hippowdon|58/100 tox
|-enditem|p1a: Hippowdon|Leftovers|[from] move: Knock Off|[of] p2a: Comrade Purple-er
|
|-weather|Sandstorm|[upkeep]
|-damage|p2a: Comrade Purple-er|43/100|[from] Sandstorm
|-heal|p2a: Comrade Purple-er|49/100|[from] item: Black Sludge
|-damage|p1a: Hippowdon|52/100 tox|[from] psn
|upkeep
|turn|42
|
|switch|p2a: Comrade Purple|Noivern, M|88/100
|move|p1a: Hippowdon|Slack Off|p1a: Hippowdon
|-heal|p1a: Hippowdon|100/100 tox
|
|-weather|Sandstorm|[upkeep]
|-damage|p2a: Comrade Purple|82/100|[from] Sandstorm
|-damage|p1a: Hippowdon|88/100 tox|[from] psn
|upkeep
|turn|43
|c| ybnl|adrift
|c| ybnl|why didnt u tell me
|c| ybnl|u got a game
|
|switch|p1a: Umbreon|Umbreon, M|100/100
|-damage|p1a: Umbreon|88/100|[from] Stealth Rock
|move|p2a: Comrade Purple|Taunt|p1a: Umbreon
|-start|p1a: Umbreon|move: Taunt
|
|-weather|Sandstorm|[upkeep]
|-damage|p2a: Comrade Purple|76/100|[from] Sandstorm
|-damage|p1a: Umbreon|82/100|[from] Sandstorm
|-heal|p1a: Umbreon|88/100|[from] item: Leftovers
|upkeep
|turn|44
|
|move|p2a: Comrade Purple|Defog|p1a: Umbreon
|-unboost|p1a: Umbreon|evasion|1
|-sideend|p1: Adrift and Alone|Stealth Rock|[from] move: Defog|[of] p2a: Comrade Purple
|-sideend|p2: bebo7788|Stealth Rock|[from] move: Defog|[of] p2a: Comrade Purple
|move|p1a: Umbreon|Foul Play|p2a: Comrade Purple
|-damage|p2a: Comrade Purple|56/100
|
|-weather|Sandstorm|[upkeep]
|-damage|p2a: Comrade Purple|49/100|[from] Sandstorm
|-damage|p1a: Umbreon|82/100|[from] Sandstorm
|-heal|p1a: Umbreon|88/100|[from] item: Leftovers
|upkeep
|turn|45
|
|move|p2a: Comrade Purple|Roost|p2a: Comrade Purple
|-heal|p2a: Comrade Purple|99/100
|-singleturn|p2a: Comrade Purple|move: Roost
|move|p1a: Umbreon|Foul Play|p2a: Comrade Purple
|-damage|p2a: Comrade Purple|81/100
|
|-weather|none
|-heal|p1a: Umbreon|94/100|[from] item: Leftovers
|-end|p1a: Umbreon|move: Taunt
|upkeep
|turn|46
|
|move|p1a: Umbreon|Protect|p1a: Umbreon
|-singleturn|p1a: Umbreon|Protect
|move|p2a: Comrade Purple|Taunt|p1a: Umbreon
|-activate|p1a: Umbreon|move: Protect
|
|-heal|p1a: Umbreon|99/100|[from] item: Leftovers
|upkeep
|turn|47
|
|move|p2a: Comrade Purple|Taunt|p1a: Umbreon
|-start|p1a: Umbreon|move: Taunt
|move|p1a: Umbreon|Foul Play|p2a: Comrade Purple
|-damage|p2a: Comrade Purple|61/100
|
|-heal|p1a: Umbreon|100/100|[from] item: Leftovers
|upkeep
|turn|48
|
|move|p2a: Comrade Purple|Air Slash|p1a: Umbreon
|-damage|p1a: Umbreon|88/100
|move|p1a: Umbreon|Foul Play|p2a: Comrade Purple
|-crit|p2a: Comrade Purple
|-damage|p2a: Comrade Purple|29/100
|
|-heal|p1a: Umbreon|94/100|[from] item: Leftovers
|upkeep
|turn|49
|
|switch|p1a: Mantine|Mantine, M|100/100
|move|p2a: Comrade Purple|Roost|p2a: Comrade Purple
|-heal|p2a: Comrade Purple|79/100
|-singleturn|p2a: Comrade Purple|move: Roost
|
|upkeep
|turn|50
|
|switch|p2a: The Orb|Reuniclus, M|69/100
|move|p1a: Mantine|Scald|p2a: The Orb
|-damage|p2a: The Orb|48/100
|
|upkeep
|turn|51
|
|move|p1a: Mantine|Air Slash|p2a: The Orb
|-damage|p2a: The Orb|28/100
|move|p2a: The Orb|Recover|p2a: The Orb
|-heal|p2a: The Orb|78/100
|
|upkeep
|turn|52
|
|switch|p1a: Umbreon|Umbreon, M|94/100
|move|p2a: The Orb|Thunder|p1a: Umbreon|[miss]
|-miss|p2a: The Orb|p1a: Umbreon
|
|-heal|p1a: Umbreon|99/100|[from] item: Leftovers
|upkeep
|turn|53
|
|move|p1a: Umbreon|Wish|p1a: Umbreon
|move|p2a: The Orb|Thunder|p1a: Umbreon
|-damage|p1a: Umbreon|72/100
|-status|p1a: Umbreon|par
|-activate|p1a: Umbreon|ability: Synchronize
|-status|p2a: The Orb|par
|
|-heal|p1a: Umbreon|78/100 par|[from] item: Leftovers
|upkeep
|turn|54
|
|move|p1a: Umbreon|Foul Play|p2a: The Orb
|-supereffective|p2a: The Orb
|-damage|p2a: The Orb|46/100 par
|cant|p2a: The Orb|par
|
|-heal|p1a: Umbreon|100/100 par|[from] move: Wish|[wisher] Umbreon
|upkeep
|turn|55
|c| ybnl|lol
|
|move|p1a: Umbreon|Taunt|p2a: The Orb
|-start|p2a: The Orb|move: Taunt
|cant|p2a: The Orb|move: Taunt|Recover
|
|upkeep
|turn|56
|
|switch|p2a: Comrade Purple-er|Drapion, F|49/100
|move|p1a: Umbreon|Foul Play|p2a: Comrade Purple-er
|-resisted|p2a: Comrade Purple-er
|-damage|p2a: Comrade Purple-er|36/100
|
|-heal|p2a: Comrade Purple-er|42/100|[from] item: Black Sludge
|upkeep
|turn|57
|
|switch|p1a: Weezing|Weezing-Galar, M|64/100
|move|p2a: Comrade Purple-er|Toxic Spikes|p1a: Weezing
|-sidestart|p1: Adrift and Alone|move: Toxic Spikes
|
|-heal|p2a: Comrade Purple-er|48/100|[from] item: Black Sludge
|-heal|p1a: Weezing|70/100|[from] item: Black Sludge
|upkeep
|turn|58
|
|move|p2a: Comrade Purple-er|Taunt|p1a: Weezing
|-start|p1a: Weezing|move: Taunt
|move|p1a: Weezing|Strange Steam|p2a: Comrade Purple-er
|-damage|p2a: Comrade Purple-er|16/100
|
|-heal|p2a: Comrade Purple-er|22/100|[from] item: Black Sludge
|-heal|p1a: Weezing|76/100|[from] item: Black Sludge
|upkeep
|turn|59
|
|move|p2a: Comrade Purple-er|Knock Off|p1a: Weezing
|-resisted|p1a: Weezing
|-damage|p1a: Weezing|67/100
|-enditem|p1a: Weezing|Black Sludge|[from] move: Knock Off|[of] p2a: Comrade Purple-er
|move|p1a: Weezing|Strange Steam|p2a: Comrade Purple-er
|-damage|p2a: Comrade Purple-er|0 fnt
|faint|p2a: Comrade Purple-er
|
|upkeep
|
|switch|p2a: Katie|Copperajah, F|19/100
|turn|60
|c| ybnl|tfw
|c| ybnl|weezing 6-0s
|c| yeezyknows|how
|
|switch|p1a: Mantine|Mantine, M|100/100
|move|p2a: Katie|Heavy Slam|p1a: Mantine
|-resisted|p1a: Mantine
|-crit|p1a: Mantine
|-damage|p1a: Mantine|23/100
|
|upkeep
|turn|61
|c| ybnl|lol
|c| ybnl|god fuckin
|c| ybnl|damn
|
|switch|p2a: The Orb|Reuniclus, M|46/100 par
|move|p1a: Mantine|Scald|p2a: The Orb
|-damage|p2a: The Orb|26/100 par
|
|upkeep
|turn|62
|j| Z-Max Airstream
|
|move|p1a: Mantine|Roost|p1a: Mantine
|-heal|p1a: Mantine|73/100
|-singleturn|p1a: Mantine|move: Roost
|move|p2a: The Orb|Recover|p2a: The Orb
|-heal|p2a: The Orb|76/100 par
|
|upkeep
|turn|63
|
|switch|p1a: Umbreon|Umbreon, M|100/100 par
|cant|p2a: The Orb|par
|
|upkeep
|turn|64
|
|switch|p2a: Comrade Purple|Noivern, M|79/100
|move|p1a: Umbreon|Foul Play|p2a: Comrade Purple
|-damage|p2a: Comrade Purple|60/100
|
|upkeep
|turn|65
|c| ybnl|people needa start
|
|move|p1a: Umbreon|Protect|p1a: Umbreon
|-singleturn|p1a: Umbreon|Protect
|move|p2a: Comrade Purple|Taunt|p1a: Umbreon
|-activate|p1a: Umbreon|move: Protect
|
|upkeep
|turn|66
|c| ybnl|running flame on weezing
|
|move|p2a: Comrade Purple|Taunt|p1a: Umbreon
|-start|p1a: Umbreon|move: Taunt
|cant|p1a: Umbreon|par
|
|upkeep
|turn|67
|c| ybnl|it cancatch doublade
|c| ASSOLO IL RE|l
|
|move|p2a: Comrade Purple|Air Slash|p1a: Umbreon
|-damage|p1a: Umbreon|87/100 par
|cant|p1a: Umbreon|flinch
|
|-heal|p1a: Umbreon|93/100 par|[from] item: Leftovers
|upkeep
|turn|68
|c| yeezyknows|wow u must be a metagame genius
|
|move|p2a: Comrade Purple|Roost|p2a: Comrade Purple
|-heal|p2a: Comrade Purple|100/100
|-singleturn|p2a: Comrade Purple|move: Roost
|cant|p1a: Umbreon|par
|
|-heal|p1a: Umbreon|99/100 par|[from] item: Leftovers
|-end|p1a: Umbreon|move: Taunt
|upkeep
|turn|69
|c| ybnl|ty bro
|
|move|p2a: Comrade Purple|Taunt|p1a: Umbreon
|-start|p1a: Umbreon|move: Taunt
|move|p1a: Umbreon|Foul Play|p2a: Comrade Purple
|-damage|p2a: Comrade Purple|81/100
|
|-heal|p1a: Umbreon|100/100 par|[from] item: Leftovers
|upkeep
|turn|70
|
|switch|p1a: Mantine|Mantine, M|73/100
|move|p2a: Comrade Purple|Taunt|p1a: Mantine
|-start|p1a: Mantine|move: Taunt
|
|upkeep
|turn|71
|n| Nakeeb|ybnl
|j| feelstoads
|
|switch|p2a: The Orb|Reuniclus, M|76/100 par
|switch|p1a: Umbreon|Umbreon, M|100/100 par
|
|upkeep
|turn|72
|c| Nakeeb|hm
|
|switch|p2a: Comrade Purple|Noivern, M|81/100
|move|p1a: Umbreon|Wish|p1a: Umbreon
|
|upkeep
|turn|73
|n| ybnl|nakeeb
|
|switch|p1a: Weezing|Weezing-Galar, M|67/100
|move|p2a: Comrade Purple|Air Slash|p1a: Weezing
|-damage|p1a: Weezing|29/100
|
|-heal|p1a: Weezing|88/100|[from] move: Wish|[wisher] Umbreon
|upkeep
|turn|74
|
|switch|p2a: The Orb|Reuniclus, M|76/100 par
|move|p1a: Weezing|Strange Steam|p2a: The Orb
|-damage|p2a: The Orb|49/100 par
|
|upkeep
|turn|75
|l|zmaxairstream
|
|switch|p1a: Umbreon|Umbreon, M|100/100 par
|cant|p2a: The Orb|par
|
|upkeep
|turn|76
|j| metagame genius
|c| metagame genius|yo
|
|move|p1a: Umbreon|Taunt|p2a: The Orb
|-start|p2a: The Orb|move: Taunt
|cant|p2a: The Orb|move: Taunt|Recover
|
|upkeep
|turn|77
|c|☆bebo7788|bruh
|c|☆bebo7788|wheres ur paras
|c|☆bebo7788|god damn
|c| ybnl|taunt umby
|c| ybnl|LOL
|j| icefacez
|
|switch|p1a: Weezing|Weezing-Galar, M|88/100
|switch|p2a: Rotom|Rotom-Mow|42/100
|
|upkeep
|turn|78
|c| ybnl|yeezyknows: wow u must be a metagame genius
|
|move|p2a: Rotom|Trick|p1a: Weezing
|-activate|p2a: Rotom|move: Trick|[of] p1a: Weezing
|-item|p1a: Weezing|Choice Scarf|[from] move: Trick
|-enditem|p2a: Rotom|Choice Scarf|[silent]|[from] move: Trick
|move|p1a: Weezing|Defog|p2a: Rotom
|-unboost|p2a: Rotom|evasion|1
|-sideend|p1: Adrift and Alone|Toxic Spikes|[from] move: Defog|[of] p1a: Weezing
|
|upkeep
|turn|79
|n| Solonorrrrr|assoloilre
|
|move|p2a: Rotom|Volt Switch|p1a: Weezing
|-damage|p1a: Weezing|46/100
|
|switch|p2a: The Orb|Reuniclus, M|49/100 par|[from]move: Volt Switch
|move|p1a: Weezing|Defog|p2a: The Orb
|-unboost|p2a: The Orb|evasion|1
|
|upkeep
|turn|80
|
|switch|p1a: Umbreon|Umbreon, M|100/100 par
|move|p2a: The Orb|Recover|p2a: The Orb
|-heal|p2a: The Orb|99/100 par
|
|upkeep
|turn|81
|
|move|p1a: Umbreon|Wish|p1a: Umbreon
|move|p2a: The Orb|Focus Blast|p1a: Umbreon|[miss]
|-miss|p2a: The Orb|p1a: Umbreon
|
|upkeep
|turn|82
|c|☆bebo7788|bro
|c|☆bebo7788|have i managed
|c|☆bebo7788|to hit only 1 of these
|c|☆bebo7788|70%
|c|☆bebo7788|more like
|c|☆bebo7788|fucking 30
|
|switch|p2a: Comrade Purple|Noivern, M|81/100
|cant|p1a: Umbreon|par
|
|upkeep
|turn|83
|
|cant|p1a: Umbreon|par
|move|p2a: Comrade Purple|Taunt|p1a: Umbreon
|-start|p1a: Umbreon|move: Taunt
|
|upkeep
|turn|84
|
|switch|p2a: Sven|Hippowdon, M|71/100
|-weather|Sandstorm|[from] ability: Sand Stream|[of] p2a: Sven
|cant|p1a: Umbreon|par
|
|-weather|Sandstorm|[upkeep]
|-damage|p1a: Umbreon|94/100 par|[from] Sandstorm
|-heal|p1a: Umbreon|100/100 par|[from] item: Leftovers
|upkeep
|turn|85
|c| ybnl|what move did it use
|
|switch|p1a: Weezing|Weezing-Galar, M|46/100
|move|p2a: Sven|Stealth Rock|p1a: Weezing
|-sidestart|p1: Adrift and Alone|move: Stealth Rock
|
|-weather|Sandstorm|[upkeep]
|-damage|p1a: Weezing|40/100|[from] Sandstorm
|upkeep
|turn|86
|c| ybnl|o ye protect duh
|
|switch|p2a: The Orb|Reuniclus, M|99/100 par
|move|p1a: Weezing|Defog|p2a: The Orb
|-unboost|p2a: The Orb|evasion|1
|-sideend|p1: Adrift and Alone|Stealth Rock|[from] move: Defog|[of] p1a: Weezing
|
|-weather|Sandstorm|[upkeep]
|-damage|p1a: Weezing|34/100|[from] Sandstorm
|upkeep
|turn|87
|
|switch|p1a: Umbreon|Umbreon, M|100/100 par
|move|p2a: The Orb|Focus Blast|p1a: Umbreon
|-supereffective|p1a: Umbreon
|-damage|p1a: Umbreon|44/100 par
|
|-weather|Sandstorm|[upkeep]
|-damage|p1a: Umbreon|38/100 par|[from] Sandstorm
|-heal|p1a: Umbreon|44/100 par|[from] item: Leftovers
|upkeep
|turn|88
|
|move|p1a: Umbreon|Wish|p1a: Umbreon
|move|p2a: The Orb|Focus Blast|p1a: Umbreon|[miss]
|-miss|p2a: The Orb|p1a: Umbreon
|
|-weather|none
|-heal|p1a: Umbreon|50/100 par|[from] item: Leftovers
|upkeep
|turn|89
|c|☆bebo7788|OFC
|c|☆bebo7788|LOL
|c| Solonorrrrr|actual fish
|
|move|p1a: Umbreon|Protect|p1a: Umbreon
|-singleturn|p1a: Umbreon|Protect
|move|p2a: The Orb|Focus Blast|p1a: Umbreon
|-activate|p1a: Umbreon|move: Protect
|
|-heal|p1a: Umbreon|99/100 par|[from] move: Wish|[wisher] Umbreon
|-heal|p1a: Umbreon|100/100 par|[from] item: Leftovers
|upkeep
|turn|90
|c|☆bebo7788|nice man
|c|☆bebo7788|nice
|inactive|Adrift and Alone has 120 seconds left.
|
|switch|p2a: Comrade Purple|Noivern, M|81/100
|move|p1a: Umbreon|Wish|p1a: Umbreon
|
|upkeep
|turn|91
|
|switch|p1a: Mantine|Mantine, M|73/100
|move|p2a: Comrade Purple|Taunt|p1a: Mantine
|-start|p1a: Mantine|move: Taunt
|
|-heal|p1a: Mantine|100/100|[from] move: Wish|[wisher] Umbreon
|upkeep
|turn|92
|
|switch|p2a: The Orb|Reuniclus, M|99/100 par
|move|p1a: Mantine|Scald|p2a: The Orb
|-damage|p2a: The Orb|79/100 par
|
|upkeep
|turn|93
|c| ybnl|#stoptheadriftslander
|
|switch|p1a: Umbreon|Umbreon, M|100/100 par
|move|p2a: The Orb|Thunder|p1a: Umbreon
|-damage|p1a: Umbreon|71/100 par
|
|-heal|p1a: Umbreon|77/100 par|[from] item: Leftovers
|upkeep
|turn|94
|
|switch|p2a: Comrade Purple|Noivern, M|81/100
|move|p1a: Umbreon|Foul Play|p2a: Comrade Purple
|-damage|p2a: Comrade Purple|62/100
|
|-heal|p1a: Umbreon|83/100 par|[from] item: Leftovers
|upkeep
|turn|95
|
|switch|p1a: Mantine|Mantine, M|100/100
|move|p2a: Comrade Purple|Taunt|p1a: Mantine
|-start|p1a: Mantine|move: Taunt
|
|upkeep
|turn|96
|
|switch|p2a: The Orb|Reuniclus, M|79/100 par
|move|p1a: Mantine|Scald|p2a: The Orb
|-damage|p2a: The Orb|59/100 par
|
|upkeep
|turn|97
|
|move|p1a: Mantine|Air Slash|p2a: The Orb
|-damage|p2a: The Orb|39/100 par
|cant|p2a: The Orb|par
|
|-end|p1a: Mantine|move: Taunt
|upkeep
|turn|98
|c|☆bebo7788|aight
|c|☆bebo7788|risk this
|c|☆bebo7788|i dare u
|c| ybnl|do it
|c| ybnl|no balls
|
|switch|p1a: Umbreon|Umbreon, M|83/100 par
|move|p2a: The Orb|Recover|p2a: The Orb
|-heal|p2a: The Orb|89/100 par
|
|-heal|p1a: Umbreon|89/100 par|[from] item: Leftovers
|upkeep
|turn|99
|
|switch|p2a: Comrade Purple|Noivern, M|62/100
|move|p1a: Umbreon|Foul Play|p2a: Comrade Purple
|-damage|p2a: Comrade Purple|44/100
|
|-heal|p1a: Umbreon|95/100 par|[from] item: Leftovers
|upkeep
|turn|100
|c| Solonorrrrr|u actually have no balls
|
|move|p2a: Comrade Purple|Roost|p2a: Comrade Purple
|-heal|p2a: Comrade Purple|94/100
|-singleturn|p2a: Comrade Purple|move: Roost
|cant|p1a: Umbreon|par
|
|-heal|p1a: Umbreon|100/100 par|[from] item: Leftovers
|upkeep
|turn|101
|c| ybnl|he was recoverying smh
|
|switch|p1a: Mantine|Mantine, M|100/100
|move|p2a: Comrade Purple|Taunt|p1a: Mantine
|-start|p1a: Mantine|move: Taunt
|
|upkeep
|turn|102
|
|move|p2a: Comrade Purple|Air Slash|p1a: Mantine|[miss]
|-miss|p2a: Comrade Purple|p1a: Mantine
|move|p1a: Mantine|Scald|p2a: Comrade Purple
|-resisted|p2a: Comrade Purple
|-damage|p2a: Comrade Purple|80/100
|
|upkeep
|turn|103
|
|switch|p2a: The Orb|Reuniclus, M|89/100 par
|move|p1a: Mantine|Scald|p2a: The Orb
|-damage|p2a: The Orb|66/100 par
|
|-end|p1a: Mantine|move: Taunt
|upkeep
|turn|104
|
|switch|p1a: Umbreon|Umbreon, M|100/100 par
|move|p2a: The Orb|Thunder|p1a: Umbreon
|-damage|p1a: Umbreon|72/100 par
|
|-heal|p1a: Umbreon|78/100 par|[from] item: Leftovers
|upkeep
|turn|105
|
|move|p1a: Umbreon|Taunt|p2a: The Orb
|-start|p2a: The Orb|move: Taunt
|cant|p2a: The Orb|move: Taunt|Recover
|
|-heal|p1a: Umbreon|84/100 par|[from] item: Leftovers
|upkeep
|turn|106
|
|switch|p2a: Comrade Purple|Noivern, M|80/100
|move|p1a: Umbreon|Taunt|p2a: Comrade Purple
|-start|p2a: Comrade Purple|move: Taunt
|
|-heal|p1a: Umbreon|90/100 par|[from] item: Leftovers
|upkeep
|turn|107
|
|switch|p1a: Mantine|Mantine, M|100/100
|move|p2a: Comrade Purple|Air Slash|p1a: Mantine|[miss]
|-miss|p2a: Comrade Purple|p1a: Mantine
|
|upkeep
|turn|108
|c|☆bebo7788|lol
|c|☆bebo7788|i cant even hit
|j| Luna Rox
|c|☆bebo7788|airslashes
|
|move|p2a: Comrade Purple|Air Slash|p1a: Mantine
|-damage|p1a: Mantine|84/100
|move|p1a: Mantine|Scald|p2a: Comrade Purple
|-resisted|p2a: Comrade Purple
|-damage|p2a: Comrade Purple|67/100
|
|-end|p2a: Comrade Purple|move: Taunt
|upkeep
|turn|109
|
|move|p2a: Comrade Purple|Air Slash|p1a: Mantine
|-damage|p1a: Mantine|69/100
|move|p1a: Mantine|Scald|p2a: Comrade Purple
|-resisted|p2a: Comrade Purple
|-damage|p2a: Comrade Purple|54/100
|
|upkeep
|turn|110
|
|move|p2a: Comrade Purple|Air Slash|p1a: Mantine
|-damage|p1a: Mantine|54/100
|cant|p1a: Mantine|flinch
|
|upkeep
|turn|111
|c| ybnl|use ice beam mantine y/n
|
|move|p2a: Comrade Purple|Taunt|p1a: Mantine
|-start|p1a: Mantine|move: Taunt
|move|p1a: Mantine|Scald|p2a: Comrade Purple
|-resisted|p2a: Comrade Purple
|-crit|p2a: Comrade Purple
|-damage|p2a: Comrade Purple|33/100
|
|upkeep
|turn|112
|
|move|p2a: Comrade Purple|Roost|p2a: Comrade Purple
|-heal|p2a: Comrade Purple|83/100
|-singleturn|p2a: Comrade Purple|move: Roost
|move|p1a: Mantine|Scald|p2a: Comrade Purple
|-resisted|p2a: Comrade Purple
|-damage|p2a: Comrade Purple|70/100
|-status|p2a: Comrade Purple|brn
|
|-damage|p2a: Comrade Purple|64/100 brn|[from] brn
|upkeep
|turn|113
|
|switch|p1a: Umbreon|Umbreon, M|90/100 par
|move|p2a: Comrade Purple|Air Slash|p1a: Umbreon
|-damage|p1a: Umbreon|78/100 par
|
|-heal|p1a: Umbreon|84/100 par|[from] item: Leftovers
|-damage|p2a: Comrade Purple|57/100 brn|[from] brn
|upkeep
|turn|114
|
|move|p2a: Comrade Purple|Taunt|p1a: Umbreon
|-start|p1a: Umbreon|move: Taunt
|move|p1a: Umbreon|Foul Play|p2a: Comrade Purple
|-damage|p2a: Comrade Purple|36/100 brn
|
|-heal|p1a: Umbreon|90/100 par|[from] item: Leftovers
|-damage|p2a: Comrade Purple|30/100 brn|[from] brn
|upkeep
|turn|115
|
|switch|p1a: Mantine|Mantine, M|54/100
|move|p2a: Comrade Purple|Roost|p2a: Comrade Purple
|-heal|p2a: Comrade Purple|80/100 brn
|-singleturn|p2a: Comrade Purple|move: Roost
|
|-damage|p2a: Comrade Purple|73/100 brn|[from] brn
|upkeep
|turn|116
|
|move|p2a: Comrade Purple|Taunt|p1a: Mantine
|-start|p1a: Mantine|move: Taunt
|cant|p1a: Mantine|move: Taunt|Roost
|
|-damage|p2a: Comrade Purple|67/100 brn|[from] brn
|upkeep
|turn|117
|
|switch|p1a: Umbreon|Umbreon, M|90/100 par
|move|p2a: Comrade Purple|Air Slash|p1a: Umbreon
|-damage|p1a: Umbreon|77/100 par
|
|-heal|p1a: Umbreon|83/100 par|[from] item: Leftovers
|-damage|p2a: Comrade Purple|61/100 brn|[from] brn
|upkeep
|turn|118
|c| ybnl|wearing douche n gabban
|
|switch|p2a: Sven|Hippowdon, M|71/100
|-weather|Sandstorm|[from] ability: Sand Stream|[of] p2a: Sven
|cant|p1a: Umbreon|par
|
|-weather|Sandstorm|[upkeep]
|-damage|p1a: Umbreon|77/100 par|[from] Sandstorm
|-heal|p1a: Umbreon|83/100 par|[from] item: Leftovers
|upkeep
|turn|119
|
|switch|p1a: Weezing|Weezing-Galar, M|34/100
|move|p2a: Sven|Stealth Rock|p1a: Weezing
|-sidestart|p1: Adrift and Alone|move: Stealth Rock
|
|-weather|Sandstorm|[upkeep]
|-damage|p1a: Weezing|28/100|[from] Sandstorm
|upkeep
|turn|120
|
|switch|p2a: Katie|Copperajah, F|19/100
|move|p1a: Weezing|Aromatherapy|p1a: Weezing
|-activate|p1a: Weezing|move: Aromatherapy
|-curestatus|p1: Umbreon|par|[msg]
|-curestatus|p1: Hippowdon|tox|[msg]
|
|-weather|Sandstorm|[upkeep]
|-damage|p1a: Weezing|22/100|[from] Sandstorm
|upkeep
|turn|121
|
|switch|p1a: Doublade|Doublade, F|8/100
|-damage|p1a: Doublade|2/100|[from] Stealth Rock
|move|p2a: Katie|Power Whip|p1a: Doublade
|-resisted|p1a: Doublade
|-damage|p1a: Doublade|0 fnt
|faint|p1a: Doublade
|
|-weather|Sandstorm|[upkeep]
|upkeep
|
|switch|p1a: Mantine|Mantine, M|54/100
|turn|122
|
|switch|p2a: Comrade Purple|Noivern, M|61/100 brn
|move|p1a: Mantine|Scald|p2a: Comrade Purple
|-resisted|p2a: Comrade Purple
|-damage|p2a: Comrade Purple|48/100 brn
|
|-weather|none
|-damage|p2a: Comrade Purple|42/100 brn|[from] brn
|upkeep
|turn|123
|j| Mygrein ㋡
|
|move|p2a: Comrade Purple|Taunt|p1a: Mantine
|-start|p1a: Mantine|move: Taunt
|cant|p1a: Mantine|move: Taunt|Roost
|
|-damage|p2a: Comrade Purple|36/100 brn|[from] brn
|upkeep
|turn|124
|
|move|p2a: Comrade Purple|Roost|p2a: Comrade Purple
|-heal|p2a: Comrade Purple|86/100 brn
|-singleturn|p2a: Comrade Purple|move: Roost
|move|p1a: Mantine|Air Slash|p2a: Comrade Purple
|-damage|p2a: Comrade Purple|60/100 brn
|
|-damage|p2a: Comrade Purple|54/100 brn|[from] brn
|upkeep
|turn|125
|
|move|p2a: Comrade Purple|Air Slash|p1a: Mantine|[miss]
|-miss|p2a: Comrade Purple|p1a: Mantine
|move|p1a: Mantine|Air Slash|p2a: Comrade Purple
|-damage|p2a: Comrade Purple|28/100 brn
|
|-damage|p2a: Comrade Purple|22/100 brn|[from] brn
|-end|p1a: Mantine|move: Taunt
|upkeep
|turn|126
|
|move|p2a: Comrade Purple|Roost|p2a: Comrade Purple
|-heal|p2a: Comrade Purple|72/100 brn
|-singleturn|p2a: Comrade Purple|move: Roost
|move|p1a: Mantine|Roost|p1a: Mantine
|-heal|p1a: Mantine|100/100
|-singleturn|p1a: Mantine|move: Roost
|
|-damage|p2a: Comrade Purple|66/100 brn|[from] brn
|upkeep
|turn|127
|c| ybnl|lol
|
|move|p2a: Comrade Purple|Air Slash|p1a: Mantine
|-damage|p1a: Mantine|87/100
|cant|p1a: Mantine|flinch
|
|-damage|p2a: Comrade Purple|60/100 brn|[from] brn
|upkeep
|turn|128
|
|move|p2a: Comrade Purple|Taunt|p1a: Mantine
|-start|p1a: Mantine|move: Taunt
|move|p1a: Mantine|Air Slash|p2a: Comrade Purple
|-damage|p2a: Comrade Purple|36/100 brn
|
|-damage|p2a: Comrade Purple|30/100 brn|[from] brn
|upkeep
|turn|129
|
|move|p2a: Comrade Purple|Roost|p2a: Comrade Purple
|-heal|p2a: Comrade Purple|80/100 brn
|-singleturn|p2a: Comrade Purple|move: Roost
|move|p1a: Mantine|Air Slash|p2a: Comrade Purple
|-damage|p2a: Comrade Purple|57/100 brn
|
|-damage|p2a: Comrade Purple|51/100 brn|[from] brn
|upkeep
|turn|130
|
|move|p2a: Comrade Purple|Roost|p2a: Comrade Purple
|-heal|p2a: Comrade Purple|100/100 brn
|-singleturn|p2a: Comrade Purple|move: Roost
|move|p1a: Mantine|Air Slash|p2a: Comrade Purple
|-damage|p2a: Comrade Purple|75/100 brn
|
|-damage|p2a: Comrade Purple|69/100 brn|[from] brn
|-end|p1a: Mantine|move: Taunt
|upkeep
|turn|131
|
|move|p2a: Comrade Purple|Air Slash|p1a: Mantine
|-damage|p1a: Mantine|73/100
|move|p1a: Mantine|Haze|p1a: Mantine
|-clearallboost
|
|-damage|p2a: Comrade Purple|63/100 brn|[from] brn
|upkeep
|turn|132
|
|move|p2a: Comrade Purple|Air Slash|p1a: Mantine
|-damage|p1a: Mantine|58/100
|cant|p1a: Mantine|flinch
|
|-damage|p2a: Comrade Purple|56/100 brn|[from] brn
|upkeep
|turn|133
|
|move|p2a: Comrade Purple|Taunt|p1a: Mantine
|-start|p1a: Mantine|move: Taunt
|cant|p1a: Mantine|move: Taunt|Roost
|
|-damage|p2a: Comrade Purple|50/100 brn|[from] brn
|upkeep
|turn|134
|
|move|p2a: Comrade Purple|Roost|p2a: Comrade Purple
|-heal|p2a: Comrade Purple|99/100 brn
|-singleturn|p2a: Comrade Purple|move: Roost
|move|p1a: Mantine|Air Slash|p2a: Comrade Purple
|-damage|p2a: Comrade Purple|78/100 brn
|
|-damage|p2a: Comrade Purple|71/100 brn|[from] brn
|upkeep
|turn|135
|
|switch|p1a: Umbreon|Umbreon, M|83/100
|-damage|p1a: Umbreon|71/100|[from] Stealth Rock
|move|p2a: Comrade Purple|Air Slash|p1a: Umbreon
|-damage|p1a: Umbreon|59/100
|
|-heal|p1a: Umbreon|65/100|[from] item: Leftovers
|-damage|p2a: Comrade Purple|65/100 brn|[from] brn
|upkeep
|turn|136
|c| ybnl|this girl want to do me do me
|
|switch|p2a: Rotom|Rotom-Mow|42/100
|move|p1a: Umbreon|Wish|p1a: Umbreon
|
|-heal|p1a: Umbreon|71/100|[from] item: Leftovers
|upkeep
|turn|137
|l| metagame genius
|c| Mygrein ㋡|Solonorrrrr say it to my face
|c| Mygrein ㋡|U WONT
|j| metagame genius
|
|move|p2a: Rotom|Thunderbolt|p1a: Umbreon
|-damage|p1a: Umbreon|50/100
|move|p1a: Umbreon|Foul Play|p2a: Rotom
|-damage|p2a: Rotom|18/100
|
|-heal|p1a: Umbreon|99/100|[from] move: Wish|[wisher] Umbreon
|-heal|p1a: Umbreon|100/100|[from] item: Leftovers
|upkeep
|turn|138
|c| Solonorrrrr|puss
|c| ybnl|ask your mummy
|
|move|p2a: Rotom|Trick|p1a: Umbreon
|-activate|p2a: Rotom|move: Trick|[of] p1a: Umbreon
|-enditem|p1a: Umbreon|Leftovers|[silent]|[from] move: Trick
|-item|p2a: Rotom|Leftovers|[from] move: Trick
|move|p1a: Umbreon|Foul Play|p2a: Rotom
|-damage|p2a: Rotom|0 fnt
|faint|p2a: Rotom
|
|upkeep
|c| Mygrein ㋡|yo its adrist
|c| ybnl|awon le awonle awonle mo bad gon
|
|switch|p2a: Comrade Purple|Noivern, M|65/100 brn
|turn|139
|c|☆bebo7788|yo
|c| Mygrein ㋡|why is bebo throwing
|c|☆bebo7788|remember when
|c|☆bebo7788|umbreon was dead
|c| yeezyknows|stfu mygrein
|c|☆bebo7788|what throw
|c| yeezyknows|ur ass bro
|c|☆bebo7788|it literally didnt matter
|c| ybnl|^
|c| Mygrein ㋡|idk im saying words
|c| yeezyknows|bebos 50x better than u
|c| ybnl|listen to yeezy
|c| Mygrein ㋡|yeezyknows wtf
|c|☆bebo7788|it literally changed nothing
|c| Solonorrrrr|yo chill out bro
|c| Mygrein ㋡|im memeing
|c| ybnl|Mygrein stfu
|c|☆bebo7788|had i tricked
|inactive|bebo7788 has 120 seconds left.
|c| ybnl|enrique
|c|☆bebo7788|1 turn before
|
|move|p1a: Umbreon|Protect|p1a: Umbreon
|-singleturn|p1a: Umbreon|Protect
|move|p2a: Comrade Purple|Taunt|p1a: Umbreon
|-activate|p1a: Umbreon|move: Protect
|
|-damage|p2a: Comrade Purple|59/100 brn|[from] brn
|upkeep
|turn|140
|c|☆bebo7788|gg
|inactive|bebo7788 has 120 seconds left.
|-message|bebo7788 forfeited.
|
|win|Adrift and Alone
|c| yeezyknows|dont ff
|raw|Adrift and Alone's rating: 1637 &rarr; <strong>1665</strong><br />(+28 for winning)
|raw|bebo7788's rating: 1771 &rarr; <strong>1744</strong><br />(-27 for losing)
|c| yeezyknows|nooooo
|c|☆bebo7788|its fine
|c| yeezyknows|dam
|c|☆bebo7788|idc
|l| metagame genius
|c|☆bebo7788|ill get em back
|c| Mygrein ㋡|wtf
|c| yeezyknows|swag
|c|☆Adrift and Alone|imagine complaining because you couldnt hit 2 focus blast through para
|c| ybnl|swag
|j| metagame genius
|c| yeezyknows|jah couldve done it
|l| metagame genius
|c| yeezyknows|but w/e
|c| Solonorrrrr|na u wished there tho
|l| Mygrein ㋡
|c| Solonorrrrr|which makes it complainable
|c|☆Adrift and Alone|trash
|l|☆Adrift and Alone
|c|☆bebo7788|oh
|l| yeezyknows
|c| ybnl|lol
|j| yeezyknows
|l| frosty cup
|l| Solonorrrrr
|l| yeezyknows
|c| ybnl|luck>skill
|c| ybnl|in pokemon
|c| ybnl|dont forget guys
|l| ybnl
|l| Luna Rox
|j| Solonorrrrr
|j| CATCH A FADE
|j| yeezyknows
|l| icefacez
|l| yeezyknows
|l| Solonorrrrr
|l| DYWY❀
|l| feelstoads
|j| yeezyknows
|j| ybnl
|l| yeezyknows
|l| ybnl
|j|☆Adrift and Alone
|player|p1|Adrift and Alone|ethan-gen2
