|j|☆Adrift and Alone
|j|☆Everybo-D
|player|p1|Adrift and Alone|ethan-gen2|1696
|player|p2|Everybo-D|266|1627
|teamsize|p1|6
|teamsize|p2|6
|gametype|singles
|gen|8
|tier|[Gen 8] UU
|rated|
|clearpoke
|poke|p1|Torkoal, F|
|poke|p1|Roserade, F|
|poke|p1|Jellicent, M|
|poke|p1|Flygon, M|
|poke|p1|Bronzong|
|poke|p1|Obstagoon, M|
|poke|p2|Crustle, M|
|poke|p2|Chandelure, M|
|poke|p2|Weavile, F|
|poke|p2|Braviary, M|
|poke|p2|Klinklang|
|poke|p2|Whimsicott, M|
|rule|Sleep Clause Mod: Limit one foe put to sleep
|rule|Species Clause: Limit one of each Pokémon
|rule|OHKO Clause: OHKO moves are banned
|rule|Evasion Moves Clause: Evasion moves are banned
|rule|Endless Battle Clause: Forcing endless battles is banned
|rule|HP Percentage Mod: HP is shown in percentages
|rule|Dynamax Clause: You cannot dynamax
|teampreview
|inactive|Battle timer is ON: inactive players will automatically lose when time's up. (requested by Everybo-D)
|j| kickassin666
|
|start
|switch|p1a: Jellicent|Jellicent, M|100/100
|switch|p2a: Crustle|Crustle, M|100/100
|turn|1
|l| kickassin666
|
|move|p2a: Crustle|Stealth Rock|p1a: Jellicent
|-sidestart|p1: Adrift and Alone|move: Stealth Rock
|move|p1a: Jellicent|Will-O-Wisp|p2a: Crustle
|-status|p2a: Crustle|brn
|
|-damage|p2a: Crustle|95/100 brn|[from] brn
|upkeep
|turn|2
|j| Les Belles Salopes
|
|move|p2a: Crustle|Spikes|p1a: Jellicent
|-sidestart|p1: Adrift and Alone|Spikes
|move|p1a: Jellicent|Hex|p2a: Crustle
|-damage|p2a: Crustle|35/100 brn
|-enditem|p2a: Crustle|Sitrus Berry|[eat]
|-heal|p2a: Crustle|60/100 brn|[from] item: Sitrus Berry
|
|-damage|p2a: Crustle|54/100 brn|[from] brn
|upkeep
|turn|3
|
|move|p2a: Crustle|Rock Blast|p1a: Jellicent
|-damage|p1a: Jellicent|95/100
|-damage|p1a: Jellicent|90/100
|-damage|p1a: Jellicent|85/100
|-hitcount|p1a: Jellicent|3
|move|p1a: Jellicent|Hex|p2a: Crustle
|-damage|p2a: Crustle|0 fnt
|faint|p2a: Crustle
|
|-heal|p1a: Jellicent|91/100|[from] item: Leftovers
|upkeep
|
|switch|p2a: Whimsicott|Whimsicott, M|100/100
|turn|4
|
|switch|p1a: Bronzong|Bronzong|100/100
|-damage|p1a: Bronzong|94/100|[from] Stealth Rock
|move|p2a: Whimsicott|Energy Ball|p1a: Bronzong
|-resisted|p1a: Bronzong
|-damage|p1a: Bronzong|82/100
|-damage|p2a: Whimsicott|91/100|[from] item: Life Orb
|
|-heal|p1a: Bronzong|88/100|[from] item: Leftovers
|upkeep
|turn|5
|
|switch|p2a: Chandelure|Chandelure, M|100/100
|move|p1a: Bronzong|Stealth Rock|p2a: Chandelure
|-sidestart|p2: Everybo-D|move: Stealth Rock
|
|-heal|p1a: Bronzong|94/100|[from] item: Leftovers
|upkeep
|turn|6
|inactive|Adrift and Alone has 120 seconds left.
|
|switch|p1a: Flygon|Flygon, M|100/100
|-damage|p1a: Flygon|95/100|[from] Stealth Rock
|move|p2a: Chandelure|Calm Mind|p2a: Chandelure
|-boost|p2a: Chandelure|spa|1
|-boost|p2a: Chandelure|spd|1
|
|upkeep
|turn|7
|
|switch|p2a: Braviary|Braviary, M|100/100
|-damage|p2a: Braviary|76/100|[from] Stealth Rock
|move|p1a: Flygon|Earthquake|p2a: Braviary
|-immune|p2a: Braviary
|
|upkeep
|turn|8
|
|switch|p1a: Bronzong|Bronzong|94/100
|-damage|p1a: Bronzong|88/100|[from] Stealth Rock
|move|p2a: Braviary|U-turn|p1a: Bronzong
|-damage|p1a: Bronzong|66/100
|
|switch|p2a: Chandelure|Chandelure, M|100/100|[from]move: U-turn
|
|-heal|p1a: Bronzong|72/100|[from] item: Leftovers
|upkeep
|turn|9
|
|switch|p1a: Obstagoon|Obstagoon, M|100/100
|-damage|p1a: Obstagoon|88/100|[from] Spikes
|-damage|p1a: Obstagoon|76/100|[from] Stealth Rock
|move|p2a: Chandelure|Flamethrower|p1a: Obstagoon
|-damage|p1a: Obstagoon|11/100
|
|-status|p1a: Obstagoon|brn|[from] item: Flame Orb
|upkeep
|turn|10
|
|move|p1a: Obstagoon|Facade|p2a: Chandelure
|-immune|p2a: Chandelure
|move|p2a: Chandelure|Flamethrower|p1a: Obstagoon
|-damage|p1a: Obstagoon|0 fnt
|faint|p1a: Obstagoon
|
|upkeep
|
|switch|p1a: Flygon|Flygon, M|95/100
|-damage|p1a: Flygon|89/100|[from] Stealth Rock
|turn|11
|
|switch|p2a: Braviary|Braviary, M|76/100
|-damage|p2a: Braviary|51/100|[from] Stealth Rock
|move|p1a: Flygon|Earthquake|p2a: Braviary
|-immune|p2a: Braviary
|
|upkeep
|turn|12
|
|move|p1a: Flygon|Earthquake|p2a: Braviary
|-immune|p2a: Braviary
|move|p2a: Braviary|U-turn|p1a: Flygon
|-damage|p1a: Flygon|50/100
|inactive|Everybo-D has 120 seconds left.
|
|switch|p2a: Weavile|Weavile, F|100/100|[from]move: U-turn
|-ability|p2a: Weavile|Pressure
|
|upkeep
|turn|13
|
|switch|p1a: Torkoal|Torkoal, F|100/100
|-weather|SunnyDay|[from] ability: Drought|[of] p1a: Torkoal
|move|p2a: Weavile|Throat Chop|p1a: Torkoal
|-damage|p1a: Torkoal|77/100
|-start|p1a: Torkoal|Throat Chop|[silent]
|
|-weather|SunnyDay|[upkeep]
|upkeep
|turn|14
|inactive|Everybo-D has 120 seconds left.
|
|switch|p2a: Chandelure|Chandelure, M|100/100
|move|p1a: Torkoal|Yawn|p2a: Chandelure
|-start|p2a: Chandelure|move: Yawn|[of] p1a: Torkoal
|
|-weather|SunnyDay|[upkeep]
|-end|p1a: Torkoal|Throat Chop|[silent]
|upkeep
|turn|15
|inactive|Everybo-D has 120 seconds left.
|
|move|p2a: Chandelure|Shadow Ball|p1a: Torkoal
|-damage|p1a: Torkoal|25/100
|move|p1a: Torkoal|Rapid Spin|p2a: Chandelure
|-immune|p2a: Chandelure
|
|-weather|SunnyDay|[upkeep]
|-end|p2a: Chandelure|move: Yawn|[silent]
|-status|p2a: Chandelure|slp
|upkeep
|turn|16
|
|switch|p1a: Roserade|Roserade, F|100/100
|-damage|p1a: Roserade|88/100|[from] Stealth Rock
|-damage|p1a: Roserade|76/100|[from] Spikes
|cant|p2a: Chandelure|slp
|
|-weather|SunnyDay|[upkeep]
|upkeep
|turn|17
|
|switch|p2a: Braviary|Braviary, M|51/100
|-damage|p2a: Braviary|26/100|[from] Stealth Rock
|move|p1a: Roserade|Giga Drain|p2a: Braviary
|-resisted|p2a: Braviary
|-damage|p2a: Braviary|0 fnt
|-heal|p1a: Roserade|93/100|[from] drain|[of] p2a: Braviary
|-damage|p1a: Roserade|83/100|[from] item: Life Orb
|faint|p2a: Braviary
|
|-weather|none
|upkeep
|inactive|Everybo-D has 120 seconds left.
|
|switch|p2a: Klinklang|Klinklang|100/100
|-damage|p2a: Klinklang|94/100|[from] Stealth Rock
|turn|18
|
|switch|p1a: Bronzong|Bronzong|72/100
|-damage|p1a: Bronzong|66/100|[from] Stealth Rock
|move|p2a: Klinklang|Shift Gear|p2a: Klinklang
|-boost|p2a: Klinklang|spe|2
|-boost|p2a: Klinklang|atk|1
|
|-heal|p1a: Bronzong|72/100|[from] item: Leftovers
|upkeep
|turn|19
|
|move|p2a: Klinklang|Assurance|p1a: Bronzong
|-supereffective|p1a: Bronzong
|-damage|p1a: Bronzong|23/100
|move|p1a: Bronzong|Gyro Ball|p2a: Klinklang
|-resisted|p2a: Klinklang
|-damage|p2a: Klinklang|67/100
|
|-heal|p1a: Bronzong|29/100|[from] item: Leftovers
|upkeep
|turn|20
|
|move|p2a: Klinklang|Assurance|p1a: Bronzong
|-supereffective|p1a: Bronzong
|-damage|p1a: Bronzong|0 fnt
|faint|p1a: Bronzong
|
|upkeep
|
|switch|p1a: Jellicent|Jellicent, M|91/100
|-damage|p1a: Jellicent|79/100|[from] Spikes
|-damage|p1a: Jellicent|66/100|[from] Stealth Rock
|turn|21
|
|move|p2a: Klinklang|Wild Charge|p1a: Jellicent
|-supereffective|p1a: Jellicent
|-damage|p1a: Jellicent|0 fnt
|-damage|p2a: Klinklang|43/100|[from] Recoil
|faint|p1a: Jellicent
|
|upkeep
|c|☆Everybo-D|gg
|
|switch|p1a: Torkoal|Torkoal, F|25/100
|-weather|SunnyDay|[from] ability: Drought|[of] p1a: Torkoal
|turn|22
|c|☆Adrift and Alone|sacking chandy vs goon was such a poor play
|-message|Adrift and Alone forfeited.
|
|win|Everybo-D
|l|☆Adrift and Alone
|l| Les Belles Salopes
|raw|Adrift and Alone's rating: 1703 &rarr; <strong>1679</strong><br />(-24 for losing)
|raw|Everybo-D's rating: 1641 &rarr; <strong>1664</strong><br />(+23 for winning)
