|j|☆GryphonEx
|j|☆Ray-1055
|t:|1668027452
|gametype|singles
|player|p1|GryphonEx|gardenia|1503
|player|p2|Ray-1055|169|1406
|teamsize|p1|6
|teamsize|p2|6
|gen|8
|tier|[Gen 8] UU
|rated|
|rule|Sleep Clause Mod: Limit one foe put to sleep
|rule|Species Clause: Limit one of each Pokémon
|rule|OHKO Clause: OHKO moves are banned
|rule|Evasion Items Clause: Evasion items are banned
|rule|Evasion Moves Clause: Evasion moves are banned
|rule|Endless Battle Clause: Forcing endless battles is banned
|rule|HP Percentage Mod: HP is shown in percentages
|rule|Dynamax Clause: You cannot dynamax
|clearpoke
|poke|p1|Hydreigon, F|
|poke|p1|Crawdaunt, M|
|poke|p1|Keldeo-Resolute|
|poke|p1|Salamence, F|
|poke|p1|Chansey, F|
|poke|p1|Corsola-Galar, F|
|poke|p2|Shuckle, F|
|poke|p2|Regidrago|
|poke|p2|Haxorus, F|
|poke|p2|Zygarde-10%|
|poke|p2|Salamence, M|
|poke|p2|Tentacruel, M|
|teampreview
|
|t:|1668027459
|start
|switch|p1a: Ragna Blade|Keldeo-Resolute|100/100
|switch|p2a: Shuckle|Shuckle, F|100/100
|turn|1
|
|t:|1668027466
|move|p1a: Ragna Blade|Taunt|p2a: Shuckle
|-start|p2a: Shuckle|move: Taunt
|-enditem|p2a: Shuckle|Mental Herb
|-end|p2a: Shuckle|move: Taunt
|move|p2a: Shuckle|Stealth Rock|p1a: Ragna Blade
|-sidestart|p1: GryphonEx|move: Stealth Rock
|
|upkeep
|turn|2
|
|t:|1668027469
|move|p1a: Ragna Blade|Flip Turn|p2a: Shuckle
|-supereffective|p2a: Shuckle
|-damage|p2a: Shuckle|81/100
|
|t:|1668027470
|switch|p1a: If you switch conk|Corsola-Galar, F|100/100|[from]move: Flip Turn
|-damage|p1a: If you switch conk|88/100|[from] Stealth Rock
|move|p2a: Shuckle|Final Gambit|p1a: If you switch conk
|-immune|p1a: If you switch conk
|
|upkeep
|turn|3
|c|☆GryphonEx|Huh
|
|t:|1668027477
|move|p1a: If you switch conk|Stealth Rock|p2a: Shuckle
|-sidestart|p2: Ray-1055|move: Stealth Rock
|move|p2a: Shuckle|Sticky Web|p1a: If you switch conk
|-sidestart|p1: GryphonEx|move: Sticky Web
|
|upkeep
|turn|4
|
|t:|1668027482
|switch|p2a: Tentacruel|Tentacruel, M|100/100
|-damage|p2a: Tentacruel|88/100|[from] Stealth Rock
|move|p1a: If you switch conk|Will-O-Wisp|p2a: Tentacruel
|-status|p2a: Tentacruel|brn
|
|-heal|p2a: Tentacruel|94/100 brn|[from] item: Black Sludge
|-damage|p2a: Tentacruel|88/100 brn|[from] brn
|upkeep
|turn|5
|
|t:|1668027489
|switch|p1a: r|Salamence, F|100/100
|-ability|p1a: r|Intimidate|boost
|-unboost|p2a: Tentacruel|atk|1
|move|p2a: Tentacruel|Sludge Bomb|p1a: r
|-damage|p1a: r|75/100
|-status|p1a: r|psn
|
|-heal|p2a: Tentacruel|94/100 brn|[from] item: Black Sludge
|-damage|p1a: r|63/100 psn|[from] psn
|-damage|p2a: Tentacruel|88/100 brn|[from] brn
|upkeep
|turn|6
|
|t:|1668027494
|switch|p2a: Shuckle|Shuckle, F|81/100
|-damage|p2a: Shuckle|56/100|[from] Stealth Rock
|move|p1a: r|Defog|p2a: Shuckle
|-unboost|p2a: Shuckle|evasion|1
|-sideend|p2: Ray-1055|Stealth Rock|[from] move: Defog|[of] p1a: r
|-sideend|p1: GryphonEx|Stealth Rock|[from] move: Defog|[of] p1a: r
|-sideend|p1: GryphonEx|Sticky Web|[from] move: Defog|[of] p1a: r
|
|-damage|p1a: r|50/100 psn|[from] psn
|upkeep
|turn|7
|
|t:|1668027498
|move|p1a: r|Toxic|p2a: Shuckle
|-status|p2a: Shuckle|tox
|move|p2a: Shuckle|Stealth Rock|p1a: r
|-sidestart|p1: GryphonEx|move: Stealth Rock
|
|-damage|p1a: r|38/100 psn|[from] psn
|-damage|p2a: Shuckle|50/100 tox|[from] psn
|upkeep
|turn|8
|
|t:|1668027502
|move|p1a: r|Defog|p2a: Shuckle
|-unboost|p2a: Shuckle|evasion|1
|-sideend|p1: GryphonEx|Stealth Rock|[from] move: Defog|[of] p1a: r
|move|p2a: Shuckle|Stealth Rock|p1a: r
|-sidestart|p1: GryphonEx|move: Stealth Rock
|
|-damage|p1a: r|26/100 psn|[from] psn
|-damage|p2a: Shuckle|38/100 tox|[from] psn
|upkeep
|turn|9
|
|t:|1668027511
|move|p1a: r|Defog|p2a: Shuckle
|-unboost|p2a: Shuckle|evasion|1
|-sideend|p1: GryphonEx|Stealth Rock|[from] move: Defog|[of] p1a: r
|move|p2a: Shuckle|Stealth Rock|p1a: r
|-sidestart|p1: GryphonEx|move: Stealth Rock
|
|-damage|p1a: r|13/100 psn|[from] psn
|-damage|p2a: Shuckle|19/100 tox|[from] psn
|upkeep
|turn|10
|
|t:|1668027521
|move|p1a: r|Defog|p2a: Shuckle
|-unboost|p2a: Shuckle|evasion|1
|-sideend|p1: GryphonEx|Stealth Rock|[from] move: Defog|[of] p1a: r
|move|p2a: Shuckle|Stealth Rock|p1a: r
|-sidestart|p1: GryphonEx|move: Stealth Rock
|
|-damage|p1a: r|1/100 psn|[from] psn
|-damage|p2a: Shuckle|0 fnt|[from] psn
|faint|p2a: Shuckle
|upkeep
|
|t:|1668027542
|switch|p2a: Zygarde|Zygarde-10%|100/100
|-ability|p2a: Zygarde|Aura Break
|turn|11
|
|t:|1668027547
|move|p2a: Zygarde|Thousand Arrows|p1a: r
|-damage|p1a: r|0 fnt
|faint|p1a: r
|
|upkeep
|
|t:|1668027550
|switch|p1a: If you switch conk|Corsola-Galar, F|88/100
|-damage|p1a: If you switch conk|76/100|[from] Stealth Rock
|turn|12
|
|t:|1668027554
|switch|p2a: Tentacruel|Tentacruel, M|88/100 brn
|move|p1a: If you switch conk|Stealth Rock|p2a: Tentacruel
|-sidestart|p2: Ray-1055|move: Stealth Rock
|
|-heal|p2a: Tentacruel|94/100 brn|[from] item: Black Sludge
|-damage|p2a: Tentacruel|88/100 brn|[from] brn
|upkeep
|turn|13
|
|t:|1668027560
|switch|p1a: Corsola-Kanye|Chansey, F|100/100
|-damage|p1a: Corsola-Kanye|88/100|[from] Stealth Rock
|move|p2a: Tentacruel|Knock Off|p1a: Corsola-Kanye
|-damage|p1a: Corsola-Kanye|83/100
|-enditem|p1a: Corsola-Kanye|Eviolite|[from] move: Knock Off|[of] p2a: Tentacruel
|
|-heal|p2a: Tentacruel|94/100 brn|[from] item: Black Sludge
|-damage|p2a: Tentacruel|88/100 brn|[from] brn
|upkeep
|turn|14
|
|t:|1668027564
|move|p2a: Tentacruel|Rapid Spin|p1a: Corsola-Kanye
|-damage|p1a: Corsola-Kanye|79/100
|-boost|p2a: Tentacruel|spe|1
|-sideend|p2: Ray-1055|Stealth Rock|[from] move: Rapid Spin|[of] p2a: Tentacruel
|move|p1a: Corsola-Kanye|Teleport|p1a: Corsola-Kanye
|inactive|Battle timer is ON: inactive players will automatically lose when time's up. (requested by Ray-1055)
|
|t:|1668027579
|switch|p1a: Diggs W|Crawdaunt, M|100/100|[from]move: Teleport
|-damage|p1a: Diggs W|88/100|[from] Stealth Rock
|
|-heal|p2a: Tentacruel|94/100 brn|[from] item: Black Sludge
|-damage|p2a: Tentacruel|88/100 brn|[from] brn
|upkeep
|turn|15
|
|t:|1668027589
|switch|p2a: Zygarde|Zygarde-10%|100/100
|-ability|p2a: Zygarde|Aura Break
|move|p1a: Diggs W|Knock Off|p2a: Zygarde
|-damage|p2a: Zygarde|0 fnt
|-enditem|p2a: Zygarde|Choice Band|[from] move: Knock Off|[of] p1a: Diggs W
|faint|p2a: Zygarde
|
|upkeep
|
|t:|1668027593
|switch|p2a: Regidrago|Regidrago|100/100
|turn|16
|
|t:|1668027603
|move|p2a: Regidrago|Outrage|p1a: Diggs W
|-damage|p1a: Diggs W|0 fnt
|faint|p1a: Diggs W
|-damage|p2a: Regidrago|91/100|[from] item: Life Orb
|
|upkeep
|
|t:|1668027606
|switch|p1a: If you switch conk|Corsola-Galar, F|76/100
|-damage|p1a: If you switch conk|63/100|[from] Stealth Rock
|turn|17
|
|t:|1668027607
|move|p2a: Regidrago|Outrage|p1a: If you switch conk|[from]lockedmove
|-damage|p1a: If you switch conk|2/100
|-start|p2a: Regidrago|Disable|Outrage|[from] ability: Cursed Body|[of] p1a: If you switch conk
|-damage|p2a: Regidrago|81/100|[from] item: Life Orb
|move|p1a: If you switch conk|Strength Sap|p2a: Regidrago
|-unboost|p2a: Regidrago|atk|1
|-heal|p1a: If you switch conk|100/100
|
|upkeep
|turn|18
|
|t:|1668027616
|switch|p1a: Ragna Blade|Keldeo-Resolute|100/100
|-damage|p1a: Ragna Blade|94/100|[from] Stealth Rock
|cant|p2a: Regidrago|Disable|Outrage
|
|-heal|p1a: Ragna Blade|100/100|[from] item: Leftovers
|-start|p2a: Regidrago|confusion|[fatigue]
|upkeep
|turn|19
|
|t:|1668027633
|switch|p2a: Tentacruel|Tentacruel, M|88/100 brn
|move|p1a: Ragna Blade|Scald|p2a: Tentacruel
|-resisted|p2a: Tentacruel
|-damage|p2a: Tentacruel|71/100 brn
|
|-heal|p2a: Tentacruel|77/100 brn|[from] item: Black Sludge
|-damage|p2a: Tentacruel|71/100 brn|[from] brn
|upkeep
|turn|20
|
|t:|1668027636
|move|p1a: Ragna Blade|Secret Sword|p2a: Tentacruel
|-resisted|p2a: Tentacruel
|-damage|p2a: Tentacruel|49/100 brn
|move|p2a: Tentacruel|Sludge Bomb|p1a: Ragna Blade
|-damage|p1a: Ragna Blade|73/100
|
|-heal|p1a: Ragna Blade|79/100|[from] item: Leftovers
|-heal|p2a: Tentacruel|55/100 brn|[from] item: Black Sludge
|-damage|p2a: Tentacruel|49/100 brn|[from] brn
|upkeep
|turn|21
|
|t:|1668027644
|move|p1a: Ragna Blade|Secret Sword|p2a: Tentacruel
|-resisted|p2a: Tentacruel
|-damage|p2a: Tentacruel|25/100 brn
|move|p2a: Tentacruel|Sludge Bomb|p1a: Ragna Blade
|-damage|p1a: Ragna Blade|47/100
|
|-heal|p1a: Ragna Blade|53/100|[from] item: Leftovers
|-heal|p2a: Tentacruel|32/100 brn|[from] item: Black Sludge
|-damage|p2a: Tentacruel|25/100 brn|[from] brn
|upkeep
|turn|22
|
|t:|1668027650
|move|p1a: Ragna Blade|Secret Sword|p2a: Tentacruel
|-resisted|p2a: Tentacruel
|-damage|p2a: Tentacruel|0 fnt
|faint|p2a: Tentacruel
|
|-heal|p1a: Ragna Blade|60/100|[from] item: Leftovers
|upkeep
|
|t:|1668027653
|switch|p2a: Regidrago|Regidrago|81/100
|turn|23
|
|t:|1668027670
|move|p1a: Ragna Blade|Secret Sword|p2a: Regidrago
|-damage|p2a: Regidrago|31/100
|move|p2a: Regidrago|Dragon Dance|p2a: Regidrago
|-boost|p2a: Regidrago|atk|1
|-boost|p2a: Regidrago|spe|1
|
|-heal|p1a: Ragna Blade|66/100|[from] item: Leftovers
|upkeep
|turn|24
|
|t:|1668027676
|move|p2a: Regidrago|Outrage|p1a: Ragna Blade
|-damage|p1a: Ragna Blade|0 fnt
|faint|p1a: Ragna Blade
|-damage|p2a: Regidrago|21/100|[from] item: Life Orb
|
|upkeep
|
|t:|1668027678
|switch|p1a: If you switch conk|Corsola-Galar, F|100/100
|-damage|p1a: If you switch conk|88/100|[from] Stealth Rock
|turn|25
|
|t:|1668027680
|move|p2a: Regidrago|Outrage|p1a: If you switch conk|[from]lockedmove
|-damage|p1a: If you switch conk|1/100
|-damage|p2a: Regidrago|11/100|[from] item: Life Orb
|-start|p2a: Regidrago|confusion|[fatigue]
|move|p1a: If you switch conk|Strength Sap|p2a: Regidrago
|-unboost|p2a: Regidrago|atk|1
|-heal|p1a: If you switch conk|100/100
|
|upkeep
|turn|26
|
|t:|1668027702
|-activate|p2a: Regidrago|confusion
|-damage|p2a: Regidrago|0 fnt|[from] confusion
|faint|p2a: Regidrago
|move|p1a: If you switch conk|Will-O-Wisp|p2: Regidrago|[notarget]
|-fail|p1a: If you switch conk
|
|upkeep
|
|t:|1668027705
|switch|p2a: Haxorus|Haxorus, F|100/100
|-ability|p2a: Haxorus|Mold Breaker
|turn|27
|
|t:|1668027709
|move|p2a: Haxorus|Swords Dance|p2a: Haxorus
|-boost|p2a: Haxorus|atk|2
|move|p1a: If you switch conk|Will-O-Wisp|p2a: Haxorus|[miss]
|-miss|p1a: If you switch conk|p2a: Haxorus
|
|upkeep
|turn|28
|
|t:|1668027713
|move|p2a: Haxorus|Scale Shot|p1a: If you switch conk
|-damage|p1a: If you switch conk|80/100
|-damage|p1a: If you switch conk|60/100
|-hitcount|p1a: If you switch conk|2
|-unboost|p2a: Haxorus|def|1
|-boost|p2a: Haxorus|spe|1
|-damage|p2a: Haxorus|91/100|[from] item: Life Orb
|move|p1a: If you switch conk|Strength Sap|p2a: Haxorus
|-unboost|p2a: Haxorus|atk|1
|-heal|p1a: If you switch conk|100/100
|
|upkeep
|turn|29
|
|t:|1668027718
|move|p2a: Haxorus|Swords Dance|p2a: Haxorus
|-boost|p2a: Haxorus|atk|2
|move|p1a: If you switch conk|Will-O-Wisp|p2a: Haxorus
|-status|p2a: Haxorus|brn
|
|-damage|p2a: Haxorus|84/100 brn|[from] brn
|upkeep
|turn|30
|
|t:|1668027720
|move|p2a: Haxorus|Swords Dance|p2a: Haxorus
|-boost|p2a: Haxorus|atk|2
|move|p1a: If you switch conk|Strength Sap|p2a: Haxorus
|-unboost|p2a: Haxorus|atk|1
|
|-damage|p2a: Haxorus|78/100 brn|[from] brn
|upkeep
|turn|31
|
|t:|1668027732
|move|p2a: Haxorus|Swords Dance|p2a: Haxorus
|-boost|p2a: Haxorus|atk|2
|move|p1a: If you switch conk|Strength Sap|p2a: Haxorus
|-unboost|p2a: Haxorus|atk|1
|
|-damage|p2a: Haxorus|72/100 brn|[from] brn
|upkeep
|turn|32
|
|t:|1668027738
|move|p2a: Haxorus|Scale Shot|p1a: If you switch conk
|-damage|p1a: If you switch conk|85/100
|-damage|p1a: If you switch conk|67/100
|-start|p2a: Haxorus|Disable|Scale Shot|[from] ability: Cursed Body|[of] p1a: If you switch conk
|-damage|p1a: If you switch conk|51/100
|-hitcount|p1a: If you switch conk|3
|-unboost|p2a: Haxorus|def|1
|-boost|p2a: Haxorus|spe|1
|-damage|p2a: Haxorus|62/100 brn|[from] item: Life Orb
|move|p1a: If you switch conk|Strength Sap|p2a: Haxorus
|-unboost|p2a: Haxorus|atk|1
|-heal|p1a: If you switch conk|100/100
|
|-damage|p2a: Haxorus|56/100 brn|[from] brn
|upkeep
|turn|33
|
|t:|1668027744
|move|p2a: Haxorus|Swords Dance|p2a: Haxorus
|-boost|p2a: Haxorus|atk|2
|move|p1a: If you switch conk|Night Shade|p2a: Haxorus
|-damage|p2a: Haxorus|22/100 brn
|
|-damage|p2a: Haxorus|16/100 brn|[from] brn
|upkeep
|turn|34
|
|t:|1668027747
|move|p2a: Haxorus|Poison Jab|p1a: If you switch conk
|-resisted|p1a: If you switch conk
|-damage|p1a: If you switch conk|80/100
|-status|p1a: If you switch conk|psn
|-damage|p2a: Haxorus|6/100 brn|[from] item: Life Orb
|move|p1a: If you switch conk|Strength Sap|p2a: Haxorus
|-unboost|p2a: Haxorus|atk|1
|-heal|p1a: If you switch conk|100/100 psn
|
|-damage|p1a: If you switch conk|88/100 psn|[from] psn
|-damage|p2a: Haxorus|0 fnt|[from] brn
|faint|p2a: Haxorus
|upkeep
|
|t:|1668027751
|switch|p2a: Salamence|Salamence, M|100/100
|turn|35
|
|t:|1668027757
|move|p2a: Salamence|Outrage|p1a: If you switch conk
|-damage|p1a: If you switch conk|54/100 psn
|-start|p2a: Salamence|Disable|Outrage|[from] ability: Cursed Body|[of] p1a: If you switch conk
|move|p1a: If you switch conk|Will-O-Wisp|p2a: Salamence
|-status|p2a: Salamence|brn
|
|-damage|p1a: If you switch conk|41/100 psn|[from] psn
|-damage|p2a: Salamence|94/100 brn|[from] brn
|upkeep
|turn|36
|
|t:|1668027761
|cant|p2a: Salamence|Disable|Outrage
|move|p1a: If you switch conk|Strength Sap|p2a: Salamence
|-unboost|p2a: Salamence|atk|1
|-heal|p1a: If you switch conk|100/100 psn
|
|-damage|p1a: If you switch conk|88/100 psn|[from] psn
|-damage|p2a: Salamence|88/100 brn|[from] brn
|upkeep
|turn|37
|-message|Ray-1055 forfeited.
|
|win|GryphonEx
|raw|GryphonEx's rating: 1503 &rarr; <strong>1518</strong><br />(+15 for winning)
|raw|Ray-1055's rating: 1406 &rarr; <strong>1391</strong><br />(-15 for losing)
|l|☆Ray-1055
|l|☆GryphonEx
||Ladder isn't responding, score probably updated but might not have (Request timeout).
|j|☆GryphonEx
|player|p1|GryphonEx|gardenia
