|j|☆steven 2222
|j|☆uult1 anish
|player|p1|steven 2222|12|1329
|player|p2|uult1 anish|ash|1561
|teamsize|p1|6
|teamsize|p2|6
|gametype|singles
|gen|8
|tier|[Gen 8] UU
|rated|
|clearpoke
|poke|p1|Cobalion|
|poke|p1|Weezing-Galar, M|
|poke|p1|Reuniclus, M|
|poke|p1|Rotom-Wash|
|poke|p1|Incineroar, M|
|poke|p1|Gardevoir, F|
|poke|p2|Roserade, F|
|poke|p2|Milotic, F|
|poke|p2|Incineroar, M|
|poke|p2|Stunfisk-Galar, M|
|poke|p2|Noivern, F|
|poke|p2|Sylveon, M|
|rule|Sleep Clause Mod: Limit one foe put to sleep
|rule|Species Clause: Limit one of each Pokémon
|rule|OHKO Clause: OHKO moves are banned
|rule|Evasion Moves Clause: Evasion moves are banned
|rule|Endless Battle Clause: Forcing endless battles is banned
|rule|HP Percentage Mod: HP is shown in percentages
|rule|Dynamax Clause: You cannot dynamax
|teampreview
|
|start
|switch|p1a: Rotom|Rotom-Wash|100/100
|switch|p2a: snekky snek|Milotic, F|100/100
|turn|1
|
|move|p1a: Rotom|Discharge|p2a: snekky snek
|-supereffective|p2a: snekky snek
|-damage|p2a: snekky snek|59/100
|-status|p2a: snekky snek|par
|cant|p2a: snekky snek|par
|
|-heal|p2a: snekky snek|65/100 par|[from] item: Leftovers
|upkeep
|turn|2
|
|switch|p2a: flower power|Roserade, F|100/100
|move|p1a: Rotom|Nasty Plot|p1a: Rotom
|-boost|p1a: Rotom|spa|2
|
|upkeep
|turn|3
|
|switch|p1a: Reuniclus|Reuniclus, M|100/100
|move|p2a: flower power|Spikes|p1a: Reuniclus
|-sidestart|p1: steven 2222|Spikes
|
|upkeep
|turn|4
|
|switch|p2a: snekky snek|Milotic, F|65/100 par
|move|p1a: Reuniclus|Focus Blast|p2a: snekky snek|[miss]
|-miss|p1a: Reuniclus|p2a: snekky snek
|
|-heal|p2a: snekky snek|71/100 par|[from] item: Leftovers
|upkeep
|turn|5
|
|move|p2a: snekky snek|Toxic|p1a: Reuniclus
|-status|p1a: Reuniclus|tox
|move|p1a: Reuniclus|Future Sight|p2a: snekky snek
|-start|p1a: Reuniclus|move: Future Sight
|
|-heal|p2a: snekky snek|78/100 par|[from] item: Leftovers
|-damage|p1a: Reuniclus|94/100 tox|[from] psn
|upkeep
|turn|6
|
|move|p2a: snekky snek|Toxic|p1a: Reuniclus
|-fail|p1a: Reuniclus|tox
|move|p1a: Reuniclus|Psychic|p2a: snekky snek
|-damage|p2a: snekky snek|44/100 par
|
|-heal|p2a: snekky snek|50/100 par|[from] item: Leftovers
|-damage|p1a: Reuniclus|82/100 tox|[from] psn
|upkeep
|turn|7
|
|switch|p1a: Incineroar|Incineroar, M|100/100
|-ability|p1a: Incineroar|Intimidate|boost
|-unboost|p2a: snekky snek|atk|1
|cant|p2a: snekky snek|par
|
|-end|p2a: snekky snek|move: Future Sight
|-damage|p2a: snekky snek|6/100 par
|-heal|p2a: snekky snek|12/100 par|[from] item: Leftovers
|upkeep
|turn|8
|c|☆uult1 anish|man
|
|switch|p2a: scratchy matchy|Incineroar, M|100/100
|-ability|p2a: scratchy matchy|Intimidate|boost
|-unboost|p1a: Incineroar|atk|1
|move|p1a: Incineroar|Knock Off|p2a: scratchy matchy
|-resisted|p2a: scratchy matchy
|-damage|p2a: scratchy matchy|90/100
|-enditem|p2a: scratchy matchy|Heavy-Duty Boots|[from] move: Knock Off|[of] p1a: Incineroar
|
|upkeep
|turn|9
|
|move|p2a: scratchy matchy|Flare Blitz|p1a: Incineroar
|-resisted|p1a: Incineroar
|-damage|p1a: Incineroar|80/100
|-damage|p2a: scratchy matchy|83/100|[from] Recoil
|move|p1a: Incineroar|Parting Shot|p2a: scratchy matchy
|-unboost|p2a: scratchy matchy|atk|1
|-unboost|p2a: scratchy matchy|spa|1
|
|switch|p1a: Weezing|Weezing-Galar, M|100/100|[from]move: Parting Shot
|
|upkeep
|turn|10
|
|move|p1a: Weezing|Defog|p2a: scratchy matchy
|-unboost|p2a: scratchy matchy|evasion|1
|-sideend|p1: steven 2222|Spikes|[from] move: Defog|[of] p1a: Weezing
|move|p2a: scratchy matchy|Knock Off|p1a: Weezing
|-resisted|p1a: Weezing
|-damage|p1a: Weezing|92/100
|-enditem|p1a: Weezing|Black Sludge|[from] move: Knock Off|[of] p2a: scratchy matchy
|
|upkeep
|turn|11
|
|switch|p1a: Reuniclus|Reuniclus, M|100/100 tox
|switch|p2a: singy thingy|Sylveon, M|100/100
|
|-damage|p1a: Reuniclus|94/100 tox|[from] psn
|upkeep
|turn|12
|
|move|p2a: singy thingy|Heal Bell|p2a: singy thingy
|-activate|p2a: singy thingy|move: Heal Bell
|-curestatus|p2: snekky snek|par|[msg]
|move|p1a: Reuniclus|Future Sight|p2a: singy thingy
|-start|p1a: Reuniclus|move: Future Sight
|
|-damage|p1a: Reuniclus|82/100 tox|[from] psn
|upkeep
|turn|13
|
|switch|p2a: stuntfisk|Stunfisk-Galar, M|100/100
|switch|p1a: Cobalion|Cobalion|100/100
|
|upkeep
|turn|14
|
|switch|p1a: Rotom|Rotom-Wash|100/100
|move|p2a: stuntfisk|Stealth Rock|p1a: Rotom
|-sidestart|p1: steven 2222|move: Stealth Rock
|
|-end|p2a: stuntfisk|move: Future Sight
|-resisted|p2a: stuntfisk
|-damage|p2a: stuntfisk|81/100
|-heal|p2a: stuntfisk|87/100|[from] item: Leftovers
|upkeep
|turn|15
|
|switch|p2a: flower power|Roserade, F|100/100
|move|p1a: Rotom|Hydro Pump|p2a: flower power
|-resisted|p2a: flower power
|-damage|p2a: flower power|71/100
|
|-heal|p2a: flower power|77/100|[from] item: Black Sludge
|upkeep
|turn|16
|
|switch|p1a: Reuniclus|Reuniclus, M|100/100 tox
|-damage|p1a: Reuniclus|88/100 tox|[from] Stealth Rock
|move|p2a: flower power|Leaf Storm|p1a: Reuniclus
|-damage|p1a: Reuniclus|49/100 tox
|-unboost|p2a: flower power|spa|2
|
|-heal|p2a: flower power|83/100|[from] item: Black Sludge
|-damage|p1a: Reuniclus|43/100 tox|[from] psn
|upkeep
|turn|17
|
|switch|p2a: scratchy matchy|Incineroar, M|83/100
|-ability|p2a: scratchy matchy|Intimidate|boost
|-unboost|p1a: Reuniclus|atk|1
|switch|p1a: Rotom|Rotom-Wash|100/100
|-damage|p1a: Rotom|88/100|[from] Stealth Rock
|
|-heal|p1a: Rotom|94/100|[from] item: Leftovers
|upkeep
|turn|18
|
|move|p1a: Rotom|Volt Switch|p2a: scratchy matchy
|-damage|p2a: scratchy matchy|64/100
|
|switch|p1a: Weezing|Weezing-Galar, M|92/100|[from]move: Volt Switch
|-damage|p1a: Weezing|80/100|[from] Stealth Rock
|move|p2a: scratchy matchy|Knock Off|p1a: Weezing
|-resisted|p1a: Weezing
|-damage|p1a: Weezing|72/100
|
|upkeep
|turn|19
|
|move|p2a: scratchy matchy|Flare Blitz|p1a: Weezing
|-damage|p1a: Weezing|41/100
|-damage|p2a: scratchy matchy|55/100|[from] Recoil
|move|p1a: Weezing|Strange Steam|p2a: scratchy matchy
|-damage|p2a: scratchy matchy|37/100
|
|upkeep
|turn|20
|
|move|p1a: Weezing|Toxic|p2a: scratchy matchy
|-status|p2a: scratchy matchy|tox
|move|p2a: scratchy matchy|Flare Blitz|p1a: Weezing
|-damage|p1a: Weezing|8/100
|-status|p1a: Weezing|brn
|-damage|p2a: scratchy matchy|28/100 tox|[from] Recoil
|
|-damage|p2a: scratchy matchy|22/100 tox|[from] psn
|-damage|p1a: Weezing|2/100 brn|[from] brn
|upkeep
|turn|21
|
|move|p2a: scratchy matchy|Flare Blitz|p1a: Weezing
|-damage|p1a: Weezing|0 fnt
|-damage|p2a: scratchy matchy|21/100 tox|[from] Recoil
|faint|p1a: Weezing
|
|-damage|p2a: scratchy matchy|9/100 tox|[from] psn
|upkeep
|
|switch|p1a: Rotom|Rotom-Wash|94/100
|-damage|p1a: Rotom|82/100|[from] Stealth Rock
|turn|22
|
|switch|p2a: flower power|Roserade, F|83/100
|move|p1a: Rotom|Volt Switch|p2a: flower power
|-resisted|p2a: flower power
|-damage|p2a: flower power|65/100
|
|switch|p1a: Reuniclus|Reuniclus, M|76/100 tox|[from]move: Volt Switch
|-damage|p1a: Reuniclus|64/100 tox|[from] Stealth Rock
|
|-heal|p2a: flower power|71/100|[from] item: Black Sludge
|-damage|p1a: Reuniclus|58/100 tox|[from] psn
|upkeep
|turn|23
|
|switch|p2a: stuntfisk|Stunfisk-Galar, M|87/100
|move|p1a: Reuniclus|Future Sight|p2a: stuntfisk
|-start|p1a: Reuniclus|move: Future Sight
|
|-heal|p2a: stuntfisk|93/100|[from] item: Leftovers
|-damage|p1a: Reuniclus|45/100 tox|[from] psn
|upkeep
|turn|24
|
|switch|p1a: Rotom|Rotom-Wash|82/100
|-damage|p1a: Rotom|69/100|[from] Stealth Rock
|move|p2a: stuntfisk|Yawn|p1a: Rotom
|-start|p1a: Rotom|move: Yawn|[of] p2a: stuntfisk
|
|-heal|p1a: Rotom|76/100|[from] item: Leftovers
|-heal|p2a: stuntfisk|99/100|[from] item: Leftovers
|upkeep
|turn|25
|
|switch|p1a: Reuniclus|Reuniclus, M|78/100 tox
|-damage|p1a: Reuniclus|66/100 tox|[from] Stealth Rock
|move|p2a: stuntfisk|Protect||[still]
|-fail|p2a: stuntfisk
|
|-end|p2a: stuntfisk|move: Future Sight
|-resisted|p2a: stuntfisk
|-damage|p2a: stuntfisk|76/100
|-heal|p2a: stuntfisk|82/100|[from] item: Leftovers
|-damage|p1a: Reuniclus|60/100 tox|[from] psn
|upkeep
|turn|26
|
|switch|p2a: singy thingy|Sylveon, M|100/100
|switch|p1a: Rotom|Rotom-Wash|76/100
|-damage|p1a: Rotom|63/100|[from] Stealth Rock
|
|-heal|p1a: Rotom|69/100|[from] item: Leftovers
|upkeep
|turn|27
|
|move|p1a: Rotom|Discharge|p2a: singy thingy
|-damage|p2a: singy thingy|76/100
|move|p2a: singy thingy|Hyper Voice|p1a: Rotom
|-damage|p1a: Rotom|24/100
|
|-heal|p1a: Rotom|30/100|[from] item: Leftovers
|-heal|p2a: singy thingy|82/100|[from] item: Leftovers
|upkeep
|turn|28
|
|move|p1a: Rotom|Volt Switch|p2a: singy thingy
|-damage|p2a: singy thingy|61/100
|
|switch|p1a: Reuniclus|Reuniclus, M|93/100 tox|[from]move: Volt Switch
|-damage|p1a: Reuniclus|80/100 tox|[from] Stealth Rock
|move|p2a: singy thingy|Hyper Voice|p1a: Reuniclus
|-damage|p1a: Reuniclus|55/100 tox
|
|-heal|p2a: singy thingy|67/100|[from] item: Leftovers
|-damage|p1a: Reuniclus|49/100 tox|[from] psn
|upkeep
|turn|29
|
|move|p2a: singy thingy|Wish|p2a: singy thingy
|move|p1a: Reuniclus|Psychic|p2a: singy thingy
|-damage|p2a: singy thingy|30/100
|
|-heal|p2a: singy thingy|36/100|[from] item: Leftovers
|-damage|p1a: Reuniclus|36/100 tox|[from] psn
|upkeep
|turn|30
|
|switch|p1a: Gardevoir|Gardevoir, F|100/100
|-damage|p1a: Gardevoir|88/100|[from] Stealth Rock
|-ability|p1a: Gardevoir|Pixilate|[from] ability: Trace|[of] p2a: singy thingy
|move|p2a: singy thingy|Protect||[still]
|-fail|p2a: singy thingy
|
|-heal|p2a: singy thingy|86/100|[from] move: Wish|[wisher] singy thingy
|-heal|p1a: Gardevoir|94/100|[from] item: Leftovers
|-heal|p2a: singy thingy|92/100|[from] item: Leftovers
|upkeep
|turn|31
|
|move|p2a: singy thingy|Protect|p2a: singy thingy
|-singleturn|p2a: singy thingy|Protect
|move|p1a: Gardevoir|Wish|p1a: Gardevoir
|
|-heal|p1a: Gardevoir|100/100|[from] item: Leftovers
|-heal|p2a: singy thingy|98/100|[from] item: Leftovers
|upkeep
|turn|32
|
|move|p2a: singy thingy|Hyper Voice|p1a: Gardevoir
|-damage|p1a: Gardevoir|67/100
|move|p1a: Gardevoir|Teleport|p1a: Gardevoir
|
|switch|p1a: Rotom|Rotom-Wash|30/100|[from]move: Teleport
|-damage|p1a: Rotom|18/100|[from] Stealth Rock
|
|-heal|p1a: Rotom|88/100|[from] move: Wish|[wisher] Gardevoir
|-heal|p1a: Rotom|95/100|[from] item: Leftovers
|-heal|p2a: singy thingy|100/100|[from] item: Leftovers
|upkeep
|turn|33
|
|move|p1a: Rotom|Nasty Plot|p1a: Rotom
|-boost|p1a: Rotom|spa|2
|move|p2a: singy thingy|Hyper Voice|p1a: Rotom
|-damage|p1a: Rotom|49/100
|
|-heal|p1a: Rotom|56/100|[from] item: Leftovers
|upkeep
|turn|34
|
|switch|p2a: scratchy matchy|Incineroar, M|9/100 tox
|-ability|p2a: scratchy matchy|Intimidate|boost
|-unboost|p1a: Rotom|atk|1
|move|p1a: Rotom|Hydro Pump|p2a: scratchy matchy
|-supereffective|p2a: scratchy matchy
|-damage|p2a: scratchy matchy|0 fnt
|faint|p2a: scratchy matchy
|
|-heal|p1a: Rotom|62/100|[from] item: Leftovers
|upkeep
|
|switch|p2a: flower power|Roserade, F|71/100
|turn|35
|
|switch|p1a: Reuniclus|Reuniclus, M|69/100 tox
|-damage|p1a: Reuniclus|57/100 tox|[from] Stealth Rock
|move|p2a: flower power|Spikes|p1a: Reuniclus
|-sidestart|p1: steven 2222|Spikes
|
|-heal|p2a: flower power|77/100|[from] item: Black Sludge
|-damage|p1a: Reuniclus|51/100 tox|[from] psn
|upkeep
|turn|36
|
|move|p2a: flower power|Spikes|p1a: Reuniclus
|-sidestart|p1: steven 2222|Spikes
|move|p1a: Reuniclus|Future Sight|p2a: flower power
|-start|p1a: Reuniclus|move: Future Sight
|
|-heal|p2a: flower power|83/100|[from] item: Black Sludge
|-damage|p1a: Reuniclus|38/100 tox|[from] psn
|upkeep
|turn|37
|
|switch|p2a: stuntfisk|Stunfisk-Galar, M|82/100
|switch|p1a: Incineroar|Incineroar, M|80/100
|-ability|p1a: Incineroar|Intimidate|boost
|-unboost|p2a: stuntfisk|atk|1
|
|-heal|p2a: stuntfisk|88/100|[from] item: Leftovers
|upkeep
|turn|38
|
|switch|p2a: snekky snek|Milotic, F|12/100
|move|p1a: Incineroar|Flare Blitz|p2a: snekky snek
|-resisted|p2a: snekky snek
|-damage|p2a: snekky snek|0 fnt
|-damage|p1a: Incineroar|76/100|[from] Recoil
|faint|p2a: snekky snek
|
|-hint|Future Sight did not hit because the target is the user.
|upkeep
|
|switch|p2a: singy thingy|Sylveon, M|100/100
|turn|39
|
|move|p2a: singy thingy|Hyper Voice|p1a: Incineroar
|-damage|p1a: Incineroar|48/100
|move|p1a: Incineroar|Toxic|p2a: singy thingy
|-status|p2a: singy thingy|tox
|
|-damage|p2a: singy thingy|94/100 tox|[from] psn
|upkeep
|turn|40
|
|move|p2a: singy thingy|Heal Bell|p2a: singy thingy
|-activate|p2a: singy thingy|move: Heal Bell
|-curestatus|p2a: singy thingy|tox|[msg]
|move|p1a: Incineroar|Parting Shot|p2a: singy thingy
|-unboost|p2a: singy thingy|atk|1
|-unboost|p2a: singy thingy|spa|1
|
|switch|p1a: Cobalion|Cobalion|100/100|[from]move: Parting Shot
|-damage|p1a: Cobalion|97/100|[from] Stealth Rock
|-damage|p1a: Cobalion|81/100|[from] Spikes
|
|-heal|p1a: Cobalion|87/100|[from] item: Leftovers
|-heal|p2a: singy thingy|100/100|[from] item: Leftovers
|upkeep
|turn|41
|
|switch|p2a: batzy watzy|Noivern, F|100/100
|-item|p1a: Cobalion|Leftovers|[from] ability: Frisk|[of] p2a: batzy watzy|[identify]
|move|p1a: Cobalion|Stealth Rock|p2a: batzy watzy
|-sidestart|p2: uult1 anish|move: Stealth Rock
|
|-heal|p1a: Cobalion|93/100|[from] item: Leftovers
|upkeep
|turn|42
|
|switch|p2a: flower power|Roserade, F|83/100
|-damage|p2a: flower power|71/100|[from] Stealth Rock
|switch|p1a: Incineroar|Incineroar, M|48/100
|-ability|p1a: Incineroar|Intimidate|boost
|-unboost|p2a: flower power|atk|1
|
|-heal|p2a: flower power|77/100|[from] item: Black Sludge
|upkeep
|turn|43
|
|move|p2a: flower power|Sludge Bomb|p1a: Incineroar
|-damage|p1a: Incineroar|18/100
|-status|p1a: Incineroar|psn
|move|p1a: Incineroar|Flare Blitz|p2a: flower power
|-supereffective|p2a: flower power
|-damage|p2a: flower power|0 fnt
|-damage|p1a: Incineroar|2/100 psn|[from] Recoil
|faint|p2a: flower power
|
|-damage|p1a: Incineroar|0 fnt|[from] psn
|faint|p1a: Incineroar
|upkeep
|
|switch|p2a: stuntfisk|Stunfisk-Galar, M|88/100
|switch|p1a: Rotom|Rotom-Wash|62/100
|-damage|p1a: Rotom|49/100|[from] Stealth Rock
|-damage|p2a: stuntfisk|85/100|[from] Stealth Rock
|turn|44
|
|move|p1a: Rotom|Hydro Pump|p2a: stuntfisk|[miss]
|-miss|p1a: Rotom|p2a: stuntfisk
|move|p2a: stuntfisk|Yawn|p1a: Rotom
|-start|p1a: Rotom|move: Yawn|[of] p2a: stuntfisk
|
|-heal|p1a: Rotom|56/100|[from] item: Leftovers
|-heal|p2a: stuntfisk|91/100|[from] item: Leftovers
|upkeep
|turn|45
|
|switch|p1a: Reuniclus|Reuniclus, M|71/100 tox
|-damage|p1a: Reuniclus|59/100 tox|[from] Stealth Rock
|-damage|p1a: Reuniclus|42/100 tox|[from] Spikes
|move|p2a: stuntfisk|Stealth Rock||[still]
|-fail|p2a: stuntfisk
|
|-heal|p2a: stuntfisk|98/100|[from] item: Leftovers
|-damage|p1a: Reuniclus|36/100 tox|[from] psn
|upkeep
|turn|46
|
|move|p2a: stuntfisk|Yawn||[still]
|-fail|p2a: stuntfisk
|move|p1a: Reuniclus|Focus Blast|p2a: stuntfisk
|-supereffective|p2a: stuntfisk
|-damage|p2a: stuntfisk|36/100
|
|-heal|p2a: stuntfisk|42/100|[from] item: Leftovers
|-damage|p1a: Reuniclus|24/100 tox|[from] psn
|upkeep
|turn|47
|
|switch|p1a: Rotom|Rotom-Wash|56/100
|-damage|p1a: Rotom|43/100|[from] Stealth Rock
|move|p2a: stuntfisk|Earthquake|p1a: Rotom
|-immune|p1a: Rotom|[from] ability: Levitate
|
|-heal|p1a: Rotom|49/100|[from] item: Leftovers
|-heal|p2a: stuntfisk|48/100|[from] item: Leftovers
|upkeep
|turn|48
|
|switch|p2a: batzy watzy|Noivern, F|100/100
|-item|p1a: Rotom|Leftovers|[from] ability: Frisk|[of] p2a: batzy watzy|[identify]
|move|p1a: Rotom|Hydro Pump|p2a: batzy watzy
|-resisted|p2a: batzy watzy
|-damage|p2a: batzy watzy|72/100
|
|-heal|p1a: Rotom|56/100|[from] item: Leftovers
|upkeep
|turn|49
|
|move|p2a: batzy watzy|Flamethrower|p1a: Rotom
|-resisted|p1a: Rotom
|-crit|p1a: Rotom
|-damage|p1a: Rotom|31/100
|move|p1a: Rotom|Discharge|p2a: batzy watzy
|-damage|p2a: batzy watzy|25/100
|
|-heal|p1a: Rotom|37/100|[from] item: Leftovers
|upkeep
|turn|50
|
|switch|p1a: Gardevoir|Gardevoir, F|67/100
|-damage|p1a: Gardevoir|54/100|[from] Stealth Rock
|-damage|p1a: Gardevoir|38/100|[from] Spikes
|-ability|p1a: Gardevoir|Frisk|[from] ability: Trace|[of] p2a: batzy watzy
|-item|p2a: batzy watzy|Heavy-Duty Boots|[from] ability: Frisk|[of] p1a: Gardevoir|[identify]
|move|p2a: batzy watzy|Roost|p2a: batzy watzy
|-heal|p2a: batzy watzy|75/100
|-singleturn|p2a: batzy watzy|move: Roost
|
|-heal|p1a: Gardevoir|44/100|[from] item: Leftovers
|upkeep
|turn|51
|
|switch|p2a: singy thingy|Sylveon, M|100/100
|-damage|p2a: singy thingy|88/100|[from] Stealth Rock
|move|p1a: Gardevoir|Protect||[still]
|-fail|p1a: Gardevoir
|
|-heal|p1a: Gardevoir|50/100|[from] item: Leftovers
|-heal|p2a: singy thingy|94/100|[from] item: Leftovers
|upkeep
|turn|52
|
|move|p1a: Gardevoir|Wish|p1a: Gardevoir
|move|p2a: singy thingy|Hyper Voice|p1a: Gardevoir
|-damage|p1a: Gardevoir|11/100
|
|-heal|p1a: Gardevoir|18/100|[from] item: Leftovers
|-heal|p2a: singy thingy|99/100|[from] item: Leftovers
|upkeep
|turn|53
|
|move|p1a: Gardevoir|Protect|p1a: Gardevoir
|-singleturn|p1a: Gardevoir|Protect
|move|p2a: singy thingy|Hyper Voice|p1a: Gardevoir
|-activate|p1a: Gardevoir|move: Protect
|
|-heal|p1a: Gardevoir|68/100|[from] move: Wish|[wisher] Gardevoir
|-heal|p1a: Gardevoir|74/100|[from] item: Leftovers
|-heal|p2a: singy thingy|100/100|[from] item: Leftovers
|upkeep
|turn|54
|
|move|p1a: Gardevoir|Wish|p1a: Gardevoir
|move|p2a: singy thingy|Wish|p2a: singy thingy
|
|-heal|p1a: Gardevoir|80/100|[from] item: Leftovers
|upkeep
|turn|55
|
|switch|p2a: stuntfisk|Stunfisk-Galar, M|48/100
|-damage|p2a: stuntfisk|45/100|[from] Stealth Rock
|move|p1a: Gardevoir|Teleport|p1a: Gardevoir
|
|switch|p1a: Rotom|Rotom-Wash|37/100|[from]move: Teleport
|-damage|p1a: Rotom|25/100|[from] Stealth Rock
|
|-heal|p2a: stuntfisk|91/100|[from] move: Wish|[wisher] singy thingy
|-heal|p1a: Rotom|95/100|[from] move: Wish|[wisher] Gardevoir
|-heal|p1a: Rotom|100/100|[from] item: Leftovers
|-heal|p2a: stuntfisk|97/100|[from] item: Leftovers
|upkeep
|turn|56
|
|switch|p2a: singy thingy|Sylveon, M|100/100
|-damage|p2a: singy thingy|88/100|[from] Stealth Rock
|move|p1a: Rotom|Nasty Plot|p1a: Rotom
|-boost|p1a: Rotom|spa|2
|
|-heal|p2a: singy thingy|94/100|[from] item: Leftovers
|upkeep
|turn|57
|
|move|p1a: Rotom|Discharge|p2a: singy thingy
|-damage|p2a: singy thingy|50/100
|move|p2a: singy thingy|Hyper Voice|p1a: Rotom
|-damage|p1a: Rotom|55/100
|
|-heal|p1a: Rotom|61/100|[from] item: Leftovers
|-heal|p2a: singy thingy|56/100|[from] item: Leftovers
|upkeep
|turn|58
|
|move|p1a: Rotom|Discharge|p2a: singy thingy
|-damage|p2a: singy thingy|13/100
|move|p2a: singy thingy|Hyper Voice|p1a: Rotom
|-damage|p1a: Rotom|15/100
|
|-heal|p1a: Rotom|22/100|[from] item: Leftovers
|-heal|p2a: singy thingy|19/100|[from] item: Leftovers
|upkeep
|turn|59
|
|move|p1a: Rotom|Discharge|p2a: singy thingy
|-damage|p2a: singy thingy|0 fnt
|faint|p2a: singy thingy
|
|-heal|p1a: Rotom|28/100|[from] item: Leftovers
|upkeep
|
|switch|p2a: batzy watzy|Noivern, F|75/100
|-item|p1a: Rotom|Leftovers|[from] ability: Frisk|[of] p2a: batzy watzy|[identify]
|turn|60
|
|move|p2a: batzy watzy|Flamethrower|p1a: Rotom
|-resisted|p1a: Rotom
|-crit|p1a: Rotom
|-damage|p1a: Rotom|4/100
|move|p1a: Rotom|Discharge|p2a: batzy watzy
|-damage|p2a: batzy watzy|0 fnt
|faint|p2a: batzy watzy
|
|-heal|p1a: Rotom|10/100|[from] item: Leftovers
|upkeep
|-message|uult1 anish forfeited.
|
|win|steven 2222
|l|☆uult1 anish
|c|☆steven 2222|gg
||Ladder (probably) updated, but score could not be retrieved (Response not received).
