|j|☆rambovic
|j|☆Adrift and Alone
|t:|1645134321
|gametype|singles
|player|p1|rambovic|backersf|1390
|player|p2|Adrift and Alone|psychic-gen3|1630
|teamsize|p1|6
|teamsize|p2|6
|gen|8
|tier|[Gen 8] UU
|rated|
|rule|Sleep Clause Mod: Limit one foe put to sleep
|rule|Species Clause: Limit one of each Pokémon
|rule|OHKO Clause: OHKO moves are banned
|rule|Evasion Moves Clause: Evasion moves are banned
|rule|Endless Battle Clause: Forcing endless battles is banned
|rule|HP Percentage Mod: HP is shown in percentages
|rule|Dynamax Clause: You cannot dynamax
|clearpoke
|poke|p1|Primarina, M|
|poke|p1|Skarmory, M|
|poke|p1|Raikou|
|poke|p1|Moltres|
|poke|p1|Tangrowth, M|
|poke|p1|Krookodile, M|
|poke|p2|Thundurus-Therian, M|
|poke|p2|Roserade, F|
|poke|p2|Sylveon, M|
|poke|p2|Seismitoad, M|
|poke|p2|Jirachi|
|poke|p2|Moltres-Galar|
|teampreview
|inactive|Battle timer is ON: inactive players will automatically lose when time's up. (requested by rambovic)
|
|t:|1645134371
|start
|switch|p1a: Krookodile|Krookodile, M|100/100
|switch|p2a: Seismitoad|Seismitoad, M|100/100
|-ability|p1a: Krookodile|Intimidate|boost
|-unboost|p2a: Seismitoad|atk|1
|turn|1
|
|t:|1645134385
|switch|p1a: Tangrowth|Tangrowth, M|100/100
|move|p2a: Seismitoad|Scald|p1a: Tangrowth
|-resisted|p1a: Tangrowth
|-damage|p1a: Tangrowth|93/100
|
|upkeep
|turn|2
|c|☆rambovic|How's Sylveon working?
|inactive|Adrift and Alone has 120 seconds left.
|c|☆Adrift and Alone|It's decent
|
|t:|1645134420
|switch|p2a: Moltres|Moltres-Galar|100/100
|move|p1a: Tangrowth|Knock Off|p2a: Moltres
|-resisted|p2a: Moltres
|-damage|p2a: Moltres|89/100
|-enditem|p2a: Moltres|Heavy-Duty Boots|[from] move: Knock Off|[of] p1a: Tangrowth
|
|upkeep
|turn|3
|
|t:|1645134427
|switch|p2a: Roserade|Roserade, F|100/100
|switch|p1a: Krookodile|Krookodile, M|100/100
|-ability|p1a: Krookodile|Intimidate|boost
|-unboost|p2a: Roserade|atk|1
|
|upkeep
|turn|4
|
|t:|1645134433
|switch|p1a: Moltres|Moltres|100/100
|switch|p2a: Seismitoad|Seismitoad, M|100/100
|
|upkeep
|turn|5
|
|t:|1645134441
|move|p1a: Moltres|Hurricane|p2a: Seismitoad
|-damage|p2a: Seismitoad|45/100
|-start|p2a: Seismitoad|confusion
|-activate|p2a: Seismitoad|confusion
|move|p2a: Seismitoad|Toxic|p1a: Moltres
|-status|p1a: Moltres|tox
|
|-heal|p2a: Seismitoad|51/100|[from] item: Leftovers
|-damage|p1a: Moltres|94/100 tox|[from] psn
|upkeep
|turn|6
|
|t:|1645134451
|switch|p1a: Krookodile|Krookodile, M|100/100
|-ability|p1a: Krookodile|Intimidate|boost
|-unboost|p2a: Seismitoad|atk|1
|switch|p2a: Sylveon|Sylveon, M|100/100
|
|upkeep
|turn|7
|
|t:|1645134457
|switch|p1a: Skarmory|Skarmory, M|100/100
|move|p2a: Sylveon|Hyper Voice|p1a: Skarmory
|-resisted|p1a: Skarmory
|-damage|p1a: Skarmory|74/100
|
|-heal|p1a: Skarmory|80/100|[from] item: Leftovers
|upkeep
|turn|8
|
|t:|1645134462
|switch|p2a: Thundurus|Thundurus-Therian, M|100/100
|move|p1a: Skarmory|Spikes|p2a: Thundurus
|-sidestart|p2: Adrift and Alone|Spikes
|
|-heal|p1a: Skarmory|86/100|[from] item: Leftovers
|upkeep
|turn|9
|
|t:|1645134466
|switch|p1a: Krookodile|Krookodile, M|100/100
|-ability|p1a: Krookodile|Intimidate|boost
|-unboost|p2a: Thundurus|atk|1
|move|p2a: Thundurus|Knock Off|p1a: Krookodile
|-resisted|p1a: Krookodile
|-damage|p1a: Krookodile|91/100
|-enditem|p1a: Krookodile|Choice Scarf|[from] move: Knock Off|[of] p2a: Thundurus
|
|upkeep
|turn|10
|
|t:|1645134470
|move|p2a: Thundurus|U-turn|p1a: Krookodile
|-supereffective|p1a: Krookodile
|-damage|p1a: Krookodile|60/100
|
|t:|1645134473
|switch|p2a: Moltres|Moltres-Galar|89/100|[from]move: U-turn
|move|p1a: Krookodile|Stone Edge|p2a: Moltres
|-supereffective|p2a: Moltres
|-damage|p2a: Moltres|22/100
|-ability|p2a: Moltres|Berserk|boost
|-boost|p2a: Moltres|spa|1
|
|upkeep
|turn|11
|
|t:|1645134480
|switch|p2a: Sylveon|Sylveon, M|100/100
|-damage|p2a: Sylveon|88/100|[from] Spikes
|move|p1a: Krookodile|Stone Edge|p2a: Sylveon|[miss]
|-miss|p1a: Krookodile|p2a: Sylveon
|
|-heal|p2a: Sylveon|94/100|[from] item: Leftovers
|upkeep
|turn|12
|
|t:|1645134483
|move|p1a: Krookodile|Stealth Rock|p2a: Sylveon
|-sidestart|p2: Adrift and Alone|move: Stealth Rock
|move|p2a: Sylveon|Wish|p2a: Sylveon
|
|-heal|p2a: Sylveon|99/100|[from] item: Leftovers
|upkeep
|turn|13
|
|t:|1645134487
|switch|p1a: Tangrowth|Tangrowth, M|100/100
|move|p2a: Sylveon|Hyper Voice|p1a: Tangrowth
|-damage|p1a: Tangrowth|75/100
|
|-heal|p2a: Sylveon|100/100|[from] move: Wish|[wisher] Sylveon
|upkeep
|turn|14
|
|t:|1645134490
|switch|p2a: Roserade|Roserade, F|100/100
|-damage|p2a: Roserade|88/100|[from] Spikes
|-damage|p2a: Roserade|76/100|[from] Stealth Rock
|move|p1a: Tangrowth|Knock Off|p2a: Roserade
|-damage|p2a: Roserade|34/100
|-enditem|p2a: Roserade|Black Sludge|[from] move: Knock Off|[of] p1a: Tangrowth
|
|upkeep
|turn|15
|
|t:|1645134498
|switch|p1a: Skarmory|Skarmory, M|86/100
|move|p2a: Roserade|Spikes|p1a: Skarmory
|-sidestart|p1: rambovic|Spikes
|
|-heal|p1a: Skarmory|92/100|[from] item: Leftovers
|upkeep
|turn|16
|
|t:|1645134511
|move|p2a: Roserade|Sleep Powder|p1a: Skarmory
|-status|p1a: Skarmory|slp|[from] move: Sleep Powder
|cant|p1a: Skarmory|slp
|
|-heal|p1a: Skarmory|98/100 slp|[from] item: Leftovers
|upkeep
|turn|17
|j| supersecrettesting
|l| supersecrettesting
|
|t:|1645134519
|switch|p1a: Moltres|Moltres|94/100 tox
|move|p2a: Roserade|Spikes|p1a: Moltres
|-sidestart|p1: rambovic|Spikes
|
|-damage|p1a: Moltres|88/100 tox|[from] psn
|upkeep
|turn|18
|
|t:|1645134525
|move|p2a: Roserade|Spikes|p1a: Moltres
|-sidestart|p1: rambovic|Spikes
|move|p1a: Moltres|Fire Blast|p2a: Roserade
|-supereffective|p2a: Roserade
|-damage|p2a: Roserade|0 fnt
|faint|p2a: Roserade
|
|-damage|p1a: Moltres|76/100 tox|[from] psn
|upkeep
|
|t:|1645134534
|switch|p2a: Thundurus|Thundurus-Therian, M|100/100
|turn|19
|
|t:|1645134538
|switch|p1a: Tangrowth|Tangrowth, M|100/100
|-damage|p1a: Tangrowth|75/100|[from] Spikes
|move|p2a: Thundurus|Thunderbolt|p1a: Tangrowth
|-resisted|p1a: Tangrowth
|-damage|p1a: Tangrowth|61/100
|
|upkeep
|turn|20
|
|t:|1645134543
|move|p2a: Thundurus|Knock Off|p1a: Tangrowth
|-damage|p1a: Tangrowth|45/100
|-enditem|p1a: Tangrowth|Assault Vest|[from] move: Knock Off|[of] p2a: Thundurus
|move|p1a: Tangrowth|Knock Off|p2a: Thundurus
|-damage|p2a: Thundurus|65/100
|-enditem|p2a: Thundurus|Heavy-Duty Boots|[from] move: Knock Off|[of] p1a: Tangrowth
|
|upkeep
|turn|21
|
|t:|1645134546
|move|p2a: Thundurus|Psychic|p1a: Tangrowth
|-damage|p1a: Tangrowth|12/100
|move|p1a: Tangrowth|Sludge Bomb|p2a: Thundurus
|-damage|p2a: Thundurus|28/100
|
|upkeep
|turn|22
|
|t:|1645134553
|switch|p1a: Krookodile|Krookodile, M|60/100
|-damage|p1a: Krookodile|35/100|[from] Spikes
|-ability|p1a: Krookodile|Intimidate|boost
|-unboost|p2a: Thundurus|atk|1
|move|p2a: Thundurus|U-turn|p1a: Krookodile
|-supereffective|p1a: Krookodile
|-damage|p1a: Krookodile|8/100
|
|t:|1645134556
|switch|p2a: Jirachi|Jirachi|100/100|[from]move: U-turn
|-damage|p2a: Jirachi|94/100|[from] Stealth Rock
|-damage|p2a: Jirachi|82/100|[from] Spikes
|
|upkeep
|turn|23
|
|t:|1645134559
|move|p2a: Jirachi|U-turn|p1a: Krookodile
|-supereffective|p1a: Krookodile
|-damage|p1a: Krookodile|0 fnt
|faint|p1a: Krookodile
|
|t:|1645134564
|switch|p2a: Sylveon|Sylveon, M|100/100|[from]move: U-turn
|-damage|p2a: Sylveon|88/100|[from] Spikes
|-damage|p2a: Sylveon|76/100|[from] Stealth Rock
|
|-heal|p2a: Sylveon|82/100|[from] item: Leftovers
|upkeep
|
|t:|1645134566
|switch|p1a: Moltres|Moltres|76/100 tox
|turn|24
|
|t:|1645134582
|move|p2a: Sylveon|Protect|p2a: Sylveon
|-singleturn|p2a: Sylveon|Protect
|move|p1a: Moltres|Fire Blast|p2a: Sylveon
|-activate|p2a: Sylveon|move: Protect
|
|-heal|p2a: Sylveon|88/100|[from] item: Leftovers
|-damage|p1a: Moltres|69/100 tox|[from] psn
|upkeep
|turn|25
|
|t:|1645134586
|switch|p1a: Primarina|Primarina, M|100/100
|-damage|p1a: Primarina|75/100|[from] Spikes
|move|p2a: Sylveon|Wish|p2a: Sylveon
|
|-heal|p2a: Sylveon|94/100|[from] item: Leftovers
|-heal|p1a: Primarina|82/100|[from] item: Leftovers
|upkeep
|turn|26
|
|t:|1645134595
|switch|p2a: Jirachi|Jirachi|82/100
|-damage|p2a: Jirachi|76/100|[from] Stealth Rock
|-damage|p2a: Jirachi|64/100|[from] Spikes
|move|p1a: Primarina|Scald|p2a: Jirachi
|-damage|p2a: Jirachi|30/100
|
|-heal|p2a: Jirachi|88/100|[from] move: Wish|[wisher] Sylveon
|-heal|p1a: Primarina|88/100|[from] item: Leftovers
|upkeep
|turn|27
|
|t:|1645134604
|move|p2a: Jirachi|Trick|p1a: Primarina
|-activate|p2a: Jirachi|move: Trick|[of] p1a: Primarina
|-item|p1a: Primarina|Choice Scarf|[from] move: Trick
|-item|p2a: Jirachi|Leftovers|[from] move: Trick
|move|p1a: Primarina|Scald|p2a: Jirachi
|-damage|p2a: Jirachi|53/100
|
|-heal|p2a: Jirachi|59/100|[from] item: Leftovers
|upkeep
|turn|28
|
|t:|1645134612
|move|p2a: Jirachi|U-turn|p1a: Primarina
|-resisted|p1a: Primarina
|-damage|p1a: Primarina|76/100
|
|t:|1645134614
|switch|p2a: Seismitoad|Seismitoad, M|51/100|[from]move: U-turn
|-damage|p2a: Seismitoad|38/100|[from] Spikes
|-damage|p2a: Seismitoad|32/100|[from] Stealth Rock
|move|p1a: Primarina|Scald|p2a: Seismitoad
|-heal|p2a: Seismitoad|57/100|[from] ability: Water Absorb|[of] p1a: Primarina
|
|-heal|p2a: Seismitoad|63/100|[from] item: Leftovers
|upkeep
|turn|29
|
|t:|1645134619
|switch|p1a: Tangrowth|Tangrowth, M|45/100
|-damage|p1a: Tangrowth|20/100|[from] Spikes
|move|p2a: Seismitoad|Stealth Rock|p1a: Tangrowth
|-sidestart|p1: rambovic|move: Stealth Rock
|
|-heal|p2a: Seismitoad|69/100|[from] item: Leftovers
|upkeep
|turn|30
|inactive|Adrift and Alone has 120 seconds left.
|
|t:|1645134655
|switch|p2a: Sylveon|Sylveon, M|94/100
|-damage|p2a: Sylveon|81/100|[from] Stealth Rock
|-damage|p2a: Sylveon|69/100|[from] Spikes
|move|p1a: Tangrowth|Giga Drain|p2a: Sylveon
|-damage|p2a: Sylveon|50/100
|-heal|p1a: Tangrowth|29/100|[from] drain|[of] p2a: Sylveon
|
|-heal|p2a: Sylveon|57/100|[from] item: Leftovers
|upkeep
|turn|31
|
|t:|1645134659
|move|p2a: Sylveon|Hyper Voice|p1a: Tangrowth
|-crit|p1a: Tangrowth
|-damage|p1a: Tangrowth|0 fnt
|faint|p1a: Tangrowth
|
|-heal|p2a: Sylveon|63/100|[from] item: Leftovers
|upkeep
|
|t:|1645134664
|switch|p1a: Skarmory|Skarmory, M|98/100 slp
|-damage|p1a: Skarmory|86/100 slp|[from] Stealth Rock
|turn|32
|
|t:|1645134670
|cant|p1a: Skarmory|slp
|move|p2a: Sylveon|Wish|p2a: Sylveon
|
|-heal|p1a: Skarmory|92/100 slp|[from] item: Leftovers
|-heal|p2a: Sylveon|69/100|[from] item: Leftovers
|upkeep
|turn|33
|
|t:|1645134674
|cant|p1a: Skarmory|slp
|move|p2a: Sylveon|Hyper Voice|p1a: Skarmory
|-resisted|p1a: Skarmory
|-damage|p1a: Skarmory|62/100 slp
|
|-heal|p2a: Sylveon|100/100|[from] move: Wish|[wisher] Sylveon
|-heal|p1a: Skarmory|68/100 slp|[from] item: Leftovers
|upkeep
|turn|34
|
|t:|1645134679
|-curestatus|p1a: Skarmory|slp|[msg]
|move|p1a: Skarmory|Toxic|p2a: Sylveon
|-status|p2a: Sylveon|tox
|move|p2a: Sylveon|Hyper Voice|p1a: Skarmory
|-resisted|p1a: Skarmory
|-damage|p1a: Skarmory|40/100
|
|-heal|p1a: Skarmory|46/100|[from] item: Leftovers
|-damage|p2a: Sylveon|94/100 tox|[from] psn
|upkeep
|turn|35
|
|t:|1645134683
|move|p1a: Skarmory|Roost|p1a: Skarmory
|-heal|p1a: Skarmory|96/100
|-singleturn|p1a: Skarmory|move: Roost
|move|p2a: Sylveon|Heal Bell|p2a: Sylveon
|-activate|p2a: Sylveon|move: Heal Bell
|-curestatus|p2a: Sylveon|tox|[msg]
|
|-heal|p1a: Skarmory|100/100|[from] item: Leftovers
|-heal|p2a: Sylveon|100/100|[from] item: Leftovers
|upkeep
|turn|36
|
|t:|1645134685
|move|p2a: Sylveon|Protect|p2a: Sylveon
|-singleturn|p2a: Sylveon|Protect
|move|p1a: Skarmory|Brave Bird|p2a: Sylveon
|-activate|p2a: Sylveon|move: Protect
|
|upkeep
|turn|37
|
|t:|1645134691
|move|p1a: Skarmory|Spikes|p2a: Sylveon
|-sidestart|p2: Adrift and Alone|Spikes
|move|p2a: Sylveon|Wish|p2a: Sylveon
|
|upkeep
|turn|38
|
|t:|1645134697
|switch|p2a: Seismitoad|Seismitoad, M|69/100
|-damage|p2a: Seismitoad|63/100|[from] Stealth Rock
|-damage|p2a: Seismitoad|47/100|[from] Spikes
|move|p1a: Skarmory|Brave Bird|p2a: Seismitoad
|-damage|p2a: Seismitoad|21/100
|-damage|p1a: Skarmory|90/100|[from] Recoil
|
|-heal|p2a: Seismitoad|69/100|[from] move: Wish|[wisher] Sylveon
|-heal|p1a: Skarmory|96/100|[from] item: Leftovers
|-heal|p2a: Seismitoad|75/100|[from] item: Leftovers
|upkeep
|turn|39
|
|t:|1645134700
|move|p1a: Skarmory|Toxic|p2a: Seismitoad
|-status|p2a: Seismitoad|tox
|move|p2a: Seismitoad|Scald|p1a: Skarmory
|-damage|p1a: Skarmory|64/100
|
|-heal|p1a: Skarmory|70/100|[from] item: Leftovers
|-heal|p2a: Seismitoad|81/100 tox|[from] item: Leftovers
|-damage|p2a: Seismitoad|75/100 tox|[from] psn
|upkeep
|turn|40
|
|t:|1645134704
|move|p1a: Skarmory|Brave Bird|p2a: Seismitoad
|-damage|p2a: Seismitoad|49/100 tox
|-damage|p1a: Skarmory|59/100|[from] Recoil
|move|p2a: Seismitoad|Scald|p1a: Skarmory
|-damage|p1a: Skarmory|25/100
|
|-heal|p1a: Skarmory|31/100|[from] item: Leftovers
|-heal|p2a: Seismitoad|55/100 tox|[from] item: Leftovers
|-damage|p2a: Seismitoad|43/100 tox|[from] psn
|upkeep
|turn|41
|
|t:|1645134709
|switch|p2a: Thundurus|Thundurus-Therian, M|28/100
|-damage|p2a: Thundurus|4/100|[from] Stealth Rock
|move|p1a: Skarmory|Roost|p1a: Skarmory
|-heal|p1a: Skarmory|81/100
|-singleturn|p1a: Skarmory|move: Roost
|
|-heal|p1a: Skarmory|87/100|[from] item: Leftovers
|upkeep
|turn|42
|
|t:|1645134712
|move|p2a: Thundurus|Knock Off|p1a: Skarmory
|-damage|p1a: Skarmory|72/100
|-enditem|p1a: Skarmory|Leftovers|[from] move: Knock Off|[of] p2a: Thundurus
|move|p1a: Skarmory|Brave Bird|p2a: Thundurus
|-resisted|p2a: Thundurus
|-damage|p2a: Thundurus|0 fnt
|faint|p2a: Thundurus
|-damage|p1a: Skarmory|71/100|[from] Recoil
|
|upkeep
|
|t:|1645134717
|switch|p2a: Jirachi|Jirachi|59/100
|-damage|p2a: Jirachi|42/100|[from] Spikes
|-damage|p2a: Jirachi|36/100|[from] Stealth Rock
|turn|43
|
|t:|1645134721
|move|p2a: Jirachi|Thunder Punch|p1a: Skarmory
|-supereffective|p1a: Skarmory
|-damage|p1a: Skarmory|44/100
|move|p1a: Skarmory|Brave Bird|p2a: Jirachi
|-resisted|p2a: Jirachi
|-damage|p2a: Jirachi|20/100
|-damage|p1a: Skarmory|39/100|[from] Recoil
|
|-heal|p2a: Jirachi|26/100|[from] item: Leftovers
|upkeep
|turn|44
|
|t:|1645134724
|move|p2a: Jirachi|Iron Head|p1a: Skarmory
|-resisted|p1a: Skarmory
|-damage|p1a: Skarmory|28/100
|move|p1a: Skarmory|Roost|p1a: Skarmory
|-heal|p1a: Skarmory|78/100
|-singleturn|p1a: Skarmory|move: Roost
|
|-heal|p2a: Jirachi|32/100|[from] item: Leftovers
|upkeep
|turn|45
|
|t:|1645134726
|move|p2a: Jirachi|Thunder Punch|p1a: Skarmory
|-supereffective|p1a: Skarmory
|-damage|p1a: Skarmory|53/100
|move|p1a: Skarmory|Brave Bird|p2a: Jirachi
|-resisted|p2a: Jirachi
|-damage|p2a: Jirachi|16/100
|-damage|p1a: Skarmory|48/100|[from] Recoil
|
|-heal|p2a: Jirachi|22/100|[from] item: Leftovers
|upkeep
|turn|46
|
|t:|1645134736
|move|p2a: Jirachi|Thunder Punch|p1a: Skarmory
|-supereffective|p1a: Skarmory
|-damage|p1a: Skarmory|22/100
|-status|p1a: Skarmory|par
|move|p1a: Skarmory|Brave Bird|p2a: Jirachi
|-resisted|p2a: Jirachi
|-damage|p2a: Jirachi|7/100
|-damage|p1a: Skarmory|17/100 par|[from] Recoil
|
|-heal|p2a: Jirachi|13/100|[from] item: Leftovers
|upkeep
|turn|47
|
|t:|1645134740
|move|p2a: Jirachi|Thunder Punch|p1a: Skarmory
|-supereffective|p1a: Skarmory
|-damage|p1a: Skarmory|0 fnt
|faint|p1a: Skarmory
|
|-heal|p2a: Jirachi|19/100|[from] item: Leftovers
|upkeep
|
|t:|1645134742
|switch|p1a: Raikou|Raikou|100/100
|-damage|p1a: Raikou|76/100|[from] Spikes
|-damage|p1a: Raikou|63/100|[from] Stealth Rock
|-ability|p1a: Raikou|Pressure
|turn|48
|
|t:|1645134747
|move|p1a: Raikou|Thunderbolt|p2a: Jirachi
|-damage|p2a: Jirachi|0 fnt
|faint|p2a: Jirachi
|
|-heal|p1a: Raikou|69/100|[from] item: Leftovers
|upkeep
|
|t:|1645134752
|switch|p2a: Sylveon|Sylveon, M|100/100
|-damage|p2a: Sylveon|88/100|[from] Stealth Rock
|-damage|p2a: Sylveon|72/100|[from] Spikes
|turn|49
|
|t:|1645134756
|move|p1a: Raikou|Calm Mind|p1a: Raikou
|-boost|p1a: Raikou|spa|1
|-boost|p1a: Raikou|spd|1
|move|p2a: Sylveon|Hyper Voice|p1a: Raikou
|-damage|p1a: Raikou|42/100
|
|-heal|p1a: Raikou|48/100|[from] item: Leftovers
|-heal|p2a: Sylveon|78/100|[from] item: Leftovers
|upkeep
|turn|50
|
|t:|1645134759
|move|p1a: Raikou|Calm Mind|p1a: Raikou
|-boost|p1a: Raikou|spa|1
|-boost|p1a: Raikou|spd|1
|move|p2a: Sylveon|Hyper Voice|p1a: Raikou
|-damage|p1a: Raikou|26/100
|
|-heal|p1a: Raikou|32/100|[from] item: Leftovers
|-heal|p2a: Sylveon|84/100|[from] item: Leftovers
|upkeep
|turn|51
|
|t:|1645134766
|switch|p2a: Seismitoad|Seismitoad, M|43/100 tox
|-damage|p2a: Seismitoad|37/100 tox|[from] Stealth Rock
|-damage|p2a: Seismitoad|21/100 tox|[from] Spikes
|move|p1a: Raikou|Thunderbolt|p2a: Seismitoad
|-immune|p2a: Seismitoad
|
|-heal|p1a: Raikou|39/100|[from] item: Leftovers
|-heal|p2a: Seismitoad|27/100 tox|[from] item: Leftovers
|-damage|p2a: Seismitoad|21/100 tox|[from] psn
|upkeep
|turn|52
|
|t:|1645134769
|move|p1a: Raikou|Aura Sphere|p2a: Seismitoad
|-damage|p2a: Seismitoad|0 fnt
|faint|p2a: Seismitoad
|
|-heal|p1a: Raikou|45/100|[from] item: Leftovers
|upkeep
|c|☆Adrift and Alone|I need hazard control
|c|☆Adrift and Alone|Gg
|-message|Adrift and Alone forfeited.
|
|win|rambovic
|raw|rambovic's rating: 1390 &rarr; <strong>1422</strong><br />(+32 for winning)
|raw|Adrift and Alone's rating: 1630 &rarr; <strong>1598</strong><br />(-32 for losing)
|l|☆Adrift and Alone
|c|☆rambovic|gg
