|j|☆Hoodedcharizard
|j|☆joliemome
|t:|1641504688
|gametype|singles
|player|p1|Hoodedcharizard|hoopster|1167
|player|p2|joliemome|beauty-gen4dp|1388
|teamsize|p1|6
|teamsize|p2|6
|gen|8
|tier|[Gen 8] UU
|rated|
|rule|Sleep Clause Mod: Limit one foe put to sleep
|rule|Species Clause: Limit one of each Pokémon
|rule|OHKO Clause: OHKO moves are banned
|rule|Evasion Moves Clause: Evasion moves are banned
|rule|Endless Battle Clause: Forcing endless battles is banned
|rule|HP Percentage Mod: HP is shown in percentages
|rule|Dynamax Clause: You cannot dynamax
|clearpoke
|poke|p1|Bewear, F|
|poke|p1|Jirachi|
|poke|p1|Chandelure, F|
|poke|p1|Roserade, M|
|poke|p1|Cobalion|
|poke|p1|Rotom-Wash|
|poke|p2|Skarmory, M|
|poke|p2|Tapu Bulu|
|poke|p2|Darmanitan, M|
|poke|p2|Nihilego|
|poke|p2|Slowking, M|
|poke|p2|Excadrill, M|
|teampreview
|
|t:|1641504706
|start
|switch|p1a: Jirachi|Jirachi|100/100
|switch|p2a: Excadrill|Excadrill, M|100/100
|-ability|p2a: Excadrill|Mold Breaker
|turn|1
|inactive|Battle timer is ON: inactive players will automatically lose when time's up. (requested by Hoodedcharizard)
|
|t:|1641504714
|move|p1a: Jirachi|U-turn|p2a: Excadrill
|-resisted|p2a: Excadrill
|-damage|p2a: Excadrill|85/100
|
|t:|1641504716
|switch|p1a: Rotom|Rotom-Wash|100/100|[from]move: U-turn
|move|p2a: Excadrill|High Horsepower|p1a: Rotom
|-supereffective|p1a: Rotom
|-damage|p1a: Rotom|0 fnt
|faint|p1a: Rotom
|
|-heal|p2a: Excadrill|91/100|[from] item: Leftovers
|upkeep
|c|☆Hoodedcharizard|i forgot about mold breaker
|
|t:|1641504731
|switch|p1a: Cobalion|Cobalion|100/100
|turn|2
|c|☆joliemome|yes i forget me so sometimes
|
|t:|1641504757
|switch|p2a: Darmanitan|Darmanitan, M|100/100
|move|p1a: Cobalion|Stealth Rock|p2a: Darmanitan
|-sidestart|p2: joliemome|move: Stealth Rock
|
|upkeep
|turn|3
|
|t:|1641504768
|switch|p1a: Chandelure|Chandelure, F|100/100
|move|p2a: Darmanitan|Rock Slide|p1a: Chandelure
|-supereffective|p1a: Chandelure
|-damage|p1a: Chandelure|0 fnt
|faint|p1a: Chandelure
|
|upkeep
|
|t:|1641504774
|switch|p1a: Jirachi|Jirachi|100/100
|turn|4
|
|t:|1641504783
|switch|p2a: Skarmory|Skarmory, M|100/100
|-damage|p2a: Skarmory|88/100|[from] Stealth Rock
|move|p1a: Jirachi|Trick|p2a: Skarmory
|-activate|p1a: Jirachi|move: Trick|[of] p2a: Skarmory
|-item|p2a: Skarmory|Choice Scarf|[from] move: Trick
|-item|p1a: Jirachi|Leftovers|[from] move: Trick
|
|upkeep
|turn|5
|
|t:|1641504799
|move|p1a: Jirachi|Zen Headbutt|p2a: Skarmory
|-resisted|p2a: Skarmory
|-damage|p2a: Skarmory|77/100
|move|p2a: Skarmory|Spikes|p1a: Jirachi
|-sidestart|p1: Hoodedcharizard|Spikes
|
|upkeep
|turn|6
|
|t:|1641504810
|move|p1a: Jirachi|U-turn|p2a: Skarmory
|-resisted|p2a: Skarmory
|-damage|p2a: Skarmory|74/100
|-message|Hoodedcharizard forfeited.
|
|win|joliemome
|raw|Hoodedcharizard's rating: 1167 &rarr; <strong>1156</strong><br />(-11 for losing)
|raw|joliemome's rating: 1388 &rarr; <strong>1397</strong><br />(+9 for winning)
|l|☆Hoodedcharizard
||Ladder isn't responding, score probably updated but might not have (Request timeout).
