|j|☆ok now i see ya
|j|☆randy melons
|t:|1602041176
|player|p1|ok now i see ya|brendan-gen3rs|1613
|player|p2|randy melons|gambler|1499
|teamsize|p1|6
|teamsize|p2|6
|gametype|singles
|gen|8
|tier|[Gen 8] UU
|rated|
|clearpoke
|poke|p1|Mamoswine, M|
|poke|p1|Slowbro, M|
|poke|p1|Cobalion|
|poke|p1|Chandelure, F|
|poke|p1|Weezing-Galar, M|
|poke|p1|Zarude|
|poke|p2|Necrozma|
|poke|p2|Grimmsnarl, M|
|poke|p2|Polteageist|
|poke|p2|Incineroar, F|
|poke|p2|Cobalion|
|poke|p2|Slowbro-Galar, M|
|rule|Sleep Clause Mod: Limit one foe put to sleep
|rule|Species Clause: Limit one of each Pokémon
|rule|OHKO Clause: OHKO moves are banned
|rule|Evasion Moves Clause: Evasion moves are banned
|rule|Endless Battle Clause: Forcing endless battles is banned
|rule|HP Percentage Mod: HP is shown in percentages
|rule|Dynamax Clause: You cannot dynamax
|teampreview
|inactive|Battle timer is ON: inactive players will automatically lose when time's up. (requested by ok now i see ya)
|j| youke
|inactive|ok now i see ya has 120 seconds left.
|inactive|ok now i see ya has 90 seconds left.
|inactive|ok now i see ya has 60 seconds left.
|
|t:|1602041277
|start
|switch|p1a: Swing from the|Chandelure, F|100/100
|switch|p2a: Necrozma|Necrozma|100/100
|turn|1
|
|t:|1602041285
|move|p1a: Swing from the|Shadow Ball|p2a: Necrozma
|-supereffective|p2a: Necrozma
|-damage|p2a: Necrozma|24/100
|move|p2a: Necrozma|Meteor Beam||[still]
|-prepare|p2a: Necrozma|Meteor Beam
|-boost|p2a: Necrozma|spa|1
|-enditem|p2a: Necrozma|Power Herb
|-anim|p2a: Necrozma|Meteor Beam|p1a: Swing from the
|-supereffective|p1a: Swing from the
|-damage|p1a: Swing from the|0 fnt
|faint|p1a: Swing from the
|
|upkeep
|
|t:|1602041289
|switch|p1a: Mojo Jojo|Zarude|100/100
|turn|2
|
|t:|1602041294
|switch|p2a: Cobalion|Cobalion|100/100
|move|p1a: Mojo Jojo|U-turn|p2a: Cobalion
|-resisted|p2a: Cobalion
|-damage|p2a: Cobalion|96/100
|
|t:|1602041298
|switch|p1a: Dope|Slowbro, M|100/100|[from]move: U-turn
|
|upkeep
|turn|3
|
|t:|1602041303
|move|p2a: Cobalion|Stealth Rock|p1a: Dope
|-sidestart|p1: ok now i see ya|move: Stealth Rock
|move|p1a: Dope|Future Sight|p2a: Cobalion
|-start|p1a: Dope|move: Future Sight
|
|upkeep
|turn|4
|
|t:|1602041312
|move|p2a: Cobalion|Thunder Wave|p1a: Dope
|-status|p1a: Dope|par
|move|p1a: Dope|Teleport|p1a: Dope
|
|t:|1602041324
|switch|p1a: Koba Leon|Cobalion|100/100|[from]move: Teleport
|-damage|p1a: Koba Leon|97/100|[from] Stealth Rock
|
|upkeep
|turn|5
|
|t:|1602041331
|switch|p1a: Dope|Slowbro, M|100/100 par
|move|p2a: Cobalion|Close Combat|p1a: Dope
|-resisted|p1a: Dope
|-damage|p1a: Dope|86/100 par
|-unboost|p2a: Cobalion|def|1
|-unboost|p2a: Cobalion|spd|1
|
|-end|p2a: Cobalion|move: Future Sight
|-damage|p2a: Cobalion|8/100
|upkeep
|turn|6
|
|t:|1602041347
|switch|p2a: Grimmsnarl|Grimmsnarl, M|100/100
|cant|p1a: Dope|par
|
|upkeep
|turn|7
|
|t:|1602041352
|move|p2a: Grimmsnarl|Reflect|p2a: Grimmsnarl
|-sidestart|p2: randy melons|Reflect
|move|p1a: Dope|Future Sight|p2a: Grimmsnarl
|-start|p1a: Dope|move: Future Sight
|
|upkeep
|turn|8
|
|t:|1602041355
|move|p2a: Grimmsnarl|Light Screen|p2a: Grimmsnarl
|-sidestart|p2: randy melons|move: Light Screen
|move|p1a: Dope|Teleport|p1a: Dope
|j| stall king 777
|
|t:|1602041367
|switch|p1a: Bong|Weezing-Galar, M|100/100|[from]move: Teleport
|-damage|p1a: Bong|88/100|[from] Stealth Rock
|
|-heal|p1a: Bong|94/100|[from] item: Black Sludge
|upkeep
|turn|9
|
|t:|1602041373
|move|p2a: Grimmsnarl|Taunt|p1a: Bong
|-start|p1a: Bong|move: Taunt
|move|p1a: Bong|Sludge Bomb|p2a: Grimmsnarl
|-supereffective|p2a: Grimmsnarl
|-damage|p2a: Grimmsnarl|78/100
|
|-end|p2a: Grimmsnarl|move: Future Sight
|-immune|p2a: Grimmsnarl
|-heal|p1a: Bong|99/100|[from] item: Black Sludge
|upkeep
|turn|10
|
|t:|1602041391
|switch|p1a: Icy Boi|Mamoswine, M|100/100
|-damage|p1a: Icy Boi|88/100|[from] Stealth Rock
|switch|p2a: Slowbro|Slowbro-Galar, M|100/100
|
|upkeep
|turn|11
|
|t:|1602041397
|move|p1a: Icy Boi|Earthquake|p2a: Slowbro
|-supereffective|p2a: Slowbro
|-damage|p2a: Slowbro|32/100
|-damage|p1a: Icy Boi|78/100|[from] item: Life Orb
|move|p2a: Slowbro|Nasty Plot|p2a: Slowbro
|-boost|p2a: Slowbro|spa|2
|
|upkeep
|turn|12
|
|t:|1602041404
|move|p1a: Icy Boi|Earthquake|p2a: Slowbro
|-supereffective|p2a: Slowbro
|-damage|p2a: Slowbro|0 fnt
|-damage|p1a: Icy Boi|68/100|[from] item: Life Orb
|faint|p2a: Slowbro
|
|upkeep
|
|t:|1602041429
|switch|p2a: Cobalion|Cobalion|8/100
|turn|13
|inactive|ok now i see ya has 120 seconds left.
|c|☆ok now i see ya|does this not die
|inactive|ok now i see ya has 90 seconds left.
|
|t:|1602041499
|switch|p2a: Polteageist|Polteageist|100/100
|switch|p1a: Dope|Slowbro, M|100/100 par
|
|upkeep
|turn|14
|inactive|ok now i see ya has 90 seconds left.
|
|t:|1602041504
|switch|p1a: Mojo Jojo|Zarude|100/100
|move|p2a: Polteageist|Shell Smash|p2a: Polteageist
|-unboost|p2a: Polteageist|def|1
|-unboost|p2a: Polteageist|spd|1
|-boost|p2a: Polteageist|atk|2
|-boost|p2a: Polteageist|spa|2
|-boost|p2a: Polteageist|spe|2
|
|-sideend|p2: randy melons|Reflect
|upkeep
|turn|15
|
|t:|1602041510
|move|p2a: Polteageist|Shadow Ball|p1a: Mojo Jojo
|-resisted|p1a: Mojo Jojo
|-damage|p1a: Mojo Jojo|55/100
|move|p1a: Mojo Jojo|Throat Chop|p2a: Polteageist
|-supereffective|p2a: Polteageist
|-enditem|p2a: Polteageist|Focus Sash
|-damage|p2a: Polteageist|1/100
|-start|p2a: Polteageist|Throat Chop|[silent]
|-ability|p2a: Polteageist|Weak Armor|boost
|-unboost|p2a: Polteageist|def|1
|-boost|p2a: Polteageist|spe|2
|
|-sideend|p2: randy melons|move: Light Screen
|upkeep
|turn|16
|
|t:|1602041516
|move|p2a: Polteageist|Shadow Ball|p1a: Mojo Jojo
|-resisted|p1a: Mojo Jojo
|-damage|p1a: Mojo Jojo|15/100
|move|p1a: Mojo Jojo|U-turn|p2a: Polteageist
|-resisted|p2a: Polteageist
|-damage|p2a: Polteageist|0 fnt
|faint|p2a: Polteageist
|
|t:|1602041526
|switch|p1a: Koba Leon|Cobalion|97/100|[from]move: U-turn
|-damage|p1a: Koba Leon|94/100|[from] Stealth Rock
|
|upkeep
|
|t:|1602041546
|switch|p2a: Cobalion|Cobalion|8/100
|turn|17
|
|t:|1602041553
|switch|p1a: Dope|Slowbro, M|100/100 par
|move|p2a: Cobalion|Close Combat|p1a: Dope
|-resisted|p1a: Dope
|-damage|p1a: Dope|85/100 par
|-unboost|p2a: Cobalion|def|1
|-unboost|p2a: Cobalion|spd|1
|
|upkeep
|turn|18
|
|t:|1602041558
|switch|p2a: Grimmsnarl|Grimmsnarl, M|78/100
|move|p1a: Dope|Teleport|p1a: Dope
|inactive|ok now i see ya has 120 seconds left.
|
|t:|1602041565
|switch|p1a: Bong|Weezing-Galar, M|99/100|[from]move: Teleport
|-damage|p1a: Bong|88/100|[from] Stealth Rock
|
|-heal|p1a: Bong|94/100|[from] item: Black Sludge
|upkeep
|turn|19
|
|t:|1602041569
|move|p2a: Grimmsnarl|Taunt|p1a: Bong
|-start|p1a: Bong|move: Taunt
|move|p1a: Bong|Sludge Bomb|p2a: Grimmsnarl
|-supereffective|p2a: Grimmsnarl
|-damage|p2a: Grimmsnarl|30/100
|
|-heal|p1a: Bong|99/100|[from] item: Black Sludge
|upkeep
|turn|20
|inactive|ok now i see ya has 120 seconds left.
|
|t:|1602041603
|switch|p1a: Koba Leon|Cobalion|94/100
|-damage|p1a: Koba Leon|91/100|[from] Stealth Rock
|move|p2a: Grimmsnarl|Light Screen|p2a: Grimmsnarl
|-sidestart|p2: randy melons|move: Light Screen
|
|upkeep
|turn|21
|
|t:|1602041608
|move|p2a: Grimmsnarl|Reflect|p2a: Grimmsnarl
|-sidestart|p2: randy melons|Reflect
|move|p1a: Koba Leon|Stealth Rock|p2a: Grimmsnarl
|-sidestart|p2: randy melons|move: Stealth Rock
|
|upkeep
|turn|22
|
|t:|1602041622
|switch|p2a: Necrozma|Necrozma|24/100
|-damage|p2a: Necrozma|12/100|[from] Stealth Rock
|move|p1a: Koba Leon|Volt Switch|p2a: Necrozma
|-damage|p2a: Necrozma|4/100
|
|t:|1602041628
|switch|p1a: Mojo Jojo|Zarude|15/100|[from]move: Volt Switch
|
|upkeep
|turn|23
|
|t:|1602041636
|move|p1a: Mojo Jojo|Synthesis|p1a: Mojo Jojo
|-heal|p1a: Mojo Jojo|65/100
|move|p2a: Necrozma|Photon Geyser|p1a: Mojo Jojo
|-immune|p1a: Mojo Jojo
|
|upkeep
|turn|24
|
|t:|1602041643
|move|p1a: Mojo Jojo|Synthesis|p1a: Mojo Jojo
|-heal|p1a: Mojo Jojo|100/100
|move|p2a: Necrozma|Heat Wave|p1a: Mojo Jojo
|-supereffective|p1a: Mojo Jojo
|-damage|p1a: Mojo Jojo|25/100
|
|upkeep
|turn|25
|
|t:|1602041673
|move|p1a: Mojo Jojo|U-turn|p2a: Necrozma
|-supereffective|p2a: Necrozma
|-crit|p2a: Necrozma
|-damage|p2a: Necrozma|0 fnt
|faint|p2a: Necrozma
|
|t:|1602041680
|switch|p1a: Icy Boi|Mamoswine, M|68/100|[from]move: U-turn
|-damage|p1a: Icy Boi|56/100|[from] Stealth Rock
|
|upkeep
|
|t:|1602041686
|switch|p2a: Incineroar|Incineroar, F|100/100
|-ability|p2a: Incineroar|Intimidate|boost
|-unboost|p1a: Icy Boi|atk|1
|turn|26
|
|t:|1602041690
|move|p1a: Icy Boi|Earthquake|p2a: Incineroar
|-supereffective|p2a: Incineroar
|-damage|p2a: Incineroar|43/100
|-damage|p1a: Icy Boi|46/100|[from] item: Life Orb
|move|p2a: Incineroar|Flame Charge|p1a: Icy Boi
|-supereffective|p1a: Icy Boi
|-damage|p1a: Icy Boi|17/100
|-boost|p2a: Incineroar|spe|1
|
|upkeep
|turn|27
|
|t:|1602041706
|move|p1a: Icy Boi|Ice Shard|p2a: Incineroar
|-resisted|p2a: Incineroar
|-damage|p2a: Incineroar|37/100
|-damage|p1a: Icy Boi|7/100|[from] item: Life Orb
|move|p2a: Incineroar|Knock Off|p1a: Icy Boi
|-damage|p1a: Icy Boi|0 fnt
|-enditem|p1a: Icy Boi|Life Orb|[from] move: Knock Off|[of] p2a: Incineroar
|faint|p1a: Icy Boi
|
|-sideend|p2: randy melons|move: Light Screen
|upkeep
|
|t:|1602041718
|switch|p1a: Bong|Weezing-Galar, M|99/100
|-damage|p1a: Bong|88/100|[from] Stealth Rock
|turn|28
|
|t:|1602041727
|switch|p2a: Cobalion|Cobalion|8/100
|-damage|p2a: Cobalion|5/100|[from] Stealth Rock
|move|p1a: Bong|Sludge Bomb|p2a: Cobalion
|-immune|p2a: Cobalion
|
|-heal|p1a: Bong|94/100|[from] item: Black Sludge
|-sideend|p2: randy melons|Reflect
|upkeep
|turn|29
|
|t:|1602041734
|switch|p2a: Grimmsnarl|Grimmsnarl, M|30/100
|-damage|p2a: Grimmsnarl|18/100|[from] Stealth Rock
|switch|p1a: Dope|Slowbro, M|100/100 par
|
|upkeep
|turn|30
|
|t:|1602041739
|move|p2a: Grimmsnarl|Light Screen|p2a: Grimmsnarl
|-sidestart|p2: randy melons|move: Light Screen
|move|p1a: Dope|Teleport|p1a: Dope
|
|t:|1602041750
|switch|p1a: Koba Leon|Cobalion|91/100|[from]move: Teleport
|-damage|p1a: Koba Leon|88/100|[from] Stealth Rock
|
|upkeep
|turn|31
|
|t:|1602041753
|move|p2a: Grimmsnarl|Reflect|p2a: Grimmsnarl
|-sidestart|p2: randy melons|Reflect
|move|p1a: Koba Leon|Iron Head|p2a: Grimmsnarl
|-supereffective|p2a: Grimmsnarl
|-damage|p2a: Grimmsnarl|0 fnt
|faint|p2a: Grimmsnarl
|
|upkeep
|
|t:|1602041764
|switch|p2a: Cobalion|Cobalion|5/100
|-damage|p2a: Cobalion|2/100|[from] Stealth Rock
|turn|32
|
|t:|1602041771
|switch|p1a: Mojo Jojo|Zarude|25/100
|switch|p2a: Incineroar|Incineroar, F|37/100
|-ability|p2a: Incineroar|Intimidate|boost
|-unboost|p1a: Mojo Jojo|atk|1
|
|upkeep
|turn|33
|
|t:|1602041776
|move|p1a: Mojo Jojo|U-turn|p2a: Incineroar
|-crit|p2a: Incineroar
|-damage|p2a: Incineroar|0 fnt
|faint|p2a: Incineroar
|-message|randy melons forfeited.
|
|win|ok now i see ya
|l|☆randy melons
|raw|ok now i see ya's rating: 1613 &rarr; <strong>1627</strong><br />(+14 for winning)
|raw|randy melons's rating: 1500 &rarr; <strong>1486</strong><br />(-14 for losing)
|l|☆ok now i see ya
