|raw|<div class="broadcast-blue"><strong>This battle is required to be public due to a player having a name starting with 'uult91w'.</div>
|j|☆UULT91w udon
|j|☆UULT91wdragonitenb
|t:|1652012101
|gametype|singles
|player|p1|UULT91w udon|dawn|1632
|player|p2|UULT91wdragonitenb|marlon|1566
|teamsize|p1|6
|teamsize|p2|6
|gen|8
|tier|[Gen 8] UU
|rated|
|rule|Sleep Clause Mod: Limit one foe put to sleep
|rule|Species Clause: Limit one of each Pokémon
|rule|OHKO Clause: OHKO moves are banned
|rule|Evasion Moves Clause: Evasion moves are banned
|rule|Endless Battle Clause: Forcing endless battles is banned
|rule|HP Percentage Mod: HP is shown in percentages
|rule|Dynamax Clause: You cannot dynamax
|clearpoke
|poke|p1|Hydreigon, M|
|poke|p1|Cobalion|
|poke|p1|Azumarill, F|
|poke|p1|Tangrowth, M|
|poke|p1|Moltres|
|poke|p1|Aegislash, M|
|poke|p2|Keldeo-Resolute|
|poke|p2|Salamence, F|
|poke|p2|Scizor, F|
|poke|p2|Amoonguss, M|
|poke|p2|Chansey, F|
|poke|p2|Excadrill, M|
|teampreview
|
|t:|1652012122
|start
|switch|p1a: Hydreigon|Hydreigon, M|100/100
|switch|p2a: Salamence|Salamence, F|100/100
|-ability|p2a: Salamence|Intimidate|boost
|-unboost|p1a: Hydreigon|atk|1
|turn|1
|j| chiharu haru
|j| UULT91W xujing
|inactive|Battle timer is ON: inactive players will automatically lose when time's up. (requested by UULT91wdragonitenb)
|
|t:|1652012136
|switch|p2a: Excadrill|Excadrill, M|100/100
|-ability|p2a: Excadrill|Mold Breaker
|move|p1a: Hydreigon|Draco Meteor|p2a: Excadrill
|-resisted|p2a: Excadrill
|-damage|p2a: Excadrill|58/100
|-unboost|p1a: Hydreigon|spa|2
|
|-heal|p2a: Excadrill|64/100|[from] item: Leftovers
|upkeep
|turn|2
|
|t:|1652012144
|switch|p1a: Moltres|Moltres|100/100
|move|p2a: Excadrill|Stealth Rock|p1a: Moltres
|-sidestart|p1: UULT91w udon|move: Stealth Rock
|
|-heal|p2a: Excadrill|70/100|[from] item: Leftovers
|upkeep
|turn|3
|
|t:|1652012148
|move|p1a: Moltres|Defog|p2a: Excadrill
|-unboost|p2a: Excadrill|evasion|1
|-sideend|p1: UULT91w udon|Stealth Rock|[from] move: Defog|[of] p1a: Moltres
|move|p2a: Excadrill|Toxic|p1a: Moltres
|-status|p1a: Moltres|tox
|
|-heal|p2a: Excadrill|76/100|[from] item: Leftovers
|-damage|p1a: Moltres|94/100 tox|[from] psn
|upkeep
|turn|4
|
|t:|1652012156
|switch|p2a: Salamence|Salamence, F|100/100
|-ability|p2a: Salamence|Intimidate|boost
|-unboost|p1a: Moltres|atk|1
|move|p1a: Moltres|Hurricane|p2a: Salamence
|-damage|p2a: Salamence|61/100
|
|-damage|p1a: Moltres|82/100 tox|[from] psn
|upkeep
|turn|5
|
|t:|1652012171
|switch|p1a: Azumarill|Azumarill, F|100/100
|move|p2a: Salamence|Roost|p2a: Salamence
|-heal|p2a: Salamence|100/100
|-singleturn|p2a: Salamence|move: Roost
|
|upkeep
|turn|6
|
|t:|1652012176
|switch|p2a: Amoonguss|Amoonguss, M|100/100
|move|p1a: Azumarill|Knock Off|p2a: Amoonguss
|-damage|p2a: Amoonguss|53/100
|-damage|p1a: Azumarill|84/100|[from] item: Rocky Helmet|[of] p2a: Amoonguss
|-enditem|p2a: Amoonguss|Rocky Helmet|[from] move: Knock Off|[of] p1a: Azumarill
|
|upkeep
|turn|7
|
|t:|1652012204
|switch|p1a: Hydreigon|Hydreigon, M|100/100
|move|p2a: Amoonguss|Spore|p1a: Hydreigon
|-status|p1a: Hydreigon|slp|[from] move: Spore
|
|upkeep
|turn|8
|
|t:|1652012213
|switch|p2a: Chansey|Chansey, F|100/100
|cant|p1a: Hydreigon|slp
|move|p1a: Hydreigon|Sleep Talk|p1a: Hydreigon
|move|p1a: Hydreigon|Draco Meteor|p2a: Chansey|[from]move: Sleep Talk
|-damage|p2a: Chansey|64/100
|-unboost|p1a: Hydreigon|spa|2
|
|upkeep
|turn|9
|
|t:|1652012219
|switch|p1a: Cobalion|Cobalion|100/100
|move|p2a: Chansey|Teleport|p2a: Chansey
|
|t:|1652012222
|switch|p2a: Keldeo|Keldeo-Resolute|100/100|[from]move: Teleport
|
|upkeep
|turn|10
|
|t:|1652012232
|switch|p1a: Tangrowth|Tangrowth, M|100/100
|switch|p2a: Scizor|Scizor, F|100/100
|
|upkeep
|turn|11
|
|t:|1652012238
|switch|p1a: Cobalion|Cobalion|100/100
|move|p2a: Scizor|U-turn|p1a: Cobalion
|-resisted|p1a: Cobalion
|-damage|p1a: Cobalion|89/100
|-damage|p2a: Scizor|84/100|[from] item: Rocky Helmet|[of] p1a: Cobalion
|
|t:|1652012242
|switch|p2a: Keldeo|Keldeo-Resolute|100/100|[from]move: U-turn
|
|upkeep
|turn|12
|
|t:|1652012244
|switch|p1a: Tangrowth|Tangrowth, M|100/100
|move|p2a: Keldeo|Scald|p1a: Tangrowth
|-resisted|p1a: Tangrowth
|-damage|p1a: Tangrowth|87/100
|-status|p1a: Tangrowth|brn
|
|-damage|p1a: Tangrowth|81/100 brn|[from] brn
|upkeep
|turn|13
|
|t:|1652012262
|switch|p2a: Amoonguss|Amoonguss, M|86/100
|move|p1a: Tangrowth|Knock Off|p2a: Amoonguss
|-damage|p2a: Amoonguss|81/100
|
|-damage|p1a: Tangrowth|75/100 brn|[from] brn
|upkeep
|turn|14
|j| oiivvvyi
|
|t:|1652012267
|switch|p1a: Cobalion|Cobalion|89/100
|switch|p2a: Salamence|Salamence, F|100/100
|-ability|p2a: Salamence|Intimidate|boost
|-unboost|p1a: Cobalion|atk|1
|
|upkeep
|turn|15
|
|t:|1652012276
|move|p1a: Cobalion|Stealth Rock|p2a: Salamence
|-sidestart|p2: UULT91wdragonitenb|move: Stealth Rock
|move|p2a: Salamence|Flamethrower|p1a: Cobalion
|-supereffective|p1a: Cobalion
|-damage|p1a: Cobalion|32/100
|
|upkeep
|turn|16
|
|t:|1652012282
|switch|p1a: Azumarill|Azumarill, F|84/100
|move|p2a: Salamence|Toxic|p1a: Azumarill
|-status|p1a: Azumarill|tox
|
|-damage|p1a: Azumarill|78/100 tox|[from] psn
|upkeep
|turn|17
|
|t:|1652012289
|switch|p2a: Amoonguss|Amoonguss, M|100/100
|-damage|p2a: Amoonguss|88/100|[from] Stealth Rock
|switch|p1a: Aegislash|Aegislash, M|100/100
|
|upkeep
|turn|18
|
|t:|1652012297
|switch|p1a: Cobalion|Cobalion|32/100
|switch|p2a: Chansey|Chansey, F|64/100
|-damage|p2a: Chansey|52/100|[from] Stealth Rock
|
|upkeep
|turn|19
|
|t:|1652012302
|switch|p2a: Salamence|Salamence, F|100/100
|-ability|p2a: Salamence|Intimidate|boost
|-unboost|p1a: Cobalion|atk|1
|move|p1a: Cobalion|Swords Dance|p1a: Cobalion
|-boost|p1a: Cobalion|atk|2
|
|upkeep
|turn|20
|
|t:|1652012309
|move|p1a: Cobalion|Stone Edge|p2a: Salamence
|-supereffective|p2a: Salamence
|-damage|p2a: Salamence|19/100
|move|p2a: Salamence|Flamethrower|p1a: Cobalion
|-supereffective|p1a: Cobalion
|-damage|p1a: Cobalion|0 fnt
|faint|p1a: Cobalion
|
|upkeep
|
|t:|1652012313
|switch|p1a: Aegislash|Aegislash, M|100/100
|turn|21
|
|t:|1652012324
|switch|p2a: Chansey|Chansey, F|52/100
|-damage|p2a: Chansey|39/100|[from] Stealth Rock
|-formechange|p1a: Aegislash|Aegislash-Blade||[from] ability: Stance Change
|move|p1a: Aegislash|Shadow Ball|p2a: Chansey
|-immune|p2a: Chansey
|
|upkeep
|turn|22
|
|t:|1652012327
|move|p1a: Aegislash|Close Combat|p2a: Chansey
|-supereffective|p2a: Chansey
|-damage|p2a: Chansey|0 fnt
|-unboost|p1a: Aegislash|def|1
|-unboost|p1a: Aegislash|spd|1
|faint|p2a: Chansey
|-damage|p1a: Aegislash|91/100|[from] item: Life Orb
|
|upkeep
|
|t:|1652012331
|switch|p2a: Excadrill|Excadrill, M|76/100
|-damage|p2a: Excadrill|73/100|[from] Stealth Rock
|-ability|p2a: Excadrill|Mold Breaker
|turn|23
|
|t:|1652012339
|switch|p1a: Moltres|Moltres|82/100 tox
|move|p2a: Excadrill|Stealth Rock|p1a: Moltres
|-sidestart|p1: UULT91w udon|move: Stealth Rock
|
|-heal|p2a: Excadrill|79/100|[from] item: Leftovers
|-damage|p1a: Moltres|76/100 tox|[from] psn
|upkeep
|turn|24
|
|t:|1652012348
|move|p1a: Moltres|Overheat|p2a: Excadrill
|-supereffective|p2a: Excadrill
|-damage|p2a: Excadrill|0 fnt
|-unboost|p1a: Moltres|spa|2
|faint|p2a: Excadrill
|
|-damage|p1a: Moltres|64/100 tox|[from] psn
|upkeep
|
|t:|1652012350
|switch|p2a: Keldeo|Keldeo-Resolute|100/100
|-damage|p2a: Keldeo|94/100|[from] Stealth Rock
|turn|25
|
|t:|1652012358
|move|p2a: Keldeo|Calm Mind|p2a: Keldeo
|-boost|p2a: Keldeo|spa|1
|-boost|p2a: Keldeo|spd|1
|move|p1a: Moltres|Hurricane|p2a: Keldeo
|-supereffective|p2a: Keldeo
|-crit|p2a: Keldeo
|-damage|p2a: Keldeo|0 fnt
|faint|p2a: Keldeo
|
|-damage|p1a: Moltres|45/100 tox|[from] psn
|upkeep
|c|☆UULT91wdragonitenb|lol
|-message|UULT91wdragonitenb forfeited.
|
|win|UULT91w udon
|raw|UULT91w udon's rating: 1632 &rarr; <strong>1648</strong><br />(+16 for winning)
|raw|UULT91wdragonitenb's rating: 1566 &rarr; <strong>1550</strong><br />(-16 for losing)
|l|☆UULT91wdragonitenb
|j|☆UULT91wdragonitenb
|player|p2|UULT91wdragonitenb|marlon
|l|☆UULT91w udon
|j| Rampagewebber
|l| Rampagewebber
|l|☆UULT91wdragonitenb
|player|p2|
|l| chiharu haru
|l| UULT91W xujing
|j| Rampagewebber
|l| Rampagewebber
|l| oiivvvyi
