|html|<div class="broadcast-blue"><strong>[Gen 8] UU is currently suspecting Terrakion! For information on how to participate check out the <a href="https://www.smogon.com/forums/threads/np-ss-uu-stage-8-3-rack-city.3678591/">suspect thread</a>.</strong></div>
|j|☆EliotEnRetar
|j|☆UU8T Hydro Left
|t:|1614769077
|player|p1|EliotEnRetar|falkner|1422
|player|p2|UU8T Hydro Left|lady-gen4|1213
|teamsize|p1|6
|teamsize|p2|6
|gametype|singles
|gen|8
|tier|[Gen 8] UU
|rated|
|clearpoke
|poke|p1|Crawdaunt, F|
|poke|p1|Rotom-Heat|
|poke|p1|Tapu Bulu|
|poke|p1|Sylveon, F|
|poke|p1|Scizor, F|
|poke|p1|Krookodile, M|
|poke|p2|Victini|
|poke|p2|Kommo-o, F|
|poke|p2|Scizor, F|
|poke|p2|Ribombee, F|
|poke|p2|Mamoswine, M|
|poke|p2|Tapu Bulu|
|rule|Sleep Clause Mod: Limit one foe put to sleep
|rule|Species Clause: Limit one of each Pokémon
|rule|OHKO Clause: OHKO moves are banned
|rule|Evasion Moves Clause: Evasion moves are banned
|rule|Endless Battle Clause: Forcing endless battles is banned
|rule|HP Percentage Mod: HP is shown in percentages
|rule|Dynamax Clause: You cannot dynamax
|teampreview
|inactive|Battle timer is ON: inactive players will automatically lose when time's up. (requested by UU8T Hydro Left)
|
|t:|1614769100
|start
|switch|p1a: Scizor|Scizor, F|100/100
|switch|p2a: Victini|Victini|100/100
|turn|1
|
|t:|1614769110
|switch|p1a: Rotom|Rotom-Heat|100/100
|move|p2a: Victini|U-turn|p1a: Rotom
|-resisted|p1a: Rotom
|-damage|p1a: Rotom|94/100
|
|t:|1614769117
|switch|p2a: Kommo-o|Kommo-o, F|100/100|[from]move: U-turn
|
|upkeep
|turn|2
|
|t:|1614769122
|move|p2a: Kommo-o|Clanging Scales|p1a: Rotom
|-damage|p1a: Rotom|37/100
|-unboost|p2a: Kommo-o|def|1
|-damage|p2a: Kommo-o|91/100|[from] item: Life Orb
|move|p1a: Rotom|Will-O-Wisp|p2a: Kommo-o
|-status|p2a: Kommo-o|brn
|
|-damage|p2a: Kommo-o|84/100 brn|[from] brn
|upkeep
|turn|3
|
|t:|1614769134
|switch|p1a: Sylveon|Sylveon, F|100/100
|move|p2a: Kommo-o|Stealth Rock|p1a: Sylveon
|-sidestart|p1: EliotEnRetar|move: Stealth Rock
|
|-damage|p2a: Kommo-o|78/100 brn|[from] brn
|upkeep
|turn|4
|
|t:|1614769149
|switch|p2a: Scizor|Scizor, F|100/100
|move|p1a: Sylveon|Wish|p1a: Sylveon
|
|upkeep
|turn|5
|
|t:|1614769153
|switch|p1a: Rotom|Rotom-Heat|37/100
|move|p2a: Scizor|U-turn|p1a: Rotom
|-resisted|p1a: Rotom
|-damage|p1a: Rotom|14/100
|
|t:|1614769158
|switch|p2a: Kommo-o|Kommo-o, F|78/100 brn|[from]move: U-turn
|
|-heal|p1a: Rotom|78/100|[from] move: Wish|[wisher] Sylveon
|-damage|p2a: Kommo-o|72/100 brn|[from] brn
|upkeep
|turn|6
|
|t:|1614769165
|move|p2a: Kommo-o|Clanging Scales|p1a: Rotom
|-damage|p1a: Rotom|14/100
|-unboost|p2a: Kommo-o|def|1
|-damage|p2a: Kommo-o|62/100 brn|[from] item: Life Orb
|move|p1a: Rotom|Defog|p2a: Kommo-o
|-unboost|p2a: Kommo-o|evasion|1
|-sideend|p1: EliotEnRetar|Stealth Rock|[from] move: Defog|[of] p1a: Rotom
|
|-damage|p2a: Kommo-o|56/100 brn|[from] brn
|upkeep
|turn|7
|
|t:|1614769179
|switch|p1a: Scizor|Scizor, F|100/100
|move|p2a: Kommo-o|Stealth Rock|p1a: Scizor
|-sidestart|p1: EliotEnRetar|move: Stealth Rock
|
|-damage|p2a: Kommo-o|50/100 brn|[from] brn
|upkeep
|turn|8
|
|t:|1614769199
|switch|p1a: Sylveon|Sylveon, F|100/100
|-damage|p1a: Sylveon|88/100|[from] Stealth Rock
|move|p2a: Kommo-o|Close Combat|p1a: Sylveon
|-resisted|p1a: Sylveon
|-damage|p1a: Sylveon|70/100
|-unboost|p2a: Kommo-o|def|1
|-unboost|p2a: Kommo-o|spd|1
|-damage|p2a: Kommo-o|40/100 brn|[from] item: Life Orb
|
|-heal|p1a: Sylveon|76/100|[from] item: Leftovers
|-damage|p2a: Kommo-o|33/100 brn|[from] brn
|upkeep
|turn|9
|
|t:|1614769211
|switch|p2a: Mamoswine|Mamoswine, M|100/100
|move|p1a: Sylveon|Hyper Voice|p2a: Mamoswine
|-damage|p2a: Mamoswine|46/100
|
|-heal|p1a: Sylveon|82/100|[from] item: Leftovers
|upkeep
|turn|10
|
|t:|1614769219
|move|p2a: Mamoswine|Earthquake|p1a: Sylveon
|-damage|p1a: Sylveon|0 fnt
|-damage|p2a: Mamoswine|37/100|[from] item: Life Orb
|faint|p1a: Sylveon
|
|upkeep
|
|t:|1614769227
|switch|p1a: Scizor|Scizor, F|100/100
|-damage|p1a: Scizor|88/100|[from] Stealth Rock
|turn|11
|
|t:|1614769234
|move|p2a: Mamoswine|Earthquake|p1a: Scizor
|-damage|p1a: Scizor|3/100
|-damage|p2a: Mamoswine|27/100|[from] item: Life Orb
|move|p1a: Scizor|U-turn|p2a: Mamoswine
|-damage|p2a: Mamoswine|0 fnt
|faint|p2a: Mamoswine
|
|t:|1614769245
|switch|p1a: Rotom|Rotom-Heat|14/100|[from]move: U-turn
|
|upkeep
|
|t:|1614769253
|switch|p2a: Ribombee|Ribombee, F|100/100
|turn|12
|
|t:|1614769257
|move|p2a: Ribombee|Moonblast|p1a: Rotom
|-resisted|p1a: Rotom
|-crit|p1a: Rotom
|-damage|p1a: Rotom|0 fnt
|faint|p1a: Rotom
|
|upkeep
|
|t:|1614769269
|switch|p1a: Crawdaunt|Crawdaunt, F|100/100
|-damage|p1a: Crawdaunt|88/100|[from] Stealth Rock
|turn|13
|
|t:|1614769276
|move|p2a: Ribombee|Moonblast|p1a: Crawdaunt
|-supereffective|p1a: Crawdaunt
|-damage|p1a: Crawdaunt|0 fnt
|faint|p1a: Crawdaunt
|
|upkeep
|
|t:|1614769283
|switch|p1a: Tapu Bulu|Tapu Bulu|100/100
|-damage|p1a: Tapu Bulu|88/100|[from] Stealth Rock
|-fieldstart|move: Grassy Terrain|[from] ability: Grassy Surge|[of] p1a: Tapu Bulu
|turn|14
|
|t:|1614769304
|move|p2a: Ribombee|Sticky Web|p1a: Tapu Bulu
|-sidestart|p1: EliotEnRetar|move: Sticky Web
|move|p1a: Tapu Bulu|Wood Hammer|p2a: Ribombee
|-resisted|p2a: Ribombee
|-damage|p2a: Ribombee|0 fnt
|-damage|p1a: Tapu Bulu|57/100|[from] Recoil
|faint|p2a: Ribombee
|
|-heal|p1a: Tapu Bulu|63/100|[from] Grassy Terrain
|upkeep
|
|t:|1614769308
|switch|p2a: Scizor|Scizor, F|100/100
|turn|15
|
|t:|1614769316
|switch|p1a: Scizor|Scizor, F|3/100
|-activate|p1a: Scizor|move: Sticky Web
|-unboost|p1a: Scizor|spe|1
|-damage|p1a: Scizor|0 fnt|[from] Stealth Rock
|faint|p1a: Scizor
|move|p2a: Scizor|Bullet Punch|p1: Scizor|[notarget]
|-fail|p2a: Scizor
|
|upkeep
|
|t:|1614769323
|switch|p1a: Krookodile|Krookodile, M|100/100
|-damage|p1a: Krookodile|94/100|[from] Stealth Rock
|-activate|p1a: Krookodile|move: Sticky Web
|-unboost|p1a: Krookodile|spe|1
|-ability|p1a: Krookodile|Intimidate|boost
|-unboost|p2a: Scizor|atk|1
|turn|16
|
|t:|1614769337
|switch|p2a: Kommo-o|Kommo-o, F|33/100 brn
|move|p1a: Krookodile|Fire Fang|p2a: Kommo-o
|-resisted|p2a: Kommo-o
|-damage|p2a: Kommo-o|24/100 brn
|
|-heal|p1a: Krookodile|100/100|[from] Grassy Terrain
|-heal|p2a: Kommo-o|30/100 brn|[from] Grassy Terrain
|-damage|p2a: Kommo-o|24/100 brn|[from] brn
|upkeep
|turn|17
|
|t:|1614769346
|switch|p1a: Tapu Bulu|Tapu Bulu|63/100
|-damage|p1a: Tapu Bulu|51/100|[from] Stealth Rock
|-activate|p1a: Tapu Bulu|move: Sticky Web
|-unboost|p1a: Tapu Bulu|spe|1
|move|p2a: Kommo-o|Poison Jab|p1a: Tapu Bulu
|-supereffective|p1a: Tapu Bulu
|-damage|p1a: Tapu Bulu|0 fnt
|-damage|p2a: Kommo-o|14/100 brn|[from] item: Life Orb
|faint|p1a: Tapu Bulu
|
|-heal|p2a: Kommo-o|20/100 brn|[from] Grassy Terrain
|-damage|p2a: Kommo-o|14/100 brn|[from] brn
|upkeep
|
|t:|1614769358
|switch|p1a: Krookodile|Krookodile, M|100/100
|-damage|p1a: Krookodile|94/100|[from] Stealth Rock
|-activate|p1a: Krookodile|move: Sticky Web
|-unboost|p1a: Krookodile|spe|1
|-ability|p1a: Krookodile|Intimidate|boost
|-unboost|p2a: Kommo-o|atk|1
|turn|18
|
|t:|1614769364
|move|p1a: Krookodile|High Horsepower|p2a: Kommo-o
|-damage|p2a: Kommo-o|0 fnt
|faint|p2a: Kommo-o
|
|-heal|p1a: Krookodile|100/100|[from] Grassy Terrain
|-fieldend|move: Grassy Terrain
|upkeep
|
|t:|1614769369
|switch|p2a: Tapu Bulu|Tapu Bulu|100/100
|-fieldstart|move: Grassy Terrain|[from] ability: Grassy Surge|[of] p2a: Tapu Bulu
|turn|19
|c|☆UU8T Hydro Left|Gg wp
|
|t:|1614769386
|move|p1a: Krookodile|High Horsepower|p2a: Tapu Bulu
|-resisted|p2a: Tapu Bulu
|-damage|p2a: Tapu Bulu|77/100
|move|p2a: Tapu Bulu|Wood Hammer|p1a: Krookodile
|-supereffective|p1a: Krookodile
|-damage|p1a: Krookodile|0 fnt
|-damage|p2a: Tapu Bulu|42/100|[from] Recoil
|faint|p1a: Krookodile
|
|win|UU8T Hydro Left
|c|☆EliotEnRetar|gg wp
|l|☆EliotEnRetar
|raw|EliotEnRetar's rating: 1422 &rarr; <strong>1392</strong><br />(-30 for losing)
|raw|UU8T Hydro Left's rating: 1213 &rarr; <strong>1252</strong><br />(+39 for winning)
