|j|☆gijion chilli
|j|☆ECarimbadass
|player|p1|gijion chilli|twins-gen4dp|1523
|player|p2|ECarimbadass|269|1393
|teamsize|p1|6
|teamsize|p2|6
|gametype|singles
|gen|8
|tier|[Gen 8] UU
|rated|
|clearpoke
|poke|p1|Machamp, F|
|poke|p1|Weavile, M|
|poke|p1|Duraludon, F|
|poke|p1|Weezing-Galar, M|
|poke|p1|Doublade, M|
|poke|p1|Gardevoir, M|
|poke|p2|Rhyperior, M|
|poke|p2|Polteageist|
|poke|p2|Duraludon, F|
|poke|p2|Cramorant, M|
|poke|p2|Durant, F|
|poke|p2|Milotic, F|
|rule|Sleep Clause Mod: Limit one foe put to sleep
|rule|Species Clause: Limit one of each Pokémon
|rule|OHKO Clause: OHKO moves are banned
|rule|Evasion Moves Clause: Evasion moves are banned
|rule|Endless Battle Clause: Forcing endless battles is banned
|rule|HP Percentage Mod: HP is shown in percentages
|rule|Dynamax Clause: You cannot dynamax
|teampreview
|
|start
|switch|p1a: Duraludon|Duraludon, F|100/100
|switch|p2a: Duraludon|Duraludon, F, shiny|100/100
|turn|1
|j| F(Erry) Master
|
|move|p2a: Duraludon|Dragon Pulse|p1a: Duraludon
|-damage|p1a: Duraludon|17/100
|move|p1a: Duraludon|Thunder Wave|p2a: Duraludon
|-status|p2a: Duraludon|par
|
|upkeep
|turn|2
|
|move|p1a: Duraludon|Stealth Rock|p2a: Duraludon
|-sidestart|p2: ECarimbadass|move: Stealth Rock
|move|p2a: Duraludon|Stealth Rock|p1a: Duraludon
|-sidestart|p1: gijion chilli|move: Stealth Rock
|
|upkeep
|turn|3
|
|move|p1a: Duraludon|Flash Cannon|p2a: Duraludon
|-resisted|p2a: Duraludon
|-damage|p2a: Duraludon|57/100 par
|cant|p2a: Duraludon|par
|
|upkeep
|turn|4
|
|move|p1a: Duraludon|Flash Cannon|p2a: Duraludon
|-resisted|p2a: Duraludon
|-damage|p2a: Duraludon|13/100 par
|move|p2a: Duraludon|Reflect|p2a: Duraludon
|-sidestart|p2: ECarimbadass|Reflect
|
|upkeep
|turn|5
|
|move|p1a: Duraludon|Flash Cannon|p2a: Duraludon
|-resisted|p2a: Duraludon
|-crit|p2a: Duraludon
|-damage|p2a: Duraludon|0 fnt
|faint|p2a: Duraludon
|
|upkeep
|
|switch|p2a: DuRekt|Durant, F|100/100
|-damage|p2a: DuRekt|88/100|[from] Stealth Rock
|turn|6
|
|move|p2a: DuRekt|First Impression|p1a: Duraludon|[miss]
|-miss|p2a: DuRekt|p1a: Duraludon
|move|p1a: Duraludon|Thunder Wave|p2a: DuRekt|[miss]
|-miss|p1a: Duraludon|p2a: DuRekt
|
|upkeep
|turn|7
|
|move|p2a: DuRekt|X-Scissor|p1a: Duraludon
|-resisted|p1a: Duraludon
|-damage|p1a: Duraludon|0 fnt
|faint|p1a: Duraludon
|
|upkeep
|
|switch|p1a: Gardevoir|Gardevoir, M|100/100
|-damage|p1a: Gardevoir|88/100|[from] Stealth Rock
|-ability|p1a: Gardevoir|Hustle|[from] ability: Trace|[of] p2a: DuRekt
|turn|8
|
|switch|p2a: Rhyperior|Rhyperior, M|100/100
|-damage|p2a: Rhyperior|94/100|[from] Stealth Rock
|move|p1a: Gardevoir|Mystical Fire|p2a: Rhyperior
|-resisted|p2a: Rhyperior
|-damage|p2a: Rhyperior|80/100
|-unboost|p2a: Rhyperior|spa|1
|
|upkeep
|turn|9
|
|switch|p1a: Weezing|Weezing-Galar, M|100/100
|-damage|p1a: Weezing|88/100|[from] Stealth Rock
|move|p2a: Rhyperior|Stone Edge|p1a: Weezing
|-crit|p1a: Weezing
|-damage|p1a: Weezing|15/100
|
|-heal|p1a: Weezing|21/100|[from] item: Black Sludge
|upkeep
|turn|10
|
|switch|p2a: Milotic|Milotic, F|100/100
|-damage|p2a: Milotic|88/100|[from] Stealth Rock
|move|p1a: Weezing|Strange Steam|p2a: Milotic
|-damage|p2a: Milotic|63/100
|
|-heal|p1a: Weezing|27/100|[from] item: Black Sludge
|-status|p2a: Milotic|brn|[from] item: Flame Orb
|upkeep
|turn|11
|
|switch|p1a: Machamp|Machamp, F|100/100
|-damage|p1a: Machamp|94/100|[from] Stealth Rock
|move|p2a: Milotic|Scald|p1a: Machamp
|-damage|p1a: Machamp|63/100
|
|-damage|p2a: Milotic|57/100 brn|[from] brn
|-sideend|p2: ECarimbadass|Reflect
|-status|p1a: Machamp|brn|[from] item: Flame Orb
|upkeep
|turn|12
|
|move|p1a: Machamp|Facade|p2a: Milotic
|-damage|p2a: Milotic|14/100 brn
|move|p2a: Milotic|Dragon Tail|p1a: Machamp|[miss]
|-miss|p2a: Milotic|p1a: Machamp
|
|-damage|p1a: Machamp|57/100 brn|[from] brn
|-damage|p2a: Milotic|8/100 brn|[from] brn
|upkeep
|turn|13
|
|move|p1a: Machamp|Knock Off|p2a: Milotic
|-crit|p2a: Milotic
|-damage|p2a: Milotic|0 fnt
|-enditem|p2a: Milotic|Flame Orb|[from] move: Knock Off|[of] p1a: Machamp
|faint|p2a: Milotic
|
|-damage|p1a: Machamp|51/100 brn|[from] brn
|upkeep
|
|switch|p2a: DuRekt|Durant, F|88/100
|-damage|p2a: DuRekt|76/100|[from] Stealth Rock
|turn|14
|
|switch|p1a: Doublade|Doublade, M|100/100
|-damage|p1a: Doublade|94/100|[from] Stealth Rock
|move|p2a: DuRekt|Iron Head|p1a: Doublade
|-resisted|p1a: Doublade
|-damage|p1a: Doublade|80/100
|
|upkeep
|turn|15
|
|switch|p2a: Rhyperior|Rhyperior, M|80/100
|-damage|p2a: Rhyperior|74/100|[from] Stealth Rock
|move|p1a: Doublade|Shadow Claw|p2a: Rhyperior
|-damage|p2a: Rhyperior|51/100
|
|upkeep
|turn|16
|
|switch|p1a: Weezing|Weezing-Galar, M|27/100
|-damage|p1a: Weezing|15/100|[from] Stealth Rock
|move|p2a: Rhyperior|Rock Polish|p2a: Rhyperior
|-boost|p2a: Rhyperior|spe|2
|
|-heal|p1a: Weezing|21/100|[from] item: Black Sludge
|upkeep
|turn|17
|
|move|p2a: Rhyperior|Stone Edge|p1a: Weezing|[miss]
|-miss|p2a: Rhyperior|p1a: Weezing
|move|p1a: Weezing|Strange Steam|p2a: Rhyperior
|-damage|p2a: Rhyperior|10/100
|
|-heal|p1a: Weezing|27/100|[from] item: Black Sludge
|upkeep
|turn|18
|
|move|p2a: Rhyperior|Stone Edge|p1a: Weezing
|-damage|p1a: Weezing|0 fnt
|faint|p1a: Weezing
|
|upkeep
|c|☆ECarimbadass|omg
|
|switch|p1a: Gardevoir|Gardevoir, M|88/100
|-damage|p1a: Gardevoir|76/100|[from] Stealth Rock
|-ability|p1a: Gardevoir|Solid Rock|[from] ability: Trace|[of] p2a: Rhyperior
|turn|19
|
|move|p1a: Gardevoir|Moonblast|p2a: Rhyperior
|-damage|p2a: Rhyperior|0 fnt
|faint|p2a: Rhyperior
|
|upkeep
|
|switch|p2a: DuRekt|Durant, F|76/100
|-damage|p2a: DuRekt|63/100|[from] Stealth Rock
|turn|20
|
|switch|p1a: Doublade|Doublade, M|80/100
|-damage|p1a: Doublade|74/100|[from] Stealth Rock
|switch|p2a: Cramorant|Cramorant, M|100/100
|
|upkeep
|turn|21
|
|switch|p1a: Weavile|Weavile, M|100/100
|-damage|p1a: Weavile|76/100|[from] Stealth Rock
|-ability|p1a: Weavile|Pressure
|move|p2a: Cramorant|Surf|p1a: Weavile
|-formechange|p2a: Cramorant|Cramorant-Gulping|
|-damage|p1a: Weavile|23/100
|
|upkeep
|turn|22
|
|move|p1a: Weavile|Knock Off|p2a: Cramorant
|-damage|p2a: Cramorant|0 fnt
|-damage|p1a: Weavile|0 fnt|[from] ability: Gulp Missile|[of] p2a: Cramorant
|-formechange|p2a: Cramorant|Cramorant|
|faint|p2a: Cramorant
|faint|p1a: Weavile
|
|upkeep
|
|switch|p1a: Machamp|Machamp, F|51/100 brn
|switch|p2a: ShouldBeUbers|Polteageist|100/100
|-damage|p2a: ShouldBeUbers|88/100|[from] Stealth Rock
|-damage|p1a: Machamp|44/100 brn|[from] Stealth Rock
|turn|23
|
|move|p1a: Machamp|Bullet Punch|p2a: ShouldBeUbers
|-damage|p2a: ShouldBeUbers|42/100
|move|p2a: ShouldBeUbers|Strength Sap|p1a: Machamp
|-unboost|p1a: Machamp|atk|1
|-heal|p2a: ShouldBeUbers|100/100
|
|-damage|p1a: Machamp|38/100 brn|[from] brn
|upkeep
|turn|24
|
|move|p2a: ShouldBeUbers|Shell Smash|p2a: ShouldBeUbers
|-unboost|p2a: ShouldBeUbers|def|1
|-unboost|p2a: ShouldBeUbers|spd|1
|-boost|p2a: ShouldBeUbers|atk|2
|-boost|p2a: ShouldBeUbers|spa|2
|-boost|p2a: ShouldBeUbers|spe|2
|-enditem|p2a: ShouldBeUbers|White Herb
|-clearnegativeboost|p2a: ShouldBeUbers|[silent]
|move|p1a: Machamp|Knock Off|p2a: ShouldBeUbers
|-supereffective|p2a: ShouldBeUbers
|-damage|p2a: ShouldBeUbers|9/100
|
|-damage|p1a: Machamp|32/100 brn|[from] brn
|upkeep
|turn|25
|
|move|p1a: Machamp|Bullet Punch|p2a: ShouldBeUbers
|-damage|p2a: ShouldBeUbers|0 fnt
|faint|p2a: ShouldBeUbers
|
|-damage|p1a: Machamp|26/100 brn|[from] brn
|upkeep
|-message|ECarimbadass forfeited.
|
|win|gijion chilli
|l|☆ECarimbadass
|raw|gijion chilli's rating: 1523 &rarr; <strong>1536</strong><br />(+13 for winning)
|raw|ECarimbadass's rating: 1394 &rarr; <strong>1381</strong><br />(-13 for losing)
