|j|☆ZT_PKM
|j|☆Liz Angeles
|t:|1664707102
|gametype|singles
|player|p1|ZT_PKM|lucas|1378
|player|p2|Liz Angeles|marley|1532
|teamsize|p1|6
|teamsize|p2|6
|gen|8
|tier|[Gen 8] UU
|rated|
|rule|Sleep Clause Mod: Limit one foe put to sleep
|rule|Species Clause: Limit one of each Pokémon
|rule|OHKO Clause: OHKO moves are banned
|rule|Evasion Items Clause: Evasion items are banned
|rule|Evasion Moves Clause: Evasion moves are banned
|rule|Endless Battle Clause: Forcing endless battles is banned
|rule|HP Percentage Mod: HP is shown in percentages
|rule|Dynamax Clause: You cannot dynamax
|clearpoke
|poke|p1|Nidoking, M|
|poke|p1|Kabutops, F|
|poke|p1|Tapu Bulu|
|poke|p1|Politoed, M|
|poke|p1|Skarmory, M|
|poke|p1|Thundurus-Therian, M|
|poke|p2|Nidoqueen, F|
|poke|p2|Mandibuzz, F|
|poke|p2|Scizor, F|
|poke|p2|Azelf|
|poke|p2|Noivern, M|
|poke|p2|Keldeo-Resolute|
|teampreview
|
|t:|1664707156
|start
|switch|p1a: Tapu Bulu|Tapu Bulu, shiny|100/100
|switch|p2a: Keldeo|Keldeo-Resolute|100/100
|-fieldstart|move: Grassy Terrain|[from] ability: Grassy Surge|[of] p1a: Tapu Bulu
|turn|1
|inactive|Battle timer is ON: inactive players will automatically lose when time's up. (requested by ZT_PKM)
|
|t:|1664707174
|switch|p1a: Politoed|Politoed, M, shiny|100/100
|-weather|RainDance|[from] ability: Drizzle|[of] p1a: Politoed
|switch|p2a: Scizor|Scizor, F|100/100
|
|-weather|RainDance|[upkeep]
|upkeep
|turn|2
|
|t:|1664707186
|move|p1a: Politoed|Weather Ball|p2a: Scizor
|-damage|p2a: Scizor|43/100
|move|p2a: Scizor|U-turn|p1a: Politoed
|-damage|p1a: Politoed|63/100
|
|t:|1664707204
|switch|p2a: Keldeo|Keldeo-Resolute|100/100|[from]move: U-turn
|
|-weather|RainDance|[upkeep]
|-heal|p1a: Politoed|69/100|[from] Grassy Terrain
|upkeep
|turn|3
|
|t:|1664707209
|switch|p1a: Tapu Bulu|Tapu Bulu, shiny|100/100
|move|p2a: Keldeo|Surf|p1a: Tapu Bulu
|-resisted|p1a: Tapu Bulu
|-damage|p1a: Tapu Bulu|34/100
|
|-weather|RainDance|[upkeep]
|-heal|p1a: Tapu Bulu|40/100|[from] Grassy Terrain
|upkeep
|turn|4
|
|t:|1664707218
|switch|p2a: Noivern|Noivern, M|100/100
|-item|p1a: Tapu Bulu|Choice Scarf|[from] ability: Frisk|[of] p2a: Noivern|[identify]
|move|p1a: Tapu Bulu|Horn Leech|p2a: Noivern
|-resisted|p2a: Noivern
|-damage|p2a: Noivern|82/100
|-heal|p1a: Tapu Bulu|50/100|[from] drain|[of] p2a: Noivern
|
|-weather|RainDance|[upkeep]
|-heal|p1a: Tapu Bulu|56/100|[from] Grassy Terrain
|upkeep
|turn|5
|
|t:|1664707234
|switch|p1a: Kabutops|Kabutops, F|100/100
|move|p2a: Noivern|U-turn|p1a: Kabutops
|-damage|p1a: Kabutops|86/100
|
|t:|1664707254
|switch|p2a: Keldeo|Keldeo-Resolute|100/100|[from]move: U-turn
|
|-weather|RainDance|[upkeep]
|-heal|p1a: Kabutops|92/100|[from] Grassy Terrain
|-fieldend|move: Grassy Terrain
|upkeep
|turn|6
|
|t:|1664707270
|switch|p1a: Tapu Bulu|Tapu Bulu, shiny|56/100
|-fieldstart|move: Grassy Terrain|[from] ability: Grassy Surge|[of] p1a: Tapu Bulu
|move|p2a: Keldeo|Surf|p1a: Tapu Bulu
|-resisted|p1a: Tapu Bulu
|-damage|p1a: Tapu Bulu|0 fnt
|faint|p1a: Tapu Bulu
|
|-weather|RainDance|[upkeep]
|upkeep
|
|t:|1664707279
|switch|p1a: Thundurus|Thundurus-Therian, M|100/100
|turn|7
|
|t:|1664707289
|move|p2a: Keldeo|Surf|p1a: Thundurus
|-damage|p1a: Thundurus|0 fnt
|faint|p1a: Thundurus
|
|-weather|RainDance|[upkeep]
|upkeep
|
|t:|1664707293
|switch|p1a: Kabutops|Kabutops, F|92/100
|turn|8
|
|t:|1664707296
|move|p1a: Kabutops|Stone Edge|p2a: Keldeo
|-resisted|p2a: Keldeo
|-damage|p2a: Keldeo|60/100
|-damage|p1a: Kabutops|82/100|[from] item: Life Orb
|move|p2a: Keldeo|Surf|p1a: Kabutops
|-damage|p1a: Kabutops|0 fnt
|faint|p1a: Kabutops
|
|-weather|none
|-heal|p2a: Keldeo|66/100|[from] Grassy Terrain
|upkeep
|-message|ZT_PKM forfeited.
|
|win|Liz Angeles
|raw|ZT_PKM's rating: 1378 &rarr; <strong>1366</strong><br />(-12 for losing)
|raw|Liz Angeles's rating: 1532 &rarr; <strong>1544</strong><br />(+12 for winning)
