|j|☆Goofballsunited
|j|☆Kla0Trixx
|t:|1623344942
|gametype|singles
|player|p1|Goofballsunited|clown|1306
|player|p2|Kla0Trixx|102|1539
|teamsize|p1|6
|teamsize|p2|6
|gen|8
|tier|[Gen 8] UU
|rated|
|rule|Sleep Clause Mod: Limit one foe put to sleep
|rule|Species Clause: Limit one of each Pokémon
|rule|OHKO Clause: OHKO moves are banned
|rule|Evasion Moves Clause: Evasion moves are banned
|rule|Endless Battle Clause: Forcing endless battles is banned
|rule|HP Percentage Mod: HP is shown in percentages
|rule|Dynamax Clause: You cannot dynamax
|clearpoke
|poke|p1|Ninetales-Alola, F|
|poke|p1|Zygarde-10%|
|poke|p1|Scolipede, M|
|poke|p1|Buzzwole|
|poke|p1|Celesteela|
|poke|p1|Raikou|
|poke|p2|Amoonguss, M|
|poke|p2|Rotom-Heat|
|poke|p2|Primarina, M|
|poke|p2|Jirachi|
|poke|p2|Mamoswine, M|
|poke|p2|Obstagoon, F|
|teampreview
|inactive|Battle timer is ON: inactive players will automatically lose when time's up. (requested by Goofballsunited)
|
|t:|1623344955
|start
|switch|p1a: Zygarde|Zygarde-10%, shiny|100/100
|switch|p2a: Primarina|Primarina, M|100/100
|-ability|p1a: Zygarde|Aura Break
|turn|1
|
|t:|1623344965
|move|p1a: Zygarde|Substitute|p1a: Zygarde
|-start|p1a: Zygarde|Substitute
|-damage|p1a: Zygarde|76/100
|move|p2a: Primarina|Flip Turn|p1a: Zygarde
|-end|p1a: Zygarde|Substitute
|
|t:|1623344971
|switch|p2a: Mamoswine|Mamoswine, M|100/100|[from]move: Flip Turn
|
|-heal|p1a: Zygarde|82/100|[from] item: Leftovers
|upkeep
|turn|2
|
|t:|1623344976
|switch|p1a: Buzzwole|Buzzwole, shiny|100/100
|move|p2a: Mamoswine|Icicle Crash|p1a: Buzzwole
|-crit|p1a: Buzzwole
|-damage|p1a: Buzzwole|48/100
|
|upkeep
|turn|3
|
|t:|1623344984
|switch|p2a: Primarina|Primarina, M|100/100
|move|p1a: Buzzwole|Roost|p1a: Buzzwole
|-heal|p1a: Buzzwole|98/100
|-singleturn|p1a: Buzzwole|move: Roost
|
|upkeep
|turn|4
|
|t:|1623344989
|switch|p1a: Celesteela|Celesteela, shiny|100/100
|move|p2a: Primarina|Scald|p1a: Celesteela
|-damage|p1a: Celesteela|32/100
|
|upkeep
|turn|5
|
|t:|1623344997
|move|p1a: Celesteela|Meteor Beam||[still]
|-prepare|p1a: Celesteela|Meteor Beam
|-boost|p1a: Celesteela|spa|1
|-enditem|p1a: Celesteela|Power Herb
|-anim|p1a: Celesteela|Meteor Beam|p2a: Primarina
|-damage|p2a: Primarina|53/100
|move|p2a: Primarina|Scald|p1a: Celesteela
|-damage|p1a: Celesteela|0 fnt
|faint|p1a: Celesteela
|
|upkeep
|
|t:|1623345002
|switch|p1a: Scolipede|Scolipede, M, shiny|100/100
|turn|6
|
|t:|1623345009
|switch|p2a: Rotom|Rotom-Heat|100/100
|move|p1a: Scolipede|Swords Dance|p1a: Scolipede
|-boost|p1a: Scolipede|atk|2
|
|-ability|p1a: Scolipede|Speed Boost|boost
|-boost|p1a: Scolipede|spe|1
|upkeep
|turn|7
|
|t:|1623345015
|move|p1a: Scolipede|Aqua Tail|p2a: Rotom
|-supereffective|p2a: Rotom
|-crit|p2a: Rotom
|-damage|p2a: Rotom|0 fnt
|faint|p2a: Rotom
|
|-ability|p1a: Scolipede|Speed Boost|boost
|-boost|p1a: Scolipede|spe|1
|upkeep
|
|t:|1623345029
|switch|p2a: Amoonguss|Amoonguss, M|100/100
|turn|8
|
|t:|1623345032
|move|p1a: Scolipede|Poison Jab|p2a: Amoonguss
|-damage|p2a: Amoonguss|46/100
|move|p2a: Amoonguss|Spore|p1a: Scolipede
|-status|p1a: Scolipede|slp|[from] move: Spore
|
|-heal|p2a: Amoonguss|52/100|[from] item: Black Sludge
|-ability|p1a: Scolipede|Speed Boost|boost
|-boost|p1a: Scolipede|spe|1
|upkeep
|turn|9
|
|t:|1623345040
|switch|p1a: Ninetales|Ninetales-Alola, F|100/100
|-weather|Hail|[from] ability: Snow Warning|[of] p1a: Ninetales
|switch|p2a: Mamoswine|Mamoswine, M|100/100
|
|-weather|Hail|[upkeep]
|upkeep
|turn|10
|
|t:|1623345048
|move|p1a: Ninetales|Aurora Veil|p1a: Ninetales
|-sidestart|p1: Goofballsunited|move: Aurora Veil
|move|p2a: Mamoswine|Earthquake|p1a: Ninetales
|-damage|p1a: Ninetales|50/100
|
|-weather|Hail|[upkeep]
|upkeep
|turn|11
|
|t:|1623345054
|switch|p2a: Jirachi|Jirachi|100/100
|move|p1a: Ninetales|Hypnosis|p2a: Jirachi|[miss]
|-miss|p1a: Ninetales|p2a: Jirachi
|
|-weather|Hail|[upkeep]
|-damage|p2a: Jirachi|94/100|[from] Hail
|-heal|p2a: Jirachi|100/100|[from] item: Leftovers
|upkeep
|turn|12
|
|t:|1623345059
|move|p1a: Ninetales|Hypnosis|p2a: Jirachi
|-status|p2a: Jirachi|slp|[from] move: Hypnosis
|cant|p2a: Jirachi|slp
|
|-weather|Hail|[upkeep]
|-damage|p2a: Jirachi|94/100 slp|[from] Hail
|-heal|p2a: Jirachi|100/100 slp|[from] item: Leftovers
|upkeep
|turn|13
|
|t:|1623345067
|switch|p1a: Zygarde|Zygarde-10%, shiny|82/100
|-ability|p1a: Zygarde|Aura Break
|-curestatus|p2a: Jirachi|slp|[msg]
|move|p2a: Jirachi|Stealth Rock|p1a: Zygarde
|-sidestart|p1: Goofballsunited|move: Stealth Rock
|
|-weather|none
|-heal|p1a: Zygarde|88/100|[from] item: Leftovers
|upkeep
|turn|14
|
|t:|1623345088
|switch|p2a: Mamoswine|Mamoswine, M|100/100
|move|p1a: Zygarde|Substitute|p1a: Zygarde
|-start|p1a: Zygarde|Substitute
|-damage|p1a: Zygarde|63/100
|
|-heal|p1a: Zygarde|69/100|[from] item: Leftovers
|-sideend|p1: Goofballsunited|move: Aurora Veil
|upkeep
|turn|15
|
|t:|1623345092
|move|p2a: Mamoswine|Ice Shard|p1a: Zygarde
|-supereffective|p1a: Zygarde
|-end|p1a: Zygarde|Substitute
|move|p1a: Zygarde|Glare|p2a: Mamoswine
|-status|p2a: Mamoswine|par
|
|-heal|p1a: Zygarde|75/100|[from] item: Leftovers
|upkeep
|turn|16
|
|t:|1623345099
|switch|p1a: Ninetales|Ninetales-Alola, F|50/100
|-weather|Hail|[from] ability: Snow Warning|[of] p1a: Ninetales
|move|p2a: Mamoswine|Ice Shard|p1a: Ninetales
|-resisted|p1a: Ninetales
|-damage|p1a: Ninetales|28/100
|
|-weather|Hail|[upkeep]
|upkeep
|turn|17
|
|t:|1623345106
|move|p2a: Mamoswine|Ice Shard|p1a: Ninetales
|-resisted|p1a: Ninetales
|-damage|p1a: Ninetales|6/100
|move|p1a: Ninetales|Aurora Veil|p1a: Ninetales
|-sidestart|p1: Goofballsunited|move: Aurora Veil
|
|-weather|Hail|[upkeep]
|upkeep
|turn|18
|
|t:|1623345113
|switch|p1a: Buzzwole|Buzzwole, shiny|98/100
|-damage|p1a: Buzzwole|86/100|[from] Stealth Rock
|switch|p2a: Jirachi|Jirachi|100/100
|
|-weather|Hail|[upkeep]
|-damage|p2a: Jirachi|94/100|[from] Hail
|-damage|p1a: Buzzwole|79/100|[from] Hail
|-heal|p2a: Jirachi|100/100|[from] item: Leftovers
|upkeep
|turn|19
|
|t:|1623345120
|move|p2a: Jirachi|Wish|p2a: Jirachi
|move|p1a: Buzzwole|Bulk Up|p1a: Buzzwole
|-boost|p1a: Buzzwole|atk|1
|-boost|p1a: Buzzwole|def|1
|
|-weather|Hail|[upkeep]
|-damage|p2a: Jirachi|94/100|[from] Hail
|-damage|p1a: Buzzwole|73/100|[from] Hail
|-heal|p2a: Jirachi|100/100|[from] item: Leftovers
|upkeep
|turn|20
|
|t:|1623345130
|switch|p2a: Primarina|Primarina, M|53/100
|move|p1a: Buzzwole|Drain Punch|p2a: Primarina
|-resisted|p2a: Primarina
|-damage|p2a: Primarina|23/100
|-heal|p1a: Buzzwole|87/100|[from] drain|[of] p2a: Primarina
|
|-weather|none
|-heal|p2a: Primarina|78/100|[from] move: Wish|[wisher] Jirachi
|upkeep
|turn|21
|
|t:|1623345140
|move|p1a: Buzzwole|Drain Punch|p2a: Primarina
|-resisted|p2a: Primarina
|-damage|p2a: Primarina|46/100
|-heal|p1a: Buzzwole|100/100|[from] drain|[of] p2a: Primarina
|move|p2a: Primarina|Moonblast|p1a: Buzzwole
|-supereffective|p1a: Buzzwole
|-damage|p1a: Buzzwole|0 fnt
|faint|p1a: Buzzwole
|
|-sideend|p1: Goofballsunited|move: Aurora Veil
|upkeep
|
|t:|1623345147
|switch|p1a: Raikou|Raikou, shiny|100/100
|-damage|p1a: Raikou|88/100|[from] Stealth Rock
|-ability|p1a: Raikou|Pressure
|turn|22
|
|t:|1623345163
|switch|p2a: Obstagoon|Obstagoon, F|100/100
|move|p1a: Raikou|Substitute|p1a: Raikou
|-start|p1a: Raikou|Substitute
|-damage|p1a: Raikou|63/100
|
|-heal|p1a: Raikou|69/100|[from] item: Leftovers
|-status|p2a: Obstagoon|brn|[from] item: Flame Orb
|upkeep
|turn|23
|
|t:|1623345167
|move|p1a: Raikou|Calm Mind|p1a: Raikou
|-boost|p1a: Raikou|spa|1
|-boost|p1a: Raikou|spd|1
|move|p2a: Obstagoon|Facade|p1a: Raikou
|-end|p1a: Raikou|Substitute
|
|-heal|p1a: Raikou|76/100|[from] item: Leftovers
|-damage|p2a: Obstagoon|94/100 brn|[from] brn
|upkeep
|turn|24
|
|t:|1623345174
|move|p1a: Raikou|Aura Sphere|p2a: Obstagoon
|-supereffective|p2a: Obstagoon
|-damage|p2a: Obstagoon|0 fnt
|faint|p2a: Obstagoon
|
|-heal|p1a: Raikou|82/100|[from] item: Leftovers
|upkeep
|
|t:|1623345190
|switch|p2a: Amoonguss|Amoonguss, M|85/100
|turn|25
|
|t:|1623345195
|move|p1a: Raikou|Substitute|p1a: Raikou
|-start|p1a: Raikou|Substitute
|-damage|p1a: Raikou|57/100
|move|p2a: Amoonguss|Sludge Bomb|p1a: Raikou
|-activate|p1a: Raikou|move: Substitute|[damage]
|
|-heal|p1a: Raikou|63/100|[from] item: Leftovers
|-heal|p2a: Amoonguss|91/100|[from] item: Black Sludge
|upkeep
|turn|26
|
|t:|1623345201
|move|p1a: Raikou|Calm Mind|p1a: Raikou
|-boost|p1a: Raikou|spa|1
|-boost|p1a: Raikou|spd|1
|move|p2a: Amoonguss|Sludge Bomb|p1a: Raikou
|-end|p1a: Raikou|Substitute
|
|-heal|p1a: Raikou|69/100|[from] item: Leftovers
|-heal|p2a: Amoonguss|97/100|[from] item: Black Sludge
|upkeep
|turn|27
|
|t:|1623345207
|move|p1a: Raikou|Substitute|p1a: Raikou
|-start|p1a: Raikou|Substitute
|-damage|p1a: Raikou|44/100
|move|p2a: Amoonguss|Sludge Bomb|p1a: Raikou
|-activate|p1a: Raikou|move: Substitute|[damage]
|
|-heal|p1a: Raikou|51/100|[from] item: Leftovers
|-heal|p2a: Amoonguss|100/100|[from] item: Black Sludge
|upkeep
|turn|28
|
|t:|1623345212
|move|p1a: Raikou|Thunderbolt|p2a: Amoonguss
|-resisted|p2a: Amoonguss
|-damage|p2a: Amoonguss|63/100
|move|p2a: Amoonguss|Sludge Bomb|p1a: Raikou
|-end|p1a: Raikou|Substitute
|
|-heal|p1a: Raikou|57/100|[from] item: Leftovers
|-heal|p2a: Amoonguss|69/100|[from] item: Black Sludge
|upkeep
|turn|29
|
|t:|1623345220
|move|p1a: Raikou|Calm Mind|p1a: Raikou
|-boost|p1a: Raikou|spa|1
|-boost|p1a: Raikou|spd|1
|move|p2a: Amoonguss|Sludge Bomb|p1a: Raikou
|-damage|p1a: Raikou|46/100
|
|-heal|p1a: Raikou|52/100|[from] item: Leftovers
|-heal|p2a: Amoonguss|75/100|[from] item: Black Sludge
|upkeep
|turn|30
|
|t:|1623345227
|move|p1a: Raikou|Substitute|p1a: Raikou
|-start|p1a: Raikou|Substitute
|-damage|p1a: Raikou|27/100
|move|p2a: Amoonguss|Sludge Bomb|p1a: Raikou
|-activate|p1a: Raikou|move: Substitute|[damage]
|
|-heal|p1a: Raikou|33/100|[from] item: Leftovers
|-heal|p2a: Amoonguss|81/100|[from] item: Black Sludge
|upkeep
|turn|31
|
|t:|1623345233
|move|p1a: Raikou|Calm Mind|p1a: Raikou
|-boost|p1a: Raikou|spa|1
|-boost|p1a: Raikou|spd|1
|move|p2a: Amoonguss|Sludge Bomb|p1a: Raikou
|-activate|p1a: Raikou|move: Substitute|[damage]
|
|-heal|p1a: Raikou|39/100|[from] item: Leftovers
|-heal|p2a: Amoonguss|87/100|[from] item: Black Sludge
|upkeep
|turn|32
|
|t:|1623345239
|move|p1a: Raikou|Thunderbolt|p2a: Amoonguss
|-resisted|p2a: Amoonguss
|-damage|p2a: Amoonguss|31/100
|move|p2a: Amoonguss|Giga Drain|p1a: Raikou
|-end|p1a: Raikou|Substitute
|-heal|p2a: Amoonguss|33/100|[from] drain|[of] p1a: Raikou
|
|-heal|p1a: Raikou|46/100|[from] item: Leftovers
|-heal|p2a: Amoonguss|39/100|[from] item: Black Sludge
|upkeep
|turn|33
|
|t:|1623345248
|move|p1a: Raikou|Substitute|p1a: Raikou
|-start|p1a: Raikou|Substitute
|-damage|p1a: Raikou|21/100
|move|p2a: Amoonguss|Sludge Bomb|p1a: Raikou
|-activate|p1a: Raikou|move: Substitute|[damage]
|
|-heal|p1a: Raikou|27/100|[from] item: Leftovers
|-heal|p2a: Amoonguss|45/100|[from] item: Black Sludge
|upkeep
|turn|34
|
|t:|1623345259
|switch|p2a: Primarina|Primarina, M|46/100
|move|p1a: Raikou|Thunderbolt|p2a: Primarina
|-supereffective|p2a: Primarina
|-damage|p2a: Primarina|0 fnt
|faint|p2a: Primarina
|
|-heal|p1a: Raikou|33/100|[from] item: Leftovers
|upkeep
|
|t:|1623345260
|switch|p2a: Amoonguss|Amoonguss, M|78/100
|turn|35
|
|t:|1623345268
|move|p1a: Raikou|Calm Mind|p1a: Raikou
|-boost|p1a: Raikou|spa|1
|-boost|p1a: Raikou|spd|1
|move|p2a: Amoonguss|Giga Drain|p1a: Raikou
|-activate|p1a: Raikou|move: Substitute|[damage]
|-heal|p2a: Amoonguss|80/100|[from] drain|[of] p1a: Raikou
|
|-heal|p1a: Raikou|39/100|[from] item: Leftovers
|-heal|p2a: Amoonguss|86/100|[from] item: Black Sludge
|upkeep
|turn|36
|
|t:|1623345278
|move|p1a: Raikou|Calm Mind|p1a: Raikou
|-boost|p1a: Raikou|spa|1
|-boost|p1a: Raikou|spd|1
|move|p2a: Amoonguss|Giga Drain|p1a: Raikou
|-activate|p1a: Raikou|move: Substitute|[damage]
|-heal|p2a: Amoonguss|89/100|[from] drain|[of] p1a: Raikou
|
|-heal|p1a: Raikou|46/100|[from] item: Leftovers
|-heal|p2a: Amoonguss|95/100|[from] item: Black Sludge
|upkeep
|turn|37
|
|t:|1623345284
|move|p1a: Raikou|Thunderbolt|p2a: Amoonguss
|-resisted|p2a: Amoonguss
|-damage|p2a: Amoonguss|9/100
|move|p2a: Amoonguss|Giga Drain|p1a: Raikou
|-crit|p1a: Raikou
|-end|p1a: Raikou|Substitute
|-heal|p2a: Amoonguss|10/100|[from] drain|[of] p1a: Raikou
|
|-heal|p1a: Raikou|52/100|[from] item: Leftovers
|-heal|p2a: Amoonguss|16/100|[from] item: Black Sludge
|upkeep
|turn|38
|
|t:|1623345293
|move|p1a: Raikou|Substitute|p1a: Raikou
|-start|p1a: Raikou|Substitute
|-damage|p1a: Raikou|27/100
|move|p2a: Amoonguss|Synthesis|p2a: Amoonguss
|-heal|p2a: Amoonguss|66/100
|
|-heal|p1a: Raikou|33/100|[from] item: Leftovers
|-heal|p2a: Amoonguss|72/100|[from] item: Black Sludge
|upkeep
|turn|39
|
|t:|1623345298
|switch|p2a: Mamoswine|Mamoswine, M|100/100 par
|move|p1a: Raikou|Thunderbolt|p2a: Mamoswine
|-immune|p2a: Mamoswine
|
|-heal|p1a: Raikou|39/100|[from] item: Leftovers
|upkeep
|turn|40
|
|t:|1623345302
|switch|p2a: Amoonguss|Amoonguss, M|100/100
|move|p1a: Raikou|Aura Sphere|p2a: Amoonguss
|-resisted|p2a: Amoonguss
|-damage|p2a: Amoonguss|49/100
|
|-heal|p1a: Raikou|46/100|[from] item: Leftovers
|-heal|p2a: Amoonguss|55/100|[from] item: Black Sludge
|upkeep
|turn|41
|
|t:|1623345309
|move|p1a: Raikou|Aura Sphere|p2a: Amoonguss
|-resisted|p2a: Amoonguss
|-damage|p2a: Amoonguss|11/100
|move|p2a: Amoonguss|Synthesis|p2a: Amoonguss
|-heal|p2a: Amoonguss|61/100
|
|-heal|p1a: Raikou|52/100|[from] item: Leftovers
|-heal|p2a: Amoonguss|67/100|[from] item: Black Sludge
|upkeep
|turn|42
|
|t:|1623345315
|switch|p2a: Mamoswine|Mamoswine, M|100/100 par
|move|p1a: Raikou|Aura Sphere|p2a: Mamoswine
|-supereffective|p2a: Mamoswine
|-damage|p2a: Mamoswine|0 fnt
|faint|p2a: Mamoswine
|
|-heal|p1a: Raikou|58/100|[from] item: Leftovers
|upkeep
|-message|Kla0Trixx forfeited.
|
|win|Goofballsunited
|l|☆Kla0Trixx
|raw|Goofballsunited's rating: 1306 &rarr; <strong>1338</strong><br />(+32 for winning)
|raw|Kla0Trixx's rating: 1539 &rarr; <strong>1507</strong><br />(-32 for losing)
