|j|☆Earthquake_7
|j|☆5 pia to the top
|t:|1660358605
|gametype|singles
|player|p1|Earthquake_7|brock|1482
|player|p2|5 pia to the top|#uutrio2ladder|1648
|teamsize|p1|6
|teamsize|p2|5
|gen|8
|tier|[Gen 8] UU
|rated|
|rule|Sleep Clause Mod: Limit one foe put to sleep
|rule|Species Clause: Limit one of each Pokémon
|rule|OHKO Clause: OHKO moves are banned
|rule|Evasion Items Clause: Evasion items are banned
|rule|Evasion Moves Clause: Evasion moves are banned
|rule|Endless Battle Clause: Forcing endless battles is banned
|rule|HP Percentage Mod: HP is shown in percentages
|rule|Dynamax Clause: You cannot dynamax
|clearpoke
|poke|p1|Blastoise, F|
|poke|p1|Politoed, F|
|poke|p1|Keldeo-Resolute|
|poke|p1|Azumarill, F|
|poke|p1|Kingdra, F|
|poke|p1|Ludicolo, M|
|poke|p2|Salamence, F|
|poke|p2|Chansey, F|
|poke|p2|Umbreon, F|
|poke|p2|Quagsire, M|
|poke|p2|Tangrowth, M|
|teampreview
|inactive|Battle timer is ON: inactive players will automatically lose when time's up. (requested by Earthquake_7)
|
|t:|1660358643
|start
|switch|p1a: Kingdra|Kingdra, F|100/100
|switch|p2a: tang ur wang|Tangrowth, M|100/100
|turn|1
|
|t:|1660358649
|switch|p2a: megan the eggin|Chansey, F|100/100
|move|p1a: Kingdra|Hurricane|p2a: megan the eggin
|-damage|p2a: megan the eggin|85/100
|-start|p2a: megan the eggin|confusion
|
|upkeep
|turn|2
|
|t:|1660358659
|switch|p1a: Azumarill|Azumarill, F|100/100
|-activate|p2a: megan the eggin|confusion
|move|p2a: megan the eggin|Stealth Rock|p1a: Azumarill
|-sidestart|p1: Earthquake_7|move: Stealth Rock
|
|upkeep
|turn|3
|
|t:|1660358668
|-activate|p2a: megan the eggin|confusion
|move|p2a: megan the eggin|Toxic|p1a: Azumarill
|-status|p1a: Azumarill|tox
|move|p1a: Azumarill|Play Rough|p2a: megan the eggin
|-damage|p2a: megan the eggin|46/100
|
|-damage|p1a: Azumarill|94/100 tox|[from] psn
|upkeep
|turn|4
|j| amogusroxyrrrr
|
|t:|1660358696
|-end|p2a: megan the eggin|confusion
|move|p2a: megan the eggin|Soft-Boiled|p2a: megan the eggin
|-heal|p2a: megan the eggin|96/100
|move|p1a: Azumarill|Liquidation|p2a: megan the eggin
|-damage|p2a: megan the eggin|64/100
|
|-damage|p1a: Azumarill|82/100 tox|[from] psn
|upkeep
|turn|5
|inactive|5 pia to the top has 120 seconds left.
|
|t:|1660358730
|switch|p1a: Kingdra|Kingdra, F|100/100
|-damage|p1a: Kingdra|88/100|[from] Stealth Rock
|move|p2a: megan the eggin|Soft-Boiled|p2a: megan the eggin
|-heal|p2a: megan the eggin|100/100
|
|upkeep
|turn|6
|
|t:|1660358737
|move|p1a: Kingdra|Flip Turn|p2a: megan the eggin
|-damage|p2a: megan the eggin|90/100
|
|t:|1660358753
|switch|p1a: Politoed|Politoed, F|100/100|[from]move: Flip Turn
|-damage|p1a: Politoed|88/100|[from] Stealth Rock
|-weather|RainDance|[from] ability: Drizzle|[of] p1a: Politoed
|move|p2a: megan the eggin|Seismic Toss|p1a: Politoed
|-damage|p1a: Politoed|62/100
|
|-weather|RainDance|[upkeep]
|upkeep
|turn|7
|inactive|5 pia to the top has 120 seconds left.
|
|t:|1660358763
|move|p1a: Politoed|Toxic|p2a: megan the eggin
|-status|p2a: megan the eggin|tox
|move|p2a: megan the eggin|Seismic Toss|p1a: Politoed
|-damage|p1a: Politoed|36/100
|
|-weather|RainDance|[upkeep]
|-damage|p2a: megan the eggin|84/100 tox|[from] psn
|upkeep
|turn|8
|
|t:|1660358783
|-curestatus|p2a: megan the eggin|tox|[from] ability: Natural Cure
|switch|p2a: umby wumby|Umbreon, F|100/100
|move|p1a: Politoed|Rest|p1a: Politoed
|-status|p1a: Politoed|slp|[from] move: Rest
|-heal|p1a: Politoed|100/100 slp|[silent]
|
|-weather|RainDance|[upkeep]
|upkeep
|turn|9
|
|t:|1660358796
|switch|p1a: Keldeo|Keldeo-Resolute|100/100
|-damage|p1a: Keldeo|94/100|[from] Stealth Rock
|move|p2a: umby wumby|Wish|p2a: umby wumby
|
|-weather|RainDance|[upkeep]
|upkeep
|turn|10
|
|t:|1660358810
|switch|p2a: tang ur wang|Tangrowth, M|100/100
|move|p1a: Keldeo|Secret Sword|p2a: tang ur wang
|-damage|p2a: tang ur wang|69/100
|
|-weather|RainDance|[upkeep]
|-heal|p2a: tang ur wang|100/100|[from] move: Wish|[wisher] umby wumby
|upkeep
|turn|11
|
|t:|1660358821
|switch|p1a: Ludicolo|Ludicolo, M|100/100
|-damage|p1a: Ludicolo|88/100|[from] Stealth Rock
|move|p2a: tang ur wang|Power Whip|p1a: Ludicolo
|-damage|p1a: Ludicolo|32/100
|
|-weather|RainDance|[upkeep]
|upkeep
|turn|12
|
|t:|1660358829
|move|p1a: Ludicolo|Ice Beam|p2a: tang ur wang
|-supereffective|p2a: tang ur wang
|-damage|p2a: tang ur wang|65/100
|move|p2a: tang ur wang|Sludge Bomb|p1a: Ludicolo
|-supereffective|p1a: Ludicolo
|-damage|p1a: Ludicolo|0 fnt
|faint|p1a: Ludicolo
|
|-weather|RainDance|[upkeep]
|upkeep
|
|t:|1660358833
|switch|p1a: Kingdra|Kingdra, F|88/100
|-damage|p1a: Kingdra|76/100|[from] Stealth Rock
|turn|13
|
|t:|1660358839
|switch|p2a: megan the eggin|Chansey, F|84/100
|move|p1a: Kingdra|Hurricane|p2a: megan the eggin
|-damage|p2a: megan the eggin|68/100
|-start|p2a: megan the eggin|confusion
|
|-weather|none
|upkeep
|turn|14
|
|t:|1660358850
|switch|p1a: Politoed|Politoed, F|100/100 slp
|-damage|p1a: Politoed|88/100 slp|[from] Stealth Rock
|-weather|RainDance|[from] ability: Drizzle|[of] p1a: Politoed
|-activate|p2a: megan the eggin|confusion
|move|p2a: megan the eggin|Soft-Boiled|p2a: megan the eggin
|-heal|p2a: megan the eggin|100/100
|
|-weather|RainDance|[upkeep]
|upkeep
|turn|15
|
|t:|1660358857
|switch|p1a: Keldeo|Keldeo-Resolute|94/100
|-damage|p1a: Keldeo|88/100|[from] Stealth Rock
|switch|p2a: tang ur wang|Tangrowth, M|98/100
|
|-weather|RainDance|[upkeep]
|upkeep
|turn|16
|
|t:|1660358860
|move|p1a: Keldeo|Air Slash|p2a: tang ur wang
|-supereffective|p2a: tang ur wang
|-damage|p2a: tang ur wang|64/100
|move|p2a: tang ur wang|Power Whip|p1a: Keldeo
|-supereffective|p1a: Keldeo
|-damage|p1a: Keldeo|0 fnt
|faint|p1a: Keldeo
|
|-weather|RainDance|[upkeep]
|upkeep
|
|t:|1660358869
|switch|p1a: Kingdra|Kingdra, F|76/100
|-damage|p1a: Kingdra|63/100|[from] Stealth Rock
|turn|17
|
|t:|1660358875
|switch|p2a: megan the eggin|Chansey, F|100/100
|move|p1a: Kingdra|Flip Turn|p2a: megan the eggin
|-damage|p2a: megan the eggin|83/100
|
|t:|1660358878
|switch|p1a: Blastoise|Blastoise, F|100/100|[from]move: Flip Turn
|-damage|p1a: Blastoise|88/100|[from] Stealth Rock
|
|-weather|RainDance|[upkeep]
|upkeep
|turn|18
|
|t:|1660358884
|move|p1a: Blastoise|Shell Smash|p1a: Blastoise
|-unboost|p1a: Blastoise|def|1
|-unboost|p1a: Blastoise|spd|1
|-boost|p1a: Blastoise|atk|2
|-boost|p1a: Blastoise|spa|2
|-boost|p1a: Blastoise|spe|2
|-enditem|p1a: Blastoise|White Herb
|-clearnegativeboost|p1a: Blastoise|[silent]
|move|p2a: megan the eggin|Toxic|p1a: Blastoise
|-status|p1a: Blastoise|tox
|
|-weather|RainDance|[upkeep]
|-damage|p1a: Blastoise|82/100 tox|[from] psn
|upkeep
|turn|19
|
|t:|1660358892
|move|p1a: Blastoise|Liquidation|p2a: megan the eggin
|-damage|p2a: megan the eggin|16/100
|move|p2a: megan the eggin|Soft-Boiled|p2a: megan the eggin
|-heal|p2a: megan the eggin|66/100
|
|-weather|RainDance|[upkeep]
|-damage|p1a: Blastoise|70/100 tox|[from] psn
|upkeep
|turn|20
|
|t:|1660358906
|switch|p2a: scary airy|Salamence, F|100/100
|-ability|p2a: scary airy|Intimidate|boost
|-unboost|p1a: Blastoise|atk|1
|move|p1a: Blastoise|Ice Punch|p2a: scary airy
|-supereffective|p2a: scary airy
|-damage|p2a: scary airy|0 fnt
|faint|p2a: scary airy
|
|-weather|RainDance|[upkeep]
|-damage|p1a: Blastoise|52/100 tox|[from] psn
|upkeep
|
|t:|1660358909
|switch|p2a: umby wumby|Umbreon, F|100/100
|turn|21
|j| no bad hoes
|
|t:|1660358915
|move|p1a: Blastoise|Shell Smash|p1a: Blastoise
|-unboost|p1a: Blastoise|def|1
|-unboost|p1a: Blastoise|spd|1
|-boost|p1a: Blastoise|atk|2
|-boost|p1a: Blastoise|spa|2
|-boost|p1a: Blastoise|spe|2
|move|p2a: umby wumby|Foul Play|p1a: Blastoise
|-damage|p1a: Blastoise|0 fnt
|faint|p1a: Blastoise
|
|-weather|none
|upkeep
|
|t:|1660358927
|switch|p1a: Politoed|Politoed, F|88/100 slp
|-damage|p1a: Politoed|76/100 slp|[from] Stealth Rock
|-weather|RainDance|[from] ability: Drizzle|[of] p1a: Politoed
|turn|22
|
|t:|1660358931
|switch|p2a: tang ur wang|Tangrowth, M|98/100
|cant|p1a: Politoed|slp
|
|-weather|RainDance|[upkeep]
|upkeep
|turn|23
|
|t:|1660358935
|move|p2a: tang ur wang|Power Whip|p1a: Politoed
|-supereffective|p1a: Politoed
|-damage|p1a: Politoed|8/100 slp
|cant|p1a: Politoed|slp
|
|-weather|RainDance|[upkeep]
|upkeep
|turn|24
|
|t:|1660358945
|-curestatus|p1a: Politoed|slp|[msg]
|move|p1a: Politoed|Rest|p1a: Politoed
|-status|p1a: Politoed|slp|[from] move: Rest
|-heal|p1a: Politoed|100/100 slp|[silent]
|move|p2a: tang ur wang|Knock Off|p1a: Politoed
|-damage|p1a: Politoed|83/100 slp
|-enditem|p1a: Politoed|Damp Rock|[from] move: Knock Off|[of] p2a: tang ur wang
|
|-weather|RainDance|[upkeep]
|upkeep
|turn|25
|
|t:|1660358951
|move|p2a: tang ur wang|Power Whip|p1a: Politoed
|-supereffective|p1a: Politoed
|-damage|p1a: Politoed|16/100 slp
|cant|p1a: Politoed|slp
|
|-weather|RainDance|[upkeep]
|upkeep
|turn|26
|
|t:|1660358957
|cant|p1a: Politoed|slp
|move|p2a: tang ur wang|Earthquake|p1a: Politoed
|-damage|p1a: Politoed|0 fnt
|faint|p1a: Politoed
|
|-weather|RainDance|[upkeep]
|upkeep
|
|t:|1660358960
|switch|p1a: Kingdra|Kingdra, F|63/100
|-damage|p1a: Kingdra|51/100|[from] Stealth Rock
|turn|27
|
|t:|1660358970
|switch|p2a: poggy froggy|Quagsire, M|100/100
|move|p1a: Kingdra|Flip Turn|p2a: poggy froggy
|-damage|p2a: poggy froggy|76/100
|
|t:|1660358972
|switch|p1a: Azumarill|Azumarill, F|82/100 tox|[from]move: Flip Turn
|-damage|p1a: Azumarill|69/100 tox|[from] Stealth Rock
|
|-weather|RainDance|[upkeep]
|-heal|p2a: poggy froggy|82/100|[from] item: Leftovers
|-damage|p1a: Azumarill|63/100 tox|[from] psn
|upkeep
|turn|28
|
|t:|1660358976
|switch|p2a: tang ur wang|Tangrowth, M|100/100
|move|p1a: Azumarill|Liquidation|p2a: tang ur wang
|-resisted|p2a: tang ur wang
|-damage|p2a: tang ur wang|74/100
|
|-weather|RainDance|[upkeep]
|-damage|p1a: Azumarill|50/100 tox|[from] psn
|upkeep
|-enditem|p1a: Azumarill|Sitrus Berry|[eat]
|-heal|p1a: Azumarill|75/100 tox|[from] item: Sitrus Berry
|turn|29
|
|t:|1660358985
|switch|p1a: Kingdra|Kingdra, F|51/100
|-damage|p1a: Kingdra|39/100|[from] Stealth Rock
|move|p2a: tang ur wang|Power Whip|p1a: Kingdra
|-damage|p1a: Kingdra|0 fnt
|faint|p1a: Kingdra
|
|-weather|none
|upkeep
|
|t:|1660358986
|switch|p1a: Azumarill|Azumarill, F|75/100 tox
|-damage|p1a: Azumarill|63/100 tox|[from] Stealth Rock
|turn|30
|
|t:|1660358990
|move|p2a: tang ur wang|Sludge Bomb|p1a: Azumarill
|-supereffective|p1a: Azumarill
|-damage|p1a: Azumarill|25/100 tox
|move|p1a: Azumarill|Play Rough|p2a: tang ur wang
|-crit|p2a: tang ur wang
|-damage|p2a: tang ur wang|20/100
|
|-damage|p1a: Azumarill|19/100 tox|[from] psn
|upkeep
|turn|31
|
|t:|1660358994
|move|p1a: Azumarill|Aqua Jet|p2a: tang ur wang
|-resisted|p2a: tang ur wang
|-damage|p2a: tang ur wang|12/100
|move|p2a: tang ur wang|Sludge Bomb|p1a: Azumarill
|-supereffective|p1a: Azumarill
|-damage|p1a: Azumarill|0 fnt
|faint|p1a: Azumarill
|
|win|5 pia to the top
|raw|Earthquake_7's rating: 1482 &rarr; <strong>1471</strong><br />(-11 for losing)
|raw|5 pia to the top's rating: 1648 &rarr; <strong>1659</strong><br />(+11 for winning)
|l|☆Earthquake_7
|l| no bad hoes
||Ladder isn't responding, score probably updated but might not have (Request timeout).
|l| amogusroxyrrrr
