|j|☆Goro Yagami
|j|☆Mimilucha
|t:|1660770296
|gametype|singles
|player|p1|Goro Yagami|170|
|player|p2|Mimilucha|lucas|
|teamsize|p1|6
|teamsize|p2|6
|gen|8
|tier|[Gen 8] UU
|rated|Tournament battle
|rule|Sleep Clause Mod: Limit one foe put to sleep
|rule|Species Clause: Limit one of each Pokémon
|rule|OHKO Clause: OHKO moves are banned
|rule|Evasion Items Clause: Evasion items are banned
|rule|Evasion Moves Clause: Evasion moves are banned
|rule|Endless Battle Clause: Forcing endless battles is banned
|rule|HP Percentage Mod: HP is shown in percentages
|rule|Dynamax Clause: You cannot dynamax
|clearpoke
|poke|p1|Thievul, M|
|poke|p1|Cobalion|
|poke|p1|Tangrowth, F|
|poke|p1|Reuniclus, M|
|poke|p1|Nihilego|
|poke|p1|Rotom-Wash|
|poke|p2|Thundurus-Therian, M|
|poke|p2|Diggersby, F|
|poke|p2|Amoonguss, F|
|poke|p2|Cobalion|
|poke|p2|Salamence, M|
|poke|p2|Primarina, F|
|teampreview
|inactive|Battle timer is ON: inactive players will automatically lose when time's up. (requested by Mimilucha)
|c|☆Goro Yagami|hf
|c|☆Mimilucha|wait
|c|☆Mimilucha|my team LOL
|c|☆Mimilucha|hf
|inactive|Goro Yagami has 120 seconds left.
|inactive|Mimilucha has 120 seconds left.
|
|t:|1660770347
|start
|switch|p1a: Tangrowth|Tangrowth, F|100/100
|switch|p2a: Diggersby|Diggersby, F|100/100
|turn|1
|
|t:|1660770353
|move|p2a: Diggersby|U-turn|p1a: Tangrowth
|-supereffective|p1a: Tangrowth
|-damage|p1a: Tangrowth|61/100
|
|t:|1660770356
|switch|p2a: Amoonguss|Amoonguss, F|100/100|[from]move: U-turn
|move|p1a: Tangrowth|Knock Off|p2a: Amoonguss
|-damage|p2a: Amoonguss|85/100
|-enditem|p2a: Amoonguss|Eject Button|[from] move: Knock Off|[of] p1a: Tangrowth
|
|upkeep
|turn|2
|
|t:|1660770372
|move|p1a: Tangrowth|Sludge Bomb|p2a: Amoonguss
|-damage|p2a: Amoonguss|66/100
|move|p2a: Amoonguss|Spore|p1a: Tangrowth
|-immune|p1a: Tangrowth
|
|upkeep
|turn|3
|
|t:|1660770380
|switch|p1a: Nihilego|Nihilego|100/100
|move|p2a: Amoonguss|Spore|p1a: Nihilego
|-status|p1a: Nihilego|slp|[from] move: Spore
|
|upkeep
|turn|4
|
|t:|1660770386
|switch|p2a: Cobalion|Cobalion|100/100
|cant|p1a: Nihilego|slp
|
|upkeep
|turn|5
|
|t:|1660770406
|switch|p1a: Rotom|Rotom-Wash|100/100
|move|p2a: Cobalion|Stealth Rock|p1a: Rotom
|-sidestart|p1: Goro Yagami|move: Stealth Rock
|
|upkeep
|turn|6
|
|t:|1660770412
|switch|p2a: Amoonguss|Amoonguss, F|99/100
|move|p1a: Rotom|Defog|p2a: Amoonguss
|-unboost|p2a: Amoonguss|evasion|1
|-sideend|p1: Goro Yagami|Stealth Rock|[from] move: Defog|[of] p1a: Rotom
|
|upkeep
|turn|7
|
|t:|1660770419
|switch|p1a: Thievul|Thievul, M|100/100
|switch|p2a: Cobalion|Cobalion|100/100
|
|upkeep
|turn|8
|
|t:|1660770426
|move|p2a: Cobalion|Volt Switch|p1a: Thievul
|-damage|p1a: Thievul|84/100
|
|t:|1660770428
|switch|p2a: Primarina|Primarina, F|100/100|[from]move: Volt Switch
|move|p1a: Thievul|Burning Jealousy|p2a: Primarina
|-resisted|p2a: Primarina
|-crit|p2a: Primarina
|-damage|p2a: Primarina|75/100
|
|-heal|p2a: Primarina|81/100|[from] item: Leftovers
|upkeep
|turn|9
|c|☆Goro Yagami|__critical hit__
|c|☆Mimilucha|25 !!
|
|t:|1660770454
|switch|p1a: Tangrowth|Tangrowth, F|94/100
|move|p2a: Primarina|Moonblast|p1a: Tangrowth
|-damage|p1a: Tangrowth|70/100
|-unboost|p1a: Tangrowth|spa|1
|
|-heal|p2a: Primarina|87/100|[from] item: Leftovers
|upkeep
|turn|10
|
|t:|1660770463
|switch|p2a: Amoonguss|Amoonguss, F|100/100
|switch|p1a: Thievul|Thievul, M|84/100
|
|upkeep
|turn|11
|
|t:|1660770472
|move|p1a: Thievul|Dark Pulse|p2a: Amoonguss
|-damage|p2a: Amoonguss|53/100
|move|p2a: Amoonguss|Sludge Bomb|p1a: Thievul
|-crit|p1a: Thievul
|-damage|p1a: Thievul|33/100
|
|upkeep
|turn|12
|
|t:|1660770481
|switch|p2a: Primarina|Primarina, F|87/100
|move|p1a: Thievul|Dark Pulse|p2a: Primarina
|-resisted|p2a: Primarina
|-damage|p2a: Primarina|57/100
|
|-heal|p2a: Primarina|63/100|[from] item: Leftovers
|upkeep
|turn|13
|
|t:|1660770487
|switch|p1a: Rotom|Rotom-Wash|100/100
|move|p2a: Primarina|Moonblast|p1a: Rotom
|-damage|p1a: Rotom|55/100
|-unboost|p1a: Rotom|spa|1
|
|-heal|p2a: Primarina|69/100|[from] item: Leftovers
|upkeep
|turn|14
|
|t:|1660770501
|switch|p2a: Amoonguss|Amoonguss, F|87/100
|move|p1a: Rotom|Trick|p2a: Amoonguss
|-activate|p1a: Rotom|move: Trick|[of] p2a: Amoonguss
|-item|p2a: Amoonguss|Choice Scarf|[from] move: Trick
|-enditem|p1a: Rotom|Choice Scarf|[silent]|[from] move: Trick
|
|upkeep
|turn|15
|
|t:|1660770508
|switch|p2a: Thundurus|Thundurus-Therian, M|100/100
|move|p1a: Rotom|Volt Switch|p2a: Thundurus
|-immune|p2a: Thundurus|[from] ability: Volt Absorb
|
|upkeep
|turn|16
|
|t:|1660770515
|switch|p1a: Tangrowth|Tangrowth, F|100/100
|move|p2a: Thundurus|Volt Switch|p1a: Tangrowth
|-resisted|p1a: Tangrowth
|-damage|p1a: Tangrowth|88/100
|
|t:|1660770518
|switch|p2a: Diggersby|Diggersby, F|100/100|[from]move: Volt Switch
|
|upkeep
|turn|17
|
|t:|1660770523
|move|p2a: Diggersby|U-turn|p1a: Tangrowth
|-supereffective|p1a: Tangrowth
|-damage|p1a: Tangrowth|50/100
|
|t:|1660770525
|switch|p2a: Amoonguss|Amoonguss, F|100/100|[from]move: U-turn
|move|p1a: Tangrowth|Focus Blast|p2a: Amoonguss
|-resisted|p2a: Amoonguss
|-damage|p2a: Amoonguss|88/100
|
|upkeep
|turn|18
|
|t:|1660770533
|switch|p2a: Primarina|Primarina, F|69/100
|switch|p1a: Nihilego|Nihilego|100/100 slp
|
|-heal|p2a: Primarina|75/100|[from] item: Leftovers
|upkeep
|turn|19
|
|t:|1660770539
|switch|p1a: Tangrowth|Tangrowth, F|83/100
|switch|p2a: Cobalion|Cobalion|100/100
|
|upkeep
|turn|20
|
|t:|1660770547
|move|p2a: Cobalion|Volt Switch|p1a: Tangrowth
|-resisted|p1a: Tangrowth
|-damage|p1a: Tangrowth|78/100
|
|t:|1660770551
|switch|p2a: Amoonguss|Amoonguss, F|100/100|[from]move: Volt Switch
|move|p1a: Tangrowth|Focus Blast|p2a: Amoonguss
|-resisted|p2a: Amoonguss
|-damage|p2a: Amoonguss|88/100
|
|upkeep
|turn|21
|j| Fus!0Nflare
|
|t:|1660770563
|switch|p2a: Salamence|Salamence, M|100/100
|-ability|p2a: Salamence|Intimidate|boost
|-unboost|p1a: Tangrowth|atk|1
|switch|p1a: Nihilego|Nihilego|100/100 slp
|
|upkeep
|turn|22
|
|t:|1660770574
|switch|p1a: Reuniclus|Reuniclus, M|100/100
|switch|p2a: Cobalion|Cobalion|100/100
|
|upkeep
|turn|23
|
|t:|1660770601
|move|p2a: Cobalion|Volt Switch|p1a: Reuniclus
|-damage|p1a: Reuniclus|89/100
|
|t:|1660770604
|switch|p2a: Amoonguss|Amoonguss, F|100/100|[from]move: Volt Switch
|move|p1a: Reuniclus|Psyshock|p2a: Amoonguss
|-supereffective|p2a: Amoonguss
|-damage|p2a: Amoonguss|41/100
|
|upkeep
|turn|24
|
|t:|1660770613
|switch|p2a: Primarina|Primarina, F|75/100
|move|p1a: Reuniclus|Psyshock|p2a: Primarina
|-damage|p2a: Primarina|34/100
|
|-heal|p2a: Primarina|40/100|[from] item: Leftovers
|upkeep
|turn|25
|
|t:|1660770620
|move|p2a: Primarina|Moonblast|p1a: Reuniclus
|-damage|p1a: Reuniclus|53/100
|-unboost|p1a: Reuniclus|spa|1
|move|p1a: Reuniclus|Psyshock|p2a: Primarina
|-damage|p2a: Primarina|11/100
|
|-heal|p2a: Primarina|17/100|[from] item: Leftovers
|upkeep
|turn|26
|
|t:|1660770629
|move|p2a: Primarina|Moonblast|p1a: Reuniclus
|-damage|p1a: Reuniclus|14/100
|move|p1a: Reuniclus|Recover|p1a: Reuniclus
|-heal|p1a: Reuniclus|64/100
|
|-heal|p2a: Primarina|23/100|[from] item: Leftovers
|upkeep
|turn|27
|
|t:|1660770635
|switch|p1a: Tangrowth|Tangrowth, F|100/100
|move|p2a: Primarina|Rest|p2a: Primarina
|-status|p2a: Primarina|slp|[from] move: Rest
|-heal|p2a: Primarina|100/100 slp|[silent]
|
|upkeep
|turn|28
|
|t:|1660770642
|switch|p2a: Salamence|Salamence, M|100/100
|-ability|p2a: Salamence|Intimidate|boost
|-unboost|p1a: Tangrowth|atk|1
|switch|p1a: Nihilego|Nihilego|100/100 slp
|
|upkeep
|turn|29
|
|t:|1660770646
|switch|p2a: Cobalion|Cobalion|100/100
|cant|p1a: Nihilego|slp
|
|upkeep
|turn|30
|
|t:|1660770662
|switch|p1a: Rotom|Rotom-Wash|55/100
|move|p2a: Cobalion|Stealth Rock|p1a: Rotom
|-sidestart|p1: Goro Yagami|move: Stealth Rock
|
|upkeep
|turn|31
|
|t:|1660770665
|move|p2a: Cobalion|Stone Edge|p1a: Rotom
|-damage|p1a: Rotom|28/100
|move|p1a: Rotom|Defog|p2a: Cobalion
|-unboost|p2a: Cobalion|evasion|1
|-sideend|p1: Goro Yagami|Stealth Rock|[from] move: Defog|[of] p1a: Rotom
|
|upkeep
|turn|32
|
|t:|1660770674
|switch|p1a: Cobalion|Cobalion|100/100
|move|p2a: Cobalion|Close Combat|p1a: Cobalion
|-supereffective|p1a: Cobalion
|-damage|p1a: Cobalion|11/100
|-unboost|p2a: Cobalion|def|1
|-unboost|p2a: Cobalion|spd|1
|-damage|p2a: Cobalion|84/100|[from] item: Rocky Helmet|[of] p1a: Cobalion
|
|upkeep
|turn|33
|
|t:|1660770684
|switch|p2a: Primarina|Primarina, F|100/100 slp
|move|p1a: Cobalion|Close Combat|p2a: Primarina
|-resisted|p2a: Primarina
|-damage|p2a: Primarina|73/100 slp
|-unboost|p1a: Cobalion|def|1
|-unboost|p1a: Cobalion|spd|1
|
|-heal|p2a: Primarina|79/100 slp|[from] item: Leftovers
|upkeep
|turn|34
|
|t:|1660770690
|move|p1a: Cobalion|Volt Switch|p2a: Primarina
|-supereffective|p2a: Primarina
|-damage|p2a: Primarina|62/100 slp
|
|t:|1660770703
|switch|p1a: Reuniclus|Reuniclus, M|64/100|[from]move: Volt Switch
|cant|p2a: Primarina|slp
|move|p2a: Primarina|Snore|p1a: Reuniclus
|-damage|p1a: Reuniclus|44/100
|
|-heal|p2a: Primarina|68/100 slp|[from] item: Leftovers
|upkeep
|turn|35
|
|t:|1660770714
|cant|p2a: Primarina|slp
|move|p2a: Primarina|Snore|p1a: Reuniclus
|-damage|p1a: Reuniclus|25/100
|move|p1a: Reuniclus|Recover|p1a: Reuniclus
|-heal|p1a: Reuniclus|75/100
|
|-heal|p2a: Primarina|74/100 slp|[from] item: Leftovers
|upkeep
|turn|36
|
|t:|1660770717
|-curestatus|p2a: Primarina|slp|[msg]
|move|p2a: Primarina|Calm Mind|p2a: Primarina
|-boost|p2a: Primarina|spa|1
|-boost|p2a: Primarina|spd|1
|move|p1a: Reuniclus|Thunder|p2a: Primarina
|-supereffective|p2a: Primarina
|-damage|p2a: Primarina|45/100
|-status|p2a: Primarina|par
|
|-heal|p2a: Primarina|51/100 par|[from] item: Leftovers
|upkeep
|turn|37
|
|t:|1660770721
|move|p1a: Reuniclus|Psyshock|p2a: Primarina
|-damage|p2a: Primarina|8/100 par
|move|p2a: Primarina|Rest|p2a: Primarina
|-status|p2a: Primarina|slp|[from] move: Rest
|-heal|p2a: Primarina|100/100 slp|[silent]
|
|upkeep
|turn|38
|
|t:|1660770727
|cant|p2a: Primarina|slp
|move|p2a: Primarina|Snore|p1a: Reuniclus
|-damage|p1a: Reuniclus|45/100
|move|p1a: Reuniclus|Trick|p2a: Primarina
|-activate|p1a: Reuniclus|move: Trick|[of] p2a: Primarina
|-item|p2a: Primarina|Sticky Barb|[from] move: Trick
|-item|p1a: Reuniclus|Leftovers|[from] move: Trick
|
|-heal|p1a: Reuniclus|52/100|[from] item: Leftovers
|-damage|p2a: Primarina|88/100 slp|[from] item: Sticky Barb
|upkeep
|turn|39
|
|t:|1660770735
|cant|p2a: Primarina|slp
|move|p2a: Primarina|Snore|p1a: Reuniclus
|-damage|p1a: Reuniclus|21/100
|move|p1a: Reuniclus|Recover|p1a: Reuniclus
|-heal|p1a: Reuniclus|71/100
|
|-heal|p1a: Reuniclus|77/100|[from] item: Leftovers
|-damage|p2a: Primarina|76/100 slp|[from] item: Sticky Barb
|upkeep
|turn|40
|
|t:|1660770741
|-curestatus|p2a: Primarina|slp|[msg]
|move|p2a: Primarina|Moonblast|p1a: Reuniclus
|-damage|p1a: Reuniclus|21/100
|move|p1a: Reuniclus|Recover|p1a: Reuniclus
|-heal|p1a: Reuniclus|71/100
|
|-heal|p1a: Reuniclus|77/100|[from] item: Leftovers
|-damage|p2a: Primarina|63/100|[from] item: Sticky Barb
|upkeep
|turn|41
|
|t:|1660770745
|move|p2a: Primarina|Moonblast|p1a: Reuniclus
|-damage|p1a: Reuniclus|19/100
|move|p1a: Reuniclus|Recover|p1a: Reuniclus
|-heal|p1a: Reuniclus|70/100
|
|-heal|p1a: Reuniclus|76/100|[from] item: Leftovers
|-damage|p2a: Primarina|51/100|[from] item: Sticky Barb
|upkeep
|turn|42
|
|t:|1660770750
|switch|p1a: Nihilego|Nihilego|100/100 slp
|move|p2a: Primarina|Moonblast|p1a: Nihilego
|-resisted|p1a: Nihilego
|-damage|p1a: Nihilego|80/100 slp
|
|-heal|p1a: Nihilego|86/100 slp|[from] item: Black Sludge
|-damage|p2a: Primarina|39/100|[from] item: Sticky Barb
|upkeep
|turn|43
|
|t:|1660770754
|switch|p1a: Tangrowth|Tangrowth, F|100/100
|switch|p2a: Cobalion|Cobalion|84/100
|
|upkeep
|turn|44
|
|t:|1660770758
|move|p2a: Cobalion|Volt Switch|p1a: Tangrowth
|-resisted|p1a: Tangrowth
|-damage|p1a: Tangrowth|97/100
|
|t:|1660770760
|switch|p2a: Salamence|Salamence, M|100/100|[from]move: Volt Switch
|-ability|p2a: Salamence|Intimidate|boost
|-unboost|p1a: Tangrowth|atk|1
|move|p1a: Tangrowth|Focus Blast|p2a: Salamence|[miss]
|-miss|p1a: Tangrowth|p2a: Salamence
|
|upkeep
|turn|45
|
|t:|1660770772
|switch|p2a: Cobalion|Cobalion|84/100
|move|p1a: Tangrowth|Knock Off|p2a: Cobalion
|-resisted|p2a: Cobalion
|-damage|p2a: Cobalion|78/100
|-damage|p1a: Tangrowth|80/100|[from] item: Rocky Helmet|[of] p2a: Cobalion
|-ability|p2a: Cobalion|Justified|boost
|-boost|p2a: Cobalion|atk|1
|-enditem|p2a: Cobalion|Rocky Helmet|[from] move: Knock Off|[of] p1a: Tangrowth
|
|upkeep
|turn|46
|
|t:|1660770780
|move|p2a: Cobalion|Volt Switch|p1a: Tangrowth
|-resisted|p1a: Tangrowth
|-crit|p1a: Tangrowth
|-damage|p1a: Tangrowth|74/100
|
|t:|1660770783
|switch|p2a: Amoonguss|Amoonguss, F|74/100|[from]move: Volt Switch
|move|p1a: Tangrowth|Focus Blast|p2a: Amoonguss
|-resisted|p2a: Amoonguss
|-damage|p2a: Amoonguss|61/100
|-unboost|p2a: Amoonguss|spd|1
|
|upkeep
|turn|47
|
|t:|1660770787
|switch|p2a: Cobalion|Cobalion|78/100
|switch|p1a: Nihilego|Nihilego|86/100 slp
|
|-heal|p1a: Nihilego|92/100 slp|[from] item: Black Sludge
|upkeep
|turn|48
|
|t:|1660770798
|switch|p1a: Tangrowth|Tangrowth, F|100/100
|move|p2a: Cobalion|Stealth Rock|p1a: Tangrowth
|-sidestart|p1: Goro Yagami|move: Stealth Rock
|
|upkeep
|turn|49
|
|t:|1660770806
|move|p2a: Cobalion|Volt Switch|p1a: Tangrowth
|-resisted|p1a: Tangrowth
|-damage|p1a: Tangrowth|96/100
|
|t:|1660770809
|switch|p2a: Amoonguss|Amoonguss, F|95/100|[from]move: Volt Switch
|move|p1a: Tangrowth|Sludge Bomb|p2a: Amoonguss
|-damage|p2a: Amoonguss|75/100
|
|upkeep
|turn|50
|
|t:|1660770819
|switch|p1a: Reuniclus|Reuniclus, M|76/100
|move|p2a: Amoonguss|Foul Play|p1a: Reuniclus
|-supereffective|p1a: Reuniclus
|-damage|p1a: Reuniclus|59/100
|
|-heal|p1a: Reuniclus|65/100|[from] item: Leftovers
|upkeep
|turn|51
|
|t:|1660770829
|switch|p2a: Diggersby|Diggersby, F|100/100
|move|p1a: Reuniclus|Psyshock|p2a: Diggersby
|-damage|p2a: Diggersby|45/100
|
|-heal|p1a: Reuniclus|71/100|[from] item: Leftovers
|upkeep
|turn|52
|
|t:|1660770834
|switch|p1a: Cobalion|Cobalion|11/100
|-damage|p1a: Cobalion|8/100|[from] Stealth Rock
|move|p2a: Diggersby|Knock Off|p1a: Cobalion
|-resisted|p1a: Cobalion
|-damage|p1a: Cobalion|0 fnt
|-damage|p2a: Diggersby|29/100|[from] item: Rocky Helmet|[of] p1a: Cobalion
|-enditem|p1a: Cobalion|Rocky Helmet|[from] move: Knock Off|[of] p2a: Diggersby
|faint|p1a: Cobalion
|
|upkeep
|
|t:|1660770854
|switch|p1a: Tangrowth|Tangrowth, F|100/100
|-damage|p1a: Tangrowth|88/100|[from] Stealth Rock
|turn|53
|
|t:|1660770857
|switch|p2a: Amoonguss|Amoonguss, F|100/100
|move|p1a: Tangrowth|Sludge Bomb|p2a: Amoonguss
|-damage|p2a: Amoonguss|79/100
|
|upkeep
|turn|54
|
|t:|1660770864
|switch|p1a: Reuniclus|Reuniclus, M|71/100
|move|p2a: Amoonguss|Sludge Bomb|p1a: Reuniclus
|-crit|p1a: Reuniclus
|-damage|p1a: Reuniclus|31/100
|
|-heal|p1a: Reuniclus|37/100|[from] item: Leftovers
|upkeep
|turn|55
|
|t:|1660770876
|switch|p2a: Primarina|Primarina, F|39/100
|move|p1a: Reuniclus|Recover|p1a: Reuniclus
|-heal|p1a: Reuniclus|87/100
|
|-heal|p1a: Reuniclus|93/100|[from] item: Leftovers
|-damage|p2a: Primarina|26/100|[from] item: Sticky Barb
|upkeep
|turn|56
|
|t:|1660770882
|move|p2a: Primarina|Moonblast|p1a: Reuniclus
|-damage|p1a: Reuniclus|59/100
|move|p1a: Reuniclus|Psyshock|p2a: Primarina
|-damage|p2a: Primarina|0 fnt
|faint|p2a: Primarina
|
|-heal|p1a: Reuniclus|65/100|[from] item: Leftovers
|upkeep
|
|t:|1660770885
|switch|p2a: Diggersby|Diggersby, F|29/100
|turn|57
|
|t:|1660770905
|switch|p1a: Rotom|Rotom-Wash|28/100
|-damage|p1a: Rotom|16/100|[from] Stealth Rock
|move|p2a: Diggersby|Knock Off|p1a: Rotom
|-damage|p1a: Rotom|0 fnt
|faint|p1a: Rotom
|
|upkeep
|
|t:|1660770909
|switch|p1a: Tangrowth|Tangrowth, F|100/100
|-damage|p1a: Tangrowth|88/100|[from] Stealth Rock
|turn|58
|
|t:|1660770919
|switch|p2a: Amoonguss|Amoonguss, F|100/100
|move|p1a: Tangrowth|Focus Blast|p2a: Amoonguss
|-resisted|p2a: Amoonguss
|-damage|p2a: Amoonguss|87/100
|
|upkeep
|turn|59
|
|t:|1660770926
|switch|p1a: Nihilego|Nihilego|92/100 slp
|-damage|p1a: Nihilego|79/100 slp|[from] Stealth Rock
|move|p2a: Amoonguss|Sludge Bomb|p1a: Nihilego
|-resisted|p1a: Nihilego
|-damage|p1a: Nihilego|74/100 slp
|
|-heal|p1a: Nihilego|80/100 slp|[from] item: Black Sludge
|upkeep
|turn|60
|
|t:|1660770940
|switch|p2a: Cobalion|Cobalion|78/100
|cant|p1a: Nihilego|slp
|
|-heal|p1a: Nihilego|87/100 slp|[from] item: Black Sludge
|upkeep
|turn|61
|
|t:|1660770949
|switch|p1a: Tangrowth|Tangrowth, F|100/100
|-damage|p1a: Tangrowth|88/100|[from] Stealth Rock
|move|p2a: Cobalion|Volt Switch|p1a: Tangrowth
|-resisted|p1a: Tangrowth
|-damage|p1a: Tangrowth|84/100
|j|+justdrew
|
|t:|1660770954
|switch|p2a: Diggersby|Diggersby, F|29/100|[from]move: Volt Switch
|
|upkeep
|turn|62
|l| Fus!0Nflare
|
|t:|1660770964
|switch|p1a: Thievul|Thievul, M|33/100
|-damage|p1a: Thievul|20/100|[from] Stealth Rock
|move|p2a: Diggersby|U-turn|p1a: Thievul
|-supereffective|p1a: Thievul
|-damage|p1a: Thievul|0 fnt
|faint|p1a: Thievul
|l|+justdrew
|
|t:|1660770972
|switch|p2a: Cobalion|Cobalion|78/100|[from]move: U-turn
|
|upkeep
|
|t:|1660770979
|switch|p1a: Reuniclus|Reuniclus, M|65/100
|turn|63
|
|t:|1660770985
|move|p2a: Cobalion|Volt Switch|p1a: Reuniclus
|-damage|p1a: Reuniclus|52/100
|
|t:|1660770987
|switch|p2a: Amoonguss|Amoonguss, F|100/100|[from]move: Volt Switch
|move|p1a: Reuniclus|Recover|p1a: Reuniclus
|-heal|p1a: Reuniclus|100/100
|
|upkeep
|turn|64
|
|t:|1660770993
|move|p2a: Amoonguss|Sludge Bomb|p1a: Reuniclus
|-damage|p1a: Reuniclus|77/100
|move|p1a: Reuniclus|Psyshock|p2a: Amoonguss
|-supereffective|p2a: Amoonguss
|-damage|p2a: Amoonguss|47/100
|
|-heal|p1a: Reuniclus|83/100|[from] item: Leftovers
|upkeep
|turn|65
|
|t:|1660771001
|switch|p2a: Thundurus|Thundurus-Therian, M|100/100
|move|p1a: Reuniclus|Recover|p1a: Reuniclus
|-heal|p1a: Reuniclus|100/100
|
|upkeep
|turn|66
|
|t:|1660771006
|move|p2a: Thundurus|Volt Switch|p1a: Reuniclus
|-damage|p1a: Reuniclus|61/100
|
|t:|1660771010
|switch|p2a: Salamence|Salamence, M|100/100|[from]move: Volt Switch
|-ability|p2a: Salamence|Intimidate|boost
|-unboost|p1a: Reuniclus|atk|1
|move|p1a: Reuniclus|Psyshock|p2a: Salamence
|-damage|p2a: Salamence|70/100
|
|-heal|p1a: Reuniclus|67/100|[from] item: Leftovers
|upkeep
|turn|67
|
|t:|1660771016
|move|p2a: Salamence|Flamethrower|p1a: Reuniclus
|-damage|p1a: Reuniclus|47/100
|move|p1a: Reuniclus|Recover|p1a: Reuniclus
|-heal|p1a: Reuniclus|97/100
|
|-heal|p1a: Reuniclus|100/100|[from] item: Leftovers
|upkeep
|turn|68
|
|t:|1660771021
|switch|p1a: Nihilego|Nihilego|87/100 slp
|-damage|p1a: Nihilego|74/100 slp|[from] Stealth Rock
|move|p2a: Salamence|Flamethrower|p1a: Nihilego
|-resisted|p1a: Nihilego
|-damage|p1a: Nihilego|66/100 slp
|
|-heal|p1a: Nihilego|72/100 slp|[from] item: Black Sludge
|upkeep
|turn|69
|
|t:|1660771029
|switch|p2a: Cobalion|Cobalion|78/100
|-curestatus|p1a: Nihilego|slp|[msg]
|move|p1a: Nihilego|Stealth Rock|p2a: Cobalion
|-sidestart|p2: Mimilucha|move: Stealth Rock
|
|-heal|p1a: Nihilego|78/100|[from] item: Black Sludge
|upkeep
|turn|70
|
|t:|1660771038
|switch|p1a: Tangrowth|Tangrowth, F|100/100
|-damage|p1a: Tangrowth|88/100|[from] Stealth Rock
|move|p2a: Cobalion|Volt Switch|p1a: Tangrowth
|-resisted|p1a: Tangrowth
|-damage|p1a: Tangrowth|84/100
|
|t:|1660771044
|switch|p2a: Amoonguss|Amoonguss, F|81/100|[from]move: Volt Switch
|-damage|p2a: Amoonguss|68/100|[from] Stealth Rock
|
|upkeep
|turn|71
|j| JP_PN
|
|t:|1660771051
|move|p2a: Amoonguss|Sludge Bomb|p1a: Tangrowth
|-supereffective|p1a: Tangrowth
|-damage|p1a: Tangrowth|53/100
|move|p1a: Tangrowth|Focus Blast|p2a: Amoonguss
|-resisted|p2a: Amoonguss
|-damage|p2a: Amoonguss|55/100
|
|upkeep
|turn|72
|
|t:|1660771058
|switch|p1a: Nihilego|Nihilego|78/100
|-damage|p1a: Nihilego|65/100|[from] Stealth Rock
|move|p2a: Amoonguss|Sludge Bomb|p1a: Nihilego
|-resisted|p1a: Nihilego
|-damage|p1a: Nihilego|61/100
|
|-heal|p1a: Nihilego|67/100|[from] item: Black Sludge
|upkeep
|turn|73
|l| JP_PN
|
|t:|1660771063
|move|p1a: Nihilego|Power Gem|p2a: Amoonguss
|-damage|p2a: Amoonguss|16/100
|move|p2a: Amoonguss|Sludge Bomb|p1a: Nihilego
|-resisted|p1a: Nihilego
|-damage|p1a: Nihilego|61/100
|
|-heal|p1a: Nihilego|67/100|[from] item: Black Sludge
|upkeep
|turn|74
|
|t:|1660771071
|switch|p1a: Reuniclus|Reuniclus, M|100/100
|switch|p2a: Cobalion|Cobalion|78/100
|-damage|p2a: Cobalion|75/100|[from] Stealth Rock
|
|upkeep
|turn|75
|
|t:|1660771078
|move|p2a: Cobalion|Volt Switch|p1a: Reuniclus
|-damage|p1a: Reuniclus|88/100
|
|t:|1660771080
|switch|p2a: Salamence|Salamence, M|70/100|[from]move: Volt Switch
|-ability|p2a: Salamence|Intimidate|boost
|-unboost|p1a: Reuniclus|atk|1
|move|p1a: Reuniclus|Psyshock|p2a: Salamence
|-damage|p2a: Salamence|41/100
|
|-heal|p1a: Reuniclus|95/100|[from] item: Leftovers
|upkeep
|turn|76
|
|t:|1660771091
|move|p2a: Salamence|Flamethrower|p1a: Reuniclus
|-damage|p1a: Reuniclus|74/100
|move|p1a: Reuniclus|Thunder|p2a: Salamence
|-damage|p2a: Salamence|8/100
|-status|p2a: Salamence|par
|
|-heal|p1a: Reuniclus|81/100|[from] item: Leftovers
|upkeep
|turn|77
|
|t:|1660771099
|move|p2a: Salamence|Flamethrower|p1a: Reuniclus
|-damage|p1a: Reuniclus|58/100
|-status|p1a: Reuniclus|brn
|move|p1a: Reuniclus|Psyshock|p2a: Salamence
|-damage|p2a: Salamence|0 fnt
|faint|p2a: Salamence
|
|-heal|p1a: Reuniclus|65/100 brn|[from] item: Leftovers
|upkeep
|
|t:|1660771103
|switch|p2a: Diggersby|Diggersby, F|29/100
|-damage|p2a: Diggersby|23/100|[from] Stealth Rock
|turn|78
|
|t:|1660771117
|switch|p1a: Nihilego|Nihilego|67/100
|-damage|p1a: Nihilego|55/100|[from] Stealth Rock
|move|p2a: Diggersby|Knock Off|p1a: Nihilego
|-damage|p1a: Nihilego|0 fnt
|-enditem|p1a: Nihilego|Black Sludge|[from] move: Knock Off|[of] p2a: Diggersby
|faint|p1a: Nihilego
|
|upkeep
|
|t:|1660771119
|switch|p1a: Tangrowth|Tangrowth, F|86/100
|-damage|p1a: Tangrowth|74/100|[from] Stealth Rock
|turn|79
|
|t:|1660771135
|switch|p2a: Thundurus|Thundurus-Therian, M|100/100
|move|p1a: Tangrowth|Knock Off|p2a: Thundurus
|-damage|p2a: Thundurus|68/100
|-enditem|p2a: Thundurus|Heavy-Duty Boots|[from] move: Knock Off|[of] p1a: Tangrowth
|
|upkeep
|turn|80
|
|t:|1660771144
|move|p2a: Thundurus|Grass Knot|p1a: Tangrowth
|-resisted|p1a: Tangrowth
|-damage|p1a: Tangrowth|64/100
|move|p1a: Tangrowth|Knock Off|p2a: Thundurus
|-damage|p2a: Thundurus|46/100
|
|upkeep
|turn|81
|
|t:|1660771154
|move|p2a: Thundurus|Volt Switch|p1a: Tangrowth
|-resisted|p1a: Tangrowth
|-damage|p1a: Tangrowth|52/100
|
|t:|1660771156
|switch|p2a: Amoonguss|Amoonguss, F|49/100|[from]move: Volt Switch
|-damage|p2a: Amoonguss|37/100|[from] Stealth Rock
|move|p1a: Tangrowth|Knock Off|p2a: Amoonguss
|-damage|p2a: Amoonguss|20/100
|-enditem|p2a: Amoonguss|Choice Scarf|[from] move: Knock Off|[of] p1a: Tangrowth
|
|upkeep
|turn|82
|
|t:|1660771164
|switch|p1a: Reuniclus|Reuniclus, M|65/100 brn
|switch|p2a: Cobalion|Cobalion|75/100
|-damage|p2a: Cobalion|72/100|[from] Stealth Rock
|
|-heal|p1a: Reuniclus|71/100 brn|[from] item: Leftovers
|upkeep
|turn|83
|
|t:|1660771173
|move|p2a: Cobalion|Stone Edge|p1a: Reuniclus
|-damage|p1a: Reuniclus|48/100 brn
|move|p1a: Reuniclus|Recover|p1a: Reuniclus
|-heal|p1a: Reuniclus|98/100 brn
|
|-heal|p1a: Reuniclus|100/100 brn|[from] item: Leftovers
|upkeep
|turn|84
|
|t:|1660771183
|move|p2a: Cobalion|Volt Switch|p1a: Reuniclus
|-damage|p1a: Reuniclus|88/100 brn
|
|t:|1660771185
|switch|p2a: Thundurus|Thundurus-Therian, M|46/100|[from]move: Volt Switch
|-damage|p2a: Thundurus|21/100|[from] Stealth Rock
|move|p1a: Reuniclus|Psyshock|p2a: Thundurus
|-damage|p2a: Thundurus|0 fnt
|faint|p2a: Thundurus
|
|-heal|p1a: Reuniclus|94/100 brn|[from] item: Leftovers
|upkeep
|
|t:|1660771187
|switch|p2a: Diggersby|Diggersby, F|23/100
|-damage|p2a: Diggersby|17/100|[from] Stealth Rock
|turn|85
|
|t:|1660771202
|switch|p1a: Tangrowth|Tangrowth, F|85/100
|-damage|p1a: Tangrowth|73/100|[from] Stealth Rock
|move|p2a: Diggersby|Knock Off|p1a: Tangrowth
|-damage|p1a: Tangrowth|45/100
|-enditem|p1a: Tangrowth|Assault Vest|[from] move: Knock Off|[of] p2a: Diggersby
|
|upkeep
|turn|86
|
|t:|1660771213
|switch|p2a: Cobalion|Cobalion|72/100
|-damage|p2a: Cobalion|69/100|[from] Stealth Rock
|move|p1a: Tangrowth|Sludge Bomb|p2a: Cobalion
|-immune|p2a: Cobalion
|
|upkeep
|turn|87
|
|t:|1660771219
|move|p2a: Cobalion|Volt Switch|p1a: Tangrowth
|-resisted|p1a: Tangrowth
|-damage|p1a: Tangrowth|39/100
|
|t:|1660771221
|switch|p2a: Amoonguss|Amoonguss, F|54/100|[from]move: Volt Switch
|-damage|p2a: Amoonguss|41/100|[from] Stealth Rock
|move|p1a: Tangrowth|Sludge Bomb|p2a: Amoonguss
|-damage|p2a: Amoonguss|22/100
|
|upkeep
|turn|88
|
|t:|1660771237
|switch|p2a: Diggersby|Diggersby, F|17/100
|-damage|p2a: Diggersby|10/100|[from] Stealth Rock
|move|p1a: Tangrowth|Sludge Bomb|p2a: Diggersby
|-resisted|p2a: Diggersby
|-damage|p2a: Diggersby|0 fnt
|faint|p2a: Diggersby
|
|upkeep
|
|t:|1660771248
|switch|p2a: Cobalion|Cobalion|69/100
|-damage|p2a: Cobalion|66/100|[from] Stealth Rock
|turn|89
|
|t:|1660771255
|switch|p1a: Reuniclus|Reuniclus, M|94/100 brn
|move|p2a: Cobalion|Close Combat|p1a: Reuniclus
|-resisted|p1a: Reuniclus
|-damage|p1a: Reuniclus|73/100 brn
|-unboost|p2a: Cobalion|def|1
|-unboost|p2a: Cobalion|spd|1
|
|-heal|p1a: Reuniclus|79/100 brn|[from] item: Leftovers
|upkeep
|turn|90
|
|t:|1660771262
|move|p2a: Cobalion|Stone Edge|p1a: Reuniclus
|-crit|p1a: Reuniclus
|-damage|p1a: Reuniclus|50/100 brn
|move|p1a: Reuniclus|Psyshock|p2a: Cobalion
|-damage|p2a: Cobalion|21/100
|
|-heal|p1a: Reuniclus|56/100 brn|[from] item: Leftovers
|upkeep
|turn|91
|
|t:|1660771266
|move|p2a: Cobalion|Stone Edge|p1a: Reuniclus
|-damage|p1a: Reuniclus|34/100 brn
|move|p1a: Reuniclus|Recover|p1a: Reuniclus
|-heal|p1a: Reuniclus|84/100 brn
|
|-heal|p1a: Reuniclus|90/100 brn|[from] item: Leftovers
|upkeep
|turn|92
|c|☆Mimilucha|this set is hell lmao
|c|☆Mimilucha|gg
|-message|Mimilucha forfeited.
|
|win|Goro Yagami
|n|☆Goro Yagami|goroyagami
|n|☆Mimilucha|mimilucha
|l|☆Mimilucha
|c|☆Goro Yagami|gg
