|j|☆Ermacro
|j|☆GryphonEx
|t:|1665350342
|gametype|singles
|player|p1|Ermacro|backersf|1322
|player|p2|GryphonEx|gardenia|1417
|teamsize|p1|6
|teamsize|p2|6
|gen|8
|tier|[Gen 8] UU
|rated|
|rule|Sleep Clause Mod: Limit one foe put to sleep
|rule|Species Clause: Limit one of each Pokémon
|rule|OHKO Clause: OHKO moves are banned
|rule|Evasion Items Clause: Evasion items are banned
|rule|Evasion Moves Clause: Evasion moves are banned
|rule|Endless Battle Clause: Forcing endless battles is banned
|rule|HP Percentage Mod: HP is shown in percentages
|rule|Dynamax Clause: You cannot dynamax
|clearpoke
|poke|p1|Hippowdon, M|
|poke|p1|Excadrill, M|
|poke|p1|Darmanitan, M|
|poke|p1|Azelf|
|poke|p1|Keldeo-Resolute|
|poke|p1|Salamence, M|
|poke|p2|Hydreigon, M|
|poke|p2|Primarina, F|
|poke|p2|Zarude|
|poke|p2|Salamence, M|
|poke|p2|Chansey, F|
|poke|p2|Corsola-Galar, M|
|teampreview
|inactive|Battle timer is ON: inactive players will automatically lose when time's up. (requested by Ermacro)
|c|☆GryphonEx|Good luck
|
|t:|1665350364
|start
|switch|p1a: Keldeo|Keldeo-Resolute|100/100
|switch|p2a: Hydreigon|Hydreigon, M|100/100
|turn|1
|
|t:|1665350373
|switch|p2a: Primarina|Primarina, F|100/100
|move|p1a: Keldeo|Secret Sword|p2a: Primarina
|-resisted|p2a: Primarina
|-crit|p2a: Primarina
|-damage|p2a: Primarina|60/100
|
|-heal|p2a: Primarina|66/100|[from] item: Leftovers
|upkeep
|turn|2
|inactive|Ermacro has 120 seconds left.
|
|t:|1665350416
|move|p1a: Keldeo|Air Slash|p2a: Primarina
|-damage|p2a: Primarina|44/100
|cant|p2a: Primarina|flinch
|
|-heal|p2a: Primarina|50/100|[from] item: Leftovers
|upkeep
|turn|3
|
|t:|1665350422
|move|p1a: Keldeo|Air Slash|p2a: Primarina
|-crit|p2a: Primarina
|-damage|p2a: Primarina|17/100
|cant|p2a: Primarina|flinch
|
|-heal|p2a: Primarina|23/100|[from] item: Leftovers
|upkeep
|turn|4
|inactive|Ermacro has 120 seconds left.
|
|t:|1665350434
|switch|p2a: Chansey|Chansey, F|100/100
|move|p1a: Keldeo|Air Slash|p2a: Chansey
|-damage|p2a: Chansey|92/100
|
|upkeep
|turn|5
|
|t:|1665350440
|move|p1a: Keldeo|Taunt|p2a: Chansey
|-start|p2a: Chansey|move: Taunt
|cant|p2a: Chansey|move: Taunt|Thunder Wave
|
|upkeep
|turn|6
|
|t:|1665350445
|switch|p2a: Corsola|Corsola-Galar, M|100/100
|move|p1a: Keldeo|Secret Sword|p2a: Corsola
|-immune|p2a: Corsola
|
|upkeep
|turn|7
|
|t:|1665350451
|move|p1a: Keldeo|Taunt|p2a: Corsola
|-start|p2a: Corsola|move: Taunt
|move|p2a: Corsola|Night Shade|p1a: Keldeo
|-damage|p1a: Keldeo|70/100
|
|upkeep
|turn|8
|
|t:|1665350457
|move|p1a: Keldeo|Muddy Water|p2a: Corsola
|-damage|p2a: Corsola|76/100
|-unboost|p2a: Corsola|accuracy|1
|move|p2a: Corsola|Night Shade|p1a: Keldeo
|-damage|p1a: Keldeo|39/100
|
|upkeep
|turn|9
|
|t:|1665350466
|switch|p1a: Hippowdon|Hippowdon, M, shiny|100/100
|-weather|Sandstorm|[from] ability: Sand Stream|[of] p1a: Hippowdon
|switch|p2a: Chansey|Chansey, F|92/100
|
|-weather|Sandstorm|[upkeep]
|-damage|p2a: Chansey|86/100|[from] Sandstorm
|upkeep
|turn|10
|
|t:|1665350475
|move|p1a: Hippowdon|Stealth Rock|p2a: Chansey
|-sidestart|p2: GryphonEx|move: Stealth Rock
|move|p2a: Chansey|Teleport|p2a: Chansey
|
|t:|1665350484
|switch|p2a: Hydreigon|Hydreigon, M|100/100|[from]move: Teleport
|-damage|p2a: Hydreigon|88/100|[from] Stealth Rock
|
|-weather|Sandstorm|[upkeep]
|-damage|p2a: Hydreigon|82/100|[from] Sandstorm
|upkeep
|turn|11
|
|t:|1665350505
|move|p2a: Hydreigon|Draco Meteor|p1a: Hippowdon
|-damage|p1a: Hippowdon|0 fnt
|-unboost|p2a: Hydreigon|spa|2
|faint|p1a: Hippowdon
|
|-weather|Sandstorm|[upkeep]
|-damage|p2a: Hydreigon|76/100|[from] Sandstorm
|upkeep
|
|t:|1665350516
|switch|p1a: Excadrill|Excadrill, M, shiny|100/100
|turn|12
|
|t:|1665350519
|switch|p2a: Salamence|Salamence, M|100/100
|-ability|p2a: Salamence|Intimidate|boost
|-unboost|p1a: Excadrill|atk|1
|move|p1a: Excadrill|Swords Dance|p1a: Excadrill
|-boost|p1a: Excadrill|atk|2
|
|-weather|Sandstorm|[upkeep]
|-damage|p2a: Salamence|94/100|[from] Sandstorm
|upkeep
|turn|13
|
|t:|1665350529
|move|p1a: Excadrill|Rock Slide|p2a: Salamence
|-supereffective|p2a: Salamence
|-damage|p2a: Salamence|36/100
|move|p2a: Salamence|Fire Fang|p1a: Excadrill
|-supereffective|p1a: Excadrill
|-damage|p1a: Excadrill|46/100
|
|-weather|Sandstorm|[upkeep]
|-damage|p2a: Salamence|30/100|[from] Sandstorm
|upkeep
|turn|14
|
|t:|1665350538
|move|p1a: Excadrill|Iron Head|p2a: Salamence
|-crit|p2a: Salamence
|-damage|p2a: Salamence|0 fnt
|faint|p2a: Salamence
|
|-weather|Sandstorm|[upkeep]
|upkeep
|
|t:|1665350540
|switch|p2a: Corsola|Corsola-Galar, M|76/100
|-damage|p2a: Corsola|64/100|[from] Stealth Rock
|turn|15
|
|t:|1665350548
|move|p1a: Excadrill|Earthquake|p2a: Corsola
|-damage|p2a: Corsola|4/100
|move|p2a: Corsola|Strength Sap|p1a: Excadrill
|-unboost|p1a: Excadrill|atk|1
|-heal|p2a: Corsola|100/100
|
|-weather|Sandstorm|[upkeep]
|-damage|p2a: Corsola|94/100|[from] Sandstorm
|upkeep
|turn|16
|
|t:|1665350575
|switch|p1a: Azelf|Azelf|100/100
|move|p2a: Corsola|Will-O-Wisp|p1a: Azelf
|-status|p1a: Azelf|brn
|
|-weather|none
|-damage|p1a: Azelf|94/100 brn|[from] brn
|upkeep
|turn|17
|
|t:|1665350585
|move|p1a: Azelf|Psyshock|p2a: Corsola
|-damage|p2a: Corsola|63/100
|-start|p1a: Azelf|Disable|Psyshock|[from] ability: Cursed Body|[of] p2a: Corsola
|move|p2a: Corsola|Night Shade|p1a: Azelf
|-damage|p1a: Azelf|60/100 brn
|
|-damage|p1a: Azelf|54/100 brn|[from] brn
|upkeep
|turn|18
|inactive|Ermacro has 120 seconds left.
|
|t:|1665350609
|move|p1a: Azelf|Fire Blast|p2a: Corsola
|-damage|p2a: Corsola|43/100
|move|p2a: Corsola|Strength Sap|p1a: Azelf
|-unboost|p1a: Azelf|atk|1
|-heal|p2a: Corsola|100/100
|
|-damage|p1a: Azelf|48/100 brn|[from] brn
|upkeep
|turn|19
|inactive|Ermacro has 120 seconds left.
|
|t:|1665350625
|switch|p1a: Keldeo|Keldeo-Resolute|39/100
|move|p2a: Corsola|Stealth Rock|p1a: Keldeo
|-sidestart|p1: Ermacro|move: Stealth Rock
|
|upkeep
|turn|20
|inactive|Ermacro has 120 seconds left.
|
|t:|1665350631
|move|p1a: Keldeo|Taunt|p2a: Corsola
|-start|p2a: Corsola|move: Taunt
|move|p2a: Corsola|Night Shade|p1a: Keldeo
|-damage|p1a: Keldeo|8/100
|
|upkeep
|turn|21
|
|t:|1665350639
|move|p1a: Keldeo|Muddy Water|p2a: Corsola
|-damage|p2a: Corsola|77/100
|-unboost|p2a: Corsola|accuracy|1
|move|p2a: Corsola|Night Shade|p1a: Keldeo
|-damage|p1a: Keldeo|0 fnt
|faint|p1a: Keldeo
|
|upkeep
|
|t:|1665350647
|switch|p1a: Darmanitan|Darmanitan, M|100/100
|-damage|p1a: Darmanitan|76/100|[from] Stealth Rock
|turn|22
|
|t:|1665350653
|switch|p2a: Primarina|Primarina, F|23/100
|-damage|p2a: Primarina|10/100|[from] Stealth Rock
|move|p1a: Darmanitan|Flare Blitz|p2a: Primarina
|-resisted|p2a: Primarina
|-damage|p2a: Primarina|0 fnt
|faint|p2a: Primarina
|-damage|p1a: Darmanitan|72/100|[from] Recoil
|
|upkeep
|
|t:|1665350662
|switch|p2a: Hydreigon|Hydreigon, M|76/100
|-damage|p2a: Hydreigon|64/100|[from] Stealth Rock
|turn|23
|
|t:|1665350681
|switch|p1a: Excadrill|Excadrill, M, shiny|46/100
|-damage|p1a: Excadrill|43/100|[from] Stealth Rock
|move|p2a: Hydreigon|Draco Meteor|p1a: Excadrill
|-resisted|p1a: Excadrill
|-damage|p1a: Excadrill|0 fnt
|-unboost|p2a: Hydreigon|spa|2
|faint|p1a: Excadrill
|
|upkeep
|
|t:|1665350693
|switch|p1a: Azelf|Azelf|48/100 brn
|-damage|p1a: Azelf|35/100 brn|[from] Stealth Rock
|turn|24
|
|t:|1665350697
|switch|p2a: Chansey|Chansey, F|86/100
|-damage|p2a: Chansey|74/100|[from] Stealth Rock
|move|p1a: Azelf|Ice Punch|p2a: Chansey
|-damage|p2a: Chansey|67/100
|
|-damage|p1a: Azelf|29/100 brn|[from] brn
|upkeep
|turn|25
|
|t:|1665350706
|move|p1a: Azelf|Psyshock|p2a: Chansey
|-damage|p2a: Chansey|40/100
|move|p2a: Chansey|Thunder Wave||[still]
|-fail|p2a: Chansey
|
|-damage|p1a: Azelf|23/100 brn|[from] brn
|upkeep
|turn|26
|
|t:|1665350712
|move|p1a: Azelf|Psyshock|p2a: Chansey
|-damage|p2a: Chansey|14/100
|move|p2a: Chansey|Soft-Boiled|p2a: Chansey
|-heal|p2a: Chansey|64/100
|
|-damage|p1a: Azelf|17/100 brn|[from] brn
|upkeep
|turn|27
|l|☆GryphonEx
|inactive|GryphonEx disconnected and has a minute to reconnect!
|player|p2|
|j|☆GryphonEx
|inactive|GryphonEx reconnected and has 130 seconds left.
|player|p2|GryphonEx|gardenia
|
|t:|1665350736
|move|p1a: Azelf|Psyshock|p2a: Chansey
|-damage|p2a: Chansey|38/100
|move|p2a: Chansey|Soft-Boiled|p2a: Chansey
|-heal|p2a: Chansey|89/100
|
|-damage|p1a: Azelf|10/100 brn|[from] brn
|upkeep
|turn|28
|
|t:|1665350751
|move|p1a: Azelf|Psyshock|p2a: Chansey
|-damage|p2a: Chansey|63/100
|move|p2a: Chansey|Soft-Boiled|p2a: Chansey
|-heal|p2a: Chansey|100/100
|
|-damage|p1a: Azelf|4/100 brn|[from] brn
|upkeep
|turn|29
|
|t:|1665350759
|move|p1a: Azelf|Psyshock|p2a: Chansey
|-damage|p2a: Chansey|73/100
|move|p2a: Chansey|Soft-Boiled|p2a: Chansey
|-heal|p2a: Chansey|100/100
|
|-damage|p1a: Azelf|0 fnt|[from] brn
|faint|p1a: Azelf
|upkeep
|inactive|Ermacro has 120 seconds left.
|
|t:|1665350793
|switch|p1a: Darmanitan|Darmanitan, M|72/100
|-damage|p1a: Darmanitan|48/100|[from] Stealth Rock
|turn|30
|
|t:|1665350803
|move|p1a: Darmanitan|Flare Blitz|p2a: Chansey
|-damage|p2a: Chansey|45/100
|-damage|p1a: Darmanitan|11/100|[from] Recoil
|move|p2a: Chansey|Seismic Toss|p1a: Darmanitan
|-damage|p1a: Darmanitan|0 fnt
|faint|p1a: Darmanitan
|
|upkeep
|
|t:|1665350812
|switch|p1a: Salamence|Salamence, M, shiny|100/100
|-ability|p1a: Salamence|Intimidate|boost
|-unboost|p2a: Chansey|atk|1
|turn|31
|
|t:|1665350817
|move|p1a: Salamence|Dragon Dance|p1a: Salamence
|-boost|p1a: Salamence|atk|1
|-boost|p1a: Salamence|spe|1
|move|p2a: Chansey|Thunder Wave|p1a: Salamence
|-status|p1a: Salamence|par
|
|upkeep
|turn|32
|
|t:|1665350825
|move|p1a: Salamence|Dragon Claw|p2a: Chansey
|-crit|p2a: Chansey
|-damage|p2a: Chansey|0 fnt
|faint|p2a: Chansey
|
|upkeep
|
|t:|1665350830
|switch|p2a: Hydreigon|Hydreigon, M|64/100
|-damage|p2a: Hydreigon|51/100|[from] Stealth Rock
|turn|33
|
|t:|1665350834
|move|p2a: Hydreigon|Draco Meteor|p1a: Salamence
|-supereffective|p1a: Salamence
|-damage|p1a: Salamence|0 fnt
|-unboost|p2a: Hydreigon|spa|2
|faint|p1a: Salamence
|
|win|GryphonEx
|raw|Ermacro's rating: 1322 &rarr; <strong>1307</strong><br />(-15 for losing)
|raw|GryphonEx's rating: 1417 &rarr; <strong>1432</strong><br />(+15 for winning)
|l|☆Ermacro
||Ladder isn't responding, score probably updated but might not have (Request timeout).
