|j|☆Javitu
|j|☆Mimilucha
|t:|1664918023
|gametype|singles
|player|p1|Javitu|lucy|
|player|p2|Mimilucha|ethan-masters|
|teamsize|p1|6
|teamsize|p2|6
|gen|8
|tier|[Gen 8] UU
|rated|Tournament battle
|rule|Sleep Clause Mod: Limit one foe put to sleep
|rule|Species Clause: Limit one of each Pokémon
|rule|OHKO Clause: OHKO moves are banned
|rule|Evasion Items Clause: Evasion items are banned
|rule|Evasion Moves Clause: Evasion moves are banned
|rule|Endless Battle Clause: Forcing endless battles is banned
|rule|HP Percentage Mod: HP is shown in percentages
|rule|Dynamax Clause: You cannot dynamax
|clearpoke
|poke|p1|Froslass, F|
|poke|p1|Gyarados, F|
|poke|p1|Haxorus, M|
|poke|p1|Celesteela|
|poke|p1|Diggersby, F|
|poke|p1|Nihilego|
|poke|p2|Jirachi|
|poke|p2|Conkeldurr, M|
|poke|p2|Zygarde-10%|
|poke|p2|Rotom-Wash|
|poke|p2|Salamence, M|
|poke|p2|Chansey, F|
|teampreview
|inactive|Battle timer is ON: inactive players will automatically lose when time's up. (requested by Mimilucha)
|c|☆Javitu|hey mimi gl
|j|%Codename Rae
|j| bp
|inactive|Mimilucha has 120 seconds left.
|
|t:|1664918057
|start
|switch|p1a: Froslass|Froslass, F|100/100
|switch|p2a: Rotom|Rotom-Wash|100/100
|turn|1
|c|☆Mimilucha|hey hf
|
|t:|1664918069
|move|p1a: Froslass|Taunt|p2a: Rotom
|-start|p2a: Rotom|move: Taunt
|move|p2a: Rotom|Volt Switch|p1a: Froslass
|-damage|p1a: Froslass|69/100
|
|t:|1664918074
|switch|p2a: Zygarde|Zygarde-10%|100/100|[from]move: Volt Switch
|-ability|p2a: Zygarde|Aura Break
|
|upkeep
|turn|2
|c| bp|XY OU +Utlra beasts
|c| bp|wild
|j|@jade bloom ✿
|
|t:|1664918093
|move|p2a: Zygarde|Thousand Arrows|p1a: Froslass
|-damage|p1a: Froslass|0 fnt
|faint|p1a: Froslass
|
|upkeep
|
|t:|1664918104
|switch|p1a: Haxorus|Haxorus, M|100/100
|-ability|p1a: Haxorus|Mold Breaker
|turn|3
|j| NoahDeKnight
|l| NoahDeKnight
|inactive|Mimilucha has 120 seconds left.
|
|t:|1664918162
|move|p2a: Zygarde|Thousand Arrows|p1a: Haxorus
|-crit|p1a: Haxorus
|-damage|p1a: Haxorus|0 fnt
|faint|p1a: Haxorus
|
|upkeep
|c|☆Mimilucha|damn
|
|t:|1664918174
|switch|p1a: Diggersby|Diggersby, F|100/100
|turn|4
|
|t:|1664918189
|switch|p2a: Rotom|Rotom-Wash|100/100
|move|p1a: Diggersby|Earthquake|p2a: Rotom
|-immune|p2a: Rotom|[from] ability: Levitate
|
|upkeep
|turn|5
|
|t:|1664918196
|switch|p1a: Nihilego|Nihilego|100/100
|move|p2a: Rotom|Will-O-Wisp|p1a: Nihilego
|-status|p1a: Nihilego|brn
|
|-damage|p1a: Nihilego|94/100 brn|[from] brn
|upkeep
|turn|6
|c|☆Javitu|welp ig gg
|
|t:|1664918205
|switch|p1a: Diggersby|Diggersby, F|100/100
|switch|p2a: Jirachi|Jirachi|100/100
|
|upkeep
|turn|7
|inactive|Mimilucha has 120 seconds left.
|l| bp
|
|t:|1664918221
|switch|p2a: Rotom|Rotom-Wash|100/100
|move|p1a: Diggersby|Body Slam|p2a: Rotom
|-damage|p2a: Rotom|50/100
|
|-heal|p2a: Rotom|56/100|[from] item: Leftovers
|upkeep
|turn|8
|
|t:|1664918226
|move|p1a: Diggersby|Body Slam|p2a: Rotom
|-damage|p2a: Rotom|2/100
|move|p2a: Rotom|Pain Split|p1a: Diggersby
|-sethp|p1a: Diggersby|51/100|[from] move: Pain Split|[silent]
|-sethp|p2a: Rotom|53/100|[from] move: Pain Split
|
|-heal|p2a: Rotom|59/100|[from] item: Leftovers
|upkeep
|turn|9
|
|t:|1664918235
|switch|p2a: Jirachi|Jirachi|100/100
|move|p1a: Diggersby|Body Slam|p2a: Jirachi
|-resisted|p2a: Jirachi
|-damage|p2a: Jirachi|78/100
|-status|p2a: Jirachi|par
|
|-heal|p2a: Jirachi|84/100 par|[from] item: Leftovers
|upkeep
|turn|10
|
|t:|1664918238
|move|p1a: Diggersby|Body Slam|p2a: Jirachi
|-resisted|p2a: Jirachi
|-damage|p2a: Jirachi|62/100 par
|move|p2a: Jirachi|U-turn|p1a: Diggersby
|-damage|p1a: Diggersby|28/100
|
|t:|1664918240
|switch|p2a: Conkeldurr|Conkeldurr, M|100/100|[from]move: U-turn
|
|-status|p2a: Conkeldurr|brn|[from] item: Flame Orb
|upkeep
|turn|11
|
|t:|1664918243
|move|p2a: Conkeldurr|Mach Punch|p1a: Diggersby
|-supereffective|p1a: Diggersby
|-damage|p1a: Diggersby|0 fnt
|faint|p1a: Diggersby
|
|-damage|p2a: Conkeldurr|95/100 brn|[from] brn
|upkeep
|
|t:|1664918247
|switch|p1a: Celesteela|Celesteela|100/100
|turn|12
|
|t:|1664918254
|switch|p2a: Chansey|Chansey, F|100/100
|move|p1a: Celesteela|Air Slash|p2a: Chansey
|-damage|p2a: Chansey|89/100
|
|upkeep
|turn|13
|
|t:|1664918258
|move|p1a: Celesteela|Meteor Beam||[still]
|-prepare|p1a: Celesteela|Meteor Beam
|-boost|p1a: Celesteela|spa|1
|-enditem|p1a: Celesteela|Power Herb
|-anim|p1a: Celesteela|Meteor Beam|p2a: Chansey
|-damage|p2a: Chansey|70/100
|move|p2a: Chansey|Stealth Rock|p1a: Celesteela
|-sidestart|p1: Javitu|move: Stealth Rock
|
|upkeep
|turn|14
|
|t:|1664918266
|move|p1a: Celesteela|Air Slash|p2a: Chansey
|-damage|p2a: Chansey|52/100
|cant|p2a: Chansey|flinch
|
|upkeep
|turn|15
|j| Mr. Bag Getter
|j|+Aiyaru
|
|t:|1664918294
|move|p1a: Celesteela|Meteor Beam||[still]
|-prepare|p1a: Celesteela|Meteor Beam
|-boost|p1a: Celesteela|spa|1
|move|p2a: Chansey|Soft-Boiled|p2a: Chansey
|-heal|p2a: Chansey|100/100
|
|upkeep
|turn|16
|j|+hariyana grande
|
|t:|1664918307
|move|p1a: Celesteela|Meteor Beam|p2a: Chansey|[from]lockedmove
|-damage|p2a: Chansey|77/100
|move|p2a: Chansey|Seismic Toss|p1a: Celesteela
|-damage|p1a: Celesteela|71/100
|
|upkeep
|turn|17
|
|t:|1664918313
|move|p1a: Celesteela|Air Slash|p2a: Chansey
|-damage|p2a: Chansey|54/100
|cant|p2a: Chansey|flinch
|
|upkeep
|turn|18
|
|t:|1664918320
|move|p1a: Celesteela|Air Slash|p2a: Chansey
|-damage|p2a: Chansey|30/100
|move|p2a: Chansey|Soft-Boiled|p2a: Chansey
|-heal|p2a: Chansey|80/100
|
|upkeep
|turn|19
|
|t:|1664918324
|move|p1a: Celesteela|Meteor Beam||[still]
|-prepare|p1a: Celesteela|Meteor Beam
|-boost|p1a: Celesteela|spa|1
|move|p2a: Chansey|Seismic Toss|p1a: Celesteela
|-damage|p1a: Celesteela|41/100
|
|upkeep
|turn|20
|
|t:|1664918340
|move|p1a: Celesteela|Meteor Beam|p2a: Chansey|[from]lockedmove
|-damage|p2a: Chansey|48/100
|move|p2a: Chansey|Soft-Boiled|p2a: Chansey
|-heal|p2a: Chansey|98/100
|
|upkeep
|turn|21
|l|+Aiyaru
|
|t:|1664918344
|switch|p2a: Rotom|Rotom-Wash|59/100
|move|p1a: Celesteela|Air Slash|p2a: Rotom
|-resisted|p2a: Rotom
|-damage|p2a: Rotom|12/100
|
|-heal|p2a: Rotom|18/100|[from] item: Leftovers
|upkeep
|turn|22
|
|t:|1664918348
|move|p2a: Rotom|Volt Switch|p1a: Celesteela
|-supereffective|p1a: Celesteela
|-damage|p1a: Celesteela|0 fnt
|faint|p1a: Celesteela
|
|t:|1664918351
|switch|p2a: Zygarde|Zygarde-10%|100/100|[from]move: Volt Switch
|-ability|p2a: Zygarde|Aura Break
|
|upkeep
|c|☆Mimilucha|y gg
|
|t:|1664918357
|switch|p1a: Gyarados|Gyarados, F|100/100
|-damage|p1a: Gyarados|76/100|[from] Stealth Rock
|turn|23
|
|t:|1664918359
|move|p2a: Zygarde|Outrage|p1a: Gyarados
|-damage|p1a: Gyarados|0 fnt
|faint|p1a: Gyarados
|
|upkeep
|
|t:|1664918362
|switch|p1a: Nihilego|Nihilego|94/100 brn
|-damage|p1a: Nihilego|82/100 brn|[from] Stealth Rock
|turn|24
|
|t:|1664918364
|move|p2a: Zygarde|Outrage|p1a: Nihilego|[from]lockedmove
|-damage|p1a: Nihilego|0 fnt
|faint|p1a: Nihilego
|-start|p2a: Zygarde|confusion|[fatigue]
|
|win|Mimilucha
|n|☆Javitu|javitu
|n|☆Mimilucha|mimilucha
|n| Codename Rae|codenamerae
|n| jade bloom ✿|jadebloom
|n| Mr. Bag Getter|mrbaggetter
|n| hariyana grande|hariyanagrande
