|inactive|Battle timer is ON: inactive players will automatically lose when time's up.
|j|☆pokemonisfun
|j|☆Fathiryxi
|t:|1665932699
|gametype|singles
|player|p1|pokemonisfun|#uutrio2ladder|
|player|p2|Fathiryxi|preschoolers|
|teamsize|p1|6
|teamsize|p2|6
|gen|8
|tier|[Gen 8] UU
|rated|Tournament battle
|rule|Sleep Clause Mod: Limit one foe put to sleep
|rule|Species Clause: Limit one of each Pokémon
|rule|OHKO Clause: OHKO moves are banned
|rule|Evasion Items Clause: Evasion items are banned
|rule|Evasion Moves Clause: Evasion moves are banned
|rule|Endless Battle Clause: Forcing endless battles is banned
|rule|HP Percentage Mod: HP is shown in percentages
|rule|Dynamax Clause: You cannot dynamax
|rule|Blitz: Super-fast timer
|clearpoke
|poke|p1|Cloyster, F|
|poke|p1|Excadrill, M|
|poke|p1|Hydreigon, M|
|poke|p1|Celesteela|
|poke|p1|Gyarados, M|
|poke|p1|Polteageist|
|poke|p2|Venusaur, F|
|poke|p2|Chansey, F|
|poke|p2|Torkoal, M|
|poke|p2|Gastrodon-East, F|
|poke|p2|Darmanitan, M|
|poke|p2|Xatu, M|
|teampreview
|c|☆Fathiryxi|hf
|inactive|pokemonisfun has 30 seconds left.
|inactive|Fathiryxi has 30 seconds left.
|c|☆pokemonisfun|hf
|inactive|Fathiryxi has 20 seconds left.
|
|t:|1665932720
|start
|switch|p1a: billy the drilly|Excadrill, M|100/100
|switch|p2a: Gastrodon|Gastrodon-East, F|100/100
|-ability|p1a: billy the drilly|Mold Breaker
|turn|1
|inactive|Fathiryxi has 10 seconds left.
|
|t:|1665932729
|move|p1a: billy the drilly|Stealth Rock|p2a: Gastrodon
|-sidestart|p2: Fathiryxi|move: Stealth Rock
|move|p2a: Gastrodon|Earthquake|p1a: billy the drilly
|-supereffective|p1a: billy the drilly
|-damage|p1a: billy the drilly|23/100
|
|upkeep
|turn|2
|inactive|Fathiryxi has 10 seconds left.
|
|t:|1665932739
|switch|p1a: snekky snekkerson|Gyarados, M|100/100
|move|p2a: Gastrodon|Earthquake|p1a: snekky snekkerson
|-immune|p1a: snekky snekkerson
|
|upkeep
|turn|3
|inactive|Fathiryxi has 10 seconds left.
|
|t:|1665932746
|switch|p2a: Torkoal|Torkoal, M|100/100
|-damage|p2a: Torkoal|76/100|[from] Stealth Rock
|-weather|SunnyDay|[from] ability: Drought|[of] p2a: Torkoal
|move|p1a: snekky snekkerson|Dragon Dance|p1a: snekky snekkerson
|-boost|p1a: snekky snekkerson|atk|1
|-boost|p1a: snekky snekkerson|spe|1
|
|-weather|SunnyDay|[upkeep]
|upkeep
|turn|4
|inactive|pokemonisfun has 10 seconds left.
|
|t:|1665932751
|move|p1a: snekky snekkerson|Dragon Dance|p1a: snekky snekkerson
|-boost|p1a: snekky snekkerson|atk|1
|-boost|p1a: snekky snekkerson|spe|1
|move|p2a: Torkoal|Rapid Spin|p1a: snekky snekkerson
|-damage|p1a: snekky snekkerson|88/100
|-boost|p2a: Torkoal|spe|1
|-sideend|p2: Fathiryxi|Stealth Rock|[from] move: Rapid Spin|[of] p2a: Torkoal
|
|-weather|SunnyDay|[upkeep]
|upkeep
|turn|5
|inactive|Fathiryxi has 10 seconds left.
|
|t:|1665932757
|switch|p2a: Xatu|Xatu, M|100/100
|move|p1a: snekky snekkerson|Dragon Dance|p1a: snekky snekkerson
|-boost|p1a: snekky snekkerson|atk|1
|-boost|p1a: snekky snekkerson|spe|1
|
|-weather|SunnyDay|[upkeep]
|upkeep
|turn|6
|inactive|Fathiryxi has 10 seconds left.
|
|t:|1665932763
|move|p1a: snekky snekkerson|Ice Fang|p2a: Xatu
|-supereffective|p2a: Xatu
|-damage|p2a: Xatu|0 fnt
|-damage|p1a: snekky snekkerson|71/100|[from] item: Rocky Helmet|[of] p2a: Xatu
|faint|p2a: Xatu
|-ability|p1a: snekky snekkerson|Moxie|boost
|-boost|p1a: snekky snekkerson|atk|1
|
|-weather|SunnyDay|[upkeep]
|upkeep
|inactive|Fathiryxi has 10 seconds left.
|
|t:|1665932772
|switch|p2a: Chansey|Chansey, F|100/100
|turn|7
|
|t:|1665932776
|move|p1a: snekky snekkerson|Waterfall|p2a: Chansey
|-damage|p2a: Chansey|59/100
|move|p2a: Chansey|Seismic Toss|p1a: snekky snekkerson
|-damage|p1a: snekky snekkerson|41/100
|
|-weather|SunnyDay|[upkeep]
|upkeep
|turn|8
|inactive|Fathiryxi has 10 seconds left.
|inactive|Fathiryxi has 5 seconds left.
|
|t:|1665932788
|move|p1a: snekky snekkerson|Waterfall|p2a: Chansey
|-damage|p2a: Chansey|17/100
|move|p2a: Chansey|Healing Wish|p2a: Chansey
|faint|p2a: Chansey
|
|-weather|SunnyDay|[upkeep]
|upkeep
|inactive|Fathiryxi has 10 seconds left this turn.
|inactive|Fathiryxi has 5 seconds left.
|
|t:|1665932794
|switch|p2a: Gastrodon|Gastrodon-East, F|100/100
|turn|9
|inactive|Fathiryxi has 10 seconds left this turn.
|
|t:|1665932797
|move|p1a: snekky snekkerson|Power Whip|p2a: Gastrodon|[miss]
|-miss|p1a: snekky snekkerson|p2a: Gastrodon
|move|p2a: Gastrodon|Ice Beam|p1a: snekky snekkerson
|-damage|p1a: snekky snekkerson|21/100
|
|-weather|SunnyDay|[upkeep]
|upkeep
|turn|10
|inactive|Fathiryxi has 10 seconds left.
|
|t:|1665932806
|switch|p2a: Venusaur|Venusaur, F|100/100
|move|p1a: snekky snekkerson|Power Whip|p2a: Venusaur
|-resisted|p2a: Venusaur
|-damage|p2a: Venusaur|59/100
|
|-weather|none
|upkeep
|turn|11
|inactive|Fathiryxi has 10 seconds left.
|
|t:|1665932812
|switch|p2a: Torkoal|Torkoal, M|76/100
|-heal|p2a: Torkoal|100/100|[from] move: Healing Wish
|-weather|SunnyDay|[from] ability: Drought|[of] p2a: Torkoal
|move|p1a: snekky snekkerson|Waterfall|p2a: Torkoal
|-supereffective|p2a: Torkoal
|-crit|p2a: Torkoal
|-damage|p2a: Torkoal|0 fnt
|faint|p2a: Torkoal
|-ability|p1a: snekky snekkerson|Moxie|boost
|-boost|p1a: snekky snekkerson|atk|1
|
|-weather|SunnyDay|[upkeep]
|upkeep
|inactive|Fathiryxi has 10 seconds left.
|
|t:|1665932819
|switch|p2a: Gastrodon|Gastrodon-East, F|100/100
|turn|12
|
|t:|1665932822
|move|p1a: snekky snekkerson|Power Whip|p2a: Gastrodon
|-supereffective|p2a: Gastrodon
|-damage|p2a: Gastrodon|0 fnt
|faint|p2a: Gastrodon
|-ability|p1a: snekky snekkerson|Moxie|boost
|-boost|p1a: snekky snekkerson|atk|1
|
|-weather|SunnyDay|[upkeep]
|upkeep
|inactive|Fathiryxi has 10 seconds left.
|c|☆Fathiryxi|op gyara
|c|☆Fathiryxi|gg
|c|☆pokemonisfun|pls nerf
|inactive|Fathiryxi has 5 seconds left.
|c|☆pokemonisfun|gg
|-message|Fathiryxi forfeited.
|
|win|pokemonisfun
|inactive|Fathiryxi has 10 seconds left this turn.
|n|☆pokemonisfun|pokemonisfun
|n|☆Fathiryxi|fathiryxi
