|html|<div class="broadcast-blue"><strong>[Gen 8] UU is currently suspecting Aegislash! For information on how to participate check out the <a href="https://www.smogon.com/forums/threads/np-ss-uu-stage-11-1-kingslayer.3698890/">suspect thread</a>.</strong></div>
|j|☆PlasticPinnochio
|j|☆pokemonisfun
|t:|1647144561
|gametype|singles
|player|p1|PlasticPinnochio|policeman-gen4|1517
|player|p2|pokemonisfun|#uutrio2ladder|1753
|teamsize|p1|6
|teamsize|p2|6
|gen|8
|tier|[Gen 8] UU
|rated|
|rule|Sleep Clause Mod: Limit one foe put to sleep
|rule|Species Clause: Limit one of each Pokémon
|rule|OHKO Clause: OHKO moves are banned
|rule|Evasion Moves Clause: Evasion moves are banned
|rule|Endless Battle Clause: Forcing endless battles is banned
|rule|HP Percentage Mod: HP is shown in percentages
|rule|Dynamax Clause: You cannot dynamax
|clearpoke
|poke|p1|Zarude-Dada|
|poke|p1|Azelf|
|poke|p1|Chansey, F|
|poke|p1|Swampert, F|
|poke|p1|Tentacruel, F|
|poke|p1|Cobalion|
|poke|p2|Registeel|
|poke|p2|Tapu Bulu|
|poke|p2|Chansey, F|
|poke|p2|Seismitoad, M|
|poke|p2|Salamence, M|
|poke|p2|Hatterene, F|
|teampreview
|c|☆PlasticPinnochio|oh no
|c|☆PlasticPinnochio|not the chinese regi
|c|☆pokemonisfun|hf
|c|☆PlasticPinnochio|you too
|
|t:|1647144647
|start
|switch|p1a: Zarude|Zarude-Dada|100/100
|switch|p2a: edgy veggie|Tapu Bulu|100/100
|-fieldstart|move: Grassy Terrain|[from] ability: Grassy Surge|[of] p2a: edgy veggie
|turn|1
|
|t:|1647144651
|move|p1a: Zarude|U-turn|p2a: edgy veggie
|-damage|p2a: edgy veggie|73/100
|
|t:|1647144655
|switch|p1a: Cobalion|Cobalion|100/100|[from]move: U-turn
|move|p2a: edgy veggie|Horn Leech|p1a: Cobalion
|-resisted|p1a: Cobalion
|-damage|p1a: Cobalion|80/100
|-heal|p2a: edgy veggie|83/100|[from] drain|[of] p1a: Cobalion
|
|-heal|p1a: Cobalion|86/100|[from] Grassy Terrain
|-heal|p1a: Cobalion|92/100|[from] item: Leftovers
|-heal|p2a: edgy veggie|89/100|[from] Grassy Terrain
|-heal|p2a: edgy veggie|95/100|[from] item: Leftovers
|upkeep
|turn|2
|
|t:|1647144664
|switch|p2a: mr mencey wencey|Salamence, M|100/100
|-ability|p2a: mr mencey wencey|Intimidate|boost
|-unboost|p1a: Cobalion|atk|1
|move|p1a: Cobalion|Volt Switch|p2a: mr mencey wencey
|-damage|p2a: mr mencey wencey|86/100
|
|t:|1647144670
|switch|p1a: Tentacruel|Tentacruel, F|100/100|[from]move: Volt Switch
|
|upkeep
|turn|3
|
|t:|1647144675
|switch|p2a: soggy froggy|Seismitoad, M|100/100
|move|p1a: Tentacruel|Knock Off|p2a: soggy froggy
|-damage|p2a: soggy froggy|88/100
|-enditem|p2a: soggy froggy|Leftovers|[from] move: Knock Off|[of] p1a: Tentacruel
|
|-heal|p2a: soggy froggy|94/100|[from] Grassy Terrain
|upkeep
|turn|4
|
|t:|1647144682
|switch|p1a: Zarude|Zarude-Dada|100/100
|move|p2a: soggy froggy|Stealth Rock|p1a: Zarude
|-sidestart|p1: PlasticPinnochio|move: Stealth Rock
|
|-heal|p2a: soggy froggy|99/100|[from] Grassy Terrain
|upkeep
|turn|5
|
|t:|1647144692
|switch|p2a: mr mencey wencey|Salamence, M|86/100
|-ability|p2a: mr mencey wencey|Intimidate|boost
|-unboost|p1a: Zarude|atk|1
|move|p1a: Zarude|U-turn|p2a: mr mencey wencey
|-resisted|p2a: mr mencey wencey
|-damage|p2a: mr mencey wencey|76/100
|
|t:|1647144698
|switch|p1a: Azelf|Azelf|100/100|[from]move: U-turn
|-damage|p1a: Azelf|88/100|[from] Stealth Rock
|
|-fieldend|move: Grassy Terrain
|upkeep
|turn|6
|
|t:|1647144704
|switch|p2a: beggin 4 an eggin|Chansey, F|100/100
|move|p1a: Azelf|Trick|p2a: beggin 4 an eggin
|-activate|p1a: Azelf|move: Trick|[of] p2a: beggin 4 an eggin
|-item|p2a: beggin 4 an eggin|Choice Scarf|[from] move: Trick
|-item|p1a: Azelf|Eviolite|[from] move: Trick
|
|upkeep
|turn|7
|
|t:|1647144716
|move|p1a: Azelf|U-turn|p2a: beggin 4 an eggin
|-damage|p2a: beggin 4 an eggin|82/100
|
|t:|1647144718
|switch|p1a: Swampert|Swampert, F|100/100|[from]move: U-turn
|-damage|p1a: Swampert|94/100|[from] Stealth Rock
|move|p2a: beggin 4 an eggin|Seismic Toss|p1a: Swampert
|-damage|p1a: Swampert|70/100
|
|-heal|p1a: Swampert|76/100|[from] item: Leftovers
|upkeep
|turn|8
|
|t:|1647144723
|switch|p2a: tit for hat|Hatterene, F|100/100
|move|p1a: Swampert|Stealth Rock|p2a: tit for hat
|move|p2a: tit for hat|Stealth Rock||[from]ability: Magic Bounce|[still]
|-fail|p2a: tit for hat
|
|-heal|p1a: Swampert|82/100|[from] item: Leftovers
|upkeep
|turn|9
|
|t:|1647144736
|move|p1a: Swampert|Flip Turn|p2a: tit for hat
|-damage|p2a: tit for hat|83/100
|
|t:|1647144745
|switch|p1a: Tentacruel|Tentacruel, F|100/100|[from]move: Flip Turn
|-damage|p1a: Tentacruel|88/100|[from] Stealth Rock
|move|p2a: tit for hat|Calm Mind|p2a: tit for hat
|-boost|p2a: tit for hat|spa|1
|-boost|p2a: tit for hat|spd|1
|
|-heal|p1a: Tentacruel|94/100|[from] item: Black Sludge
|-heal|p2a: tit for hat|89/100|[from] item: Leftovers
|upkeep
|turn|10
|
|t:|1647144748
|move|p1a: Tentacruel|Sludge Bomb|p2a: tit for hat
|-supereffective|p2a: tit for hat
|-damage|p2a: tit for hat|55/100
|move|p2a: tit for hat|Psyshock|p1a: Tentacruel
|-supereffective|p1a: Tentacruel
|-damage|p1a: Tentacruel|0 fnt
|faint|p1a: Tentacruel
|
|-heal|p2a: tit for hat|61/100|[from] item: Leftovers
|upkeep
|
|t:|1647144753
|switch|p1a: Zarude|Zarude-Dada|100/100
|-damage|p1a: Zarude|88/100|[from] Stealth Rock
|turn|11
|
|t:|1647144758
|switch|p2a: mr mencey wencey|Salamence, M|76/100
|-ability|p2a: mr mencey wencey|Intimidate|boost
|-unboost|p1a: Zarude|atk|1
|move|p1a: Zarude|U-turn|p2a: mr mencey wencey
|-resisted|p2a: mr mencey wencey
|-damage|p2a: mr mencey wencey|67/100
|
|t:|1647144760
|switch|p1a: Azelf|Azelf|88/100|[from]move: U-turn
|-damage|p1a: Azelf|76/100|[from] Stealth Rock
|
|upkeep
|turn|12
|
|t:|1647144767
|move|p1a: Azelf|Trick|p2a: mr mencey wencey
|-activate|p1a: Azelf|move: Trick|[of] p2a: mr mencey wencey
|-item|p2a: mr mencey wencey|Eviolite|[from] move: Trick
|-item|p1a: Azelf|Heavy-Duty Boots|[from] move: Trick
|move|p2a: mr mencey wencey|Roost|p2a: mr mencey wencey
|-heal|p2a: mr mencey wencey|100/100
|-singleturn|p2a: mr mencey wencey|move: Roost
|
|upkeep
|turn|13
|
|t:|1647144774
|move|p1a: Azelf|U-turn|p2a: mr mencey wencey
|-resisted|p2a: mr mencey wencey
|-damage|p2a: mr mencey wencey|93/100
|
|t:|1647144777
|switch|p1a: Chansey|Chansey, F|100/100|[from]move: U-turn
|-damage|p1a: Chansey|88/100|[from] Stealth Rock
|move|p2a: mr mencey wencey|Dual Wingbeat|p1a: Chansey
|-damage|p1a: Chansey|76/100
|-damage|p1a: Chansey|65/100
|-hitcount|p1a: Chansey|2
|
|upkeep
|turn|14
|
|t:|1647144782
|switch|p2a: stanky clanky|Registeel|100/100
|move|p1a: Chansey|Thunder Wave|p2a: stanky clanky
|-status|p2a: stanky clanky|par
|
|upkeep
|turn|15
|
|t:|1647144787
|move|p2a: stanky clanky|Iron Defense|p2a: stanky clanky
|-boost|p2a: stanky clanky|def|2
|move|p1a: Chansey|Teleport|p1a: Chansey
|
|t:|1647144790
|switch|p1a: Azelf|Azelf|76/100|[from]move: Teleport
|
|upkeep
|turn|16
|
|t:|1647144793
|move|p1a: Azelf|Fire Blast|p2a: stanky clanky
|-supereffective|p2a: stanky clanky
|-damage|p2a: stanky clanky|54/100 par
|move|p2a: stanky clanky|Body Press|p1a: Azelf
|-resisted|p1a: Azelf
|-damage|p1a: Azelf|22/100
|
|upkeep
|turn|17
|
|t:|1647144814
|switch|p2a: mr mencey wencey|Salamence, M|93/100
|-ability|p2a: mr mencey wencey|Intimidate|boost
|-unboost|p1a: Azelf|atk|1
|move|p1a: Azelf|Fire Blast|p2a: mr mencey wencey
|-resisted|p2a: mr mencey wencey
|-damage|p2a: mr mencey wencey|74/100
|
|upkeep
|turn|18
|
|t:|1647144821
|move|p1a: Azelf|U-turn|p2a: mr mencey wencey
|-resisted|p2a: mr mencey wencey
|-damage|p2a: mr mencey wencey|69/100
|
|t:|1647144824
|switch|p1a: Chansey|Chansey, F|65/100|[from]move: U-turn
|-damage|p1a: Chansey|53/100|[from] Stealth Rock
|move|p2a: mr mencey wencey|Roost|p2a: mr mencey wencey
|-heal|p2a: mr mencey wencey|100/100
|-singleturn|p2a: mr mencey wencey|move: Roost
|
|upkeep
|turn|19
|
|t:|1647144829
|switch|p2a: beggin 4 an eggin|Chansey, F|82/100
|move|p1a: Chansey|Teleport|p1a: Chansey
|
|t:|1647144840
|switch|p1a: Swampert|Swampert, F|82/100|[from]move: Teleport
|-damage|p1a: Swampert|76/100|[from] Stealth Rock
|
|-heal|p1a: Swampert|82/100|[from] item: Leftovers
|upkeep
|turn|20
|
|t:|1647144848
|move|p2a: beggin 4 an eggin|Aromatherapy|p2a: beggin 4 an eggin
|-activate|p2a: beggin 4 an eggin|move: Aromatherapy
|-curestatus|p2: stanky clanky|par|[msg]
|move|p1a: Swampert|Flip Turn|p2a: beggin 4 an eggin
|-damage|p2a: beggin 4 an eggin|60/100
|
|t:|1647144859
|switch|p1a: Cobalion|Cobalion|92/100|[from]move: Flip Turn
|-damage|p1a: Cobalion|89/100|[from] Stealth Rock
|
|-heal|p1a: Cobalion|96/100|[from] item: Leftovers
|upkeep
|turn|21
|
|t:|1647144864
|switch|p2a: mr mencey wencey|Salamence, M|100/100
|-ability|p2a: mr mencey wencey|Intimidate|boost
|-unboost|p1a: Cobalion|atk|1
|move|p1a: Cobalion|Swords Dance|p1a: Cobalion
|-boost|p1a: Cobalion|atk|2
|
|-heal|p1a: Cobalion|100/100|[from] item: Leftovers
|upkeep
|turn|22
|
|t:|1647144874
|move|p1a: Cobalion|Volt Switch|p2a: mr mencey wencey
|-damage|p2a: mr mencey wencey|87/100
|
|t:|1647144876
|switch|p1a: Swampert|Swampert, F|82/100|[from]move: Volt Switch
|-damage|p1a: Swampert|76/100|[from] Stealth Rock
|move|p2a: mr mencey wencey|Flamethrower|p1a: Swampert
|-resisted|p1a: Swampert
|-damage|p1a: Swampert|66/100
|
|-heal|p1a: Swampert|73/100|[from] item: Leftovers
|upkeep
|turn|23
|
|t:|1647144889
|switch|p2a: edgy veggie|Tapu Bulu|95/100
|-fieldstart|move: Grassy Terrain|[from] ability: Grassy Surge|[of] p2a: edgy veggie
|move|p1a: Swampert|Stealth Rock|p2a: edgy veggie
|-sidestart|p2: pokemonisfun|move: Stealth Rock
|
|-heal|p2a: edgy veggie|100/100|[from] Grassy Terrain
|-heal|p1a: Swampert|79/100|[from] Grassy Terrain
|-heal|p1a: Swampert|85/100|[from] item: Leftovers
|upkeep
|turn|24
|
|t:|1647144893
|switch|p2a: tit for hat|Hatterene, F|61/100
|-damage|p2a: tit for hat|49/100|[from] Stealth Rock
|switch|p1a: Cobalion|Cobalion|100/100
|-damage|p1a: Cobalion|97/100|[from] Stealth Rock
|
|-heal|p1a: Cobalion|100/100|[from] Grassy Terrain
|-heal|p2a: tit for hat|55/100|[from] Grassy Terrain
|-heal|p2a: tit for hat|61/100|[from] item: Leftovers
|upkeep
|turn|25
|
|t:|1647144899
|move|p1a: Cobalion|Iron Head|p2a: tit for hat
|-supereffective|p2a: tit for hat
|-damage|p2a: tit for hat|9/100
|move|p2a: tit for hat|Mystical Fire|p1a: Cobalion
|-supereffective|p1a: Cobalion
|-damage|p1a: Cobalion|35/100
|-unboost|p1a: Cobalion|spa|1
|
|-heal|p1a: Cobalion|41/100|[from] Grassy Terrain
|-heal|p1a: Cobalion|47/100|[from] item: Leftovers
|-heal|p2a: tit for hat|15/100|[from] Grassy Terrain
|-heal|p2a: tit for hat|21/100|[from] item: Leftovers
|upkeep
|turn|26
|
|t:|1647144906
|switch|p2a: soggy froggy|Seismitoad, M|99/100
|-damage|p2a: soggy froggy|94/100|[from] Stealth Rock
|move|p1a: Cobalion|Iron Head|p2a: soggy froggy
|-resisted|p2a: soggy froggy
|-damage|p2a: soggy froggy|81/100
|
|-heal|p1a: Cobalion|53/100|[from] Grassy Terrain
|-heal|p1a: Cobalion|60/100|[from] item: Leftovers
|-heal|p2a: soggy froggy|87/100|[from] Grassy Terrain
|upkeep
|turn|27
|
|t:|1647144910
|switch|p1a: Zarude|Zarude-Dada|88/100
|-damage|p1a: Zarude|76/100|[from] Stealth Rock
|move|p2a: soggy froggy|Knock Off|p1a: Zarude
|-resisted|p1a: Zarude
|-damage|p1a: Zarude|67/100
|-enditem|p1a: Zarude|Choice Band|[from] move: Knock Off|[of] p2a: soggy froggy
|
|-heal|p1a: Zarude|73/100|[from] Grassy Terrain
|-heal|p2a: soggy froggy|93/100|[from] Grassy Terrain
|-fieldend|move: Grassy Terrain
|upkeep
|turn|28
|
|t:|1647144926
|switch|p2a: mr mencey wencey|Salamence, M|87/100
|-damage|p2a: mr mencey wencey|62/100|[from] Stealth Rock
|-ability|p2a: mr mencey wencey|Intimidate|boost
|-unboost|p1a: Zarude|atk|1
|move|p1a: Zarude|U-turn|p2a: mr mencey wencey
|-resisted|p2a: mr mencey wencey
|-damage|p2a: mr mencey wencey|55/100
|
|t:|1647144930
|switch|p1a: Azelf|Azelf|22/100|[from]move: U-turn
|
|upkeep
|turn|29
|
|t:|1647144935
|move|p1a: Azelf|Psychic|p2a: mr mencey wencey
|-damage|p2a: mr mencey wencey|9/100
|move|p2a: mr mencey wencey|Roost|p2a: mr mencey wencey
|-heal|p2a: mr mencey wencey|59/100
|-singleturn|p2a: mr mencey wencey|move: Roost
|
|upkeep
|turn|30
|
|t:|1647144942
|move|p1a: Azelf|U-turn|p2a: mr mencey wencey
|-resisted|p2a: mr mencey wencey
|-damage|p2a: mr mencey wencey|51/100
|
|t:|1647144945
|switch|p1a: Chansey|Chansey, F|53/100|[from]move: U-turn
|-damage|p1a: Chansey|40/100|[from] Stealth Rock
|move|p2a: mr mencey wencey|Roost|p2a: mr mencey wencey
|-heal|p2a: mr mencey wencey|100/100
|-singleturn|p2a: mr mencey wencey|move: Roost
|
|upkeep
|turn|31
|
|t:|1647144948
|switch|p2a: stanky clanky|Registeel|54/100
|-damage|p2a: stanky clanky|48/100|[from] Stealth Rock
|move|p1a: Chansey|Soft-Boiled|p1a: Chansey
|-heal|p1a: Chansey|90/100
|
|upkeep
|turn|32
|
|t:|1647144958
|move|p2a: stanky clanky|Body Press|p1a: Chansey
|-supereffective|p1a: Chansey
|-damage|p1a: Chansey|46/100
|move|p1a: Chansey|Teleport|p1a: Chansey
|
|t:|1647144959
|switch|p1a: Azelf|Azelf|22/100|[from]move: Teleport
|
|upkeep
|turn|33
|
|t:|1647144966
|switch|p2a: beggin 4 an eggin|Chansey, F|60/100
|-damage|p2a: beggin 4 an eggin|47/100|[from] Stealth Rock
|move|p1a: Azelf|Fire Blast|p2a: beggin 4 an eggin
|-damage|p2a: beggin 4 an eggin|30/100
|
|upkeep
|turn|34
|j| Reiner. Sit Down.
|
|t:|1647144971
|move|p1a: Azelf|Psychic|p2a: beggin 4 an eggin
|-damage|p2a: beggin 4 an eggin|8/100
|move|p2a: beggin 4 an eggin|Soft-Boiled|p2a: beggin 4 an eggin
|-heal|p2a: beggin 4 an eggin|58/100
|
|upkeep
|turn|35
|
|t:|1647144977
|move|p1a: Azelf|Psychic|p2a: beggin 4 an eggin
|-damage|p2a: beggin 4 an eggin|38/100
|move|p2a: beggin 4 an eggin|Soft-Boiled|p2a: beggin 4 an eggin
|-heal|p2a: beggin 4 an eggin|88/100
|
|upkeep
|turn|36
|
|t:|1647144981
|move|p1a: Azelf|Psychic|p2a: beggin 4 an eggin
|-crit|p2a: beggin 4 an eggin
|-damage|p2a: beggin 4 an eggin|57/100
|move|p2a: beggin 4 an eggin|Soft-Boiled|p2a: beggin 4 an eggin
|-heal|p2a: beggin 4 an eggin|100/100
|
|upkeep
|turn|37
|
|t:|1647144989
|switch|p2a: tit for hat|Hatterene, F|21/100
|-damage|p2a: tit for hat|9/100|[from] Stealth Rock
|move|p1a: Azelf|U-turn|p2a: tit for hat
|-damage|p2a: tit for hat|0 fnt
|faint|p2a: tit for hat
|
|t:|1647144999
|switch|p1a: Cobalion|Cobalion|60/100|[from]move: U-turn
|-damage|p1a: Cobalion|57/100|[from] Stealth Rock
|
|-heal|p1a: Cobalion|63/100|[from] item: Leftovers
|upkeep
|
|t:|1647145003
|switch|p2a: soggy froggy|Seismitoad, M|93/100
|-damage|p2a: soggy froggy|87/100|[from] Stealth Rock
|turn|38
|
|t:|1647145008
|switch|p1a: Swampert|Swampert, F|85/100
|-damage|p1a: Swampert|79/100|[from] Stealth Rock
|move|p2a: soggy froggy|Scald|p1a: Swampert
|-damage|p1a: Swampert|55/100
|
|-heal|p1a: Swampert|61/100|[from] item: Leftovers
|upkeep
|turn|39
|
|t:|1647145015
|switch|p2a: edgy veggie|Tapu Bulu|100/100
|-damage|p2a: edgy veggie|88/100|[from] Stealth Rock
|-fieldstart|move: Grassy Terrain|[from] ability: Grassy Surge|[of] p2a: edgy veggie
|move|p1a: Swampert|Earthquake|p2a: edgy veggie
|-resisted|p2a: edgy veggie
|-damage|p2a: edgy veggie|80/100
|
|-heal|p2a: edgy veggie|86/100|[from] Grassy Terrain
|-heal|p2a: edgy veggie|92/100|[from] item: Leftovers
|-heal|p1a: Swampert|67/100|[from] Grassy Terrain
|-heal|p1a: Swampert|73/100|[from] item: Leftovers
|upkeep
|turn|40
|
|t:|1647145021
|switch|p2a: soggy froggy|Seismitoad, M|87/100
|-damage|p2a: soggy froggy|81/100|[from] Stealth Rock
|switch|p1a: Cobalion|Cobalion|63/100
|-damage|p1a: Cobalion|60/100|[from] Stealth Rock
|
|-heal|p1a: Cobalion|66/100|[from] Grassy Terrain
|-heal|p1a: Cobalion|72/100|[from] item: Leftovers
|-heal|p2a: soggy froggy|87/100|[from] Grassy Terrain
|upkeep
|turn|41
|
|t:|1647145027
|switch|p1a: Swampert|Swampert, F|73/100
|-damage|p1a: Swampert|67/100|[from] Stealth Rock
|move|p2a: soggy froggy|Scald|p1a: Swampert
|-damage|p1a: Swampert|46/100
|
|-heal|p2a: soggy froggy|93/100|[from] Grassy Terrain
|-heal|p1a: Swampert|52/100|[from] Grassy Terrain
|-heal|p1a: Swampert|59/100|[from] item: Leftovers
|upkeep
|turn|42
|
|t:|1647145034
|switch|p1a: Zarude|Zarude-Dada|73/100
|-damage|p1a: Zarude|61/100|[from] Stealth Rock
|move|p2a: soggy froggy|Toxic|p1a: Zarude
|-status|p1a: Zarude|tox
|
|-heal|p1a: Zarude|67/100 tox|[from] Grassy Terrain
|-heal|p2a: soggy froggy|99/100|[from] Grassy Terrain
|-damage|p1a: Zarude|61/100 tox|[from] psn
|upkeep
|turn|43
|
|t:|1647145038
|switch|p2a: stanky clanky|Registeel|48/100
|-damage|p2a: stanky clanky|42/100|[from] Stealth Rock
|move|p1a: Zarude|Jungle Healing|p1a: Zarude
|-heal|p1a: Zarude|86/100 tox
|-curestatus|p1a: Zarude|tox|[msg]
|
|-heal|p1a: Zarude|92/100|[from] Grassy Terrain
|-heal|p2a: stanky clanky|48/100|[from] Grassy Terrain
|-fieldend|move: Grassy Terrain
|upkeep
|turn|44
|
|t:|1647145042
|move|p1a: Zarude|U-turn|p2a: stanky clanky
|-resisted|p2a: stanky clanky
|-damage|p2a: stanky clanky|42/100
|
|t:|1647145043
|switch|p1a: Azelf|Azelf|22/100|[from]move: U-turn
|move|p2a: stanky clanky|Rest|p2a: stanky clanky
|-status|p2a: stanky clanky|slp|[from] move: Rest
|-heal|p2a: stanky clanky|100/100 slp|[silent]
|-enditem|p2a: stanky clanky|Chesto Berry|[eat]
|-curestatus|p2a: stanky clanky|slp|[msg]
|
|upkeep
|turn|45
|
|t:|1647145052
|move|p1a: Azelf|Fire Blast|p2a: stanky clanky
|-supereffective|p2a: stanky clanky
|-crit|p2a: stanky clanky
|-damage|p2a: stanky clanky|33/100
|move|p2a: stanky clanky|Body Press|p1a: Azelf
|-resisted|p1a: Azelf
|-damage|p1a: Azelf|0 fnt
|faint|p1a: Azelf
|
|upkeep
|
|t:|1647145058
|switch|p1a: Cobalion|Cobalion|72/100
|-damage|p1a: Cobalion|69/100|[from] Stealth Rock
|turn|46
|
|t:|1647145067
|switch|p2a: mr mencey wencey|Salamence, M|100/100
|-damage|p2a: mr mencey wencey|76/100|[from] Stealth Rock
|-ability|p2a: mr mencey wencey|Intimidate|boost
|-unboost|p1a: Cobalion|atk|1
|move|p1a: Cobalion|Swords Dance|p1a: Cobalion
|-boost|p1a: Cobalion|atk|2
|
|-heal|p1a: Cobalion|75/100|[from] item: Leftovers
|upkeep
|turn|47
|
|t:|1647145075
|move|p1a: Cobalion|Iron Head|p2a: mr mencey wencey
|-damage|p2a: mr mencey wencey|31/100
|move|p2a: mr mencey wencey|Flamethrower|p1a: Cobalion
|-supereffective|p1a: Cobalion
|-damage|p1a: Cobalion|19/100
|
|-heal|p1a: Cobalion|25/100|[from] item: Leftovers
|upkeep
|turn|48
|
|t:|1647145082
|move|p1a: Cobalion|Close Combat|p2a: mr mencey wencey
|-resisted|p2a: mr mencey wencey
|-damage|p2a: mr mencey wencey|0 fnt
|-unboost|p1a: Cobalion|def|1
|-unboost|p1a: Cobalion|spd|1
|faint|p2a: mr mencey wencey
|
|-heal|p1a: Cobalion|31/100|[from] item: Leftovers
|upkeep
|
|t:|1647145085
|switch|p2a: soggy froggy|Seismitoad, M|99/100
|-damage|p2a: soggy froggy|93/100|[from] Stealth Rock
|turn|49
|
|t:|1647145089
|switch|p1a: Zarude|Zarude-Dada|92/100
|-damage|p1a: Zarude|79/100|[from] Stealth Rock
|move|p2a: soggy froggy|Scald|p1a: Zarude
|-resisted|p1a: Zarude
|-damage|p1a: Zarude|68/100
|
|upkeep
|turn|50
|
|t:|1647145110
|switch|p2a: edgy veggie|Tapu Bulu|92/100
|-damage|p2a: edgy veggie|80/100|[from] Stealth Rock
|-fieldstart|move: Grassy Terrain|[from] ability: Grassy Surge|[of] p2a: edgy veggie
|move|p1a: Zarude|Darkest Lariat|p2a: edgy veggie
|-resisted|p2a: edgy veggie
|-damage|p2a: edgy veggie|62/100
|
|-heal|p1a: Zarude|74/100|[from] Grassy Terrain
|-heal|p2a: edgy veggie|68/100|[from] Grassy Terrain
|-heal|p2a: edgy veggie|74/100|[from] item: Leftovers
|upkeep
|turn|51
|
|t:|1647145117
|move|p1a: Zarude|Power Whip|p2a: edgy veggie|[miss]
|-miss|p1a: Zarude|p2a: edgy veggie
|move|p2a: edgy veggie|Horn Leech|p1a: Zarude
|-resisted|p1a: Zarude
|-damage|p1a: Zarude|50/100
|-heal|p2a: edgy veggie|86/100|[from] drain|[of] p1a: Zarude
|
|-heal|p1a: Zarude|56/100|[from] Grassy Terrain
|-heal|p2a: edgy veggie|92/100|[from] Grassy Terrain
|-heal|p2a: edgy veggie|98/100|[from] item: Leftovers
|upkeep
|turn|52
|
|t:|1647145120
|move|p1a: Zarude|Jungle Healing|p1a: Zarude
|-heal|p1a: Zarude|81/100
|move|p2a: edgy veggie|Horn Leech|p1a: Zarude
|-resisted|p1a: Zarude
|-damage|p1a: Zarude|59/100
|-heal|p2a: edgy veggie|100/100|[from] drain|[of] p1a: Zarude
|
|-heal|p1a: Zarude|65/100|[from] Grassy Terrain
|upkeep
|turn|53
|
|t:|1647145128
|move|p1a: Zarude|Power Whip|p2a: edgy veggie
|-resisted|p2a: edgy veggie
|-damage|p2a: edgy veggie|68/100
|move|p2a: edgy veggie|Horn Leech|p1a: Zarude
|-resisted|p1a: Zarude
|-damage|p1a: Zarude|44/100
|-heal|p2a: edgy veggie|79/100|[from] drain|[of] p1a: Zarude
|
|-heal|p1a: Zarude|50/100|[from] Grassy Terrain
|-heal|p2a: edgy veggie|85/100|[from] Grassy Terrain
|-heal|p2a: edgy veggie|91/100|[from] item: Leftovers
|upkeep
|turn|54
|
|t:|1647145132
|move|p1a: Zarude|Jungle Healing|p1a: Zarude
|-heal|p1a: Zarude|75/100
|move|p2a: edgy veggie|Stone Edge|p1a: Zarude
|-damage|p1a: Zarude|45/100
|
|-heal|p1a: Zarude|51/100|[from] Grassy Terrain
|-heal|p2a: edgy veggie|98/100|[from] Grassy Terrain
|-heal|p2a: edgy veggie|100/100|[from] item: Leftovers
|-fieldend|move: Grassy Terrain
|upkeep
|turn|55
|
|t:|1647145137
|move|p1a: Zarude|Jungle Healing|p1a: Zarude
|-heal|p1a: Zarude|76/100
|move|p2a: edgy veggie|Horn Leech|p1a: Zarude
|-resisted|p1a: Zarude
|-damage|p1a: Zarude|59/100
|
|upkeep
|turn|56
|
|t:|1647145142
|move|p1a: Zarude|Power Whip|p2a: edgy veggie
|-resisted|p2a: edgy veggie
|-damage|p2a: edgy veggie|76/100
|move|p2a: edgy veggie|Stone Edge|p1a: Zarude
|-damage|p1a: Zarude|28/100
|
|-heal|p2a: edgy veggie|82/100|[from] item: Leftovers
|upkeep
|turn|57
|
|t:|1647145147
|move|p1a: Zarude|Jungle Healing|p1a: Zarude
|-heal|p1a: Zarude|53/100
|move|p2a: edgy veggie|Stone Edge|p1a: Zarude|[miss]
|-miss|p2a: edgy veggie|p1a: Zarude
|
|-heal|p2a: edgy veggie|88/100|[from] item: Leftovers
|upkeep
|turn|58
|
|t:|1647145153
|move|p1a: Zarude|U-turn|p2a: edgy veggie
|-damage|p2a: edgy veggie|67/100
|
|t:|1647145155
|switch|p1a: Swampert|Swampert, F|59/100|[from]move: U-turn
|-damage|p1a: Swampert|52/100|[from] Stealth Rock
|move|p2a: edgy veggie|Horn Leech|p1a: Swampert
|-supereffective|p1a: Swampert
|-damage|p1a: Swampert|0 fnt
|-heal|p2a: edgy veggie|98/100|[from] drain|[of] p1a: Swampert
|faint|p1a: Swampert
|
|-heal|p2a: edgy veggie|100/100|[from] item: Leftovers
|upkeep
|
|t:|1647145157
|switch|p1a: Cobalion|Cobalion|31/100
|-damage|p1a: Cobalion|28/100|[from] Stealth Rock
|turn|59
|
|t:|1647145179
|switch|p2a: soggy froggy|Seismitoad, M|93/100
|-damage|p2a: soggy froggy|87/100|[from] Stealth Rock
|move|p1a: Cobalion|Swords Dance|p1a: Cobalion
|-boost|p1a: Cobalion|atk|2
|
|-heal|p1a: Cobalion|34/100|[from] item: Leftovers
|upkeep
|turn|60
|
|t:|1647145185
|switch|p1a: Zarude|Zarude-Dada|53/100
|-damage|p1a: Zarude|41/100|[from] Stealth Rock
|move|p2a: soggy froggy|Scald|p1a: Zarude
|-resisted|p1a: Zarude
|-crit|p1a: Zarude
|-damage|p1a: Zarude|22/100
|
|upkeep
|turn|61
|
|t:|1647145196
|switch|p2a: stanky clanky|Registeel|33/100
|-damage|p2a: stanky clanky|27/100|[from] Stealth Rock
|move|p1a: Zarude|Power Whip|p2a: stanky clanky
|-resisted|p2a: stanky clanky
|-damage|p2a: stanky clanky|12/100
|
|upkeep
|turn|62
|
|t:|1647145202
|switch|p2a: edgy veggie|Tapu Bulu|100/100
|-damage|p2a: edgy veggie|88/100|[from] Stealth Rock
|-fieldstart|move: Grassy Terrain|[from] ability: Grassy Surge|[of] p2a: edgy veggie
|move|p1a: Zarude|Darkest Lariat|p2a: edgy veggie
|-resisted|p2a: edgy veggie
|-damage|p2a: edgy veggie|71/100
|
|-heal|p1a: Zarude|28/100|[from] Grassy Terrain
|-heal|p2a: edgy veggie|77/100|[from] Grassy Terrain
|-heal|p2a: edgy veggie|83/100|[from] item: Leftovers
|upkeep
|turn|63
|
|t:|1647145215
|move|p1a: Zarude|U-turn|p2a: edgy veggie
|-crit|p2a: edgy veggie
|-damage|p2a: edgy veggie|53/100
|
|t:|1647145217
|switch|p1a: Cobalion|Cobalion|34/100|[from]move: U-turn
|-damage|p1a: Cobalion|31/100|[from] Stealth Rock
|move|p2a: edgy veggie|Stone Edge|p1a: Cobalion
|-resisted|p1a: Cobalion
|-damage|p1a: Cobalion|25/100
|
|-heal|p1a: Cobalion|31/100|[from] Grassy Terrain
|-heal|p1a: Cobalion|37/100|[from] item: Leftovers
|-heal|p2a: edgy veggie|59/100|[from] Grassy Terrain
|-heal|p2a: edgy veggie|65/100|[from] item: Leftovers
|upkeep
|turn|64
|
|t:|1647145232
|move|p1a: Cobalion|Close Combat|p2a: edgy veggie
|-resisted|p2a: edgy veggie
|-damage|p2a: edgy veggie|44/100
|-unboost|p1a: Cobalion|def|1
|-unboost|p1a: Cobalion|spd|1
|move|p2a: edgy veggie|Horn Leech|p1a: Cobalion
|-resisted|p1a: Cobalion
|-damage|p1a: Cobalion|9/100
|-heal|p2a: edgy veggie|57/100|[from] drain|[of] p1a: Cobalion
|
|-heal|p1a: Cobalion|16/100|[from] Grassy Terrain
|-heal|p1a: Cobalion|22/100|[from] item: Leftovers
|-heal|p2a: edgy veggie|63/100|[from] Grassy Terrain
|-heal|p2a: edgy veggie|69/100|[from] item: Leftovers
|upkeep
|turn|65
|l| Reiner. Sit Down.
|
|t:|1647145243
|move|p1a: Cobalion|Volt Switch|p2a: edgy veggie
|-resisted|p2a: edgy veggie
|-damage|p2a: edgy veggie|63/100
|
|t:|1647145245
|switch|p1a: Zarude|Zarude-Dada|28/100|[from]move: Volt Switch
|-damage|p1a: Zarude|16/100|[from] Stealth Rock
|move|p2a: edgy veggie|Horn Leech|p1a: Zarude
|-resisted|p1a: Zarude
|-damage|p1a: Zarude|0 fnt
|-heal|p2a: edgy veggie|71/100|[from] drain|[of] p1a: Zarude
|faint|p1a: Zarude
|
|-heal|p2a: edgy veggie|77/100|[from] Grassy Terrain
|-heal|p2a: edgy veggie|83/100|[from] item: Leftovers
|upkeep
|
|t:|1647145247
|switch|p1a: Cobalion|Cobalion|22/100
|-damage|p1a: Cobalion|19/100|[from] Stealth Rock
|turn|66
|
|t:|1647145316
|switch|p2a: soggy froggy|Seismitoad, M|87/100
|-damage|p2a: soggy froggy|81/100|[from] Stealth Rock
|move|p1a: Cobalion|Swords Dance|p1a: Cobalion
|-boost|p1a: Cobalion|atk|2
|
|-heal|p1a: Cobalion|25/100|[from] Grassy Terrain
|-heal|p1a: Cobalion|31/100|[from] item: Leftovers
|-heal|p2a: soggy froggy|87/100|[from] Grassy Terrain
|-fieldend|move: Grassy Terrain
|upkeep
|turn|67
|
|t:|1647145322
|move|p1a: Cobalion|Close Combat|p2a: soggy froggy
|-damage|p2a: soggy froggy|10/100
|-unboost|p1a: Cobalion|def|1
|-unboost|p1a: Cobalion|spd|1
|move|p2a: soggy froggy|Scald|p1a: Cobalion
|-damage|p1a: Cobalion|0 fnt
|faint|p1a: Cobalion
|
|upkeep
|c|☆PlasticPinnochio|gg
|
|t:|1647145327
|switch|p1a: Chansey|Chansey, F|46/100
|-damage|p1a: Chansey|33/100|[from] Stealth Rock
|turn|68
|c|☆pokemonisfun|gg
|
|t:|1647145331
|move|p2a: soggy froggy|Knock Off|p1a: Chansey
|-damage|p1a: Chansey|20/100
|-enditem|p1a: Chansey|Eviolite|[from] move: Knock Off|[of] p2a: soggy froggy
|move|p1a: Chansey|Seismic Toss|p2a: soggy froggy
|-damage|p2a: soggy froggy|0 fnt
|faint|p2a: soggy froggy
|
|upkeep
|
|t:|1647145333
|switch|p2a: stanky clanky|Registeel|12/100
|-damage|p2a: stanky clanky|6/100|[from] Stealth Rock
|turn|69
|
|t:|1647145335
|move|p2a: stanky clanky|Body Press|p1a: Chansey
|-supereffective|p1a: Chansey
|-damage|p1a: Chansey|0 fnt
|faint|p1a: Chansey
|
|win|pokemonisfun
|raw|PlasticPinnochio's rating: 1517 &rarr; <strong>1509</strong><br />(-8 for losing)
|raw|pokemonisfun's rating: 1753 &rarr; <strong>1761</strong><br />(+8 for winning)
||Ladder isn't responding, score probably updated but might not have (Request timeout).
