|j|☆Queen of Bean ✿
|j|☆Rvp4president
|t:|1661845107
|gametype|singles
|player|p1|Queen of Bean ✿|266|1222
|player|p2|Rvp4president|102|1397
|teamsize|p1|6
|teamsize|p2|6
|gen|8
|tier|[Gen 8] UU
|rated|
|rule|Sleep Clause Mod: Limit one foe put to sleep
|rule|Species Clause: Limit one of each Pokémon
|rule|OHKO Clause: OHKO moves are banned
|rule|Evasion Items Clause: Evasion items are banned
|rule|Evasion Moves Clause: Evasion moves are banned
|rule|Endless Battle Clause: Forcing endless battles is banned
|rule|HP Percentage Mod: HP is shown in percentages
|rule|Dynamax Clause: You cannot dynamax
|clearpoke
|poke|p1|Zygarde-10%|
|poke|p1|Tapu Bulu|
|poke|p1|Nihilego|
|poke|p1|Slowking, M|
|poke|p1|Salamence, F|
|poke|p1|Scizor, F|
|poke|p2|Amoonguss, M|
|poke|p2|Chansey, F|
|poke|p2|Keldeo-Resolute|
|poke|p2|Zygarde-10%|
|poke|p2|Skarmory, M|
|poke|p2|Chandelure, F|
|teampreview
|inactive|Battle timer is ON: inactive players will automatically lose when time's up. (requested by Rvp4president)
|
|t:|1661845132
|start
|switch|p1a: Nihilego|Nihilego|100/100
|switch|p2a: Chandelure|Chandelure, F|100/100
|turn|1
|j| threeblindmice7
|
|t:|1661845138
|switch|p2a: Chansey|Chansey, F|100/100
|move|p1a: Nihilego|Stealth Rock|p2a: Chansey
|-sidestart|p2: Rvp4president|move: Stealth Rock
|
|upkeep
|turn|2
|
|t:|1661845146
|switch|p1a: Scizor|Scizor, F|100/100
|move|p2a: Chansey|Stealth Rock|p1a: Scizor
|-sidestart|p1: Queen of Bean ✿|move: Stealth Rock
|
|upkeep
|turn|3
|
|t:|1661845152
|switch|p2a: Skarmory|Skarmory, M|100/100
|-damage|p2a: Skarmory|88/100|[from] Stealth Rock
|move|p1a: Scizor|Knock Off|p2a: Skarmory
|-damage|p2a: Skarmory|70/100
|-damage|p1a: Scizor|84/100|[from] item: Rocky Helmet|[of] p2a: Skarmory
|-enditem|p2a: Skarmory|Rocky Helmet|[from] move: Knock Off|[of] p1a: Scizor
|
|upkeep
|turn|4
|
|t:|1661845158
|switch|p1a: Nihilego|Nihilego|100/100
|-damage|p1a: Nihilego|88/100|[from] Stealth Rock
|move|p2a: Skarmory|Spikes|p1a: Nihilego
|-sidestart|p1: Queen of Bean ✿|Spikes
|
|-heal|p1a: Nihilego|94/100|[from] item: Black Sludge
|upkeep
|turn|5
|
|t:|1661845164
|switch|p1a: Salamence|Salamence, F|100/100
|-ability|p1a: Salamence|Intimidate|boost
|-unboost|p2a: Skarmory|atk|1
|switch|p2a: Chansey|Chansey, F|100/100
|-damage|p2a: Chansey|88/100|[from] Stealth Rock
|
|upkeep
|turn|6
|
|t:|1661845168
|move|p1a: Salamence|Defog|p2a: Chansey
|-unboost|p2a: Chansey|evasion|1
|-sideend|p2: Rvp4president|Stealth Rock|[from] move: Defog|[of] p1a: Salamence
|-sideend|p1: Queen of Bean ✿|Spikes|[from] move: Defog|[of] p1a: Salamence
|-sideend|p1: Queen of Bean ✿|Stealth Rock|[from] move: Defog|[of] p1a: Salamence
|move|p2a: Chansey|Toxic|p1a: Salamence
|-status|p1a: Salamence|tox
|
|-damage|p1a: Salamence|94/100 tox|[from] psn
|upkeep
|turn|7
|
|t:|1661845180
|switch|p1a: Scizor|Scizor, F|84/100
|move|p2a: Chansey|Stealth Rock|p1a: Scizor
|-sidestart|p1: Queen of Bean ✿|move: Stealth Rock
|
|upkeep
|turn|8
|
|t:|1661845186
|switch|p2a: Skarmory|Skarmory, M|70/100
|move|p1a: Scizor|Swords Dance|p1a: Scizor
|-boost|p1a: Scizor|atk|2
|
|upkeep
|turn|9
|
|t:|1661845190
|move|p2a: Skarmory|Roost|p2a: Skarmory
|-heal|p2a: Skarmory|100/100
|-singleturn|p2a: Skarmory|move: Roost
|move|p1a: Scizor|Swords Dance|p1a: Scizor
|-boost|p1a: Scizor|atk|2
|
|upkeep
|turn|10
|
|t:|1661845195
|move|p1a: Scizor|Swords Dance|p1a: Scizor
|-boost|p1a: Scizor|atk|2
|move|p2a: Skarmory|Counter||[still]
|-fail|p2a: Skarmory
|
|upkeep
|turn|11
|l| threeblindmice7
|inactive|Queen of Bean ✿ has 120 seconds left.
|
|t:|1661845228
|switch|p1a: Nihilego|Nihilego|94/100
|-damage|p1a: Nihilego|82/100|[from] Stealth Rock
|move|p2a: Skarmory|Counter||[still]
|-fail|p2a: Skarmory
|
|-heal|p1a: Nihilego|88/100|[from] item: Black Sludge
|upkeep
|turn|12
|
|t:|1661845234
|move|p1a: Nihilego|Power Gem|p2a: Skarmory
|-damage|p2a: Skarmory|44/100
|move|p2a: Skarmory|Spikes|p1a: Nihilego
|-sidestart|p1: Queen of Bean ✿|Spikes
|
|-heal|p1a: Nihilego|94/100|[from] item: Black Sludge
|upkeep
|turn|13
|
|t:|1661845241
|switch|p2a: Chansey|Chansey, F|88/100
|move|p1a: Nihilego|Stealth Rock|p2a: Chansey
|-sidestart|p2: Rvp4president|move: Stealth Rock
|
|-heal|p1a: Nihilego|100/100|[from] item: Black Sludge
|upkeep
|turn|14
|
|t:|1661845247
|switch|p1a: Salamence|Salamence, F|94/100 tox
|-ability|p1a: Salamence|Intimidate|boost
|-unboost|p2a: Chansey|atk|1
|move|p2a: Chansey|Seismic Toss|p1a: Salamence
|-damage|p1a: Salamence|69/100 tox
|
|-damage|p1a: Salamence|63/100 tox|[from] psn
|upkeep
|turn|15
|
|t:|1661845251
|move|p1a: Salamence|Defog|p2a: Chansey
|-unboost|p2a: Chansey|evasion|1
|-sideend|p2: Rvp4president|Stealth Rock|[from] move: Defog|[of] p1a: Salamence
|-sideend|p1: Queen of Bean ✿|Spikes|[from] move: Defog|[of] p1a: Salamence
|-sideend|p1: Queen of Bean ✿|Stealth Rock|[from] move: Defog|[of] p1a: Salamence
|move|p2a: Chansey|Seismic Toss|p1a: Salamence
|-damage|p1a: Salamence|38/100 tox
|
|-damage|p1a: Salamence|25/100 tox|[from] psn
|upkeep
|turn|16
|
|t:|1661845254
|move|p1a: Salamence|Roost|p1a: Salamence
|-heal|p1a: Salamence|75/100 tox
|-singleturn|p1a: Salamence|move: Roost
|move|p2a: Chansey|Stealth Rock|p1a: Salamence
|-sidestart|p1: Queen of Bean ✿|move: Stealth Rock
|
|-damage|p1a: Salamence|57/100 tox|[from] psn
|upkeep
|turn|17
|
|t:|1661845259
|switch|p1a: Scizor|Scizor, F|84/100
|-damage|p1a: Scizor|72/100|[from] Stealth Rock
|move|p2a: Chansey|Seismic Toss|p1a: Scizor
|-damage|p1a: Scizor|42/100
|-damage|p2a: Chansey|71/100|[from] item: Rocky Helmet|[of] p1a: Scizor
|
|upkeep
|turn|18
|
|t:|1661845264
|switch|p2a: Skarmory|Skarmory, M|44/100
|move|p1a: Scizor|Swords Dance|p1a: Scizor
|-boost|p1a: Scizor|atk|2
|
|upkeep
|turn|19
|
|t:|1661845268
|move|p2a: Skarmory|Roost|p2a: Skarmory
|-heal|p2a: Skarmory|94/100
|-singleturn|p2a: Skarmory|move: Roost
|move|p1a: Scizor|Knock Off|p2a: Skarmory
|-damage|p2a: Skarmory|71/100
|
|upkeep
|turn|20
|
|t:|1661845274
|move|p2a: Skarmory|Roost|p2a: Skarmory
|-heal|p2a: Skarmory|100/100
|-singleturn|p2a: Skarmory|move: Roost
|move|p1a: Scizor|Roost|p1a: Scizor
|-heal|p1a: Scizor|93/100
|-singleturn|p1a: Scizor|move: Roost
|
|upkeep
|turn|21
|
|t:|1661845280
|move|p2a: Skarmory|Spikes|p1a: Scizor
|-sidestart|p1: Queen of Bean ✿|Spikes
|move|p1a: Scizor|Roost|p1a: Scizor
|-heal|p1a: Scizor|100/100
|-singleturn|p1a: Scizor|move: Roost
|
|upkeep
|turn|22
|
|t:|1661845289
|switch|p1a: Salamence|Salamence, F|57/100 tox
|-ability|p1a: Salamence|Intimidate|boost
|-unboost|p2a: Skarmory|atk|1
|move|p2a: Skarmory|Whirlwind|p1a: Salamence
|drag|p1a: Scizor|Scizor, F|100/100
|-damage|p1a: Scizor|88/100|[from] Stealth Rock
|-damage|p1a: Scizor|76/100|[from] Spikes
|
|upkeep
|turn|23
|
|t:|1661845303
|switch|p1a: Salamence|Salamence, F|57/100 tox
|-ability|p1a: Salamence|Intimidate|boost
|-unboost|p2a: Skarmory|atk|1
|move|p2a: Skarmory|Whirlwind|p1a: Salamence
|drag|p1a: Tapu Bulu|Tapu Bulu|100/100
|-damage|p1a: Tapu Bulu|88/100|[from] Stealth Rock
|-damage|p1a: Tapu Bulu|76/100|[from] Spikes
|-fieldstart|move: Grassy Terrain|[from] ability: Grassy Surge|[of] p1a: Tapu Bulu
|
|-heal|p1a: Tapu Bulu|82/100|[from] Grassy Terrain
|upkeep
|turn|24
|
|t:|1661845313
|move|p1a: Tapu Bulu|Close Combat|p2a: Skarmory
|-damage|p2a: Skarmory|73/100
|-unboost|p1a: Tapu Bulu|def|1
|-unboost|p1a: Tapu Bulu|spd|1
|move|p2a: Skarmory|Spikes|p1a: Tapu Bulu
|-sidestart|p1: Queen of Bean ✿|Spikes
|
|-heal|p1a: Tapu Bulu|88/100|[from] Grassy Terrain
|upkeep
|turn|25
|
|t:|1661845318
|switch|p1a: Salamence|Salamence, F|57/100 tox
|-ability|p1a: Salamence|Intimidate|boost
|-unboost|p2a: Skarmory|atk|1
|move|p2a: Skarmory|Roost|p2a: Skarmory
|-heal|p2a: Skarmory|100/100
|-singleturn|p2a: Skarmory|move: Roost
|
|-damage|p1a: Salamence|51/100 tox|[from] psn
|upkeep
|turn|26
|
|t:|1661845324
|switch|p2a: Chansey|Chansey, F|71/100
|move|p1a: Salamence|Defog|p2a: Chansey
|-unboost|p2a: Chansey|evasion|1
|-sideend|p1: Queen of Bean ✿|Spikes|[from] move: Defog|[of] p1a: Salamence
|-sideend|p1: Queen of Bean ✿|Stealth Rock|[from] move: Defog|[of] p1a: Salamence
|-fieldend|move: Grassy Terrain
|
|-damage|p1a: Salamence|39/100 tox|[from] psn
|upkeep
|turn|27
|
|t:|1661845329
|move|p1a: Salamence|Roost|p1a: Salamence
|-heal|p1a: Salamence|89/100 tox
|-singleturn|p1a: Salamence|move: Roost
|move|p2a: Chansey|Stealth Rock|p1a: Salamence
|-sidestart|p1: Queen of Bean ✿|move: Stealth Rock
|
|-damage|p1a: Salamence|71/100 tox|[from] psn
|upkeep
|turn|28
|
|t:|1661845335
|switch|p1a: Zygarde|Zygarde-10%|100/100
|-damage|p1a: Zygarde|94/100|[from] Stealth Rock
|-ability|p1a: Zygarde|Aura Break
|move|p2a: Chansey|Seismic Toss|p1a: Zygarde
|-damage|p1a: Zygarde|54/100
|
|upkeep
|turn|29
|
|t:|1661845342
|switch|p2a: Amoonguss|Amoonguss, M|100/100
|move|p1a: Zygarde|Thousand Arrows|p2a: Amoonguss
|-damage|p2a: Amoonguss|57/100
|
|-heal|p2a: Amoonguss|64/100|[from] item: Black Sludge
|upkeep
|turn|30
|
|t:|1661845352
|switch|p1a: Salamence|Salamence, F|71/100 tox
|-ability|p1a: Salamence|Intimidate|boost
|-unboost|p2a: Amoonguss|atk|1
|move|p2a: Amoonguss|Spore||[still]
|-fail|p2a: Amoonguss
|
|-heal|p2a: Amoonguss|70/100|[from] item: Black Sludge
|-damage|p1a: Salamence|64/100 tox|[from] psn
|upkeep
|turn|31
|
|t:|1661845360
|switch|p2a: Chansey|Chansey, F|71/100
|move|p1a: Salamence|Roost|p1a: Salamence
|-heal|p1a: Salamence|100/100 tox
|-singleturn|p1a: Salamence|move: Roost
|
|-damage|p1a: Salamence|88/100 tox|[from] psn
|upkeep
|turn|32
|
|t:|1661845368
|switch|p1a: Scizor|Scizor, F|76/100
|-damage|p1a: Scizor|64/100|[from] Stealth Rock
|move|p2a: Chansey|Seismic Toss|p1a: Scizor
|-damage|p1a: Scizor|35/100
|-damage|p2a: Chansey|55/100|[from] item: Rocky Helmet|[of] p1a: Scizor
|
|upkeep
|turn|33
|
|t:|1661845374
|move|p1a: Scizor|Roost|p1a: Scizor
|-heal|p1a: Scizor|85/100
|-singleturn|p1a: Scizor|move: Roost
|move|p2a: Chansey|Soft-Boiled|p2a: Chansey
|-heal|p2a: Chansey|100/100
|
|upkeep
|turn|34
|
|t:|1661845377
|switch|p2a: Skarmory|Skarmory, M|100/100
|move|p1a: Scizor|Swords Dance|p1a: Scizor
|-boost|p1a: Scizor|atk|2
|
|upkeep
|turn|35
|
|t:|1661845384
|move|p2a: Skarmory|Spikes|p1a: Scizor
|-sidestart|p1: Queen of Bean ✿|Spikes
|move|p1a: Scizor|Knock Off|p2a: Skarmory
|-damage|p2a: Skarmory|77/100
|
|upkeep
|turn|36
|
|t:|1661845389
|switch|p1a: Salamence|Salamence, F|88/100 tox
|-ability|p1a: Salamence|Intimidate|boost
|-unboost|p2a: Skarmory|atk|1
|move|p2a: Skarmory|Roost|p2a: Skarmory
|-heal|p2a: Skarmory|100/100
|-singleturn|p2a: Skarmory|move: Roost
|
|-damage|p1a: Salamence|82/100 tox|[from] psn
|upkeep
|turn|37
|
|t:|1661845395
|switch|p2a: Zygarde|Zygarde-10%|100/100
|-ability|p2a: Zygarde|Aura Break
|move|p1a: Salamence|Flamethrower|p2a: Zygarde
|-resisted|p2a: Zygarde
|-damage|p2a: Zygarde|86/100
|
|-damage|p1a: Salamence|70/100 tox|[from] psn
|upkeep
|turn|38
|
|t:|1661845403
|switch|p1a: Tapu Bulu|Tapu Bulu|88/100
|-damage|p1a: Tapu Bulu|75/100|[from] Stealth Rock
|-damage|p1a: Tapu Bulu|63/100|[from] Spikes
|-fieldstart|move: Grassy Terrain|[from] ability: Grassy Surge|[of] p1a: Tapu Bulu
|move|p2a: Zygarde|Crunch|p1a: Tapu Bulu
|-resisted|p1a: Tapu Bulu
|-damage|p1a: Tapu Bulu|43/100
|
|-heal|p1a: Tapu Bulu|49/100|[from] Grassy Terrain
|-heal|p2a: Zygarde|92/100|[from] Grassy Terrain
|upkeep
|turn|39
|
|t:|1661845418
|switch|p1a: Salamence|Salamence, F|70/100 tox
|-ability|p1a: Salamence|Intimidate|boost
|-unboost|p2a: Zygarde|atk|1
|switch|p2a: Skarmory|Skarmory, M|100/100
|
|-damage|p1a: Salamence|64/100 tox|[from] psn
|upkeep
|turn|40
|
|t:|1661845429
|switch|p2a: Chansey|Chansey, F|100/100
|move|p1a: Salamence|Defog|p2a: Chansey
|-unboost|p2a: Chansey|evasion|1
|-sideend|p1: Queen of Bean ✿|Spikes|[from] move: Defog|[of] p1a: Salamence
|-sideend|p1: Queen of Bean ✿|Stealth Rock|[from] move: Defog|[of] p1a: Salamence
|-fieldend|move: Grassy Terrain
|
|-damage|p1a: Salamence|52/100 tox|[from] psn
|upkeep
|turn|41
|
|t:|1661845433
|move|p1a: Salamence|Roost|p1a: Salamence
|-heal|p1a: Salamence|100/100 tox
|-singleturn|p1a: Salamence|move: Roost
|move|p2a: Chansey|Stealth Rock|p1a: Salamence
|-sidestart|p1: Queen of Bean ✿|move: Stealth Rock
|
|-damage|p1a: Salamence|82/100 tox|[from] psn
|upkeep
|turn|42
|
|t:|1661845440
|switch|p1a: Zygarde|Zygarde-10%|54/100
|-damage|p1a: Zygarde|48/100|[from] Stealth Rock
|-ability|p1a: Zygarde|Aura Break
|switch|p2a: Chandelure|Chandelure, F|100/100
|
|upkeep
|turn|43
|
|t:|1661845446
|move|p2a: Chandelure|Shadow Ball|p1a: Zygarde
|-damage|p1a: Zygarde|0 fnt
|faint|p1a: Zygarde
|
|upkeep
|
|t:|1661845451
|switch|p1a: Nihilego|Nihilego|100/100
|-damage|p1a: Nihilego|88/100|[from] Stealth Rock
|turn|44
|
|t:|1661845457
|switch|p2a: Chansey|Chansey, F|100/100
|move|p1a: Nihilego|Stealth Rock|p2a: Chansey
|-sidestart|p2: Rvp4president|move: Stealth Rock
|
|-heal|p1a: Nihilego|94/100|[from] item: Black Sludge
|upkeep
|turn|45
|
|t:|1661845470
|switch|p1a: Scizor|Scizor, F|85/100
|-damage|p1a: Scizor|73/100|[from] Stealth Rock
|move|p2a: Chansey|Seismic Toss|p1a: Scizor
|-damage|p1a: Scizor|43/100
|-damage|p2a: Chansey|84/100|[from] item: Rocky Helmet|[of] p1a: Scizor
|
|upkeep
|turn|46
|
|t:|1661845473
|switch|p2a: Skarmory|Skarmory, M|100/100
|-damage|p2a: Skarmory|88/100|[from] Stealth Rock
|move|p1a: Scizor|Roost|p1a: Scizor
|-heal|p1a: Scizor|94/100
|-singleturn|p1a: Scizor|move: Roost
|
|upkeep
|turn|47
|
|t:|1661845480
|switch|p1a: Salamence|Salamence, F|82/100 tox
|-ability|p1a: Salamence|Intimidate|boost
|-unboost|p2a: Skarmory|atk|1
|move|p2a: Skarmory|Whirlwind|p1a: Salamence
|drag|p1a: Slowking|Slowking, M|100/100
|
|upkeep
|turn|48
|
|t:|1661845490
|switch|p2a: Chansey|Chansey, F|84/100
|-damage|p2a: Chansey|71/100|[from] Stealth Rock
|move|p1a: Slowking|Future Sight|p2a: Chansey
|-start|p1a: Slowking|move: Future Sight
|
|upkeep
|turn|49
|
|t:|1661845497
|move|p2a: Chansey|Toxic|p1a: Slowking
|-status|p1a: Slowking|tox
|move|p1a: Slowking|Teleport|p1a: Slowking
|
|t:|1661845501
|switch|p1a: Tapu Bulu|Tapu Bulu|49/100|[from]move: Teleport
|-damage|p1a: Tapu Bulu|37/100|[from] Stealth Rock
|-fieldstart|move: Grassy Terrain|[from] ability: Grassy Surge|[of] p1a: Tapu Bulu
|
|-heal|p1a: Tapu Bulu|43/100|[from] Grassy Terrain
|-heal|p2a: Chansey|78/100|[from] Grassy Terrain
|upkeep
|turn|50
|
|t:|1661845508
|switch|p2a: Skarmory|Skarmory, M|88/100
|-damage|p2a: Skarmory|76/100|[from] Stealth Rock
|move|p1a: Tapu Bulu|Horn Leech|p2a: Skarmory
|-resisted|p2a: Skarmory
|-damage|p2a: Skarmory|68/100
|-heal|p1a: Tapu Bulu|48/100|[from] drain|[of] p2a: Skarmory
|
|-end|p2a: Skarmory|move: Future Sight
|-resisted|p2a: Skarmory
|-damage|p2a: Skarmory|39/100
|-heal|p1a: Tapu Bulu|54/100|[from] Grassy Terrain
|upkeep
|turn|51
|
|t:|1661845519
|switch|p1a: Salamence|Salamence, F|82/100 tox
|-ability|p1a: Salamence|Intimidate|boost
|-unboost|p2a: Skarmory|atk|1
|move|p2a: Skarmory|Roost|p2a: Skarmory
|-heal|p2a: Skarmory|89/100
|-singleturn|p2a: Skarmory|move: Roost
|
|-heal|p2a: Skarmory|95/100|[from] Grassy Terrain
|-damage|p1a: Salamence|76/100 tox|[from] psn
|upkeep
|turn|52
|j| Neutralist
|
|t:|1661845525
|switch|p2a: Zygarde|Zygarde-10%|92/100
|-damage|p2a: Zygarde|86/100|[from] Stealth Rock
|-ability|p2a: Zygarde|Aura Break
|move|p1a: Salamence|Roost|p1a: Salamence
|-heal|p1a: Salamence|100/100 tox
|-singleturn|p1a: Salamence|move: Roost
|
|-heal|p2a: Zygarde|92/100|[from] Grassy Terrain
|-damage|p1a: Salamence|88/100 tox|[from] psn
|upkeep
|turn|53
|
|t:|1661845538
|move|p2a: Zygarde|Outrage|p1a: Salamence
|-supereffective|p1a: Salamence
|-damage|p1a: Salamence|0 fnt
|faint|p1a: Salamence
|
|-heal|p2a: Zygarde|98/100|[from] Grassy Terrain
|-fieldend|move: Grassy Terrain
|upkeep
|
|t:|1661845541
|switch|p1a: Tapu Bulu|Tapu Bulu|54/100
|-damage|p1a: Tapu Bulu|41/100|[from] Stealth Rock
|-fieldstart|move: Grassy Terrain|[from] ability: Grassy Surge|[of] p1a: Tapu Bulu
|turn|54
|
|t:|1661845544
|move|p1a: Tapu Bulu|Horn Leech|p2a: Zygarde
|-damage|p2a: Zygarde|0 fnt
|-heal|p1a: Tapu Bulu|84/100|[from] drain|[of] p2a: Zygarde
|faint|p2a: Zygarde
|
|-heal|p1a: Tapu Bulu|91/100|[from] Grassy Terrain
|upkeep
|
|t:|1661845555
|switch|p2a: Skarmory|Skarmory, M|95/100
|-damage|p2a: Skarmory|83/100|[from] Stealth Rock
|turn|55
|
|t:|1661845560
|switch|p1a: Nihilego|Nihilego|94/100
|-damage|p1a: Nihilego|82/100|[from] Stealth Rock
|move|p2a: Skarmory|Spikes|p1a: Nihilego
|-sidestart|p1: Queen of Bean ✿|Spikes
|
|-heal|p1a: Nihilego|88/100|[from] Grassy Terrain
|-heal|p1a: Nihilego|94/100|[from] item: Black Sludge
|upkeep
|turn|56
|
|t:|1661845563
|switch|p2a: Chansey|Chansey, F|78/100
|-damage|p2a: Chansey|65/100|[from] Stealth Rock
|move|p1a: Nihilego|Power Gem|p2a: Chansey
|-damage|p2a: Chansey|53/100
|
|-heal|p1a: Nihilego|100/100|[from] Grassy Terrain
|-heal|p2a: Chansey|59/100|[from] Grassy Terrain
|upkeep
|turn|57
|
|t:|1661845569
|switch|p1a: Tapu Bulu|Tapu Bulu|91/100
|-damage|p1a: Tapu Bulu|78/100|[from] Stealth Rock
|-damage|p1a: Tapu Bulu|66/100|[from] Spikes
|move|p2a: Chansey|Soft-Boiled|p2a: Chansey
|-heal|p2a: Chansey|100/100
|
|-heal|p1a: Tapu Bulu|72/100|[from] Grassy Terrain
|upkeep
|turn|58
|l| Neutralist
|
|t:|1661845575
|switch|p1a: Slowking|Slowking, M|100/100 tox
|switch|p2a: Skarmory|Skarmory, M|83/100
|-damage|p2a: Skarmory|70/100|[from] Stealth Rock
|
|-damage|p1a: Slowking|94/100 tox|[from] psn
|-fieldend|move: Grassy Terrain
|upkeep
|turn|59
|
|t:|1661845580
|move|p2a: Skarmory|Spikes|p1a: Slowking
|-sidestart|p1: Queen of Bean ✿|Spikes
|move|p1a: Slowking|Future Sight|p2a: Skarmory
|-start|p1a: Slowking|move: Future Sight
|
|-damage|p1a: Slowking|82/100 tox|[from] psn
|upkeep
|turn|60
|
|t:|1661845584
|switch|p2a: Chansey|Chansey, F|100/100
|-damage|p2a: Chansey|88/100|[from] Stealth Rock
|move|p1a: Slowking|Scald|p2a: Chansey
|-damage|p2a: Chansey|79/100
|
|-damage|p1a: Slowking|64/100 tox|[from] psn
|upkeep
|turn|61
|
|t:|1661845591
|move|p2a: Chansey|Seismic Toss|p1a: Slowking
|-damage|p1a: Slowking|38/100 tox
|move|p1a: Slowking|Slack Off|p1a: Slowking
|-heal|p1a: Slowking|89/100 tox
|
|-end|p2a: Chansey|move: Future Sight
|-damage|p2a: Chansey|68/100
|-damage|p1a: Slowking|64/100 tox|[from] psn
|upkeep
|turn|62
|
|t:|1661845604
|switch|p1a: Tapu Bulu|Tapu Bulu|72/100
|-damage|p1a: Tapu Bulu|59/100|[from] Stealth Rock
|-damage|p1a: Tapu Bulu|43/100|[from] Spikes
|-fieldstart|move: Grassy Terrain|[from] ability: Grassy Surge|[of] p1a: Tapu Bulu
|move|p2a: Chansey|Seismic Toss|p1a: Tapu Bulu
|-damage|p1a: Tapu Bulu|7/100
|
|-heal|p1a: Tapu Bulu|13/100|[from] Grassy Terrain
|-heal|p2a: Chansey|74/100|[from] Grassy Terrain
|upkeep
|turn|63
|
|t:|1661845608
|switch|p2a: Skarmory|Skarmory, M|70/100
|-damage|p2a: Skarmory|58/100|[from] Stealth Rock
|move|p1a: Tapu Bulu|Horn Leech|p2a: Skarmory
|-resisted|p2a: Skarmory
|-damage|p2a: Skarmory|50/100
|-heal|p1a: Tapu Bulu|18/100|[from] drain|[of] p2a: Skarmory
|
|-heal|p1a: Tapu Bulu|24/100|[from] Grassy Terrain
|upkeep
|turn|64
|
|t:|1661845615
|move|p1a: Tapu Bulu|Horn Leech|p2a: Skarmory
|-resisted|p2a: Skarmory
|-damage|p2a: Skarmory|42/100
|-heal|p1a: Tapu Bulu|29/100|[from] drain|[of] p2a: Skarmory
|move|p2a: Skarmory|Roost|p2a: Skarmory
|-heal|p2a: Skarmory|92/100
|-singleturn|p2a: Skarmory|move: Roost
|
|-heal|p1a: Tapu Bulu|35/100|[from] Grassy Terrain
|-heal|p2a: Skarmory|98/100|[from] Grassy Terrain
|upkeep
|turn|65
|
|t:|1661845628
|switch|p1a: Nihilego|Nihilego|100/100
|-damage|p1a: Nihilego|88/100|[from] Stealth Rock
|-damage|p1a: Nihilego|72/100|[from] Spikes
|move|p2a: Skarmory|Whirlwind|p1a: Nihilego
|drag|p1a: Tapu Bulu|Tapu Bulu|35/100
|-damage|p1a: Tapu Bulu|23/100|[from] Stealth Rock
|-damage|p1a: Tapu Bulu|6/100|[from] Spikes
|
|-heal|p1a: Tapu Bulu|12/100|[from] Grassy Terrain
|upkeep
|turn|66
|
|t:|1661845638
|move|p1a: Tapu Bulu|Close Combat|p2a: Skarmory
|-damage|p2a: Skarmory|73/100
|-unboost|p1a: Tapu Bulu|def|1
|-unboost|p1a: Tapu Bulu|spd|1
|move|p2a: Skarmory|Whirlwind|p1a: Tapu Bulu
|drag|p1a: Slowking|Slowking, M|97/100 tox
|
|-heal|p1a: Slowking|100/100 tox|[from] Grassy Terrain
|-damage|p1a: Slowking|94/100 tox|[from] psn
|-fieldend|move: Grassy Terrain
|upkeep
|turn|67
|
|t:|1661845646
|move|p1a: Slowking|Future Sight|p2a: Skarmory
|-start|p1a: Slowking|move: Future Sight
|move|p2a: Skarmory|Whirlwind|p1a: Slowking
|drag|p1a: Tapu Bulu|Tapu Bulu|12/100
|-damage|p1a: Tapu Bulu|0 fnt|[from] Stealth Rock
|faint|p1a: Tapu Bulu
|
|upkeep
|
|t:|1661845650
|switch|p1a: Nihilego|Nihilego|72/100
|-damage|p1a: Nihilego|60/100|[from] Stealth Rock
|-damage|p1a: Nihilego|43/100|[from] Spikes
|turn|68
|
|t:|1661845655
|switch|p2a: Chansey|Chansey, F|74/100
|-damage|p2a: Chansey|62/100|[from] Stealth Rock
|move|p1a: Nihilego|Power Gem|p2a: Chansey
|-damage|p2a: Chansey|49/100
|
|-heal|p1a: Nihilego|49/100|[from] item: Black Sludge
|upkeep
|turn|69
|
|t:|1661845661
|move|p1a: Nihilego|Sludge Bomb|p2a: Chansey
|-damage|p2a: Chansey|37/100
|-status|p2a: Chansey|psn
|move|p2a: Chansey|Soft-Boiled|p2a: Chansey
|-heal|p2a: Chansey|87/100 psn
|
|-end|p2a: Chansey|move: Future Sight
|-damage|p2a: Chansey|74/100 psn
|-heal|p1a: Nihilego|55/100|[from] item: Black Sludge
|-damage|p2a: Chansey|62/100 psn|[from] psn
|upkeep
|turn|70
|
|t:|1661845665
|move|p1a: Nihilego|Sludge Bomb|p2a: Chansey
|-damage|p2a: Chansey|47/100 psn
|move|p2a: Chansey|Seismic Toss|p1a: Nihilego
|-damage|p1a: Nihilego|28/100
|
|-heal|p1a: Nihilego|34/100|[from] item: Black Sludge
|-damage|p2a: Chansey|35/100 psn|[from] psn
|upkeep
|turn|71
|
|t:|1661845670
|move|p1a: Nihilego|Power Gem|p2a: Chansey
|-damage|p2a: Chansey|23/100 psn
|move|p2a: Chansey|Seismic Toss|p1a: Nihilego
|-damage|p1a: Nihilego|6/100
|
|-heal|p1a: Nihilego|12/100|[from] item: Black Sludge
|-damage|p2a: Chansey|10/100 psn|[from] psn
|upkeep
|turn|72
|
|t:|1661845675
|move|p1a: Nihilego|Power Gem|p2a: Chansey
|-damage|p2a: Chansey|0 fnt
|faint|p2a: Chansey
|-ability|p1a: Nihilego|Beast Boost|boost
|-boost|p1a: Nihilego|spe|1
|
|-heal|p1a: Nihilego|18/100|[from] item: Black Sludge
|upkeep
|j| Neutralist
|
|t:|1661845682
|switch|p2a: Chandelure|Chandelure, F|100/100
|-damage|p2a: Chandelure|76/100|[from] Stealth Rock
|turn|73
|
|t:|1661845700
|move|p1a: Nihilego|Power Gem|p2a: Chandelure
|-supereffective|p2a: Chandelure
|-damage|p2a: Chandelure|0 fnt
|faint|p2a: Chandelure
|-ability|p1a: Nihilego|Beast Boost|boost
|-boost|p1a: Nihilego|spe|1
|
|-heal|p1a: Nihilego|24/100|[from] item: Black Sludge
|upkeep
|
|t:|1661845704
|switch|p2a: Skarmory|Skarmory, M|73/100
|-damage|p2a: Skarmory|60/100|[from] Stealth Rock
|turn|74
|
|t:|1661845709
|move|p1a: Nihilego|Power Gem|p2a: Skarmory
|-damage|p2a: Skarmory|8/100
|move|p2a: Skarmory|Whirlwind|p1a: Nihilego
|drag|p1a: Slowking|Slowking, M|100/100 tox
|
|-damage|p1a: Slowking|94/100 tox|[from] psn
|upkeep
|turn|75
|
|t:|1661845717
|move|p2a: Skarmory|Roost|p2a: Skarmory
|-heal|p2a: Skarmory|58/100
|-singleturn|p2a: Skarmory|move: Roost
|move|p1a: Slowking|Future Sight|p2a: Skarmory
|-start|p1a: Slowking|move: Future Sight
|
|-damage|p1a: Slowking|82/100 tox|[from] psn
|upkeep
|turn|76
|
|t:|1661845725
|move|p2a: Skarmory|Roost|p2a: Skarmory
|-heal|p2a: Skarmory|100/100
|-singleturn|p2a: Skarmory|move: Roost
|move|p1a: Slowking|Scald|p2a: Skarmory
|-damage|p2a: Skarmory|65/100
|
|-damage|p1a: Slowking|64/100 tox|[from] psn
|upkeep
|turn|77
|
|t:|1661845732
|move|p1a: Slowking|Scald|p2a: Skarmory
|-damage|p2a: Skarmory|24/100
|move|p2a: Skarmory|Whirlwind|p1a: Slowking
|drag|p1a: Nihilego|Nihilego|24/100
|-damage|p1a: Nihilego|12/100|[from] Stealth Rock
|-damage|p1a: Nihilego|0 fnt|[from] Spikes
|faint|p1a: Nihilego
|
|-end|p2a: Skarmory|move: Future Sight
|-resisted|p2a: Skarmory
|-damage|p2a: Skarmory|0 fnt
|faint|p2a: Skarmory
|upkeep
|
|t:|1661845741
|switch|p1a: Slowking|Slowking, M|97/100 tox
|switch|p2a: Keldeo|Keldeo-Resolute|100/100
|-damage|p2a: Keldeo|94/100|[from] Stealth Rock
|turn|78
|
|t:|1661845745
|move|p2a: Keldeo|Scald|p1a: Slowking
|-resisted|p1a: Slowking
|-crit|p1a: Slowking
|-damage|p1a: Slowking|62/100 tox
|move|p1a: Slowking|Future Sight|p2a: Keldeo
|-start|p1a: Slowking|move: Future Sight
|
|-damage|p1a: Slowking|56/100 tox|[from] psn
|upkeep
|turn|79
|
|t:|1661845750
|move|p2a: Keldeo|Scald|p1a: Slowking
|-resisted|p1a: Slowking
|-damage|p1a: Slowking|31/100 tox
|move|p1a: Slowking|Slack Off|p1a: Slowking
|-heal|p1a: Slowking|81/100 tox
|
|-damage|p1a: Slowking|68/100 tox|[from] psn
|upkeep
|turn|80
|
|t:|1661845759
|switch|p1a: Scizor|Scizor, F|94/100
|-damage|p1a: Scizor|81/100|[from] Stealth Rock
|-damage|p1a: Scizor|65/100|[from] Spikes
|move|p2a: Keldeo|Scald|p1a: Scizor
|-damage|p1a: Scizor|0 fnt
|faint|p1a: Scizor
|
|-end|p2a: Keldeo|move: Future Sight
|-supereffective|p2a: Keldeo
|-damage|p2a: Keldeo|1/100
|upkeep
|
|t:|1661845767
|switch|p1a: Slowking|Slowking, M|100/100 tox
|turn|81
|
|t:|1661845771
|move|p2a: Keldeo|Scald|p1a: Slowking
|-resisted|p1a: Slowking
|-damage|p1a: Slowking|77/100 tox
|move|p1a: Slowking|Scald|p2a: Keldeo
|-resisted|p2a: Keldeo
|-damage|p2a: Keldeo|0 fnt
|faint|p2a: Keldeo
|
|-damage|p1a: Slowking|71/100 tox|[from] psn
|upkeep
|
|t:|1661845776
|switch|p2a: Amoonguss|Amoonguss, M|100/100
|-damage|p2a: Amoonguss|88/100|[from] Stealth Rock
|turn|82
|
|t:|1661845782
|move|p2a: Amoonguss|Giga Drain|p1a: Slowking
|-supereffective|p1a: Slowking
|-damage|p1a: Slowking|34/100 tox
|-heal|p2a: Amoonguss|100/100|[from] drain|[of] p1a: Slowking
|move|p1a: Slowking|Future Sight|p2a: Amoonguss
|-start|p1a: Slowking|move: Future Sight
|
|-damage|p1a: Slowking|21/100 tox|[from] psn
|upkeep
|turn|83
|
|t:|1661845788
|move|p2a: Amoonguss|Giga Drain|p1a: Slowking
|-supereffective|p1a: Slowking
|-damage|p1a: Slowking|0 fnt
|faint|p1a: Slowking
|
|win|Rvp4president
|raw|Queen of Bean ✿'s rating: 1222 &rarr; <strong>1209</strong><br />(-13 for losing)
|raw|Rvp4president's rating: 1397 &rarr; <strong>1408</strong><br />(+11 for winning)
|l|☆Rvp4president
|c|☆Queen of Bean ✿|GG
