|html|<div class="broadcast-blue"><strong>[Gen 8] UU is currently suspecting Aegislash! For information on how to participate check out the <a href="https://www.smogon.com/forums/threads/np-ss-uu-stage-11-1-kingslayer.3698890/">suspect thread</a>.</strong></div>
|j|☆kstiemsma
|j|☆pif
|t:|1647304741
|gametype|singles
|player|p1|kstiemsma|dawn-gen4pt|1423
|player|p2|pif|#uutrio2ladder|1725
|teamsize|p1|6
|teamsize|p2|6
|gen|8
|tier|[Gen 8] UU
|rated|
|rule|Sleep Clause Mod: Limit one foe put to sleep
|rule|Species Clause: Limit one of each Pokémon
|rule|OHKO Clause: OHKO moves are banned
|rule|Evasion Moves Clause: Evasion moves are banned
|rule|Endless Battle Clause: Forcing endless battles is banned
|rule|HP Percentage Mod: HP is shown in percentages
|rule|Dynamax Clause: You cannot dynamax
|clearpoke
|poke|p1|Hatterene, F|
|poke|p1|Cresselia, F|
|poke|p1|Porygon2|
|poke|p1|Golurk|
|poke|p1|Marowak-Alola, M|
|poke|p1|Stakataka|
|poke|p2|Snorlax, M|
|poke|p2|Skarmory, M|
|poke|p2|Rotom-Wash|
|poke|p2|Tangrowth, F|
|poke|p2|Zygarde-10%|
|poke|p2|Togekiss, F|
|teampreview
|j| NERD NECK NIGEL
|j| u're not alone
|j| Arxtric
|
|t:|1647304816
|start
|switch|p1a: Cresselia|Cresselia, F|100/100
|switch|p2a: Snorlax|Snorlax, M|100/100
|turn|1
|j| klam141
|
|t:|1647304839
|move|p2a: Snorlax|Curse|p2a: Snorlax
|-unboost|p2a: Snorlax|spe|1
|-boost|p2a: Snorlax|atk|1
|-boost|p2a: Snorlax|def|1
|move|p1a: Cresselia|Trick Room|p1a: Cresselia
|-fieldstart|move: Trick Room|[of] p1a: Cresselia
|
|upkeep
|turn|2
|j| Zarco
|
|t:|1647304849
|move|p2a: Snorlax|Curse|p2a: Snorlax
|-unboost|p2a: Snorlax|spe|1
|-boost|p2a: Snorlax|atk|1
|-boost|p2a: Snorlax|def|1
|move|p1a: Cresselia|Lunar Dance|p1a: Cresselia
|faint|p1a: Cresselia
|
|upkeep
|c| klam141|snorlax really is the counter to tr
|c| klam141|like jesus christ
|c| Zarco|crazy that snorlax gets quiver dance
|c| klam141|youve been handed the game
|j| Giiaa
|
|t:|1647304897
|switch|p1a: Golurk|Golurk|100/100
|turn|3
|
|t:|1647304905
|move|p2a: Snorlax|Earthquake|p1a: Golurk
|-damage|p1a: Golurk|46/100
|move|p1a: Golurk|Dynamic Punch|p2a: Snorlax
|-supereffective|p2a: Snorlax
|-damage|p2a: Snorlax|57/100
|-start|p2a: Snorlax|confusion
|
|-heal|p2a: Snorlax|63/100|[from] item: Leftovers
|upkeep
|turn|4
|c|☆pif|thats a lot
|c|☆pif|tbh
|c| klam141|that is pretty cool
|
|t:|1647304925
|switch|p2a: Togekiss|Togekiss, F|100/100
|move|p1a: Golurk|Dynamic Punch|p2a: Togekiss
|-resisted|p2a: Togekiss
|-damage|p2a: Togekiss|88/100
|-start|p2a: Togekiss|confusion
|
|upkeep
|turn|5
|c| klam141|get hax
|c| klam141|aww
|
|t:|1647304946
|switch|p1a: Porygon2|Porygon2|100/100
|-ability|p1a: Porygon2|Serene Grace|[from] ability: Trace|[of] p2a: Togekiss
|switch|p2a: Tangrowth|Tangrowth, F|100/100
|
|-fieldend|move: Trick Room
|upkeep
|turn|6
|
|t:|1647304952
|move|p2a: Tangrowth|Knock Off|p1a: Porygon2
|-damage|p1a: Porygon2|86/100
|-enditem|p1a: Porygon2|Eviolite|[from] move: Knock Off|[of] p2a: Tangrowth
|move|p1a: Porygon2|Trick Room|p1a: Porygon2
|-fieldstart|move: Trick Room|[of] p1a: Porygon2
|
|upkeep
|turn|7
|c|☆pif|serne grace p2
|c|☆pif|broken
|c|☆pif|please nerf
|
|t:|1647304963
|switch|p2a: Rotom|Rotom-Wash|100/100
|move|p1a: Porygon2|Teleport|p1a: Porygon2
|
|t:|1647304982
|switch|p1a: Marowak|Marowak-Alola, M|100/100|[from]move: Teleport
|
|upkeep
|turn|8
|
|t:|1647304988
|move|p1a: Marowak|Poltergeist|p2a: Rotom
|-activate|p2a: Rotom|move: Poltergeist|Leftovers
|-damage|p2a: Rotom|10/100
|move|p2a: Rotom|Hydro Pump|p1a: Marowak
|-supereffective|p1a: Marowak
|-damage|p1a: Marowak|3/100
|
|-heal|p2a: Rotom|17/100|[from] item: Leftovers
|upkeep
|turn|9
|
|t:|1647305003
|move|p1a: Marowak|Flare Blitz|p2a: Rotom
|-resisted|p2a: Rotom
|-damage|p2a: Rotom|0 fnt
|faint|p2a: Rotom
|
|upkeep
|
|t:|1647305012
|switch|p2a: Skarmory|Skarmory, M|100/100
|turn|10
|
|t:|1647305017
|move|p1a: Marowak|Flare Blitz|p2a: Skarmory
|-supereffective|p2a: Skarmory
|-ability|p2a: Skarmory|Sturdy
|-damage|p2a: Skarmory|1/100
|-damage|p1a: Marowak|0 fnt|[from] item: Rocky Helmet|[of] p2a: Skarmory
|faint|p1a: Marowak
|move|p2a: Skarmory|Roost|p2a: Skarmory
|-heal|p2a: Skarmory|51/100
|-singleturn|p2a: Skarmory|move: Roost
|
|-fieldend|move: Trick Room
|upkeep
|j| Orange_Monky
|c|☆pif|tactical roost
|l| u're not alone
|
|t:|1647305035
|switch|p1a: Stakataka|Stakataka|100/100
|turn|11
|c| Zarco|as opposed to most roosts, which have zero tactical purpose
|
|t:|1647305052
|move|p2a: Skarmory|Body Press|p1a: Stakataka
|-supereffective|p1a: Stakataka
|-damage|p1a: Stakataka|24/100
|move|p1a: Stakataka|Heat Crash|p2a: Skarmory
|-supereffective|p2a: Skarmory
|-damage|p2a: Skarmory|0 fnt
|-damage|p1a: Stakataka|8/100|[from] item: Rocky Helmet|[of] p2a: Skarmory
|faint|p2a: Skarmory
|-ability|p1a: Stakataka|Beast Boost|boost
|-boost|p1a: Stakataka|atk|1
|-damage|p1a: Stakataka|0 fnt|[from] item: Life Orb
|faint|p1a: Stakataka
|
|upkeep
|l| Orange_Monky
|c|☆pif|aight
|j| iregretusingstall
|n| klam141|klam141
|
|t:|1647305068
|switch|p2a: Tangrowth|Tangrowth, F|100/100
|switch|p1a: Golurk|Golurk|46/100
|-heal|p1a: Golurk|100/100|[from] move: Lunar Dance
|turn|12
|
|t:|1647305076
|switch|p1a: Porygon2|Porygon2|86/100
|-ability|p1a: Porygon2|Regenerator|[from] ability: Trace|[of] p2a: Tangrowth
|move|p2a: Tangrowth|Power Whip|p1a: Porygon2
|-damage|p1a: Porygon2|44/100
|
|upkeep
|turn|13
|
|t:|1647305080
|move|p2a: Tangrowth|Focus Blast|p1a: Porygon2
|-supereffective|p1a: Porygon2
|-damage|p1a: Porygon2|9/100
|-unboost|p1a: Porygon2|spd|1
|move|p1a: Porygon2|Trick Room|p1a: Porygon2
|-fieldstart|move: Trick Room|[of] p1a: Porygon2
|
|upkeep
|turn|14
|c|☆pif|;
|c|☆pif|tf
|
|t:|1647305091
|move|p1a: Porygon2|Tri Attack|p2a: Tangrowth
|-damage|p2a: Tangrowth|80/100
|move|p2a: Tangrowth|Knock Off|p1a: Porygon2
|-damage|p1a: Porygon2|0 fnt
|faint|p1a: Porygon2
|
|upkeep
|
|t:|1647305096
|switch|p1a: Golurk|Golurk|100/100
|turn|15
|
|t:|1647305107
|move|p1a: Golurk|Poltergeist|p2a: Tangrowth
|-activate|p2a: Tangrowth|move: Poltergeist|Assault Vest
|-damage|p2a: Tangrowth|18/100
|move|p2a: Tangrowth|Power Whip|p1a: Golurk
|-supereffective|p1a: Golurk
|-damage|p1a: Golurk|13/100
|
|upkeep
|turn|16
|
|t:|1647305114
|switch|p1a: Hatterene|Hatterene, F|100/100
|switch|p2a: Snorlax|Snorlax, M|63/100
|
|-heal|p2a: Snorlax|69/100|[from] item: Leftovers
|upkeep
|turn|17
|
|t:|1647305129
|move|p1a: Hatterene|Mystical Fire|p2a: Snorlax
|-crit|p2a: Snorlax
|-damage|p2a: Snorlax|47/100
|-unboost|p2a: Snorlax|spa|1
|move|p2a: Snorlax|Curse|p2a: Snorlax
|-unboost|p2a: Snorlax|spe|1
|-boost|p2a: Snorlax|atk|1
|-boost|p2a: Snorlax|def|1
|
|-heal|p2a: Snorlax|53/100|[from] item: Leftovers
|-fieldend|move: Trick Room
|upkeep
|turn|18
|j| MegaTotomon
|
|t:|1647305140
|switch|p1a: Golurk|Golurk|13/100
|move|p2a: Snorlax|Body Slam|p1a: Golurk
|-immune|p1a: Golurk
|
|-heal|p2a: Snorlax|59/100|[from] item: Leftovers
|upkeep
|turn|19
|l| Giiaa
|
|t:|1647305149
|switch|p2a: Togekiss|Togekiss, F|88/100
|move|p1a: Golurk|Dynamic Punch|p2a: Togekiss
|-resisted|p2a: Togekiss
|-damage|p2a: Togekiss|76/100
|-start|p2a: Togekiss|confusion
|
|upkeep
|turn|20
|
|t:|1647305155
|switch|p1a: Hatterene|Hatterene, F|100/100
|-activate|p2a: Togekiss|confusion
|move|p2a: Togekiss|Air Slash|p1a: Hatterene
|-damage|p1a: Hatterene|64/100
|
|upkeep
|turn|21
|
|t:|1647305158
|switch|p2a: Snorlax|Snorlax, M|59/100
|move|p1a: Hatterene|Trick Room|p1a: Hatterene
|-fieldstart|move: Trick Room|[of] p1a: Hatterene
|
|-heal|p2a: Snorlax|65/100|[from] item: Leftovers
|upkeep
|turn|22
|j| fassosadodaisdais
|c| NERD NECK NIGEL|snorlax is literally
|
|t:|1647305173
|move|p1a: Hatterene|Healing Wish|p1a: Hatterene
|faint|p1a: Hatterene
|move|p2a: Snorlax|Earthquake|p1: Hatterene|[notarget]
|-fail|p2a: Snorlax
|
|-heal|p2a: Snorlax|71/100|[from] item: Leftovers
|upkeep
|c| NERD NECK NIGEL|american registeel
|
|t:|1647305176
|switch|p1a: Golurk|Golurk|13/100
|-heal|p1a: Golurk|100/100|[from] move: Healing Wish
|turn|23
|c|☆pif|LOL
|c|☆pif|yes
|c| klam141|"american registeel"
|c|☆pif|it beats aegislash
|c| klam141|really?
|
|t:|1647305195
|move|p2a: Snorlax|Earthquake|p1a: Golurk
|-damage|p1a: Golurk|75/100
|move|p1a: Golurk|Stone Edge|p2a: Snorlax
|-damage|p2a: Snorlax|27/100
|
|-heal|p2a: Snorlax|33/100|[from] item: Leftovers
|upkeep
|turn|24
|c| klam141|cc doesnt kill?
|c|☆pif|dude
|c|☆pif|you understimate
|c|☆pif|him
|j| TNunes
|
|t:|1647305207
|switch|p2a: Tangrowth|Tangrowth, F|52/100
|move|p1a: Golurk|Stone Edge|p2a: Tangrowth
|-damage|p2a: Tangrowth|15/100
|
|upkeep
|turn|25
|c| klam141|i used to use
|
|t:|1647305211
|switch|p2a: Zygarde|Zygarde-10%|100/100
|-ability|p2a: Zygarde|Aura Break
|move|p1a: Golurk|Stone Edge|p2a: Zygarde
|-resisted|p2a: Zygarde
|-damage|p2a: Zygarde|51/100
|
|-fieldend|move: Trick Room
|upkeep
|turn|26
|c| klam141|way back in gen 5/6
|
|t:|1647305217
|move|p2a: Zygarde|Outrage|p1a: Golurk
|-damage|p1a: Golurk|0 fnt
|faint|p1a: Golurk
|
|win|pif
|raw|kstiemsma's rating: 1423 &rarr; <strong>1417</strong><br />(-6 for losing)
|raw|pif's rating: 1725 &rarr; <strong>1731</strong><br />(+6 for winning)
|c|☆pif|gg
|c| klam141|i love snorlax
|l| MegaTotomon
|c|☆kstiemsma|gg
|l|☆kstiemsma
