|raw|<div class="broadcast-blue"><strong>This battle is required to be public due to a player having a name starting with 'uult94a'.</div>
|j|☆HaxxLR
|j|☆UULT94A Sirkings
|t:|1653826215
|gametype|singles
|player|p1|HaxxLR|grimsley|1352
|player|p2|UULT94A Sirkings|#npl2022ballermannbierbaren|1628
|teamsize|p1|6
|teamsize|p2|6
|gen|8
|tier|[Gen 8] UU
|rated|
|rule|Sleep Clause Mod: Limit one foe put to sleep
|rule|Species Clause: Limit one of each Pokémon
|rule|OHKO Clause: OHKO moves are banned
|rule|Evasion Moves Clause: Evasion moves are banned
|rule|Endless Battle Clause: Forcing endless battles is banned
|rule|HP Percentage Mod: HP is shown in percentages
|rule|Dynamax Clause: You cannot dynamax
|clearpoke
|poke|p1|Zygarde-10%|
|poke|p1|Primarina, M|
|poke|p1|Scizor, M|
|poke|p1|Slowking, F|
|poke|p1|Krookodile, F|
|poke|p1|Rotom-Heat|
|poke|p2|Snorlax, M|
|poke|p2|Skarmory, F|
|poke|p2|Rotom-Wash|
|poke|p2|Tangrowth, F|
|poke|p2|Zygarde-10%|
|poke|p2|Togekiss, F|
|teampreview
|c|☆UULT94A Sirkings|hf
|c|☆HaxxLR|hf
|j| Jorgeta57
|
|t:|1653826285
|start
|switch|p1a: Zygarde-10% off|Zygarde-10%|100/100
|switch|p2a: Rotom|Rotom-Wash|100/100
|-ability|p1a: Zygarde-10% off|Aura Break
|turn|1
|inactive|Battle timer is ON: inactive players will automatically lose when time's up. (requested by UULT94A Sirkings)
|l| Jorgeta57
|j| Jorgeta57
|inactive|HaxxLR has 120 seconds left.
|
|t:|1653826333
|switch|p2a: Tangrowth|Tangrowth, F|100/100
|move|p1a: Zygarde-10% off|Thousand Arrows|p2a: Tangrowth
|-resisted|p2a: Tangrowth
|-damage|p2a: Tangrowth|82/100
|
|upkeep
|turn|2
|l| Jorgeta57
|
|t:|1653826342
|switch|p1a: chuggy buggy|Scizor, M|100/100
|move|p2a: Tangrowth|Knock Off|p1a: chuggy buggy
|-damage|p1a: chuggy buggy|85/100
|-enditem|p1a: chuggy buggy|Heavy-Duty Boots|[from] move: Knock Off|[of] p2a: Tangrowth
|
|upkeep
|turn|3
|
|t:|1653826360
|switch|p1a: shakey bakey|Rotom-Heat|100/100
|switch|p2a: Skarmory|Skarmory, F|100/100
|
|upkeep
|turn|4
|inactive|HaxxLR has 120 seconds left.
|
|t:|1653826405
|switch|p1a: chuggy buggy|Scizor, M|85/100
|switch|p2a: Zygarde|Zygarde-10%|100/100
|-ability|p2a: Zygarde|Aura Break
|
|upkeep
|turn|5
|
|t:|1653826428
|switch|p2a: Skarmory|Skarmory, F|100/100
|switch|p1a: think PINK|Slowking, F|100/100
|
|upkeep
|turn|6
|
|t:|1653826440
|move|p2a: Skarmory|Stealth Rock|p1a: think PINK
|-sidestart|p1: HaxxLR|move: Stealth Rock
|move|p1a: think PINK|Future Sight|p2a: Skarmory
|-start|p1a: think PINK|move: Future Sight
|
|upkeep
|turn|7
|
|t:|1653826450
|switch|p2a: Tangrowth|Tangrowth, F|100/100
|move|p1a: think PINK|Teleport|p1a: think PINK
|inactive|HaxxLR has 90 seconds left.
|
|t:|1653826471
|switch|p1a: shakey bakey|Rotom-Heat|100/100|[from]move: Teleport
|
|upkeep
|turn|8
|inactive|HaxxLR has 90 seconds left.
|
|t:|1653826494
|switch|p2a: Snorlax|Snorlax, M|100/100
|move|p1a: shakey bakey|Volt Switch|p2a: Snorlax
|-damage|p2a: Snorlax|88/100
|inactive|HaxxLR has 60 seconds left.
|
|t:|1653826520
|switch|p1a: mitey bitey|Krookodile, F|100/100|[from]move: Volt Switch
|-damage|p1a: mitey bitey|94/100|[from] Stealth Rock
|-ability|p1a: mitey bitey|Intimidate|boost
|-unboost|p2a: Snorlax|atk|1
|
|-end|p2a: Snorlax|move: Future Sight
|-damage|p2a: Snorlax|67/100
|-heal|p1a: mitey bitey|100/100|[from] item: Leftovers
|-heal|p2a: Snorlax|73/100|[from] item: Leftovers
|upkeep
|turn|9
|inactive|HaxxLR has 60 seconds left.
|
|t:|1653826538
|switch|p2a: Skarmory|Skarmory, F|100/100
|move|p1a: mitey bitey|Knock Off|p2a: Skarmory
|-damage|p2a: Skarmory|72/100
|-damage|p1a: mitey bitey|84/100|[from] item: Rocky Helmet|[of] p2a: Skarmory
|-enditem|p2a: Skarmory|Rocky Helmet|[from] move: Knock Off|[of] p1a: mitey bitey
|
|-heal|p1a: mitey bitey|90/100|[from] item: Leftovers
|upkeep
|turn|10
|inactive|HaxxLR has 60 seconds left.
|
|t:|1653826562
|switch|p1a: seal that squeals|Primarina, M|100/100
|-damage|p1a: seal that squeals|88/100|[from] Stealth Rock
|move|p2a: Skarmory|Body Press|p1a: seal that squeals
|-resisted|p1a: seal that squeals
|-damage|p1a: seal that squeals|66/100
|
|upkeep
|turn|11
|inactive|HaxxLR has 30 seconds left.
|
|t:|1653826587
|switch|p2a: Tangrowth|Tangrowth, F|100/100
|move|p1a: seal that squeals|Moonblast|p2a: Tangrowth
|-damage|p2a: Tangrowth|42/100
|-unboost|p2a: Tangrowth|spa|1
|
|upkeep
|turn|12
|inactive|HaxxLR has 30 seconds left.
|
|t:|1653826598
|switch|p2a: Rotom|Rotom-Wash|100/100
|move|p1a: seal that squeals|Moonblast|p2a: Rotom
|-damage|p2a: Rotom|20/100
|
|-heal|p2a: Rotom|26/100|[from] item: Leftovers
|upkeep
|turn|13
|inactive|HaxxLR has 30 seconds left.
|inactive|HaxxLR has 20 seconds left.
|inactive|HaxxLR has 15 seconds left.
|inactive|HaxxLR has 10 seconds left.
|
|t:|1653826628
|switch|p1a: think PINK|Slowking, F|100/100
|-damage|p1a: think PINK|88/100|[from] Stealth Rock
|move|p2a: Rotom|Pain Split|p1a: think PINK
|-sethp|p1a: think PINK|54/100|[from] move: Pain Split|[silent]
|-sethp|p2a: Rotom|70/100|[from] move: Pain Split
|
|-heal|p2a: Rotom|76/100|[from] item: Leftovers
|upkeep
|turn|14
|inactive|HaxxLR has 20 seconds left this turn.
|inactive|HaxxLR has 15 seconds left.
|inactive|HaxxLR has 10 seconds left.
|
|t:|1653826640
|switch|p1a: Zygarde-10% off|Zygarde-10%|100/100
|-damage|p1a: Zygarde-10% off|94/100|[from] Stealth Rock
|-ability|p1a: Zygarde-10% off|Aura Break
|move|p2a: Rotom|Volt Switch|p1a: Zygarde-10% off
|-immune|p1a: Zygarde-10% off
|
|-heal|p2a: Rotom|83/100|[from] item: Leftovers
|upkeep
|turn|15
|inactive|HaxxLR has 20 seconds left this turn.
|inactive|HaxxLR has 15 seconds left.
|inactive|HaxxLR has 10 seconds left.
|
|t:|1653826655
|switch|p1a: chuggy buggy|Scizor, M|85/100
|-damage|p1a: chuggy buggy|73/100|[from] Stealth Rock
|switch|p2a: Tangrowth|Tangrowth, F|76/100
|
|upkeep
|turn|16
|inactive|HaxxLR has 20 seconds left this turn.
|inactive|HaxxLR has 15 seconds left.
|inactive|HaxxLR has 10 seconds left.
|
|t:|1653826666
|switch|p2a: Rotom|Rotom-Wash|83/100
|move|p1a: chuggy buggy|Knock Off|p2a: Rotom
|-damage|p2a: Rotom|53/100
|-enditem|p2a: Rotom|Leftovers|[from] move: Knock Off|[of] p1a: chuggy buggy
|
|upkeep
|turn|17
|inactive|HaxxLR has 20 seconds left this turn.
|inactive|HaxxLR has 15 seconds left.
|inactive|HaxxLR has 10 seconds left.
|inactive|HaxxLR has 5 seconds left.
|
|t:|1653826682
|switch|p1a: think PINK|Slowking, F|88/100
|-damage|p1a: think PINK|75/100|[from] Stealth Rock
|move|p2a: Rotom|Volt Switch|p1a: think PINK
|-supereffective|p1a: think PINK
|-damage|p1a: think PINK|34/100
|inactive|HaxxLR has 10 seconds left this turn.
|
|t:|1653826684
|switch|p2a: Zygarde|Zygarde-10%|100/100|[from]move: Volt Switch
|-ability|p2a: Zygarde|Aura Break
|
|upkeep
|turn|18
|inactive|HaxxLR has 20 seconds left this turn.
|inactive|HaxxLR has 15 seconds left.
|inactive|HaxxLR has 10 seconds left.
|
|t:|1653826696
|switch|p1a: mitey bitey|Krookodile, F|90/100
|-damage|p1a: mitey bitey|84/100|[from] Stealth Rock
|-ability|p1a: mitey bitey|Intimidate|boost
|-unboost|p2a: Zygarde|atk|1
|move|p2a: Zygarde|Thousand Arrows|p1a: mitey bitey
|-damage|p1a: mitey bitey|33/100
|
|-heal|p1a: mitey bitey|39/100|[from] item: Leftovers
|upkeep
|turn|19
|inactive|HaxxLR has 20 seconds left this turn.
|inactive|HaxxLR has 15 seconds left.
|inactive|HaxxLR has 10 seconds left.
|inactive|HaxxLR has 5 seconds left.
|
|t:|1653826714
|switch|p2a: Togekiss|Togekiss, F|100/100
|switch|p1a: think PINK|Slowking, F|67/100
|-damage|p1a: think PINK|55/100|[from] Stealth Rock
|
|upkeep
|turn|20
|inactive|HaxxLR has 15 seconds left this turn.
|inactive|HaxxLR has 10 seconds left.
|
|t:|1653826720
|switch|p1a: shakey bakey|Rotom-Heat|100/100
|move|p2a: Togekiss|Air Slash|p1a: shakey bakey
|-resisted|p1a: shakey bakey
|-damage|p1a: shakey bakey|84/100
|
|upkeep
|turn|21
|inactive|HaxxLR has 20 seconds left this turn.
|inactive|HaxxLR has 15 seconds left.
|inactive|HaxxLR has 10 seconds left.
|
|t:|1653826730
|switch|p2a: Zygarde|Zygarde-10%|100/100
|-ability|p2a: Zygarde|Aura Break
|move|p1a: shakey bakey|Defog|p2a: Zygarde
|-unboost|p2a: Zygarde|evasion|1
|-sideend|p1: HaxxLR|Stealth Rock|[from] move: Defog|[of] p1a: shakey bakey
|
|upkeep
|turn|22
|inactive|HaxxLR has 20 seconds left this turn.
|inactive|HaxxLR has 15 seconds left.
|
|t:|1653826746
|switch|p2a: Rotom|Rotom-Wash|53/100
|switch|p1a: think PINK|Slowking, F|88/100
|
|upkeep
|turn|23
|inactive|HaxxLR has 25 seconds left this turn.
|inactive|HaxxLR has 20 seconds left.
|
|t:|1653826755
|switch|p1a: Zygarde-10% off|Zygarde-10%|94/100
|-ability|p1a: Zygarde-10% off|Aura Break
|move|p2a: Rotom|Pain Split|p1a: Zygarde-10% off
|-sethp|p1a: Zygarde-10% off|80/100|[from] move: Pain Split|[silent]
|-sethp|p2a: Rotom|65/100|[from] move: Pain Split
|
|upkeep
|turn|24
|inactive|HaxxLR has 30 seconds left this turn.
|inactive|HaxxLR has 20 seconds left.
|inactive|HaxxLR has 15 seconds left.
|inactive|HaxxLR has 10 seconds left.
|
|t:|1653826776
|switch|p1a: chuggy buggy|Scizor, M|73/100
|switch|p2a: Tangrowth|Tangrowth, F|100/100
|
|upkeep
|turn|25
|inactive|HaxxLR has 20 seconds left this turn.
|inactive|HaxxLR has 15 seconds left.
|
|t:|1653826786
|move|p1a: chuggy buggy|Knock Off|p2a: Tangrowth
|-damage|p2a: Tangrowth|83/100
|-enditem|p2a: Tangrowth|Assault Vest|[from] move: Knock Off|[of] p1a: chuggy buggy
|move|p2a: Tangrowth|Power Whip|p1a: chuggy buggy
|-resisted|p1a: chuggy buggy
|-damage|p1a: chuggy buggy|65/100
|
|upkeep
|turn|26
|inactive|HaxxLR has 25 seconds left this turn.
|inactive|HaxxLR has 20 seconds left.
|inactive|HaxxLR has 15 seconds left.
|inactive|HaxxLR has 10 seconds left.
|
|t:|1653826804
|switch|p1a: Zygarde-10% off|Zygarde-10%|80/100
|-ability|p1a: Zygarde-10% off|Aura Break
|move|p2a: Tangrowth|Knock Off|p1a: Zygarde-10% off
|-damage|p1a: Zygarde-10% off|41/100
|-enditem|p1a: Zygarde-10% off|Choice Band|[from] move: Knock Off|[of] p2a: Tangrowth
|
|upkeep
|turn|27
|inactive|HaxxLR has 20 seconds left this turn.
|inactive|HaxxLR has 15 seconds left.
|inactive|HaxxLR has 10 seconds left.
|
|t:|1653826822
|switch|p1a: chuggy buggy|Scizor, M|65/100
|move|p2a: Tangrowth|Knock Off|p1a: chuggy buggy
|-damage|p1a: chuggy buggy|53/100
|
|upkeep
|turn|28
|inactive|HaxxLR has 20 seconds left this turn.
|inactive|HaxxLR has 15 seconds left.
|inactive|HaxxLR has 10 seconds left.
|inactive|HaxxLR has 5 seconds left.
|
|t:|1653826837
|switch|p2a: Skarmory|Skarmory, F|72/100
|move|p1a: chuggy buggy|Roost|p1a: chuggy buggy
|-heal|p1a: chuggy buggy|100/100
|-singleturn|p1a: chuggy buggy|move: Roost
|
|upkeep
|turn|29
|inactive|HaxxLR has 15 seconds left this turn.
|inactive|HaxxLR has 10 seconds left.
|inactive|HaxxLR has 5 seconds left.
|
|t:|1653826849
|switch|p1a: seal that squeals|Primarina, M|66/100
|move|p2a: Skarmory|Stealth Rock|p1a: seal that squeals
|-sidestart|p1: HaxxLR|move: Stealth Rock
|
|upkeep
|turn|30
|inactive|HaxxLR has 15 seconds left this turn.
|inactive|HaxxLR has 10 seconds left.
|
|t:|1653826875
|switch|p2a: Togekiss|Togekiss, F|100/100
|move|p1a: seal that squeals|Moonblast|p2a: Togekiss
|-damage|p2a: Togekiss|38/100
|
|upkeep
|turn|31
|inactive|HaxxLR has 20 seconds left this turn.
|inactive|HaxxLR has 15 seconds left.
|
|t:|1653826883
|switch|p1a: shakey bakey|Rotom-Heat|84/100
|move|p2a: Togekiss|Roost|p2a: Togekiss
|-heal|p2a: Togekiss|88/100
|-singleturn|p2a: Togekiss|move: Roost
|
|upkeep
|turn|32
|inactive|HaxxLR has 25 seconds left this turn.
|inactive|HaxxLR has 20 seconds left.
|
|t:|1653826889
|switch|p2a: Zygarde|Zygarde-10%|100/100
|-ability|p2a: Zygarde|Aura Break
|move|p1a: shakey bakey|Defog|p2a: Zygarde
|-unboost|p2a: Zygarde|evasion|1
|-sideend|p1: HaxxLR|Stealth Rock|[from] move: Defog|[of] p1a: shakey bakey
|
|upkeep
|turn|33
|inactive|HaxxLR has 30 seconds left this turn.
|
|t:|1653826892
|switch|p1a: think PINK|Slowking, F|100/100
|move|p2a: Zygarde|Thousand Arrows|p1a: think PINK
|-damage|p1a: think PINK|62/100
|
|upkeep
|turn|34
|inactive|HaxxLR has 30 seconds left.
|
|t:|1653826906
|move|p2a: Zygarde|Thousand Arrows|p1a: think PINK
|-damage|p1a: think PINK|17/100
|move|p1a: think PINK|Slack Off|p1a: think PINK
|-heal|p1a: think PINK|67/100
|
|upkeep
|turn|35
|inactive|HaxxLR has 30 seconds left.
|
|t:|1653826918
|switch|p2a: Rotom|Rotom-Wash|65/100
|move|p1a: think PINK|Slack Off|p1a: think PINK
|-heal|p1a: think PINK|100/100
|
|upkeep
|turn|36
|inactive|HaxxLR has 30 seconds left.
|
|t:|1653826931
|move|p2a: Rotom|Pain Split|p1a: think PINK
|-sethp|p1a: think PINK|75/100|[from] move: Pain Split|[silent]
|-sethp|p2a: Rotom|98/100|[from] move: Pain Split
|move|p1a: think PINK|Teleport|p1a: think PINK
|inactive|HaxxLR has 30 seconds left.
|
|t:|1653826937
|switch|p1a: Zygarde-10% off|Zygarde-10%|41/100|[from]move: Teleport
|-ability|p1a: Zygarde-10% off|Aura Break
|
|upkeep
|turn|37
|inactive|HaxxLR has 30 seconds left.
|
|t:|1653826950
|switch|p1a: chuggy buggy|Scizor, M|100/100
|switch|p2a: Tangrowth|Tangrowth, F|100/100
|
|upkeep
|turn|38
|inactive|HaxxLR has 30 seconds left.
|
|t:|1653826967
|switch|p2a: Skarmory|Skarmory, F|72/100
|move|p1a: chuggy buggy|Swords Dance|p1a: chuggy buggy
|-boost|p1a: chuggy buggy|atk|2
|
|upkeep
|turn|39
|inactive|HaxxLR has 30 seconds left.
|
|t:|1653826976
|switch|p1a: seal that squeals|Primarina, M|66/100
|move|p2a: Skarmory|Iron Defense|p2a: Skarmory
|-boost|p2a: Skarmory|def|2
|
|upkeep
|turn|40
|
|t:|1653826985
|switch|p2a: Rotom|Rotom-Wash|98/100
|move|p1a: seal that squeals|Moonblast|p2a: Rotom
|-damage|p2a: Rotom|19/100
|
|upkeep
|turn|41
|inactive|HaxxLR has 30 seconds left.
|
|t:|1653827006
|switch|p1a: mitey bitey|Krookodile, F|39/100
|-ability|p1a: mitey bitey|Intimidate|boost
|-unboost|p2a: Rotom|atk|1
|move|p2a: Rotom|Volt Switch|p1a: mitey bitey
|-immune|p1a: mitey bitey
|
|-heal|p1a: mitey bitey|45/100|[from] item: Leftovers
|upkeep
|turn|42
|inactive|HaxxLR has 30 seconds left.
|inactive|HaxxLR has 20 seconds left.
|
|t:|1653827022
|switch|p2a: Skarmory|Skarmory, F|72/100
|move|p1a: mitey bitey|Stealth Rock|p2a: Skarmory
|-sidestart|p2: UULT94A Sirkings|move: Stealth Rock
|
|-heal|p1a: mitey bitey|51/100|[from] item: Leftovers
|upkeep
|turn|43
|inactive|HaxxLR has 30 seconds left this turn.
|
|t:|1653827029
|switch|p1a: seal that squeals|Primarina, M|66/100
|move|p2a: Skarmory|Body Press|p1a: seal that squeals
|-resisted|p1a: seal that squeals
|-damage|p1a: seal that squeals|43/100
|
|upkeep
|turn|44
|inactive|HaxxLR has 30 seconds left.
|
|t:|1653827048
|switch|p2a: Togekiss|Togekiss, F|88/100
|move|p1a: seal that squeals|Surf|p2a: Togekiss
|-damage|p2a: Togekiss|25/100
|
|upkeep
|turn|45
|inactive|HaxxLR has 30 seconds left.
|
|t:|1653827055
|switch|p1a: shakey bakey|Rotom-Heat|84/100
|move|p2a: Togekiss|Air Slash|p1a: shakey bakey
|-resisted|p1a: shakey bakey
|-damage|p1a: shakey bakey|67/100
|
|upkeep
|turn|46
|
|t:|1653827066
|move|p1a: shakey bakey|Volt Switch|p2a: Togekiss
|-supereffective|p2a: Togekiss
|-damage|p2a: Togekiss|0 fnt
|faint|p2a: Togekiss
|inactive|HaxxLR has 30 seconds left.
|
|t:|1653827078
|switch|p1a: Zygarde-10% off|Zygarde-10%|41/100|[from]move: Volt Switch
|-ability|p1a: Zygarde-10% off|Aura Break
|
|upkeep
|
|t:|1653827088
|switch|p2a: Tangrowth|Tangrowth, F|100/100
|-damage|p2a: Tangrowth|88/100|[from] Stealth Rock
|turn|47
|
|t:|1653827093
|switch|p1a: chuggy buggy|Scizor, M|100/100
|switch|p2a: Skarmory|Skarmory, F|72/100
|-damage|p2a: Skarmory|60/100|[from] Stealth Rock
|
|upkeep
|turn|48
|inactive|HaxxLR has 30 seconds left.
|inactive|HaxxLR has 20 seconds left.
|inactive|HaxxLR has 15 seconds left.
|inactive|HaxxLR has 10 seconds left.
|
|t:|1653827134
|switch|p1a: shakey bakey|Rotom-Heat|67/100
|move|p2a: Skarmory|Stealth Rock|p1a: shakey bakey
|-sidestart|p1: HaxxLR|move: Stealth Rock
|
|upkeep
|turn|49
|inactive|HaxxLR has 20 seconds left this turn.
|inactive|HaxxLR has 15 seconds left.
|
|t:|1653827144
|switch|p2a: Zygarde|Zygarde-10%|100/100
|-damage|p2a: Zygarde|94/100|[from] Stealth Rock
|-ability|p2a: Zygarde|Aura Break
|move|p1a: shakey bakey|Overheat|p2a: Zygarde
|-resisted|p2a: Zygarde
|-damage|p2a: Zygarde|61/100
|-unboost|p1a: shakey bakey|spa|2
|
|upkeep
|turn|50
|inactive|HaxxLR has 25 seconds left this turn.
|j| Micciu20250
|inactive|HaxxLR has 20 seconds left.
|c| Micciu20250|omg
|inactive|HaxxLR has 15 seconds left.
|
|t:|1653827156
|switch|p1a: think PINK|Slowking, F|100/100
|-damage|p1a: think PINK|88/100|[from] Stealth Rock
|move|p2a: Zygarde|Thousand Arrows|p1a: think PINK
|-damage|p1a: think PINK|47/100
|
|upkeep
|turn|51
|inactive|HaxxLR has 25 seconds left this turn.
|inactive|HaxxLR has 20 seconds left.
|inactive|HaxxLR has 15 seconds left.
|
|t:|1653827169
|switch|p2a: Snorlax|Snorlax, M|73/100
|-damage|p2a: Snorlax|60/100|[from] Stealth Rock
|move|p1a: think PINK|Scald|p2a: Snorlax
|-damage|p2a: Snorlax|47/100
|
|-heal|p2a: Snorlax|53/100|[from] item: Leftovers
|upkeep
|turn|52
|inactive|HaxxLR has 25 seconds left this turn.
|inactive|HaxxLR has 20 seconds left.
|inactive|HaxxLR has 15 seconds left.
|
|t:|1653827181
|switch|p1a: mitey bitey|Krookodile, F|51/100
|-damage|p1a: mitey bitey|45/100|[from] Stealth Rock
|-ability|p1a: mitey bitey|Intimidate|boost
|-unboost|p2a: Snorlax|atk|1
|move|p2a: Snorlax|Curse|p2a: Snorlax
|-unboost|p2a: Snorlax|spe|1
|-boost|p2a: Snorlax|atk|1
|-boost|p2a: Snorlax|def|1
|
|-heal|p1a: mitey bitey|51/100|[from] item: Leftovers
|-heal|p2a: Snorlax|59/100|[from] item: Leftovers
|upkeep
|turn|53
|inactive|HaxxLR has 25 seconds left this turn.
|inactive|HaxxLR has 20 seconds left.
|
|t:|1653827188
|move|p1a: mitey bitey|Taunt|p2a: Snorlax
|-start|p2a: Snorlax|move: Taunt
|move|p2a: Snorlax|Body Slam|p1a: mitey bitey
|-damage|p1a: mitey bitey|10/100
|
|-heal|p1a: mitey bitey|17/100|[from] item: Leftovers
|-heal|p2a: Snorlax|65/100|[from] item: Leftovers
|upkeep
|turn|54
|inactive|HaxxLR has 30 seconds left this turn.
|inactive|HaxxLR has 20 seconds left.
|inactive|HaxxLR has 15 seconds left.
|
|t:|1653827206
|switch|p2a: Tangrowth|Tangrowth, F|100/100
|-damage|p2a: Tangrowth|88/100|[from] Stealth Rock
|move|p1a: mitey bitey|Knock Off|p2a: Tangrowth
|-damage|p2a: Tangrowth|70/100
|
|-heal|p1a: mitey bitey|23/100|[from] item: Leftovers
|upkeep
|turn|55
|inactive|HaxxLR has 25 seconds left this turn.
|inactive|HaxxLR has 20 seconds left.
|
|t:|1653827218
|switch|p1a: chuggy buggy|Scizor, M|100/100
|-damage|p1a: chuggy buggy|88/100|[from] Stealth Rock
|switch|p2a: Skarmory|Skarmory, F|60/100
|-damage|p2a: Skarmory|48/100|[from] Stealth Rock
|
|upkeep
|turn|56
|inactive|HaxxLR has 30 seconds left this turn.
|inactive|HaxxLR has 20 seconds left.
|inactive|HaxxLR has 15 seconds left.
|inactive|HaxxLR has 10 seconds left.
|
|t:|1653827242
|switch|p1a: shakey bakey|Rotom-Heat|67/100
|move|p2a: Skarmory|Roost|p2a: Skarmory
|-heal|p2a: Skarmory|98/100
|-singleturn|p2a: Skarmory|move: Roost
|
|upkeep
|turn|57
|inactive|HaxxLR has 20 seconds left this turn.
|inactive|HaxxLR has 15 seconds left.
|
|t:|1653827250
|switch|p2a: Rotom|Rotom-Wash|19/100
|-damage|p2a: Rotom|7/100|[from] Stealth Rock
|move|p1a: shakey bakey|Overheat|p2a: Rotom
|-resisted|p2a: Rotom
|-damage|p2a: Rotom|0 fnt
|-unboost|p1a: shakey bakey|spa|2
|faint|p2a: Rotom
|
|upkeep
|inactive|HaxxLR has 20 seconds left this turn.
|
|t:|1653827253
|switch|p2a: Zygarde|Zygarde-10%|61/100
|-damage|p2a: Zygarde|55/100|[from] Stealth Rock
|-ability|p2a: Zygarde|Aura Break
|turn|58
|inactive|HaxxLR has 30 seconds left this turn.
|inactive|HaxxLR has 20 seconds left.
|inactive|HaxxLR has 15 seconds left.
|inactive|HaxxLR has 10 seconds left.
|
|t:|1653827277
|switch|p1a: mitey bitey|Krookodile, F|23/100
|-damage|p1a: mitey bitey|17/100|[from] Stealth Rock
|-ability|p1a: mitey bitey|Intimidate|boost
|-unboost|p2a: Zygarde|atk|1
|move|p2a: Zygarde|Thousand Arrows|p1a: mitey bitey
|-damage|p1a: mitey bitey|0 fnt
|faint|p1a: mitey bitey
|
|upkeep
|inactive|HaxxLR has 15 seconds left this turn.
|inactive|HaxxLR has 10 seconds left.
|inactive|HaxxLR has 5 seconds left.
|
|t:|1653827287
|switch|p1a: think PINK|Slowking, F|80/100
|-damage|p1a: think PINK|68/100|[from] Stealth Rock
|turn|59
|inactive|HaxxLR has 15 seconds left this turn.
|inactive|HaxxLR has 10 seconds left.
|
|t:|1653827296
|switch|p2a: Tangrowth|Tangrowth, F|100/100
|-damage|p2a: Tangrowth|88/100|[from] Stealth Rock
|move|p1a: think PINK|Scald|p2a: Tangrowth
|-resisted|p2a: Tangrowth
|-damage|p2a: Tangrowth|75/100
|-status|p2a: Tangrowth|brn
|
|-damage|p2a: Tangrowth|69/100 brn|[from] brn
|upkeep
|turn|60
|inactive|HaxxLR has 20 seconds left this turn.
|
|t:|1653827301
|switch|p1a: chuggy buggy|Scizor, M|88/100
|-damage|p1a: chuggy buggy|75/100|[from] Stealth Rock
|move|p2a: Tangrowth|Sludge Bomb|p1a: chuggy buggy
|-immune|p1a: chuggy buggy
|
|-damage|p2a: Tangrowth|63/100 brn|[from] brn
|upkeep
|turn|61
|inactive|HaxxLR has 30 seconds left this turn.
|inactive|HaxxLR has 20 seconds left.
|
|t:|1653827313
|move|p1a: chuggy buggy|Swords Dance|p1a: chuggy buggy
|-boost|p1a: chuggy buggy|atk|2
|move|p2a: Tangrowth|Sludge Bomb|p1a: chuggy buggy
|-immune|p1a: chuggy buggy
|
|-damage|p2a: Tangrowth|57/100 brn|[from] brn
|upkeep
|turn|62
|inactive|HaxxLR has 30 seconds left this turn.
|inactive|HaxxLR has 20 seconds left.
|
|t:|1653827324
|switch|p2a: Skarmory|Skarmory, F|98/100
|-damage|p2a: Skarmory|86/100|[from] Stealth Rock
|move|p1a: chuggy buggy|Knock Off|p2a: Skarmory
|-damage|p2a: Skarmory|61/100
|
|upkeep
|turn|63
|inactive|HaxxLR has 30 seconds left this turn.
|
|t:|1653827333
|switch|p1a: shakey bakey|Rotom-Heat|67/100
|move|p2a: Skarmory|Body Press|p1a: shakey bakey
|-damage|p1a: shakey bakey|35/100
|
|upkeep
|turn|64
|inactive|HaxxLR has 30 seconds left.
|
|t:|1653827345
|switch|p2a: Snorlax|Snorlax, M|65/100
|-damage|p2a: Snorlax|53/100|[from] Stealth Rock
|move|p1a: shakey bakey|Overheat|p2a: Snorlax
|-damage|p2a: Snorlax|40/100
|-unboost|p1a: shakey bakey|spa|2
|
|-heal|p2a: Snorlax|46/100|[from] item: Leftovers
|upkeep
|turn|65
|
|t:|1653827353
|move|p1a: shakey bakey|Volt Switch|p2a: Snorlax
|-damage|p2a: Snorlax|39/100
|inactive|HaxxLR has 30 seconds left.
|
|t:|1653827366
|switch|p1a: chuggy buggy|Scizor, M|75/100|[from]move: Volt Switch
|-damage|p1a: chuggy buggy|63/100|[from] Stealth Rock
|move|p2a: Snorlax|Body Slam|p1a: chuggy buggy
|-resisted|p1a: chuggy buggy
|-damage|p1a: chuggy buggy|53/100
|
|-heal|p2a: Snorlax|45/100|[from] item: Leftovers
|upkeep
|turn|66
|inactive|HaxxLR has 30 seconds left.
|
|t:|1653827381
|switch|p1a: seal that squeals|Primarina, M|43/100
|-damage|p1a: seal that squeals|31/100|[from] Stealth Rock
|move|p2a: Snorlax|Heat Crash|p1a: seal that squeals
|-resisted|p1a: seal that squeals
|-damage|p1a: seal that squeals|9/100
|
|-heal|p2a: Snorlax|51/100|[from] item: Leftovers
|upkeep
|turn|67
|inactive|HaxxLR has 30 seconds left.
|inactive|UULT94A Sirkings has 120 seconds left.
|inactive|UULT94A Sirkings has 90 seconds left.
|
|t:|1653827446
|move|p1a: seal that squeals|Moonblast|p2a: Snorlax
|-damage|p2a: Snorlax|10/100
|move|p2a: Snorlax|Body Slam|p1a: seal that squeals
|-damage|p1a: seal that squeals|0 fnt
|faint|p1a: seal that squeals
|
|-heal|p2a: Snorlax|16/100|[from] item: Leftovers
|upkeep
|inactive|HaxxLR has 30 seconds left.
|inactive|HaxxLR has 20 seconds left.
|inactive|HaxxLR has 15 seconds left.
|inactive|HaxxLR has 10 seconds left.
|
|t:|1653827473
|switch|p1a: chuggy buggy|Scizor, M|53/100
|-damage|p1a: chuggy buggy|40/100|[from] Stealth Rock
|turn|68
|inactive|HaxxLR has 20 seconds left this turn.
|inactive|UULT94A Sirkings has 90 seconds left.
|
|t:|1653827503
|switch|p2a: Skarmory|Skarmory, F|61/100
|-damage|p2a: Skarmory|49/100|[from] Stealth Rock
|move|p1a: chuggy buggy|Knock Off|p2a: Skarmory
|-damage|p2a: Skarmory|38/100
|
|upkeep
|turn|69
|inactive|HaxxLR has 30 seconds left this turn.
|inactive|HaxxLR has 20 seconds left.
|
|t:|1653827514
|switch|p1a: shakey bakey|Rotom-Heat|35/100
|move|p2a: Skarmory|Roost|p2a: Skarmory
|-heal|p2a: Skarmory|88/100
|-singleturn|p2a: Skarmory|move: Roost
|
|upkeep
|turn|70
|inactive|HaxxLR has 30 seconds left this turn.
|inactive|HaxxLR has 20 seconds left.
|inactive|HaxxLR has 15 seconds left.
|
|t:|1653827529
|switch|p2a: Zygarde|Zygarde-10%|55/100
|-damage|p2a: Zygarde|49/100|[from] Stealth Rock
|-ability|p2a: Zygarde|Aura Break
|move|p1a: shakey bakey|Overheat|p2a: Zygarde
|-resisted|p2a: Zygarde
|-damage|p2a: Zygarde|12/100
|-unboost|p1a: shakey bakey|spa|2
|
|upkeep
|turn|71
|inactive|HaxxLR has 25 seconds left this turn.
|inactive|HaxxLR has 20 seconds left.
|
|t:|1653827535
|switch|p2a: Snorlax|Snorlax, M|16/100
|-damage|p2a: Snorlax|4/100|[from] Stealth Rock
|switch|p1a: think PINK|Slowking, F|100/100
|-damage|p1a: think PINK|88/100|[from] Stealth Rock
|
|-heal|p2a: Snorlax|10/100|[from] item: Leftovers
|upkeep
|turn|72
|inactive|HaxxLR has 30 seconds left this turn.
|inactive|HaxxLR has 20 seconds left.
|
|t:|1653827548
|move|p2a: Snorlax|Rest|p2a: Snorlax
|-status|p2a: Snorlax|slp|[from] move: Rest
|-heal|p2a: Snorlax|100/100 slp|[silent]
|move|p1a: think PINK|Teleport|p1a: think PINK
|inactive|HaxxLR has 25 seconds left this turn.
|inactive|HaxxLR has 20 seconds left.
|inactive|HaxxLR has 15 seconds left.
|inactive|HaxxLR has 10 seconds left.
|
|t:|1653827563
|switch|p1a: chuggy buggy|Scizor, M|40/100|[from]move: Teleport
|-damage|p1a: chuggy buggy|28/100|[from] Stealth Rock
|
|upkeep
|turn|73
|inactive|HaxxLR has 20 seconds left this turn.
|inactive|HaxxLR has 15 seconds left.
|
|t:|1653827570
|switch|p2a: Skarmory|Skarmory, F|88/100
|-damage|p2a: Skarmory|76/100|[from] Stealth Rock
|move|p1a: chuggy buggy|Swords Dance|p1a: chuggy buggy
|-boost|p1a: chuggy buggy|atk|2
|
|upkeep
|turn|74
|inactive|HaxxLR has 25 seconds left this turn.
|inactive|HaxxLR has 20 seconds left.
|inactive|HaxxLR has 15 seconds left.
|inactive|HaxxLR has 10 seconds left.
|
|t:|1653827590
|move|p2a: Skarmory|Body Press|p1a: chuggy buggy
|-damage|p1a: chuggy buggy|6/100
|move|p1a: chuggy buggy|Roost|p1a: chuggy buggy
|-heal|p1a: chuggy buggy|56/100
|-singleturn|p1a: chuggy buggy|move: Roost
|
|upkeep
|turn|75
|inactive|HaxxLR has 20 seconds left this turn.
|inactive|HaxxLR has 15 seconds left.
|
|t:|1653827598
|switch|p1a: shakey bakey|Rotom-Heat|35/100
|move|p2a: Skarmory|Iron Defense|p2a: Skarmory
|-boost|p2a: Skarmory|def|2
|
|upkeep
|turn|76
|inactive|HaxxLR has 25 seconds left this turn.
|inactive|HaxxLR has 20 seconds left.
|
|t:|1653827607
|switch|p2a: Snorlax|Snorlax, M|100/100 slp
|-damage|p2a: Snorlax|88/100 slp|[from] Stealth Rock
|move|p1a: shakey bakey|Volt Switch|p2a: Snorlax
|-damage|p2a: Snorlax|76/100 slp
|inactive|HaxxLR has 25 seconds left this turn.
|inactive|HaxxLR has 20 seconds left.
|
|t:|1653827614
|switch|p1a: chuggy buggy|Scizor, M|56/100|[from]move: Volt Switch
|-damage|p1a: chuggy buggy|44/100|[from] Stealth Rock
|
|-heal|p2a: Snorlax|83/100 slp|[from] item: Leftovers
|upkeep
|turn|77
|inactive|HaxxLR has 30 seconds left this turn.
|inactive|HaxxLR has 20 seconds left.
|
|t:|1653827640
|switch|p2a: Skarmory|Skarmory, F|76/100
|-damage|p2a: Skarmory|63/100|[from] Stealth Rock
|move|p1a: chuggy buggy|Roost|p1a: chuggy buggy
|-heal|p1a: chuggy buggy|94/100
|-singleturn|p1a: chuggy buggy|move: Roost
|
|upkeep
|turn|78
|inactive|HaxxLR has 30 seconds left this turn.
|inactive|HaxxLR has 20 seconds left.
|
|t:|1653827651
|switch|p1a: think PINK|Slowking, F|100/100
|-damage|p1a: think PINK|88/100|[from] Stealth Rock
|move|p2a: Skarmory|Body Press|p1a: think PINK
|-resisted|p1a: think PINK
|-damage|p1a: think PINK|78/100
|
|upkeep
|turn|79
|inactive|HaxxLR has 30 seconds left this turn.
|
|t:|1653827660
|switch|p2a: Tangrowth|Tangrowth, F|90/100 brn
|-damage|p2a: Tangrowth|78/100 brn|[from] Stealth Rock
|move|p1a: think PINK|Teleport|p1a: think PINK
|inactive|HaxxLR has 30 seconds left this turn.
|
|t:|1653827668
|switch|p1a: chuggy buggy|Scizor, M|94/100|[from]move: Teleport
|-damage|p1a: chuggy buggy|81/100|[from] Stealth Rock
|
|-damage|p2a: Tangrowth|72/100 brn|[from] brn
|upkeep
|turn|80
|inactive|HaxxLR has 30 seconds left.
|
|t:|1653827682
|move|p1a: chuggy buggy|Swords Dance|p1a: chuggy buggy
|-boost|p1a: chuggy buggy|atk|2
|move|p2a: Tangrowth|Focus Blast|p1a: chuggy buggy|[miss]
|-miss|p2a: Tangrowth|p1a: chuggy buggy
|
|-damage|p2a: Tangrowth|66/100 brn|[from] brn
|upkeep
|turn|81
|inactive|HaxxLR has 30 seconds left.
|inactive|HaxxLR has 20 seconds left.
|inactive|HaxxLR has 15 seconds left.
|
|t:|1653827705
|switch|p1a: shakey bakey|Rotom-Heat|35/100
|switch|p2a: Skarmory|Skarmory, F|63/100
|-damage|p2a: Skarmory|51/100|[from] Stealth Rock
|
|upkeep
|turn|82
|inactive|HaxxLR has 25 seconds left this turn.
|inactive|HaxxLR has 20 seconds left.
|
|t:|1653827714
|switch|p2a: Snorlax|Snorlax, M|83/100 slp
|-damage|p2a: Snorlax|70/100 slp|[from] Stealth Rock
|move|p1a: shakey bakey|Volt Switch|p2a: Snorlax
|-damage|p2a: Snorlax|58/100 slp
|inactive|HaxxLR has 25 seconds left this turn.
|
|t:|1653827718
|switch|p1a: chuggy buggy|Scizor, M|81/100|[from]move: Volt Switch
|-damage|p1a: chuggy buggy|69/100|[from] Stealth Rock
|
|-heal|p2a: Snorlax|64/100 slp|[from] item: Leftovers
|upkeep
|turn|83
|inactive|HaxxLR has 30 seconds left.
|
|t:|1653827724
|switch|p2a: Skarmory|Skarmory, F|51/100
|-damage|p2a: Skarmory|39/100|[from] Stealth Rock
|move|p1a: chuggy buggy|Swords Dance|p1a: chuggy buggy
|-boost|p1a: chuggy buggy|atk|2
|
|upkeep
|turn|84
|inactive|HaxxLR has 30 seconds left.
|inactive|HaxxLR has 20 seconds left.
|inactive|HaxxLR has 15 seconds left.
|
|t:|1653827754
|switch|p1a: shakey bakey|Rotom-Heat|35/100
|move|p2a: Skarmory|Roost|p2a: Skarmory
|-heal|p2a: Skarmory|89/100
|-singleturn|p2a: Skarmory|move: Roost
|
|upkeep
|turn|85
|inactive|HaxxLR has 25 seconds left this turn.
|inactive|HaxxLR has 20 seconds left.
|
|t:|1653827764
|switch|p2a: Tangrowth|Tangrowth, F|99/100 brn
|-damage|p2a: Tangrowth|87/100 brn|[from] Stealth Rock
|move|p1a: shakey bakey|Volt Switch|p2a: Tangrowth
|-resisted|p2a: Tangrowth
|-damage|p2a: Tangrowth|74/100 brn
|inactive|HaxxLR has 25 seconds left this turn.
|
|t:|1653827769
|switch|p1a: chuggy buggy|Scizor, M|69/100|[from]move: Volt Switch
|-damage|p1a: chuggy buggy|56/100|[from] Stealth Rock
|
|-damage|p2a: Tangrowth|68/100 brn|[from] brn
|upkeep
|turn|86
|inactive|HaxxLR has 30 seconds left this turn.
|
|t:|1653827776
|switch|p2a: Skarmory|Skarmory, F|89/100
|-damage|p2a: Skarmory|77/100|[from] Stealth Rock
|move|p1a: chuggy buggy|Roost|p1a: chuggy buggy
|-heal|p1a: chuggy buggy|100/100
|-singleturn|p1a: chuggy buggy|move: Roost
|
|upkeep
|turn|87
|inactive|HaxxLR has 30 seconds left this turn.
|
|t:|1653827786
|switch|p2a: Snorlax|Snorlax, M|64/100 slp
|-damage|p2a: Snorlax|51/100 slp|[from] Stealth Rock
|switch|p1a: think PINK|Slowking, F|100/100
|-damage|p1a: think PINK|88/100|[from] Stealth Rock
|
|-heal|p2a: Snorlax|57/100 slp|[from] item: Leftovers
|upkeep
|turn|88
|inactive|HaxxLR has 30 seconds left.
|
|t:|1653827791
|cant|p2a: Snorlax|slp
|move|p1a: think PINK|Teleport|p1a: think PINK
|inactive|HaxxLR has 30 seconds left.
|
|t:|1653827797
|switch|p1a: Zygarde-10% off|Zygarde-10%|41/100|[from]move: Teleport
|-damage|p1a: Zygarde-10% off|35/100|[from] Stealth Rock
|-ability|p1a: Zygarde-10% off|Aura Break
|
|-heal|p2a: Snorlax|63/100 slp|[from] item: Leftovers
|upkeep
|turn|89
|inactive|HaxxLR has 30 seconds left.
|
|t:|1653827807
|switch|p2a: Tangrowth|Tangrowth, F|100/100 brn
|-damage|p2a: Tangrowth|88/100 brn|[from] Stealth Rock
|move|p1a: Zygarde-10% off|Superpower|p2a: Tangrowth
|-crit|p2a: Tangrowth
|-damage|p2a: Tangrowth|55/100 brn
|-unboost|p1a: Zygarde-10% off|atk|1
|-unboost|p1a: Zygarde-10% off|def|1
|
|-damage|p2a: Tangrowth|49/100 brn|[from] brn
|upkeep
|turn|90
|inactive|HaxxLR has 30 seconds left.
|
|t:|1653827819
|switch|p1a: chuggy buggy|Scizor, M|100/100
|-damage|p1a: chuggy buggy|88/100|[from] Stealth Rock
|switch|p2a: Snorlax|Snorlax, M|63/100 slp
|-damage|p2a: Snorlax|51/100 slp|[from] Stealth Rock
|
|-heal|p2a: Snorlax|57/100 slp|[from] item: Leftovers
|upkeep
|turn|91
|inactive|HaxxLR has 30 seconds left.
|inactive|HaxxLR has 20 seconds left.
|
|t:|1653827839
|move|p1a: chuggy buggy|Swords Dance|p1a: chuggy buggy
|-boost|p1a: chuggy buggy|atk|2
|cant|p2a: Snorlax|slp
|
|-heal|p2a: Snorlax|63/100 slp|[from] item: Leftovers
|upkeep
|turn|92
|inactive|HaxxLR has 25 seconds left this turn.
|inactive|HaxxLR has 20 seconds left.
|
|t:|1653827846
|switch|p2a: Skarmory|Skarmory, F|77/100
|-damage|p2a: Skarmory|64/100|[from] Stealth Rock
|move|p1a: chuggy buggy|Knock Off|p2a: Skarmory
|-damage|p2a: Skarmory|40/100
|
|upkeep
|turn|93
|inactive|HaxxLR has 25 seconds left this turn.
|inactive|HaxxLR has 20 seconds left.
|
|t:|1653827854
|switch|p1a: shakey bakey|Rotom-Heat|35/100
|move|p2a: Skarmory|Roost|p2a: Skarmory
|-heal|p2a: Skarmory|90/100
|-singleturn|p2a: Skarmory|move: Roost
|
|upkeep
|turn|94
|inactive|HaxxLR has 25 seconds left this turn.
|inactive|HaxxLR has 20 seconds left.
|inactive|HaxxLR has 15 seconds left.
|
|t:|1653827864
|switch|p2a: Snorlax|Snorlax, M|63/100 slp
|-damage|p2a: Snorlax|51/100 slp|[from] Stealth Rock
|move|p1a: shakey bakey|Volt Switch|p2a: Snorlax
|-damage|p2a: Snorlax|39/100 slp
|inactive|HaxxLR has 20 seconds left this turn.
|inactive|HaxxLR has 15 seconds left.
|
|t:|1653827870
|switch|p1a: Zygarde-10% off|Zygarde-10%|35/100|[from]move: Volt Switch
|-damage|p1a: Zygarde-10% off|29/100|[from] Stealth Rock
|-ability|p1a: Zygarde-10% off|Aura Break
|
|-heal|p2a: Snorlax|45/100 slp|[from] item: Leftovers
|upkeep
|turn|95
|inactive|HaxxLR has 20 seconds left this turn.
|inactive|HaxxLR has 15 seconds left.
|inactive|HaxxLR has 10 seconds left.
|inactive|HaxxLR has 5 seconds left.
|
|t:|1653827886
|switch|p2a: Tangrowth|Tangrowth, F|82/100 brn
|-damage|p2a: Tangrowth|70/100 brn|[from] Stealth Rock
|move|p1a: Zygarde-10% off|Superpower|p2a: Tangrowth
|-damage|p2a: Tangrowth|47/100 brn
|-unboost|p1a: Zygarde-10% off|atk|1
|-unboost|p1a: Zygarde-10% off|def|1
|
|-damage|p2a: Tangrowth|41/100 brn|[from] brn
|upkeep
|turn|96
|inactive|HaxxLR has 10 seconds left this turn.
|inactive|HaxxLR has 5 seconds left.
|
|t:|1653827892
|switch|p1a: chuggy buggy|Scizor, M|88/100
|-damage|p1a: chuggy buggy|75/100|[from] Stealth Rock
|move|p2a: Tangrowth|Focus Blast|p1a: chuggy buggy|[miss]
|-miss|p2a: Tangrowth|p1a: chuggy buggy
|
|-damage|p2a: Tangrowth|35/100 brn|[from] brn
|upkeep
|turn|97
|inactive|HaxxLR has 10 seconds left this turn.
|inactive|HaxxLR has 5 seconds left.
|
|t:|1653827899
|switch|p1a: shakey bakey|Rotom-Heat|35/100
|switch|p2a: Skarmory|Skarmory, F|90/100
|-damage|p2a: Skarmory|77/100|[from] Stealth Rock
|
|upkeep
|turn|98
|inactive|HaxxLR has 10 seconds left this turn.
|
|t:|1653827907
|switch|p2a: Zygarde|Zygarde-10%|12/100
|-damage|p2a: Zygarde|6/100|[from] Stealth Rock
|-ability|p2a: Zygarde|Aura Break
|move|p1a: shakey bakey|Volt Switch|p2a: Zygarde
|-immune|p2a: Zygarde
|
|upkeep
|turn|99
|inactive|HaxxLR has 15 seconds left this turn.
|
|t:|1653827911
|switch|p2a: Snorlax|Snorlax, M|45/100 slp
|-damage|p2a: Snorlax|32/100 slp|[from] Stealth Rock
|switch|p1a: think PINK|Slowking, F|100/100
|-damage|p1a: think PINK|88/100|[from] Stealth Rock
|
|-heal|p2a: Snorlax|38/100 slp|[from] item: Leftovers
|upkeep
|turn|100
|inactive|HaxxLR has 20 seconds left this turn.
|
|t:|1653827920
|-curestatus|p2a: Snorlax|slp|[msg]
|move|p2a: Snorlax|Curse|p2a: Snorlax
|-unboost|p2a: Snorlax|spe|1
|-boost|p2a: Snorlax|atk|1
|-boost|p2a: Snorlax|def|1
|move|p1a: think PINK|Teleport|p1a: think PINK
|inactive|HaxxLR has 25 seconds left this turn.
|
|t:|1653827924
|switch|p1a: Zygarde-10% off|Zygarde-10%|29/100|[from]move: Teleport
|-damage|p1a: Zygarde-10% off|23/100|[from] Stealth Rock
|-ability|p1a: Zygarde-10% off|Aura Break
|
|-heal|p2a: Snorlax|44/100|[from] item: Leftovers
|upkeep
|turn|101
|inactive|HaxxLR has 30 seconds left this turn.
|
|t:|1653827933
|switch|p2a: Tangrowth|Tangrowth, F|68/100 brn
|-damage|p2a: Tangrowth|56/100 brn|[from] Stealth Rock
|move|p1a: Zygarde-10% off|Superpower|p2a: Tangrowth
|-damage|p2a: Tangrowth|35/100 brn
|-unboost|p1a: Zygarde-10% off|atk|1
|-unboost|p1a: Zygarde-10% off|def|1
|
|-damage|p2a: Tangrowth|29/100 brn|[from] brn
|upkeep
|turn|102
|
|t:|1653827939
|switch|p1a: chuggy buggy|Scizor, M|75/100
|-damage|p1a: chuggy buggy|63/100|[from] Stealth Rock
|switch|p2a: Skarmory|Skarmory, F|77/100
|-damage|p2a: Skarmory|65/100|[from] Stealth Rock
|
|upkeep
|turn|103
|
|t:|1653827946
|switch|p1a: think PINK|Slowking, F|100/100
|-damage|p1a: think PINK|88/100|[from] Stealth Rock
|move|p2a: Skarmory|Roost|p2a: Skarmory
|-heal|p2a: Skarmory|100/100
|-singleturn|p2a: Skarmory|move: Roost
|
|upkeep
|turn|104
|
|t:|1653827954
|switch|p2a: Tangrowth|Tangrowth, F|62/100 brn
|-damage|p2a: Tangrowth|50/100 brn|[from] Stealth Rock
|move|p1a: think PINK|Teleport|p1a: think PINK
|
|t:|1653827958
|switch|p1a: shakey bakey|Rotom-Heat|35/100|[from]move: Teleport
|
|-damage|p2a: Tangrowth|44/100 brn|[from] brn
|upkeep
|turn|105
|inactive|HaxxLR has 30 seconds left.
|
|t:|1653827980
|move|p1a: shakey bakey|Volt Switch|p2a: Tangrowth
|-resisted|p2a: Tangrowth
|-damage|p2a: Tangrowth|31/100 brn
|inactive|HaxxLR has 30 seconds left this turn.
|
|t:|1653827982
|switch|p1a: chuggy buggy|Scizor, M|63/100|[from]move: Volt Switch
|-damage|p1a: chuggy buggy|50/100|[from] Stealth Rock
|move|p2a: Tangrowth|Focus Blast|p1a: chuggy buggy
|-damage|p1a: chuggy buggy|16/100
|-unboost|p1a: chuggy buggy|spd|1
|
|-damage|p2a: Tangrowth|25/100 brn|[from] brn
|upkeep
|turn|106
|inactive|HaxxLR has 30 seconds left.
|
|t:|1653827995
|switch|p1a: shakey bakey|Rotom-Heat|35/100
|move|p2a: Tangrowth|Focus Blast|p1a: shakey bakey
|-damage|p1a: shakey bakey|6/100
|
|-damage|p2a: Tangrowth|19/100 brn|[from] brn
|upkeep
|turn|107
|inactive|HaxxLR has 30 seconds left this turn.
|
|t:|1653828006
|switch|p2a: Zygarde|Zygarde-10%|6/100
|-damage|p2a: Zygarde|0 fnt|[from] Stealth Rock
|faint|p2a: Zygarde
|move|p1a: shakey bakey|Volt Switch|p2: Zygarde|[notarget]
|-fail|p1a: shakey bakey
|
|upkeep
|inactive|HaxxLR has 30 seconds left this turn.
|
|t:|1653828008
|switch|p2a: Snorlax|Snorlax, M|44/100
|-damage|p2a: Snorlax|32/100|[from] Stealth Rock
|turn|108
|inactive|HaxxLR has 30 seconds left.
|
|t:|1653828013
|move|p1a: shakey bakey|Pain Split|p2a: Snorlax
|-sethp|p2a: Snorlax|18/100|[from] move: Pain Split|[silent]
|-sethp|p1a: shakey bakey|27/100|[from] move: Pain Split
|move|p2a: Snorlax|Body Slam|p1a: shakey bakey
|-crit|p1a: shakey bakey
|-damage|p1a: shakey bakey|0 fnt
|faint|p1a: shakey bakey
|
|-heal|p2a: Snorlax|24/100|[from] item: Leftovers
|upkeep
|inactive|HaxxLR has 30 seconds left.
|
|t:|1653828025
|switch|p1a: Zygarde-10% off|Zygarde-10%|23/100
|-damage|p1a: Zygarde-10% off|17/100|[from] Stealth Rock
|-ability|p1a: Zygarde-10% off|Aura Break
|turn|109
|inactive|HaxxLR has 30 seconds left this turn.
|inactive|HaxxLR has 20 seconds left.
|
|t:|1653828042
|switch|p1a: chuggy buggy|Scizor, M|16/100
|-damage|p1a: chuggy buggy|3/100|[from] Stealth Rock
|switch|p2a: Tangrowth|Tangrowth, F|53/100 brn
|-damage|p2a: Tangrowth|40/100 brn|[from] Stealth Rock
|
|-damage|p2a: Tangrowth|34/100 brn|[from] brn
|upkeep
|turn|110
|inactive|HaxxLR has 25 seconds left this turn.
|inactive|HaxxLR has 20 seconds left.
|
|t:|1653828052
|switch|p2a: Skarmory|Skarmory, F|100/100
|-damage|p2a: Skarmory|88/100|[from] Stealth Rock
|move|p1a: chuggy buggy|Roost|p1a: chuggy buggy
|-heal|p1a: chuggy buggy|53/100
|-singleturn|p1a: chuggy buggy|move: Roost
|
|upkeep
|turn|111
|inactive|HaxxLR has 25 seconds left this turn.
|inactive|HaxxLR has 20 seconds left.
|
|t:|1653828061
|move|p2a: Skarmory|Body Press|p1a: chuggy buggy
|-damage|p1a: chuggy buggy|30/100
|move|p1a: chuggy buggy|Roost|p1a: chuggy buggy
|-heal|p1a: chuggy buggy|80/100
|-singleturn|p1a: chuggy buggy|move: Roost
|
|upkeep
|turn|112
|inactive|HaxxLR has 25 seconds left this turn.
|
|t:|1653828065
|switch|p2a: Snorlax|Snorlax, M|24/100
|-damage|p2a: Snorlax|12/100|[from] Stealth Rock
|switch|p1a: think PINK|Slowking, F|100/100
|-damage|p1a: think PINK|88/100|[from] Stealth Rock
|
|-heal|p2a: Snorlax|18/100|[from] item: Leftovers
|upkeep
|turn|113
|inactive|HaxxLR has 30 seconds left this turn.
|
|t:|1653828072
|move|p2a: Snorlax|Rest|p2a: Snorlax
|-status|p2a: Snorlax|slp|[from] move: Rest
|-heal|p2a: Snorlax|100/100 slp|[silent]
|move|p1a: think PINK|Teleport|p1a: think PINK
|inactive|HaxxLR has 30 seconds left this turn.
|
|t:|1653828075
|switch|p1a: chuggy buggy|Scizor, M|80/100|[from]move: Teleport
|-damage|p1a: chuggy buggy|68/100|[from] Stealth Rock
|
|upkeep
|turn|114
|inactive|HaxxLR has 30 seconds left.
|
|t:|1653828086
|switch|p2a: Skarmory|Skarmory, F|88/100
|-damage|p2a: Skarmory|76/100|[from] Stealth Rock
|move|p1a: chuggy buggy|Swords Dance|p1a: chuggy buggy
|-boost|p1a: chuggy buggy|atk|2
|
|upkeep
|turn|115
|inactive|HaxxLR has 30 seconds left this turn.
|
|t:|1653828090
|move|p2a: Skarmory|Iron Defense|p2a: Skarmory
|-boost|p2a: Skarmory|def|2
|move|p1a: chuggy buggy|Knock Off|p2a: Skarmory
|-damage|p2a: Skarmory|65/100
|
|upkeep
|turn|116
|inactive|UULT94A Sirkings has 120 seconds left.
|
|t:|1653828145
|switch|p1a: think PINK|Slowking, F|100/100
|-damage|p1a: think PINK|88/100|[from] Stealth Rock
|move|p2a: Skarmory|Roost|p2a: Skarmory
|-heal|p2a: Skarmory|100/100
|-singleturn|p2a: Skarmory|move: Roost
|
|upkeep
|turn|117
|
|t:|1653828153
|switch|p2a: Snorlax|Snorlax, M|100/100 slp
|-damage|p2a: Snorlax|88/100 slp|[from] Stealth Rock
|move|p1a: think PINK|Teleport|p1a: think PINK
|
|t:|1653828161
|switch|p1a: chuggy buggy|Scizor, M|68/100|[from]move: Teleport
|-damage|p1a: chuggy buggy|55/100|[from] Stealth Rock
|
|-heal|p2a: Snorlax|94/100 slp|[from] item: Leftovers
|upkeep
|turn|118
|
|t:|1653828166
|switch|p1a: think PINK|Slowking, F|100/100
|-damage|p1a: think PINK|88/100|[from] Stealth Rock
|cant|p2a: Snorlax|slp
|
|-heal|p2a: Snorlax|99/100 slp|[from] item: Leftovers
|upkeep
|turn|119
|
|t:|1653828174
|cant|p2a: Snorlax|slp
|move|p1a: think PINK|Future Sight|p2a: Snorlax
|-start|p1a: think PINK|move: Future Sight
|
|-heal|p2a: Snorlax|100/100 slp|[from] item: Leftovers
|upkeep
|turn|120
|
|t:|1653828179
|-curestatus|p2a: Snorlax|slp|[msg]
|move|p2a: Snorlax|Body Slam|p1a: think PINK
|-damage|p1a: think PINK|63/100
|move|p1a: think PINK|Teleport|p1a: think PINK
|
|t:|1653828185
|switch|p1a: Zygarde-10% off|Zygarde-10%|17/100|[from]move: Teleport
|-damage|p1a: Zygarde-10% off|11/100|[from] Stealth Rock
|-ability|p1a: Zygarde-10% off|Aura Break
|
|upkeep
|turn|121
|
|t:|1653828201
|switch|p2a: Tangrowth|Tangrowth, F|68/100 brn
|-damage|p2a: Tangrowth|55/100 brn|[from] Stealth Rock
|move|p1a: Zygarde-10% off|Superpower|p2a: Tangrowth
|-damage|p2a: Tangrowth|34/100 brn
|-unboost|p1a: Zygarde-10% off|atk|1
|-unboost|p1a: Zygarde-10% off|def|1
|
|-end|p2a: Tangrowth|move: Future Sight
|-damage|p2a: Tangrowth|0 fnt
|faint|p2a: Tangrowth
|upkeep
|
|t:|1653828208
|switch|p2a: Snorlax|Snorlax, M|100/100
|-damage|p2a: Snorlax|88/100|[from] Stealth Rock
|turn|122
|
|t:|1653828212
|switch|p1a: think PINK|Slowking, F|96/100
|-damage|p1a: think PINK|84/100|[from] Stealth Rock
|move|p2a: Snorlax|Body Slam|p1a: think PINK
|-damage|p1a: think PINK|59/100
|
|-heal|p2a: Snorlax|94/100|[from] item: Leftovers
|upkeep
|turn|123
|
|t:|1653828234
|move|p2a: Snorlax|Curse|p2a: Snorlax
|-unboost|p2a: Snorlax|spe|1
|-boost|p2a: Snorlax|atk|1
|-boost|p2a: Snorlax|def|1
|move|p1a: think PINK|Future Sight|p2a: Snorlax
|-start|p1a: think PINK|move: Future Sight
|
|-heal|p2a: Snorlax|99/100|[from] item: Leftovers
|upkeep
|turn|124
|
|t:|1653828244
|switch|p1a: chuggy buggy|Scizor, M|55/100
|-damage|p1a: chuggy buggy|43/100|[from] Stealth Rock
|move|p2a: Snorlax|Curse|p2a: Snorlax
|-unboost|p2a: Snorlax|spe|1
|-boost|p2a: Snorlax|atk|1
|-boost|p2a: Snorlax|def|1
|
|-heal|p2a: Snorlax|100/100|[from] item: Leftovers
|upkeep
|turn|125
|
|t:|1653828251
|move|p1a: chuggy buggy|Knock Off|p2a: Snorlax
|-damage|p2a: Snorlax|90/100
|-enditem|p2a: Snorlax|Leftovers|[from] move: Knock Off|[of] p1a: chuggy buggy
|move|p2a: Snorlax|Heat Crash|p1a: chuggy buggy
|-supereffective|p1a: chuggy buggy
|-damage|p1a: chuggy buggy|0 fnt
|faint|p1a: chuggy buggy
|
|-end|p2a: Snorlax|move: Future Sight
|-damage|p2a: Snorlax|69/100
|upkeep
|
|t:|1653828255
|switch|p1a: Zygarde-10% off|Zygarde-10%|11/100
|-damage|p1a: Zygarde-10% off|5/100|[from] Stealth Rock
|-ability|p1a: Zygarde-10% off|Aura Break
|turn|126
|
|t:|1653828258
|move|p1a: Zygarde-10% off|Superpower|p2a: Snorlax
|-supereffective|p2a: Snorlax
|-damage|p2a: Snorlax|44/100
|-unboost|p1a: Zygarde-10% off|atk|1
|-unboost|p1a: Zygarde-10% off|def|1
|move|p2a: Snorlax|Body Slam|p1a: Zygarde-10% off
|-damage|p1a: Zygarde-10% off|0 fnt
|faint|p1a: Zygarde-10% off
|
|upkeep
|
|t:|1653828261
|switch|p1a: think PINK|Slowking, F|92/100
|-damage|p1a: think PINK|79/100|[from] Stealth Rock
|turn|127
|c|☆UULT94A Sirkings|gg
|c|☆HaxxLR|gg
|
|t:|1653828266
|move|p1a: think PINK|Scald|p2a: Snorlax
|-damage|p2a: Snorlax|30/100
|move|p2a: Snorlax|Rest|p2a: Snorlax
|-status|p2a: Snorlax|slp|[from] move: Rest
|-heal|p2a: Snorlax|100/100 slp|[silent]
|
|upkeep
|turn|128
|inactive|HaxxLR has 60 seconds left.
|
|t:|1653828272
|move|p1a: think PINK|Future Sight|p2a: Snorlax
|-start|p1a: think PINK|move: Future Sight
|cant|p2a: Snorlax|slp
|
|upkeep
|turn|129
|
|t:|1653828273
|move|p1a: think PINK|Scald|p2a: Snorlax
|-damage|p2a: Snorlax|86/100 slp
|cant|p2a: Snorlax|slp
|
|upkeep
|turn|130
|
|t:|1653828277
|move|p1a: think PINK|Scald|p2a: Snorlax
|-damage|p2a: Snorlax|72/100 slp
|-curestatus|p2a: Snorlax|slp|[msg]
|move|p2a: Snorlax|Body Slam|p1a: think PINK
|-damage|p1a: think PINK|35/100
|
|-end|p2a: Snorlax|move: Future Sight
|-damage|p2a: Snorlax|52/100
|upkeep
|turn|131
|
|t:|1653828282
|move|p1a: think PINK|Scald|p2a: Snorlax
|-damage|p2a: Snorlax|38/100
|move|p2a: Snorlax|Body Slam|p1a: think PINK
|-damage|p1a: think PINK|0 fnt
|faint|p1a: think PINK
|
|win|UULT94A Sirkings
|raw|HaxxLR's rating: 1352 &rarr; <strong>1345</strong><br />(-7 for losing)
|raw|UULT94A Sirkings's rating: 1628 &rarr; <strong>1635</strong><br />(+7 for winning)
|l|☆UULT94A Sirkings
|l| Micciu20250
||Ladder isn't responding, score probably updated but might not have (Request timeout).
