|j|☆skierdude101
|j|☆Appleking123
|t:|1657754988
|gametype|singles
|player|p1|skierdude101|lucas|1370
|player|p2|Appleking123|hiker-gen4|1485
|teamsize|p1|6
|teamsize|p2|6
|gen|8
|tier|[Gen 8] UU
|rated|
|rule|Sleep Clause Mod: Limit one foe put to sleep
|rule|Species Clause: Limit one of each Pokémon
|rule|OHKO Clause: OHKO moves are banned
|rule|Evasion Moves Clause: Evasion moves are banned
|rule|Endless Battle Clause: Forcing endless battles is banned
|rule|HP Percentage Mod: HP is shown in percentages
|rule|Dynamax Clause: You cannot dynamax
|clearpoke
|poke|p1|Hattrem, F|
|poke|p1|Cobalion|
|poke|p1|Tangrowth, M|
|poke|p1|Swampert, F|
|poke|p1|Thundurus-Therian, M|
|poke|p1|Nihilego|
|poke|p2|Cobalion|
|poke|p2|Amoonguss, M|
|poke|p2|Hydreigon, M|
|poke|p2|Mamoswine, M|
|poke|p2|Crobat, M|
|poke|p2|Rotom-Wash|
|teampreview
|inactive|Battle timer is ON: inactive players will automatically lose when time's up. (requested by skierdude101)
|
|t:|1657755014
|start
|switch|p1a: bulu zarude|Tangrowth, M|100/100
|switch|p2a: HONSE|Cobalion|100/100
|turn|1
|
|t:|1657755020
|switch|p1a: Hattrem|Hattrem, F|100/100
|move|p2a: HONSE|Toxic|p1a: Hattrem
|move|p1a: Hattrem|Toxic|p2a: HONSE|[from]ability: Magic Bounce
|-immune|p2a: HONSE
|
|upkeep
|turn|2
|
|t:|1657755029
|move|p2a: HONSE|Volt Switch|p1a: Hattrem
|-damage|p1a: Hattrem|89/100
|
|t:|1657755040
|switch|p2a: 3head|Hydreigon, M|100/100|[from]move: Volt Switch
|move|p1a: Hattrem|Mystical Fire|p2a: 3head
|-resisted|p2a: 3head
|-damage|p2a: 3head|91/100
|-unboost|p2a: 3head|spa|1
|
|upkeep
|turn|3
|
|t:|1657755053
|switch|p1a: Cobalion|Cobalion|100/100
|move|p2a: 3head|U-turn|p1a: Cobalion
|-resisted|p1a: Cobalion
|-damage|p1a: Cobalion|97/100
|-damage|p2a: 3head|75/100|[from] item: Rocky Helmet|[of] p1a: Cobalion
|
|t:|1657755058
|switch|p2a: Among Us Joke|Amoonguss, M|100/100|[from]move: U-turn
|
|upkeep
|turn|4
|
|t:|1657755066
|move|p1a: Cobalion|Volt Switch|p2a: Among Us Joke
|-resisted|p2a: Among Us Joke
|-damage|p2a: Among Us Joke|95/100
|
|t:|1657755068
|switch|p1a: Hattrem|Hattrem, F|89/100|[from]move: Volt Switch
|move|p2a: Among Us Joke|Sludge Bomb|p1a: Hattrem
|-damage|p1a: Hattrem|65/100
|
|upkeep
|turn|5
|
|t:|1657755073
|move|p1a: Hattrem|Mystical Fire|p2a: Among Us Joke
|-supereffective|p2a: Among Us Joke
|-damage|p2a: Among Us Joke|67/100
|-unboost|p2a: Among Us Joke|spa|1
|move|p2a: Among Us Joke|Sludge Bomb|p1a: Hattrem
|-damage|p1a: Hattrem|47/100
|-status|p1a: Hattrem|psn
|
|-damage|p1a: Hattrem|34/100 psn|[from] psn
|upkeep
|turn|6
|
|t:|1657755079
|switch|p2a: Washington|Rotom-Wash|100/100
|move|p1a: Hattrem|Calm Mind|p1a: Hattrem
|-boost|p1a: Hattrem|spa|1
|-boost|p1a: Hattrem|spd|1
|
|-damage|p1a: Hattrem|22/100 psn|[from] psn
|upkeep
|turn|7
|
|t:|1657755083
|move|p2a: Washington|Volt Switch|p1a: Hattrem
|-damage|p1a: Hattrem|7/100 psn
|
|t:|1657755089
|switch|p2a: 3head|Hydreigon, M|75/100|[from]move: Volt Switch
|move|p1a: Hattrem|Rest|p1a: Hattrem
|-status|p1a: Hattrem|slp|[from] move: Rest
|-heal|p1a: Hattrem|100/100 slp|[silent]
|
|upkeep
|turn|8
|
|t:|1657755094
|move|p2a: 3head|Dark Pulse|p1a: Hattrem
|-supereffective|p1a: Hattrem
|-damage|p1a: Hattrem|23/100 slp
|cant|p1a: Hattrem|slp
|
|upkeep
|turn|9
|
|t:|1657755100
|switch|p1a: Cobalion|Cobalion|97/100
|move|p2a: 3head|Dark Pulse|p1a: Cobalion
|-resisted|p1a: Cobalion
|-crit|p1a: Cobalion
|-damage|p1a: Cobalion|31/100
|-ability|p1a: Cobalion|Justified|boost
|-boost|p1a: Cobalion|atk|1
|
|upkeep
|turn|10
|
|t:|1657755109
|switch|p2a: Among Us Joke|Amoonguss, M|100/100
|move|p1a: Cobalion|Iron Head|p2a: Among Us Joke
|-damage|p2a: Among Us Joke|62/100
|-damage|p1a: Cobalion|14/100|[from] item: Rocky Helmet|[of] p2a: Among Us Joke
|
|upkeep
|turn|11
|
|t:|1657755122
|move|p1a: Cobalion|Stealth Rock|p2a: Among Us Joke
|-sidestart|p2: Appleking123|move: Stealth Rock
|move|p2a: Among Us Joke|Sludge Bomb|p1a: Cobalion
|-immune|p1a: Cobalion
|
|upkeep
|turn|12
|
|t:|1657755126
|move|p1a: Cobalion|Volt Switch|p2a: Among Us Joke
|-resisted|p2a: Among Us Joke
|-damage|p2a: Among Us Joke|56/100
|
|t:|1657755132
|switch|p1a: Thundurus|Thundurus-Therian, M|100/100|[from]move: Volt Switch
|move|p2a: Among Us Joke|Sludge Bomb|p1a: Thundurus
|-damage|p1a: Thundurus|60/100
|
|upkeep
|turn|13
|
|t:|1657755140
|switch|p2a: Piggy|Mamoswine, M|100/100
|-damage|p2a: Piggy|88/100|[from] Stealth Rock
|move|p1a: Thundurus|Psychic|p2a: Piggy
|-damage|p2a: Piggy|42/100
|
|upkeep
|turn|14
|
|t:|1657755145
|switch|p1a: Hattrem|Hattrem, F|23/100 slp
|move|p2a: Piggy|Ice Shard|p1a: Hattrem
|-damage|p1a: Hattrem|5/100 slp
|
|upkeep
|turn|15
|
|t:|1657755151
|move|p2a: Piggy|Earthquake|p1a: Hattrem
|-damage|p1a: Hattrem|0 fnt
|faint|p1a: Hattrem
|
|upkeep
|
|t:|1657755166
|switch|p1a: Nihilego|Nihilego|100/100
|turn|16
|
|t:|1657755171
|switch|p2a: HONSE|Cobalion|100/100
|-damage|p2a: HONSE|97/100|[from] Stealth Rock
|move|p1a: Nihilego|Power Gem|p2a: HONSE
|-resisted|p2a: HONSE
|-damage|p2a: HONSE|83/100
|
|-heal|p2a: HONSE|89/100|[from] item: Leftovers
|upkeep
|turn|17
|
|t:|1657755177
|switch|p1a: Swampert|Swampert, F|100/100
|move|p2a: HONSE|Volt Switch|p1a: Swampert
|-immune|p1a: Swampert
|
|-heal|p2a: HONSE|95/100|[from] item: Leftovers
|upkeep
|turn|18
|
|t:|1657755184
|move|p2a: HONSE|Toxic|p1a: Swampert
|-status|p1a: Swampert|tox
|move|p1a: Swampert|Earthquake|p2a: HONSE
|-supereffective|p2a: HONSE
|-damage|p2a: HONSE|36/100
|
|-heal|p2a: HONSE|42/100|[from] item: Leftovers
|-damage|p1a: Swampert|94/100 tox|[from] psn
|upkeep
|turn|19
|
|t:|1657755189
|switch|p2a: Bap|Crobat, M|100/100
|move|p1a: Swampert|Flip Turn|p2a: Bap
|-damage|p2a: Bap|74/100
|
|t:|1657755199
|switch|p1a: Nihilego|Nihilego|100/100|[from]move: Flip Turn
|
|upkeep
|turn|20
|
|t:|1657755203
|move|p1a: Nihilego|Thunderbolt|p2a: Bap
|-supereffective|p2a: Bap
|-damage|p2a: Bap|0 fnt
|faint|p2a: Bap
|-ability|p1a: Nihilego|Beast Boost|boost
|-boost|p1a: Nihilego|spa|1
|
|upkeep
|
|t:|1657755205
|switch|p2a: Piggy|Mamoswine, M|42/100
|-damage|p2a: Piggy|30/100|[from] Stealth Rock
|turn|21
|
|t:|1657755218
|switch|p1a: Cobalion|Cobalion|14/100
|move|p2a: Piggy|Icicle Crash|p1a: Cobalion|[miss]
|-miss|p2a: Piggy|p1a: Cobalion
|
|upkeep
|turn|22
|
|t:|1657755240
|switch|p2a: Among Us Joke|Amoonguss, M|90/100
|-damage|p2a: Among Us Joke|77/100|[from] Stealth Rock
|move|p1a: Cobalion|Iron Head|p2a: Among Us Joke
|-damage|p2a: Among Us Joke|54/100
|-damage|p1a: Cobalion|0 fnt|[from] item: Rocky Helmet|[of] p2a: Among Us Joke
|faint|p1a: Cobalion
|
|upkeep
|
|t:|1657755247
|switch|p1a: Thundurus|Thundurus-Therian, M|60/100
|turn|23
|
|t:|1657755256
|switch|p2a: 3head|Hydreigon, M|75/100
|-damage|p2a: 3head|62/100|[from] Stealth Rock
|move|p1a: Thundurus|Psychic|p2a: 3head
|-immune|p2a: 3head
|
|upkeep
|turn|24
|
|t:|1657755259
|move|p1a: Thundurus|U-turn|p2a: 3head
|-supereffective|p2a: 3head
|-damage|p2a: 3head|24/100
|
|t:|1657755264
|switch|p1a: bulu zarude|Tangrowth, M|100/100|[from]move: U-turn
|move|p2a: 3head|Dark Pulse|p1a: bulu zarude
|-damage|p1a: bulu zarude|52/100
|
|upkeep
|turn|25
|
|t:|1657755273
|move|p2a: 3head|Dark Pulse|p1a: bulu zarude
|-damage|p1a: bulu zarude|9/100
|move|p1a: bulu zarude|Sludge Bomb|p2a: 3head
|-damage|p2a: 3head|0 fnt
|faint|p2a: 3head
|
|upkeep
|
|t:|1657755276
|switch|p2a: HONSE|Cobalion|42/100
|-damage|p2a: HONSE|39/100|[from] Stealth Rock
|turn|26
|
|t:|1657755278
|move|p2a: HONSE|Stealth Rock|p1a: bulu zarude
|-sidestart|p1: skierdude101|move: Stealth Rock
|move|p1a: bulu zarude|Earthquake|p2a: HONSE
|-supereffective|p2a: HONSE
|-damage|p2a: HONSE|0 fnt
|faint|p2a: HONSE
|
|upkeep
|
|t:|1657755285
|switch|p2a: Washington|Rotom-Wash|100/100
|-damage|p2a: Washington|88/100|[from] Stealth Rock
|turn|27
|
|t:|1657755290
|switch|p1a: Swampert|Swampert, F|94/100 tox
|-damage|p1a: Swampert|88/100 tox|[from] Stealth Rock
|move|p2a: Washington|Hydro Pump|p1a: Swampert
|-damage|p1a: Swampert|61/100 tox
|
|-heal|p2a: Washington|94/100|[from] item: Leftovers
|-heal|p1a: Swampert|67/100 tox|[from] item: Leftovers
|-damage|p1a: Swampert|61/100 tox|[from] psn
|upkeep
|turn|28
|
|t:|1657755302
|move|p2a: Washington|Hydro Pump|p1a: Swampert
|-damage|p1a: Swampert|30/100 tox
|move|p1a: Swampert|Flip Turn|p2a: Washington
|-resisted|p2a: Washington
|-damage|p2a: Washington|77/100
|inactive|skierdude101 has 120 seconds left.
|
|t:|1657755328
|switch|p1a: Thundurus|Thundurus-Therian, M|60/100|[from]move: Flip Turn
|
|-heal|p2a: Washington|83/100|[from] item: Leftovers
|upkeep
|turn|29
|
|t:|1657755331
|move|p1a: Thundurus|Thunderbolt|p2a: Washington
|-damage|p2a: Washington|28/100
|move|p2a: Washington|Hydro Pump|p1a: Thundurus
|-damage|p1a: Thundurus|7/100
|
|-heal|p2a: Washington|35/100|[from] item: Leftovers
|upkeep
|turn|30
|
|t:|1657755340
|move|p1a: Thundurus|Thunderbolt|p2a: Washington
|-damage|p2a: Washington|0 fnt
|faint|p2a: Washington
|
|upkeep
|
|t:|1657755343
|switch|p2a: Piggy|Mamoswine, M|30/100
|-damage|p2a: Piggy|17/100|[from] Stealth Rock
|turn|31
|
|t:|1657755353
|switch|p1a: Swampert|Swampert, F|30/100 tox
|-damage|p1a: Swampert|24/100 tox|[from] Stealth Rock
|move|p2a: Piggy|Ice Shard|p1a: Swampert
|-damage|p1a: Swampert|1/100 tox
|
|-heal|p1a: Swampert|8/100 tox|[from] item: Leftovers
|-damage|p1a: Swampert|1/100 tox|[from] psn
|upkeep
|turn|32
|
|t:|1657755362
|move|p2a: Piggy|Earthquake|p1a: Swampert
|-damage|p1a: Swampert|0 fnt
|faint|p1a: Swampert
|
|upkeep
|
|t:|1657755365
|switch|p1a: Nihilego|Nihilego|100/100
|-damage|p1a: Nihilego|88/100|[from] Stealth Rock
|turn|33
|
|t:|1657755369
|switch|p2a: Among Us Joke|Amoonguss, M|87/100
|-damage|p2a: Among Us Joke|74/100|[from] Stealth Rock
|move|p1a: Nihilego|Sludge Wave|p2a: Among Us Joke
|-damage|p2a: Among Us Joke|31/100
|
|upkeep
|turn|34
|
|t:|1657755374
|move|p1a: Nihilego|Sludge Wave|p2a: Among Us Joke
|-damage|p2a: Among Us Joke|0 fnt
|faint|p2a: Among Us Joke
|-ability|p1a: Nihilego|Beast Boost|boost
|-boost|p1a: Nihilego|spa|1
|
|upkeep
|-message|Appleking123 forfeited.
|
|win|skierdude101
|raw|skierdude101's rating: 1370 &rarr; <strong>1396</strong><br />(+26 for winning)
|raw|Appleking123's rating: 1485 &rarr; <strong>1459</strong><br />(-26 for losing)
|l|☆Appleking123
||Ladder isn't responding, score probably updated but might not have (Request timeout).
