|j|☆predator145
|j|☆Quag88er
|player|p1|predator145|49|1416
|player|p2|Quag88er|218|1307
|teamsize|p1|6
|teamsize|p2|6
|gametype|singles
|gen|8
|tier|[Gen 8] UU
|rated|
|rule|Sleep Clause Mod: Limit one foe put to sleep
|rule|Species Clause: Limit one of each Pokémon
|rule|OHKO Clause: OHKO moves are banned
|rule|Evasion Moves Clause: Evasion moves are banned
|rule|Endless Battle Clause: Forcing endless battles is banned
|rule|HP Percentage Mod: HP is shown in percentages
|clearpoke
|poke|p1|Escavalier, F|
|poke|p1|Rhyperior, M|
|poke|p1|Noivern, M|
|poke|p1|Sirfetch'd, F|
|poke|p1|Inteleon, M|
|poke|p1|Boltund, F|
|poke|p2|Frosmoth, M|
|poke|p2|Kommo-o, M|
|poke|p2|Obstagoon, M|
|poke|p2|Espeon, F|
|poke|p2|Weezing-Galar, F|
|poke|p2|Copperajah, F|
|rule|Dynamax Clause: You cannot dynamax
|teampreview
|c|☆Quag88er|gl hf
|c|☆predator145|u2
|
|start
|switch|p1a: Noivern|Noivern, M|100/100
|switch|p2a: Espeon|Espeon, F|100/100
|turn|1
|
|switch|p2a: Copperajah|Copperajah, F|100/100
|move|p1a: Noivern|U-turn|p2a: Copperajah
|-resisted|p2a: Copperajah
|-damage|p2a: Copperajah|94/100
|
|switch|p1a: Sirfetch'd|Sirfetch'd, F|100/100|[from]move: U-turn
|
|-heal|p2a: Copperajah|100/100|[from] item: Leftovers
|upkeep
|turn|2
|
|switch|p1a: Boltund|Boltund, F|100/100
|switch|p2a: Espeon|Espeon, F|100/100
|
|upkeep
|turn|3
|
|move|p1a: Boltund|Thunder Fang|p2a: Espeon
|-damage|p2a: Espeon|10/100
|-damage|p1a: Boltund|91/100|[from] item: Life Orb
|move|p2a: Espeon|Reflect|p2a: Espeon
|-sidestart|p2: Quag88er|Reflect
|
|upkeep
|turn|4
|
|move|p1a: Boltund|Thunder Fang|p2a: Espeon
|-damage|p2a: Espeon|0 fnt
|-damage|p1a: Boltund|81/100|[from] item: Life Orb
|faint|p2a: Espeon
|
|upkeep
|
|switch|p2a: Obstagoon|Obstagoon, M|100/100
|turn|5
|
|move|p2a: Obstagoon|Obstruct|p2a: Obstagoon
|-singleturn|p2a: Obstagoon|Protect
|move|p1a: Boltund|Volt Switch|p2a: Obstagoon
|-activate|p2a: Obstagoon|move: Protect
|
|-status|p2a: Obstagoon|brn|[from] item: Flame Orb
|upkeep
|turn|6
|
|move|p1a: Boltund|Volt Switch|p2a: Obstagoon
|-damage|p2a: Obstagoon|66/100 brn
|-damage|p1a: Boltund|71/100|[from] item: Life Orb
|
|switch|p1a: Rhyperior|Rhyperior, M|100/100|[from]move: Volt Switch
|move|p2a: Obstagoon|Knock Off|p1a: Rhyperior
|-damage|p1a: Rhyperior|62/100
|-enditem|p1a: Rhyperior|Leftovers|[from] move: Knock Off|[of] p2a: Obstagoon
|
|-damage|p2a: Obstagoon|60/100 brn|[from] brn
|upkeep
|turn|7
|
|move|p2a: Obstagoon|Close Combat|p1a: Rhyperior
|-supereffective|p1a: Rhyperior
|-damage|p1a: Rhyperior|17/100
|-unboost|p2a: Obstagoon|def|1
|-unboost|p2a: Obstagoon|spd|1
|move|p1a: Rhyperior|Earthquake|p2a: Obstagoon
|-damage|p2a: Obstagoon|18/100 brn
|
|-damage|p2a: Obstagoon|12/100 brn|[from] brn
|upkeep
|turn|8
|
|move|p2a: Obstagoon|Knock Off|p1a: Rhyperior
|-damage|p1a: Rhyperior|0 fnt
|faint|p1a: Rhyperior
|
|-damage|p2a: Obstagoon|6/100 brn|[from] brn
|upkeep
|
|switch|p1a: Inteleon|Inteleon, M|100/100
|turn|9
|inactive|Battle timer is ON: inactive players will automatically lose when time's up. (requested by predator145)
|
|move|p1a: Inteleon|U-turn|p2a: Obstagoon
|-supereffective|p2a: Obstagoon
|-damage|p2a: Obstagoon|0 fnt
|faint|p2a: Obstagoon
|
|switch|p1a: Boltund|Boltund, F|71/100|[from]move: U-turn
|
|upkeep
|inactive|Quag88er has 120 seconds left.
|inactive|Quag88er has 90 seconds left.
|
|switch|p2a: Copperajah|Copperajah, F|100/100
|turn|10
|
|move|p1a: Boltund|Volt Switch|p2a: Copperajah
|-damage|p2a: Copperajah|71/100
|-damage|p1a: Boltund|62/100|[from] item: Life Orb
|
|switch|p1a: Sirfetch'd|Sirfetch'd, F|100/100|[from]move: Volt Switch
|move|p2a: Copperajah|Heat Crash|p1a: Sirfetch'd
|-damage|p1a: Sirfetch'd|42/100
|
|-heal|p2a: Copperajah|78/100|[from] item: Leftovers
|-sideend|p2: Quag88er|Reflect
|upkeep
|turn|11
|
|switch|p2a: Weezing|Weezing-Galar, F|100/100
|-ability|p2a: Weezing|Neutralizing Gas
|move|p1a: Sirfetch'd|Knock Off|p2a: Weezing
|-resisted|p2a: Weezing
|-damage|p2a: Weezing|80/100
|-enditem|p2a: Weezing|Black Sludge|[from] move: Knock Off|[of] p1a: Sirfetch'd
|
|upkeep
|turn|12
|inactive|predator145 has 120 seconds left.
|
|move|p1a: Sirfetch'd|Knock Off|p2a: Weezing
|-resisted|p2a: Weezing
|-damage|p2a: Weezing|69/100
|move|p2a: Weezing|Strange Steam|p1a: Sirfetch'd
|-supereffective|p1a: Sirfetch'd
|-crit|p1a: Sirfetch'd
|-damage|p1a: Sirfetch'd|0 fnt
|faint|p1a: Sirfetch'd
|
|upkeep
|inactive|predator145 has 90 seconds left.
|
|switch|p1a: Inteleon|Inteleon, M|100/100
|turn|13
|inactive|Quag88er has 60 seconds left.
|
|move|p1a: Inteleon|U-turn|p2a: Weezing
|-resisted|p2a: Weezing
|-damage|p2a: Weezing|67/100
|
|switch|p1a: Noivern|Noivern, M|100/100|[from]move: U-turn
|move|p2a: Weezing|Pain Split|p1a: Noivern
|-sethp|p1a: Noivern|80/100|[from] move: Pain Split|[silent]
|-sethp|p2a: Weezing|90/100|[from] move: Pain Split
|
|upkeep
|turn|14
|
|move|p1a: Noivern|Air Slash|p2a: Weezing
|-damage|p2a: Weezing|60/100
|move|p2a: Weezing|Strange Steam|p1a: Noivern
|-supereffective|p1a: Noivern
|-damage|p1a: Noivern|18/100
|
|upkeep
|turn|15
|
|move|p1a: Noivern|Air Slash|p2a: Weezing
|-damage|p2a: Weezing|28/100
|cant|p2a: Weezing|flinch
|
|upkeep
|turn|16
|
|move|p1a: Noivern|Air Slash|p2a: Weezing
|-damage|p2a: Weezing|0 fnt
|faint|p2a: Weezing
|
|upkeep
|
|switch|p2a: Copperajah|Copperajah, F|78/100
|turn|17
|inactive|predator145 has 120 seconds left.
|
|move|p1a: Noivern|Air Slash|p2a: Copperajah
|-resisted|p2a: Copperajah
|-damage|p2a: Copperajah|66/100
|move|p2a: Copperajah|Stealth Rock|p1a: Noivern
|-sidestart|p1: predator145|move: Stealth Rock
|
|-heal|p2a: Copperajah|72/100|[from] item: Leftovers
|upkeep
|turn|18
|inactive|predator145 has 120 seconds left.
|
|move|p1a: Noivern|Defog|p2a: Copperajah
|-unboost|p2a: Copperajah|evasion|1
|-sideend|p1: predator145|Stealth Rock|[from] move: Defog|[of] p1a: Noivern
|move|p2a: Copperajah|Heavy Slam|p1a: Noivern
|-damage|p1a: Noivern|0 fnt
|faint|p1a: Noivern
|
|-heal|p2a: Copperajah|78/100|[from] item: Leftovers
|upkeep
|inactive|predator145 has 120 seconds left.
|inactive|predator145 has 90 seconds left.
|
|switch|p1a: Inteleon|Inteleon, M|100/100
|turn|19
|inactive|Quag88er has 90 seconds left.
|
|move|p1a: Inteleon|Surf|p2a: Copperajah
|-damage|p2a: Copperajah|28/100
|move|p2a: Copperajah|Earthquake|p1a: Inteleon
|-damage|p1a: Inteleon|32/100
|
|-heal|p2a: Copperajah|34/100|[from] item: Leftovers
|upkeep
|turn|20
|
|move|p1a: Inteleon|Surf|p2a: Copperajah
|-damage|p2a: Copperajah|0 fnt
|faint|p2a: Copperajah
|
|upkeep
|inactive|Quag88er has 90 seconds left.
|inactive|Quag88er has 60 seconds left.
|
|switch|p2a: Kommo-o|Kommo-o, M|100/100
|turn|21
|inactive|predator145 has 90 seconds left.
|
|switch|p1a: Escavalier|Escavalier, F|100/100
|move|p2a: Kommo-o|Clangorous Soul|p2a: Kommo-o
|-boost|p2a: Kommo-o|atk|1
|-boost|p2a: Kommo-o|def|1
|-boost|p2a: Kommo-o|spa|1
|-boost|p2a: Kommo-o|spd|1
|-boost|p2a: Kommo-o|spe|1
|-damage|p2a: Kommo-o|67/100
|-enditem|p2a: Kommo-o|Throat Spray
|-boost|p2a: Kommo-o|spa|1
|
|upkeep
|turn|22
|
|move|p2a: Kommo-o|Flamethrower|p1a: Escavalier
|-supereffective|p1a: Escavalier
|-damage|p1a: Escavalier|0 fnt
|faint|p1a: Escavalier
|
|upkeep
|
|switch|p1a: Inteleon|Inteleon, M|32/100
|turn|23
|inactive|Quag88er has 60 seconds left.
|inactive|Quag88er has 30 seconds left.
|inactive|Quag88er has 20 seconds left.
|
|move|p1a: Inteleon|Ice Beam|p2a: Kommo-o
|-supereffective|p2a: Kommo-o
|-crit|p2a: Kommo-o
|-damage|p2a: Kommo-o|0 fnt
|faint|p2a: Kommo-o
|
|upkeep
|inactive|Quag88er has 25 seconds left this turn.
|c|☆Quag88er|wait
|c|☆Quag88er|crit
|inactive|Quag88er has 20 seconds left.
|c|☆predator145|sry
|c|☆Quag88er|:(
|
|switch|p2a: Frosmoth|Frosmoth, M|100/100
|turn|24
|inactive|Quag88er has 30 seconds left this turn.
|inactive|predator145 has 60 seconds left.
|
|switch|p1a: Boltund|Boltund, F|62/100
|move|p2a: Frosmoth|Quiver Dance|p2a: Frosmoth
|-boost|p2a: Frosmoth|spa|1
|-boost|p2a: Frosmoth|spd|1
|-boost|p2a: Frosmoth|spe|1
|
|upkeep
|turn|25
|c|☆Quag88er|yeah wouldn't have been anywhere near a kill without crit rip
|inactive|Quag88er has 30 seconds left.
|c|☆predator145|you still win
|c|☆predator145|you outspeed by 1 pont
|inactive|Quag88er has 20 seconds left.
|inactive|Quag88er has 15 seconds left.
|
|move|p2a: Frosmoth|Bug Buzz|p1a: Boltund
|-damage|p1a: Boltund|0 fnt
|faint|p1a: Boltund
|
|upkeep
|inactive|Quag88er has 20 seconds left this turn.
|c|☆Quag88er|yeh
|c|☆Quag88er|damn
|c|☆predator145|gg
|c|☆Quag88er|gg
|-message|predator145 forfeited.
|
|win|Quag88er
|inactive|Quag88er has 25 seconds left this turn.
|l|☆predator145
|raw|predator145's rating: 1416 &rarr; <strong>1390</strong><br />(-26 for losing)
|raw|Quag88er's rating: 1307 &rarr; <strong>1333</strong><br />(+26 for winning)
