|j|☆Drasfer06
|j|☆UUBF5 detour
|t:|1617540714
|gametype|singles
|player|p1|Drasfer06|shadowtriad|1513
|player|p2|UUBF5 detour|maid-gen4|1470
|teamsize|p1|6
|teamsize|p2|6
|gen|8
|tier|[Gen 8] UU
|rated|
|clearpoke
|poke|p1|Polteageist-Antique|
|poke|p1|Noivern, M|
|poke|p1|Celesteela|
|poke|p1|Indeedee, M|
|poke|p1|Cloyster, M|
|poke|p1|Nihilego|
|poke|p2|Weezing-Galar, M|
|poke|p2|Pyukumuku, F|
|poke|p2|Chansey, F|
|poke|p2|Mew|
|poke|p2|Salamence, M|
|poke|p2|Amoonguss, F|
|rule|Sleep Clause Mod: Limit one foe put to sleep
|rule|Species Clause: Limit one of each Pokémon
|rule|OHKO Clause: OHKO moves are banned
|rule|Evasion Moves Clause: Evasion moves are banned
|rule|Endless Battle Clause: Forcing endless battles is banned
|rule|HP Percentage Mod: HP is shown in percentages
|rule|Dynamax Clause: You cannot dynamax
|teampreview
|inactive|Battle timer is ON: inactive players will automatically lose when time's up. (requested by Drasfer06)
|c|☆Drasfer06|Otarvez you gais Stall
|c|☆Drasfer06|Team team team
|
|t:|1617540742
|start
|switch|p1a: Ultra Dracovid|Noivern, M|100/100
|switch|p2a: Chansey|Chansey, F|100/100
|-item|p2a: Chansey|Eviolite|[from] ability: Frisk|[of] p1a: Ultra Dracovid|[identify]
|turn|1
|c|☆Drasfer06|Stall stall tslal
|
|t:|1617540755
|switch|p2a: Amoonguss|Amoonguss, F|100/100
|move|p1a: Ultra Dracovid|Switcheroo|p2a: Amoonguss
|-activate|p1a: Ultra Dracovid|move: Trick|[of] p2a: Amoonguss
|-item|p2a: Amoonguss|Choice Specs|[from] move: Switcheroo
|-item|p1a: Ultra Dracovid|Heavy-Duty Boots|[from] move: Switcheroo
|
|upkeep
|turn|2
|
|t:|1617540762
|switch|p2a: Chansey|Chansey, F|100/100
|move|p1a: Ultra Dracovid|Taunt|p2a: Chansey
|-start|p2a: Chansey|move: Taunt
|
|upkeep
|turn|3
|
|t:|1617540773
|switch|p2a: Mew|Mew|100/100
|move|p1a: Ultra Dracovid|Switcheroo|p2a: Mew
|-activate|p1a: Ultra Dracovid|move: Trick|[of] p2a: Mew
|-item|p2a: Mew|Heavy-Duty Boots|[from] move: Switcheroo
|-item|p1a: Ultra Dracovid|Leftovers|[from] move: Switcheroo
|
|upkeep
|turn|4
|
|t:|1617540780
|move|p1a: Ultra Dracovid|Taunt|p2a: Mew
|-start|p2a: Mew|move: Taunt
|cant|p2a: Mew|move: Taunt|Spikes
|
|upkeep
|turn|5
|
|t:|1617540785
|move|p1a: Ultra Dracovid|Boomburst|p2a: Mew
|-damage|p2a: Mew|68/100
|move|p2a: Mew|Knock Off|p1a: Ultra Dracovid
|-damage|p1a: Ultra Dracovid|75/100
|-enditem|p1a: Ultra Dracovid|Leftovers|[from] move: Knock Off|[of] p2a: Mew
|
|upkeep
|turn|6
|
|t:|1617540799
|switch|p2a: Chansey|Chansey, F|100/100
|move|p1a: Ultra Dracovid|Boomburst|p2a: Chansey
|-damage|p2a: Chansey|89/100
|
|upkeep
|turn|7
|
|t:|1617540806
|move|p1a: Ultra Dracovid|Taunt|p2a: Chansey
|-start|p2a: Chansey|move: Taunt
|cant|p2a: Chansey|move: Taunt|Stealth Rock
|
|upkeep
|turn|8
|
|t:|1617540812
|move|p1a: Ultra Dracovid|Switcheroo|p2a: Chansey
|-activate|p1a: Ultra Dracovid|move: Trick|[of] p2a: Chansey
|-enditem|p2a: Chansey|Eviolite|[silent]|[from] move: Switcheroo
|-item|p1a: Ultra Dracovid|Eviolite|[from] move: Switcheroo
|move|p2a: Chansey|Seismic Toss|p1a: Ultra Dracovid
|-damage|p1a: Ultra Dracovid|46/100
|
|upkeep
|turn|9
|
|t:|1617540819
|switch|p1a: Teadeath|Polteageist-Antique|100/100
|move|p2a: Chansey|Seismic Toss|p1a: Teadeath
|-immune|p1a: Teadeath
|
|-end|p2a: Chansey|move: Taunt
|upkeep
|turn|10
|
|t:|1617540834
|switch|p2a: Pyukumuku|Pyukumuku, F|100/100
|move|p1a: Teadeath|Shell Smash|p1a: Teadeath
|-unboost|p1a: Teadeath|def|1
|-unboost|p1a: Teadeath|spd|1
|-boost|p1a: Teadeath|atk|2
|-boost|p1a: Teadeath|spa|2
|-boost|p1a: Teadeath|spe|2
|
|upkeep
|turn|11
|
|t:|1617540843
|move|p1a: Teadeath|Shadow Ball|p2a: Pyukumuku
|-damage|p2a: Pyukumuku|62/100
|move|p2a: Pyukumuku|Toxic|p1a: Teadeath
|-status|p1a: Teadeath|tox
|
|-damage|p1a: Teadeath|94/100 tox|[from] psn
|upkeep
|turn|12
|
|t:|1617540852
|switch|p1a: Lylian|Nihilego, shiny|100/100
|move|p2a: Pyukumuku|Recover|p2a: Pyukumuku
|-heal|p2a: Pyukumuku|100/100
|
|upkeep
|turn|13
|
|t:|1617540866
|move|p1a: Lylian|Sludge Wave|p2a: Pyukumuku
|-damage|p2a: Pyukumuku|49/100
|-damage|p1a: Lylian|91/100|[from] item: Life Orb
|move|p2a: Pyukumuku|Soak|p1a: Lylian
|-start|p1a: Lylian|typechange|Water
|
|upkeep
|turn|14
|
|t:|1617540874
|move|p1a: Lylian|Sludge Wave|p2a: Pyukumuku
|-damage|p2a: Pyukumuku|15/100
|-damage|p1a: Lylian|81/100|[from] item: Life Orb
|move|p2a: Pyukumuku|Recover|p2a: Pyukumuku
|-heal|p2a: Pyukumuku|65/100
|
|upkeep
|turn|15
|
|t:|1617540882
|switch|p1a: Ironwoman|Celesteela, shiny|100/100
|move|p2a: Pyukumuku|Recover|p2a: Pyukumuku
|-heal|p2a: Pyukumuku|100/100
|
|upkeep
|turn|16
|
|t:|1617540889
|move|p1a: Ironwoman|Giga Drain|p2a: Pyukumuku
|-supereffective|p2a: Pyukumuku
|-damage|p2a: Pyukumuku|60/100
|move|p2a: Pyukumuku|Soak|p1a: Ironwoman
|-start|p1a: Ironwoman|typechange|Water
|
|upkeep
|turn|17
|
|t:|1617540898
|switch|p1a: Lylian|Nihilego, shiny|81/100
|move|p2a: Pyukumuku|Recover|p2a: Pyukumuku
|-heal|p2a: Pyukumuku|100/100
|
|upkeep
|turn|18
|
|t:|1617540906
|switch|p2a: Chansey|Chansey, F|89/100
|move|p1a: Lylian|Sludge Wave|p2a: Chansey
|-damage|p2a: Chansey|60/100
|-damage|p1a: Lylian|71/100|[from] item: Life Orb
|
|upkeep
|turn|19
|
|t:|1617540914
|switch|p1a: Ultra Dracovid|Noivern, M|46/100
|move|p2a: Chansey|Soft-Boiled|p2a: Chansey
|-heal|p2a: Chansey|100/100
|
|upkeep
|turn|20
|
|t:|1617540920
|move|p1a: Ultra Dracovid|Taunt|p2a: Chansey
|-start|p2a: Chansey|move: Taunt
|move|p2a: Chansey|Seismic Toss|p1a: Ultra Dracovid
|-damage|p1a: Ultra Dracovid|17/100
|
|upkeep
|turn|21
|
|t:|1617540930
|switch|p1a: Teadeath|Polteageist-Antique|94/100 tox
|move|p2a: Chansey|Seismic Toss|p1a: Teadeath
|-immune|p1a: Teadeath
|
|-damage|p1a: Teadeath|88/100 tox|[from] psn
|upkeep
|turn|22
|
|t:|1617540944
|switch|p1a: Mr pendejin|Indeedee, M, shiny|100/100
|-fieldstart|move: Psychic Terrain|[from] ability: Psychic Surge|[of] p1a: Mr pendejin
|switch|p2a: Pyukumuku|Pyukumuku, F|100/100
|
|upkeep
|turn|23
|
|t:|1617540951
|switch|p2a: Chansey|Chansey, F|100/100
|move|p1a: Mr pendejin|Trick|p2a: Chansey
|-activate|p1a: Mr pendejin|move: Trick|[of] p2a: Chansey
|-item|p2a: Chansey|Choice Scarf|[from] move: Trick
|-enditem|p1a: Mr pendejin|Choice Scarf|[silent]|[from] move: Trick
|
|upkeep
|turn|24
|
|t:|1617540960
|switch|p1a: Ultra Dracovid|Noivern, M|17/100
|-item|p2a: Chansey|Choice Scarf|[from] ability: Frisk|[of] p1a: Ultra Dracovid|[identify]
|switch|p2a: Mew|Mew|68/100
|
|upkeep
|turn|25
|
|t:|1617540970
|move|p1a: Ultra Dracovid|Boomburst|p2a: Mew
|-damage|p2a: Mew|35/100
|move|p2a: Mew|Knock Off|p1a: Ultra Dracovid
|-damage|p1a: Ultra Dracovid|0 fnt
|-enditem|p1a: Ultra Dracovid|Eviolite|[from] move: Knock Off|[of] p2a: Mew
|faint|p1a: Ultra Dracovid
|
|upkeep
|
|t:|1617540981
|switch|p1a: Lylian|Nihilego, shiny|71/100
|turn|26
|
|t:|1617540985
|switch|p2a: Chansey|Chansey, F|100/100
|move|p1a: Lylian|Sludge Wave|p2a: Chansey
|-damage|p2a: Chansey|72/100
|-damage|p1a: Lylian|62/100|[from] item: Life Orb
|
|-fieldend|move: Psychic Terrain
|upkeep
|turn|27
|
|t:|1617540994
|move|p1a: Lylian|Toxic Spikes|p2a: Chansey
|-sidestart|p2: UUBF5 detour|move: Toxic Spikes
|move|p2a: Chansey|Soft-Boiled|p2a: Chansey
|-heal|p2a: Chansey|100/100
|
|upkeep
|turn|28
|
|t:|1617541006
|switch|p1a: Mr pendejin|Indeedee, M, shiny|100/100
|-fieldstart|move: Psychic Terrain|[from] ability: Psychic Surge|[of] p1a: Mr pendejin
|move|p2a: Chansey|Soft-Boiled||[still]
|-fail|p2a: Chansey|heal
|
|upkeep
|turn|29
|
|t:|1617541018
|switch|p2a: Salamence|Salamence, M|100/100
|-ability|p2a: Salamence|Intimidate|boost
|-unboost|p1a: Mr pendejin|atk|1
|move|p1a: Mr pendejin|Expanding Force|p2a: Salamence
|-damage|p2a: Salamence|24/100
|
|upkeep
|turn|30
|
|t:|1617541026
|move|p1a: Mr pendejin|Expanding Force|p2a: Salamence
|-damage|p2a: Salamence|0 fnt
|faint|p2a: Salamence
|
|upkeep
|
|t:|1617541029
|switch|p2a: Amoonguss|Amoonguss, F|100/100
|-sideend|p2: UUBF5 detour|move: Toxic Spikes|[of] p2a: Amoonguss
|turn|31
|
|t:|1617541033
|switch|p2a: Chansey|Chansey, F|100/100
|move|p1a: Mr pendejin|Expanding Force|p2a: Chansey
|-damage|p2a: Chansey|62/100
|
|upkeep
|turn|32
|
|t:|1617541040
|move|p1a: Mr pendejin|Expanding Force|p2a: Chansey
|-damage|p2a: Chansey|28/100
|move|p2a: Chansey|Soft-Boiled|p2a: Chansey
|-heal|p2a: Chansey|78/100
|
|-fieldend|move: Psychic Terrain
|upkeep
|turn|33
|
|t:|1617541057
|switch|p1a: Lylian|Nihilego, shiny|62/100
|switch|p2a: Amoonguss|Amoonguss, F|100/100
|
|upkeep
|turn|34
|
|t:|1617541068
|move|p1a: Lylian|Toxic Spikes|p2a: Amoonguss
|-sidestart|p2: UUBF5 detour|move: Toxic Spikes
|move|p2a: Amoonguss|Giga Drain|p1a: Lylian
|-damage|p1a: Lylian|37/100
|
|upkeep
|turn|35
|
|t:|1617541080
|move|p1a: Lylian|Sludge Wave|p2a: Amoonguss
|-damage|p2a: Amoonguss|42/100
|-damage|p1a: Lylian|28/100|[from] item: Life Orb
|move|p2a: Amoonguss|Giga Drain|p1a: Lylian
|-damage|p1a: Lylian|0 fnt
|-heal|p2a: Amoonguss|54/100|[from] drain|[of] p1a: Lylian
|faint|p1a: Lylian
|
|upkeep
|
|t:|1617541090
|switch|p1a: Mr pendejin|Indeedee, M, shiny|100/100
|-fieldstart|move: Psychic Terrain|[from] ability: Psychic Surge|[of] p1a: Mr pendejin
|turn|36
|inactive|UUBF5 detour has 120 seconds left.
|
|t:|1617541121
|move|p1a: Mr pendejin|Expanding Force|p2a: Amoonguss
|-supereffective|p2a: Amoonguss
|-damage|p2a: Amoonguss|0 fnt
|faint|p2a: Amoonguss
|
|upkeep
|c|☆Drasfer06|GG Stall
|
|t:|1617541123
|switch|p2a: Mew|Mew|35/100
|turn|37
|
|t:|1617541136
|move|p2a: Mew|Soft-Boiled|p2a: Mew
|-heal|p2a: Mew|85/100
|move|p1a: Mr pendejin|Tri Attack|p2a: Mew
|-damage|p2a: Mew|49/100
|
|upkeep
|turn|38
|
|t:|1617541145
|move|p2a: Mew|Soft-Boiled|p2a: Mew
|-heal|p2a: Mew|99/100
|move|p1a: Mr pendejin|Tri Attack|p2a: Mew
|-damage|p2a: Mew|66/100
|-status|p2a: Mew|brn
|-activate|p2a: Mew|ability: Synchronize
|-status|p1a: Mr pendejin|brn
|
|-damage|p2a: Mew|60/100 brn|[from] brn
|-damage|p1a: Mr pendejin|94/100 brn|[from] brn
|upkeep
|turn|39
|
|t:|1617541175
|move|p2a: Mew|Soft-Boiled|p2a: Mew
|-heal|p2a: Mew|100/100 brn
|move|p1a: Mr pendejin|Tri Attack|p2a: Mew
|-damage|p2a: Mew|66/100 brn
|
|-damage|p2a: Mew|60/100 brn|[from] brn
|-damage|p1a: Mr pendejin|88/100 brn|[from] brn
|upkeep
|turn|40
|
|t:|1617541184
|switch|p1a: You like dick|Cloyster, M, shiny|100/100
|move|p2a: Mew|Soft-Boiled|p2a: Mew
|-heal|p2a: Mew|100/100 brn
|
|-damage|p2a: Mew|94/100 brn|[from] brn
|-fieldend|move: Psychic Terrain
|upkeep
|turn|41
|
|t:|1617541193
|move|p2a: Mew|Will-O-Wisp|p1a: You like dick
|-status|p1a: You like dick|brn
|move|p1a: You like dick|Shell Smash|p1a: You like dick
|-unboost|p1a: You like dick|def|1
|-unboost|p1a: You like dick|spd|1
|-boost|p1a: You like dick|atk|2
|-boost|p1a: You like dick|spa|2
|-boost|p1a: You like dick|spe|2
|
|-damage|p1a: You like dick|94/100 brn|[from] brn
|-damage|p2a: Mew|88/100 brn|[from] brn
|upkeep
|turn|42
|
|t:|1617541204
|switch|p2a: Pyukumuku|Pyukumuku, F|100/100
|move|p1a: You like dick|Surf|p2a: Pyukumuku
|-resisted|p2a: Pyukumuku
|-damage|p2a: Pyukumuku|89/100
|
|-damage|p1a: You like dick|88/100 brn|[from] brn
|upkeep
|turn|43
|
|t:|1617541214
|switch|p1a: Mr pendejin|Indeedee, M, shiny|88/100 brn
|-fieldstart|move: Psychic Terrain|[from] ability: Psychic Surge|[of] p1a: Mr pendejin
|move|p2a: Pyukumuku|Soak|p1a: Mr pendejin
|-start|p1a: Mr pendejin|typechange|Water
|
|-damage|p1a: Mr pendejin|82/100 brn|[from] brn
|upkeep
|turn|44
|
|t:|1617541224
|switch|p2a: Mew|Mew|88/100 brn
|move|p1a: Mr pendejin|Tri Attack|p2a: Mew
|-damage|p2a: Mew|67/100 brn
|
|-damage|p2a: Mew|61/100 brn|[from] brn
|-damage|p1a: Mr pendejin|76/100 brn|[from] brn
|upkeep
|turn|45
|
|t:|1617541239
|switch|p1a: Ironwoman|Celesteela, shiny|100/100
|move|p2a: Mew|Soft-Boiled|p2a: Mew
|-heal|p2a: Mew|100/100 brn
|
|-damage|p2a: Mew|94/100 brn|[from] brn
|upkeep
|turn|46
|
|t:|1617541247
|move|p2a: Mew|Knock Off|p1a: Ironwoman
|-damage|p1a: Ironwoman|92/100
|-enditem|p1a: Ironwoman|Leftovers|[from] move: Knock Off|[of] p2a: Mew
|move|p1a: Ironwoman|Autotomize|p1a: Ironwoman
|-boost|p1a: Ironwoman|spe|2
|-start|p1a: Ironwoman|Autotomize
|
|-damage|p2a: Mew|88/100 brn|[from] brn
|upkeep
|turn|47
|
|t:|1617541258
|switch|p2a: Weezing|Weezing-Galar, M|100/100
|-sideend|p2: UUBF5 detour|move: Toxic Spikes|[of] p2a: Weezing
|-fieldstart|move: Misty Terrain|[from] ability: Misty Surge|[of] p2a: Weezing
|move|p1a: Ironwoman|Air Slash|p2a: Weezing
|-damage|p2a: Weezing|43/100
|
|upkeep
|turn|48
|
|t:|1617541268
|move|p2a: Weezing|Endure|p2a: Weezing
|-singleturn|p2a: Weezing|move: Endure
|move|p1a: Ironwoman|Air Slash|p2a: Weezing
|-activate|p2a: Weezing|move: Endure
|-damage|p2a: Weezing|1/100
|
|upkeep
|turn|49
|-enditem|p2a: Weezing|Custap Berry|[eat]
|-activate|p2a: Weezing|item: Custap Berry|[consumed]
|
|t:|1617541276
|move|p2a: Weezing|Explosion|p1a: Ironwoman
|-resisted|p1a: Ironwoman
|-damage|p1a: Ironwoman|64/100
|faint|p2a: Weezing
|move|p1a: Ironwoman|Flamethrower|p2: Weezing|[notarget]
|-fail|p1a: Ironwoman
|
|upkeep
|
|t:|1617541288
|switch|p2a: Chansey|Chansey, F|78/100
|turn|50
|
|t:|1617541296
|switch|p1a: Teadeath|Polteageist-Antique|88/100 tox
|move|p2a: Chansey|Seismic Toss|p1a: Teadeath
|-immune|p1a: Teadeath
|
|-damage|p1a: Teadeath|82/100 tox|[from] psn
|upkeep
|turn|51
|
|t:|1617541305
|switch|p2a: Pyukumuku|Pyukumuku, F|89/100
|move|p1a: Teadeath|Shadow Ball|p2a: Pyukumuku
|-damage|p2a: Pyukumuku|45/100
|
|-damage|p1a: Teadeath|70/100 tox|[from] psn
|-fieldend|Misty Terrain
|upkeep
|turn|52
|
|t:|1617541314
|move|p1a: Teadeath|Shadow Ball|p2a: Pyukumuku
|-damage|p2a: Pyukumuku|7/100
|move|p2a: Pyukumuku|Recover|p2a: Pyukumuku
|-heal|p2a: Pyukumuku|57/100
|
|-damage|p1a: Teadeath|51/100 tox|[from] psn
|upkeep
|turn|53
|
|t:|1617541324
|switch|p1a: Mr pendejin|Indeedee, M, shiny|76/100 brn
|-fieldstart|move: Psychic Terrain|[from] ability: Psychic Surge|[of] p1a: Mr pendejin
|move|p2a: Pyukumuku|Recover|p2a: Pyukumuku
|-heal|p2a: Pyukumuku|100/100
|
|-damage|p1a: Mr pendejin|70/100 brn|[from] brn
|upkeep
|turn|54
|c|☆Drasfer06|Puto castrosmo stakal
|
|t:|1617541334
|switch|p2a: Mew|Mew|88/100 brn
|move|p1a: Mr pendejin|Expanding Force|p2a: Mew
|-resisted|p2a: Mew
|-damage|p2a: Mew|58/100 brn
|
|-damage|p2a: Mew|52/100 brn|[from] brn
|-damage|p1a: Mr pendejin|64/100 brn|[from] brn
|upkeep
|turn|55
|
|t:|1617541356
|switch|p1a: You like dick|Cloyster, M, shiny|88/100 brn
|move|p2a: Mew|Soft-Boiled|p2a: Mew
|-heal|p2a: Mew|100/100 brn
|
|-damage|p2a: Mew|94/100 brn|[from] brn
|-damage|p1a: You like dick|82/100 brn|[from] brn
|upkeep
|turn|56
|
|t:|1617541367
|move|p2a: Mew|Spikes|p1a: You like dick
|-sidestart|p1: Drasfer06|Spikes
|move|p1a: You like dick|Shell Smash|p1a: You like dick
|-unboost|p1a: You like dick|def|1
|-unboost|p1a: You like dick|spd|1
|-boost|p1a: You like dick|atk|2
|-boost|p1a: You like dick|spa|2
|-boost|p1a: You like dick|spe|2
|
|-damage|p1a: You like dick|76/100 brn|[from] brn
|-damage|p2a: Mew|88/100 brn|[from] brn
|upkeep
|turn|57
|
|t:|1617541378
|switch|p2a: Pyukumuku|Pyukumuku, F|100/100
|move|p1a: You like dick|Pin Missile|p2a: Pyukumuku
|-damage|p2a: Pyukumuku|99/100
|-damage|p2a: Pyukumuku|96/100
|-damage|p2a: Pyukumuku|94/100
|-damage|p2a: Pyukumuku|92/100
|-damage|p2a: Pyukumuku|90/100
|-hitcount|p2a: Pyukumuku|5
|
|-damage|p1a: You like dick|69/100 brn|[from] brn
|-fieldend|move: Psychic Terrain
|upkeep
|turn|58
|
|t:|1617541392
|move|p1a: You like dick|Surf|p2a: Pyukumuku
|-resisted|p2a: Pyukumuku
|-damage|p2a: Pyukumuku|78/100
|move|p2a: Pyukumuku|Soak|p1a: You like dick
|-start|p1a: You like dick|typechange|Water
|
|-damage|p1a: You like dick|63/100 brn|[from] brn
|upkeep
|turn|59
|
|t:|1617541400
|move|p1a: You like dick|Surf|p2a: Pyukumuku
|-resisted|p2a: Pyukumuku
|-damage|p2a: Pyukumuku|67/100
|move|p2a: Pyukumuku|Recover|p2a: Pyukumuku
|-heal|p2a: Pyukumuku|100/100
|
|-damage|p1a: You like dick|57/100 brn|[from] brn
|upkeep
|turn|60
|
|t:|1617541409
|move|p1a: You like dick|Surf|p2a: Pyukumuku
|-resisted|p2a: Pyukumuku
|-damage|p2a: Pyukumuku|89/100
|move|p2a: Pyukumuku|Soak|p1a: You like dick
|-fail|p1a: You like dick
|
|-damage|p1a: You like dick|51/100 brn|[from] brn
|upkeep
|turn|61
|
|t:|1617541419
|move|p1a: You like dick|Surf|p2a: Pyukumuku
|-resisted|p2a: Pyukumuku
|-damage|p2a: Pyukumuku|77/100
|move|p2a: Pyukumuku|Soak|p1a: You like dick
|-fail|p1a: You like dick
|
|-damage|p1a: You like dick|44/100 brn|[from] brn
|upkeep
|turn|62
|
|t:|1617541428
|move|p1a: You like dick|Surf|p2a: Pyukumuku
|-resisted|p2a: Pyukumuku
|-damage|p2a: Pyukumuku|67/100
|move|p2a: Pyukumuku|Recover|p2a: Pyukumuku
|-heal|p2a: Pyukumuku|100/100
|
|-damage|p1a: You like dick|38/100 brn|[from] brn
|upkeep
|turn|63
|
|t:|1617541437
|move|p1a: You like dick|Surf|p2a: Pyukumuku
|-resisted|p2a: Pyukumuku
|-damage|p2a: Pyukumuku|89/100
|move|p2a: Pyukumuku|Soak|p1a: You like dick
|-fail|p1a: You like dick
|
|-damage|p1a: You like dick|32/100 brn|[from] brn
|upkeep
|turn|64
|
|t:|1617541446
|move|p1a: You like dick|Surf|p2a: Pyukumuku
|-resisted|p2a: Pyukumuku
|-damage|p2a: Pyukumuku|77/100
|move|p2a: Pyukumuku|Soak|p1a: You like dick
|-fail|p1a: You like dick
|
|-damage|p1a: You like dick|26/100 brn|[from] brn
|upkeep
|turn|65
|
|t:|1617541456
|move|p1a: You like dick|Surf|p2a: Pyukumuku
|-resisted|p2a: Pyukumuku
|-damage|p2a: Pyukumuku|65/100
|move|p2a: Pyukumuku|Recover|p2a: Pyukumuku
|-heal|p2a: Pyukumuku|100/100
|
|-damage|p1a: You like dick|20/100 brn|[from] brn
|upkeep
|turn|66
|
|t:|1617541465
|move|p1a: You like dick|Surf|p2a: Pyukumuku
|-resisted|p2a: Pyukumuku
|-damage|p2a: Pyukumuku|89/100
|move|p2a: Pyukumuku|Soak|p1a: You like dick
|-fail|p1a: You like dick
|
|-damage|p1a: You like dick|13/100 brn|[from] brn
|upkeep
|turn|67
|
|t:|1617541474
|move|p1a: You like dick|Surf|p2a: Pyukumuku
|-resisted|p2a: Pyukumuku
|-damage|p2a: Pyukumuku|77/100
|move|p2a: Pyukumuku|Soak|p1a: You like dick
|-fail|p1a: You like dick
|
|-damage|p1a: You like dick|7/100 brn|[from] brn
|upkeep
|turn|68
|
|t:|1617541483
|move|p1a: You like dick|Pin Missile|p2a: Pyukumuku
|-damage|p2a: Pyukumuku|74/100
|-damage|p2a: Pyukumuku|72/100
|-damage|p2a: Pyukumuku|70/100
|-damage|p2a: Pyukumuku|68/100
|-damage|p2a: Pyukumuku|66/100
|-hitcount|p2a: Pyukumuku|5
|move|p2a: Pyukumuku|Recover|p2a: Pyukumuku
|-heal|p2a: Pyukumuku|100/100
|
|-damage|p1a: You like dick|1/100 brn|[from] brn
|upkeep
|turn|69
|
|t:|1617541496
|move|p1a: You like dick|Surf|p2a: Pyukumuku
|-resisted|p2a: Pyukumuku
|-damage|p2a: Pyukumuku|89/100
|move|p2a: Pyukumuku|Recover|p2a: Pyukumuku
|-heal|p2a: Pyukumuku|100/100
|
|-damage|p1a: You like dick|0 fnt|[from] brn
|faint|p1a: You like dick
|upkeep
|
|t:|1617541507
|switch|p1a: Ironwoman|Celesteela, shiny|64/100
|turn|70
|
|t:|1617541515
|switch|p2a: Chansey|Chansey, F|78/100
|move|p1a: Ironwoman|Giga Drain|p2a: Chansey
|-damage|p2a: Chansey|68/100
|-heal|p1a: Ironwoman|74/100|[from] drain|[of] p2a: Chansey
|
|upkeep
|turn|71
|
|t:|1617541523
|switch|p1a: Teadeath|Polteageist-Antique|51/100 tox
|-damage|p1a: Teadeath|39/100 tox|[from] Spikes
|move|p2a: Chansey|Soft-Boiled|p2a: Chansey
|-heal|p2a: Chansey|100/100
|
|-damage|p1a: Teadeath|33/100 tox|[from] psn
|upkeep
|turn|72
|
|t:|1617541533
|switch|p1a: Mr pendejin|Indeedee, M, shiny|64/100 brn
|-damage|p1a: Mr pendejin|52/100 brn|[from] Spikes
|-fieldstart|move: Psychic Terrain|[from] ability: Psychic Surge|[of] p1a: Mr pendejin
|switch|p2a: Pyukumuku|Pyukumuku, F|100/100
|
|-damage|p1a: Mr pendejin|46/100 brn|[from] brn
|upkeep
|turn|73
|
|t:|1617541544
|switch|p2a: Mew|Mew|88/100 brn
|move|p1a: Mr pendejin|Expanding Force|p2a: Mew
|-resisted|p2a: Mew
|-damage|p2a: Mew|54/100 brn
|
|-damage|p2a: Mew|48/100 brn|[from] brn
|-damage|p1a: Mr pendejin|39/100 brn|[from] brn
|upkeep
|turn|74
|
|t:|1617541553
|move|p2a: Mew|Soft-Boiled|p2a: Mew
|-heal|p2a: Mew|98/100 brn
|move|p1a: Mr pendejin|Tri Attack|p2a: Mew
|-damage|p2a: Mew|66/100 brn
|
|-damage|p2a: Mew|60/100 brn|[from] brn
|-damage|p1a: Mr pendejin|33/100 brn|[from] brn
|upkeep
|turn|75
|
|t:|1617541581
|move|p2a: Mew|Soft-Boiled|p2a: Mew
|-heal|p2a: Mew|100/100 brn
|move|p1a: Mr pendejin|Tri Attack|p2a: Mew
|-damage|p2a: Mew|66/100 brn
|
|-damage|p2a: Mew|59/100 brn|[from] brn
|-damage|p1a: Mr pendejin|27/100 brn|[from] brn
|upkeep
|turn|76
|c|☆Drasfer06|Vamos Stall de shitt
|
|t:|1617541590
|move|p2a: Mew|Knock Off|p1a: Mr pendejin
|-supereffective|p1a: Mr pendejin
|-damage|p1a: Mr pendejin|0 fnt
|faint|p1a: Mr pendejin
|
|-damage|p2a: Mew|53/100 brn|[from] brn
|-fieldend|move: Psychic Terrain
|upkeep
|
|t:|1617541598
|switch|p1a: Ironwoman|Celesteela, shiny|74/100
|turn|77
|
|t:|1617541602
|switch|p2a: Chansey|Chansey, F|100/100
|move|p1a: Ironwoman|Air Slash|p2a: Chansey
|-damage|p2a: Chansey|84/100
|
|upkeep
|turn|78
|
|t:|1617541609
|switch|p1a: Teadeath|Polteageist-Antique|33/100 tox
|-damage|p1a: Teadeath|21/100 tox|[from] Spikes
|move|p2a: Chansey|Seismic Toss|p1a: Teadeath
|-immune|p1a: Teadeath
|
|-damage|p1a: Teadeath|15/100 tox|[from] psn
|upkeep
|turn|79
|
|t:|1617541621
|switch|p2a: Pyukumuku|Pyukumuku, F|100/100
|move|p1a: Teadeath|Psyshock|p2a: Pyukumuku
|-damage|p2a: Pyukumuku|78/100
|
|-damage|p1a: Teadeath|2/100 tox|[from] psn
|upkeep
|turn|80
|
|t:|1617541629
|move|p1a: Teadeath|Shadow Ball|p2a: Pyukumuku
|-damage|p2a: Pyukumuku|34/100
|move|p2a: Pyukumuku|Recover|p2a: Pyukumuku
|-heal|p2a: Pyukumuku|85/100
|
|-damage|p1a: Teadeath|0 fnt|[from] psn
|faint|p1a: Teadeath
|upkeep
|
|t:|1617541639
|switch|p1a: Ironwoman|Celesteela, shiny|74/100
|turn|81
|
|t:|1617541643
|move|p1a: Ironwoman|Giga Drain|p2a: Pyukumuku
|-supereffective|p2a: Pyukumuku
|-damage|p2a: Pyukumuku|43/100
|-heal|p1a: Ironwoman|92/100|[from] drain|[of] p2a: Pyukumuku
|move|p2a: Pyukumuku|Soak|p1a: Ironwoman
|-start|p1a: Ironwoman|typechange|Water
|
|upkeep
|turn|82
|
|t:|1617541651
|move|p1a: Ironwoman|Giga Drain|p2a: Pyukumuku
|-supereffective|p2a: Pyukumuku
|-damage|p2a: Pyukumuku|1/100
|-heal|p1a: Ironwoman|100/100|[from] drain|[of] p2a: Pyukumuku
|move|p2a: Pyukumuku|Recover|p2a: Pyukumuku
|-heal|p2a: Pyukumuku|51/100
|
|upkeep
|turn|83
|
|t:|1617541659
|move|p1a: Ironwoman|Air Slash|p2a: Pyukumuku
|-damage|p2a: Pyukumuku|29/100
|move|p2a: Pyukumuku|Toxic|p1a: Ironwoman
|-status|p1a: Ironwoman|tox
|
|-damage|p1a: Ironwoman|94/100 tox|[from] psn
|upkeep
|turn|84
|inactive|Drasfer06 has 120 seconds left.
|inactive|Drasfer06 has 90 seconds left.
|inactiveoff|Battle timer is now OFF.
|inactive|Battle timer is ON: inactive players will automatically lose when time's up. (requested by UUBF5 detour)
|c|☆UUBF5 detour|pfft
|inactive|Drasfer06 has 90 seconds left.
|inactive|Drasfer06 has 60 seconds left.
|inactive|Drasfer06 has 30 seconds left.
|inactive|Drasfer06 has 20 seconds left.
|inactive|Drasfer06 has 15 seconds left.
|inactive|Drasfer06 has 10 seconds left.
|
|t:|1617541814
|switch|p2a: Mew|Mew|53/100 brn
|move|p1a: Ironwoman|Giga Drain|p2a: Mew
|-damage|p2a: Mew|33/100 brn
|-heal|p1a: Ironwoman|100/100 tox|[from] drain|[of] p2a: Mew
|
|-damage|p2a: Mew|26/100 brn|[from] brn
|-damage|p1a: Ironwoman|88/100 tox|[from] psn
|upkeep
|turn|85
|inactive|Drasfer06 has 20 seconds left this turn.
|inactive|Drasfer06 has 15 seconds left.
|inactive|Drasfer06 has 10 seconds left.
|inactive|Drasfer06 has 5 seconds left.
|
|t:|1617541833
|move|p2a: Mew|Soft-Boiled|p2a: Mew
|-heal|p2a: Mew|76/100 brn
|move|p1a: Ironwoman|Autotomize|p1a: Ironwoman
|-boost|p1a: Ironwoman|spe|2
|-start|p1a: Ironwoman|Autotomize
|
|-damage|p1a: Ironwoman|70/100 tox|[from] psn
|-damage|p2a: Mew|70/100 brn|[from] brn
|upkeep
|turn|86
|inactive|Drasfer06 has 15 seconds left this turn.
|inactive|Drasfer06 has 10 seconds left.
|inactive|Drasfer06 has 5 seconds left.
|
|t:|1617541847
|move|p1a: Ironwoman|Air Slash|p2a: Mew
|-damage|p2a: Mew|49/100 brn
|move|p2a: Mew|Soft-Boiled|p2a: Mew
|-heal|p2a: Mew|99/100 brn
|
|-damage|p1a: Ironwoman|45/100 tox|[from] psn
|-damage|p2a: Mew|93/100 brn|[from] brn
|upkeep
|turn|87
|inactive|Drasfer06 has 15 seconds left this turn.
|inactive|Drasfer06 has 10 seconds left.
|inactive|Drasfer06 has 5 seconds left.
|-message|Drasfer06 lost due to inactivity.
|
|win|UUBF5 detour
|raw|Drasfer06's rating: 1513 &rarr; <strong>1491</strong><br />(-22 for losing)
|raw|UUBF5 detour's rating: 1470 &rarr; <strong>1492</strong><br />(+22 for winning)
|l|☆Drasfer06
