|j|☆HaxxLR
|j|☆mrsamiam787
|t:|1649249757
|gametype|singles
|player|p1|HaxxLR|grimsley|1245
|player|p2|mrsamiam787|101|1228
|teamsize|p1|6
|teamsize|p2|6
|gen|8
|tier|[Gen 8] UU
|rated|
|rule|Sleep Clause Mod: Limit one foe put to sleep
|rule|Species Clause: Limit one of each Pokémon
|rule|OHKO Clause: OHKO moves are banned
|rule|Evasion Moves Clause: Evasion moves are banned
|rule|Endless Battle Clause: Forcing endless battles is banned
|rule|HP Percentage Mod: HP is shown in percentages
|rule|Dynamax Clause: You cannot dynamax
|clearpoke
|poke|p1|Slowking, M|
|poke|p1|Mandibuzz, F|
|poke|p1|Cobalion|
|poke|p1|Golurk|
|poke|p1|Golisopod, F|
|poke|p1|Nihilego|
|poke|p2|Zarude|
|poke|p2|Cobalion|
|poke|p2|Darmanitan, F|
|poke|p2|Keldeo|
|poke|p2|Slowking, F|
|poke|p2|Scizor, F|
|teampreview
|inactive|Battle timer is ON: inactive players will automatically lose when time's up. (requested by mrsamiam787)
|inactive|HaxxLR has 120 seconds left.
|
|t:|1649249849
|start
|switch|p1a: Golisopod|Golisopod, F|100/100
|switch|p2a: Zarude|Zarude|100/100
|turn|1
|
|t:|1649249857
|switch|p2a: Cobalion|Cobalion|100/100
|move|p1a: Golisopod|First Impression|p2a: Cobalion
|-resisted|p2a: Cobalion
|-damage|p2a: Cobalion|90/100
|-damage|p1a: Golisopod|84/100|[from] item: Rocky Helmet|[of] p2a: Cobalion
|
|upkeep
|turn|2
|
|t:|1649249868
|switch|p1a: Golurk|Golurk|100/100
|move|p2a: Cobalion|Volt Switch|p1a: Golurk
|-immune|p1a: Golurk
|
|upkeep
|turn|3
|
|t:|1649249894
|switch|p2a: Zarude|Zarude|100/100
|move|p1a: Golurk|Close Combat|p2a: Zarude
|-supereffective|p2a: Zarude
|-damage|p2a: Zarude|0 fnt
|-unboost|p1a: Golurk|def|1
|-unboost|p1a: Golurk|spd|1
|faint|p2a: Zarude
|
|upkeep
|
|t:|1649249902
|switch|p2a: Keldeo|Keldeo|100/100
|turn|4
|
|t:|1649249907
|switch|p1a: Slowking|Slowking, M|100/100
|move|p2a: Keldeo|Substitute|p2a: Keldeo
|-start|p2a: Keldeo|Substitute
|-damage|p2a: Keldeo|76/100
|
|-heal|p2a: Keldeo|82/100|[from] item: Leftovers
|upkeep
|turn|5
|
|t:|1649249912
|move|p2a: Keldeo|Calm Mind|p2a: Keldeo
|-boost|p2a: Keldeo|spa|1
|-boost|p2a: Keldeo|spd|1
|move|p1a: Slowking|Psyshock|p2a: Keldeo
|-supereffective|p2a: Keldeo
|-end|p2a: Keldeo|Substitute
|
|-heal|p2a: Keldeo|88/100|[from] item: Leftovers
|upkeep
|turn|6
|inactive|mrsamiam787 has 120 seconds left.
|
|t:|1649249943
|switch|p2a: Scizor|Scizor, F|100/100
|move|p1a: Slowking|Psyshock|p2a: Scizor
|-resisted|p2a: Scizor
|-damage|p2a: Scizor|88/100
|
|-heal|p2a: Scizor|94/100|[from] item: Leftovers
|upkeep
|turn|7
|inactive|HaxxLR has 120 seconds left.
|
|t:|1649249976
|switch|p2a: Darmanitan|Darmanitan, F|100/100
|switch|p1a: Cobalion|Cobalion|100/100
|
|upkeep
|turn|8
|
|t:|1649249983
|switch|p1a: Slowking|Slowking, M|100/100
|move|p2a: Darmanitan|Flare Blitz|p1a: Slowking
|-resisted|p1a: Slowking
|-damage|p1a: Slowking|54/100
|-damage|p2a: Darmanitan|83/100|[from] Recoil
|
|upkeep
|turn|9
|
|t:|1649249998
|switch|p2a: Scizor|Scizor, F|94/100
|move|p1a: Slowking|Slack Off|p1a: Slowking
|-heal|p1a: Slowking|100/100
|
|-heal|p2a: Scizor|99/100|[from] item: Leftovers
|upkeep
|turn|10
|
|t:|1649250010
|switch|p1a: Cobalion|Cobalion|100/100
|move|p2a: Scizor|Swords Dance|p2a: Scizor
|-boost|p2a: Scizor|atk|2
|
|-heal|p2a: Scizor|100/100|[from] item: Leftovers
|upkeep
|turn|11
|inactive|HaxxLR has 120 seconds left.
|
|t:|1649250040
|move|p1a: Cobalion|Close Combat|p2a: Scizor
|-damage|p2a: Scizor|54/100
|-unboost|p1a: Cobalion|def|1
|-unboost|p1a: Cobalion|spd|1
|move|p2a: Scizor|Swords Dance|p2a: Scizor
|-boost|p2a: Scizor|atk|2
|
|-heal|p2a: Scizor|60/100|[from] item: Leftovers
|upkeep
|turn|12
|
|t:|1649250048
|move|p1a: Cobalion|Close Combat|p2a: Scizor
|-damage|p2a: Scizor|11/100
|-unboost|p1a: Cobalion|def|1
|-unboost|p1a: Cobalion|spd|1
|move|p2a: Scizor|Roost|p2a: Scizor
|-heal|p2a: Scizor|61/100
|-singleturn|p2a: Scizor|move: Roost
|
|-heal|p2a: Scizor|67/100|[from] item: Leftovers
|upkeep
|turn|13
|inactive|HaxxLR has 120 seconds left.
|
|t:|1649250056
|move|p1a: Cobalion|Swords Dance|p1a: Cobalion
|-boost|p1a: Cobalion|atk|2
|move|p2a: Scizor|Roost|p2a: Scizor
|-heal|p2a: Scizor|100/100
|-singleturn|p2a: Scizor|move: Roost
|
|upkeep
|turn|14
|
|t:|1649250061
|move|p2a: Scizor|Bullet Punch|p1a: Cobalion
|-resisted|p1a: Cobalion
|-damage|p1a: Cobalion|30/100
|move|p1a: Cobalion|Close Combat|p2a: Scizor
|-damage|p2a: Scizor|2/100
|-unboost|p1a: Cobalion|def|1
|-unboost|p1a: Cobalion|spd|1
|
|-heal|p1a: Cobalion|36/100|[from] item: Leftovers
|-heal|p2a: Scizor|8/100|[from] item: Leftovers
|upkeep
|turn|15
|
|t:|1649250072
|move|p2a: Scizor|Bullet Punch|p1a: Cobalion
|-resisted|p1a: Cobalion
|-damage|p1a: Cobalion|0 fnt
|faint|p1a: Cobalion
|
|-heal|p2a: Scizor|14/100|[from] item: Leftovers
|upkeep
|
|t:|1649250077
|switch|p1a: Golisopod|Golisopod, F|84/100
|turn|16
|
|t:|1649250095
|move|p1a: Golisopod|First Impression|p2a: Scizor
|-resisted|p2a: Scizor
|-damage|p2a: Scizor|0 fnt
|faint|p2a: Scizor
|
|upkeep
|
|t:|1649250102
|switch|p2a: Darmanitan|Darmanitan, F|83/100
|turn|17
|
|t:|1649250106
|switch|p1a: Slowking|Slowking, M|100/100
|move|p2a: Darmanitan|U-turn|p1a: Slowking
|-supereffective|p1a: Slowking
|-damage|p1a: Slowking|48/100
|
|t:|1649250114
|switch|p2a: Slowking|Slowking, F|100/100|[from]move: U-turn
|
|upkeep
|turn|18
|
|t:|1649250127
|move|p2a: Slowking|Future Sight|p1a: Slowking
|-start|p2a: Slowking|move: Future Sight
|move|p1a: Slowking|Slack Off|p1a: Slowking
|-heal|p1a: Slowking|98/100
|
|upkeep
|turn|19
|
|t:|1649250133
|move|p2a: Slowking|Teleport|p2a: Slowking
|
|t:|1649250148
|switch|p2a: Cobalion|Cobalion|90/100|[from]move: Teleport
|move|p1a: Slowking|Teleport|p1a: Slowking
|
|t:|1649250153
|switch|p1a: Golurk|Golurk|100/100|[from]move: Teleport
|
|upkeep
|turn|20
|
|t:|1649250173
|move|p2a: Cobalion|Iron Head|p1a: Golurk
|-damage|p1a: Golurk|59/100
|cant|p1a: Golurk|flinch
|
|-end|p1a: Golurk|move: Future Sight
|-damage|p1a: Golurk|7/100
|upkeep
|turn|21
|
|t:|1649250181
|switch|p1a: Mandibuzz|Mandibuzz, F|100/100
|move|p2a: Cobalion|Iron Head|p1a: Mandibuzz
|-damage|p1a: Mandibuzz|80/100
|
|upkeep
|turn|22
|
|t:|1649250187
|move|p2a: Cobalion|Volt Switch|p1a: Mandibuzz
|-supereffective|p1a: Mandibuzz
|-damage|p1a: Mandibuzz|57/100
|
|t:|1649250191
|switch|p2a: Darmanitan|Darmanitan, F|83/100|[from]move: Volt Switch
|move|p1a: Mandibuzz|U-turn|p2a: Darmanitan
|-resisted|p2a: Darmanitan
|-damage|p2a: Darmanitan|74/100
|
|t:|1649250196
|switch|p1a: Nihilego|Nihilego|100/100|[from]move: U-turn
|
|upkeep
|turn|23
|
|t:|1649250202
|switch|p2a: Slowking|Slowking, F|100/100
|move|p1a: Nihilego|Stealth Rock|p2a: Slowking
|-sidestart|p2: mrsamiam787|move: Stealth Rock
|
|upkeep
|turn|24
|
|t:|1649250211
|switch|p1a: Slowking|Slowking, M|100/100
|move|p2a: Slowking|Future Sight|p1a: Slowking
|-start|p2a: Slowking|move: Future Sight
|
|upkeep
|turn|25
|
|t:|1649250230
|move|p1a: Slowking|Scald|p2a: Slowking
|-resisted|p2a: Slowking
|-damage|p2a: Slowking|90/100
|move|p2a: Slowking|Teleport|p2a: Slowking
|
|t:|1649250235
|switch|p2a: Cobalion|Cobalion|90/100|[from]move: Teleport
|-damage|p2a: Cobalion|87/100|[from] Stealth Rock
|
|upkeep
|turn|26
|
|t:|1649250246
|move|p2a: Cobalion|Stealth Rock|p1a: Slowking
|-sidestart|p1: HaxxLR|move: Stealth Rock
|move|p1a: Slowking|Slack Off||[still]
|-fail|p1a: Slowking|heal
|
|-end|p1a: Slowking|move: Future Sight
|-resisted|p1a: Slowking
|-damage|p1a: Slowking|85/100
|upkeep
|turn|27
|
|t:|1649250253
|move|p2a: Cobalion|Volt Switch|p1a: Slowking
|-supereffective|p1a: Slowking
|-damage|p1a: Slowking|63/100
|
|t:|1649250256
|switch|p2a: Slowking|Slowking, F|100/100|[from]move: Volt Switch
|move|p1a: Slowking|Scald|p2a: Slowking
|-resisted|p2a: Slowking
|-damage|p2a: Slowking|90/100
|
|upkeep
|turn|28
|
|t:|1649250262
|move|p2a: Slowking|Scald|p1a: Slowking
|-resisted|p1a: Slowking
|-damage|p1a: Slowking|52/100
|move|p1a: Slowking|Slack Off|p1a: Slowking
|-heal|p1a: Slowking|100/100
|
|upkeep
|turn|29
|
|t:|1649250268
|move|p2a: Slowking|Scald|p1a: Slowking
|-resisted|p1a: Slowking
|-damage|p1a: Slowking|90/100
|-status|p1a: Slowking|brn
|move|p1a: Slowking|Teleport|p1a: Slowking
|
|t:|1649250273
|switch|p1a: Mandibuzz|Mandibuzz, F|57/100|[from]move: Teleport
|
|upkeep
|turn|30
|
|t:|1649250278
|move|p1a: Mandibuzz|Defog|p2a: Slowking
|-unboost|p2a: Slowking|evasion|1
|-sideend|p2: mrsamiam787|Stealth Rock|[from] move: Defog|[of] p1a: Mandibuzz
|-sideend|p1: HaxxLR|Stealth Rock|[from] move: Defog|[of] p1a: Mandibuzz
|move|p2a: Slowking|Future Sight|p1a: Mandibuzz
|-start|p2a: Slowking|move: Future Sight
|
|upkeep
|turn|31
|
|t:|1649250300
|move|p1a: Mandibuzz|Roost|p1a: Mandibuzz
|-heal|p1a: Mandibuzz|100/100
|-singleturn|p1a: Mandibuzz|move: Roost
|move|p2a: Slowking|Teleport|p2a: Slowking
|
|t:|1649250304
|switch|p2a: Darmanitan|Darmanitan, F|74/100|[from]move: Teleport
|
|upkeep
|turn|32
|
|t:|1649250311
|switch|p1a: Slowking|Slowking, M|100/100 brn
|move|p2a: Darmanitan|Flare Blitz|p1a: Slowking
|-resisted|p1a: Slowking
|-damage|p1a: Slowking|56/100 brn
|-damage|p2a: Darmanitan|57/100|[from] Recoil
|
|-end|p1a: Slowking|move: Future Sight
|-resisted|p1a: Slowking
|-damage|p1a: Slowking|39/100 brn
|-damage|p1a: Slowking|33/100 brn|[from] brn
|upkeep
|turn|33
|
|t:|1649250323
|switch|p1a: Mandibuzz|Mandibuzz, F|100/100
|move|p2a: Darmanitan|Flare Blitz|p1a: Mandibuzz
|-damage|p1a: Mandibuzz|27/100
|-damage|p2a: Darmanitan|28/100|[from] Recoil
|
|upkeep
|turn|34
|
|t:|1649250330
|switch|p1a: Slowking|Slowking, M|66/100 brn
|move|p2a: Darmanitan|Flare Blitz|p1a: Slowking
|-resisted|p1a: Slowking
|-damage|p1a: Slowking|18/100 brn
|-damage|p2a: Darmanitan|10/100|[from] Recoil
|
|-damage|p1a: Slowking|12/100 brn|[from] brn
|upkeep
|turn|35
|
|t:|1649250339
|switch|p1a: Nihilego|Nihilego|100/100
|move|p2a: Darmanitan|Flare Blitz|p1a: Nihilego
|-resisted|p1a: Nihilego
|-damage|p1a: Nihilego|0 fnt
|faint|p1a: Nihilego
|-damage|p2a: Darmanitan|0 fnt|[from] Recoil
|faint|p2a: Darmanitan
|
|upkeep
|
|t:|1649250354
|switch|p1a: Golurk|Golurk|7/100
|switch|p2a: Cobalion|Cobalion|87/100
|turn|36
|
|t:|1649250375
|switch|p1a: Slowking|Slowking, M|46/100 brn
|move|p2a: Cobalion|Iron Head|p1a: Slowking
|-resisted|p1a: Slowking
|-damage|p1a: Slowking|33/100 brn
|
|-damage|p1a: Slowking|27/100 brn|[from] brn
|upkeep
|turn|37
|
|t:|1649250382
|move|p2a: Cobalion|Volt Switch|p1a: Slowking
|-supereffective|p1a: Slowking
|-damage|p1a: Slowking|5/100 brn
|
|t:|1649250385
|switch|p2a: Slowking|Slowking, F|100/100|[from]move: Volt Switch
|move|p1a: Slowking|Scald|p2a: Slowking
|-resisted|p2a: Slowking
|-damage|p2a: Slowking|89/100
|
|-damage|p1a: Slowking|0 fnt|[from] brn
|faint|p1a: Slowking
|upkeep
|
|t:|1649250389
|switch|p1a: Golurk|Golurk|7/100
|turn|38
|
|t:|1649250394
|move|p1a: Golurk|Poltergeist|p2a: Slowking
|-activate|p2a: Slowking|move: Poltergeist|Heavy-Duty Boots
|-supereffective|p2a: Slowking
|-damage|p2a: Slowking|0 fnt
|faint|p2a: Slowking
|
|upkeep
|
|t:|1649250397
|switch|p2a: Cobalion|Cobalion|87/100
|turn|39
|
|t:|1649250406
|move|p2a: Cobalion|Iron Head|p1a: Golurk
|-damage|p1a: Golurk|0 fnt
|faint|p1a: Golurk
|
|upkeep
|
|t:|1649250409
|switch|p1a: Golisopod|Golisopod, F|84/100
|turn|40
|
|t:|1649250416
|switch|p2a: Keldeo|Keldeo|88/100
|switch|p1a: Mandibuzz|Mandibuzz, F|27/100
|
|-heal|p2a: Keldeo|94/100|[from] item: Leftovers
|upkeep
|turn|41
|
|t:|1649250422
|move|p2a: Keldeo|Substitute|p2a: Keldeo
|-start|p2a: Keldeo|Substitute
|-damage|p2a: Keldeo|69/100
|move|p1a: Mandibuzz|U-turn|p2a: Keldeo
|-resisted|p2a: Keldeo
|-activate|p2a: Keldeo|move: Substitute|[damage]
|
|t:|1649250425
|switch|p1a: Golisopod|Golisopod, F|84/100|[from]move: U-turn
|
|-heal|p2a: Keldeo|75/100|[from] item: Leftovers
|upkeep
|turn|42
|
|t:|1649250427
|move|p2a: Keldeo|Calm Mind|p2a: Keldeo
|-boost|p2a: Keldeo|spa|1
|-boost|p2a: Keldeo|spd|1
|move|p1a: Golisopod|Liquidation|p2a: Keldeo
|-resisted|p2a: Keldeo
|-end|p2a: Keldeo|Substitute
|
|-heal|p2a: Keldeo|82/100|[from] item: Leftovers
|upkeep
|turn|43
|
|t:|1649250430
|move|p2a: Keldeo|Substitute|p2a: Keldeo
|-start|p2a: Keldeo|Substitute
|-damage|p2a: Keldeo|57/100
|move|p1a: Golisopod|Liquidation|p2a: Keldeo
|-resisted|p2a: Keldeo
|-crit|p2a: Keldeo
|-end|p2a: Keldeo|Substitute
|
|-heal|p2a: Keldeo|63/100|[from] item: Leftovers
|upkeep
|turn|44
|
|t:|1649250432
|move|p2a: Keldeo|Scald|p1a: Golisopod
|-resisted|p1a: Golisopod
|-damage|p1a: Golisopod|56/100
|move|p1a: Golisopod|Liquidation|p2a: Keldeo
|-resisted|p2a: Keldeo
|-damage|p2a: Keldeo|39/100
|
|-heal|p2a: Keldeo|45/100|[from] item: Leftovers
|upkeep
|turn|45
|
|t:|1649250439
|move|p2a: Keldeo|Scald|p1a: Golisopod
|-resisted|p1a: Golisopod
|-damage|p1a: Golisopod|27/100
|-status|p1a: Golisopod|brn
|-activate|p1a: Golisopod|ability: Emergency Exit
|
|t:|1649250442
|switch|p1a: Mandibuzz|Mandibuzz, F|27/100
|
|-heal|p2a: Keldeo|51/100|[from] item: Leftovers
|upkeep
|turn|46
|
|t:|1649250444
|move|p2a: Keldeo|Substitute|p2a: Keldeo
|-start|p2a: Keldeo|Substitute
|-damage|p2a: Keldeo|26/100
|move|p1a: Mandibuzz|Foul Play|p2a: Keldeo
|-resisted|p2a: Keldeo
|-activate|p2a: Keldeo|move: Substitute|[damage]
|
|-heal|p2a: Keldeo|33/100|[from] item: Leftovers
|upkeep
|turn|47
|
|t:|1649250447
|move|p2a: Keldeo|Calm Mind|p2a: Keldeo
|-boost|p2a: Keldeo|spa|1
|-boost|p2a: Keldeo|spd|1
|move|p1a: Mandibuzz|Foul Play|p2a: Keldeo
|-resisted|p2a: Keldeo
|-activate|p2a: Keldeo|move: Substitute|[damage]
|
|-heal|p2a: Keldeo|39/100|[from] item: Leftovers
|upkeep
|turn|48
|
|t:|1649250449
|move|p2a: Keldeo|Scald|p1a: Mandibuzz
|-damage|p1a: Mandibuzz|0 fnt
|faint|p1a: Mandibuzz
|
|-heal|p2a: Keldeo|45/100|[from] item: Leftovers
|upkeep
|
|t:|1649250452
|switch|p1a: Golisopod|Golisopod, F|27/100 brn
|turn|49
|c|☆mrsamiam787|gg
|
|t:|1649250457
|move|p1a: Golisopod|First Impression|p2a: Keldeo
|-resisted|p2a: Keldeo
|-end|p2a: Keldeo|Substitute
|move|p2a: Keldeo|Scald|p1a: Golisopod
|-resisted|p1a: Golisopod
|-damage|p1a: Golisopod|0 fnt
|faint|p1a: Golisopod
|
|win|mrsamiam787
|raw|HaxxLR's rating: 1245 &rarr; <strong>1219</strong><br />(-26 for losing)
|raw|mrsamiam787's rating: 1228 &rarr; <strong>1254</strong><br />(+26 for winning)
|l|☆HaxxLR
||Ladder isn't responding, score probably updated but might not have (Request timeout).
