|j|☆Firelord Term
|j|☆Springerk
|t:|1665186979
|gametype|singles
|player|p1|Firelord Term|flint|1434
|player|p2|Springerk|candice|1559
|teamsize|p1|6
|teamsize|p2|6
|gen|8
|tier|[Gen 8] UU
|rated|
|rule|Sleep Clause Mod: Limit one foe put to sleep
|rule|Species Clause: Limit one of each Pokémon
|rule|OHKO Clause: OHKO moves are banned
|rule|Evasion Items Clause: Evasion items are banned
|rule|Evasion Moves Clause: Evasion moves are banned
|rule|Endless Battle Clause: Forcing endless battles is banned
|rule|HP Percentage Mod: HP is shown in percentages
|rule|Dynamax Clause: You cannot dynamax
|clearpoke
|poke|p1|Scizor, M|
|poke|p1|Hydreigon, M|
|poke|p1|Thundurus-Therian, M|
|poke|p1|Starmie|
|poke|p1|Hippowdon, F|
|poke|p1|Amoonguss, F|
|poke|p2|Necrozma|
|poke|p2|Umbreon, F|
|poke|p2|Primarina, M|
|poke|p2|Hippowdon, F|
|poke|p2|Scizor, M|
|poke|p2|Noivern, F|
|teampreview
|inactive|Battle timer is ON: inactive players will automatically lose when time's up. (requested by Firelord Term)
|j| UnstoppableUg
|inactive|Firelord Term has 120 seconds left.
|
|t:|1665187021
|start
|switch|p1a: Hippowdon|Hippowdon, F|100/100
|switch|p2a: Primarina|Primarina, M|100/100
|-weather|Sandstorm|[from] ability: Sand Stream|[of] p1a: Hippowdon
|turn|1
|
|t:|1665187033
|switch|p1a: Amoonguss|Amoonguss, F|100/100
|move|p2a: Primarina|Scald|p1a: Amoonguss
|-resisted|p1a: Amoonguss
|-damage|p1a: Amoonguss|85/100
|
|-weather|Sandstorm|[upkeep]
|-damage|p2a: Primarina|94/100|[from] Sandstorm
|-damage|p1a: Amoonguss|79/100|[from] Sandstorm
|-heal|p2a: Primarina|100/100|[from] item: Leftovers
|upkeep
|turn|2
|
|t:|1665187043
|move|p2a: Primarina|Scald|p1a: Amoonguss
|-resisted|p1a: Amoonguss
|-damage|p1a: Amoonguss|63/100
|-status|p1a: Amoonguss|brn
|move|p1a: Amoonguss|Spore|p2a: Primarina
|-status|p2a: Primarina|slp|[from] move: Spore
|
|-weather|Sandstorm|[upkeep]
|-damage|p2a: Primarina|94/100 slp|[from] Sandstorm
|-damage|p1a: Amoonguss|57/100 brn|[from] Sandstorm
|-heal|p2a: Primarina|100/100 slp|[from] item: Leftovers
|-damage|p1a: Amoonguss|50/100 brn|[from] brn
|upkeep
|turn|3
|
|t:|1665187056
|switch|p2a: Scizor|Scizor, M|100/100
|switch|p1a: Starmie|Starmie|100/100
|
|-weather|Sandstorm|[upkeep]
|-damage|p1a: Starmie|94/100|[from] Sandstorm
|upkeep
|turn|4
|
|t:|1665187067
|switch|p1a: Scizor|Scizor, M|100/100
|move|p2a: Scizor|Knock Off|p1a: Scizor
|-damage|p1a: Scizor|68/100
|-enditem|p1a: Scizor|Protective Pads|[from] move: Knock Off|[of] p2a: Scizor
|
|-weather|Sandstorm|[upkeep]
|upkeep
|turn|5
|
|t:|1665187086
|move|p1a: Scizor|Knock Off|p2a: Scizor
|-damage|p2a: Scizor|70/100
|-enditem|p2a: Scizor|Heavy-Duty Boots|[from] move: Knock Off|[of] p1a: Scizor
|move|p2a: Scizor|Swords Dance|p2a: Scizor
|-boost|p2a: Scizor|atk|2
|
|-weather|none
|upkeep
|turn|6
|
|t:|1665187111
|move|p1a: Scizor|U-turn|p2a: Scizor
|-resisted|p2a: Scizor
|-damage|p2a: Scizor|54/100
|
|t:|1665187113
|switch|p1a: Amoonguss|Amoonguss, F|84/100 brn|[from]move: U-turn
|move|p2a: Scizor|Knock Off|p1a: Amoonguss
|-damage|p1a: Amoonguss|38/100 brn
|-damage|p2a: Scizor|38/100|[from] item: Rocky Helmet|[of] p1a: Amoonguss
|-enditem|p1a: Amoonguss|Rocky Helmet|[from] move: Knock Off|[of] p2a: Scizor
|
|-damage|p1a: Amoonguss|32/100 brn|[from] brn
|upkeep
|turn|7
|
|t:|1665187125
|switch|p1a: Thundurus|Thundurus-Therian, M|100/100
|move|p2a: Scizor|Roost|p2a: Scizor
|-heal|p2a: Scizor|88/100
|-singleturn|p2a: Scizor|move: Roost
|
|upkeep
|turn|8
|
|t:|1665187141
|move|p1a: Thundurus|Volt Switch|p2a: Scizor
|-damage|p2a: Scizor|38/100
|inactive|Firelord Term has 120 seconds left.
|
|t:|1665187171
|switch|p1a: Starmie|Starmie|94/100|[from]move: Volt Switch
|move|p2a: Scizor|Knock Off|p1a: Starmie
|-supereffective|p1a: Starmie
|-damage|p1a: Starmie|0 fnt
|-enditem|p1a: Starmie|Life Orb|[from] move: Knock Off|[of] p2a: Scizor
|faint|p1a: Starmie
|
|upkeep
|
|t:|1665187177
|switch|p1a: Hydreigon|Hydreigon, M|100/100
|turn|9
|
|t:|1665187181
|switch|p2a: Primarina|Primarina, M|100/100 slp
|move|p1a: Hydreigon|Dark Pulse|p2a: Primarina
|-resisted|p2a: Primarina
|-damage|p2a: Primarina|86/100 slp
|
|-heal|p2a: Primarina|92/100 slp|[from] item: Leftovers
|upkeep
|turn|10
|inactive|Firelord Term has 120 seconds left.
|
|t:|1665187187
|switch|p1a: Thundurus|Thundurus-Therian, M|100/100
|switch|p2a: Necrozma|Necrozma|100/100
|
|upkeep
|turn|11
|
|t:|1665187200
|move|p1a: Thundurus|Volt Switch|p2a: Necrozma
|-crit|p2a: Necrozma
|-damage|p2a: Necrozma|43/100
|
|t:|1665187205
|switch|p1a: Hippowdon|Hippowdon, F|100/100|[from]move: Volt Switch
|-weather|Sandstorm|[from] ability: Sand Stream|[of] p1a: Hippowdon
|move|p2a: Necrozma|Moonlight|p2a: Necrozma
|-heal|p2a: Necrozma|68/100
|
|-weather|Sandstorm|[upkeep]
|-damage|p2a: Necrozma|62/100|[from] Sandstorm
|upkeep
|turn|12
|
|t:|1665187216
|switch|p2a: Scizor|Scizor, M|38/100
|move|p1a: Hippowdon|Stealth Rock|p2a: Scizor
|-sidestart|p2: Springerk|move: Stealth Rock
|
|-weather|Sandstorm|[upkeep]
|upkeep
|turn|13
|
|t:|1665187220
|move|p2a: Scizor|Roost|p2a: Scizor
|-heal|p2a: Scizor|88/100
|-singleturn|p2a: Scizor|move: Roost
|move|p1a: Hippowdon|Earthquake|p2a: Scizor
|-damage|p2a: Scizor|56/100
|
|-weather|Sandstorm|[upkeep]
|upkeep
|turn|14
|
|t:|1665187228
|switch|p1a: Hydreigon|Hydreigon, M|100/100
|move|p2a: Scizor|Knock Off|p1a: Hydreigon
|-resisted|p1a: Hydreigon
|-damage|p1a: Hydreigon|84/100
|-enditem|p1a: Hydreigon|Choice Scarf|[from] move: Knock Off|[of] p2a: Scizor
|
|-weather|Sandstorm|[upkeep]
|-damage|p1a: Hydreigon|77/100|[from] Sandstorm
|upkeep
|turn|15
|
|t:|1665187244
|move|p1a: Hydreigon|Dark Pulse|p2a: Scizor
|-damage|p2a: Scizor|6/100
|move|p2a: Scizor|Roost|p2a: Scizor
|-heal|p2a: Scizor|56/100
|-singleturn|p2a: Scizor|move: Roost
|
|-weather|none
|upkeep
|turn|16
|
|t:|1665187251
|switch|p2a: Umbreon|Umbreon, F|100/100
|-damage|p2a: Umbreon|88/100|[from] Stealth Rock
|move|p1a: Hydreigon|Dark Pulse|p2a: Umbreon
|-resisted|p2a: Umbreon
|-damage|p2a: Umbreon|76/100
|
|-heal|p2a: Umbreon|82/100|[from] item: Leftovers
|upkeep
|turn|17
|
|t:|1665187255
|move|p1a: Hydreigon|U-turn|p2a: Umbreon
|-supereffective|p2a: Umbreon
|-damage|p2a: Umbreon|58/100
|
|t:|1665187261
|switch|p1a: Thundurus|Thundurus-Therian, M|100/100|[from]move: U-turn
|move|p2a: Umbreon|Heal Bell|p2a: Umbreon
|-activate|p2a: Umbreon|move: Heal Bell
|-curestatus|p2: Primarina|slp|[msg]
|
|-heal|p2a: Umbreon|64/100|[from] item: Leftovers
|upkeep
|turn|18
|
|t:|1665187277
|move|p1a: Thundurus|Grass Knot|p2a: Umbreon
|-damage|p2a: Umbreon|53/100
|move|p2a: Umbreon|Wish|p2a: Umbreon
|
|-heal|p2a: Umbreon|59/100|[from] item: Leftovers
|upkeep
|turn|19
|
|t:|1665187282
|move|p1a: Thundurus|Volt Switch|p2a: Umbreon
|-damage|p2a: Umbreon|37/100
|
|t:|1665187288
|switch|p1a: Amoonguss|Amoonguss, F|65/100 brn|[from]move: Volt Switch
|move|p2a: Umbreon|Foul Play|p1a: Amoonguss
|-damage|p1a: Amoonguss|46/100 brn
|
|-heal|p2a: Umbreon|87/100|[from] move: Wish|[wisher] Umbreon
|-heal|p2a: Umbreon|93/100|[from] item: Leftovers
|-damage|p1a: Amoonguss|40/100 brn|[from] brn
|upkeep
|turn|20
|
|t:|1665187303
|switch|p2a: Primarina|Primarina, M|92/100
|-damage|p2a: Primarina|79/100|[from] Stealth Rock
|switch|p1a: Thundurus|Thundurus-Therian, M|100/100
|
|-heal|p2a: Primarina|85/100|[from] item: Leftovers
|upkeep
|turn|21
|
|t:|1665187312
|move|p1a: Thundurus|Volt Switch|p2a: Primarina
|-supereffective|p2a: Primarina
|-damage|p2a: Primarina|30/100
|
|t:|1665187317
|switch|p1a: Amoonguss|Amoonguss, F|73/100 brn|[from]move: Volt Switch
|move|p2a: Primarina|Calm Mind|p2a: Primarina
|-boost|p2a: Primarina|spa|1
|-boost|p2a: Primarina|spd|1
|
|-heal|p2a: Primarina|36/100|[from] item: Leftovers
|-damage|p1a: Amoonguss|67/100 brn|[from] brn
|upkeep
|turn|22
|
|t:|1665187324
|move|p2a: Primarina|Rest|p2a: Primarina
|-status|p2a: Primarina|slp|[from] move: Rest
|-heal|p2a: Primarina|100/100 slp|[silent]
|move|p1a: Amoonguss|Sludge Bomb|p2a: Primarina
|-supereffective|p2a: Primarina
|-damage|p2a: Primarina|77/100 slp
|
|-heal|p2a: Primarina|83/100 slp|[from] item: Leftovers
|-damage|p1a: Amoonguss|61/100 brn|[from] brn
|upkeep
|turn|23
|
|t:|1665187340
|switch|p1a: Thundurus|Thundurus-Therian, M|100/100
|cant|p2a: Primarina|slp
|
|-heal|p2a: Primarina|89/100 slp|[from] item: Leftovers
|upkeep
|turn|24
|
|t:|1665187350
|move|p1a: Thundurus|Grass Knot|p2a: Primarina
|-supereffective|p2a: Primarina
|-damage|p2a: Primarina|68/100 slp
|cant|p2a: Primarina|slp
|
|-heal|p2a: Primarina|74/100 slp|[from] item: Leftovers
|upkeep
|turn|25
|
|t:|1665187355
|move|p1a: Thundurus|Volt Switch|p2a: Primarina
|-supereffective|p2a: Primarina
|-damage|p2a: Primarina|38/100 slp
|
|t:|1665187364
|switch|p1a: Amoonguss|Amoonguss, F|94/100 brn|[from]move: Volt Switch
|-curestatus|p2a: Primarina|slp|[msg]
|move|p2a: Primarina|Moonblast|p1a: Amoonguss
|-resisted|p1a: Amoonguss
|-damage|p1a: Amoonguss|65/100 brn
|-unboost|p1a: Amoonguss|spa|1
|
|-heal|p2a: Primarina|44/100|[from] item: Leftovers
|-damage|p1a: Amoonguss|59/100 brn|[from] brn
|upkeep
|turn|26
|
|t:|1665187368
|move|p2a: Primarina|Rest|p2a: Primarina
|-status|p2a: Primarina|slp|[from] move: Rest
|-heal|p2a: Primarina|100/100 slp|[silent]
|move|p1a: Amoonguss|Sludge Bomb|p2a: Primarina
|-supereffective|p2a: Primarina
|-damage|p2a: Primarina|84/100 slp
|
|-heal|p2a: Primarina|90/100 slp|[from] item: Leftovers
|-damage|p1a: Amoonguss|52/100 brn|[from] brn
|upkeep
|turn|27
|
|t:|1665187373
|switch|p1a: Thundurus|Thundurus-Therian, M|100/100
|cant|p2a: Primarina|slp
|
|-heal|p2a: Primarina|96/100 slp|[from] item: Leftovers
|upkeep
|turn|28
|
|t:|1665187379
|move|p1a: Thundurus|Volt Switch|p2a: Primarina
|-supereffective|p2a: Primarina
|-damage|p2a: Primarina|60/100 slp
|
|t:|1665187384
|switch|p1a: Hippowdon|Hippowdon, F|100/100|[from]move: Volt Switch
|-weather|Sandstorm|[from] ability: Sand Stream|[of] p1a: Hippowdon
|cant|p2a: Primarina|slp
|
|-weather|Sandstorm|[upkeep]
|-damage|p2a: Primarina|54/100 slp|[from] Sandstorm
|-heal|p2a: Primarina|60/100 slp|[from] item: Leftovers
|upkeep
|turn|29
|
|t:|1665187391
|switch|p1a: Amoonguss|Amoonguss, F|86/100 brn
|-curestatus|p2a: Primarina|slp|[msg]
|move|p2a: Primarina|Scald|p1a: Amoonguss
|-resisted|p1a: Amoonguss
|-damage|p1a: Amoonguss|65/100 brn
|
|-weather|Sandstorm|[upkeep]
|-damage|p2a: Primarina|54/100|[from] Sandstorm
|-damage|p1a: Amoonguss|58/100 brn|[from] Sandstorm
|-heal|p2a: Primarina|60/100|[from] item: Leftovers
|-damage|p1a: Amoonguss|52/100 brn|[from] brn
|upkeep
|turn|30
|
|t:|1665187399
|move|p2a: Primarina|Rest|p2a: Primarina
|-status|p2a: Primarina|slp|[from] move: Rest
|-heal|p2a: Primarina|100/100 slp|[silent]
|move|p1a: Amoonguss|Spore|p2a: Primarina
|-fail|p2a: Primarina|slp
|
|-weather|Sandstorm|[upkeep]
|-damage|p2a: Primarina|94/100 slp|[from] Sandstorm
|-damage|p1a: Amoonguss|46/100 brn|[from] Sandstorm
|-heal|p2a: Primarina|100/100 slp|[from] item: Leftovers
|-damage|p1a: Amoonguss|40/100 brn|[from] brn
|upkeep
|turn|31
|
|t:|1665187412
|switch|p1a: Scizor|Scizor, M|68/100
|cant|p2a: Primarina|slp
|
|-weather|Sandstorm|[upkeep]
|-damage|p2a: Primarina|94/100 slp|[from] Sandstorm
|-heal|p2a: Primarina|100/100 slp|[from] item: Leftovers
|upkeep
|turn|32
|
|t:|1665187414
|move|p1a: Scizor|Knock Off|p2a: Primarina
|-resisted|p2a: Primarina
|-damage|p2a: Primarina|83/100 slp
|-enditem|p2a: Primarina|Leftovers|[from] move: Knock Off|[of] p1a: Scizor
|cant|p2a: Primarina|slp
|
|-weather|none
|upkeep
|turn|33
|
|t:|1665187422
|move|p1a: Scizor|U-turn|p2a: Primarina
|-resisted|p2a: Primarina
|-damage|p2a: Primarina|64/100 slp
|
|t:|1665187425
|switch|p1a: Amoonguss|Amoonguss, F|73/100 brn|[from]move: U-turn
|-curestatus|p2a: Primarina|slp|[msg]
|move|p2a: Primarina|Calm Mind|p2a: Primarina
|-boost|p2a: Primarina|spa|1
|-boost|p2a: Primarina|spd|1
|
|-damage|p1a: Amoonguss|67/100 brn|[from] brn
|upkeep
|turn|34
|
|t:|1665187431
|move|p2a: Primarina|Rest|p2a: Primarina
|-status|p2a: Primarina|slp|[from] move: Rest
|-heal|p2a: Primarina|100/100 slp|[silent]
|move|p1a: Amoonguss|Sludge Bomb|p2a: Primarina
|-supereffective|p2a: Primarina
|-damage|p2a: Primarina|82/100 slp
|
|-damage|p1a: Amoonguss|60/100 brn|[from] brn
|upkeep
|turn|35
|
|t:|1665187439
|switch|p1a: Hippowdon|Hippowdon, F|100/100
|-weather|Sandstorm|[from] ability: Sand Stream|[of] p1a: Hippowdon
|cant|p2a: Primarina|slp
|
|-weather|Sandstorm|[upkeep]
|-damage|p2a: Primarina|76/100 slp|[from] Sandstorm
|upkeep
|turn|36
|
|t:|1665187442
|switch|p1a: Scizor|Scizor, M|68/100
|cant|p2a: Primarina|slp
|
|-weather|Sandstorm|[upkeep]
|-damage|p2a: Primarina|70/100 slp|[from] Sandstorm
|upkeep
|turn|37
|
|t:|1665187447
|move|p1a: Scizor|Bullet Punch|p2a: Primarina
|-crit|p2a: Primarina
|-damage|p2a: Primarina|21/100 slp
|-curestatus|p2a: Primarina|slp|[msg]
|move|p2a: Primarina|Scald|p1a: Scizor
|-damage|p1a: Scizor|0 fnt
|faint|p1a: Scizor
|
|-weather|Sandstorm|[upkeep]
|-damage|p2a: Primarina|15/100|[from] Sandstorm
|upkeep
|
|t:|1665187450
|switch|p1a: Thundurus|Thundurus-Therian, M|100/100
|turn|38
|
|t:|1665187470
|switch|p2a: Hippowdon|Hippowdon, F|100/100
|-damage|p2a: Hippowdon|94/100|[from] Stealth Rock
|move|p1a: Thundurus|Volt Switch|p2a: Hippowdon
|-immune|p2a: Hippowdon
|
|-weather|Sandstorm|[upkeep]
|-damage|p1a: Thundurus|94/100|[from] Sandstorm
|-heal|p2a: Hippowdon|100/100|[from] item: Leftovers
|upkeep
|turn|39
|
|t:|1665187473
|switch|p2a: Umbreon|Umbreon, F|93/100
|-damage|p2a: Umbreon|80/100|[from] Stealth Rock
|move|p1a: Thundurus|Grass Knot|p2a: Umbreon
|-damage|p2a: Umbreon|69/100
|
|-weather|none
|-heal|p2a: Umbreon|75/100|[from] item: Leftovers
|upkeep
|turn|40
|
|t:|1665187483
|move|p1a: Thundurus|Focus Blast|p2a: Umbreon
|-supereffective|p2a: Umbreon
|-damage|p2a: Umbreon|32/100
|-unboost|p2a: Umbreon|spd|1
|move|p2a: Umbreon|Wish|p2a: Umbreon
|
|-heal|p2a: Umbreon|38/100|[from] item: Leftovers
|upkeep
|turn|41
|
|t:|1665187489
|move|p2a: Umbreon|Protect|p2a: Umbreon
|-singleturn|p2a: Umbreon|Protect
|move|p1a: Thundurus|Focus Blast|p2a: Umbreon
|-activate|p2a: Umbreon|move: Protect
|
|-heal|p2a: Umbreon|88/100|[from] move: Wish|[wisher] Umbreon
|-heal|p2a: Umbreon|94/100|[from] item: Leftovers
|upkeep
|turn|42
|
|t:|1665187505
|switch|p2a: Primarina|Primarina, M|15/100
|-damage|p2a: Primarina|3/100|[from] Stealth Rock
|move|p1a: Thundurus|Focus Blast|p2a: Primarina|[miss]
|-miss|p1a: Thundurus|p2a: Primarina
|
|upkeep
|turn|43
|
|t:|1665187517
|move|p1a: Thundurus|Grass Knot|p2a: Primarina
|-supereffective|p2a: Primarina
|-damage|p2a: Primarina|0 fnt
|faint|p2a: Primarina
|
|upkeep
|
|t:|1665187523
|switch|p2a: Noivern|Noivern, F|100/100
|turn|44
|
|t:|1665187536
|switch|p1a: Hippowdon|Hippowdon, F|100/100
|-weather|Sandstorm|[from] ability: Sand Stream|[of] p1a: Hippowdon
|move|p2a: Noivern|Draco Meteor|p1a: Hippowdon
|-damage|p1a: Hippowdon|56/100
|-unboost|p2a: Noivern|spa|2
|
|-weather|Sandstorm|[upkeep]
|-damage|p2a: Noivern|94/100|[from] Sandstorm
|-heal|p1a: Hippowdon|62/100|[from] item: Leftovers
|upkeep
|turn|45
|
|t:|1665187539
|move|p2a: Noivern|U-turn|p1a: Hippowdon
|-crit|p1a: Hippowdon
|-damage|p1a: Hippowdon|52/100
|
|t:|1665187542
|switch|p2a: Scizor|Scizor, M|56/100|[from]move: U-turn
|-damage|p2a: Scizor|44/100|[from] Stealth Rock
|move|p1a: Hippowdon|Slack Off|p1a: Hippowdon
|-heal|p1a: Hippowdon|100/100
|
|-weather|Sandstorm|[upkeep]
|upkeep
|turn|46
|
|t:|1665187551
|switch|p1a: Hydreigon|Hydreigon, M|77/100
|move|p2a: Scizor|Knock Off|p1a: Hydreigon
|-resisted|p1a: Hydreigon
|-damage|p1a: Hydreigon|64/100
|
|-weather|Sandstorm|[upkeep]
|-damage|p1a: Hydreigon|58/100|[from] Sandstorm
|upkeep
|turn|47
|
|t:|1665187558
|switch|p2a: Umbreon|Umbreon, F|94/100
|-damage|p2a: Umbreon|82/100|[from] Stealth Rock
|move|p1a: Hydreigon|U-turn|p2a: Umbreon
|-supereffective|p2a: Umbreon
|-damage|p2a: Umbreon|59/100
|
|t:|1665187566
|switch|p1a: Amoonguss|Amoonguss, F|94/100 brn|[from]move: U-turn
|
|-weather|Sandstorm|[upkeep]
|-damage|p2a: Umbreon|53/100|[from] Sandstorm
|-damage|p1a: Amoonguss|88/100 brn|[from] Sandstorm
|-heal|p2a: Umbreon|59/100|[from] item: Leftovers
|-damage|p1a: Amoonguss|81/100 brn|[from] brn
|upkeep
|turn|48
|
|t:|1665187574
|move|p2a: Umbreon|Protect|p2a: Umbreon
|-singleturn|p2a: Umbreon|Protect
|move|p1a: Amoonguss|Spore|p2a: Umbreon
|-activate|p2a: Umbreon|move: Protect
|
|-weather|none
|-heal|p2a: Umbreon|65/100|[from] item: Leftovers
|-damage|p1a: Amoonguss|75/100 brn|[from] brn
|upkeep
|turn|49
|j| ops idk
|inactive|Firelord Term has 120 seconds left.
|
|t:|1665187622
|switch|p2a: Necrozma|Necrozma|62/100
|-damage|p2a: Necrozma|49/100|[from] Stealth Rock
|move|p1a: Amoonguss|Spore|p2a: Necrozma
|-status|p2a: Necrozma|slp|[from] move: Spore
|
|-damage|p1a: Amoonguss|69/100 brn|[from] brn
|upkeep
|turn|50
|
|t:|1665187625
|switch|p2a: Hippowdon|Hippowdon, F|100/100
|-damage|p2a: Hippowdon|94/100|[from] Stealth Rock
|-weather|Sandstorm|[from] ability: Sand Stream|[of] p2a: Hippowdon
|move|p1a: Amoonguss|Foul Play|p2a: Hippowdon
|-damage|p2a: Hippowdon|87/100
|
|-weather|Sandstorm|[upkeep]
|-damage|p1a: Amoonguss|63/100 brn|[from] Sandstorm
|-heal|p2a: Hippowdon|93/100|[from] item: Leftovers
|-damage|p1a: Amoonguss|56/100 brn|[from] brn
|upkeep
|turn|51
|inactive|Firelord Term has 120 seconds left.
|
|t:|1665187634
|move|p2a: Hippowdon|Stealth Rock|p1a: Amoonguss
|-sidestart|p1: Firelord Term|move: Stealth Rock
|move|p1a: Amoonguss|Giga Drain|p2a: Hippowdon
|-supereffective|p2a: Hippowdon
|-damage|p2a: Hippowdon|54/100
|-heal|p1a: Amoonguss|75/100 brn|[from] drain|[of] p2a: Hippowdon
|
|-weather|Sandstorm|[upkeep]
|-damage|p1a: Amoonguss|69/100 brn|[from] Sandstorm
|-heal|p2a: Hippowdon|60/100|[from] item: Leftovers
|-damage|p1a: Amoonguss|63/100 brn|[from] brn
|upkeep
|turn|52
|
|t:|1665187642
|move|p2a: Hippowdon|Earthquake|p1a: Amoonguss
|-damage|p1a: Amoonguss|37/100 brn
|move|p1a: Amoonguss|Sludge Bomb|p2a: Hippowdon
|-resisted|p2a: Hippowdon
|-damage|p2a: Hippowdon|50/100
|
|-weather|Sandstorm|[upkeep]
|-damage|p1a: Amoonguss|31/100 brn|[from] Sandstorm
|-heal|p2a: Hippowdon|56/100|[from] item: Leftovers
|-damage|p1a: Amoonguss|25/100 brn|[from] brn
|upkeep
|turn|53
|
|t:|1665187652
|switch|p1a: Hydreigon|Hydreigon, M|58/100
|-damage|p1a: Hydreigon|46/100|[from] Stealth Rock
|move|p2a: Hippowdon|Toxic|p1a: Hydreigon|[miss]
|-miss|p2a: Hippowdon|p1a: Hydreigon
|
|-weather|Sandstorm|[upkeep]
|-damage|p1a: Hydreigon|40/100|[from] Sandstorm
|-heal|p2a: Hippowdon|62/100|[from] item: Leftovers
|upkeep
|turn|54
|inactive|Firelord Term has 120 seconds left.
|
|t:|1665187672
|move|p1a: Hydreigon|Draco Meteor|p2a: Hippowdon
|-damage|p2a: Hippowdon|7/100
|-unboost|p1a: Hydreigon|spa|2
|move|p2a: Hippowdon|Slack Off|p2a: Hippowdon
|-heal|p2a: Hippowdon|57/100
|
|-weather|none
|-heal|p2a: Hippowdon|63/100|[from] item: Leftovers
|upkeep
|turn|55
|
|t:|1665187685
|move|p1a: Hydreigon|U-turn|p2a: Hippowdon
|-damage|p2a: Hippowdon|54/100
|
|t:|1665187691
|switch|p1a: Amoonguss|Amoonguss, F|58/100 brn|[from]move: U-turn
|-damage|p1a: Amoonguss|45/100 brn|[from] Stealth Rock
|move|p2a: Hippowdon|Toxic||[still]
|-fail|p2a: Hippowdon
|
|-heal|p2a: Hippowdon|60/100|[from] item: Leftovers
|-damage|p1a: Amoonguss|39/100 brn|[from] brn
|upkeep
|turn|56
|
|t:|1665187698
|switch|p2a: Scizor|Scizor, M|44/100
|-damage|p2a: Scizor|32/100|[from] Stealth Rock
|switch|p1a: Thundurus|Thundurus-Therian, M|94/100
|
|upkeep
|turn|57
|
|t:|1665187717
|move|p2a: Scizor|Bullet Punch|p1a: Thundurus
|-resisted|p1a: Thundurus
|-damage|p1a: Thundurus|73/100
|move|p1a: Thundurus|Volt Switch|p2a: Scizor
|-damage|p2a: Scizor|0 fnt
|faint|p2a: Scizor
|
|t:|1665187741
|switch|p1a: Hippowdon|Hippowdon, F|100/100|[from]move: Volt Switch
|-damage|p1a: Hippowdon|94/100|[from] Stealth Rock
|-weather|Sandstorm|[from] ability: Sand Stream|[of] p1a: Hippowdon
|
|-weather|Sandstorm|[upkeep]
|-heal|p1a: Hippowdon|100/100|[from] item: Leftovers
|upkeep
|
|t:|1665187755
|switch|p2a: Noivern|Noivern, F|94/100
|turn|58
|
|t:|1665187763
|move|p2a: Noivern|U-turn|p1a: Hippowdon
|-crit|p1a: Hippowdon
|-damage|p1a: Hippowdon|89/100
|
|t:|1665187766
|switch|p2a: Umbreon|Umbreon, F|65/100|[from]move: U-turn
|-damage|p2a: Umbreon|53/100|[from] Stealth Rock
|move|p1a: Hippowdon|Slack Off|p1a: Hippowdon
|-heal|p1a: Hippowdon|100/100
|
|-weather|Sandstorm|[upkeep]
|-damage|p2a: Umbreon|47/100|[from] Sandstorm
|-heal|p2a: Umbreon|53/100|[from] item: Leftovers
|upkeep
|turn|59
|
|t:|1665187780
|switch|p1a: Amoonguss|Amoonguss, F|72/100 brn
|-damage|p1a: Amoonguss|60/100 brn|[from] Stealth Rock
|move|p2a: Umbreon|Wish|p2a: Umbreon
|
|-weather|Sandstorm|[upkeep]
|-damage|p2a: Umbreon|47/100|[from] Sandstorm
|-damage|p1a: Amoonguss|54/100 brn|[from] Sandstorm
|-heal|p2a: Umbreon|53/100|[from] item: Leftovers
|-damage|p1a: Amoonguss|47/100 brn|[from] brn
|upkeep
|turn|60
|
|t:|1665187790
|move|p2a: Umbreon|Foul Play|p1a: Amoonguss
|-crit|p1a: Amoonguss
|-damage|p1a: Amoonguss|19/100 brn
|move|p1a: Amoonguss|Sludge Bomb|p2a: Umbreon
|-damage|p2a: Umbreon|39/100
|
|-weather|Sandstorm|[upkeep]
|-damage|p2a: Umbreon|33/100|[from] Sandstorm
|-damage|p1a: Amoonguss|13/100 brn|[from] Sandstorm
|-heal|p2a: Umbreon|83/100|[from] move: Wish|[wisher] Umbreon
|-heal|p2a: Umbreon|89/100|[from] item: Leftovers
|-damage|p1a: Amoonguss|7/100 brn|[from] brn
|upkeep
|turn|61
|
|t:|1665187806
|switch|p1a: Hydreigon|Hydreigon, M|40/100
|-damage|p1a: Hydreigon|28/100|[from] Stealth Rock
|move|p2a: Umbreon|Wish|p2a: Umbreon
|
|-weather|none
|-heal|p2a: Umbreon|95/100|[from] item: Leftovers
|upkeep
|turn|62
|
|t:|1665187817
|switch|p2a: Hippowdon|Hippowdon, F|60/100
|-damage|p2a: Hippowdon|54/100|[from] Stealth Rock
|-weather|Sandstorm|[from] ability: Sand Stream|[of] p2a: Hippowdon
|move|p1a: Hydreigon|Defog|p2a: Hippowdon
|-unboost|p2a: Hippowdon|evasion|1
|-sideend|p2: Springerk|Stealth Rock|[from] move: Defog|[of] p1a: Hydreigon
|-sideend|p1: Firelord Term|Stealth Rock|[from] move: Defog|[of] p1a: Hydreigon
|
|-weather|Sandstorm|[upkeep]
|-damage|p1a: Hydreigon|21/100|[from] Sandstorm
|-heal|p2a: Hippowdon|100/100|[from] move: Wish|[wisher] Umbreon
|upkeep
|turn|63
|
|t:|1665187828
|move|p1a: Hydreigon|Dark Pulse|p2a: Hippowdon
|-damage|p2a: Hippowdon|64/100
|move|p2a: Hippowdon|Earthquake|p1a: Hydreigon
|-immune|p1a: Hydreigon|[from] ability: Levitate
|
|-weather|Sandstorm|[upkeep]
|-damage|p1a: Hydreigon|15/100|[from] Sandstorm
|-heal|p2a: Hippowdon|70/100|[from] item: Leftovers
|upkeep
|turn|64
|
|t:|1665187846
|move|p1a: Hydreigon|Dark Pulse|p2a: Hippowdon
|-damage|p2a: Hippowdon|36/100
|move|p2a: Hippowdon|Slack Off|p2a: Hippowdon
|-heal|p2a: Hippowdon|86/100
|
|-weather|Sandstorm|[upkeep]
|-damage|p1a: Hydreigon|9/100|[from] Sandstorm
|-heal|p2a: Hippowdon|92/100|[from] item: Leftovers
|upkeep
|turn|65
|
|t:|1665187858
|move|p1a: Hydreigon|Dark Pulse|p2a: Hippowdon
|-damage|p2a: Hippowdon|53/100
|move|p2a: Hippowdon|Stealth Rock|p1a: Hydreigon
|-sidestart|p1: Firelord Term|move: Stealth Rock
|
|-weather|Sandstorm|[upkeep]
|-damage|p1a: Hydreigon|3/100|[from] Sandstorm
|-heal|p2a: Hippowdon|59/100|[from] item: Leftovers
|upkeep
|turn|66
|
|t:|1665187871
|switch|p2a: Umbreon|Umbreon, F|95/100
|move|p1a: Hydreigon|Dark Pulse|p2a: Umbreon
|-resisted|p2a: Umbreon
|-damage|p2a: Umbreon|84/100
|
|-weather|none
|-heal|p2a: Umbreon|90/100|[from] item: Leftovers
|upkeep
|turn|67
|
|t:|1665187874
|move|p1a: Hydreigon|Defog|p2a: Umbreon
|-unboost|p2a: Umbreon|evasion|1
|-sideend|p1: Firelord Term|Stealth Rock|[from] move: Defog|[of] p1a: Hydreigon
|move|p2a: Umbreon|Wish|p2a: Umbreon
|
|-heal|p2a: Umbreon|96/100|[from] item: Leftovers
|upkeep
|turn|68
|
|t:|1665187882
|switch|p2a: Hippowdon|Hippowdon, F|59/100
|-weather|Sandstorm|[from] ability: Sand Stream|[of] p2a: Hippowdon
|move|p1a: Hydreigon|Draco Meteor|p2a: Hippowdon
|-damage|p2a: Hippowdon|1/100
|-unboost|p1a: Hydreigon|spa|2
|
|-weather|Sandstorm|[upkeep]
|-damage|p1a: Hydreigon|0 fnt|[from] Sandstorm
|faint|p1a: Hydreigon
|-heal|p2a: Hippowdon|48/100|[from] move: Wish|[wisher] Umbreon
|-heal|p2a: Hippowdon|54/100|[from] item: Leftovers
|upkeep
|
|t:|1665187892
|switch|p1a: Thundurus|Thundurus-Therian, M|73/100
|turn|69
|
|t:|1665187895
|switch|p2a: Umbreon|Umbreon, F|96/100
|move|p1a: Thundurus|Grass Knot|p2a: Umbreon
|-damage|p2a: Umbreon|85/100
|
|-weather|Sandstorm|[upkeep]
|-damage|p1a: Thundurus|67/100|[from] Sandstorm
|-damage|p2a: Umbreon|79/100|[from] Sandstorm
|-heal|p2a: Umbreon|85/100|[from] item: Leftovers
|upkeep
|turn|70
|
|t:|1665187915
|move|p1a: Thundurus|Focus Blast|p2a: Umbreon
|-supereffective|p2a: Umbreon
|-damage|p2a: Umbreon|36/100
|move|p2a: Umbreon|Foul Play|p1a: Thundurus
|-damage|p1a: Thundurus|23/100
|
|-weather|Sandstorm|[upkeep]
|-damage|p1a: Thundurus|17/100|[from] Sandstorm
|-damage|p2a: Umbreon|30/100|[from] Sandstorm
|-heal|p2a: Umbreon|36/100|[from] item: Leftovers
|upkeep
|turn|71
|
|t:|1665187928
|move|p2a: Umbreon|Protect|p2a: Umbreon
|-singleturn|p2a: Umbreon|Protect
|move|p1a: Thundurus|Focus Blast|p2a: Umbreon
|-activate|p2a: Umbreon|move: Protect
|
|-weather|Sandstorm|[upkeep]
|-damage|p1a: Thundurus|11/100|[from] Sandstorm
|-damage|p2a: Umbreon|30/100|[from] Sandstorm
|-heal|p2a: Umbreon|36/100|[from] item: Leftovers
|upkeep
|turn|72
|
|t:|1665187952
|switch|p2a: Noivern|Noivern, F|94/100
|move|p1a: Thundurus|Focus Blast|p2a: Noivern
|-resisted|p2a: Noivern
|-damage|p2a: Noivern|63/100
|
|-weather|none
|upkeep
|turn|73
|
|t:|1665187968
|move|p2a: Noivern|U-turn|p1a: Thundurus
|-resisted|p1a: Thundurus
|-damage|p1a: Thundurus|2/100
|
|t:|1665187971
|switch|p2a: Hippowdon|Hippowdon, F|54/100|[from]move: U-turn
|-weather|Sandstorm|[from] ability: Sand Stream|[of] p2a: Hippowdon
|move|p1a: Thundurus|Focus Blast|p2a: Hippowdon
|-damage|p2a: Hippowdon|15/100
|
|-weather|Sandstorm|[upkeep]
|-damage|p1a: Thundurus|0 fnt|[from] Sandstorm
|faint|p1a: Thundurus
|-heal|p2a: Hippowdon|22/100|[from] item: Leftovers
|upkeep
|
|t:|1665187981
|switch|p1a: Hippowdon|Hippowdon, F|100/100
|turn|74
|inactive|Springerk has 120 seconds left.
|
|t:|1665188037
|switch|p2a: Noivern|Noivern, F|63/100
|move|p1a: Hippowdon|Earthquake|p2a: Noivern
|-immune|p2a: Noivern
|
|-weather|Sandstorm|[upkeep]
|-damage|p2a: Noivern|57/100|[from] Sandstorm
|upkeep
|turn|75
|inactive|Springerk has 90 seconds left.
|
|t:|1665188054
|move|p2a: Noivern|Draco Meteor|p1a: Hippowdon
|-damage|p1a: Hippowdon|57/100
|-unboost|p2a: Noivern|spa|2
|move|p1a: Hippowdon|Earthquake|p2a: Noivern
|-immune|p2a: Noivern
|
|-weather|Sandstorm|[upkeep]
|-damage|p2a: Noivern|51/100|[from] Sandstorm
|-heal|p1a: Hippowdon|63/100|[from] item: Leftovers
|upkeep
|turn|76
|
|t:|1665188061
|move|p2a: Noivern|U-turn|p1a: Hippowdon
|-damage|p1a: Hippowdon|56/100
|
|t:|1665188065
|switch|p2a: Umbreon|Umbreon, F|36/100|[from]move: U-turn
|move|p1a: Hippowdon|Earthquake|p2a: Umbreon
|-damage|p2a: Umbreon|5/100
|
|-weather|Sandstorm|[upkeep]
|-damage|p2a: Umbreon|0 fnt|[from] Sandstorm
|faint|p2a: Umbreon
|-heal|p1a: Hippowdon|62/100|[from] item: Leftovers
|upkeep
|
|t:|1665188072
|switch|p2a: Hippowdon|Hippowdon, F|22/100
|turn|77
|
|t:|1665188074
|move|p1a: Hippowdon|Earthquake|p2a: Hippowdon
|-damage|p2a: Hippowdon|0 fnt
|faint|p2a: Hippowdon
|
|-weather|none
|-heal|p1a: Hippowdon|69/100|[from] item: Leftovers
|upkeep
|
|t:|1665188083
|switch|p2a: Noivern|Noivern, F|51/100
|turn|78
|
|t:|1665188094
|move|p2a: Noivern|Flamethrower|p1a: Hippowdon
|-damage|p1a: Hippowdon|47/100
|move|p1a: Hippowdon|Slack Off|p1a: Hippowdon
|-heal|p1a: Hippowdon|97/100
|
|-heal|p1a: Hippowdon|100/100|[from] item: Leftovers
|upkeep
|turn|79
|
|t:|1665188100
|move|p2a: Noivern|Flamethrower|p1a: Hippowdon
|-damage|p1a: Hippowdon|78/100
|move|p1a: Hippowdon|Earthquake|p2a: Noivern
|-immune|p2a: Noivern
|
|-heal|p1a: Hippowdon|84/100|[from] item: Leftovers
|upkeep
|turn|80
|
|t:|1665188107
|move|p2a: Noivern|Flamethrower|p1a: Hippowdon
|-damage|p1a: Hippowdon|62/100
|move|p1a: Hippowdon|Toxic|p2a: Noivern
|-status|p2a: Noivern|tox
|
|-heal|p1a: Hippowdon|68/100|[from] item: Leftovers
|-damage|p2a: Noivern|45/100 tox|[from] psn
|upkeep
|turn|81
|
|t:|1665188114
|move|p2a: Noivern|U-turn|p1a: Hippowdon
|-damage|p1a: Hippowdon|61/100
|
|t:|1665188117
|switch|p2a: Necrozma|Necrozma|49/100 slp|[from]move: U-turn
|move|p1a: Hippowdon|Slack Off|p1a: Hippowdon
|-heal|p1a: Hippowdon|100/100
|
|upkeep
|turn|82
|
|t:|1665188120
|cant|p2a: Necrozma|slp
|move|p1a: Hippowdon|Earthquake|p2a: Necrozma
|-damage|p2a: Necrozma|24/100 slp
|
|upkeep
|turn|83
|
|t:|1665188125
|cant|p2a: Necrozma|slp
|move|p1a: Hippowdon|Earthquake|p2a: Necrozma
|-damage|p2a: Necrozma|0 fnt
|faint|p2a: Necrozma
|
|upkeep
|-message|Springerk forfeited.
|
|win|Firelord Term
|raw|Firelord Term's rating: 1434 &rarr; <strong>1461</strong><br />(+27 for winning)
|raw|Springerk's rating: 1559 &rarr; <strong>1532</strong><br />(-27 for losing)
|l|☆Springerk
|c| UnstoppableUg|Supa packed
|c| UnstoppableUg|SUPA PACKED
||Ladder isn't responding, score probably updated but might not have (Request timeout).
|l|☆Firelord Term
