|j|☆Tiroloco
|j|☆Corporate Donkey
|t:|1657168065
|gametype|singles
|player|p1|Tiroloco|265|1343
|player|p2|Corporate Donkey|ingo|1423
|teamsize|p1|6
|teamsize|p2|6
|gen|8
|tier|[Gen 8] UU
|rated|
|rule|Sleep Clause Mod: Limit one foe put to sleep
|rule|Species Clause: Limit one of each Pokémon
|rule|OHKO Clause: OHKO moves are banned
|rule|Evasion Moves Clause: Evasion moves are banned
|rule|Endless Battle Clause: Forcing endless battles is banned
|rule|HP Percentage Mod: HP is shown in percentages
|rule|Dynamax Clause: You cannot dynamax
|clearpoke
|poke|p1|Chansey, F|
|poke|p1|Skarmory, M|
|poke|p1|Slowking, F|
|poke|p1|Umbreon, F|
|poke|p1|Avalugg, M|
|poke|p1|Nihilego|
|poke|p2|Hippowdon, F|
|poke|p2|Hydreigon, M|
|poke|p2|Thundurus-Therian, M|
|poke|p2|Cobalion|
|poke|p2|Primarina, F|
|poke|p2|Amoonguss, M|
|teampreview
|
|t:|1657168081
|start
|switch|p1a: Chansey|Chansey, F|100/100
|switch|p2a: Will Smith|Thundurus-Therian, M|100/100
|turn|1
|
|t:|1657168086
|move|p2a: Will Smith|Knock Off|p1a: Chansey
|-damage|p1a: Chansey|88/100
|-enditem|p1a: Chansey|Eviolite|[from] move: Knock Off|[of] p2a: Will Smith
|move|p1a: Chansey|Toxic|p2a: Will Smith
|-status|p2a: Will Smith|tox
|
|-damage|p2a: Will Smith|94/100 tox|[from] psn
|upkeep
|turn|2
|
|t:|1657168094
|move|p2a: Will Smith|Volt Switch|p1a: Chansey
|-damage|p1a: Chansey|71/100
|
|t:|1657168097
|switch|p2a: Sussus Mogus|Amoonguss, M|100/100|[from]move: Volt Switch
|move|p1a: Chansey|Stealth Rock|p2a: Sussus Mogus
|-sidestart|p2: Corporate Donkey|move: Stealth Rock
|
|upkeep
|turn|3
|
|t:|1657168106
|switch|p1a: Avalugg|Avalugg, M|100/100
|switch|p2a: Donna|Hippowdon, F|100/100
|-damage|p2a: Donna|94/100|[from] Stealth Rock
|-weather|Sandstorm|[from] ability: Sand Stream|[of] p2a: Donna
|
|-weather|Sandstorm|[upkeep]
|-damage|p1a: Avalugg|94/100|[from] Sandstorm
|-heal|p2a: Donna|100/100|[from] item: Leftovers
|upkeep
|turn|4
|
|t:|1657168119
|move|p2a: Donna|Stealth Rock|p1a: Avalugg
|-sidestart|p1: Tiroloco|move: Stealth Rock
|move|p1a: Avalugg|Iron Defense|p1a: Avalugg
|-boost|p1a: Avalugg|def|2
|
|-weather|Sandstorm|[upkeep]
|-damage|p1a: Avalugg|88/100|[from] Sandstorm
|upkeep
|turn|5
|
|t:|1657168126
|move|p2a: Donna|Toxic|p1a: Avalugg
|-status|p1a: Avalugg|tox
|move|p1a: Avalugg|Rapid Spin|p2a: Donna
|-damage|p2a: Donna|93/100
|-boost|p1a: Avalugg|spe|1
|-sideend|p1: Tiroloco|Stealth Rock|[from] move: Rapid Spin|[of] p1a: Avalugg
|
|-weather|Sandstorm|[upkeep]
|-damage|p1a: Avalugg|82/100 tox|[from] Sandstorm
|-heal|p2a: Donna|99/100|[from] item: Leftovers
|-damage|p1a: Avalugg|76/100 tox|[from] psn
|upkeep
|turn|6
|
|t:|1657168136
|move|p1a: Avalugg|Body Press|p2a: Donna
|-damage|p2a: Donna|48/100
|move|p2a: Donna|Stealth Rock|p1a: Avalugg
|-sidestart|p1: Tiroloco|move: Stealth Rock
|
|-weather|Sandstorm|[upkeep]
|-damage|p1a: Avalugg|70/100 tox|[from] Sandstorm
|-heal|p2a: Donna|55/100|[from] item: Leftovers
|-damage|p1a: Avalugg|58/100 tox|[from] psn
|upkeep
|turn|7
|
|t:|1657168148
|move|p1a: Avalugg|Rapid Spin|p2a: Donna
|-damage|p2a: Donna|46/100
|-boost|p1a: Avalugg|spe|1
|-sideend|p1: Tiroloco|Stealth Rock|[from] move: Rapid Spin|[of] p1a: Avalugg
|move|p2a: Donna|Slack Off|p2a: Donna
|-heal|p2a: Donna|96/100
|
|-weather|none
|-heal|p2a: Donna|100/100|[from] item: Leftovers
|-damage|p1a: Avalugg|40/100 tox|[from] psn
|upkeep
|turn|8
|
|t:|1657168158
|switch|p1a: Slowking|Slowking, F|100/100
|move|p2a: Donna|Stealth Rock|p1a: Slowking
|-sidestart|p1: Tiroloco|move: Stealth Rock
|
|upkeep
|turn|9
|
|t:|1657168164
|switch|p2a: Will Smith|Thundurus-Therian, M|94/100 tox
|move|p1a: Slowking|Scald|p2a: Will Smith
|-damage|p2a: Will Smith|58/100 tox
|
|-damage|p2a: Will Smith|52/100 tox|[from] psn
|upkeep
|turn|10
|
|t:|1657168178
|move|p2a: Will Smith|Volt Switch|p1a: Slowking
|-supereffective|p1a: Slowking
|-damage|p1a: Slowking|42/100
|
|t:|1657168182
|switch|p2a: Ricardo|Hydreigon, M|100/100|[from]move: Volt Switch
|-damage|p2a: Ricardo|88/100|[from] Stealth Rock
|move|p1a: Slowking|Slack Off|p1a: Slowking
|-heal|p1a: Slowking|92/100
|
|upkeep
|turn|11
|
|t:|1657168206
|switch|p1a: Nihilego|Nihilego|100/100
|-damage|p1a: Nihilego|88/100|[from] Stealth Rock
|move|p2a: Ricardo|Dark Pulse|p1a: Nihilego
|-damage|p1a: Nihilego|58/100
|
|-heal|p1a: Nihilego|64/100|[from] item: Black Sludge
|upkeep
|turn|12
|
|t:|1657168216
|switch|p2a: Horacio|Cobalion|100/100
|-damage|p2a: Horacio|97/100|[from] Stealth Rock
|move|p1a: Nihilego|Sludge Wave|p2a: Horacio
|-immune|p2a: Horacio
|
|-heal|p1a: Nihilego|70/100|[from] item: Black Sludge
|upkeep
|turn|13
|
|t:|1657168224
|switch|p2a: Sirena|Primarina, F|100/100
|-damage|p2a: Sirena|88/100|[from] Stealth Rock
|switch|p1a: Skarmory|Skarmory, M|100/100
|-damage|p1a: Skarmory|88/100|[from] Stealth Rock
|
|upkeep
|turn|14
|
|t:|1657168237
|switch|p2a: Horacio|Cobalion|97/100
|-damage|p2a: Horacio|94/100|[from] Stealth Rock
|switch|p1a: Nihilego|Nihilego|70/100
|-damage|p1a: Nihilego|58/100|[from] Stealth Rock
|
|-heal|p1a: Nihilego|64/100|[from] item: Black Sludge
|upkeep
|turn|15
|
|t:|1657168246
|switch|p2a: Will Smith|Thundurus-Therian, M|52/100 tox
|switch|p1a: Skarmory|Skarmory, M|88/100
|-damage|p1a: Skarmory|76/100|[from] Stealth Rock
|
|-damage|p2a: Will Smith|46/100 tox|[from] psn
|upkeep
|turn|16
|
|t:|1657168260
|switch|p1a: Chansey|Chansey, F|71/100
|-damage|p1a: Chansey|59/100|[from] Stealth Rock
|move|p2a: Will Smith|Volt Switch|p1a: Chansey
|-damage|p1a: Chansey|40/100
|
|t:|1657168271
|switch|p2a: Horacio|Cobalion|94/100|[from]move: Volt Switch
|-damage|p2a: Horacio|91/100|[from] Stealth Rock
|
|upkeep
|turn|17
|
|t:|1657168277
|move|p2a: Horacio|Close Combat|p1a: Chansey
|-supereffective|p1a: Chansey
|-damage|p1a: Chansey|0 fnt
|-unboost|p2a: Horacio|def|1
|-unboost|p2a: Horacio|spd|1
|faint|p1a: Chansey
|
|upkeep
|
|t:|1657168285
|switch|p1a: Slowking|Slowking, F|100/100
|-damage|p1a: Slowking|88/100|[from] Stealth Rock
|turn|18
|
|t:|1657168292
|switch|p2a: Ricardo|Hydreigon, M|88/100
|-damage|p2a: Ricardo|76/100|[from] Stealth Rock
|move|p1a: Slowking|Scald|p2a: Ricardo
|-resisted|p2a: Ricardo
|-damage|p2a: Ricardo|61/100
|
|upkeep
|turn|19
|
|t:|1657168300
|move|p2a: Ricardo|U-turn|p1a: Slowking
|-supereffective|p1a: Slowking
|-damage|p1a: Slowking|68/100
|
|t:|1657168302
|switch|p2a: Sirena|Primarina, F|88/100|[from]move: U-turn
|-damage|p2a: Sirena|76/100|[from] Stealth Rock
|move|p1a: Slowking|Calm Mind|p1a: Slowking
|-boost|p1a: Slowking|spa|1
|-boost|p1a: Slowking|spd|1
|
|upkeep
|turn|20
|
|t:|1657168310
|move|p2a: Sirena|Moonblast|p1a: Slowking
|-damage|p1a: Slowking|29/100
|move|p1a: Slowking|Slack Off|p1a: Slowking
|-heal|p1a: Slowking|79/100
|
|upkeep
|turn|21
|
|t:|1657168319
|switch|p2a: Will Smith|Thundurus-Therian, M|46/100 tox
|move|p1a: Slowking|Scald|p2a: Will Smith
|-crit|p2a: Will Smith
|-damage|p2a: Will Smith|0 fnt
|faint|p2a: Will Smith
|
|upkeep
|
|t:|1657168322
|switch|p2a: Sussus Mogus|Amoonguss, M|100/100
|-damage|p2a: Sussus Mogus|88/100|[from] Stealth Rock
|turn|22
|
|t:|1657168329
|move|p1a: Slowking|Psychic|p2a: Sussus Mogus
|-supereffective|p2a: Sussus Mogus
|-damage|p2a: Sussus Mogus|7/100
|move|p2a: Sussus Mogus|Spore|p1a: Slowking
|-status|p1a: Slowking|slp|[from] move: Spore
|
|upkeep
|turn|23
|
|t:|1657168340
|switch|p1a: Nihilego|Nihilego|64/100
|-damage|p1a: Nihilego|52/100|[from] Stealth Rock
|move|p2a: Sussus Mogus|Seed Bomb|p1a: Nihilego
|-damage|p1a: Nihilego|4/100
|
|-heal|p1a: Nihilego|11/100|[from] item: Black Sludge
|upkeep
|turn|24
|
|t:|1657168350
|switch|p2a: Horacio|Cobalion|91/100
|-damage|p2a: Horacio|88/100|[from] Stealth Rock
|move|p1a: Nihilego|Knock Off|p2a: Horacio
|-resisted|p2a: Horacio
|-damage|p2a: Horacio|83/100
|-ability|p2a: Horacio|Justified|boost
|-boost|p2a: Horacio|atk|1
|-enditem|p2a: Horacio|Safety Goggles|[from] move: Knock Off|[of] p1a: Nihilego
|
|-heal|p1a: Nihilego|17/100|[from] item: Black Sludge
|upkeep
|turn|25
|
|t:|1657168393
|switch|p1a: Skarmory|Skarmory, M|76/100
|-damage|p1a: Skarmory|64/100|[from] Stealth Rock
|move|p2a: Horacio|Swords Dance|p2a: Horacio
|-boost|p2a: Horacio|atk|2
|
|upkeep
|turn|26
|
|t:|1657168400
|move|p2a: Horacio|Close Combat|p1a: Skarmory
|-damage|p1a: Skarmory|0 fnt
|-unboost|p2a: Horacio|def|1
|-unboost|p2a: Horacio|spd|1
|-damage|p2a: Horacio|66/100|[from] item: Rocky Helmet|[of] p1a: Skarmory
|faint|p1a: Skarmory
|
|upkeep
|-message|Tiroloco forfeited.
|
|win|Corporate Donkey
|raw|Tiroloco's rating: 1343 &rarr; <strong>1328</strong><br />(-15 for losing)
|raw|Corporate Donkey's rating: 1423 &rarr; <strong>1438</strong><br />(+15 for winning)
|l|☆Tiroloco
||Ladder isn't responding, score probably updated but might not have (Request timeout).
