|j|☆Draconic Echo
|j|☆SwitchingIsGreat
|t:|1661745314
|gametype|singles
|player|p1|Draconic Echo|gladion|1389
|player|p2|SwitchingIsGreat|101|1513
|teamsize|p1|6
|teamsize|p2|6
|gen|8
|tier|[Gen 8] UU
|rated|
|rule|Sleep Clause Mod: Limit one foe put to sleep
|rule|Species Clause: Limit one of each Pokémon
|rule|OHKO Clause: OHKO moves are banned
|rule|Evasion Items Clause: Evasion items are banned
|rule|Evasion Moves Clause: Evasion moves are banned
|rule|Endless Battle Clause: Forcing endless battles is banned
|rule|HP Percentage Mod: HP is shown in percentages
|rule|Dynamax Clause: You cannot dynamax
|clearpoke
|poke|p1|Keldeo-Resolute|
|poke|p1|Zygarde-10%|
|poke|p1|Silvally-*|
|poke|p1|Slowking, F|
|poke|p1|Salamence, M|
|poke|p1|Mamoswine, F|
|poke|p2|Slowking, F|
|poke|p2|Keldeo-Resolute|
|poke|p2|Nihilego|
|poke|p2|Mamoswine, M|
|poke|p2|Zarude|
|poke|p2|Skarmory, F|
|teampreview
|
|t:|1661745329
|start
|switch|p1a: Silv|Silvally-Steel|100/100
|switch|p2a: Slowking|Slowking, F|100/100
|turn|1
|
|t:|1661745332
|move|p1a: Silv|Thunderbolt|p2a: Slowking
|-supereffective|p2a: Slowking
|-damage|p2a: Slowking|63/100
|move|p2a: Slowking|Scald|p1a: Silv
|-crit|p1a: Silv
|-damage|p1a: Silv|56/100
|-status|p1a: Silv|brn
|
|-damage|p1a: Silv|50/100 brn|[from] brn
|upkeep
|turn|2
|
|t:|1661745344
|move|p1a: Silv|Thunderbolt|p2a: Slowking
|-supereffective|p2a: Slowking
|-damage|p2a: Slowking|24/100
|-status|p2a: Slowking|par
|move|p2a: Slowking|Teleport|p2a: Slowking
|
|t:|1661745355
|switch|p2a: Keldeo|Keldeo-Resolute|100/100|[from]move: Teleport
|
|-damage|p1a: Silv|44/100 brn|[from] brn
|upkeep
|turn|3
|
|t:|1661745360
|switch|p1a: Slowqueen|Slowking, F|100/100
|move|p2a: Keldeo|Secret Sword|p1a: Slowqueen
|-resisted|p1a: Slowqueen
|-crit|p1a: Slowqueen
|-damage|p1a: Slowqueen|69/100
|
|upkeep
|turn|4
|
|t:|1661745363
|switch|p2a: Slowking|Slowking, F|57/100 par
|move|p1a: Slowqueen|Future Sight|p2a: Slowking
|-start|p1a: Slowqueen|move: Future Sight
|
|upkeep
|turn|5
|
|t:|1661745368
|switch|p1a: Truffle|Mamoswine, F|100/100
|move|p2a: Slowking|Future Sight|p1a: Truffle
|-start|p2a: Slowking|move: Future Sight
|
|upkeep
|turn|6
|
|t:|1661745371
|switch|p2a: Skarmory|Skarmory, F|100/100
|move|p1a: Truffle|Knock Off|p2a: Skarmory
|-damage|p2a: Skarmory|77/100
|-damage|p1a: Truffle|84/100|[from] item: Rocky Helmet|[of] p2a: Skarmory
|-enditem|p2a: Skarmory|Rocky Helmet|[from] move: Knock Off|[of] p1a: Truffle
|
|-end|p2a: Skarmory|move: Future Sight
|-resisted|p2a: Skarmory
|-damage|p2a: Skarmory|47/100
|upkeep
|turn|7
|
|t:|1661745384
|switch|p1a: Slowqueen|Slowking, F|100/100
|move|p2a: Skarmory|Spikes|p1a: Slowqueen
|-sidestart|p1: Draconic Echo|Spikes
|
|-end|p1a: Slowqueen|move: Future Sight
|-resisted|p1a: Slowqueen
|-damage|p1a: Slowqueen|92/100
|upkeep
|turn|8
|
|t:|1661745390
|switch|p2a: Zarude|Zarude|100/100
|move|p1a: Slowqueen|Scald|p2a: Zarude
|-resisted|p2a: Zarude
|-damage|p2a: Zarude|85/100
|
|upkeep
|turn|9
|
|t:|1661745396
|switch|p1a: Temeraire|Salamence, M|100/100
|-ability|p1a: Temeraire|Intimidate|boost
|-unboost|p2a: Zarude|atk|1
|move|p2a: Zarude|U-turn|p1a: Temeraire
|-resisted|p1a: Temeraire
|-damage|p1a: Temeraire|95/100
|
|t:|1661745398
|switch|p2a: Nihilego|Nihilego|100/100|[from]move: U-turn
|
|upkeep
|turn|10
|
|t:|1661745404
|switch|p1a: Slowqueen|Slowking, F|100/100
|-damage|p1a: Slowqueen|88/100|[from] Spikes
|move|p2a: Nihilego|Power Gem|p1a: Slowqueen
|-damage|p1a: Slowqueen|71/100
|
|upkeep
|turn|11
|
|t:|1661745409
|move|p2a: Nihilego|Stealth Rock|p1a: Slowqueen
|-sidestart|p1: Draconic Echo|move: Stealth Rock
|move|p1a: Slowqueen|Future Sight|p2a: Nihilego
|-start|p1a: Slowqueen|move: Future Sight
|
|upkeep
|turn|12
|
|t:|1661745419
|move|p2a: Nihilego|Sludge Bomb|p1a: Slowqueen
|-damage|p1a: Slowqueen|51/100
|move|p1a: Slowqueen|Scald|p2a: Nihilego
|-supereffective|p2a: Nihilego
|-damage|p2a: Nihilego|56/100
|-status|p2a: Nihilego|brn
|
|-heal|p2a: Nihilego|62/100 brn|[from] item: Black Sludge
|-damage|p2a: Nihilego|56/100 brn|[from] brn
|upkeep
|turn|13
|
|t:|1661745423
|switch|p2a: Zarude|Zarude|85/100
|switch|p1a: Temeraire|Salamence, M|95/100
|-ability|p1a: Temeraire|Intimidate|boost
|-unboost|p2a: Zarude|atk|1
|
|-end|p2a: Zarude|move: Future Sight
|-immune|p2a: Zarude
|upkeep
|turn|14
|
|t:|1661745426
|move|p2a: Zarude|U-turn|p1a: Temeraire
|-resisted|p1a: Temeraire
|-damage|p1a: Temeraire|90/100
|
|t:|1661745428
|switch|p2a: Nihilego|Nihilego|56/100 brn|[from]move: U-turn
|move|p1a: Temeraire|Defog|p2a: Nihilego
|-unboost|p2a: Nihilego|evasion|1
|-sideend|p1: Draconic Echo|Spikes|[from] move: Defog|[of] p1a: Temeraire
|-sideend|p1: Draconic Echo|Stealth Rock|[from] move: Defog|[of] p1a: Temeraire
|
|-heal|p2a: Nihilego|62/100 brn|[from] item: Black Sludge
|-damage|p2a: Nihilego|56/100 brn|[from] brn
|upkeep
|turn|15
|inactive|Battle timer is ON: inactive players will automatically lose when time's up. (requested by SwitchingIsGreat)
|
|t:|1661745455
|switch|p1a: Slowqueen|Slowking, F|85/100
|move|p2a: Nihilego|Stealth Rock|p1a: Slowqueen
|-sidestart|p1: Draconic Echo|move: Stealth Rock
|
|-heal|p2a: Nihilego|62/100 brn|[from] item: Black Sludge
|-damage|p2a: Nihilego|56/100 brn|[from] brn
|upkeep
|turn|16
|
|t:|1661745468
|switch|p2a: Zarude|Zarude|85/100
|move|p1a: Slowqueen|Future Sight|p2a: Zarude
|-start|p1a: Slowqueen|move: Future Sight
|
|upkeep
|turn|17
|
|t:|1661745474
|switch|p1a: Temeraire|Salamence, M|90/100
|-ability|p1a: Temeraire|Intimidate|boost
|-unboost|p2a: Zarude|atk|1
|move|p2a: Zarude|Darkest Lariat|p1a: Temeraire
|-damage|p1a: Temeraire|69/100
|
|upkeep
|turn|18
|
|t:|1661745480
|move|p2a: Zarude|Darkest Lariat|p1a: Temeraire
|-damage|p1a: Temeraire|48/100
|move|p1a: Temeraire|Hurricane|p2a: Zarude
|-supereffective|p2a: Zarude
|-damage|p2a: Zarude|7/100
|
|-end|p2a: Zarude|move: Future Sight
|-immune|p2a: Zarude
|upkeep
|turn|19
|
|t:|1661745482
|switch|p2a: Mamoswine|Mamoswine, M|100/100
|move|p1a: Temeraire|Roost|p1a: Temeraire
|-heal|p1a: Temeraire|98/100
|-singleturn|p1a: Temeraire|move: Roost
|
|upkeep
|turn|20
|
|t:|1661745494
|switch|p1a: Kels|Keldeo-Resolute|100/100
|-damage|p1a: Kels|94/100|[from] Stealth Rock
|move|p2a: Mamoswine|Knock Off|p1a: Kels
|-resisted|p1a: Kels
|-damage|p1a: Kels|68/100
|-ability|p1a: Kels|Justified|boost
|-boost|p1a: Kels|atk|1
|-enditem|p1a: Kels|Leftovers|[from] move: Knock Off|[of] p2a: Mamoswine
|-damage|p2a: Mamoswine|91/100|[from] item: Life Orb
|
|upkeep
|turn|21
|
|t:|1661745514
|switch|p1a: Slowqueen|Slowking, F|100/100
|-damage|p1a: Slowqueen|88/100|[from] Stealth Rock
|switch|p2a: Slowking|Slowking, F|91/100 par
|
|upkeep
|turn|22
|
|t:|1661745522
|move|p1a: Slowqueen|Future Sight|p2a: Slowking
|-start|p1a: Slowqueen|move: Future Sight
|move|p2a: Slowking|Future Sight|p1a: Slowqueen
|-start|p2a: Slowking|move: Future Sight
|
|upkeep
|turn|23
|
|t:|1661745525
|move|p1a: Slowqueen|Scald|p2a: Slowking
|-resisted|p2a: Slowking
|-damage|p2a: Slowking|79/100 par
|move|p2a: Slowking|Teleport|p2a: Slowking
|
|t:|1661745530
|switch|p2a: Zarude|Zarude|7/100|[from]move: Teleport
|
|upkeep
|turn|24
|
|t:|1661745536
|switch|p1a: Silv|Silvally-Steel|44/100 brn
|-damage|p1a: Silv|38/100 brn|[from] Stealth Rock
|move|p2a: Zarude|Darkest Lariat|p1a: Silv
|-crit|p1a: Silv
|-damage|p1a: Silv|0 fnt
|faint|p1a: Silv
|
|-end|p2a: Zarude|move: Future Sight
|-immune|p2a: Zarude
|-hint|Future Sight did not hit because the target is fainted.
|upkeep
|
|t:|1661745545
|switch|p1a: Truffle|Mamoswine, F|84/100
|-damage|p1a: Truffle|71/100|[from] Stealth Rock
|turn|25
|
|t:|1661745549
|switch|p2a: Slowking|Slowking, F|100/100 par
|move|p1a: Truffle|Stealth Rock|p2a: Slowking
|-sidestart|p2: SwitchingIsGreat|move: Stealth Rock
|
|upkeep
|turn|26
|
|t:|1661745554
|move|p1a: Truffle|Knock Off|p2a: Slowking
|-supereffective|p2a: Slowking
|-enditem|p2a: Slowking|Colbur Berry|[eat]
|-enditem|p2a: Slowking|Colbur Berry|[weaken]
|-damage|p2a: Slowking|76/100 par
|move|p2a: Slowking|Scald|p1a: Truffle
|-supereffective|p1a: Truffle
|-damage|p1a: Truffle|0 fnt
|faint|p1a: Truffle
|
|upkeep
|
|t:|1661745572
|switch|p1a: Zy|Zygarde-10%|100/100
|-damage|p1a: Zy|94/100|[from] Stealth Rock
|-ability|p1a: Zy|Aura Break
|turn|27
|
|t:|1661745577
|move|p1a: Zy|Thousand Arrows|p2a: Slowking
|-damage|p2a: Slowking|36/100 par
|cant|p2a: Slowking|par
|
|upkeep
|turn|28
|
|t:|1661745581
|switch|p2a: Mamoswine|Mamoswine, M|91/100
|-damage|p2a: Mamoswine|78/100|[from] Stealth Rock
|move|p1a: Zy|Thousand Arrows|p2a: Mamoswine
|-damage|p2a: Mamoswine|14/100
|
|upkeep
|turn|29
|c|☆SwitchingIsGreat|bro?
|c|☆Draconic Echo|?
|c|☆SwitchingIsGreat|ehh
|c|☆SwitchingIsGreat|somebody clicked for me
|inactive|SwitchingIsGreat has 120 seconds left.
|c|☆Draconic Echo|.....
|c|☆Draconic Echo|huh
|c|☆SwitchingIsGreat|._.
|c|☆Draconic Echo|sorry
|c|☆SwitchingIsGreat|I didn't switch mamo directly
|c|☆SwitchingIsGreat|I clicked teleport
|c|☆SwitchingIsGreat|I para
|c|☆SwitchingIsGreat|wtf
|inactive|SwitchingIsGreat has 90 seconds left.
|
|t:|1661745645
|switch|p1a: Kels|Keldeo-Resolute|68/100
|-damage|p1a: Kels|61/100|[from] Stealth Rock
|move|p2a: Mamoswine|Earthquake|p1a: Kels
|-damage|p1a: Kels|0 fnt
|faint|p1a: Kels
|-damage|p2a: Mamoswine|4/100|[from] item: Life Orb
|
|upkeep
|c|☆Draconic Echo|wonder if thats a glitch of some sort
|c|☆SwitchingIsGreat|perhaps
|
|t:|1661745655
|switch|p1a: Zy|Zygarde-10%|94/100
|-damage|p1a: Zy|88/100|[from] Stealth Rock
|-ability|p1a: Zy|Aura Break
|turn|30
|c|☆SwitchingIsGreat|I need to see the replay
|
|t:|1661745665
|move|p1a: Zy|Extreme Speed|p2a: Mamoswine
|-damage|p2a: Mamoswine|0 fnt
|faint|p2a: Mamoswine
|
|upkeep
|
|t:|1661745671
|switch|p2a: Keldeo|Keldeo-Resolute|100/100
|-damage|p2a: Keldeo|94/100|[from] Stealth Rock
|turn|31
|
|t:|1661745674
|switch|p1a: Slowqueen|Slowking, F|100/100
|-damage|p1a: Slowqueen|88/100|[from] Stealth Rock
|move|p2a: Keldeo|Calm Mind|p2a: Keldeo
|-boost|p2a: Keldeo|spa|1
|-boost|p2a: Keldeo|spd|1
|
|-heal|p2a: Keldeo|100/100|[from] item: Leftovers
|upkeep
|turn|32
|
|t:|1661745682
|move|p2a: Keldeo|Calm Mind|p2a: Keldeo
|-boost|p2a: Keldeo|spa|1
|-boost|p2a: Keldeo|spd|1
|move|p1a: Slowqueen|Psyshock|p2a: Keldeo
|-supereffective|p2a: Keldeo
|-damage|p2a: Keldeo|39/100
|
|-heal|p2a: Keldeo|45/100|[from] item: Leftovers
|upkeep
|turn|33
|
|t:|1661745685
|move|p2a: Keldeo|Air Slash|p1a: Slowqueen
|-damage|p1a: Slowqueen|66/100
|move|p1a: Slowqueen|Psyshock|p2a: Keldeo
|-supereffective|p2a: Keldeo
|-damage|p2a: Keldeo|0 fnt
|faint|p2a: Keldeo
|
|upkeep
|inactive|SwitchingIsGreat has 120 seconds left.
|c|☆SwitchingIsGreat|ah
|c|☆SwitchingIsGreat|that sucked
|c|☆SwitchingIsGreat|so much
|-message|SwitchingIsGreat forfeited.
|
|win|Draconic Echo
|raw|Draconic Echo's rating: 1389 &rarr; <strong>1416</strong><br />(+27 for winning)
|raw|SwitchingIsGreat's rating: 1513 &rarr; <strong>1486</strong><br />(-27 for losing)
