|j|☆EliotEnRetar
|j|☆sousnake
|t:|1664530418
|gametype|singles
|player|p1|EliotEnRetar|falkner|1496
|player|p2|sousnake|2|1427
|teamsize|p1|6
|teamsize|p2|6
|gen|8
|tier|[Gen 8] UU
|rated|
|rule|Sleep Clause Mod: Limit one foe put to sleep
|rule|Species Clause: Limit one of each Pokémon
|rule|OHKO Clause: OHKO moves are banned
|rule|Evasion Items Clause: Evasion items are banned
|rule|Evasion Moves Clause: Evasion moves are banned
|rule|Endless Battle Clause: Forcing endless battles is banned
|rule|HP Percentage Mod: HP is shown in percentages
|rule|Dynamax Clause: You cannot dynamax
|clearpoke
|poke|p1|Darmanitan, M|
|poke|p1|Zygarde-10%|
|poke|p1|Rotom-Wash|
|poke|p1|Jirachi|
|poke|p1|Drapion, M|
|poke|p1|Tapu Bulu|
|poke|p2|Nidoking, M|
|poke|p2|Celesteela|
|poke|p2|Rotom-Wash|
|poke|p2|Mamoswine, M|
|poke|p2|Chansey, F|
|poke|p2|Jirachi|
|teampreview
|inactive|Battle timer is ON: inactive players will automatically lose when time's up. (requested by EliotEnRetar)
|inactive|sousnake has 120 seconds left.
|inactive|sousnake has 90 seconds left.
|inactive|sousnake has 60 seconds left.
|
|t:|1664530554
|start
|switch|p1a: Cauet Burger|Rotom-Wash|100/100
|switch|p2a: Rotom|Rotom-Wash|100/100
|turn|1
|
|t:|1664530560
|switch|p2a: Chansey|Chansey, F|100/100
|move|p1a: Cauet Burger|Volt Switch|p2a: Chansey
|-damage|p2a: Chansey|92/100
|
|t:|1664530565
|switch|p1a: ZZCC|Drapion, M|100/100|[from]move: Volt Switch
|
|upkeep
|turn|2
|
|t:|1664530570
|move|p1a: ZZCC|Swords Dance|p1a: ZZCC
|-boost|p1a: ZZCC|atk|2
|move|p2a: Chansey|Stealth Rock|p1a: ZZCC
|-sidestart|p1: EliotEnRetar|move: Stealth Rock
|
|upkeep
|turn|3
|
|t:|1664530577
|move|p1a: ZZCC|Knock Off|p2a: Chansey
|-damage|p2a: Chansey|30/100
|-enditem|p2a: Chansey|Eviolite|[from] move: Knock Off|[of] p1a: ZZCC
|-damage|p1a: ZZCC|91/100|[from] item: Life Orb
|move|p2a: Chansey|Teleport|p2a: Chansey
|j| sbycyy
|
|t:|1664530594
|switch|p2a: Rotom|Rotom-Wash|100/100|[from]move: Teleport
|
|upkeep
|turn|4
|
|t:|1664530602
|move|p1a: ZZCC|Knock Off|p2a: Rotom
|-damage|p2a: Rotom|17/100
|-enditem|p2a: Rotom|Leftovers|[from] move: Knock Off|[of] p1a: ZZCC
|-damage|p1a: ZZCC|81/100|[from] item: Life Orb
|move|p2a: Rotom|Volt Switch|p1a: ZZCC
|-damage|p1a: ZZCC|40/100
|
|t:|1664530609
|switch|p2a: Mamoswine|Mamoswine, M|100/100|[from]move: Volt Switch
|
|upkeep
|turn|5
|
|t:|1664530614
|move|p2a: Mamoswine|Ice Shard|p1a: ZZCC
|-damage|p1a: ZZCC|5/100
|move|p1a: ZZCC|Aqua Tail|p2a: Mamoswine
|-supereffective|p2a: Mamoswine
|-damage|p2a: Mamoswine|0 fnt
|faint|p2a: Mamoswine
|-damage|p1a: ZZCC|0 fnt|[from] item: Life Orb
|faint|p1a: ZZCC
|
|upkeep
|
|t:|1664530624
|switch|p1a: Fabriste Yoghurt|Zygarde-10%|100/100
|switch|p2a: Nidoking|Nidoking, M|100/100
|-damage|p1a: Fabriste Yoghurt|94/100|[from] Stealth Rock
|-ability|p1a: Fabriste Yoghurt|Aura Break
|turn|6
|
|t:|1664530641
|switch|p2a: Rotom|Rotom-Wash|17/100
|move|p1a: Fabriste Yoghurt|Thousand Arrows|p2a: Rotom
|-supereffective|p2a: Rotom
|-damage|p2a: Rotom|0 fnt
|faint|p2a: Rotom
|
|upkeep
|
|t:|1664530648
|switch|p2a: Celesteela|Celesteela|100/100
|turn|7
|
|t:|1664530653
|move|p1a: Fabriste Yoghurt|Thousand Arrows|p2a: Celesteela
|-damage|p2a: Celesteela|41/100
|-start|p2a: Celesteela|Smack Down
|move|p2a: Celesteela|Autotomize|p2a: Celesteela
|-boost|p2a: Celesteela|spe|2
|-start|p2a: Celesteela|Autotomize
|
|upkeep
|turn|8
|
|t:|1664530663
|move|p2a: Celesteela|Air Slash|p1a: Fabriste Yoghurt
|-damage|p1a: Fabriste Yoghurt|33/100
|move|p1a: Fabriste Yoghurt|Thousand Arrows|p2a: Celesteela
|-supereffective|p2a: Celesteela
|-damage|p2a: Celesteela|0 fnt
|faint|p2a: Celesteela
|
|upkeep
|-message|sousnake forfeited.
|
|win|EliotEnRetar
|raw|EliotEnRetar's rating: 1496 &rarr; <strong>1512</strong><br />(+16 for winning)
|raw|sousnake's rating: 1427 &rarr; <strong>1411</strong><br />(-16 for losing)
|l|☆sousnake
|l|☆EliotEnRetar
||Ladder isn't responding, score probably updated but might not have (Request timeout).
