|j|☆Springerk
|j|☆pickler
|t:|1654972172
|gametype|singles
|player|p1|Springerk|tuberf|1430
|player|p2|pickler|169|1351
|teamsize|p1|6
|teamsize|p2|6
|gen|8
|tier|[Gen 8] UU
|rated|
|rule|Sleep Clause Mod: Limit one foe put to sleep
|rule|Species Clause: Limit one of each Pokémon
|rule|OHKO Clause: OHKO moves are banned
|rule|Evasion Moves Clause: Evasion moves are banned
|rule|Endless Battle Clause: Forcing endless battles is banned
|rule|HP Percentage Mod: HP is shown in percentages
|rule|Dynamax Clause: You cannot dynamax
|clearpoke
|poke|p1|Guzzlord|
|poke|p1|Moltres|
|poke|p1|Jirachi|
|poke|p1|Zygarde-10%|
|poke|p1|Keldeo-Resolute|
|poke|p1|Tapu Bulu|
|poke|p2|Crawdaunt, F|
|poke|p2|Nihilego|
|poke|p2|Celesteela|
|poke|p2|Gyarados, M|
|poke|p2|Rotom-Heat|
|poke|p2|Tangrowth, M|
|teampreview
|
|t:|1654972180
|start
|switch|p1a: Guzzlord|Guzzlord|100/100
|switch|p2a: Gyarados|Gyarados, M|100/100
|turn|1
|
|t:|1654972188
|move|p2a: Gyarados|Dragon Dance|p2a: Gyarados
|-boost|p2a: Gyarados|atk|1
|-boost|p2a: Gyarados|spe|1
|move|p1a: Guzzlord|Knock Off|p2a: Gyarados
|-damage|p2a: Gyarados|16/100
|-enditem|p2a: Gyarados|Lum Berry|[from] move: Knock Off|[of] p1a: Guzzlord
|
|upkeep
|turn|2
|
|t:|1654972195
|move|p2a: Gyarados|Ice Fang|p1a: Guzzlord
|-supereffective|p1a: Guzzlord
|-damage|p1a: Guzzlord|50/100
|cant|p1a: Guzzlord|flinch
|
|upkeep
|turn|3
|
|t:|1654972210
|switch|p1a: Keldeo|Keldeo-Resolute|100/100
|move|p2a: Gyarados|Ice Fang|p1a: Keldeo
|-resisted|p1a: Keldeo
|-damage|p1a: Keldeo|79/100
|
|-heal|p1a: Keldeo|85/100|[from] item: Leftovers
|upkeep
|turn|4
|
|t:|1654972213
|switch|p1a: Moltres|Moltres|100/100
|move|p2a: Gyarados|Power Whip|p1a: Moltres
|-resisted|p1a: Moltres
|-damage|p1a: Moltres|81/100
|
|upkeep
|turn|5
|
|t:|1654972219
|switch|p1a: Tapu Bulu|Tapu Bulu|100/100
|-fieldstart|move: Grassy Terrain|[from] ability: Grassy Surge|[of] p1a: Tapu Bulu
|move|p2a: Gyarados|Waterfall|p1a: Tapu Bulu
|-resisted|p1a: Tapu Bulu
|-damage|p1a: Tapu Bulu|76/100
|
|-heal|p1a: Tapu Bulu|82/100|[from] Grassy Terrain
|upkeep
|turn|6
|
|t:|1654972222
|move|p2a: Gyarados|Ice Fang|p1a: Tapu Bulu
|-supereffective|p1a: Tapu Bulu
|-damage|p1a: Tapu Bulu|30/100
|-status|p1a: Tapu Bulu|frz
|cant|p1a: Tapu Bulu|frz
|
|-heal|p1a: Tapu Bulu|37/100 frz|[from] Grassy Terrain
|upkeep
|turn|7
|
|t:|1654972230
|move|p2a: Gyarados|Ice Fang|p1a: Tapu Bulu|[miss]
|-miss|p2a: Gyarados|p1a: Tapu Bulu
|cant|p1a: Tapu Bulu|frz
|
|-heal|p1a: Tapu Bulu|43/100 frz|[from] Grassy Terrain
|upkeep
|turn|8
|
|t:|1654972236
|move|p2a: Gyarados|Ice Fang|p1a: Tapu Bulu
|-supereffective|p1a: Tapu Bulu
|-damage|p1a: Tapu Bulu|0 fnt
|faint|p1a: Tapu Bulu
|-ability|p2a: Gyarados|Moxie|boost
|-boost|p2a: Gyarados|atk|1
|
|upkeep
|
|t:|1654972239
|switch|p1a: Zygarde|Zygarde-10%|100/100
|-ability|p1a: Zygarde|Aura Break
|turn|9
|
|t:|1654972242
|move|p1a: Zygarde|Extreme Speed|p2a: Gyarados
|-damage|p2a: Gyarados|0 fnt
|faint|p2a: Gyarados
|
|-fieldend|move: Grassy Terrain
|upkeep
|
|t:|1654972247
|switch|p2a: Tangrowth|Tangrowth, M|100/100
|turn|10
|
|t:|1654972253
|switch|p1a: Jirachi|Jirachi|100/100
|move|p2a: Tangrowth|Knock Off|p1a: Jirachi
|-supereffective|p1a: Jirachi
|-damage|p1a: Jirachi|63/100
|-enditem|p1a: Jirachi|Leftovers|[from] move: Knock Off|[of] p2a: Tangrowth
|
|upkeep
|turn|11
|
|t:|1654972257
|move|p1a: Jirachi|Stealth Rock|p2a: Tangrowth
|-sidestart|p2: pickler|move: Stealth Rock
|move|p2a: Tangrowth|Earthquake|p1a: Jirachi
|-supereffective|p1a: Jirachi
|-damage|p1a: Jirachi|23/100
|
|upkeep
|turn|12
|
|t:|1654972265
|move|p1a: Jirachi|U-turn|p2a: Tangrowth
|-supereffective|p2a: Tangrowth
|-damage|p2a: Tangrowth|77/100
|
|t:|1654972268
|switch|p1a: Moltres|Moltres|81/100|[from]move: U-turn
|move|p2a: Tangrowth|Earthquake|p1a: Moltres
|-immune|p1a: Moltres
|
|upkeep
|turn|13
|
|t:|1654972272
|move|p1a: Moltres|U-turn|p2a: Tangrowth
|-supereffective|p2a: Tangrowth
|-damage|p2a: Tangrowth|54/100
|
|t:|1654972278
|switch|p1a: Jirachi|Jirachi|23/100|[from]move: U-turn
|move|p2a: Tangrowth|Knock Off|p1a: Jirachi
|-supereffective|p1a: Jirachi
|-damage|p1a: Jirachi|0 fnt
|faint|p1a: Jirachi
|
|upkeep
|
|t:|1654972285
|switch|p1a: Guzzlord|Guzzlord|50/100
|turn|14
|
|t:|1654972289
|move|p1a: Guzzlord|Knock Off|p2a: Tangrowth
|-damage|p2a: Tangrowth|9/100
|-enditem|p2a: Tangrowth|Assault Vest|[from] move: Knock Off|[of] p1a: Guzzlord
|move|p2a: Tangrowth|Giga Drain|p1a: Guzzlord
|-resisted|p1a: Guzzlord
|-damage|p1a: Guzzlord|37/100
|-heal|p2a: Tangrowth|19/100|[from] drain|[of] p1a: Guzzlord
|
|upkeep
|turn|15
|
|t:|1654972294
|move|p1a: Guzzlord|Knock Off|p2a: Tangrowth
|-damage|p2a: Tangrowth|0 fnt
|faint|p2a: Tangrowth
|-ability|p1a: Guzzlord|Beast Boost|boost
|-boost|p1a: Guzzlord|atk|1
|
|upkeep
|
|t:|1654972299
|switch|p2a: Nihilego|Nihilego|100/100
|-damage|p2a: Nihilego|88/100|[from] Stealth Rock
|turn|16
|
|t:|1654972306
|switch|p1a: Keldeo|Keldeo-Resolute|85/100
|move|p2a: Nihilego|Meteor Beam||[still]
|-prepare|p2a: Nihilego|Meteor Beam
|-boost|p2a: Nihilego|spa|1
|-enditem|p2a: Nihilego|Power Herb
|-anim|p2a: Nihilego|Meteor Beam|p1a: Keldeo
|-resisted|p1a: Keldeo
|-damage|p1a: Keldeo|37/100
|
|-heal|p1a: Keldeo|43/100|[from] item: Leftovers
|upkeep
|turn|17
|
|t:|1654972316
|move|p1a: Keldeo|Scald|p2a: Nihilego
|-supereffective|p2a: Nihilego
|-damage|p2a: Nihilego|23/100
|move|p2a: Nihilego|Thunderbolt|p1a: Keldeo
|-supereffective|p1a: Keldeo
|-damage|p1a: Keldeo|0 fnt
|faint|p1a: Keldeo
|-ability|p2a: Nihilego|Beast Boost|boost
|-boost|p2a: Nihilego|spe|1
|
|upkeep
|
|t:|1654972323
|switch|p1a: Zygarde|Zygarde-10%|100/100
|-ability|p1a: Zygarde|Aura Break
|turn|18
|
|t:|1654972328
|move|p2a: Nihilego|Sludge Wave|p1a: Zygarde
|-resisted|p1a: Zygarde
|-damage|p1a: Zygarde|47/100
|move|p1a: Zygarde|Thousand Arrows|p2a: Nihilego
|-supereffective|p2a: Nihilego
|-damage|p2a: Nihilego|0 fnt
|faint|p2a: Nihilego
|
|upkeep
|
|t:|1654972332
|switch|p2a: Celesteela|Celesteela|100/100
|-damage|p2a: Celesteela|88/100|[from] Stealth Rock
|turn|19
|
|t:|1654972337
|move|p1a: Zygarde|Thousand Arrows|p2a: Celesteela
|-damage|p2a: Celesteela|36/100
|-start|p2a: Celesteela|Smack Down
|move|p2a: Celesteela|Leech Seed|p1a: Zygarde
|-start|p1a: Zygarde|move: Leech Seed
|
|-heal|p2a: Celesteela|42/100|[from] item: Leftovers
|-damage|p1a: Zygarde|34/100|[from] Leech Seed|[of] p2a: Celesteela
|-heal|p2a: Celesteela|50/100|[silent]
|upkeep
|turn|20
|
|t:|1654972343
|switch|p1a: Moltres|Moltres|81/100
|move|p2a: Celesteela|Protect||[still]
|-fail|p2a: Celesteela
|
|-heal|p2a: Celesteela|56/100|[from] item: Leftovers
|upkeep
|turn|21
|
|t:|1654972349
|switch|p2a: Rotom|Rotom-Heat|100/100
|move|p1a: Moltres|Flamethrower|p2a: Rotom
|-resisted|p2a: Rotom
|-damage|p2a: Rotom|78/100
|
|upkeep
|turn|22
|
|t:|1654972353
|move|p1a: Moltres|Roost|p1a: Moltres
|-heal|p1a: Moltres|100/100
|-singleturn|p1a: Moltres|move: Roost
|move|p2a: Rotom|Toxic|p1a: Moltres
|-status|p1a: Moltres|tox
|
|-damage|p1a: Moltres|94/100 tox|[from] psn
|upkeep
|turn|23
|
|t:|1654972358
|switch|p1a: Zygarde|Zygarde-10%|34/100
|-ability|p1a: Zygarde|Aura Break
|move|p2a: Rotom|Overheat|p1a: Zygarde
|-resisted|p1a: Zygarde
|-damage|p1a: Zygarde|0 fnt
|-unboost|p2a: Rotom|spa|2
|faint|p1a: Zygarde
|
|upkeep
|
|t:|1654972363
|switch|p1a: Guzzlord|Guzzlord|37/100
|turn|24
|
|t:|1654972366
|move|p2a: Rotom|Toxic|p1a: Guzzlord
|-status|p1a: Guzzlord|tox
|move|p1a: Guzzlord|Knock Off|p2a: Rotom
|-damage|p2a: Rotom|9/100
|-enditem|p2a: Rotom|Heavy-Duty Boots|[from] move: Knock Off|[of] p1a: Guzzlord
|
|-damage|p1a: Guzzlord|31/100 tox|[from] psn
|upkeep
|turn|25
|
|t:|1654972371
|move|p2a: Rotom|Volt Switch|p1a: Guzzlord
|-resisted|p1a: Guzzlord
|-damage|p1a: Guzzlord|25/100 tox
|
|t:|1654972375
|switch|p2a: Celesteela|Celesteela|56/100|[from]move: Volt Switch
|-damage|p2a: Celesteela|44/100|[from] Stealth Rock
|move|p1a: Guzzlord|Knock Off|p2a: Celesteela
|-damage|p2a: Celesteela|0 fnt
|-enditem|p2a: Celesteela|Leftovers|[from] move: Knock Off|[of] p1a: Guzzlord
|faint|p2a: Celesteela
|-ability|p1a: Guzzlord|Beast Boost|boost
|-boost|p1a: Guzzlord|atk|1
|
|-damage|p1a: Guzzlord|13/100 tox|[from] psn
|upkeep
|
|t:|1654972377
|switch|p2a: Rotom|Rotom-Heat|9/100
|-damage|p2a: Rotom|0 fnt|[from] Stealth Rock
|faint|p2a: Rotom
|
|t:|1654972379
|switch|p2a: Crawdaunt|Crawdaunt, F, shiny|100/100
|-damage|p2a: Crawdaunt|88/100|[from] Stealth Rock
|turn|26
|
|t:|1654972383
|move|p2a: Crawdaunt|Aqua Jet|p1a: Guzzlord
|-resisted|p1a: Guzzlord
|-damage|p1a: Guzzlord|0 fnt
|faint|p1a: Guzzlord
|-damage|p2a: Crawdaunt|78/100|[from] item: Life Orb
|
|upkeep
|
|t:|1654972385
|switch|p1a: Moltres|Moltres|94/100 tox
|turn|27
|
|t:|1654972388
|move|p1a: Moltres|Hurricane|p2a: Crawdaunt|[miss]
|-miss|p1a: Moltres|p2a: Crawdaunt
|move|p2a: Crawdaunt|Swords Dance|p2a: Crawdaunt
|-boost|p2a: Crawdaunt|atk|2
|
|-damage|p1a: Moltres|88/100 tox|[from] psn
|upkeep
|turn|28
|
|t:|1654972394
|move|p2a: Crawdaunt|Aqua Jet|p1a: Moltres
|-supereffective|p1a: Moltres
|-damage|p1a: Moltres|0 fnt
|faint|p1a: Moltres
|-damage|p2a: Crawdaunt|69/100|[from] item: Life Orb
|
|win|pickler
|raw|Springerk's rating: 1430 &rarr; <strong>1406</strong><br />(-24 for losing)
|raw|pickler's rating: 1351 &rarr; <strong>1375</strong><br />(+24 for winning)
|l|☆pickler
