|raw|<div class="broadcast-blue"><strong>This battle is required to be public due to a player having a name starting with 'uult92q'.</div>
|j|☆chiharu haru
|j|☆UULT92Q pif
|t:|1652620807
|gametype|singles
|player|p1|chiharu haru|yellow|1608
|player|p2|UULT92Q pif|#uutrio2ladder|1712
|teamsize|p1|6
|teamsize|p2|6
|gen|8
|tier|[Gen 8] UU
|rated|
|rule|Sleep Clause Mod: Limit one foe put to sleep
|rule|Species Clause: Limit one of each Pokémon
|rule|OHKO Clause: OHKO moves are banned
|rule|Evasion Moves Clause: Evasion moves are banned
|rule|Endless Battle Clause: Forcing endless battles is banned
|rule|HP Percentage Mod: HP is shown in percentages
|rule|Dynamax Clause: You cannot dynamax
|clearpoke
|poke|p1|Primarina, M|
|poke|p1|Aegislash, F|
|poke|p1|Cobalion|
|poke|p1|Amoonguss, F|
|poke|p1|Salamence, F|
|poke|p1|Zygarde-10%|
|poke|p2|Thundurus-Therian, M|
|poke|p2|Zarude|
|poke|p2|Crobat, M|
|poke|p2|Cobalion|
|poke|p2|Slowking, F|
|poke|p2|Mamoswine, F|
|teampreview
|
|t:|1652620834
|start
|switch|p1a: Amoonguss|Amoonguss, F|100/100
|switch|p2a: think PINK|Slowking, F|100/100
|turn|1
|
|t:|1652620841
|move|p1a: Amoonguss|Spore|p2a: think PINK
|-status|p2a: think PINK|slp|[from] move: Spore
|cant|p2a: think PINK|slp
|
|upkeep
|turn|2
|
|t:|1652620849
|switch|p1a: Aegislash|Aegislash, F|100/100
|-curestatus|p2a: think PINK|slp|[msg]
|move|p2a: think PINK|Future Sight|p1a: Aegislash
|-start|p2a: think PINK|move: Future Sight
|
|upkeep
|turn|3
|
|t:|1652620855
|switch|p2a: funky monky|Zarude|100/100
|move|p1a: Aegislash|Toxic|p2a: funky monky
|-status|p2a: funky monky|tox
|
|-damage|p2a: funky monky|95/100 tox|[from] psn
|upkeep
|turn|4
|
|t:|1652620871
|move|p2a: funky monky|Jungle Healing|p2a: funky monky
|-heal|p2a: funky monky|100/100 tox
|-curestatus|p2a: funky monky|tox|[msg]
|-formechange|p1a: Aegislash|Aegislash-Blade||[from] ability: Stance Change
|move|p1a: Aegislash|Close Combat|p2a: funky monky
|-supereffective|p2a: funky monky
|-damage|p2a: funky monky|34/100
|-unboost|p1a: Aegislash|def|1
|-unboost|p1a: Aegislash|spd|1
|
|-end|p1a: Aegislash|move: Future Sight
|-resisted|p1a: Aegislash
|-damage|p1a: Aegislash|48/100
|-heal|p1a: Aegislash|54/100|[from] item: Leftovers
|upkeep
|turn|5
|
|t:|1652620877
|switch|p1a: Cobalion|Cobalion|100/100
|move|p2a: funky monky|Jungle Healing|p2a: funky monky
|-heal|p2a: funky monky|59/100
|
|upkeep
|turn|6
|
|t:|1652620888
|switch|p2a: think PINK|Slowking, F|100/100
|move|p1a: Cobalion|Stealth Rock|p2a: think PINK
|-sidestart|p2: UULT92Q pif|move: Stealth Rock
|
|upkeep
|turn|7
|
|t:|1652620893
|move|p1a: Cobalion|Volt Switch|p2a: think PINK
|-supereffective|p2a: think PINK
|-damage|p2a: think PINK|79/100
|
|t:|1652620894
|switch|p1a: Aegislash|Aegislash, F|54/100|[from]move: Volt Switch
|move|p2a: think PINK|Future Sight|p1a: Aegislash
|-start|p2a: think PINK|move: Future Sight
|
|-heal|p1a: Aegislash|60/100|[from] item: Leftovers
|upkeep
|turn|8
|
|t:|1652620909
|switch|p1a: Primarina|Primarina, M|100/100
|move|p2a: think PINK|Scald|p1a: Primarina
|-resisted|p1a: Primarina
|-damage|p1a: Primarina|91/100
|-status|p1a: Primarina|brn
|
|-heal|p1a: Primarina|97/100 brn|[from] item: Leftovers
|-damage|p1a: Primarina|91/100 brn|[from] brn
|upkeep
|turn|9
|
|t:|1652620919
|move|p1a: Primarina|Moonblast|p2a: think PINK
|-damage|p2a: think PINK|49/100
|move|p2a: think PINK|Teleport|p2a: think PINK
|
|t:|1652620928
|switch|p2a: funky monky|Zarude|59/100|[from]move: Teleport
|
|-end|p1a: Primarina|move: Future Sight
|-damage|p1a: Primarina|63/100 brn
|-heal|p1a: Primarina|69/100 brn|[from] item: Leftovers
|-damage|p1a: Primarina|63/100 brn|[from] brn
|upkeep
|turn|10
|
|t:|1652620953
|switch|p2a: iron willed sheep|Cobalion|100/100
|-damage|p2a: iron willed sheep|97/100|[from] Stealth Rock
|switch|p1a: Amoonguss|Amoonguss, F|100/100
|
|upkeep
|turn|11
|
|t:|1652620962
|move|p2a: iron willed sheep|Stealth Rock|p1a: Amoonguss
|-sidestart|p1: chiharu haru|move: Stealth Rock
|move|p1a: Amoonguss|Spore|p2a: iron willed sheep
|-status|p2a: iron willed sheep|slp|[from] move: Spore
|
|upkeep
|turn|12
|
|t:|1652620971
|switch|p2a: howdy mr cloudy|Thundurus-Therian, M|100/100
|switch|p1a: Aegislash|Aegislash, F|60/100
|-damage|p1a: Aegislash|54/100|[from] Stealth Rock
|
|-heal|p1a: Aegislash|60/100|[from] item: Leftovers
|upkeep
|turn|13
|
|t:|1652620978
|move|p1a: Aegislash|King's Shield|p1a: Aegislash
|-singleturn|p1a: Aegislash|Protect
|move|p2a: howdy mr cloudy|Volt Switch|p1a: Aegislash
|-activate|p1a: Aegislash|move: Protect
|
|-heal|p1a: Aegislash|67/100|[from] item: Leftovers
|upkeep
|turn|14
|
|t:|1652620988
|move|p2a: howdy mr cloudy|Volt Switch|p1a: Aegislash
|-damage|p1a: Aegislash|39/100
|
|t:|1652620993
|switch|p2a: funky monky|Zarude|59/100|[from]move: Volt Switch
|-formechange|p1a: Aegislash|Aegislash-Blade||[from] ability: Stance Change
|move|p1a: Aegislash|Shadow Ball|p2a: funky monky
|-resisted|p2a: funky monky
|-damage|p2a: funky monky|38/100
|
|-heal|p1a: Aegislash|45/100|[from] item: Leftovers
|upkeep
|turn|15
|j| UULT92Q ASK
|
|t:|1652620999
|switch|p1a: Cobalion|Cobalion|100/100
|-damage|p1a: Cobalion|97/100|[from] Stealth Rock
|move|p2a: funky monky|Darkest Lariat|p1a: Cobalion
|-resisted|p1a: Cobalion
|-damage|p1a: Cobalion|80/100
|-damage|p2a: funky monky|22/100|[from] item: Rocky Helmet|[of] p1a: Cobalion
|-ability|p1a: Cobalion|Justified|boost
|-boost|p1a: Cobalion|atk|1
|
|upkeep
|turn|16
|
|t:|1652621012
|move|p1a: Cobalion|Stone Edge|p2a: funky monky|[miss]
|-miss|p1a: Cobalion|p2a: funky monky
|move|p2a: funky monky|Jungle Healing|p2a: funky monky
|-heal|p2a: funky monky|47/100
|
|upkeep
|turn|17
|
|t:|1652621019
|switch|p2a: think PINK|Slowking, F|82/100
|-damage|p2a: think PINK|70/100|[from] Stealth Rock
|move|p1a: Cobalion|Stone Edge|p2a: think PINK|[miss]
|-miss|p1a: Cobalion|p2a: think PINK
|
|upkeep
|turn|18
|
|t:|1652621054
|move|p1a: Cobalion|Volt Switch|p2a: think PINK
|-supereffective|p2a: think PINK
|-crit|p2a: think PINK
|-damage|p2a: think PINK|37/100
|
|t:|1652621056
|switch|p1a: Primarina|Primarina, M|63/100 brn|[from]move: Volt Switch
|-damage|p1a: Primarina|51/100 brn|[from] Stealth Rock
|move|p2a: think PINK|Slack Off|p2a: think PINK
|-heal|p2a: think PINK|87/100
|
|-heal|p1a: Primarina|57/100 brn|[from] item: Leftovers
|-damage|p1a: Primarina|51/100 brn|[from] brn
|upkeep
|turn|19
|
|t:|1652621061
|move|p1a: Primarina|Rest|p1a: Primarina
|-status|p1a: Primarina|slp|[from] move: Rest
|-heal|p1a: Primarina|100/100 slp|[silent]
|move|p2a: think PINK|Future Sight|p1a: Primarina
|-start|p2a: think PINK|move: Future Sight
|
|upkeep
|turn|20
|
|t:|1652621063
|cant|p1a: Primarina|slp
|move|p1a: Primarina|Sleep Talk|p1a: Primarina
|move|p1a: Primarina|Rest||[from]move: Sleep Talk|[still]
|-fail|p1a: Primarina
|move|p2a: think PINK|Teleport|p2a: think PINK
|
|t:|1652621086
|switch|p2a: howdy mr cloudy|Thundurus-Therian, M|100/100|[from]move: Teleport
|
|upkeep
|turn|21
|
|t:|1652621090
|move|p2a: howdy mr cloudy|Volt Switch|p1a: Primarina
|-supereffective|p1a: Primarina
|-damage|p1a: Primarina|49/100 slp
|
|t:|1652621097
|switch|p2a: think PINK|Slowking, F|100/100|[from]move: Volt Switch
|-damage|p2a: think PINK|88/100|[from] Stealth Rock
|cant|p1a: Primarina|slp
|move|p1a: Primarina|Sleep Talk|p1a: Primarina
|move|p1a: Primarina|Scald|p2a: think PINK|[from]move: Sleep Talk
|-resisted|p2a: think PINK
|-damage|p2a: think PINK|75/100
|
|-end|p1a: Primarina|move: Future Sight
|-damage|p1a: Primarina|21/100 slp
|-heal|p1a: Primarina|27/100 slp|[from] item: Leftovers
|upkeep
|turn|22
|
|t:|1652621108
|-curestatus|p1a: Primarina|slp|[msg]
|move|p1a: Primarina|Moonblast|p2a: think PINK
|-damage|p2a: think PINK|45/100
|move|p2a: think PINK|Future Sight|p1a: Primarina
|-start|p2a: think PINK|move: Future Sight
|
|-heal|p1a: Primarina|33/100|[from] item: Leftovers
|upkeep
|turn|23
|
|t:|1652621113
|move|p1a: Primarina|Rest|p1a: Primarina
|-status|p1a: Primarina|slp|[from] move: Rest
|-heal|p1a: Primarina|100/100 slp|[silent]
|move|p2a: think PINK|Teleport|p2a: think PINK
|
|t:|1652621126
|switch|p2a: funky monky|Zarude|47/100|[from]move: Teleport
|
|upkeep
|turn|24
|
|t:|1652621133
|switch|p1a: Salamence|Salamence, F|100/100
|-ability|p1a: Salamence|Intimidate|boost
|-unboost|p2a: funky monky|atk|1
|move|p2a: funky monky|Power Whip|p1a: Salamence
|-resisted|p1a: Salamence
|-damage|p1a: Salamence|91/100
|
|-end|p1a: Salamence|move: Future Sight
|-damage|p1a: Salamence|48/100
|upkeep
|turn|25
|
|t:|1652621145
|move|p2a: funky monky|U-turn|p1a: Salamence
|-resisted|p1a: Salamence
|-damage|p1a: Salamence|40/100
|
|t:|1652621170
|switch|p2a: think PINK|Slowking, F|78/100|[from]move: U-turn
|-damage|p2a: think PINK|65/100|[from] Stealth Rock
|move|p1a: Salamence|Roost|p1a: Salamence
|-heal|p1a: Salamence|91/100
|-singleturn|p1a: Salamence|move: Roost
|
|upkeep
|turn|26
|
|t:|1652621176
|move|p1a: Salamence|Hurricane|p2a: think PINK
|-damage|p2a: think PINK|30/100
|move|p2a: think PINK|Teleport|p2a: think PINK
|
|t:|1652621184
|switch|p2a: howdy mr cloudy|Thundurus-Therian, M|100/100|[from]move: Teleport
|
|upkeep
|turn|27
|
|t:|1652621195
|move|p2a: howdy mr cloudy|Psychic|p1a: Salamence
|-damage|p1a: Salamence|53/100
|move|p1a: Salamence|Roost|p1a: Salamence
|-heal|p1a: Salamence|100/100
|-singleturn|p1a: Salamence|move: Roost
|
|upkeep
|turn|28
|
|t:|1652621200
|move|p2a: howdy mr cloudy|Psychic|p1a: Salamence
|-damage|p1a: Salamence|66/100
|move|p1a: Salamence|Flamethrower|p2a: howdy mr cloudy
|-damage|p2a: howdy mr cloudy|68/100
|
|upkeep
|turn|29
|
|t:|1652621205
|move|p2a: howdy mr cloudy|Volt Switch|p1a: Salamence
|-damage|p1a: Salamence|21/100
|
|t:|1652621208
|switch|p2a: meme-o-swine|Mamoswine, F|100/100|[from]move: Volt Switch
|-damage|p2a: meme-o-swine|88/100|[from] Stealth Rock
|move|p1a: Salamence|Roost|p1a: Salamence
|-heal|p1a: Salamence|71/100
|-singleturn|p1a: Salamence|move: Roost
|
|upkeep
|turn|30
|
|t:|1652621228
|switch|p1a: Cobalion|Cobalion|80/100
|-damage|p1a: Cobalion|77/100|[from] Stealth Rock
|move|p2a: meme-o-swine|Earthquake|p1a: Cobalion
|-supereffective|p1a: Cobalion
|-damage|p1a: Cobalion|0 fnt
|faint|p1a: Cobalion
|
|upkeep
|
|t:|1652621311
|switch|p1a: Primarina|Primarina, M|100/100 slp
|-damage|p1a: Primarina|88/100 slp|[from] Stealth Rock
|turn|31
|
|t:|1652621366
|switch|p2a: think PINK|Slowking, F|63/100
|-damage|p2a: think PINK|51/100|[from] Stealth Rock
|switch|p1a: Salamence|Salamence, F|71/100
|-ability|p1a: Salamence|Intimidate|boost
|-unboost|p2a: think PINK|atk|1
|
|upkeep
|turn|32
|
|t:|1652621374
|switch|p1a: Aegislash|Aegislash, F|45/100
|-damage|p1a: Aegislash|39/100|[from] Stealth Rock
|move|p2a: think PINK|Slack Off|p2a: think PINK
|-heal|p2a: think PINK|100/100
|
|-heal|p1a: Aegislash|45/100|[from] item: Leftovers
|upkeep
|turn|33
|
|t:|1652621414
|switch|p2a: funky monky|Zarude|47/100
|move|p1a: Aegislash|Toxic|p2a: funky monky
|-status|p2a: funky monky|tox
|
|-heal|p1a: Aegislash|51/100|[from] item: Leftovers
|-damage|p2a: funky monky|41/100 tox|[from] psn
|upkeep
|turn|34
|
|t:|1652621434
|move|p2a: funky monky|Jungle Healing|p2a: funky monky
|-heal|p2a: funky monky|66/100 tox
|-curestatus|p2a: funky monky|tox|[msg]
|-formechange|p1a: Aegislash|Aegislash-Blade||[from] ability: Stance Change
|move|p1a: Aegislash|Close Combat|p2a: funky monky
|-supereffective|p2a: funky monky
|-damage|p2a: funky monky|0 fnt
|-unboost|p1a: Aegislash|def|1
|-unboost|p1a: Aegislash|spd|1
|faint|p2a: funky monky
|
|-heal|p1a: Aegislash|57/100|[from] item: Leftovers
|upkeep
|
|t:|1652621437
|switch|p2a: meme-o-swine|Mamoswine, F|88/100
|-damage|p2a: meme-o-swine|76/100|[from] Stealth Rock
|turn|35
|
|t:|1652621443
|-formechange|p1a: Aegislash|Aegislash||[from] ability: Stance Change
|move|p1a: Aegislash|King's Shield|p1a: Aegislash
|-singleturn|p1a: Aegislash|Protect
|move|p2a: meme-o-swine|Icicle Crash|p1a: Aegislash
|-activate|p1a: Aegislash|move: Protect
|
|-heal|p1a: Aegislash|63/100|[from] item: Leftovers
|upkeep
|turn|36
|
|t:|1652621459
|switch|p1a: Salamence|Salamence, F|71/100
|-ability|p1a: Salamence|Intimidate|boost
|-unboost|p2a: meme-o-swine|atk|1
|move|p2a: meme-o-swine|Knock Off|p1a: Salamence
|-damage|p1a: Salamence|47/100
|-enditem|p1a: Salamence|Heavy-Duty Boots|[from] move: Knock Off|[of] p2a: meme-o-swine
|
|upkeep
|turn|37
|
|t:|1652621484
|switch|p1a: Primarina|Primarina, M|88/100 slp
|-damage|p1a: Primarina|76/100 slp|[from] Stealth Rock
|move|p2a: meme-o-swine|Ice Shard|p1a: Primarina
|-resisted|p1a: Primarina
|-damage|p1a: Primarina|66/100 slp
|
|-heal|p1a: Primarina|72/100 slp|[from] item: Leftovers
|upkeep
|turn|38
|
|t:|1652621494
|switch|p2a: think PINK|Slowking, F|100/100
|-damage|p2a: think PINK|88/100|[from] Stealth Rock
|cant|p1a: Primarina|slp
|move|p1a: Primarina|Sleep Talk|p1a: Primarina
|move|p1a: Primarina|Scald|p2a: think PINK|[from]move: Sleep Talk
|-resisted|p2a: think PINK
|-damage|p2a: think PINK|74/100
|
|-heal|p1a: Primarina|78/100 slp|[from] item: Leftovers
|upkeep
|turn|39
|
|t:|1652621516
|switch|p1a: Aegislash|Aegislash, F|63/100
|-damage|p1a: Aegislash|57/100|[from] Stealth Rock
|move|p2a: think PINK|Future Sight|p1a: Aegislash
|-start|p2a: think PINK|move: Future Sight
|
|-heal|p1a: Aegislash|63/100|[from] item: Leftovers
|upkeep
|turn|40
|
|t:|1652621529
|switch|p2a: dat bat|Crobat, M|100/100
|move|p1a: Aegislash|Toxic|p2a: dat bat|[miss]
|-miss|p1a: Aegislash|p2a: dat bat
|
|-heal|p1a: Aegislash|70/100|[from] item: Leftovers
|upkeep
|turn|41
|
|t:|1652621547
|switch|p2a: howdy mr cloudy|Thundurus-Therian, M|68/100
|-formechange|p1a: Aegislash|Aegislash-Blade||[from] ability: Stance Change
|move|p1a: Aegislash|Shadow Ball|p2a: howdy mr cloudy
|-damage|p2a: howdy mr cloudy|11/100
|
|-end|p1a: Aegislash|move: Future Sight
|-resisted|p1a: Aegislash
|-damage|p1a: Aegislash|35/100
|-heal|p1a: Aegislash|41/100|[from] item: Leftovers
|upkeep
|turn|42
|
|t:|1652621560
|-formechange|p1a: Aegislash|Aegislash||[from] ability: Stance Change
|move|p1a: Aegislash|King's Shield|p1a: Aegislash
|-singleturn|p1a: Aegislash|Protect
|move|p2a: howdy mr cloudy|Volt Switch|p1a: Aegislash
|-activate|p1a: Aegislash|move: Protect
|
|-heal|p1a: Aegislash|47/100|[from] item: Leftovers
|upkeep
|turn|43
|
|t:|1652621588
|move|p2a: howdy mr cloudy|Volt Switch|p1a: Aegislash
|-damage|p1a: Aegislash|19/100
|
|t:|1652621612
|switch|p2a: dat bat|Crobat, M|100/100|[from]move: Volt Switch
|-formechange|p1a: Aegislash|Aegislash-Blade||[from] ability: Stance Change
|move|p1a: Aegislash|Shadow Ball|p2a: dat bat
|-damage|p2a: dat bat|42/100
|-unboost|p2a: dat bat|spd|1
|
|-heal|p1a: Aegislash|25/100|[from] item: Leftovers
|upkeep
|turn|44
|
|t:|1652621621
|switch|p2a: howdy mr cloudy|Thundurus-Therian, M|11/100
|-formechange|p1a: Aegislash|Aegislash||[from] ability: Stance Change
|move|p1a: Aegislash|King's Shield||[still]
|-fail|p1a: Aegislash
|
|-heal|p1a: Aegislash|31/100|[from] item: Leftovers
|upkeep
|turn|45
|
|t:|1652621628
|move|p1a: Aegislash|King's Shield|p1a: Aegislash
|-singleturn|p1a: Aegislash|Protect
|move|p2a: howdy mr cloudy|Volt Switch|p1a: Aegislash
|-activate|p1a: Aegislash|move: Protect
|
|-heal|p1a: Aegislash|37/100|[from] item: Leftovers
|upkeep
|turn|46
|
|t:|1652621644
|move|p2a: howdy mr cloudy|Psychic|p1a: Aegislash
|-resisted|p1a: Aegislash
|-damage|p1a: Aegislash|25/100
|-formechange|p1a: Aegislash|Aegislash-Blade||[from] ability: Stance Change
|move|p1a: Aegislash|Shadow Ball|p2a: howdy mr cloudy
|-damage|p2a: howdy mr cloudy|0 fnt
|faint|p2a: howdy mr cloudy
|
|-heal|p1a: Aegislash|31/100|[from] item: Leftovers
|upkeep
|
|t:|1652621648
|switch|p2a: meme-o-swine|Mamoswine, F|76/100
|-damage|p2a: meme-o-swine|63/100|[from] Stealth Rock
|turn|47
|
|t:|1652621665
|-formechange|p1a: Aegislash|Aegislash||[from] ability: Stance Change
|move|p1a: Aegislash|King's Shield|p1a: Aegislash
|-singleturn|p1a: Aegislash|Protect
|move|p2a: meme-o-swine|Icicle Crash|p1a: Aegislash
|-activate|p1a: Aegislash|move: Protect
|
|-heal|p1a: Aegislash|37/100|[from] item: Leftovers
|upkeep
|turn|48
|
|t:|1652621672
|switch|p1a: Salamence|Salamence, F|47/100
|-damage|p1a: Salamence|22/100|[from] Stealth Rock
|-ability|p1a: Salamence|Intimidate|boost
|-unboost|p2a: meme-o-swine|atk|1
|move|p2a: meme-o-swine|Knock Off|p1a: Salamence
|-crit|p1a: Salamence
|-damage|p1a: Salamence|0 fnt
|faint|p1a: Salamence
|
|upkeep
|
|t:|1652621684
|switch|p1a: Primarina|Primarina, M|78/100 slp
|-damage|p1a: Primarina|66/100 slp|[from] Stealth Rock
|turn|49
|
|t:|1652621691
|switch|p2a: think PINK|Slowking, F|100/100
|-damage|p2a: think PINK|88/100|[from] Stealth Rock
|cant|p1a: Primarina|slp
|move|p1a: Primarina|Sleep Talk|p1a: Primarina
|move|p1a: Primarina|Moonblast|p2a: think PINK|[from]move: Sleep Talk
|-damage|p2a: think PINK|58/100
|
|-heal|p1a: Primarina|72/100 slp|[from] item: Leftovers
|upkeep
|turn|50
|
|t:|1652621698
|-curestatus|p1a: Primarina|slp|[msg]
|move|p1a: Primarina|Moonblast|p2a: think PINK
|-damage|p2a: think PINK|23/100
|-unboost|p2a: think PINK|spa|1
|move|p2a: think PINK|Slack Off|p2a: think PINK
|-heal|p2a: think PINK|73/100
|
|-heal|p1a: Primarina|78/100|[from] item: Leftovers
|upkeep
|turn|51
|
|t:|1652621706
|move|p1a: Primarina|Moonblast|p2a: think PINK
|-damage|p2a: think PINK|43/100
|-unboost|p2a: think PINK|spa|1
|move|p2a: think PINK|Future Sight|p1a: Primarina
|-start|p2a: think PINK|move: Future Sight
|
|-heal|p1a: Primarina|84/100|[from] item: Leftovers
|upkeep
|turn|52
|
|t:|1652621711
|move|p1a: Primarina|Moonblast|p2a: think PINK
|-damage|p2a: think PINK|13/100
|move|p2a: think PINK|Slack Off|p2a: think PINK
|-heal|p2a: think PINK|63/100
|
|-heal|p1a: Primarina|90/100|[from] item: Leftovers
|upkeep
|turn|53
|
|t:|1652621716
|move|p1a: Primarina|Moonblast|p2a: think PINK
|-damage|p2a: think PINK|32/100
|-unboost|p2a: think PINK|spa|1
|move|p2a: think PINK|Slack Off|p2a: think PINK
|-heal|p2a: think PINK|82/100
|
|-end|p1a: Primarina|move: Future Sight
|-damage|p1a: Primarina|78/100
|-heal|p1a: Primarina|84/100|[from] item: Leftovers
|upkeep
|turn|54
|
|t:|1652621724
|move|p1a: Primarina|Scald|p2a: think PINK
|-resisted|p2a: think PINK
|-damage|p2a: think PINK|69/100
|move|p2a: think PINK|Future Sight|p1a: Primarina
|-start|p2a: think PINK|move: Future Sight
|
|-heal|p1a: Primarina|90/100|[from] item: Leftovers
|upkeep
|turn|55
|
|t:|1652621730
|move|p1a: Primarina|Moonblast|p2a: think PINK
|-damage|p2a: think PINK|38/100
|-unboost|p2a: think PINK|spa|1
|move|p2a: think PINK|Slack Off|p2a: think PINK
|-heal|p2a: think PINK|88/100
|
|-heal|p1a: Primarina|96/100|[from] item: Leftovers
|upkeep
|turn|56
|
|t:|1652621735
|move|p1a: Primarina|Scald|p2a: think PINK
|-resisted|p2a: think PINK
|-damage|p2a: think PINK|75/100
|move|p2a: think PINK|Teleport|p2a: think PINK
|
|t:|1652621739
|switch|p2a: dat bat|Crobat, M|42/100|[from]move: Teleport
|
|-end|p1a: Primarina|move: Future Sight
|-damage|p1a: Primarina|69/100
|-heal|p1a: Primarina|75/100|[from] item: Leftovers
|upkeep
|turn|57
|
|t:|1652621817
|switch|p1a: Aegislash|Aegislash, F|37/100
|-damage|p1a: Aegislash|31/100|[from] Stealth Rock
|move|p2a: dat bat|U-turn|p1a: Aegislash
|-resisted|p1a: Aegislash
|-damage|p1a: Aegislash|28/100
|
|t:|1652621833
|switch|p2a: meme-o-swine|Mamoswine, F|63/100|[from]move: U-turn
|-damage|p2a: meme-o-swine|51/100|[from] Stealth Rock
|
|-heal|p1a: Aegislash|34/100|[from] item: Leftovers
|upkeep
|turn|58
|
|t:|1652621839
|move|p1a: Aegislash|King's Shield|p1a: Aegislash
|-singleturn|p1a: Aegislash|Protect
|move|p2a: meme-o-swine|Earthquake|p1a: Aegislash
|-activate|p1a: Aegislash|move: Protect
|
|-heal|p1a: Aegislash|40/100|[from] item: Leftovers
|upkeep
|turn|59
|
|t:|1652621843
|switch|p1a: Amoonguss|Amoonguss, F|100/100
|-damage|p1a: Amoonguss|88/100|[from] Stealth Rock
|move|p2a: meme-o-swine|Earthquake|p1a: Amoonguss
|-damage|p1a: Amoonguss|43/100
|
|upkeep
|turn|60
|
|t:|1652621874
|move|p2a: meme-o-swine|Icicle Crash|p1a: Amoonguss
|-supereffective|p1a: Amoonguss
|-damage|p1a: Amoonguss|0 fnt
|faint|p1a: Amoonguss
|
|upkeep
|
|t:|1652621891
|switch|p1a: Zygarde|Zygarde-10%|100/100
|-damage|p1a: Zygarde|94/100|[from] Stealth Rock
|-ability|p1a: Zygarde|Aura Break
|turn|61
|
|t:|1652621924
|switch|p2a: think PINK|Slowking, F|100/100
|-damage|p2a: think PINK|88/100|[from] Stealth Rock
|move|p1a: Zygarde|Thousand Arrows|p2a: think PINK
|-damage|p2a: think PINK|45/100
|
|upkeep
|turn|62
|
|t:|1652621938
|move|p1a: Zygarde|Thousand Arrows|p2a: think PINK
|-damage|p2a: think PINK|1/100
|move|p2a: think PINK|Slack Off|p2a: think PINK
|-heal|p2a: think PINK|51/100
|
|upkeep
|turn|63
|
|t:|1652621943
|move|p1a: Zygarde|Thousand Arrows|p2a: think PINK
|-damage|p2a: think PINK|11/100
|move|p2a: think PINK|Slack Off|p2a: think PINK
|-heal|p2a: think PINK|61/100
|
|upkeep
|turn|64
|
|t:|1652621947
|move|p1a: Zygarde|Thousand Arrows|p2a: think PINK
|-damage|p2a: think PINK|16/100
|move|p2a: think PINK|Slack Off|p2a: think PINK
|-heal|p2a: think PINK|66/100
|
|upkeep
|turn|65
|
|t:|1652621954
|switch|p1a: Aegislash|Aegislash, F|40/100
|-damage|p1a: Aegislash|34/100|[from] Stealth Rock
|move|p2a: think PINK|Slack Off|p2a: think PINK
|-heal|p2a: think PINK|100/100
|
|-heal|p1a: Aegislash|40/100|[from] item: Leftovers
|upkeep
|turn|66
|
|t:|1652621979
|move|p1a: Aegislash|Toxic|p2a: think PINK|[miss]
|-miss|p1a: Aegislash|p2a: think PINK
|move|p2a: think PINK|Teleport|p2a: think PINK
|
|t:|1652621981
|switch|p2a: meme-o-swine|Mamoswine, F|51/100|[from]move: Teleport
|-damage|p2a: meme-o-swine|38/100|[from] Stealth Rock
|
|-heal|p1a: Aegislash|46/100|[from] item: Leftovers
|upkeep
|turn|67
|
|t:|1652621989
|move|p1a: Aegislash|King's Shield|p1a: Aegislash
|-singleturn|p1a: Aegislash|Protect
|move|p2a: meme-o-swine|Earthquake|p1a: Aegislash
|-activate|p1a: Aegislash|move: Protect
|
|-heal|p1a: Aegislash|52/100|[from] item: Leftovers
|upkeep
|turn|68
|
|t:|1652622000
|switch|p1a: Primarina|Primarina, M|75/100
|-damage|p1a: Primarina|63/100|[from] Stealth Rock
|move|p2a: meme-o-swine|Earthquake|p1a: Primarina
|-damage|p1a: Primarina|3/100
|
|-heal|p1a: Primarina|9/100|[from] item: Leftovers
|upkeep
|turn|69
|
|t:|1652622012
|move|p2a: meme-o-swine|Earthquake|p1a: Primarina
|-damage|p1a: Primarina|0 fnt
|faint|p1a: Primarina
|
|upkeep
|
|t:|1652622013
|switch|p1a: Zygarde|Zygarde-10%|94/100
|-damage|p1a: Zygarde|88/100|[from] Stealth Rock
|-ability|p1a: Zygarde|Aura Break
|turn|70
|
|t:|1652622019
|switch|p2a: iron willed sheep|Cobalion|97/100 slp
|-damage|p2a: iron willed sheep|94/100 slp|[from] Stealth Rock
|move|p1a: Zygarde|Outrage|p2a: iron willed sheep
|-resisted|p2a: iron willed sheep
|-damage|p2a: iron willed sheep|61/100 slp
|-damage|p1a: Zygarde|72/100|[from] item: Rocky Helmet|[of] p2a: iron willed sheep
|
|upkeep
|turn|71
|
|t:|1652622023
|move|p1a: Zygarde|Outrage|p2a: iron willed sheep|[from]lockedmove
|-resisted|p2a: iron willed sheep
|-damage|p2a: iron willed sheep|26/100 slp
|-damage|p1a: Zygarde|56/100|[from] item: Rocky Helmet|[of] p2a: iron willed sheep
|-start|p1a: Zygarde|confusion|[fatigue]
|cant|p2a: iron willed sheep|slp
|
|upkeep
|turn|72
|j| xujing691691
|
|t:|1652622054
|switch|p1a: Aegislash|Aegislash, F|52/100
|-damage|p1a: Aegislash|46/100|[from] Stealth Rock
|-curestatus|p2a: iron willed sheep|slp|[msg]
|move|p2a: iron willed sheep|Iron Head|p1a: Aegislash
|-resisted|p1a: Aegislash
|-damage|p1a: Aegislash|32/100
|
|-heal|p1a: Aegislash|38/100|[from] item: Leftovers
|upkeep
|turn|73
|
|t:|1652622061
|move|p2a: iron willed sheep|Swords Dance|p2a: iron willed sheep
|-boost|p2a: iron willed sheep|atk|2
|-formechange|p1a: Aegislash|Aegislash-Blade||[from] ability: Stance Change
|move|p1a: Aegislash|Shadow Ball|p2a: iron willed sheep
|-damage|p2a: iron willed sheep|0 fnt
|faint|p2a: iron willed sheep
|
|-heal|p1a: Aegislash|45/100|[from] item: Leftovers
|upkeep
|
|t:|1652622063
|switch|p2a: meme-o-swine|Mamoswine, F|38/100
|-damage|p2a: meme-o-swine|26/100|[from] Stealth Rock
|turn|74
|
|t:|1652622068
|-formechange|p1a: Aegislash|Aegislash||[from] ability: Stance Change
|move|p1a: Aegislash|King's Shield|p1a: Aegislash
|-singleturn|p1a: Aegislash|Protect
|move|p2a: meme-o-swine|Earthquake|p1a: Aegislash
|-activate|p1a: Aegislash|move: Protect
|
|-heal|p1a: Aegislash|51/100|[from] item: Leftovers
|upkeep
|turn|75
|
|t:|1652622073
|move|p2a: meme-o-swine|Earthquake|p1a: Aegislash
|-supereffective|p1a: Aegislash
|-damage|p1a: Aegislash|0 fnt
|faint|p1a: Aegislash
|
|upkeep
|
|t:|1652622075
|switch|p1a: Zygarde|Zygarde-10%|56/100
|-damage|p1a: Zygarde|49/100|[from] Stealth Rock
|-ability|p1a: Zygarde|Aura Break
|turn|76
|
|t:|1652622077
|move|p1a: Zygarde|Extreme Speed|p2a: meme-o-swine
|-damage|p2a: meme-o-swine|0 fnt
|faint|p2a: meme-o-swine
|
|upkeep
|
|t:|1652622081
|switch|p2a: think PINK|Slowking, F|100/100
|-damage|p2a: think PINK|88/100|[from] Stealth Rock
|turn|77
|
|t:|1652622087
|move|p1a: Zygarde|Extreme Speed|p2a: think PINK
|-damage|p2a: think PINK|62/100
|move|p2a: think PINK|Slack Off|p2a: think PINK
|-heal|p2a: think PINK|100/100
|
|upkeep
|turn|78
|
|t:|1652622091
|move|p1a: Zygarde|Extreme Speed|p2a: think PINK
|-damage|p2a: think PINK|75/100
|move|p2a: think PINK|Scald|p1a: Zygarde
|-damage|p1a: Zygarde|3/100
|
|upkeep
|turn|79
|
|t:|1652622093
|move|p1a: Zygarde|Extreme Speed|p2a: think PINK
|-damage|p2a: think PINK|49/100
|move|p2a: think PINK|Scald|p1a: Zygarde
|-crit|p1a: Zygarde
|-damage|p1a: Zygarde|0 fnt
|faint|p1a: Zygarde
|
|win|UULT92Q pif
|raw|chiharu haru's rating: 1608 &rarr; <strong>1594</strong><br />(-14 for losing)
|raw|UULT92Q pif's rating: 1712 &rarr; <strong>1726</strong><br />(+14 for winning)
|c|☆UULT92Q pif|gg
|c|☆chiharu haru|gg
|l|☆UULT92Q pif
|l|☆chiharu haru
|j|☆chiharu haru
|player|p1|chiharu haru|yellow
|l|☆chiharu haru
|player|p1|
|j|☆chiharu haru
|player|p1|chiharu haru|yellow
||Ladder isn't responding, score probably updated but might not have (Request timeout).
