|j|☆kindersurprise2 0
|j|☆d01ph1ne
|t:|1663344539
|gametype|singles
|player|p1|kindersurprise2 0|emmet|1452
|player|p2|d01ph1ne|2|1581
|teamsize|p1|6
|teamsize|p2|6
|gen|8
|tier|[Gen 8] UU
|rated|
|rule|Sleep Clause Mod: Limit one foe put to sleep
|rule|Species Clause: Limit one of each Pokémon
|rule|OHKO Clause: OHKO moves are banned
|rule|Evasion Items Clause: Evasion items are banned
|rule|Evasion Moves Clause: Evasion moves are banned
|rule|Endless Battle Clause: Forcing endless battles is banned
|rule|HP Percentage Mod: HP is shown in percentages
|rule|Dynamax Clause: You cannot dynamax
|clearpoke
|poke|p1|Slowbro-Galar, M|
|poke|p1|Zarude-Dada|
|poke|p1|Rotom-Wash|
|poke|p1|Moltres|
|poke|p1|Hippowdon, F|
|poke|p1|Celesteela|
|poke|p2|Hippowdon, F|
|poke|p2|Raikou|
|poke|p2|Mandibuzz, F|
|poke|p2|Amoonguss, F|
|poke|p2|Scizor, M|
|poke|p2|Keldeo-Resolute|
|teampreview
|
|t:|1663344548
|start
|switch|p1a: Cabbage|Rotom-Wash|100/100
|switch|p2a: Scizor|Scizor, M|100/100
|turn|1
|
|t:|1663344554
|move|p1a: Cabbage|Hydro Pump|p2a: Scizor|[miss]
|-miss|p1a: Cabbage|p2a: Scizor
|move|p2a: Scizor|Knock Off|p1a: Cabbage
|-damage|p1a: Cabbage|73/100
|-enditem|p1a: Cabbage|Choice Scarf|[from] move: Knock Off|[of] p2a: Scizor
|
|upkeep
|turn|2
|
|t:|1663344569
|move|p1a: Cabbage|Trick|p2a: Scizor
|-activate|p1a: Cabbage|move: Trick|[of] p2a: Scizor
|-enditem|p2a: Scizor|Safety Goggles|[silent]|[from] move: Trick
|-item|p1a: Cabbage|Safety Goggles|[from] move: Trick
|move|p2a: Scizor|Knock Off|p1a: Cabbage
|-damage|p1a: Cabbage|45/100
|-enditem|p1a: Cabbage|Safety Goggles|[from] move: Knock Off|[of] p2a: Scizor
|
|upkeep
|turn|3
|
|t:|1663344577
|move|p1a: Cabbage|Volt Switch|p2a: Scizor
|-damage|p2a: Scizor|68/100
|
|t:|1663344589
|switch|p1a: Cocoa|Hippowdon, F|100/100|[from]move: Volt Switch
|-weather|Sandstorm|[from] ability: Sand Stream|[of] p1a: Cocoa
|move|p2a: Scizor|Knock Off|p1a: Cocoa
|-damage|p1a: Cocoa|86/100
|-enditem|p1a: Cocoa|Leftovers|[from] move: Knock Off|[of] p2a: Scizor
|
|-weather|Sandstorm|[upkeep]
|upkeep
|turn|4
|
|t:|1663344593
|move|p2a: Scizor|Roost|p2a: Scizor
|-heal|p2a: Scizor|100/100
|-singleturn|p2a: Scizor|move: Roost
|move|p1a: Cocoa|Toxic|p2a: Scizor
|-immune|p2a: Scizor
|
|-weather|Sandstorm|[upkeep]
|upkeep
|turn|5
|
|t:|1663344597
|switch|p2a: Amoonguss|Amoonguss, F|100/100
|move|p1a: Cocoa|Stealth Rock|p2a: Amoonguss
|-sidestart|p2: d01ph1ne|move: Stealth Rock
|
|-weather|Sandstorm|[upkeep]
|-damage|p2a: Amoonguss|94/100|[from] Sandstorm
|-heal|p2a: Amoonguss|100/100|[from] item: Black Sludge
|upkeep
|turn|6
|
|t:|1663344617
|switch|p1a: Cabbage|Rotom-Wash|45/100
|move|p2a: Amoonguss|Seed Bomb|p1a: Cabbage
|-supereffective|p1a: Cabbage
|-damage|p1a: Cabbage|0 fnt
|faint|p1a: Cabbage
|
|-weather|Sandstorm|[upkeep]
|-damage|p2a: Amoonguss|94/100|[from] Sandstorm
|-heal|p2a: Amoonguss|100/100|[from] item: Black Sludge
|upkeep
|
|t:|1663344626
|switch|p1a: Avocado|Moltres|100/100
|turn|7
|
|t:|1663344643
|move|p1a: Avocado|Mystical Fire|p2a: Amoonguss
|-supereffective|p2a: Amoonguss
|-damage|p2a: Amoonguss|46/100
|-unboost|p2a: Amoonguss|spa|1
|move|p2a: Amoonguss|Spore|p1a: Avocado
|-status|p1a: Avocado|slp|[from] move: Spore
|
|-weather|none
|-heal|p2a: Amoonguss|53/100|[from] item: Black Sludge
|upkeep
|turn|8
|
|t:|1663344656
|switch|p1a: Hax Repellant 3.0|Slowbro-Galar, M|100/100
|switch|p2a: Raikou|Raikou|100/100
|
|upkeep
|turn|9
|
|t:|1663344660
|move|p2a: Raikou|Volt Switch|p1a: Hax Repellant 3.0
|-damage|p1a: Hax Repellant 3.0|78/100
|
|t:|1663344662
|switch|p2a: Hippowdon|Hippowdon, F|100/100|[from]move: Volt Switch
|-damage|p2a: Hippowdon|94/100|[from] Stealth Rock
|-weather|Sandstorm|[from] ability: Sand Stream|[of] p2a: Hippowdon
|move|p1a: Hax Repellant 3.0|Future Sight|p2a: Hippowdon
|-start|p1a: Hax Repellant 3.0|move: Future Sight
|
|-weather|Sandstorm|[upkeep]
|-damage|p1a: Hax Repellant 3.0|72/100|[from] Sandstorm
|upkeep
|turn|10
|
|t:|1663344666
|switch|p1a: Panda|Celesteela, shiny|100/100
|move|p2a: Hippowdon|Stealth Rock|p1a: Panda
|-sidestart|p1: kindersurprise2 0|move: Stealth Rock
|
|-weather|Sandstorm|[upkeep]
|upkeep
|turn|11
|
|t:|1663344670
|switch|p2a: Mandibuzz|Mandibuzz, F|100/100
|move|p1a: Panda|Autotomize|p1a: Panda
|-boost|p1a: Panda|spe|2
|-start|p1a: Panda|Autotomize
|
|-weather|Sandstorm|[upkeep]
|-end|p2a: Mandibuzz|move: Future Sight
|-immune|p2a: Mandibuzz
|upkeep
|turn|12
|
|t:|1663344688
|switch|p2a: Amoonguss|Amoonguss, F|86/100
|-damage|p2a: Amoonguss|73/100|[from] Stealth Rock
|move|p1a: Panda|Meteor Beam||[still]
|-prepare|p1a: Panda|Meteor Beam
|-boost|p1a: Panda|spa|1
|-enditem|p1a: Panda|Power Herb
|-anim|p1a: Panda|Meteor Beam|p2a: Amoonguss|[miss]
|-miss|p1a: Panda|p2a: Amoonguss
|
|-weather|Sandstorm|[upkeep]
|-damage|p2a: Amoonguss|67/100|[from] Sandstorm
|-heal|p2a: Amoonguss|73/100|[from] item: Black Sludge
|upkeep
|turn|13
|
|t:|1663344695
|move|p1a: Panda|Meteor Beam||[still]
|-prepare|p1a: Panda|Meteor Beam
|-boost|p1a: Panda|spa|1
|move|p2a: Amoonguss|Spore|p1a: Panda
|-message|Sleep Clause Mod activated.
|
|-weather|none
|-heal|p2a: Amoonguss|80/100|[from] item: Black Sludge
|upkeep
|turn|14
|
|t:|1663344701
|move|p1a: Panda|Meteor Beam|p2a: Amoonguss|[from]lockedmove
|-damage|p2a: Amoonguss|14/100
|move|p2a: Amoonguss|Foul Play|p1a: Panda
|-damage|p1a: Panda|82/100
|
|-heal|p2a: Amoonguss|20/100|[from] item: Black Sludge
|upkeep
|turn|15
|
|t:|1663344708
|move|p1a: Panda|Meteor Beam||[still]
|-prepare|p1a: Panda|Meteor Beam
|-boost|p1a: Panda|spa|1
|move|p2a: Amoonguss|Foul Play|p1a: Panda
|-damage|p1a: Panda|66/100
|
|-heal|p2a: Amoonguss|26/100|[from] item: Black Sludge
|upkeep
|turn|16
|
|t:|1663344715
|switch|p2a: Scizor|Scizor, M|100/100
|-damage|p2a: Scizor|88/100|[from] Stealth Rock
|move|p1a: Panda|Meteor Beam|p2a: Scizor|[from]lockedmove
|-damage|p2a: Scizor|0 fnt
|faint|p2a: Scizor
|-ability|p1a: Panda|Beast Boost|boost
|-boost|p1a: Panda|spa|1
|
|upkeep
|c|☆kindersurprise2 0|You messed up
|
|t:|1663344724
|switch|p2a: Keldeo|Keldeo-Resolute|100/100
|-damage|p2a: Keldeo|94/100|[from] Stealth Rock
|turn|17
|
|t:|1663344730
|move|p1a: Panda|Air Slash|p2a: Keldeo
|-supereffective|p2a: Keldeo
|-damage|p2a: Keldeo|0 fnt
|faint|p2a: Keldeo
|-ability|p1a: Panda|Beast Boost|boost
|-boost|p1a: Panda|spa|1
|
|upkeep
|
|t:|1663344732
|switch|p2a: Raikou|Raikou|100/100
|turn|18
|
|t:|1663344736
|move|p1a: Panda|Flamethrower|p2a: Raikou
|-damage|p2a: Raikou|1/100
|move|p2a: Raikou|Thunderbolt|p1a: Panda
|-supereffective|p1a: Panda
|-damage|p1a: Panda|0 fnt
|faint|p1a: Panda
|
|upkeep
|
|t:|1663344747
|switch|p1a: Hax Repellant 3.0|Slowbro-Galar, M|100/100
|-damage|p1a: Hax Repellant 3.0|88/100|[from] Stealth Rock
|turn|19
|
|t:|1663344751
|move|p2a: Raikou|Volt Switch|p1a: Hax Repellant 3.0
|-damage|p1a: Hax Repellant 3.0|66/100
|
|t:|1663344753
|switch|p2a: Hippowdon|Hippowdon, F|94/100|[from]move: Volt Switch
|-damage|p2a: Hippowdon|88/100|[from] Stealth Rock
|-weather|Sandstorm|[from] ability: Sand Stream|[of] p2a: Hippowdon
|move|p1a: Hax Repellant 3.0|Future Sight|p2a: Hippowdon
|-start|p1a: Hax Repellant 3.0|move: Future Sight
|
|-weather|Sandstorm|[upkeep]
|-damage|p1a: Hax Repellant 3.0|60/100|[from] Sandstorm
|upkeep
|turn|20
|
|t:|1663344761
|switch|p1a: Ermm|Zarude-Dada|100/100
|-damage|p1a: Ermm|88/100|[from] Stealth Rock
|move|p2a: Hippowdon|Toxic|p1a: Ermm|[miss]
|-miss|p2a: Hippowdon|p1a: Ermm
|
|-weather|Sandstorm|[upkeep]
|-damage|p1a: Ermm|82/100|[from] Sandstorm
|upkeep
|turn|21
|
|t:|1663344766
|switch|p2a: Mandibuzz|Mandibuzz, F|100/100
|move|p1a: Ermm|Power Whip|p2a: Mandibuzz
|-resisted|p2a: Mandibuzz
|-damage|p2a: Mandibuzz|75/100
|
|-weather|Sandstorm|[upkeep]
|-damage|p1a: Ermm|76/100|[from] Sandstorm
|-end|p2a: Mandibuzz|move: Future Sight
|-immune|p2a: Mandibuzz
|upkeep
|turn|22
|
|t:|1663344775
|switch|p1a: Avocado|Moltres|100/100 slp
|move|p2a: Mandibuzz|U-turn|p1a: Avocado
|-resisted|p1a: Avocado
|-damage|p1a: Avocado|98/100 slp
|-status|p2a: Mandibuzz|brn|[from] ability: Flame Body|[of] p1a: Avocado
|
|t:|1663344783
|switch|p2a: Hippowdon|Hippowdon, F|88/100|[from]move: U-turn
|-damage|p2a: Hippowdon|82/100|[from] Stealth Rock
|
|-weather|Sandstorm|[upkeep]
|-damage|p1a: Avocado|92/100 slp|[from] Sandstorm
|upkeep
|turn|23
|
|t:|1663344786
|cant|p1a: Avocado|slp
|move|p2a: Hippowdon|Slack Off|p2a: Hippowdon
|-heal|p2a: Hippowdon|100/100
|
|-weather|none
|upkeep
|turn|24
|
|t:|1663344790
|cant|p1a: Avocado|slp
|move|p2a: Hippowdon|Toxic||[still]
|-fail|p2a: Hippowdon
|
|upkeep
|turn|25
|
|t:|1663344794
|cant|p1a: Avocado|slp
|move|p2a: Hippowdon|Toxic||[still]
|-fail|p2a: Hippowdon
|
|upkeep
|turn|26
|
|t:|1663344797
|-curestatus|p1a: Avocado|slp|[msg]
|move|p1a: Avocado|U-turn|p2a: Hippowdon
|-damage|p2a: Hippowdon|92/100
|-damage|p1a: Avocado|75/100|[from] item: Rocky Helmet|[of] p2a: Hippowdon
|
|t:|1663344804
|switch|p1a: Ermm|Zarude-Dada|76/100|[from]move: U-turn
|-damage|p1a: Ermm|64/100|[from] Stealth Rock
|move|p2a: Hippowdon|Toxic|p1a: Ermm
|-status|p1a: Ermm|tox
|
|-damage|p1a: Ermm|58/100 tox|[from] psn
|upkeep
|turn|27
|
|t:|1663344808
|move|p1a: Ermm|U-turn|p2a: Hippowdon
|-damage|p2a: Hippowdon|70/100
|-damage|p1a: Ermm|42/100 tox|[from] item: Rocky Helmet|[of] p2a: Hippowdon
|
|t:|1663344819
|switch|p1a: Cocoa|Hippowdon, F|86/100|[from]move: U-turn
|-damage|p1a: Cocoa|80/100|[from] Stealth Rock
|-weather|Sandstorm|[from] ability: Sand Stream|[of] p1a: Cocoa
|move|p2a: Hippowdon|Slack Off|p2a: Hippowdon
|-heal|p2a: Hippowdon|100/100
|
|-weather|Sandstorm|[upkeep]
|upkeep
|turn|28
|
|t:|1663344827
|move|p2a: Hippowdon|Toxic|p1a: Cocoa|[miss]
|-miss|p2a: Hippowdon|p1a: Cocoa
|move|p1a: Cocoa|Earthquake|p2a: Hippowdon
|-damage|p2a: Hippowdon|75/100
|
|-weather|Sandstorm|[upkeep]
|upkeep
|turn|29
|
|t:|1663344829
|move|p2a: Hippowdon|Toxic|p1a: Cocoa
|-status|p1a: Cocoa|tox
|move|p1a: Cocoa|Toxic|p2a: Hippowdon
|-status|p2a: Hippowdon|tox
|
|-weather|Sandstorm|[upkeep]
|-damage|p2a: Hippowdon|69/100 tox|[from] psn
|-damage|p1a: Cocoa|74/100 tox|[from] psn
|upkeep
|turn|30
|
|t:|1663344840
|switch|p2a: Mandibuzz|Mandibuzz, F|75/100 brn
|move|p1a: Cocoa|Earthquake|p2a: Mandibuzz
|-immune|p2a: Mandibuzz
|
|-weather|Sandstorm|[upkeep]
|-damage|p1a: Cocoa|61/100 tox|[from] psn
|-damage|p2a: Mandibuzz|69/100 brn|[from] brn
|upkeep
|turn|31
|
|t:|1663344849
|switch|p1a: Avocado|Moltres|75/100
|move|p2a: Mandibuzz|Roost|p2a: Mandibuzz
|-heal|p2a: Mandibuzz|100/100 brn
|-singleturn|p2a: Mandibuzz|move: Roost
|
|-weather|none
|-damage|p2a: Mandibuzz|94/100 brn|[from] brn
|upkeep
|turn|32
|
|t:|1663344854
|move|p1a: Avocado|Mystical Fire|p2a: Mandibuzz
|-damage|p2a: Mandibuzz|67/100 brn
|-unboost|p2a: Mandibuzz|spa|1
|move|p2a: Mandibuzz|U-turn|p1a: Avocado
|-resisted|p1a: Avocado
|-damage|p1a: Avocado|74/100
|
|t:|1663344856
|switch|p2a: Raikou|Raikou|1/100|[from]move: U-turn
|
|upkeep
|turn|33
|
|t:|1663344867
|switch|p2a: Amoonguss|Amoonguss, F|60/100
|-damage|p2a: Amoonguss|47/100|[from] Stealth Rock
|switch|p1a: Cocoa|Hippowdon, F|61/100 tox
|-damage|p1a: Cocoa|55/100 tox|[from] Stealth Rock
|-weather|Sandstorm|[from] ability: Sand Stream|[of] p1a: Cocoa
|
|-weather|Sandstorm|[upkeep]
|-damage|p2a: Amoonguss|41/100|[from] Sandstorm
|-heal|p2a: Amoonguss|47/100|[from] item: Black Sludge
|-damage|p1a: Cocoa|49/100 tox|[from] psn
|upkeep
|turn|34
|
|t:|1663344881
|switch|p1a: Ermm|Zarude-Dada|42/100 tox
|-damage|p1a: Ermm|29/100 tox|[from] Stealth Rock
|move|p2a: Amoonguss|Seed Bomb|p1a: Ermm
|-resisted|p1a: Ermm
|-damage|p1a: Ermm|19/100 tox
|
|-weather|Sandstorm|[upkeep]
|-damage|p1a: Ermm|13/100 tox|[from] Sandstorm
|-damage|p2a: Amoonguss|41/100|[from] Sandstorm
|-heal|p2a: Amoonguss|47/100|[from] item: Black Sludge
|-damage|p1a: Ermm|7/100 tox|[from] psn
|upkeep
|turn|35
|
|t:|1663344885
|switch|p2a: Mandibuzz|Mandibuzz, F|67/100 brn
|move|p1a: Ermm|Darkest Lariat|p2a: Mandibuzz
|-resisted|p2a: Mandibuzz
|-damage|p2a: Mandibuzz|47/100 brn
|
|-weather|Sandstorm|[upkeep]
|-damage|p1a: Ermm|1/100 tox|[from] Sandstorm
|-damage|p1a: Ermm|0 fnt|[from] psn
|faint|p1a: Ermm
|-damage|p2a: Mandibuzz|41/100 brn|[from] brn
|upkeep
|
|t:|1663344904
|switch|p1a: Hax Repellant 3.0|Slowbro-Galar, M|93/100
|-damage|p1a: Hax Repellant 3.0|80/100|[from] Stealth Rock
|turn|36
|
|t:|1663344911
|move|p2a: Mandibuzz|Roost|p2a: Mandibuzz
|-heal|p2a: Mandibuzz|91/100 brn
|-singleturn|p2a: Mandibuzz|move: Roost
|move|p1a: Hax Repellant 3.0|Future Sight|p2a: Mandibuzz
|-start|p1a: Hax Repellant 3.0|move: Future Sight
|
|-weather|Sandstorm|[upkeep]
|-damage|p1a: Hax Repellant 3.0|74/100|[from] Sandstorm
|-damage|p2a: Mandibuzz|85/100 brn|[from] brn
|upkeep
|turn|37
|
|t:|1663344917
|move|p2a: Mandibuzz|Foul Play|p1a: Hax Repellant 3.0
|-supereffective|p1a: Hax Repellant 3.0
|-damage|p1a: Hax Repellant 3.0|55/100
|move|p1a: Hax Repellant 3.0|Ice Beam|p2a: Mandibuzz
|-supereffective|p2a: Mandibuzz
|-damage|p2a: Mandibuzz|52/100 brn
|
|-weather|none
|-damage|p2a: Mandibuzz|46/100 brn|[from] brn
|upkeep
|turn|38
|
|t:|1663344926
|move|p2a: Mandibuzz|Roost|p2a: Mandibuzz
|-heal|p2a: Mandibuzz|96/100 brn
|-singleturn|p2a: Mandibuzz|move: Roost
|move|p1a: Hax Repellant 3.0|Ice Beam|p2a: Mandibuzz
|-damage|p2a: Mandibuzz|78/100 brn
|
|-end|p2a: Mandibuzz|move: Future Sight
|-immune|p2a: Mandibuzz
|-damage|p2a: Mandibuzz|72/100 brn|[from] brn
|upkeep
|turn|39
|
|t:|1663344932
|move|p2a: Mandibuzz|Foul Play|p1a: Hax Repellant 3.0
|-supereffective|p1a: Hax Repellant 3.0
|-damage|p1a: Hax Repellant 3.0|32/100
|move|p1a: Hax Repellant 3.0|Ice Beam|p2a: Mandibuzz
|-supereffective|p2a: Mandibuzz
|-damage|p2a: Mandibuzz|38/100 brn
|
|-damage|p2a: Mandibuzz|32/100 brn|[from] brn
|upkeep
|turn|40
|
|t:|1663344936
|switch|p1a: Avocado|Moltres|74/100
|move|p2a: Mandibuzz|Roost|p2a: Mandibuzz
|-heal|p2a: Mandibuzz|82/100 brn
|-singleturn|p2a: Mandibuzz|move: Roost
|
|-damage|p2a: Mandibuzz|75/100 brn|[from] brn
|upkeep
|turn|41
|
|t:|1663344941
|move|p1a: Avocado|U-turn|p2a: Mandibuzz
|-damage|p2a: Mandibuzz|67/100 brn
|
|t:|1663344943
|switch|p1a: Hax Repellant 3.0|Slowbro-Galar, M|66/100|[from]move: U-turn
|-damage|p1a: Hax Repellant 3.0|53/100|[from] Stealth Rock
|move|p2a: Mandibuzz|U-turn|p1a: Hax Repellant 3.0
|-damage|p1a: Hax Repellant 3.0|49/100
|
|t:|1663344950
|switch|p2a: Hippowdon|Hippowdon, F|69/100 tox|[from]move: U-turn
|-damage|p2a: Hippowdon|63/100 tox|[from] Stealth Rock
|-weather|Sandstorm|[from] ability: Sand Stream|[of] p2a: Hippowdon
|
|-weather|Sandstorm|[upkeep]
|-damage|p1a: Hax Repellant 3.0|43/100|[from] Sandstorm
|-damage|p2a: Hippowdon|57/100 tox|[from] psn
|upkeep
|turn|42
|
|t:|1663344955
|move|p2a: Hippowdon|Slack Off|p2a: Hippowdon
|-heal|p2a: Hippowdon|100/100 tox
|move|p1a: Hax Repellant 3.0|Future Sight|p2a: Hippowdon
|-start|p1a: Hax Repellant 3.0|move: Future Sight
|
|-weather|Sandstorm|[upkeep]
|-damage|p1a: Hax Repellant 3.0|37/100|[from] Sandstorm
|-damage|p2a: Hippowdon|88/100 tox|[from] psn
|upkeep
|turn|43
|
|t:|1663344959
|switch|p1a: Cocoa|Hippowdon, F|49/100 tox
|-damage|p1a: Cocoa|43/100 tox|[from] Stealth Rock
|move|p2a: Hippowdon|Toxic|p1a: Cocoa
|-fail|p1a: Cocoa|tox
|
|-weather|Sandstorm|[upkeep]
|-damage|p2a: Hippowdon|70/100 tox|[from] psn
|-damage|p1a: Cocoa|37/100 tox|[from] psn
|upkeep
|turn|44
|
|t:|1663344963
|switch|p2a: Mandibuzz|Mandibuzz, F|67/100 brn
|move|p1a: Cocoa|Slack Off|p1a: Cocoa
|-heal|p1a: Cocoa|87/100 tox
|
|-weather|Sandstorm|[upkeep]
|-end|p2a: Mandibuzz|move: Future Sight
|-immune|p2a: Mandibuzz
|-damage|p1a: Cocoa|74/100 tox|[from] psn
|-damage|p2a: Mandibuzz|60/100 brn|[from] brn
|upkeep
|turn|45
|
|t:|1663344968
|switch|p1a: Avocado|Moltres|74/100
|move|p2a: Mandibuzz|Roost|p2a: Mandibuzz
|-heal|p2a: Mandibuzz|100/100 brn
|-singleturn|p2a: Mandibuzz|move: Roost
|
|-weather|none
|-damage|p2a: Mandibuzz|94/100 brn|[from] brn
|upkeep
|turn|46
|
|t:|1663344972
|move|p1a: Avocado|Mystical Fire|p2a: Mandibuzz
|-damage|p2a: Mandibuzz|67/100 brn
|-unboost|p2a: Mandibuzz|spa|1
|move|p2a: Mandibuzz|U-turn|p1a: Avocado
|-resisted|p1a: Avocado
|-damage|p1a: Avocado|72/100
|
|t:|1663344979
|switch|p2a: Raikou|Raikou|1/100|[from]move: U-turn
|
|upkeep
|turn|47
|
|t:|1663344988
|switch|p1a: Cocoa|Hippowdon, F|74/100 tox
|-damage|p1a: Cocoa|68/100 tox|[from] Stealth Rock
|-weather|Sandstorm|[from] ability: Sand Stream|[of] p1a: Cocoa
|move|p2a: Raikou|Scald|p1a: Cocoa
|-supereffective|p1a: Cocoa
|-crit|p1a: Cocoa
|-damage|p1a: Cocoa|0 fnt
|faint|p1a: Cocoa
|
|-weather|Sandstorm|[upkeep]
|-damage|p2a: Raikou|0 fnt|[from] Sandstorm
|faint|p2a: Raikou
|upkeep
|
|t:|1663344998
|switch|p2a: Hippowdon|Hippowdon, F|70/100 tox
|switch|p1a: Hax Repellant 3.0|Slowbro-Galar, M|71/100
|-damage|p2a: Hippowdon|63/100 tox|[from] Stealth Rock
|-damage|p1a: Hax Repellant 3.0|58/100|[from] Stealth Rock
|turn|48
|
|t:|1663345003
|move|p2a: Hippowdon|Earthquake|p1a: Hax Repellant 3.0
|-supereffective|p1a: Hax Repellant 3.0
|-damage|p1a: Hax Repellant 3.0|3/100
|move|p1a: Hax Repellant 3.0|Ice Beam|p2a: Hippowdon
|-supereffective|p2a: Hippowdon
|-damage|p2a: Hippowdon|27/100 tox
|
|-weather|Sandstorm|[upkeep]
|-damage|p1a: Hax Repellant 3.0|0 fnt|[from] Sandstorm
|faint|p1a: Hax Repellant 3.0
|-damage|p2a: Hippowdon|21/100 tox|[from] psn
|upkeep
|
|t:|1663345007
|switch|p1a: Avocado|Moltres|72/100
|turn|49
|
|t:|1663345025
|move|p1a: Avocado|Mystical Fire|p2a: Hippowdon
|-damage|p2a: Hippowdon|0 fnt
|faint|p2a: Hippowdon
|
|-weather|Sandstorm|[upkeep]
|-damage|p1a: Avocado|66/100|[from] Sandstorm
|upkeep
|
|t:|1663345027
|switch|p2a: Mandibuzz|Mandibuzz, F|67/100 brn
|turn|50
|
|t:|1663345037
|move|p1a: Avocado|Mystical Fire|p2a: Mandibuzz
|-damage|p2a: Mandibuzz|38/100 brn
|-unboost|p2a: Mandibuzz|spa|1
|move|p2a: Mandibuzz|Roost|p2a: Mandibuzz
|-heal|p2a: Mandibuzz|88/100 brn
|-singleturn|p2a: Mandibuzz|move: Roost
|
|-weather|Sandstorm|[upkeep]
|-damage|p1a: Avocado|60/100|[from] Sandstorm
|-damage|p2a: Mandibuzz|82/100 brn|[from] brn
|upkeep
|turn|51
|
|t:|1663345048
|move|p1a: Avocado|U-turn|p2a: Mandibuzz
|-damage|p2a: Mandibuzz|72/100 brn
|move|p2a: Mandibuzz|Defog|p1a: Avocado
|-unboost|p1a: Avocado|evasion|1
|-sideend|p1: kindersurprise2 0|Stealth Rock|[from] move: Defog|[of] p2a: Mandibuzz
|-sideend|p2: d01ph1ne|Stealth Rock|[from] move: Defog|[of] p2a: Mandibuzz
|
|-weather|none
|-damage|p2a: Mandibuzz|66/100 brn|[from] brn
|upkeep
|turn|52
|
|t:|1663345062
|move|p1a: Avocado|U-turn|p2a: Mandibuzz
|-damage|p2a: Mandibuzz|57/100 brn
|move|p2a: Mandibuzz|Foul Play|p1a: Avocado
|-crit|p1a: Avocado
|-damage|p1a: Avocado|38/100
|
|-damage|p2a: Mandibuzz|51/100 brn|[from] brn
|upkeep
|turn|53
|
|t:|1663345067
|move|p1a: Avocado|Roost|p1a: Avocado
|-heal|p1a: Avocado|88/100
|-singleturn|p1a: Avocado|move: Roost
|move|p2a: Mandibuzz|Roost|p2a: Mandibuzz
|-heal|p2a: Mandibuzz|100/100 brn
|-singleturn|p2a: Mandibuzz|move: Roost
|
|-damage|p2a: Mandibuzz|94/100 brn|[from] brn
|upkeep
|turn|54
|c|☆kindersurprise2 0|Listen
|
|t:|1663345089
|move|p1a: Avocado|U-turn|p2a: Mandibuzz
|-damage|p2a: Mandibuzz|85/100 brn
|move|p2a: Mandibuzz|U-turn|p1a: Avocado
|-resisted|p1a: Avocado
|-damage|p1a: Avocado|87/100
|
|t:|1663345093
|switch|p2a: Amoonguss|Amoonguss, F|80/100|[from]move: U-turn
|
|-heal|p2a: Amoonguss|87/100|[from] item: Black Sludge
|upkeep
|turn|55
|
|t:|1663345098
|switch|p2a: Mandibuzz|Mandibuzz, F|85/100 brn
|move|p1a: Avocado|Mystical Fire|p2a: Mandibuzz
|-damage|p2a: Mandibuzz|55/100 brn
|-unboost|p2a: Mandibuzz|spa|1
|
|-damage|p2a: Mandibuzz|49/100 brn|[from] brn
|upkeep
|turn|56
|
|t:|1663345104
|move|p1a: Avocado|Mystical Fire|p2a: Mandibuzz
|-damage|p2a: Mandibuzz|22/100 brn
|-unboost|p2a: Mandibuzz|spa|1
|move|p2a: Mandibuzz|Roost|p2a: Mandibuzz
|-heal|p2a: Mandibuzz|72/100 brn
|-singleturn|p2a: Mandibuzz|move: Roost
|
|-damage|p2a: Mandibuzz|66/100 brn|[from] brn
|upkeep
|turn|57
|
|t:|1663345109
|move|p1a: Avocado|U-turn|p2a: Mandibuzz
|-damage|p2a: Mandibuzz|57/100 brn
|move|p2a: Mandibuzz|Roost|p2a: Mandibuzz
|-heal|p2a: Mandibuzz|100/100 brn
|-singleturn|p2a: Mandibuzz|move: Roost
|
|-damage|p2a: Mandibuzz|94/100 brn|[from] brn
|upkeep
|turn|58
|
|t:|1663345116
|move|p1a: Avocado|U-turn|p2a: Mandibuzz
|-damage|p2a: Mandibuzz|85/100 brn
|move|p2a: Mandibuzz|U-turn|p1a: Avocado
|-resisted|p1a: Avocado
|-damage|p1a: Avocado|85/100
|
|t:|1663345118
|switch|p2a: Amoonguss|Amoonguss, F|100/100|[from]move: U-turn
|
|upkeep
|turn|59
|
|t:|1663345121
|move|p1a: Avocado|Mystical Fire|p2a: Amoonguss
|-supereffective|p2a: Amoonguss
|-damage|p2a: Amoonguss|40/100
|-unboost|p2a: Amoonguss|spa|1
|move|p2a: Amoonguss|Spore|p1a: Avocado
|-status|p1a: Avocado|slp|[from] move: Spore
|
|-heal|p2a: Amoonguss|47/100|[from] item: Black Sludge
|upkeep
|turn|60
|
|t:|1663345125
|switch|p2a: Mandibuzz|Mandibuzz, F|85/100 brn
|cant|p1a: Avocado|slp
|
|-damage|p2a: Mandibuzz|79/100 brn|[from] brn
|upkeep
|turn|61
|
|t:|1663345128
|switch|p2a: Amoonguss|Amoonguss, F|80/100
|-curestatus|p1a: Avocado|slp|[msg]
|move|p1a: Avocado|Mystical Fire|p2a: Amoonguss
|-supereffective|p2a: Amoonguss
|-damage|p2a: Amoonguss|20/100
|-unboost|p2a: Amoonguss|spa|1
|
|-heal|p2a: Amoonguss|26/100|[from] item: Black Sludge
|upkeep
|turn|62
|
|t:|1663345131
|switch|p2a: Mandibuzz|Mandibuzz, F|79/100 brn
|move|p1a: Avocado|Mystical Fire|p2a: Mandibuzz
|-damage|p2a: Mandibuzz|51/100 brn
|-unboost|p2a: Mandibuzz|spa|1
|
|-damage|p2a: Mandibuzz|45/100 brn|[from] brn
|upkeep
|turn|63
|
|t:|1663345135
|move|p1a: Avocado|U-turn|p2a: Mandibuzz
|-damage|p2a: Mandibuzz|37/100 brn
|move|p2a: Mandibuzz|Roost|p2a: Mandibuzz
|-heal|p2a: Mandibuzz|87/100 brn
|-singleturn|p2a: Mandibuzz|move: Roost
|
|-damage|p2a: Mandibuzz|81/100 brn|[from] brn
|upkeep
|turn|64
|
|t:|1663345141
|move|p1a: Avocado|U-turn|p2a: Mandibuzz
|-crit|p2a: Mandibuzz
|-damage|p2a: Mandibuzz|67/100 brn
|move|p2a: Mandibuzz|U-turn|p1a: Avocado
|-resisted|p1a: Avocado
|-damage|p1a: Avocado|84/100
|
|t:|1663345143
|switch|p2a: Amoonguss|Amoonguss, F|60/100|[from]move: U-turn
|
|-heal|p2a: Amoonguss|66/100|[from] item: Black Sludge
|upkeep
|turn|65
|
|t:|1663345149
|switch|p2a: Mandibuzz|Mandibuzz, F|67/100 brn
|move|p1a: Avocado|Mystical Fire|p2a: Mandibuzz
|-damage|p2a: Mandibuzz|40/100 brn
|-unboost|p2a: Mandibuzz|spa|1
|
|-damage|p2a: Mandibuzz|34/100 brn|[from] brn
|upkeep
|turn|66
|
|t:|1663345156
|move|p1a: Avocado|U-turn|p2a: Mandibuzz
|-damage|p2a: Mandibuzz|25/100 brn
|move|p2a: Mandibuzz|Roost|p2a: Mandibuzz
|-heal|p2a: Mandibuzz|75/100 brn
|-singleturn|p2a: Mandibuzz|move: Roost
|
|-damage|p2a: Mandibuzz|69/100 brn|[from] brn
|upkeep
|turn|67
|
|t:|1663345164
|move|p1a: Avocado|U-turn|p2a: Mandibuzz
|-damage|p2a: Mandibuzz|59/100 brn
|move|p2a: Mandibuzz|U-turn|p1a: Avocado
|-resisted|p1a: Avocado
|-damage|p1a: Avocado|83/100
|
|t:|1663345165
|switch|p2a: Amoonguss|Amoonguss, F|99/100|[from]move: U-turn
|
|-heal|p2a: Amoonguss|100/100|[from] item: Black Sludge
|upkeep
|turn|68
|
|t:|1663345170
|move|p1a: Avocado|Scorching Sands|p2a: Amoonguss
|-damage|p2a: Amoonguss|82/100
|-status|p2a: Amoonguss|brn
|move|p2a: Amoonguss|Spore|p1a: Avocado
|-status|p1a: Avocado|slp|[from] move: Spore
|
|-heal|p2a: Amoonguss|89/100 brn|[from] item: Black Sludge
|-damage|p2a: Amoonguss|82/100 brn|[from] brn
|upkeep
|turn|69
|
|t:|1663345173
|cant|p1a: Avocado|slp
|move|p2a: Amoonguss|Sludge Bomb|p1a: Avocado
|-damage|p1a: Avocado|51/100 slp
|
|-heal|p2a: Amoonguss|89/100 brn|[from] item: Black Sludge
|-damage|p2a: Amoonguss|82/100 brn|[from] brn
|upkeep
|turn|70
|
|t:|1663345178
|-curestatus|p1a: Avocado|slp|[msg]
|move|p1a: Avocado|Roost|p1a: Avocado
|-heal|p1a: Avocado|100/100
|-singleturn|p1a: Avocado|move: Roost
|move|p2a: Amoonguss|Sludge Bomb|p1a: Avocado
|-damage|p1a: Avocado|73/100
|
|-heal|p2a: Amoonguss|89/100 brn|[from] item: Black Sludge
|-damage|p2a: Amoonguss|82/100 brn|[from] brn
|upkeep
|turn|71
|
|t:|1663345191
|move|p1a: Avocado|Mystical Fire|p2a: Amoonguss
|-supereffective|p2a: Amoonguss
|-damage|p2a: Amoonguss|21/100 brn
|-unboost|p2a: Amoonguss|spa|1
|move|p2a: Amoonguss|Spore|p1a: Avocado
|-status|p1a: Avocado|slp|[from] move: Spore
|
|-heal|p2a: Amoonguss|28/100 brn|[from] item: Black Sludge
|-damage|p2a: Amoonguss|21/100 brn|[from] brn
|upkeep
|turn|72
|
|t:|1663345200
|switch|p2a: Mandibuzz|Mandibuzz, F|59/100 brn
|cant|p1a: Avocado|slp
|
|-damage|p2a: Mandibuzz|53/100 brn|[from] brn
|upkeep
|turn|73
|
|t:|1663345212
|-curestatus|p1a: Avocado|slp|[msg]
|move|p1a: Avocado|U-turn|p2a: Mandibuzz
|-damage|p2a: Mandibuzz|45/100 brn
|move|p2a: Mandibuzz|Roost|p2a: Mandibuzz
|-heal|p2a: Mandibuzz|95/100 brn
|-singleturn|p2a: Mandibuzz|move: Roost
|
|-damage|p2a: Mandibuzz|89/100 brn|[from] brn
|upkeep
|turn|74
|
|t:|1663345217
|move|p1a: Avocado|U-turn|p2a: Mandibuzz
|-damage|p2a: Mandibuzz|79/100 brn
|move|p2a: Mandibuzz|U-turn|p1a: Avocado
|-resisted|p1a: Avocado
|-damage|p1a: Avocado|72/100
|
|t:|1663345218
|switch|p2a: Amoonguss|Amoonguss, F|55/100 brn|[from]move: U-turn
|
|-heal|p2a: Amoonguss|61/100 brn|[from] item: Black Sludge
|-damage|p2a: Amoonguss|55/100 brn|[from] brn
|upkeep
|turn|75
|
|t:|1663345221
|switch|p2a: Mandibuzz|Mandibuzz, F|79/100 brn
|move|p1a: Avocado|Mystical Fire|p2a: Mandibuzz
|-damage|p2a: Mandibuzz|50/100 brn
|-unboost|p2a: Mandibuzz|spa|1
|
|-damage|p2a: Mandibuzz|43/100 brn|[from] brn
|upkeep
|turn|76
|
|t:|1663345227
|move|p1a: Avocado|U-turn|p2a: Mandibuzz
|-damage|p2a: Mandibuzz|35/100 brn
|move|p2a: Mandibuzz|Roost|p2a: Mandibuzz
|-heal|p2a: Mandibuzz|85/100 brn
|-singleturn|p2a: Mandibuzz|move: Roost
|
|-damage|p2a: Mandibuzz|79/100 brn|[from] brn
|upkeep
|turn|77
|
|t:|1663345230
|move|p1a: Avocado|U-turn|p2a: Mandibuzz
|-damage|p2a: Mandibuzz|70/100 brn
|move|p2a: Mandibuzz|U-turn|p1a: Avocado
|-resisted|p1a: Avocado
|-damage|p1a: Avocado|70/100
|
|t:|1663345232
|switch|p2a: Amoonguss|Amoonguss, F|88/100 brn|[from]move: U-turn
|
|-heal|p2a: Amoonguss|94/100 brn|[from] item: Black Sludge
|-damage|p2a: Amoonguss|88/100 brn|[from] brn
|upkeep
|turn|78
|
|t:|1663345235
|move|p1a: Avocado|Scorching Sands|p2a: Amoonguss
|-damage|p2a: Amoonguss|68/100 brn
|move|p2a: Amoonguss|Spore|p1a: Avocado
|-status|p1a: Avocado|slp|[from] move: Spore
|
|-heal|p2a: Amoonguss|75/100 brn|[from] item: Black Sludge
|-damage|p2a: Amoonguss|68/100 brn|[from] brn
|upkeep
|turn|79
|
|t:|1663345240
|cant|p1a: Avocado|slp
|move|p2a: Amoonguss|Sludge Bomb|p1a: Avocado
|-damage|p1a: Avocado|39/100 slp
|
|-heal|p2a: Amoonguss|75/100 brn|[from] item: Black Sludge
|-damage|p2a: Amoonguss|68/100 brn|[from] brn
|upkeep
|turn|80
|
|t:|1663345244
|-curestatus|p1a: Avocado|slp|[msg]
|move|p1a: Avocado|Mystical Fire|p2a: Amoonguss
|-supereffective|p2a: Amoonguss
|-damage|p2a: Amoonguss|14/100 brn
|-unboost|p2a: Amoonguss|spa|1
|move|p2a: Amoonguss|Sludge Bomb|p1a: Avocado
|-crit|p1a: Avocado
|-damage|p1a: Avocado|0 fnt
|faint|p1a: Avocado
|
|win|d01ph1ne
|raw|kindersurprise2 0's rating: 1452 &rarr; <strong>1440</strong><br />(-12 for losing)
|raw|d01ph1ne's rating: 1591 &rarr; <strong>1603</strong><br />(+12 for winning)
|c|☆d01ph1ne|did i mess up tho
|l|☆d01ph1ne
|c|☆kindersurprise2 0|I'd say so yes
