|html|<div class="broadcast-blue"><strong>[Gen 8] UU is currently suspecting Aegislash! For information on how to participate check out the <a href="https://www.smogon.com/forums/threads/np-ss-uu-stage-8-4-spellbound-aegislash-retest-victini-banned.3679677/">suspect thread</a>.</strong></div>
|j|☆Adrift and Alone
|j|☆Uu8a wubdu
|t:|1615306064
|player|p1|Adrift and Alone|psychic-gen3|1524
|player|p2|Uu8a wubdu|twins-gen4dp|1345
|teamsize|p1|6
|teamsize|p2|6
|gametype|singles
|gen|8
|tier|[Gen 8] UU
|rated|
|clearpoke
|poke|p1|Zeraora|
|poke|p1|Amoonguss, M|
|poke|p1|Aegislash, M|
|poke|p1|Salamence, F|
|poke|p1|Rhyperior, F|
|poke|p1|Keldeo-Resolute|
|poke|p2|Shuckle, F|
|poke|p2|Azumarill, M|
|poke|p2|Aegislash, F|
|poke|p2|Scizor, M|
|poke|p2|Thundurus-Therian, M|
|poke|p2|Alakazam, F|
|rule|Sleep Clause Mod: Limit one foe put to sleep
|rule|Species Clause: Limit one of each Pokémon
|rule|OHKO Clause: OHKO moves are banned
|rule|Evasion Moves Clause: Evasion moves are banned
|rule|Endless Battle Clause: Forcing endless battles is banned
|rule|HP Percentage Mod: HP is shown in percentages
|rule|Dynamax Clause: You cannot dynamax
|teampreview
|
|t:|1615306068
|start
|switch|p1a: Rhyperior|Rhyperior, F|100/100
|switch|p2a: Shuckle|Shuckle, F|100/100
|turn|1
|
|t:|1615306073
|move|p1a: Rhyperior|Stone Edge|p2a: Shuckle
|-supereffective|p2a: Shuckle
|-damage|p2a: Shuckle|51/100
|-enditem|p2a: Shuckle|Red Card|[of] p1a: Rhyperior
|drag|p1a: Amoonguss|Amoonguss, M|100/100
|move|p2a: Shuckle|Sticky Web|p1a: Amoonguss
|-sidestart|p1: Adrift and Alone|move: Sticky Web
|
|upkeep
|turn|2
|
|t:|1615306077
|move|p1a: Amoonguss|Spore|p2a: Shuckle
|-status|p2a: Shuckle|slp|[from] move: Spore
|cant|p2a: Shuckle|slp
|
|upkeep
|turn|3
|
|t:|1615306082
|switch|p1a: Rhyperior|Rhyperior, F|100/100
|-activate|p1a: Rhyperior|move: Sticky Web
|-unboost|p1a: Rhyperior|spe|1
|switch|p2a: Thundurus|Thundurus-Therian, M|100/100
|
|upkeep
|turn|4
|
|t:|1615306091
|switch|p2a: Azumarill|Azumarill, M|100/100
|move|p1a: Rhyperior|Stone Edge|p2a: Azumarill|[miss]
|-miss|p1a: Rhyperior|p2a: Azumarill
|
|upkeep
|turn|5
|
|t:|1615306099
|switch|p1a: Amoonguss|Amoonguss, M|100/100
|-activate|p1a: Amoonguss|move: Sticky Web
|-unboost|p1a: Amoonguss|spe|1
|move|p2a: Azumarill|Knock Off|p1a: Amoonguss
|-damage|p1a: Amoonguss|68/100
|-damage|p2a: Azumarill|84/100|[from] item: Rocky Helmet|[of] p1a: Amoonguss
|-enditem|p1a: Amoonguss|Rocky Helmet|[from] move: Knock Off|[of] p2a: Azumarill
|
|upkeep
|turn|6
|
|t:|1615306111
|switch|p2a: Shuckle|Shuckle, F|51/100 slp
|switch|p1a: Salamence|Salamence, F|100/100
|-ability|p1a: Salamence|Intimidate|boost
|-unboost|p2a: Shuckle|atk|1
|
|upkeep
|turn|7
|
|t:|1615306119
|switch|p2a: Thundurus|Thundurus-Therian, M|100/100
|move|p1a: Salamence|Defog|p2a: Thundurus
|-unboost|p2a: Thundurus|evasion|1
|-sideend|p1: Adrift and Alone|Sticky Web|[from] move: Defog|[of] p1a: Salamence
|
|upkeep
|turn|8
|
|t:|1615306128
|switch|p1a: Aegislash|Aegislash, M|100/100
|move|p2a: Thundurus|Nasty Plot|p2a: Thundurus
|-boost|p2a: Thundurus|spa|2
|
|upkeep
|turn|9
|
|t:|1615306131
|move|p2a: Thundurus|Thunderbolt|p1a: Aegislash
|-damage|p1a: Aegislash|25/100
|-formechange|p1a: Aegislash|Aegislash-Blade||[from] ability: Stance Change
|move|p1a: Aegislash|Shadow Ball|p2a: Thundurus
|-damage|p2a: Thundurus|12/100
|-damage|p1a: Aegislash|15/100|[from] item: Life Orb
|
|upkeep
|turn|10
|
|t:|1615306136
|switch|p2a: Shuckle|Shuckle, F|51/100 slp
|move|p1a: Aegislash|Shadow Sneak|p2a: Shuckle
|-damage|p2a: Shuckle|39/100 slp
|-damage|p1a: Aegislash|5/100|[from] item: Life Orb
|
|upkeep
|turn|11
|
|t:|1615306140
|move|p1a: Aegislash|Flash Cannon|p2a: Shuckle
|-supereffective|p2a: Shuckle
|-damage|p2a: Shuckle|0 fnt
|-damage|p1a: Aegislash|0 fnt|[from] item: Life Orb
|faint|p2a: Shuckle
|faint|p1a: Aegislash
|
|upkeep
|
|t:|1615306144
|switch|p1a: Zeraora|Zeraora|100/100
|switch|p2a: Alakazam|Alakazam, F|100/100
|turn|12
|
|t:|1615306149
|move|p1a: Zeraora|Volt Switch|p2a: Alakazam
|-crit|p2a: Alakazam
|-damage|p2a: Alakazam|54/100
|
|t:|1615306154
|switch|p1a: Rhyperior|Rhyperior, F|100/100|[from]move: Volt Switch
|move|p2a: Alakazam|Counter||[still]
|-fail|p2a: Alakazam
|
|upkeep
|turn|13
|
|t:|1615306164
|move|p2a: Alakazam|Focus Blast|p1a: Rhyperior|[miss]
|-miss|p2a: Alakazam|p1a: Rhyperior
|move|p1a: Rhyperior|Earthquake|p2a: Alakazam
|-damage|p2a: Alakazam|0 fnt
|faint|p2a: Alakazam
|
|upkeep
|c|☆Uu8a wubdu|jeez
|c|☆Uu8a wubdu|arent u fucking boring
|
|t:|1615306178
|switch|p2a: Aegislash|Aegislash, F|100/100
|-item|p2a: Aegislash|Air Balloon
|turn|14
|
|t:|1615306192
|switch|p1a: Amoonguss|Amoonguss, M|100/100
|move|p2a: Aegislash|Swords Dance|p2a: Aegislash
|-boost|p2a: Aegislash|atk|2
|
|upkeep
|turn|15
|
|t:|1615306197
|-formechange|p2a: Aegislash|Aegislash-Blade||[from] ability: Stance Change
|move|p2a: Aegislash|Iron Head|p1a: Amoonguss
|-damage|p1a: Amoonguss|35/100
|move|p1a: Amoonguss|Foul Play|p2a: Aegislash
|-supereffective|p2a: Aegislash
|-damage|p2a: Aegislash|0 fnt
|-enditem|p2a: Aegislash|Air Balloon
|faint|p2a: Aegislash
|
|upkeep
|
|t:|1615306201
|switch|p2a: Scizor|Scizor, M|100/100
|turn|16
|
|t:|1615306206
|switch|p1a: Salamence|Salamence, F|100/100
|-ability|p1a: Salamence|Intimidate|boost
|-unboost|p2a: Scizor|atk|1
|move|p2a: Scizor|Swords Dance|p2a: Scizor
|-boost|p2a: Scizor|atk|2
|
|upkeep
|turn|17
|
|t:|1615306209
|move|p2a: Scizor|Bullet Punch|p1a: Salamence
|-damage|p1a: Salamence|26/100
|-damage|p2a: Scizor|91/100|[from] item: Life Orb
|move|p1a: Salamence|Flamethrower|p2a: Scizor
|-supereffective|p2a: Scizor
|-damage|p2a: Scizor|0 fnt
|faint|p2a: Scizor
|
|upkeep
|
|t:|1615306210
|switch|p2a: Azumarill|Azumarill, M|84/100
|turn|18
|
|t:|1615306213
|move|p1a: Salamence|Dual Wingbeat|p2a: Azumarill
|-damage|p2a: Azumarill|57/100
|-damage|p2a: Azumarill|31/100
|-enditem|p2a: Azumarill|Sitrus Berry|[eat]
|-heal|p2a: Azumarill|55/100|[from] item: Sitrus Berry
|-hitcount|p2a: Azumarill|2
|move|p2a: Azumarill|Belly Drum|p2a: Azumarill
|-damage|p2a: Azumarill|5/100
|-setboost|p2a: Azumarill|atk|6|[from] move: Belly Drum
|
|upkeep
|turn|19
|
|t:|1615306218
|switch|p1a: Amoonguss|Amoonguss, M|68/100
|move|p2a: Azumarill|Aqua Jet|p1a: Amoonguss
|-resisted|p1a: Amoonguss
|-damage|p1a: Amoonguss|26/100
|
|upkeep
|turn|20
|
|t:|1615306225
|switch|p1a: Salamence|Salamence, F|26/100
|-ability|p1a: Salamence|Intimidate|boost
|-unboost|p2a: Azumarill|atk|1
|move|p2a: Azumarill|Aqua Jet|p1a: Salamence
|-resisted|p1a: Salamence
|-damage|p1a: Salamence|0 fnt
|faint|p1a: Salamence
|
|upkeep
|
|t:|1615306227
|switch|p1a: Keldeo|Keldeo-Resolute|100/100
|turn|21
|
|t:|1615306231
|move|p2a: Azumarill|Aqua Jet|p1a: Keldeo
|-resisted|p1a: Keldeo
|-damage|p1a: Keldeo|45/100
|move|p1a: Keldeo|Scald|p2a: Azumarill
|-resisted|p2a: Azumarill
|-damage|p2a: Azumarill|0 fnt
|faint|p2a: Azumarill
|
|-heal|p1a: Keldeo|52/100|[from] item: Leftovers
|upkeep
|-message|Uu8a wubdu forfeited.
|
|win|Adrift and Alone
|raw|Adrift and Alone's rating: 1524 &rarr; <strong>1535</strong><br />(+11 for winning)
|raw|Uu8a wubdu's rating: 1345 &rarr; <strong>1337</strong><br />(-8 for losing)
|l|☆Uu8a wubdu
|c|☆Adrift and Alone|Ty for ez points
||Ladder (probably) updated, but score could not be retrieved (Request timeout).
