|j|☆TheLump
|j|☆5 pia to the top
|t:|1660358090
|gametype|singles
|player|p1|TheLump|170|1374
|player|p2|5 pia to the top|#uutrio2ladder|1641
|teamsize|p1|6
|teamsize|p2|5
|gen|8
|tier|[Gen 8] UU
|rated|
|rule|Sleep Clause Mod: Limit one foe put to sleep
|rule|Species Clause: Limit one of each Pokémon
|rule|OHKO Clause: OHKO moves are banned
|rule|Evasion Items Clause: Evasion items are banned
|rule|Evasion Moves Clause: Evasion moves are banned
|rule|Endless Battle Clause: Forcing endless battles is banned
|rule|HP Percentage Mod: HP is shown in percentages
|rule|Dynamax Clause: You cannot dynamax
|clearpoke
|poke|p1|Grimmsnarl, M|
|poke|p1|Weezing-Galar, M|
|poke|p1|Polteageist|
|poke|p1|Cloyster, F|
|poke|p1|Omastar, F|
|poke|p1|Carracosta, F|
|poke|p2|Salamence, M|
|poke|p2|Chansey, F|
|poke|p2|Umbreon, M|
|poke|p2|Quagsire, M|
|poke|p2|Tangrowth, F|
|teampreview
|
|t:|1660358146
|start
|switch|p1a: Grumphilda|Omastar, F|100/100
|switch|p2a: megan the eggin|Chansey, F|100/100
|turn|1
|
|t:|1660358154
|switch|p1a: Murderella|Carracosta, F|100/100
|move|p2a: megan the eggin|Toxic|p1a: Murderella
|-status|p1a: Murderella|tox
|
|-damage|p1a: Murderella|94/100 tox|[from] psn
|upkeep
|turn|2
|c|☆TheLump|wait
|c|☆TheLump|5?
|
|t:|1660358175
|move|p1a: Murderella|Shell Smash|p1a: Murderella
|-unboost|p1a: Murderella|def|1
|-unboost|p1a: Murderella|spd|1
|-boost|p1a: Murderella|atk|2
|-boost|p1a: Murderella|spa|2
|-boost|p1a: Murderella|spe|2
|move|p2a: megan the eggin|Stealth Rock|p1a: Murderella
|-sidestart|p1: TheLump|move: Stealth Rock
|
|-damage|p1a: Murderella|82/100 tox|[from] psn
|upkeep
|turn|3
|j| ramoloST
|
|t:|1660358179
|switch|p2a: tang ur wang|Tangrowth, F|100/100
|move|p1a: Murderella|Waterfall|p2a: tang ur wang
|-resisted|p2a: tang ur wang
|-damage|p2a: tang ur wang|75/100
|
|-damage|p1a: Murderella|63/100 tox|[from] psn
|upkeep
|turn|4
|c| ramoloST|go the lamp
|
|t:|1660358186
|switch|p2a: poggy froggy|Quagsire, M|100/100
|move|p1a: Murderella|Stone Edge|p2a: poggy froggy
|-resisted|p2a: poggy froggy
|-damage|p2a: poggy froggy|78/100
|
|-heal|p2a: poggy froggy|84/100|[from] item: Leftovers
|-damage|p1a: Murderella|38/100 tox|[from] psn
|upkeep
|turn|5
|c| ramoloST|light hi!m up
|c|☆5 pia to the top|its lump
|c| ramoloST|hmm
|c|☆5 pia to the top|light him up?
|c|☆5 pia to the top|we're playing pokemon
|c|☆5 pia to the top|not with fire
|
|t:|1660358204
|switch|p1a: Doug Dimmadome|Weezing-Galar, M|100/100
|-damage|p1a: Doug Dimmadome|88/100|[from] Stealth Rock
|move|p2a: poggy froggy|Recover|p2a: poggy froggy
|-heal|p2a: poggy froggy|100/100
|
|-heal|p1a: Doug Dimmadome|94/100|[from] item: Black Sludge
|upkeep
|turn|6
|
|t:|1660358211
|move|p1a: Doug Dimmadome|Will-O-Wisp|p2a: poggy froggy
|-status|p2a: poggy froggy|brn
|move|p2a: poggy froggy|Scald|p1a: Doug Dimmadome
|-damage|p1a: Doug Dimmadome|75/100
|
|-heal|p1a: Doug Dimmadome|81/100|[from] item: Black Sludge
|-damage|p2a: poggy froggy|94/100 brn|[from] brn
|upkeep
|turn|7
|
|t:|1660358214
|move|p1a: Doug Dimmadome|Defog|p2a: poggy froggy
|-unboost|p2a: poggy froggy|evasion|1
|-sideend|p1: TheLump|Stealth Rock|[from] move: Defog|[of] p1a: Doug Dimmadome
|move|p2a: poggy froggy|Scald|p1a: Doug Dimmadome
|-damage|p1a: Doug Dimmadome|63/100
|
|-heal|p1a: Doug Dimmadome|69/100|[from] item: Black Sludge
|-heal|p2a: poggy froggy|100/100 brn|[from] item: Leftovers
|-damage|p2a: poggy froggy|94/100 brn|[from] brn
|upkeep
|turn|8
|c| ramoloST|it doesnt work w lump
|
|t:|1660358219
|switch|p1a: TheGronch|Polteageist, shiny|100/100
|move|p2a: poggy froggy|Scald|p1a: TheGronch
|-damage|p1a: TheGronch|76/100
|-status|p1a: TheGronch|brn
|
|-heal|p2a: poggy froggy|100/100 brn|[from] item: Leftovers
|-damage|p1a: TheGronch|70/100 brn|[from] brn
|-damage|p2a: poggy froggy|94/100 brn|[from] brn
|upkeep
|turn|9
|
|t:|1660358224
|switch|p2a: umby wumby|Umbreon, M|100/100
|move|p1a: TheGronch|Giga Drain|p2a: umby wumby
|-damage|p2a: umby wumby|80/100
|-heal|p1a: TheGronch|85/100 brn|[from] drain|[of] p2a: umby wumby
|
|-heal|p2a: umby wumby|86/100|[from] item: Leftovers
|-damage|p1a: TheGronch|79/100 brn|[from] brn
|upkeep
|turn|10
|
|t:|1660358231
|switch|p1a: KPOP Shrek|Grimmsnarl, M, shiny|100/100
|move|p2a: umby wumby|Heal Bell|p2a: umby wumby
|-activate|p2a: umby wumby|move: Heal Bell
|-curestatus|p2: poggy froggy|brn|[msg]
|
|-heal|p2a: umby wumby|93/100|[from] item: Leftovers
|upkeep
|turn|11
|
|t:|1660358234
|switch|p2a: poggy froggy|Quagsire, M|94/100
|move|p1a: KPOP Shrek|Spirit Break|p2a: poggy froggy
|-damage|p2a: poggy froggy|66/100
|-unboost|p2a: poggy froggy|spa|1
|
|-heal|p2a: poggy froggy|72/100|[from] item: Leftovers
|upkeep
|turn|12
|
|t:|1660358242
|switch|p1a: Doug Dimmadome|Weezing-Galar, M|69/100
|move|p2a: poggy froggy|Toxic|p1a: Doug Dimmadome
|-immune|p1a: Doug Dimmadome
|
|-heal|p1a: Doug Dimmadome|75/100|[from] item: Black Sludge
|-heal|p2a: poggy froggy|78/100|[from] item: Leftovers
|upkeep
|turn|13
|
|t:|1660358245
|move|p1a: Doug Dimmadome|Will-O-Wisp|p2a: poggy froggy
|-status|p2a: poggy froggy|brn
|move|p2a: poggy froggy|Scald|p1a: Doug Dimmadome
|-damage|p1a: Doug Dimmadome|63/100
|-status|p1a: Doug Dimmadome|brn
|
|-heal|p1a: Doug Dimmadome|69/100 brn|[from] item: Black Sludge
|-heal|p2a: poggy froggy|85/100 brn|[from] item: Leftovers
|-damage|p1a: Doug Dimmadome|63/100 brn|[from] brn
|-damage|p2a: poggy froggy|78/100 brn|[from] brn
|upkeep
|turn|14
|j| Queen of Bean ✿
|
|t:|1660358251
|switch|p1a: TheGronch|Polteageist, shiny|79/100 brn
|move|p2a: poggy froggy|Recover|p2a: poggy froggy
|-heal|p2a: poggy froggy|100/100 brn
|
|-damage|p1a: TheGronch|73/100 brn|[from] brn
|-damage|p2a: poggy froggy|94/100 brn|[from] brn
|upkeep
|turn|15
|
|t:|1660358254
|switch|p2a: umby wumby|Umbreon, M|93/100
|move|p1a: TheGronch|Giga Drain|p2a: umby wumby
|-damage|p2a: umby wumby|74/100
|-heal|p1a: TheGronch|87/100 brn|[from] drain|[of] p2a: umby wumby
|
|-heal|p2a: umby wumby|80/100|[from] item: Leftovers
|-damage|p1a: TheGronch|81/100 brn|[from] brn
|upkeep
|turn|16
|
|t:|1660358259
|move|p1a: TheGronch|Giga Drain|p2a: umby wumby
|-damage|p2a: umby wumby|61/100
|-heal|p1a: TheGronch|95/100 brn|[from] drain|[of] p2a: umby wumby
|move|p2a: umby wumby|Heal Bell|p2a: umby wumby
|-activate|p2a: umby wumby|move: Heal Bell
|-curestatus|p2: poggy froggy|brn|[msg]
|
|-heal|p2a: umby wumby|67/100|[from] item: Leftovers
|-damage|p1a: TheGronch|89/100 brn|[from] brn
|upkeep
|turn|17
|
|t:|1660358263
|switch|p1a: KPOP Shrek|Grimmsnarl, M, shiny|100/100
|move|p2a: umby wumby|Wish|p2a: umby wumby
|
|-heal|p2a: umby wumby|73/100|[from] item: Leftovers
|upkeep
|turn|18
|
|t:|1660358266
|move|p2a: umby wumby|Protect|p2a: umby wumby
|-singleturn|p2a: umby wumby|Protect
|move|p1a: KPOP Shrek|Spirit Break|p2a: umby wumby
|-activate|p2a: umby wumby|move: Protect
|
|-heal|p2a: umby wumby|100/100|[from] move: Wish|[wisher] umby wumby
|upkeep
|turn|19
|
|t:|1660358269
|switch|p2a: poggy froggy|Quagsire, M|94/100
|move|p1a: KPOP Shrek|Spirit Break|p2a: poggy froggy
|-damage|p2a: poggy froggy|66/100
|-unboost|p2a: poggy froggy|spa|1
|
|-heal|p2a: poggy froggy|72/100|[from] item: Leftovers
|upkeep
|turn|20
|j| amogusroxyrrrr
|
|t:|1660358275
|move|p1a: KPOP Shrek|Spirit Break|p2a: poggy froggy
|-damage|p2a: poggy froggy|44/100
|-unboost|p2a: poggy froggy|spa|1
|move|p2a: poggy froggy|Recover|p2a: poggy froggy
|-heal|p2a: poggy froggy|94/100
|
|-heal|p2a: poggy froggy|99/100|[from] item: Leftovers
|upkeep
|turn|21
|
|t:|1660358279
|move|p1a: KPOP Shrek|Light Screen|p1a: KPOP Shrek
|-sidestart|p1: TheLump|move: Light Screen
|move|p2a: poggy froggy|Scald|p1a: KPOP Shrek
|-damage|p1a: KPOP Shrek|97/100
|
|-heal|p1a: KPOP Shrek|100/100|[from] item: Leftovers
|-heal|p2a: poggy froggy|100/100|[from] item: Leftovers
|upkeep
|turn|22
|
|t:|1660358283
|switch|p1a: TheGronch|Polteageist, shiny|89/100 brn
|move|p2a: poggy froggy|Toxic||[still]
|-fail|p2a: poggy froggy
|
|-damage|p1a: TheGronch|83/100 brn|[from] brn
|upkeep
|turn|23
|
|t:|1660358287
|switch|p2a: umby wumby|Umbreon, M|100/100
|move|p1a: TheGronch|Giga Drain|p2a: umby wumby
|-damage|p2a: umby wumby|81/100
|-heal|p1a: TheGronch|97/100 brn|[from] drain|[of] p2a: umby wumby
|
|-heal|p2a: umby wumby|87/100|[from] item: Leftovers
|-damage|p1a: TheGronch|91/100 brn|[from] brn
|upkeep
|turn|24
|
|t:|1660358295
|switch|p1a: KPOP Shrek|Grimmsnarl, M, shiny|100/100
|move|p2a: umby wumby|Foul Play|p1a: KPOP Shrek
|-resisted|p1a: KPOP Shrek
|-damage|p1a: KPOP Shrek|89/100
|
|-heal|p2a: umby wumby|93/100|[from] item: Leftovers
|-heal|p1a: KPOP Shrek|95/100|[from] item: Leftovers
|upkeep
|turn|25
|
|t:|1660358299
|switch|p2a: poggy froggy|Quagsire, M|100/100
|move|p1a: KPOP Shrek|Spirit Break|p2a: poggy froggy
|-damage|p2a: poggy froggy|71/100
|-unboost|p2a: poggy froggy|spa|1
|
|-heal|p1a: KPOP Shrek|100/100|[from] item: Leftovers
|-heal|p2a: poggy froggy|77/100|[from] item: Leftovers
|-sideend|p1: TheLump|move: Light Screen
|upkeep
|turn|26
|
|t:|1660358306
|move|p1a: KPOP Shrek|Light Screen|p1a: KPOP Shrek
|-sidestart|p1: TheLump|move: Light Screen
|move|p2a: poggy froggy|Toxic|p1a: KPOP Shrek
|-status|p1a: KPOP Shrek|tox
|
|-heal|p2a: poggy froggy|83/100|[from] item: Leftovers
|-damage|p1a: KPOP Shrek|94/100 tox|[from] psn
|upkeep
|turn|27
|
|t:|1660358310
|switch|p1a: Grumphilda|Omastar, F|100/100
|move|p2a: poggy froggy|Recover|p2a: poggy froggy
|-heal|p2a: poggy froggy|100/100
|
|upkeep
|turn|28
|
|t:|1660358314
|move|p1a: Grumphilda|Ice Beam|p2a: poggy froggy
|-damage|p2a: poggy froggy|77/100
|move|p2a: poggy froggy|Toxic|p1a: Grumphilda
|-status|p1a: Grumphilda|tox
|
|-heal|p2a: poggy froggy|83/100|[from] item: Leftovers
|-damage|p1a: Grumphilda|94/100 tox|[from] psn
|upkeep
|turn|29
|
|t:|1660358317
|move|p1a: Grumphilda|Ice Beam|p2a: poggy froggy
|-damage|p2a: poggy froggy|58/100
|move|p2a: poggy froggy|Recover|p2a: poggy froggy
|-heal|p2a: poggy froggy|100/100
|
|-damage|p1a: Grumphilda|82/100 tox|[from] psn
|upkeep
|turn|30
|
|t:|1660358327
|move|p1a: Grumphilda|Ice Beam|p2a: poggy froggy
|-damage|p2a: poggy froggy|76/100
|move|p2a: poggy froggy|Scald|p1a: Grumphilda
|-damage|p1a: Grumphilda|72/100 tox
|
|-heal|p2a: poggy froggy|82/100|[from] item: Leftovers
|-damage|p1a: Grumphilda|54/100 tox|[from] psn
|-sideend|p1: TheLump|move: Light Screen
|upkeep
|turn|31
|
|t:|1660358331
|move|p1a: Grumphilda|Ice Beam|p2a: poggy froggy
|-damage|p2a: poggy froggy|57/100
|move|p2a: poggy froggy|Recover|p2a: poggy froggy
|-heal|p2a: poggy froggy|100/100
|
|-damage|p1a: Grumphilda|29/100 tox|[from] psn
|upkeep
|turn|32
|
|t:|1660358346
|switch|p2a: tang ur wang|Tangrowth, F|100/100
|move|p1a: Grumphilda|Scald|p2a: tang ur wang
|-resisted|p2a: tang ur wang
|-damage|p2a: tang ur wang|89/100
|
|-damage|p1a: Grumphilda|0 fnt|[from] psn
|faint|p1a: Grumphilda
|upkeep
|
|t:|1660358352
|switch|p1a: Brutilda|Cloyster, F|100/100
|turn|33
|
|t:|1660358358
|move|p1a: Brutilda|Shell Smash|p1a: Brutilda
|-unboost|p1a: Brutilda|def|1
|-unboost|p1a: Brutilda|spd|1
|-boost|p1a: Brutilda|atk|2
|-boost|p1a: Brutilda|spa|2
|-boost|p1a: Brutilda|spe|2
|move|p2a: tang ur wang|Sludge Bomb|p1a: Brutilda
|-damage|p1a: Brutilda|23/100
|
|upkeep
|turn|34
|
|t:|1660358371
|switch|p2a: scary airy|Salamence, M|100/100
|-ability|p2a: scary airy|Intimidate|boost
|-unboost|p1a: Brutilda|atk|1
|move|p1a: Brutilda|Icicle Spear|p2a: scary airy
|-supereffective|p2a: scary airy
|-damage|p2a: scary airy|43/100
|-supereffective|p2a: scary airy
|-damage|p2a: scary airy|0 fnt
|faint|p2a: scary airy
|-hitcount|p2: scary airy|2
|
|upkeep
|
|t:|1660358378
|switch|p2a: megan the eggin|Chansey, F|100/100
|turn|35
|
|t:|1660358381
|move|p1a: Brutilda|Icicle Spear|p2a: megan the eggin
|-crit|p2a: megan the eggin
|-damage|p2a: megan the eggin|85/100
|-damage|p2a: megan the eggin|73/100
|-damage|p2a: megan the eggin|63/100
|-damage|p2a: megan the eggin|52/100
|-damage|p2a: megan the eggin|42/100
|-hitcount|p2a: megan the eggin|5
|move|p2a: megan the eggin|Seismic Toss|p1a: Brutilda
|-damage|p1a: Brutilda|0 fnt
|faint|p1a: Brutilda
|
|upkeep
|
|t:|1660358385
|switch|p1a: TheGronch|Polteageist, shiny|91/100 brn
|turn|36
|
|t:|1660358388
|switch|p2a: umby wumby|Umbreon, M|93/100
|move|p1a: TheGronch|Shell Smash|p1a: TheGronch
|-unboost|p1a: TheGronch|def|1
|-unboost|p1a: TheGronch|spd|1
|-boost|p1a: TheGronch|atk|2
|-boost|p1a: TheGronch|spa|2
|-boost|p1a: TheGronch|spe|2
|
|-heal|p2a: umby wumby|99/100|[from] item: Leftovers
|-damage|p1a: TheGronch|85/100 brn|[from] brn
|upkeep
|turn|37
|
|t:|1660358391
|move|p1a: TheGronch|Giga Drain|p2a: umby wumby
|-damage|p2a: umby wumby|56/100
|-heal|p1a: TheGronch|100/100 brn|[from] drain|[of] p2a: umby wumby
|move|p2a: umby wumby|Foul Play|p1a: TheGronch
|-supereffective|p1a: TheGronch
|-enditem|p1a: TheGronch|Focus Sash
|-damage|p1a: TheGronch|1/100 brn
|-ability|p1a: TheGronch|Weak Armor|boost
|-unboost|p1a: TheGronch|def|1
|-boost|p1a: TheGronch|spe|2
|
|-heal|p2a: umby wumby|62/100|[from] item: Leftovers
|-damage|p1a: TheGronch|0 fnt|[from] brn
|faint|p1a: TheGronch
|upkeep
|
|t:|1660358394
|switch|p1a: KPOP Shrek|Grimmsnarl, M, shiny|94/100 tox
|turn|38
|
|t:|1660358400
|switch|p2a: poggy froggy|Quagsire, M|100/100
|move|p1a: KPOP Shrek|Spirit Break|p2a: poggy froggy
|-crit|p2a: poggy froggy
|-damage|p2a: poggy froggy|58/100
|-unboost|p2a: poggy froggy|spa|1
|
|-heal|p1a: KPOP Shrek|100/100 tox|[from] item: Leftovers
|-heal|p2a: poggy froggy|64/100|[from] item: Leftovers
|-damage|p1a: KPOP Shrek|94/100 tox|[from] psn
|upkeep
|turn|39
|
|t:|1660358405
|move|p1a: KPOP Shrek|Light Screen|p1a: KPOP Shrek
|-sidestart|p1: TheLump|move: Light Screen
|move|p2a: poggy froggy|Recover|p2a: poggy froggy
|-heal|p2a: poggy froggy|100/100
|
|-heal|p1a: KPOP Shrek|100/100 tox|[from] item: Leftovers
|-damage|p1a: KPOP Shrek|88/100 tox|[from] psn
|upkeep
|turn|40
|j| Redplayer69420
|
|t:|1660358408
|switch|p1a: Doug Dimmadome|Weezing-Galar, M|63/100 brn
|switch|p2a: tang ur wang|Tangrowth, F|100/100
|
|-heal|p1a: Doug Dimmadome|69/100 brn|[from] item: Black Sludge
|-damage|p1a: Doug Dimmadome|63/100 brn|[from] brn
|upkeep
|turn|41
|c|☆TheLump|welp, I'm done
|c|☆5 pia to the top|gg
|-message|TheLump forfeited.
|
|win|5 pia to the top
|raw|TheLump's rating: 1374 &rarr; <strong>1367</strong><br />(-7 for losing)
|raw|5 pia to the top's rating: 1641 &rarr; <strong>1648</strong><br />(+7 for winning)
|c|☆TheLump|gg
|l|☆TheLump
|l| amogusroxyrrrr
|l| ramoloST
||Ladder isn't responding, score probably updated but might not have (Request timeout).
