|j|☆FooMachin
|j|☆gogole2021
|t:|1638738647
|gametype|singles
|player|p1|FooMachin|gambler|1298
|player|p2|gogole2021|pokemaniac-gen3rs|1499
|teamsize|p1|6
|teamsize|p2|6
|gen|8
|tier|[Gen 8] UU
|rated|
|rule|Sleep Clause Mod: Limit one foe put to sleep
|rule|Species Clause: Limit one of each Pokémon
|rule|OHKO Clause: OHKO moves are banned
|rule|Evasion Moves Clause: Evasion moves are banned
|rule|Endless Battle Clause: Forcing endless battles is banned
|rule|HP Percentage Mod: HP is shown in percentages
|rule|Dynamax Clause: You cannot dynamax
|clearpoke
|poke|p1|Azelf|
|poke|p1|Mimikyu, M|
|poke|p1|Hydreigon, M|
|poke|p1|Tangrowth, F|
|poke|p1|Tentacruel, F|
|poke|p1|Darmanitan, F|
|poke|p2|Jirachi|
|poke|p2|Conkeldurr, F|
|poke|p2|Tapu Bulu|
|poke|p2|Darmanitan, M|
|poke|p2|Tentacruel, M|
|poke|p2|Krookodile, M|
|teampreview
|
|t:|1638738663
|start
|switch|p1a: Suicide Song|Azelf|100/100
|switch|p2a: Mexicain|Darmanitan, M|100/100
|turn|1
|
|t:|1638738674
|move|p2a: Mexicain|Flare Blitz|p1a: Suicide Song
|-enditem|p1a: Suicide Song|Focus Sash
|-damage|p1a: Suicide Song|1/100
|-damage|p2a: Mexicain|73/100|[from] Recoil
|move|p1a: Suicide Song|Stealth Rock|p2a: Mexicain
|-sidestart|p2: gogole2021|move: Stealth Rock
|
|upkeep
|turn|2
|
|t:|1638738681
|move|p2a: Mexicain|Flare Blitz|p1a: Suicide Song
|-crit|p1a: Suicide Song
|-damage|p1a: Suicide Song|0 fnt
|faint|p1a: Suicide Song
|-damage|p2a: Mexicain|73/100|[from] Recoil
|
|upkeep
|
|t:|1638738691
|switch|p1a: Gang of Youth|Tentacruel, F|100/100
|turn|3
|
|t:|1638738696
|switch|p2a: Meduseman|Tentacruel, M|100/100
|-damage|p2a: Meduseman|88/100|[from] Stealth Rock
|move|p1a: Gang of Youth|Scald|p2a: Meduseman
|-resisted|p2a: Meduseman
|-damage|p2a: Meduseman|79/100
|
|upkeep
|turn|4
|
|t:|1638738706
|switch|p1a: Darmanitan|Darmanitan, F|100/100
|move|p2a: Meduseman|Rapid Spin|p1a: Darmanitan
|-damage|p1a: Darmanitan|88/100
|-boost|p2a: Meduseman|spe|1
|-sideend|p2: gogole2021|Stealth Rock|[from] move: Rapid Spin|[of] p2a: Meduseman
|
|upkeep
|turn|5
|
|t:|1638738714
|move|p1a: Darmanitan|Zen Headbutt|p2a: Meduseman
|-supereffective|p2a: Meduseman
|-damage|p2a: Meduseman|0 fnt
|faint|p2a: Meduseman
|
|upkeep
|
|t:|1638738718
|switch|p2a: Egypte|Krookodile, M|100/100
|-ability|p2a: Egypte|Intimidate|boost
|-unboost|p1a: Darmanitan|atk|1
|turn|6
|
|t:|1638738728
|switch|p1a: Gang of Youth|Tentacruel, F|100/100
|move|p2a: Egypte|Stealth Rock|p1a: Gang of Youth
|-sidestart|p1: FooMachin|move: Stealth Rock
|
|upkeep
|turn|7
|
|t:|1638738734
|move|p2a: Egypte|High Horsepower|p1a: Gang of Youth
|-supereffective|p1a: Gang of Youth
|-damage|p1a: Gang of Youth|0 fnt
|faint|p1a: Gang of Youth
|-damage|p2a: Egypte|91/100|[from] item: Life Orb
|
|upkeep
|
|t:|1638738740
|switch|p1a: Decaptecon|Mimikyu, M|100/100
|-damage|p1a: Decaptecon|88/100|[from] Stealth Rock
|turn|8
|
|t:|1638738748
|move|p1a: Decaptecon|Play Rough|p2a: Egypte
|-supereffective|p2a: Egypte
|-damage|p2a: Egypte|0 fnt
|faint|p2a: Egypte
|-damage|p1a: Decaptecon|78/100|[from] item: Life Orb
|
|upkeep
|
|t:|1638738756
|switch|p2a: Mexicain|Darmanitan, M|73/100
|turn|9
|
|t:|1638738765
|move|p2a: Mexicain|U-turn|p1a: Decaptecon
|-activate|p1a: Decaptecon|ability: Disguise
|-damage|p1a: Decaptecon|78/100
|detailschange|p1a: Decaptecon|Mimikyu-Busted, M
|-damage|p1a: Decaptecon|66/100|[from] pokemon: Mimikyu-Busted
|
|t:|1638738772
|switch|p2a: Indien|Tapu Bulu|100/100|[from]move: U-turn
|-fieldstart|move: Grassy Terrain|[from] ability: Grassy Surge|[of] p2a: Indien
|move|p1a: Decaptecon|Shadow Claw|p2a: Indien
|-damage|p2a: Indien|74/100
|-damage|p1a: Decaptecon|50/100|[from] item: Rocky Helmet|[of] p2a: Indien
|-damage|p1a: Decaptecon|40/100|[from] item: Life Orb
|
|-heal|p1a: Decaptecon|46/100|[from] Grassy Terrain
|-heal|p2a: Indien|80/100|[from] Grassy Terrain
|upkeep
|turn|10
|
|t:|1638738785
|move|p1a: Decaptecon|Shadow Claw|p2a: Indien
|-damage|p2a: Indien|55/100
|-damage|p1a: Decaptecon|29/100|[from] item: Rocky Helmet|[of] p2a: Indien
|-damage|p1a: Decaptecon|19/100|[from] item: Life Orb
|move|p2a: Indien|Toxic|p1a: Decaptecon
|-status|p1a: Decaptecon|tox
|
|-heal|p1a: Decaptecon|25/100 tox|[from] Grassy Terrain
|-heal|p2a: Indien|61/100|[from] Grassy Terrain
|-damage|p1a: Decaptecon|19/100 tox|[from] psn
|upkeep
|turn|11
|
|t:|1638738797
|move|p1a: Decaptecon|Shadow Claw|p2a: Indien
|-damage|p2a: Indien|37/100
|-damage|p1a: Decaptecon|3/100 tox|[from] item: Rocky Helmet|[of] p2a: Indien
|-damage|p1a: Decaptecon|0 fnt|[from] item: Life Orb
|faint|p1a: Decaptecon
|move|p2a: Indien|Horn Leech|p1: Decaptecon|[notarget]
|-fail|p2a: Indien
|
|-heal|p2a: Indien|43/100|[from] Grassy Terrain
|upkeep
|
|t:|1638738807
|switch|p1a: Dragon Dream|Hydreigon, M|100/100
|-damage|p1a: Dragon Dream|88/100|[from] Stealth Rock
|turn|12
|
|t:|1638738819
|switch|p2a: mille et une nuit|Jirachi|100/100
|move|p1a: Dragon Dream|Fire Blast|p2a: mille et une nuit|[miss]
|-miss|p1a: Dragon Dream|p2a: mille et une nuit
|
|upkeep
|turn|13
|
|t:|1638738830
|move|p1a: Dragon Dream|Fire Blast|p2a: mille et une nuit
|-supereffective|p2a: mille et une nuit
|-crit|p2a: mille et une nuit
|-damage|p2a: mille et une nuit|0 fnt
|faint|p2a: mille et une nuit
|
|-fieldend|move: Grassy Terrain
|upkeep
|
|t:|1638738837
|switch|p2a: Portuguais|Conkeldurr, F|100/100
|turn|14
|
|t:|1638738852
|move|p1a: Dragon Dream|Fire Blast|p2a: Portuguais
|-damage|p2a: Portuguais|60/100
|move|p2a: Portuguais|Ice Punch|p1a: Dragon Dream
|-supereffective|p1a: Dragon Dream
|-damage|p1a: Dragon Dream|21/100
|
|upkeep
|turn|15
|
|t:|1638738860
|move|p2a: Portuguais|Mach Punch|p1a: Dragon Dream
|-supereffective|p1a: Dragon Dream
|-damage|p1a: Dragon Dream|0 fnt
|faint|p1a: Dragon Dream
|
|upkeep
|
|t:|1638738864
|switch|p1a: Notorious B.I.G.|Tangrowth, F|100/100
|-damage|p1a: Notorious B.I.G.|88/100|[from] Stealth Rock
|turn|16
|
|t:|1638738871
|move|p1a: Notorious B.I.G.|Sludge Bomb|p2a: Portuguais
|-damage|p2a: Portuguais|40/100
|-status|p2a: Portuguais|psn
|move|p2a: Portuguais|Drain Punch|p1a: Notorious B.I.G.
|-damage|p1a: Notorious B.I.G.|29/100
|-heal|p2a: Portuguais|67/100 psn|[from] drain|[of] p1a: Notorious B.I.G.
|
|-heal|p1a: Notorious B.I.G.|36/100|[from] item: Leftovers
|-damage|p2a: Portuguais|54/100 psn|[from] psn
|upkeep
|turn|17
|
|t:|1638738882
|move|p1a: Notorious B.I.G.|Giga Drain|p2a: Portuguais
|-damage|p2a: Portuguais|25/100 psn
|-heal|p1a: Notorious B.I.G.|52/100|[from] drain|[of] p2a: Portuguais
|move|p2a: Portuguais|Drain Punch|p1a: Notorious B.I.G.
|-damage|p1a: Notorious B.I.G.|0 fnt
|-heal|p2a: Portuguais|48/100 psn|[from] drain|[of] p1a: Notorious B.I.G.
|faint|p1a: Notorious B.I.G.
|
|-damage|p2a: Portuguais|36/100 psn|[from] psn
|upkeep
|-message|FooMachin forfeited.
|
|win|gogole2021
|raw|FooMachin's rating: 1298 &rarr; <strong>1286</strong><br />(-12 for losing)
|raw|gogole2021's rating: 1499 &rarr; <strong>1509</strong><br />(+10 for winning)
|l|☆FooMachin
|c|☆gogole2021|g
|c|☆gogole2021|gg
||Ladder isn't responding, score probably updated but might not have (Request timeout).
