|j|☆RandBats 15k
|j|☆galactest bro !
|t:|1657801627
|gametype|singles
|player|p1|RandBats 15k|pokekid|1439
|player|p2|galactest bro !|dragontamer|1412
|teamsize|p1|6
|teamsize|p2|6
|gen|8
|tier|[Gen 8] UU
|rated|
|rule|Sleep Clause Mod: Limit one foe put to sleep
|rule|Species Clause: Limit one of each Pokémon
|rule|OHKO Clause: OHKO moves are banned
|rule|Evasion Moves Clause: Evasion moves are banned
|rule|Endless Battle Clause: Forcing endless battles is banned
|rule|HP Percentage Mod: HP is shown in percentages
|rule|Dynamax Clause: You cannot dynamax
|clearpoke
|poke|p1|Nidoking, M|
|poke|p1|Rotom-Wash|
|poke|p1|Zarude|
|poke|p1|Keldeo-Resolute|
|poke|p1|Chansey, F|
|poke|p1|Tentacruel, M|
|poke|p2|Cobalion|
|poke|p2|Slowking, M|
|poke|p2|Raikou|
|poke|p2|Marowak-Alola, F|
|poke|p2|Skarmory, M|
|poke|p2|Tangrowth, M|
|teampreview
|inactive|Battle timer is ON: inactive players will automatically lose when time's up. (requested by RandBats 15k)
|
|t:|1657801649
|start
|switch|p1a: Rotom|Rotom-Wash|100/100
|switch|p2a: Slowking|Slowking, M|100/100
|turn|1
|
|t:|1657801653
|move|p1a: Rotom|Volt Switch|p2a: Slowking
|-supereffective|p2a: Slowking
|-damage|p2a: Slowking|59/100
|
|t:|1657801659
|switch|p1a: Zarude|Zarude|100/100|[from]move: Volt Switch
|move|p2a: Slowking|Future Sight|p1a: Zarude
|-start|p2a: Slowking|move: Future Sight
|
|upkeep
|turn|2
|
|t:|1657801674
|switch|p2a: Cobalion|Cobalion|100/100
|move|p1a: Zarude|Power Whip|p2a: Cobalion
|-resisted|p2a: Cobalion
|-damage|p2a: Cobalion|74/100
|
|upkeep
|turn|3
|inactive|RandBats 15k has 120 seconds left.
|
|t:|1657801708
|move|p2a: Cobalion|Close Combat|p1a: Zarude
|-supereffective|p1a: Zarude
|-damage|p1a: Zarude|17/100
|-unboost|p2a: Cobalion|def|1
|-unboost|p2a: Cobalion|spd|1
|move|p1a: Zarude|Power Whip|p2a: Cobalion
|-resisted|p2a: Cobalion
|-damage|p2a: Cobalion|33/100
|
|-end|p1a: Zarude|move: Future Sight
|-immune|p1a: Zarude
|upkeep
|turn|4
|inactive|RandBats 15k has 120 seconds left.
|
|t:|1657801720
|move|p2a: Cobalion|Stealth Rock|p1a: Zarude
|-sidestart|p1: RandBats 15k|move: Stealth Rock
|move|p1a: Zarude|Power Whip|p2a: Cobalion
|-resisted|p2a: Cobalion
|-damage|p2a: Cobalion|0 fnt
|faint|p2a: Cobalion
|
|upkeep
|inactive|galactest bro ! has 120 seconds left.
|
|t:|1657801763
|switch|p2a: Skarmory|Skarmory, M|100/100
|turn|5
|
|t:|1657801775
|switch|p2a: Raikou|Raikou|100/100
|move|p1a: Zarude|Jungle Healing|p1a: Zarude
|-heal|p1a: Zarude|42/100
|
|upkeep
|turn|6
|
|t:|1657801781
|move|p2a: Raikou|Aura Sphere|p1a: Zarude
|-supereffective|p1a: Zarude
|-damage|p1a: Zarude|0 fnt
|faint|p1a: Zarude
|
|upkeep
|
|t:|1657801789
|switch|p1a: Nidoking|Nidoking, M|100/100
|-damage|p1a: Nidoking|95/100|[from] Stealth Rock
|turn|7
|
|t:|1657801796
|switch|p2a: Tangrowth|Tangrowth, M|100/100
|move|p1a: Nidoking|Fire Blast|p2a: Tangrowth
|-supereffective|p2a: Tangrowth
|-damage|p2a: Tangrowth|39/100
|
|upkeep
|turn|8
|
|t:|1657801804
|switch|p2a: Slowking|Slowking, M|93/100
|move|p1a: Nidoking|Sludge Wave|p2a: Slowking
|-damage|p2a: Slowking|34/100
|
|upkeep
|turn|9
|
|t:|1657801814
|switch|p2a: Skarmory|Skarmory, M|100/100
|move|p1a: Nidoking|Thunderbolt|p2a: Skarmory
|-supereffective|p2a: Skarmory
|-ability|p2a: Skarmory|Sturdy
|-damage|p2a: Skarmory|1/100
|
|upkeep
|turn|10
|c|☆RandBats 15k|Predict go
|c|☆RandBats 15k|d
|c|☆galactest bro !|vantard
|
|t:|1657801841
|move|p1a: Nidoking|Thunderbolt|p2a: Skarmory
|-supereffective|p2a: Skarmory
|-damage|p2a: Skarmory|0 fnt
|faint|p2a: Skarmory
|
|upkeep
|
|t:|1657801848
|switch|p2a: Slowking|Slowking, M|68/100
|turn|11
|
|t:|1657801857
|move|p1a: Nidoking|Thunderbolt|p2a: Slowking
|-supereffective|p2a: Slowking
|-damage|p2a: Slowking|0 fnt
|faint|p2a: Slowking
|
|upkeep
|-message|galactest bro ! forfeited.
|
|win|RandBats 15k
|raw|RandBats 15k's rating: 1439 &rarr; <strong>1457</strong><br />(+18 for winning)
|raw|galactest bro !'s rating: 1412 &rarr; <strong>1394</strong><br />(-18 for losing)
|l|☆galactest bro !
