|j|☆gglrg
|j|☆Low Ladder Terror
|t:|1607023438
|player|p1|gglrg|1|
|player|p2|Low Ladder Terror|teamrocket|
|teamsize|p1|6
|teamsize|p2|6
|gametype|singles
|gen|8
|tier|[Gen 8] UU
|rated|Tournament battle
|clearpoke
|poke|p1|Kommo-o, M|
|poke|p1|Zeraora|
|poke|p1|Volcanion|
|poke|p1|Lycanroc-Dusk, F|
|poke|p1|Rotom-Wash|
|poke|p1|Tapu Bulu|
|poke|p2|Zapdos-Galar|
|poke|p2|Tentacruel, F|
|poke|p2|Rhyperior, F|
|poke|p2|Latias, F|
|poke|p2|Klefki, F|
|poke|p2|Bisharp, M|
|rule|Sleep Clause Mod: Limit one foe put to sleep
|rule|Species Clause: Limit one of each Pokémon
|rule|OHKO Clause: OHKO moves are banned
|rule|Evasion Moves Clause: Evasion moves are banned
|rule|Endless Battle Clause: Forcing endless battles is banned
|rule|HP Percentage Mod: HP is shown in percentages
|rule|Dynamax Clause: You cannot dynamax
|teampreview
|inactive|Battle timer is ON: inactive players will automatically lose when time's up. (requested by Low Ladder Terror)
|j| laevin ㋛
|j| ashes and ghost
|j| KrookKing
|j| cha00s
|c|☆gglrg|hf
|j| Ladd sucks
|l| ashes and ghost
|inactive|gglrg has 120 seconds left.
|j| uu7l den
|l| KrookKing
|j| bbear is bback
|
|t:|1607023488
|start
|switch|p1a: Tapu Bulu|Tapu Bulu|100/100
|switch|p2a: Latias|Latias, F|100/100
|-fieldstart|move: Grassy Terrain|[from] ability: Grassy Surge|[of] p1a: Tapu Bulu
|turn|1
|j| sdgdgsadgs
|inactive|Low Ladder Terror has 120 seconds left.
|
|t:|1607023519
|switch|p2a: Zapdos|Zapdos-Galar|100/100
|move|p1a: Tapu Bulu|Darkest Lariat|p2a: Zapdos
|-resisted|p2a: Zapdos
|-damage|p2a: Zapdos|83/100
|
|upkeep
|turn|2
|c| Ladd sucks|pog
|inactive|gglrg has 120 seconds left.
|
|t:|1607023549
|switch|p1a: Zeraora|Zeraora|100/100
|move|p2a: Zapdos|U-turn|p1a: Zeraora
|-damage|p1a: Zeraora|70/100
|
|t:|1607023556
|switch|p2a: Rhyperior|Rhyperior, F|100/100|[from]move: U-turn
|
|-heal|p1a: Zeraora|76/100|[from] Grassy Terrain
|upkeep
|turn|3
|
|t:|1607023561
|switch|p1a: Rotom|Rotom-Wash|100/100
|move|p2a: Rhyperior|Stealth Rock|p1a: Rotom
|-sidestart|p1: gglrg|move: Stealth Rock
|
|upkeep
|turn|4
|l| uu7l den
|
|t:|1607023578
|switch|p2a: Latias|Latias, F|100/100
|move|p1a: Rotom|Defog|p2a: Latias
|-unboost|p2a: Latias|evasion|1
|-sideend|p1: gglrg|Stealth Rock|[from] move: Defog|[of] p1a: Rotom
|-fieldend|move: Grassy Terrain
|
|upkeep
|turn|5
|
|t:|1607023586
|move|p2a: Latias|Draco Meteor|p1a: Rotom
|-damage|p1a: Rotom|25/100
|-unboost|p2a: Latias|spa|2
|-damage|p2a: Latias|91/100|[from] item: Life Orb
|move|p1a: Rotom|Volt Switch|p2a: Latias
|-resisted|p2a: Latias
|-damage|p2a: Latias|80/100
|
|t:|1607023590
|switch|p1a: Zeraora|Zeraora|76/100|[from]move: Volt Switch
|
|upkeep
|turn|6
|
|t:|1607023595
|switch|p2a: Rhyperior|Rhyperior, F|100/100
|move|p1a: Zeraora|Knock Off|p2a: Rhyperior
|-damage|p2a: Rhyperior|82/100
|-enditem|p2a: Rhyperior|Leftovers|[from] move: Knock Off|[of] p1a: Zeraora
|
|upkeep
|turn|7
|j| am unlucky
|
|t:|1607023601
|switch|p1a: Kommo-o|Kommo-o, M|100/100
|move|p2a: Rhyperior|Stealth Rock|p1a: Kommo-o
|-sidestart|p1: gglrg|move: Stealth Rock
|
|upkeep
|turn|8
|
|t:|1607023607
|switch|p2a: Latias|Latias, F|80/100
|move|p1a: Kommo-o|Stealth Rock|p2a: Latias
|-sidestart|p2: Low Ladder Terror|move: Stealth Rock
|
|upkeep
|turn|9
|
|t:|1607023614
|switch|p1a: Tapu Bulu|Tapu Bulu|100/100
|-damage|p1a: Tapu Bulu|88/100|[from] Stealth Rock
|-fieldstart|move: Grassy Terrain|[from] ability: Grassy Surge|[of] p1a: Tapu Bulu
|move|p2a: Latias|Psychic|p1a: Tapu Bulu
|-damage|p1a: Tapu Bulu|26/100
|-damage|p2a: Latias|70/100|[from] item: Life Orb
|
|-heal|p1a: Tapu Bulu|32/100|[from] item: Leftovers
|-heal|p1a: Tapu Bulu|38/100|[from] Grassy Terrain
|upkeep
|turn|10
|
|t:|1607023634
|move|p2a: Latias|Psychic|p1a: Tapu Bulu
|-damage|p1a: Tapu Bulu|0 fnt
|-damage|p2a: Latias|60/100|[from] item: Life Orb
|faint|p1a: Tapu Bulu
|
|upkeep
|
|t:|1607023642
|switch|p1a: Zeraora|Zeraora|76/100
|turn|11
|
|t:|1607023648
|switch|p2a: Rhyperior|Rhyperior, F|82/100
|-damage|p2a: Rhyperior|75/100|[from] Stealth Rock
|move|p1a: Zeraora|Knock Off|p2a: Rhyperior
|-damage|p2a: Rhyperior|62/100
|
|-heal|p1a: Zeraora|82/100|[from] Grassy Terrain
|-heal|p2a: Rhyperior|68/100|[from] Grassy Terrain
|upkeep
|turn|12
|
|t:|1607023660
|switch|p1a: Rotom|Rotom-Wash|25/100
|-damage|p1a: Rotom|12/100|[from] Stealth Rock
|move|p2a: Rhyperior|Rock Blast|p1a: Rotom
|-damage|p1a: Rotom|0 fnt
|-hitcount|p1a: Rotom|1
|faint|p1a: Rotom
|
|-heal|p2a: Rhyperior|74/100|[from] Grassy Terrain
|upkeep
|
|t:|1607023665
|switch|p1a: Volcanion|Volcanion|100/100
|turn|13
|
|t:|1607023675
|switch|p2a: Tentacruel|Tentacruel, F|100/100
|-damage|p2a: Tentacruel|88/100|[from] Stealth Rock
|move|p1a: Volcanion|Sludge Wave|p2a: Tentacruel
|-resisted|p2a: Tentacruel
|-damage|p2a: Tentacruel|73/100
|
|-heal|p2a: Tentacruel|79/100|[from] item: Black Sludge
|-heal|p2a: Tentacruel|85/100|[from] Grassy Terrain
|-fieldend|move: Grassy Terrain
|upkeep
|turn|14
|
|t:|1607023688
|move|p2a: Tentacruel|Knock Off|p1a: Volcanion
|-damage|p1a: Volcanion|87/100
|-enditem|p1a: Volcanion|Heavy-Duty Boots|[from] move: Knock Off|[of] p2a: Tentacruel
|move|p1a: Volcanion|Earth Power|p2a: Tentacruel
|-supereffective|p2a: Tentacruel
|-damage|p2a: Tentacruel|28/100
|
|-heal|p2a: Tentacruel|34/100|[from] item: Black Sludge
|upkeep
|turn|15
|
|t:|1607023703
|move|p2a: Tentacruel|Rapid Spin|p1a: Volcanion
|-damage|p1a: Volcanion|80/100
|-boost|p2a: Tentacruel|spe|1
|-sideend|p2: Low Ladder Terror|Stealth Rock|[from] move: Rapid Spin|[of] p2a: Tentacruel
|move|p1a: Volcanion|Earth Power|p2a: Tentacruel
|-supereffective|p2a: Tentacruel
|-damage|p2a: Tentacruel|0 fnt
|faint|p2a: Tentacruel
|
|upkeep
|
|t:|1607023709
|switch|p2a: Latias|Latias, F|60/100
|turn|16
|
|t:|1607023711
|move|p2a: Latias|Draco Meteor|p1a: Volcanion
|-damage|p1a: Volcanion|0 fnt
|-unboost|p2a: Latias|spa|2
|-damage|p2a: Latias|50/100|[from] item: Life Orb
|faint|p1a: Volcanion
|
|upkeep
|
|t:|1607023724
|switch|p1a: Zeraora|Zeraora|82/100
|turn|17
|
|t:|1607023729
|switch|p2a: Rhyperior|Rhyperior, F|74/100
|move|p1a: Zeraora|Close Combat|p2a: Rhyperior
|-supereffective|p2a: Rhyperior
|-damage|p2a: Rhyperior|39/100
|-unboost|p1a: Zeraora|def|1
|-unboost|p1a: Zeraora|spd|1
|
|upkeep
|turn|18
|
|t:|1607023741
|move|p1a: Zeraora|Close Combat|p2a: Rhyperior
|-supereffective|p2a: Rhyperior
|-damage|p2a: Rhyperior|1/100
|-unboost|p1a: Zeraora|def|1
|-unboost|p1a: Zeraora|spd|1
|move|p2a: Rhyperior|Earthquake|p1a: Zeraora
|-supereffective|p1a: Zeraora
|-damage|p1a: Zeraora|0 fnt
|faint|p1a: Zeraora
|
|upkeep
|l| sdgdgsadgs
|
|t:|1607023752
|switch|p1a: Kommo-o|Kommo-o, M|100/100
|-damage|p1a: Kommo-o|94/100|[from] Stealth Rock
|turn|19
|
|t:|1607023756
|move|p1a: Kommo-o|Ice Punch|p2a: Rhyperior
|-supereffective|p2a: Rhyperior
|-damage|p2a: Rhyperior|0 fnt
|faint|p2a: Rhyperior
|
|-heal|p1a: Kommo-o|100/100|[from] item: Leftovers
|upkeep
|
|t:|1607023760
|switch|p2a: Latias|Latias, F|50/100
|turn|20
|
|t:|1607023764
|move|p2a: Latias|Psychic|p1a: Kommo-o
|-supereffective|p1a: Kommo-o
|-damage|p1a: Kommo-o|0 fnt
|-damage|p2a: Latias|40/100|[from] item: Life Orb
|faint|p1a: Kommo-o
|
|upkeep
|
|t:|1607023766
|switch|p1a: doggo meme|Lycanroc-Dusk, F|100/100
|-damage|p1a: doggo meme|88/100|[from] Stealth Rock
|turn|21
|
|t:|1607023772
|move|p1a: doggo meme|Crunch|p2a: Latias
|-supereffective|p2a: Latias
|-crit|p2a: Latias
|-damage|p2a: Latias|0 fnt
|faint|p2a: Latias
|
|upkeep
|
|t:|1607023774
|switch|p2a: Zapdos|Zapdos-Galar|83/100
|turn|22
|c|☆gglrg|ggs
|
|t:|1607023787
|move|p1a: doggo meme|Accelerock|p2a: Zapdos
|-damage|p2a: Zapdos|55/100
|move|p2a: Zapdos|Thunderous Kick|p1a: doggo meme
|-supereffective|p1a: doggo meme
|-damage|p1a: doggo meme|0 fnt
|faint|p1a: doggo meme
|
|win|Low Ladder Terror
|n|☆gglrg|gglrg
|n|☆Low Ladder Terror|lowladderterror
|n| laevin ㋛|laevin
|n| cha00s|cha00s
|n| Ladd sucks|laddsucks
|n| bbear is bback|bbearisbback
|n| am unlucky|amunlucky
