|j|☆FreeOctillery
|j|☆scrimded
|t:|1664663756
|gametype|singles
|player|p1|FreeOctillery|jogger|1492
|player|p2|scrimded|silver|1314
|teamsize|p1|6
|teamsize|p2|6
|gen|8
|tier|[Gen 8] UU
|rated|
|rule|Sleep Clause Mod: Limit one foe put to sleep
|rule|Species Clause: Limit one of each Pokémon
|rule|OHKO Clause: OHKO moves are banned
|rule|Evasion Items Clause: Evasion items are banned
|rule|Evasion Moves Clause: Evasion moves are banned
|rule|Endless Battle Clause: Forcing endless battles is banned
|rule|HP Percentage Mod: HP is shown in percentages
|rule|Dynamax Clause: You cannot dynamax
|clearpoke
|poke|p1|Mamoswine, M|
|poke|p1|Zarude|
|poke|p1|Moltres|
|poke|p1|Primarina, F|
|poke|p1|Thundurus-Therian, M|
|poke|p1|Nihilego|
|poke|p2|Excadrill, F|
|poke|p2|Celesteela|
|poke|p2|Salamence, M|
|poke|p2|Crobat, F|
|poke|p2|Scizor, F|
|poke|p2|Azumarill, F|
|teampreview
|inactive|Battle timer is ON: inactive players will automatically lose when time's up. (requested by scrimded)
|
|t:|1664663775
|start
|switch|p1a: Primarina|Primarina, F|100/100
|switch|p2a: Excadrill|Excadrill, F|100/100
|-ability|p2a: Excadrill|Mold Breaker
|turn|1
|
|t:|1664663782
|move|p2a: Excadrill|Stealth Rock|p1a: Primarina
|-sidestart|p1: FreeOctillery|move: Stealth Rock
|move|p1a: Primarina|Scald|p2a: Excadrill
|-supereffective|p2a: Excadrill
|-damage|p2a: Excadrill|4/100
|
|upkeep
|turn|2
|
|t:|1664663789
|move|p2a: Excadrill|Rock Tomb|p1a: Primarina
|-damage|p1a: Primarina|83/100
|-unboost|p1a: Primarina|spe|1
|move|p1a: Primarina|Scald|p2a: Excadrill
|-supereffective|p2a: Excadrill
|-damage|p2a: Excadrill|0 fnt
|faint|p2a: Excadrill
|
|-heal|p1a: Primarina|89/100|[from] item: Leftovers
|upkeep
|inactive|scrimded has 120 seconds left.
|inactive|scrimded has 90 seconds left.
|
|t:|1664663871
|switch|p2a: Crobat|Crobat, F|100/100
|turn|3
|
|t:|1664663874
|move|p2a: Crobat|Nasty Plot|p2a: Crobat
|-boost|p2a: Crobat|spa|2
|move|p1a: Primarina|Scald|p2a: Crobat
|-damage|p2a: Crobat|52/100
|-status|p2a: Crobat|brn
|
|-heal|p1a: Primarina|95/100|[from] item: Leftovers
|-damage|p2a: Crobat|46/100 brn|[from] brn
|upkeep
|turn|4
|
|t:|1664663884
|switch|p1a: Nihilego|Nihilego|100/100
|-damage|p1a: Nihilego|88/100|[from] Stealth Rock
|move|p2a: Crobat|Giga Drain|p1a: Nihilego
|-damage|p1a: Nihilego|51/100
|-heal|p2a: Crobat|68/100 brn|[from] drain|[of] p1a: Nihilego
|-damage|p2a: Crobat|58/100 brn|[from] item: Life Orb
|
|-heal|p1a: Nihilego|57/100|[from] item: Black Sludge
|-damage|p2a: Crobat|52/100 brn|[from] brn
|upkeep
|turn|5
|inactive|scrimded has 90 seconds left.
|
|t:|1664663915
|move|p2a: Crobat|Giga Drain|p1a: Nihilego
|-damage|p1a: Nihilego|22/100
|-heal|p2a: Crobat|72/100 brn|[from] drain|[of] p1a: Nihilego
|-damage|p2a: Crobat|62/100 brn|[from] item: Life Orb
|move|p1a: Nihilego|Power Gem|p2a: Crobat
|-supereffective|p2a: Crobat
|-damage|p2a: Crobat|0 fnt
|faint|p2a: Crobat
|-ability|p1a: Nihilego|Beast Boost|boost
|-boost|p1a: Nihilego|spa|1
|
|-heal|p1a: Nihilego|28/100|[from] item: Black Sludge
|upkeep
|inactive|scrimded has 60 seconds left.
|
|t:|1664663952
|switch|p2a: Azumarill|Azumarill, F|100/100
|turn|6
|inactive|scrimded has 30 seconds left.
|inactive|scrimded has 20 seconds left.
|
|t:|1664663977
|move|p2a: Azumarill|Aqua Jet|p1a: Nihilego
|-supereffective|p1a: Nihilego
|-damage|p1a: Nihilego|0 fnt
|faint|p1a: Nihilego
|
|upkeep
|inactive|scrimded has 25 seconds left this turn.
|
|t:|1664663993
|switch|p1a: Zarude|Zarude|100/100
|-damage|p1a: Zarude|88/100|[from] Stealth Rock
|turn|7
|inactive|scrimded has 30 seconds left.
|
|t:|1664663999
|switch|p2a: Salamence|Salamence, M|100/100
|move|p1a: Zarude|U-turn|p2a: Salamence
|-resisted|p2a: Salamence
|-damage|p2a: Salamence|88/100
|
|t:|1664664004
|switch|p1a: Primarina|Primarina, F|95/100|[from]move: U-turn
|-damage|p1a: Primarina|82/100|[from] Stealth Rock
|
|-heal|p1a: Primarina|88/100|[from] item: Leftovers
|upkeep
|turn|8
|
|t:|1664664012
|switch|p2a: Scizor|Scizor, F|100/100
|move|p1a: Primarina|Moonblast|p2a: Scizor
|-resisted|p2a: Scizor
|-damage|p2a: Scizor|71/100
|
|-heal|p1a: Primarina|94/100|[from] item: Leftovers
|upkeep
|turn|9
|
|t:|1664664021
|move|p2a: Scizor|Swords Dance|p2a: Scizor
|-boost|p2a: Scizor|atk|2
|move|p1a: Primarina|Scald|p2a: Scizor
|-damage|p2a: Scizor|25/100
|
|-heal|p1a: Primarina|100/100|[from] item: Leftovers
|upkeep
|turn|10
|
|t:|1664664029
|move|p2a: Scizor|Bullet Punch|p1a: Primarina
|-damage|p1a: Primarina|30/100
|-damage|p2a: Scizor|15/100|[from] item: Life Orb
|move|p1a: Primarina|Scald|p2a: Scizor
|-damage|p2a: Scizor|0 fnt
|faint|p2a: Scizor
|
|-heal|p1a: Primarina|36/100|[from] item: Leftovers
|upkeep
|
|t:|1664664039
|switch|p2a: Celesteela|Celesteela|100/100
|turn|11
|
|t:|1664664042
|move|p2a: Celesteela|Autotomize|p2a: Celesteela
|-boost|p2a: Celesteela|spe|2
|-start|p2a: Celesteela|Autotomize
|move|p1a: Primarina|Scald|p2a: Celesteela
|-damage|p2a: Celesteela|68/100
|
|-heal|p1a: Primarina|43/100|[from] item: Leftovers
|upkeep
|turn|12
|
|t:|1664664051
|move|p2a: Celesteela|Meteor Beam||[still]
|-prepare|p2a: Celesteela|Meteor Beam
|-boost|p2a: Celesteela|spa|1
|-enditem|p2a: Celesteela|Power Herb
|-anim|p2a: Celesteela|Meteor Beam|p1a: Primarina
|-damage|p1a: Primarina|0 fnt
|faint|p1a: Primarina
|-ability|p2a: Celesteela|Beast Boost|boost
|-boost|p2a: Celesteela|spa|1
|
|upkeep
|
|t:|1664664058
|switch|p1a: Thundurus|Thundurus-Therian, M|100/100
|-damage|p1a: Thundurus|76/100|[from] Stealth Rock
|turn|13
|
|t:|1664664063
|move|p1a: Thundurus|Thunderbolt|p2a: Celesteela
|-supereffective|p2a: Celesteela
|-damage|p2a: Celesteela|0 fnt
|faint|p2a: Celesteela
|
|upkeep
|
|t:|1664664075
|switch|p2a: Azumarill|Azumarill, F|100/100
|turn|14
|
|t:|1664664081
|move|p2a: Azumarill|Aqua Jet|p1a: Thundurus
|-damage|p1a: Thundurus|40/100
|move|p1a: Thundurus|Thunderbolt|p2a: Azumarill
|-supereffective|p2a: Azumarill
|-damage|p2a: Azumarill|0 fnt
|faint|p2a: Azumarill
|
|upkeep
|-message|scrimded forfeited.
|
|win|FreeOctillery
|raw|FreeOctillery's rating: 1492 &rarr; <strong>1503</strong><br />(+11 for winning)
|raw|scrimded's rating: 1314 &rarr; <strong>1303</strong><br />(-11 for losing)
|c|☆scrimded|scarf thundy
|c|☆scrimded|weirdchamp
|l|☆FreeOctillery
