|j|☆Low Ladder Terror
|j|☆Moltester
|t:|1606839726
|player|p1|Low Ladder Terror|teamrocket|
|player|p2|Moltester|elesa|
|teamsize|p1|6
|teamsize|p2|6
|gametype|singles
|gen|8
|tier|[Gen 8] UU
|rated|Tournament battle
|clearpoke
|poke|p1|Raikou|
|poke|p1|Tapu Bulu|
|poke|p1|Slowking-Galar, M|
|poke|p1|Rhyperior, F|
|poke|p1|Obstagoon, M|
|poke|p1|Salamence, F|
|poke|p2|Tapu Lele|
|poke|p2|Hitmonlee, M|
|poke|p2|Zygarde-10%|
|poke|p2|Celesteela|
|poke|p2|Chansey, F|
|poke|p2|Victini|
|rule|Sleep Clause Mod: Limit one foe put to sleep
|rule|Species Clause: Limit one of each Pokémon
|rule|OHKO Clause: OHKO moves are banned
|rule|Evasion Moves Clause: Evasion moves are banned
|rule|Endless Battle Clause: Forcing endless battles is banned
|rule|HP Percentage Mod: HP is shown in percentages
|rule|Dynamax Clause: You cannot dynamax
|teampreview
|inactive|Battle timer is ON: inactive players will automatically lose when time's up. (requested by Moltester)
|j| BlueFins
|j| ManUNkind
|j| budget ou
|j| mr. nosynergy
|j| gglrg
|j| Cottondeath
|l| ManUNkind
|c| Cottondeath|last ever glowking
|inactive|Low Ladder Terror has 120 seconds left.
|
|t:|1606839761
|start
|switch|p1a: Tapu Bulu|Tapu Bulu|100/100
|switch|p2a: Victini|Victini|100/100
|-fieldstart|move: Grassy Terrain|[from] ability: Grassy Surge|[of] p1a: Tapu Bulu
|turn|1
|c| gglrg|and lele
|
|t:|1606839764
|switch|p1a: Rhyperior|Rhyperior, F|100/100
|move|p2a: Victini|V-create|p1a: Rhyperior
|-resisted|p1a: Rhyperior
|-damage|p1a: Rhyperior|74/100
|-unboost|p2a: Victini|spe|1
|-unboost|p2a: Victini|def|1
|-unboost|p2a: Victini|spd|1
|
|-heal|p1a: Rhyperior|80/100|[from] item: Leftovers
|-heal|p1a: Rhyperior|87/100|[from] Grassy Terrain
|upkeep
|turn|2
|
|t:|1606839768
|switch|p2a: Celesteela|Celesteela|100/100
|move|p1a: Rhyperior|Stealth Rock|p2a: Celesteela
|-sidestart|p2: Moltester|move: Stealth Rock
|
|-heal|p1a: Rhyperior|93/100|[from] item: Leftovers
|-heal|p1a: Rhyperior|99/100|[from] Grassy Terrain
|upkeep
|turn|3
|
|t:|1606839775
|switch|p1a: Slowking|Slowking-Galar, M|100/100
|move|p2a: Celesteela|Leech Seed|p1a: Slowking
|-start|p1a: Slowking|move: Leech Seed
|
|-damage|p1a: Slowking|88/100|[from] Leech Seed|[of] p2a: Celesteela
|upkeep
|turn|4
|
|t:|1606839783
|switch|p2a: Zygarde|Zygarde-10%|100/100
|-damage|p2a: Zygarde|94/100|[from] Stealth Rock
|-ability|p2a: Zygarde|Aura Break
|switch|p1a: Raikou|Raikou, shiny|100/100
|-ability|p1a: Raikou|Pressure
|
|-heal|p2a: Zygarde|100/100|[from] Grassy Terrain
|upkeep
|turn|5
|c|☆Moltester|stay in
|
|t:|1606839800
|switch|p1a: Tapu Bulu|Tapu Bulu|100/100
|move|p2a: Zygarde|Thousand Arrows|p1a: Tapu Bulu
|-resisted|p1a: Tapu Bulu
|-damage|p1a: Tapu Bulu|73/100
|
|-heal|p1a: Tapu Bulu|79/100|[from] item: Leftovers
|-heal|p1a: Tapu Bulu|85/100|[from] Grassy Terrain
|-fieldend|move: Grassy Terrain
|upkeep
|turn|6
|
|t:|1606839810
|switch|p2a: Celesteela|Celesteela|100/100
|-damage|p2a: Celesteela|88/100|[from] Stealth Rock
|switch|p1a: Obstagoon|Obstagoon, M, shiny|100/100
|
|-heal|p2a: Celesteela|94/100|[from] item: Leftovers
|-status|p1a: Obstagoon|brn|[from] item: Flame Orb
|upkeep
|turn|7
|l| Cottondeath
|
|t:|1606839815
|move|p2a: Celesteela|Protect|p2a: Celesteela
|-singleturn|p2a: Celesteela|Protect
|move|p1a: Obstagoon|Switcheroo|p2a: Celesteela
|-activate|p2a: Celesteela|move: Protect
|
|-heal|p2a: Celesteela|99/100|[from] item: Leftovers
|-damage|p1a: Obstagoon|94/100 brn|[from] brn
|upkeep
|turn|8
|
|t:|1606839819
|move|p1a: Obstagoon|Knock Off|p2a: Celesteela
|-damage|p2a: Celesteela|49/100
|-enditem|p2a: Celesteela|Leftovers|[from] move: Knock Off|[of] p1a: Obstagoon
|move|p2a: Celesteela|Leech Seed|p1a: Obstagoon
|-start|p1a: Obstagoon|move: Leech Seed
|
|-damage|p1a: Obstagoon|82/100 brn|[from] Leech Seed|[of] p2a: Celesteela
|-heal|p2a: Celesteela|59/100|[silent]
|-damage|p1a: Obstagoon|76/100 brn|[from] brn
|upkeep
|turn|9
|j|%Avarice
|
|t:|1606839835
|switch|p1a: Rhyperior|Rhyperior, F|99/100
|move|p2a: Celesteela|Protect||[still]
|-fail|p2a: Celesteela
|
|-heal|p1a: Rhyperior|100/100|[from] item: Leftovers
|upkeep
|turn|10
|
|t:|1606839844
|move|p2a: Celesteela|Leech Seed|p1a: Rhyperior
|-start|p1a: Rhyperior|move: Leech Seed
|move|p1a: Rhyperior|Swords Dance|p1a: Rhyperior
|-boost|p1a: Rhyperior|atk|2
|
|-damage|p1a: Rhyperior|88/100|[from] Leech Seed|[of] p2a: Celesteela
|-heal|p2a: Celesteela|73/100|[silent]
|upkeep
|turn|11
|
|t:|1606839848
|move|p2a: Celesteela|Heavy Slam|p1a: Rhyperior
|-supereffective|p1a: Rhyperior
|-damage|p1a: Rhyperior|59/100
|move|p1a: Rhyperior|Rock Blast|p2a: Celesteela
|-damage|p2a: Celesteela|52/100
|-damage|p2a: Celesteela|29/100
|-hitcount|p2a: Celesteela|2
|
|-heal|p1a: Rhyperior|65/100|[from] item: Leftovers
|-damage|p1a: Rhyperior|53/100|[from] Leech Seed|[of] p2a: Celesteela
|-heal|p2a: Celesteela|43/100|[silent]
|upkeep
|turn|12
|j|+7MM
|
|t:|1606839857
|switch|p1a: Obstagoon|Obstagoon, M, shiny|76/100 brn
|move|p2a: Celesteela|Protect||[still]
|-fail|p2a: Celesteela
|
|-damage|p1a: Obstagoon|70/100 brn|[from] brn
|upkeep
|turn|13
|
|t:|1606839861
|move|p1a: Obstagoon|Close Combat|p2a: Celesteela
|-damage|p2a: Celesteela|4/100
|-unboost|p1a: Obstagoon|def|1
|-unboost|p1a: Obstagoon|spd|1
|move|p2a: Celesteela|Leech Seed|p1a: Obstagoon
|-start|p1a: Obstagoon|move: Leech Seed
|
|-damage|p1a: Obstagoon|58/100 brn|[from] Leech Seed|[of] p2a: Celesteela
|-heal|p2a: Celesteela|14/100|[silent]
|-damage|p1a: Obstagoon|52/100 brn|[from] brn
|upkeep
|turn|14
|j|@ANGER MANAGEMENT
|
|t:|1606839868
|move|p2a: Celesteela|Protect|p2a: Celesteela
|-singleturn|p2a: Celesteela|Protect
|move|p1a: Obstagoon|Facade|p2a: Celesteela
|-activate|p2a: Celesteela|move: Protect
|
|-damage|p1a: Obstagoon|39/100 brn|[from] Leech Seed|[of] p2a: Celesteela
|-heal|p2a: Celesteela|24/100|[silent]
|-damage|p1a: Obstagoon|33/100 brn|[from] brn
|upkeep
|turn|15
|
|t:|1606839875
|move|p2a: Celesteela|Protect||[still]
|-fail|p2a: Celesteela
|move|p1a: Obstagoon|Facade|p2a: Celesteela
|-resisted|p2a: Celesteela
|-damage|p2a: Celesteela|0 fnt
|faint|p2a: Celesteela
|
|-damage|p1a: Obstagoon|27/100 brn|[from] brn
|upkeep
|
|t:|1606839880
|switch|p2a: Victini|Victini|100/100
|-damage|p2a: Victini|76/100|[from] Stealth Rock
|turn|16
|c|@ANGER MANAGEMENT|wow shiny obstagoon looks terrible
|j| HyDRYgon
|c|☆Moltester|useless mon
|inactive|Low Ladder Terror has 120 seconds left.
|c|☆Moltester|cant even look good
|
|t:|1606839916
|move|p2a: Victini|U-turn|p1a: Obstagoon
|-supereffective|p1a: Obstagoon
|-damage|p1a: Obstagoon|0 fnt
|faint|p1a: Obstagoon
|
|t:|1606839923
|switch|p2a: Tapu Lele|Tapu Lele|100/100|[from]move: U-turn
|-damage|p2a: Tapu Lele|88/100|[from] Stealth Rock
|-fieldstart|move: Psychic Terrain|[from] ability: Psychic Surge|[of] p2a: Tapu Lele
|
|upkeep
|l| HyDRYgon
|inactive|Low Ladder Terror has 120 seconds left.
|
|t:|1606839930
|switch|p1a: Slowking|Slowking-Galar, M|100/100
|turn|17
|
|t:|1606839938
|switch|p2a: Zygarde|Zygarde-10%|100/100
|-damage|p2a: Zygarde|94/100|[from] Stealth Rock
|-ability|p2a: Zygarde|Aura Break
|move|p1a: Slowking|Psyshock|p2a: Zygarde
|-damage|p2a: Zygarde|0 fnt
|faint|p2a: Zygarde
|
|upkeep
|l| budget ou
|
|t:|1606839947
|switch|p2a: Tapu Lele|Tapu Lele|88/100
|-damage|p2a: Tapu Lele|76/100|[from] Stealth Rock
|turn|18
|
|t:|1606839954
|move|p2a: Tapu Lele|Psychic|p1a: Slowking
|-damage|p1a: Slowking|49/100
|move|p1a: Slowking|Sludge Bomb|p2a: Tapu Lele
|-supereffective|p2a: Tapu Lele
|-damage|p2a: Tapu Lele|0 fnt
|faint|p2a: Tapu Lele
|
|upkeep
|-message|Moltester forfeited.
|
|win|Low Ladder Terror
|n|☆Low Ladder Terror|lowladderterror
|n|☆Moltester|moltester
|n| BlueFins|bluefins
|n| mr. nosynergy|mrnosynergy
|n| gglrg|gglrg
|n| Avarice|avarice
|n| 7MM|7mm
|n| ANGER MANAGEMENT|angermanagement
