|j|☆DDD951
|j|☆Zephyyyr
|t:|1656447148
|gametype|singles
|player|p1|DDD951|2|1528
|player|p2|Zephyyyr|richboy|1481
|teamsize|p1|6
|teamsize|p2|6
|gen|8
|tier|[Gen 8] UU
|rated|
|rule|Sleep Clause Mod: Limit one foe put to sleep
|rule|Species Clause: Limit one of each Pokémon
|rule|OHKO Clause: OHKO moves are banned
|rule|Evasion Moves Clause: Evasion moves are banned
|rule|Endless Battle Clause: Forcing endless battles is banned
|rule|HP Percentage Mod: HP is shown in percentages
|rule|Dynamax Clause: You cannot dynamax
|clearpoke
|poke|p1|Scizor, M|
|poke|p1|Gyarados, F|
|poke|p1|Starmie|
|poke|p1|Nihilego|
|poke|p1|Tangrowth, F|
|poke|p1|Darmanitan, M|
|poke|p2|Toxtricity, M|
|poke|p2|Azumarill, M|
|poke|p2|Hydreigon, M|
|poke|p2|Mamoswine, F|
|poke|p2|Celesteela|
|poke|p2|Excadrill, F|
|teampreview
|
|t:|1656447154
|start
|switch|p1a: Darmanitan|Darmanitan, M|100/100
|switch|p2a: Excadrill|Excadrill, F|100/100
|-ability|p2a: Excadrill|Mold Breaker
|turn|1
|j| Mimilucha
|
|t:|1656447172
|move|p1a: Darmanitan|U-turn|p2a: Excadrill
|-resisted|p2a: Excadrill
|-damage|p2a: Excadrill|82/100
|c| Mimilucha|il s'est passé quoi zeph
|
|t:|1656447178
|switch|p1a: Starmie|Starmie|100/100|[from]move: U-turn
|move|p2a: Excadrill|Rock Tomb|p1a: Starmie
|-damage|p1a: Starmie|70/100
|-unboost|p1a: Starmie|spe|1
|
|upkeep
|turn|2
|
|t:|1656447196
|switch|p1a: Gyarados|Gyarados, F|100/100
|-ability|p1a: Gyarados|Intimidate|boost
|-unboost|p2a: Excadrill|atk|1
|move|p2a: Excadrill|Stealth Rock|p1a: Gyarados
|-sidestart|p1: DDD951|move: Stealth Rock
|
|upkeep
|turn|3
|
|t:|1656447203
|move|p2a: Excadrill|Rock Tomb|p1a: Gyarados|[miss]
|-miss|p2a: Excadrill|p1a: Gyarados
|move|p1a: Gyarados|Dragon Dance|p1a: Gyarados
|-boost|p1a: Gyarados|atk|1
|-boost|p1a: Gyarados|spe|1
|
|upkeep
|turn|4
|c|☆Zephyyyr|Je cliquais avec des tests teams
|c|☆Zephyyyr|Ou ca
|
|t:|1656447214
|move|p1a: Gyarados|Substitute|p1a: Gyarados
|-start|p1a: Gyarados|Substitute
|-damage|p1a: Gyarados|76/100
|move|p2a: Excadrill|Rock Tomb|p1a: Gyarados
|-supereffective|p1a: Gyarados
|-end|p1a: Gyarados|Substitute
|
|-heal|p1a: Gyarados|82/100|[from] item: Leftovers
|upkeep
|turn|5
|
|t:|1656447224
|move|p1a: Gyarados|Waterfall|p2a: Excadrill
|-supereffective|p2a: Excadrill
|-damage|p2a: Excadrill|0 fnt
|faint|p2a: Excadrill
|
|-heal|p1a: Gyarados|88/100|[from] item: Leftovers
|upkeep
|c| Mimilucha|euh
|
|t:|1656447235
|switch|p2a: Celesteela|Celesteela|100/100
|turn|6
|
|t:|1656447239
|move|p1a: Gyarados|Substitute|p1a: Gyarados
|-start|p1a: Gyarados|Substitute
|-damage|p1a: Gyarados|63/100
|move|p2a: Celesteela|Meteor Beam||[still]
|-prepare|p2a: Celesteela|Meteor Beam
|-boost|p2a: Celesteela|spa|1
|-enditem|p2a: Celesteela|Power Herb
|-anim|p2a: Celesteela|Meteor Beam|p1a: Gyarados
|-supereffective|p1a: Gyarados
|-end|p1a: Gyarados|Substitute
|
|-heal|p1a: Gyarados|69/100|[from] item: Leftovers
|upkeep
|turn|7
|
|t:|1656447249
|move|p1a: Gyarados|Waterfall|p2a: Celesteela
|-crit|p2a: Celesteela
|-damage|p2a: Celesteela|15/100
|cant|p2a: Celesteela|flinch
|
|-heal|p1a: Gyarados|75/100|[from] item: Leftovers
|upkeep
|turn|8
|c|☆Zephyyyr|C est pour ce genre de raisons que je suis en chute libre
|
|t:|1656447268
|move|p1a: Gyarados|Dragon Dance|p1a: Gyarados
|-boost|p1a: Gyarados|atk|1
|-boost|p1a: Gyarados|spe|1
|move|p2a: Celesteela|Air Slash|p1a: Gyarados
|-damage|p1a: Gyarados|28/100
|
|-heal|p1a: Gyarados|35/100|[from] item: Leftovers
|upkeep
|turn|9
|
|t:|1656447274
|move|p1a: Gyarados|Waterfall|p2a: Celesteela
|-damage|p2a: Celesteela|0 fnt
|faint|p2a: Celesteela
|
|-heal|p1a: Gyarados|41/100|[from] item: Leftovers
|upkeep
|
|t:|1656447278
|switch|p2a: Hydreigon|Hydreigon, M|100/100
|turn|10
|
|t:|1656447281
|move|p1a: Gyarados|Bounce||[still]
|-prepare|p1a: Gyarados|Bounce
|move|p2a: Hydreigon|Draco Meteor|p1a: Gyarados|[miss]
|-miss|p2a: Hydreigon|p1a: Gyarados
|
|-heal|p1a: Gyarados|47/100|[from] item: Leftovers
|upkeep
|turn|11
|
|t:|1656447287
|move|p1a: Gyarados|Bounce|p2a: Hydreigon|[from]lockedmove
|-damage|p2a: Hydreigon|0 fnt
|faint|p2a: Hydreigon
|
|-heal|p1a: Gyarados|53/100|[from] item: Leftovers
|upkeep
|
|t:|1656447290
|switch|p2a: Mamoswine|Mamoswine, F|100/100
|turn|12
|
|t:|1656447294
|move|p2a: Mamoswine|Ice Shard|p1a: Gyarados
|-damage|p1a: Gyarados|21/100
|-damage|p2a: Mamoswine|91/100|[from] item: Life Orb
|move|p1a: Gyarados|Waterfall|p2a: Mamoswine
|-supereffective|p2a: Mamoswine
|-damage|p2a: Mamoswine|0 fnt
|faint|p2a: Mamoswine
|
|-heal|p1a: Gyarados|27/100|[from] item: Leftovers
|upkeep
|
|t:|1656447299
|switch|p2a: Azumarill|Azumarill, M|100/100
|turn|13
|
|t:|1656447314
|move|p2a: Azumarill|Aqua Jet|p1a: Gyarados
|-resisted|p1a: Gyarados
|-damage|p1a: Gyarados|14/100
|move|p1a: Gyarados|Bounce||[still]
|-prepare|p1a: Gyarados|Bounce
|
|-heal|p1a: Gyarados|21/100|[from] item: Leftovers
|upkeep
|turn|14
|-message|Zephyyyr forfeited.
|
|win|DDD951
|raw|DDD951's rating: 1528 &rarr; <strong>1545</strong><br />(+17 for winning)
|raw|Zephyyyr's rating: 1481 &rarr; <strong>1464</strong><br />(-17 for losing)
|l|☆Zephyyyr
|l| Mimilucha
||Ladder isn't responding, score probably updated but might not have (Request timeout).
