|j|☆Sugarybomber
|j|☆Xoyjaz
|t:|1623340369
|gametype|singles
|player|p1|Sugarybomber|102|1496
|player|p2|Xoyjaz|lucas|1453
|teamsize|p1|6
|teamsize|p2|6
|gen|8
|tier|[Gen 8] UU
|rated|
|rule|Sleep Clause Mod: Limit one foe put to sleep
|rule|Species Clause: Limit one of each Pokémon
|rule|OHKO Clause: OHKO moves are banned
|rule|Evasion Moves Clause: Evasion moves are banned
|rule|Endless Battle Clause: Forcing endless battles is banned
|rule|HP Percentage Mod: HP is shown in percentages
|rule|Dynamax Clause: You cannot dynamax
|clearpoke
|poke|p1|Torkoal, M|
|poke|p1|Shiftry, M|
|poke|p1|Venusaur, F|
|poke|p1|Ninetales, M|
|poke|p1|Darmanitan, M|
|poke|p1|Celesteela|
|poke|p2|Mamoswine, M|
|poke|p2|Keldeo-Resolute|
|poke|p2|Conkeldurr, M|
|poke|p2|Krookodile, F|
|poke|p2|Salamence, M|
|poke|p2|Rotom-Heat|
|teampreview
|inactive|Battle timer is ON: inactive players will automatically lose when time's up. (requested by Sugarybomber)
|inactive|Xoyjaz has 120 seconds left.
|inactive|Xoyjaz has 90 seconds left.
|
|t:|1623340454
|start
|switch|p1a: sun go brr|Ninetales, M|100/100
|switch|p2a: Mamoswine|Mamoswine, M|100/100
|-weather|SunnyDay|[from] ability: Drought|[of] p1a: sun go brr
|turn|1
|
|t:|1623340462
|move|p1a: sun go brr|Fire Blast|p2a: Mamoswine
|-supereffective|p2a: Mamoswine
|-enditem|p2a: Mamoswine|Focus Sash
|-damage|p2a: Mamoswine|1/100
|-status|p2a: Mamoswine|brn
|move|p2a: Mamoswine|Stealth Rock|p1a: sun go brr
|-sidestart|p1: Sugarybomber|move: Stealth Rock
|
|-weather|SunnyDay|[upkeep]
|-damage|p2a: Mamoswine|0 fnt|[from] brn
|faint|p2a: Mamoswine
|upkeep
|
|t:|1623340477
|switch|p2a: Rotom|Rotom-Heat|100/100
|turn|2
|
|t:|1623340481
|move|p1a: sun go brr|Extrasensory|p2a: Rotom
|-damage|p2a: Rotom|80/100
|move|p2a: Rotom|Overheat|p1a: sun go brr
|-resisted|p1a: sun go brr
|-damage|p1a: sun go brr|62/100
|-unboost|p2a: Rotom|spa|2
|
|-weather|SunnyDay|[upkeep]
|upkeep
|turn|3
|
|t:|1623340487
|move|p1a: sun go brr|Fire Blast|p2a: Rotom
|-resisted|p2a: Rotom
|-damage|p2a: Rotom|48/100
|move|p2a: Rotom|Toxic|p1a: sun go brr
|-status|p1a: sun go brr|tox
|
|-weather|SunnyDay|[upkeep]
|-damage|p1a: sun go brr|56/100 tox|[from] psn
|upkeep
|turn|4
|
|t:|1623340493
|move|p1a: sun go brr|Fire Blast|p2a: Rotom|[miss]
|-miss|p1a: sun go brr|p2a: Rotom
|move|p2a: Rotom|Volt Switch|p1a: sun go brr
|-damage|p1a: sun go brr|40/100 tox
|
|t:|1623340496
|switch|p2a: Salamence|Salamence, M|100/100|[from]move: Volt Switch
|
|-weather|SunnyDay|[upkeep]
|-damage|p1a: sun go brr|28/100 tox|[from] psn
|upkeep
|turn|5
|
|t:|1623340500
|move|p2a: Salamence|Dragon Dance|p2a: Salamence
|-boost|p2a: Salamence|atk|1
|-boost|p2a: Salamence|spe|1
|move|p1a: sun go brr|Will-O-Wisp|p2a: Salamence
|-status|p2a: Salamence|brn
|
|-weather|SunnyDay|[upkeep]
|-damage|p1a: sun go brr|10/100 tox|[from] psn
|-damage|p2a: Salamence|94/100 brn|[from] brn
|upkeep
|turn|6
|
|t:|1623340507
|move|p2a: Salamence|Dragon Dance|p2a: Salamence
|-boost|p2a: Salamence|atk|1
|-boost|p2a: Salamence|spe|1
|move|p1a: sun go brr|Fire Blast|p2a: Salamence
|-resisted|p2a: Salamence
|-damage|p2a: Salamence|55/100 brn
|
|-weather|SunnyDay|[upkeep]
|-damage|p1a: sun go brr|0 fnt|[from] psn
|faint|p1a: sun go brr
|-damage|p2a: Salamence|49/100 brn|[from] brn
|upkeep
|
|t:|1623340513
|switch|p1a: why am i here|Celesteela|100/100
|-damage|p1a: why am i here|88/100|[from] Stealth Rock
|turn|7
|
|t:|1623340517
|move|p2a: Salamence|Outrage|p1a: why am i here
|-resisted|p1a: why am i here
|-damage|p1a: why am i here|51/100
|-damage|p2a: Salamence|39/100 brn|[from] item: Life Orb
|move|p1a: why am i here|Meteor Beam||[still]
|-prepare|p1a: why am i here|Meteor Beam
|-boost|p1a: why am i here|spa|1
|-enditem|p1a: why am i here|Power Herb
|-anim|p1a: why am i here|Meteor Beam|p2a: Salamence
|-supereffective|p2a: Salamence
|-damage|p2a: Salamence|0 fnt
|faint|p2a: Salamence
|-ability|p1a: why am i here|Beast Boost|boost
|-boost|p1a: why am i here|spa|1
|
|-weather|SunnyDay|[upkeep]
|upkeep
|
|t:|1623340522
|switch|p2a: Rotom|Rotom-Heat|48/100
|turn|8
|
|t:|1623340531
|move|p2a: Rotom|Overheat|p1a: why am i here
|-supereffective|p1a: why am i here
|-damage|p1a: why am i here|0 fnt
|-unboost|p2a: Rotom|spa|2
|faint|p1a: why am i here
|
|-weather|none
|upkeep
|
|t:|1623340536
|switch|p1a: fire koopa|Torkoal, M|100/100
|-damage|p1a: fire koopa|76/100|[from] Stealth Rock
|-weather|SunnyDay|[from] ability: Drought|[of] p1a: fire koopa
|turn|9
|
|t:|1623340541
|move|p2a: Rotom|Toxic|p1a: fire koopa
|-status|p1a: fire koopa|tox
|move|p1a: fire koopa|Solar Beam||[still]
|-prepare|p1a: fire koopa|Solar Beam
|-anim|p1a: fire koopa|Solar Beam|p2a: Rotom
|-resisted|p2a: Rotom
|-damage|p2a: Rotom|30/100
|
|-weather|SunnyDay|[upkeep]
|-damage|p1a: fire koopa|70/100 tox|[from] psn
|upkeep
|turn|10
|
|t:|1623340545
|move|p2a: Rotom|Volt Switch|p1a: fire koopa
|-damage|p1a: fire koopa|53/100 tox
|
|t:|1623340554
|switch|p2a: Conkeldurr|Conkeldurr, M|100/100|[from]move: Volt Switch
|move|p1a: fire koopa|Solar Beam||[still]
|-prepare|p1a: fire koopa|Solar Beam
|-anim|p1a: fire koopa|Solar Beam|p2a: Conkeldurr
|-damage|p2a: Conkeldurr|69/100
|
|-weather|SunnyDay|[upkeep]
|-damage|p1a: fire koopa|41/100 tox|[from] psn
|upkeep
|turn|11
|
|t:|1623340559
|switch|p1a: planty boi|Venusaur, F|100/100
|-damage|p1a: planty boi|88/100|[from] Stealth Rock
|move|p2a: Conkeldurr|Drain Punch|p1a: planty boi
|-resisted|p1a: planty boi
|-damage|p1a: planty boi|58/100
|-heal|p2a: Conkeldurr|81/100|[from] drain|[of] p1a: planty boi
|
|-weather|SunnyDay|[upkeep]
|upkeep
|turn|12
|
|t:|1623340565
|move|p1a: planty boi|Sludge Bomb|p2a: Conkeldurr
|-damage|p2a: Conkeldurr|34/100
|-damage|p1a: planty boi|48/100|[from] item: Life Orb
|move|p2a: Conkeldurr|Ice Punch|p1a: planty boi
|-supereffective|p1a: planty boi
|-damage|p1a: planty boi|0 fnt
|faint|p1a: planty boi
|
|-weather|SunnyDay|[upkeep]
|upkeep
|
|t:|1623340570
|switch|p1a: monke|Darmanitan, M|100/100
|-damage|p1a: monke|76/100|[from] Stealth Rock
|turn|13
|
|t:|1623340574
|switch|p2a: Rotom|Rotom-Heat|30/100
|move|p1a: monke|Flare Blitz|p2a: Rotom
|-resisted|p2a: Rotom
|-damage|p2a: Rotom|0 fnt
|faint|p2a: Rotom
|-damage|p1a: monke|67/100|[from] Recoil
|
|-weather|SunnyDay|[upkeep]
|upkeep
|
|t:|1623340584
|switch|p2a: Krookodile|Krookodile, F|100/100
|turn|14
|
|t:|1623340588
|move|p1a: monke|Flare Blitz|p2a: Krookodile
|-damage|p2a: Krookodile|0 fnt
|faint|p2a: Krookodile
|-damage|p1a: monke|36/100|[from] Recoil
|
|-weather|SunnyDay|[upkeep]
|upkeep
|
|t:|1623340597
|switch|p2a: Conkeldurr|Conkeldurr, M|34/100
|turn|15
|
|t:|1623340600
|move|p2a: Conkeldurr|Mach Punch|p1a: monke
|-damage|p1a: monke|1/100
|move|p1a: monke|Flare Blitz|p2a: Conkeldurr
|-damage|p2a: Conkeldurr|0 fnt
|faint|p2a: Conkeldurr
|-damage|p1a: monke|0 fnt|[from] Recoil
|faint|p1a: monke
|
|-weather|SunnyDay|[upkeep]
|upkeep
|
|t:|1623340604
|switch|p1a: tree man|Shiftry, M|100/100
|switch|p2a: Keldeo|Keldeo-Resolute|100/100
|-damage|p1a: tree man|88/100|[from] Stealth Rock
|turn|16
|
|t:|1623340606
|move|p1a: tree man|Solar Blade||[still]
|-prepare|p1a: tree man|Solar Blade
|-anim|p1a: tree man|Solar Blade|p2a: Keldeo
|-supereffective|p2a: Keldeo
|-damage|p2a: Keldeo|0 fnt
|faint|p2a: Keldeo
|-damage|p1a: tree man|78/100|[from] item: Life Orb
|
|win|Sugarybomber
|raw|Sugarybomber's rating: 1496 &rarr; <strong>1514</strong><br />(+18 for winning)
|raw|Xoyjaz's rating: 1453 &rarr; <strong>1435</strong><br />(-18 for losing)
|l|☆Xoyjaz
