|j|☆Van sword
|j|☆stevstrums
|t:|1665567873
|gametype|singles
|player|p1|Van sword|veteran|1329
|player|p2|stevstrums|170|1444
|teamsize|p1|6
|teamsize|p2|6
|gen|8
|tier|[Gen 8] UU
|rated|
|rule|Sleep Clause Mod: Limit one foe put to sleep
|rule|Species Clause: Limit one of each Pokémon
|rule|OHKO Clause: OHKO moves are banned
|rule|Evasion Items Clause: Evasion items are banned
|rule|Evasion Moves Clause: Evasion moves are banned
|rule|Endless Battle Clause: Forcing endless battles is banned
|rule|HP Percentage Mod: HP is shown in percentages
|rule|Dynamax Clause: You cannot dynamax
|clearpoke
|poke|p1|Cobalion|
|poke|p1|Keldeo-Resolute|
|poke|p1|Thundurus-Therian, M|
|poke|p1|Hydreigon, M|
|poke|p1|Tentacruel, M|
|poke|p1|Zygarde-10%|
|poke|p2|Porygon2|
|poke|p2|Cresselia, F|
|poke|p2|Hatterene, F|
|poke|p2|Torkoal, F|
|poke|p2|Conkeldurr, F|
|poke|p2|Regidrago|
|teampreview
|inactive|Battle timer is ON: inactive players will automatically lose when time's up. (requested by stevstrums)
|
|t:|1665567883
|start
|switch|p1a: Zeus|Thundurus-Therian, M, shiny|100/100
|switch|p2a: Hatterene|Hatterene, F, shiny|100/100
|turn|1
|
|t:|1665567888
|move|p1a: Zeus|Sludge Wave|p2a: Hatterene
|-supereffective|p2a: Hatterene
|-damage|p2a: Hatterene|22/100
|move|p2a: Hatterene|Trick Room|p2a: Hatterene
|-fieldstart|move: Trick Room|[of] p2a: Hatterene
|
|upkeep
|turn|2
|
|t:|1665567895
|move|p2a: Hatterene|Healing Wish|p2a: Hatterene
|faint|p2a: Hatterene
|move|p1a: Zeus|Thunderbolt|p2: Hatterene|[notarget]
|-fail|p1a: Zeus
|
|upkeep
|
|t:|1665567897
|switch|p2a: Regidrago|Regidrago, shiny|100/100
|turn|3
|
|t:|1665567907
|move|p2a: Regidrago|Dragon Energy|p1a: Zeus
|-damage|p1a: Zeus|0 fnt
|faint|p1a: Zeus
|
|upkeep
|
|t:|1665567909
|switch|p1a: Cthulhu|Tentacruel, M, shiny|100/100
|turn|4
|
|t:|1665567910
|move|p2a: Regidrago|Dragon Energy|p1a: Cthulhu
|-damage|p1a: Cthulhu|0 fnt
|faint|p1a: Cthulhu
|
|upkeep
|
|t:|1665567922
|switch|p1a: Fenrir|Zygarde-10%|100/100
|-ability|p1a: Fenrir|Aura Break
|turn|5
|
|t:|1665567925
|move|p1a: Fenrir|Extreme Speed|p2a: Regidrago
|-damage|p2a: Regidrago|60/100
|move|p2a: Regidrago|Dragon Energy|p1a: Fenrir
|-supereffective|p1a: Fenrir
|-damage|p1a: Fenrir|0 fnt
|faint|p1a: Fenrir
|
|-fieldend|move: Trick Room
|upkeep
|
|t:|1665567930
|switch|p1a: Scylla|Hydreigon, M|100/100
|turn|6
|
|t:|1665567936
|switch|p2a: Porygon2|Porygon2, shiny|100/100
|-ability|p2a: Porygon2|Levitate|[from] ability: Trace|[of] p1a: Scylla
|move|p1a: Scylla|Dark Pulse|p2a: Porygon2
|-damage|p2a: Porygon2|80/100
|
|upkeep
|turn|7
|
|t:|1665567939
|switch|p1a: D'artagnan|Keldeo-Resolute|100/100
|move|p2a: Porygon2|Trick Room|p2a: Porygon2
|-fieldstart|move: Trick Room|[of] p2a: Porygon2
|
|upkeep
|turn|8
|
|t:|1665567940
|move|p1a: D'artagnan|Secret Sword|p2a: Porygon2
|-supereffective|p2a: Porygon2
|-crit|p2a: Porygon2
|-damage|p2a: Porygon2|0 fnt
|faint|p2a: Porygon2
|
|upkeep
|
|t:|1665567943
|switch|p2a: Regidrago|Regidrago, shiny|60/100
|-heal|p2a: Regidrago|100/100|[from] move: Healing Wish
|turn|9
|
|t:|1665567956
|move|p2a: Regidrago|Dragon Energy|p1a: D'artagnan
|-damage|p1a: D'artagnan|0 fnt
|faint|p1a: D'artagnan
|
|upkeep
|
|t:|1665567957
|switch|p1a: Athos|Cobalion, shiny|100/100
|turn|10
|
|t:|1665567961
|move|p2a: Regidrago|Dragon Energy|p1a: Athos
|-resisted|p1a: Athos
|-damage|p1a: Athos|0 fnt
|faint|p1a: Athos
|
|upkeep
|
|t:|1665567964
|switch|p1a: Scylla|Hydreigon, M|100/100
|turn|11
|
|t:|1665567966
|move|p2a: Regidrago|Dragon Energy|p1a: Scylla
|-supereffective|p1a: Scylla
|-damage|p1a: Scylla|0 fnt
|faint|p1a: Scylla
|
|win|stevstrums
|raw|Van sword's rating: 1329 &rarr; <strong>1315</strong><br />(-14 for losing)
|raw|stevstrums's rating: 1444 &rarr; <strong>1458</strong><br />(+14 for winning)
|l|☆Van sword
