|j|☆Anacoresis
|j|☆DQ Low Tier Legend
|t:|1657475853
|gametype|singles
|player|p1|Anacoresis|266|1408
|player|p2|DQ Low Tier Legend|170|1373
|teamsize|p1|6
|teamsize|p2|6
|gen|8
|tier|[Gen 8] UU
|rated|
|rule|Sleep Clause Mod: Limit one foe put to sleep
|rule|Species Clause: Limit one of each Pokémon
|rule|OHKO Clause: OHKO moves are banned
|rule|Evasion Moves Clause: Evasion moves are banned
|rule|Endless Battle Clause: Forcing endless battles is banned
|rule|HP Percentage Mod: HP is shown in percentages
|rule|Dynamax Clause: You cannot dynamax
|clearpoke
|poke|p1|Hydreigon, F|
|poke|p1|Ribombee, M|
|poke|p1|Conkeldurr, M|
|poke|p1|Xurkitree|
|poke|p1|Dhelmise|
|poke|p1|Crobat, F|
|poke|p2|Cobalion|
|poke|p2|Tapu Bulu|
|poke|p2|Suicune|
|poke|p2|Moltres|
|poke|p2|Mandibuzz, F|
|poke|p2|Krookodile, F|
|teampreview
|inactive|Battle timer is ON: inactive players will automatically lose when time's up. (requested by Anacoresis)
|
|t:|1657475863
|start
|switch|p1a: Ribombee|Ribombee, M|100/100
|switch|p2a: Krookodile|Krookodile, F|100/100
|-ability|p2a: Krookodile|Intimidate|boost
|-unboost|p1a: Ribombee|atk|1
|turn|1
|
|t:|1657475880
|switch|p2a: Moltres|Moltres|100/100
|move|p1a: Ribombee|Sticky Web|p2a: Moltres
|-sidestart|p2: DQ Low Tier Legend|move: Sticky Web
|
|upkeep
|turn|2
|
|t:|1657475887
|switch|p1a: Xurkitree|Xurkitree|100/100
|move|p2a: Moltres|U-turn|p1a: Xurkitree
|-damage|p1a: Xurkitree|81/100
|
|t:|1657475889
|switch|p2a: Tapu Bulu|Tapu Bulu|100/100|[from]move: U-turn
|-activate|p2a: Tapu Bulu|move: Sticky Web
|-unboost|p2a: Tapu Bulu|spe|1
|-fieldstart|move: Grassy Terrain|[from] ability: Grassy Surge|[of] p2a: Tapu Bulu
|
|-heal|p1a: Xurkitree|87/100|[from] Grassy Terrain
|upkeep
|turn|3
|
|t:|1657475899
|move|p1a: Xurkitree|Volt Switch|p2a: Tapu Bulu
|-resisted|p2a: Tapu Bulu
|-crit|p2a: Tapu Bulu
|-damage|p2a: Tapu Bulu|40/100
|
|t:|1657475908
|switch|p1a: Crobat|Crobat, F|100/100|[from]move: Volt Switch
|move|p2a: Tapu Bulu|Stone Edge|p1a: Crobat|[miss]
|-miss|p2a: Tapu Bulu|p1a: Crobat
|
|-heal|p2a: Tapu Bulu|46/100|[from] Grassy Terrain
|upkeep
|turn|4
|
|t:|1657475924
|switch|p2a: Moltres|Moltres|100/100
|move|p1a: Crobat|Sludge Bomb|p2a: Moltres
|-damage|p2a: Moltres|70/100
|-status|p2a: Moltres|psn
|
|-damage|p2a: Moltres|58/100 psn|[from] psn
|upkeep
|turn|5
|
|t:|1657475932
|move|p1a: Crobat|Nasty Plot|p1a: Crobat
|-boost|p1a: Crobat|spa|2
|move|p2a: Moltres|Hurricane|p1a: Crobat
|-damage|p1a: Crobat|38/100
|-start|p1a: Crobat|confusion
|
|-heal|p1a: Crobat|45/100|[from] item: Black Sludge
|-damage|p2a: Moltres|45/100 psn|[from] psn
|upkeep
|turn|6
|
|t:|1657475942
|switch|p2a: Mandibuzz|Mandibuzz, F|100/100
|-activate|p1a: Crobat|confusion
|-damage|p1a: Crobat|37/100|[from] confusion
|
|-heal|p1a: Crobat|43/100|[from] item: Black Sludge
|-fieldend|move: Grassy Terrain
|upkeep
|turn|7
|
|t:|1657475949
|-activate|p1a: Crobat|confusion
|move|p1a: Crobat|Sludge Bomb|p2a: Mandibuzz
|-crit|p2a: Mandibuzz
|-damage|p2a: Mandibuzz|46/100
|move|p2a: Mandibuzz|Defog|p1a: Crobat
|-unboost|p1a: Crobat|evasion|1
|-sideend|p2: DQ Low Tier Legend|Sticky Web|[from] move: Defog|[of] p2a: Mandibuzz
|
|-heal|p1a: Crobat|49/100|[from] item: Black Sludge
|upkeep
|turn|8
|
|t:|1657475956
|-activate|p1a: Crobat|confusion
|move|p1a: Crobat|Sludge Bomb|p2a: Mandibuzz
|-damage|p2a: Mandibuzz|8/100
|-status|p2a: Mandibuzz|psn
|move|p2a: Mandibuzz|Foul Play|p1a: Crobat
|-crit|p1a: Crobat
|-damage|p1a: Crobat|2/100
|
|-heal|p1a: Crobat|9/100|[from] item: Black Sludge
|-damage|p2a: Mandibuzz|0 fnt|[from] psn
|faint|p2a: Mandibuzz
|upkeep
|
|t:|1657475964
|switch|p2a: Krookodile|Krookodile, F|100/100
|-ability|p2a: Krookodile|Intimidate|boost
|-unboost|p1a: Crobat|atk|1
|turn|9
|
|t:|1657475992
|switch|p1a: Ribombee|Ribombee, M|100/100
|move|p2a: Krookodile|Knock Off|p1a: Ribombee
|-resisted|p1a: Ribombee
|-damage|p1a: Ribombee|54/100
|-enditem|p1a: Ribombee|Focus Sash|[from] move: Knock Off|[of] p2a: Krookodile
|
|upkeep
|turn|10
|
|t:|1657476009
|switch|p2a: Cobalion|Cobalion|100/100
|switch|p1a: Xurkitree|Xurkitree|87/100
|
|upkeep
|turn|11
|inactive|Anacoresis has 120 seconds left.
|
|t:|1657476025
|switch|p2a: Krookodile|Krookodile, F|100/100
|-ability|p2a: Krookodile|Intimidate|boost
|-unboost|p1a: Xurkitree|atk|1
|move|p1a: Xurkitree|Volt Switch|p2a: Krookodile
|-immune|p2a: Krookodile
|
|upkeep
|turn|12
|inactive|Anacoresis has 120 seconds left.
|
|t:|1657476059
|switch|p1a: Ribombee|Ribombee, M|54/100
|move|p2a: Krookodile|Knock Off|p1a: Ribombee
|-resisted|p1a: Ribombee
|-damage|p1a: Ribombee|21/100
|
|upkeep
|turn|13
|inactive|Anacoresis has 120 seconds left.
|
|t:|1657476072
|switch|p1a: Conkeldurr|Conkeldurr, M|100/100
|move|p2a: Krookodile|Knock Off|p1a: Conkeldurr
|-resisted|p1a: Conkeldurr
|-damage|p1a: Conkeldurr|82/100
|-enditem|p1a: Conkeldurr|Assault Vest|[from] move: Knock Off|[of] p2a: Krookodile
|
|upkeep
|turn|14
|inactive|Anacoresis has 120 seconds left.
|
|t:|1657476086
|switch|p2a: Moltres|Moltres|45/100 psn
|move|p1a: Conkeldurr|Knock Off|p2a: Moltres
|-damage|p2a: Moltres|17/100 psn
|-status|p1a: Conkeldurr|brn|[from] ability: Flame Body|[of] p2a: Moltres
|-enditem|p2a: Moltres|Heavy-Duty Boots|[from] move: Knock Off|[of] p1a: Conkeldurr
|
|-damage|p2a: Moltres|5/100 psn|[from] psn
|-damage|p1a: Conkeldurr|76/100 brn|[from] brn
|upkeep
|turn|15
|inactive|Anacoresis has 120 seconds left.
|
|t:|1657476097
|move|p1a: Conkeldurr|Mach Punch|p2a: Moltres
|-resisted|p2a: Moltres
|-damage|p2a: Moltres|0 fnt
|faint|p2a: Moltres
|
|-damage|p1a: Conkeldurr|70/100 brn|[from] brn
|upkeep
|j| UBCS HTE
|inactive|DQ Low Tier Legend has 120 seconds left.
|
|t:|1657476125
|switch|p2a: Tapu Bulu|Tapu Bulu|46/100
|-fieldstart|move: Grassy Terrain|[from] ability: Grassy Surge|[of] p2a: Tapu Bulu
|turn|16
|
|t:|1657476139
|switch|p1a: Ribombee|Ribombee, M|21/100
|move|p2a: Tapu Bulu|Horn Leech|p1a: Ribombee
|-resisted|p1a: Ribombee
|-damage|p1a: Ribombee|0 fnt
|-heal|p2a: Tapu Bulu|55/100|[from] drain|[of] p1a: Ribombee
|faint|p1a: Ribombee
|
|-heal|p2a: Tapu Bulu|61/100|[from] Grassy Terrain
|upkeep
|inactive|Anacoresis has 120 seconds left.
|
|t:|1657476151
|switch|p1a: Crobat|Crobat, F|9/100
|turn|17
|inactive|Anacoresis has 120 seconds left.
|
|t:|1657476162
|switch|p2a: Krookodile|Krookodile, F|100/100
|-ability|p2a: Krookodile|Intimidate|boost
|-unboost|p1a: Crobat|atk|1
|move|p1a: Crobat|Sludge Bomb|p2a: Krookodile
|-resisted|p2a: Krookodile
|-damage|p2a: Krookodile|80/100
|
|-heal|p2a: Krookodile|86/100|[from] Grassy Terrain
|-heal|p1a: Crobat|15/100|[from] item: Black Sludge
|upkeep
|turn|18
|inactive|Anacoresis has 120 seconds left.
|
|t:|1657476195
|switch|p1a: Hydreigon|Hydreigon, F, shiny|100/100
|move|p2a: Krookodile|Knock Off|p1a: Hydreigon
|-resisted|p1a: Hydreigon
|-damage|p1a: Hydreigon|73/100
|-enditem|p1a: Hydreigon|Leftovers|[from] move: Knock Off|[of] p2a: Krookodile
|
|-heal|p2a: Krookodile|92/100|[from] Grassy Terrain
|upkeep
|turn|19
|
|t:|1657476216
|switch|p2a: Cobalion|Cobalion|100/100
|move|p1a: Hydreigon|Nasty Plot|p1a: Hydreigon
|-boost|p1a: Hydreigon|spa|2
|
|upkeep
|turn|20
|
|t:|1657476223
|switch|p1a: Dhelmise|Dhelmise|100/100
|move|p2a: Cobalion|Close Combat|p1a: Dhelmise
|-immune|p1a: Dhelmise
|
|-fieldend|move: Grassy Terrain
|upkeep
|turn|21
|
|t:|1657476236
|move|p2a: Cobalion|Swords Dance|p2a: Cobalion
|-boost|p2a: Cobalion|atk|2
|move|p1a: Dhelmise|Anchor Shot|p2a: Cobalion
|-resisted|p2a: Cobalion
|-damage|p2a: Cobalion|81/100
|-activate|p2a: Cobalion|trapped
|
|upkeep
|turn|22
|
|t:|1657476257
|move|p2a: Cobalion|Iron Head|p1a: Dhelmise
|-damage|p1a: Dhelmise|36/100
|-enditem|p1a: Dhelmise|Sitrus Berry|[eat]
|-heal|p1a: Dhelmise|61/100|[from] item: Sitrus Berry
|cant|p1a: Dhelmise|flinch
|
|upkeep
|turn|23
|
|t:|1657476263
|move|p2a: Cobalion|Iron Head|p1a: Dhelmise
|-damage|p1a: Dhelmise|2/100
|cant|p1a: Dhelmise|flinch
|
|upkeep
|turn|24
|
|t:|1657476268
|move|p2a: Cobalion|Iron Head|p1a: Dhelmise
|-damage|p1a: Dhelmise|0 fnt
|faint|p1a: Dhelmise
|
|upkeep
|
|t:|1657476272
|switch|p1a: Crobat|Crobat, F|15/100
|turn|25
|
|t:|1657476283
|move|p1a: Crobat|Air Slash|p2a: Cobalion
|-damage|p2a: Cobalion|44/100
|move|p2a: Cobalion|Iron Head|p1a: Crobat
|-damage|p1a: Crobat|0 fnt
|faint|p1a: Crobat
|
|upkeep
|
|t:|1657476292
|switch|p1a: Conkeldurr|Conkeldurr, M|70/100 brn
|turn|26
|
|t:|1657476311
|move|p1a: Conkeldurr|Mach Punch|p2a: Cobalion
|-supereffective|p2a: Cobalion
|-damage|p2a: Cobalion|0 fnt
|faint|p2a: Cobalion
|
|-damage|p1a: Conkeldurr|64/100 brn|[from] brn
|upkeep
|
|t:|1657476314
|switch|p2a: Tapu Bulu|Tapu Bulu|61/100
|-fieldstart|move: Grassy Terrain|[from] ability: Grassy Surge|[of] p2a: Tapu Bulu
|turn|27
|
|t:|1657476322
|switch|p1a: Hydreigon|Hydreigon, F, shiny|73/100
|move|p2a: Tapu Bulu|Horn Leech|p1a: Hydreigon
|-resisted|p1a: Hydreigon
|-damage|p1a: Hydreigon|21/100
|-heal|p2a: Tapu Bulu|87/100|[from] drain|[of] p1a: Hydreigon
|
|-heal|p2a: Tapu Bulu|94/100|[from] Grassy Terrain
|upkeep
|turn|28
|l| UBCS HTE
|
|t:|1657476338
|move|p1a: Hydreigon|Flash Cannon|p2a: Tapu Bulu
|-supereffective|p2a: Tapu Bulu
|-damage|p2a: Tapu Bulu|36/100
|move|p2a: Tapu Bulu|Horn Leech|p1a: Hydreigon
|-resisted|p1a: Hydreigon
|-crit|p1a: Hydreigon
|-damage|p1a: Hydreigon|0 fnt
|-heal|p2a: Tapu Bulu|47/100|[from] drain|[of] p1a: Hydreigon
|faint|p1a: Hydreigon
|
|-heal|p2a: Tapu Bulu|53/100|[from] Grassy Terrain
|upkeep
|
|t:|1657476355
|switch|p1a: Xurkitree|Xurkitree|87/100
|turn|29
|
|t:|1657476363
|move|p1a: Xurkitree|Dazzling Gleam|p2a: Tapu Bulu
|-crit|p2a: Tapu Bulu
|-damage|p2a: Tapu Bulu|0 fnt
|faint|p2a: Tapu Bulu
|-ability|p1a: Xurkitree|Beast Boost|boost
|-boost|p1a: Xurkitree|spa|1
|
|-heal|p1a: Xurkitree|93/100|[from] Grassy Terrain
|upkeep
|
|t:|1657476371
|switch|p2a: Krookodile|Krookodile, F|92/100
|-ability|p2a: Krookodile|Intimidate|boost
|-unboost|p1a: Xurkitree|atk|1
|turn|30
|
|t:|1657476376
|move|p2a: Krookodile|Earthquake|p1a: Xurkitree
|-supereffective|p1a: Xurkitree
|-damage|p1a: Xurkitree|23/100
|move|p1a: Xurkitree|Dazzling Gleam|p2a: Krookodile
|-supereffective|p2a: Krookodile
|-damage|p2a: Krookodile|0 fnt
|faint|p2a: Krookodile
|-ability|p1a: Xurkitree|Beast Boost|boost
|-boost|p1a: Xurkitree|spa|1
|
|-heal|p1a: Xurkitree|29/100|[from] Grassy Terrain
|upkeep
|
|t:|1657476393
|switch|p2a: Suicune|Suicune|100/100
|-ability|p2a: Suicune|Pressure
|turn|31
|
|t:|1657476396
|switch|p1a: Conkeldurr|Conkeldurr, M|64/100 brn
|move|p2a: Suicune|Scald|p1a: Conkeldurr
|-damage|p1a: Conkeldurr|32/100 brn
|
|-heal|p1a: Conkeldurr|38/100 brn|[from] Grassy Terrain
|-damage|p1a: Conkeldurr|32/100 brn|[from] brn
|-fieldend|move: Grassy Terrain
|upkeep
|turn|32
|
|t:|1657476407
|move|p2a: Suicune|Protect|p2a: Suicune
|-singleturn|p2a: Suicune|Protect
|move|p1a: Conkeldurr|Knock Off|p2a: Suicune
|-activate|p2a: Suicune|move: Protect
|
|-damage|p1a: Conkeldurr|26/100 brn|[from] brn
|upkeep
|turn|33
|
|t:|1657476428
|move|p1a: Conkeldurr|Mach Punch|p2a: Suicune
|-damage|p2a: Suicune|75/100
|move|p2a: Suicune|Scald|p1a: Conkeldurr
|-damage|p1a: Conkeldurr|0 fnt
|faint|p1a: Conkeldurr
|
|-heal|p2a: Suicune|81/100|[from] item: Leftovers
|upkeep
|
|t:|1657476435
|switch|p1a: Xurkitree|Xurkitree|29/100
|turn|34
|
|t:|1657476437
|move|p2a: Suicune|Protect|p2a: Suicune
|-singleturn|p2a: Suicune|Protect
|move|p1a: Xurkitree|Thunderbolt|p2a: Suicune
|-activate|p2a: Suicune|move: Protect
|
|-heal|p2a: Suicune|87/100|[from] item: Leftovers
|upkeep
|turn|35
|
|t:|1657476444
|move|p1a: Xurkitree|Thunderbolt|p2a: Suicune
|-supereffective|p2a: Suicune
|-damage|p2a: Suicune|0 fnt
|faint|p2a: Suicune
|
|win|Anacoresis
|raw|Anacoresis's rating: 1408 &rarr; <strong>1425</strong><br />(+17 for winning)
|raw|DQ Low Tier Legend's rating: 1363 &rarr; <strong>1346</strong><br />(-17 for losing)
|l|☆DQ Low Tier Legend
||Ladder isn't responding, score probably updated but might not have (Request timeout).
