|raw|<div class="broadcast-blue"><strong>This battle is required to be public due to a player having a name starting with 'UULT82n'.</div>
|j|☆AzuJ
|j|☆UULT82n R418
|t:|1621945102
|gametype|singles
|player|p1|AzuJ|juan|1453
|player|p2|UULT82n R418|aromalady|1531
|teamsize|p1|6
|teamsize|p2|6
|gen|8
|tier|[Gen 8] UU
|rated|
|rule|Sleep Clause Mod: Limit one foe put to sleep
|rule|Species Clause: Limit one of each Pokémon
|rule|OHKO Clause: OHKO moves are banned
|rule|Evasion Moves Clause: Evasion moves are banned
|rule|Endless Battle Clause: Forcing endless battles is banned
|rule|HP Percentage Mod: HP is shown in percentages
|rule|Dynamax Clause: You cannot dynamax
|clearpoke
|poke|p1|Azumarill, F|
|poke|p1|Stakataka|
|poke|p1|Zygarde-10%|
|poke|p1|Heracross, M|
|poke|p1|Azelf|
|poke|p1|Thundurus-Therian, M|
|poke|p2|Reuniclus, M|
|poke|p2|Rotom-Wash|
|poke|p2|Buzzwole|
|poke|p2|Nihilego|
|poke|p2|Celesteela|
|poke|p2|Mamoswine, M|
|teampreview
|
|t:|1621945124
|start
|switch|p1a: Heracross|Heracross, M|100/100
|switch|p2a: Celesteela|Celesteela|100/100
|turn|1
|
|t:|1621945147
|switch|p1a: Stakataka|Stakataka|100/100
|switch|p2a: Buzzwole|Buzzwole|100/100
|
|upkeep
|turn|2
|
|t:|1621945156
|switch|p1a: Heracross|Heracross, M|100/100
|move|p2a: Buzzwole|Drain Punch|p1a: Heracross
|-resisted|p1a: Heracross
|-damage|p1a: Heracross|75/100
|
|-status|p1a: Heracross|brn|[from] item: Flame Orb
|upkeep
|turn|3
|
|t:|1621945167
|move|p1a: Heracross|Spikes|p2a: Buzzwole
|-sidestart|p2: UULT82n R418|Spikes
|move|p2a: Buzzwole|Drain Punch|p1a: Heracross
|-resisted|p1a: Heracross
|-damage|p1a: Heracross|51/100 brn
|
|-damage|p1a: Heracross|45/100 brn|[from] brn
|upkeep
|turn|4
|
|t:|1621945173
|move|p1a: Heracross|Knock Off|p2a: Buzzwole
|-resisted|p2a: Buzzwole
|-damage|p2a: Buzzwole|88/100
|-enditem|p2a: Buzzwole|Heavy-Duty Boots|[from] move: Knock Off|[of] p1a: Heracross
|move|p2a: Buzzwole|Bulk Up|p2a: Buzzwole
|-boost|p2a: Buzzwole|atk|1
|-boost|p2a: Buzzwole|def|1
|
|-damage|p1a: Heracross|39/100 brn|[from] brn
|upkeep
|turn|5
|
|t:|1621945177
|move|p1a: Heracross|Close Combat|p2a: Buzzwole
|-resisted|p2a: Buzzwole
|-damage|p2a: Buzzwole|74/100
|-unboost|p1a: Heracross|def|1
|-unboost|p1a: Heracross|spd|1
|move|p2a: Buzzwole|Drain Punch|p1a: Heracross
|-resisted|p1a: Heracross
|-damage|p1a: Heracross|0 fnt
|-heal|p2a: Buzzwole|88/100|[from] drain|[of] p1a: Heracross
|faint|p1a: Heracross
|-ability|p2a: Buzzwole|Beast Boost|boost
|-boost|p2a: Buzzwole|def|1
|
|upkeep
|
|t:|1621945183
|switch|p1a: Thundurus|Thundurus-Therian, M|100/100
|turn|6
|
|t:|1621945190
|switch|p2a: Reuniclus|Reuniclus, M, shiny|100/100
|-damage|p2a: Reuniclus|88/100|[from] Spikes
|move|p1a: Thundurus|Psychic|p2a: Reuniclus
|-resisted|p2a: Reuniclus
|-damage|p2a: Reuniclus|80/100
|
|upkeep
|turn|7
|
|t:|1621945197
|switch|p1a: Azelf|Azelf|100/100
|move|p2a: Reuniclus|Psyshock|p1a: Azelf
|-resisted|p1a: Azelf
|-damage|p1a: Azelf|72/100
|
|upkeep
|turn|8
|
|t:|1621945210
|move|p1a: Azelf|Stealth Rock|p2a: Reuniclus
|-sidestart|p2: UULT82n R418|move: Stealth Rock
|move|p2a: Reuniclus|Knock Off|p1a: Azelf
|-supereffective|p1a: Azelf
|-damage|p1a: Azelf|27/100
|-enditem|p1a: Azelf|Focus Sash|[from] move: Knock Off|[of] p2a: Reuniclus
|
|upkeep
|turn|9
|
|t:|1621945217
|switch|p2a: Celesteela|Celesteela|100/100
|-damage|p2a: Celesteela|88/100|[from] Stealth Rock
|move|p1a: Azelf|Explosion|p2a: Celesteela
|-resisted|p2a: Celesteela
|-damage|p2a: Celesteela|51/100
|faint|p1a: Azelf
|
|-heal|p2a: Celesteela|57/100|[from] item: Leftovers
|upkeep
|
|t:|1621945229
|switch|p1a: Thundurus|Thundurus-Therian, M|100/100
|turn|10
|
|t:|1621945242
|switch|p2a: Reuniclus|Reuniclus, M, shiny|100/100
|-damage|p2a: Reuniclus|88/100|[from] Stealth Rock
|-damage|p2a: Reuniclus|76/100|[from] Spikes
|move|p1a: Thundurus|Thunderbolt|p2a: Reuniclus
|-crit|p2a: Reuniclus
|-damage|p2a: Reuniclus|38/100
|
|upkeep
|turn|11
|
|t:|1621945264
|switch|p1a: Zygarde|Zygarde-10%|100/100
|-ability|p1a: Zygarde|Aura Break
|switch|p2a: Nihilego|Nihilego|100/100
|-damage|p2a: Nihilego|88/100|[from] Spikes
|-damage|p2a: Nihilego|76/100|[from] Stealth Rock
|
|-heal|p2a: Nihilego|82/100|[from] item: Black Sludge
|upkeep
|turn|12
|j| JustFranco
|inactive|Battle timer is ON: inactive players will automatically lose when time's up. (requested by UULT82n R418)
|
|t:|1621945314
|switch|p2a: Buzzwole|Buzzwole|88/100
|-damage|p2a: Buzzwole|75/100|[from] Stealth Rock
|-damage|p2a: Buzzwole|63/100|[from] Spikes
|move|p1a: Zygarde|Outrage|p2a: Buzzwole
|-damage|p2a: Buzzwole|21/100
|
|upkeep
|turn|13
|
|t:|1621945327
|move|p1a: Zygarde|Outrage|p2a: Buzzwole|[from]lockedmove
|-damage|p2a: Buzzwole|0 fnt
|faint|p2a: Buzzwole
|
|upkeep
|
|t:|1621945331
|switch|p2a: Mamoswine|Mamoswine, M|100/100
|-damage|p2a: Mamoswine|88/100|[from] Stealth Rock
|-damage|p2a: Mamoswine|76/100|[from] Spikes
|turn|14
|
|t:|1621945334
|move|p2a: Mamoswine|Ice Shard|p1a: Zygarde
|-supereffective|p1a: Zygarde
|-damage|p1a: Zygarde|0 fnt
|faint|p1a: Zygarde
|-damage|p2a: Mamoswine|66/100|[from] item: Life Orb
|
|upkeep
|
|t:|1621945340
|switch|p1a: Azumarill|Azumarill, F|100/100
|turn|15
|inactive|AzuJ has 120 seconds left.
|
|t:|1621945379
|switch|p2a: Rotom|Rotom-Wash|100/100
|-damage|p2a: Rotom|88/100|[from] Stealth Rock
|move|p1a: Azumarill|Knock Off|p2a: Rotom
|-damage|p2a: Rotom|46/100
|-enditem|p2a: Rotom|Choice Scarf|[from] move: Knock Off|[of] p1a: Azumarill
|
|upkeep
|turn|16
|inactive|AzuJ has 120 seconds left.
|
|t:|1621945396
|switch|p1a: Thundurus|Thundurus-Therian, M|100/100
|move|p2a: Rotom|Defog|p1a: Thundurus
|-unboost|p1a: Thundurus|evasion|1
|-sideend|p2: UULT82n R418|Spikes|[from] move: Defog|[of] p2a: Rotom
|-sideend|p2: UULT82n R418|Stealth Rock|[from] move: Defog|[of] p2a: Rotom
|
|upkeep
|turn|17
|
|t:|1621945407
|switch|p2a: Nihilego|Nihilego|82/100
|move|p1a: Thundurus|Nasty Plot|p1a: Thundurus
|-boost|p1a: Thundurus|spa|2
|
|-heal|p2a: Nihilego|88/100|[from] item: Black Sludge
|upkeep
|turn|18
|
|t:|1621945421
|move|p2a: Nihilego|Power Gem|p1a: Thundurus
|-supereffective|p1a: Thundurus
|-damage|p1a: Thundurus|0 fnt
|faint|p1a: Thundurus
|-ability|p2a: Nihilego|Beast Boost|boost
|-boost|p2a: Nihilego|spa|1
|
|-heal|p2a: Nihilego|94/100|[from] item: Black Sludge
|upkeep
|
|t:|1621945424
|switch|p1a: Stakataka|Stakataka|100/100
|turn|19
|
|t:|1621945436
|move|p2a: Nihilego|Power Gem|p1a: Stakataka
|-resisted|p1a: Stakataka
|-damage|p1a: Stakataka|66/100
|move|p1a: Stakataka|Trick Room|p1a: Stakataka
|-fieldstart|move: Trick Room|[of] p1a: Stakataka
|
|-heal|p2a: Nihilego|100/100|[from] item: Black Sludge
|upkeep
|turn|20
|
|t:|1621945454
|switch|p2a: Celesteela|Celesteela|57/100
|move|p1a: Stakataka|Stone Edge|p2a: Celesteela
|-crit|p2a: Celesteela
|-damage|p2a: Celesteela|0 fnt
|faint|p2a: Celesteela
|-ability|p1a: Stakataka|Beast Boost|boost
|-boost|p1a: Stakataka|atk|1
|-damage|p1a: Stakataka|57/100|[from] item: Life Orb
|
|upkeep
|
|t:|1621945466
|switch|p2a: Reuniclus|Reuniclus, M, shiny|71/100
|turn|21
|inactive|AzuJ has 120 seconds left.
|
|t:|1621945503
|move|p1a: Stakataka|Heavy Slam|p2a: Reuniclus
|-damage|p2a: Reuniclus|0 fnt
|faint|p2a: Reuniclus
|-ability|p1a: Stakataka|Beast Boost|boost
|-boost|p1a: Stakataka|atk|1
|-damage|p1a: Stakataka|47/100|[from] item: Life Orb
|
|upkeep
|inactive|UULT82n R418 has 120 seconds left.
|inactive|UULT82n R418 has 90 seconds left.
|inactive|UULT82n R418 has 60 seconds left.
|
|t:|1621945588
|switch|p2a: Nihilego|Nihilego|100/100
|turn|22
|
|t:|1621945594
|move|p1a: Stakataka|Heavy Slam|p2a: Nihilego
|-supereffective|p2a: Nihilego
|-damage|p2a: Nihilego|0 fnt
|faint|p2a: Nihilego
|-ability|p1a: Stakataka|Beast Boost|boost
|-boost|p1a: Stakataka|atk|1
|-damage|p1a: Stakataka|37/100|[from] item: Life Orb
|
|upkeep
|inactive|UULT82n R418 has 60 seconds left.
|
|t:|1621945607
|switch|p2a: Mamoswine|Mamoswine, M|66/100
|turn|23
|
|t:|1621945616
|move|p2a: Mamoswine|Ice Shard|p1a: Stakataka
|-resisted|p1a: Stakataka
|-damage|p1a: Stakataka|27/100
|-damage|p2a: Mamoswine|56/100|[from] item: Life Orb
|move|p1a: Stakataka|Heavy Slam|p2a: Mamoswine
|-supereffective|p2a: Mamoswine
|-damage|p2a: Mamoswine|0 fnt
|faint|p2a: Mamoswine
|-ability|p1a: Stakataka|Beast Boost|boost
|-boost|p1a: Stakataka|atk|1
|-damage|p1a: Stakataka|17/100|[from] item: Life Orb
|
|-fieldend|move: Trick Room
|upkeep
|
|t:|1621945628
|switch|p2a: Rotom|Rotom-Wash|46/100
|turn|24
|
|t:|1621945630
|move|p2a: Rotom|Volt Switch|p1a: Stakataka
|-damage|p1a: Stakataka|0 fnt
|faint|p1a: Stakataka
|
|upkeep
|
|t:|1621945632
|switch|p1a: Azumarill|Azumarill, F|100/100
|turn|25
|inactive|AzuJ has 120 seconds left.
|inactive|UULT82n R418 has 60 seconds left.
|
|t:|1621945667
|move|p2a: Rotom|Trick|p1a: Azumarill
|-activate|p2a: Rotom|move: Trick|[of] p1a: Azumarill
|-enditem|p1a: Azumarill|Sitrus Berry|[silent]|[from] move: Trick
|-item|p2a: Rotom|Sitrus Berry|[from] move: Trick
|-enditem|p2a: Rotom|Sitrus Berry|[eat]
|-heal|p2a: Rotom|71/100|[from] item: Sitrus Berry
|move|p1a: Azumarill|Knock Off|p2a: Rotom
|-damage|p2a: Rotom|43/100
|
|upkeep
|turn|26
|
|t:|1621945675
|move|p2a: Rotom|Volt Switch|p1a: Azumarill
|-supereffective|p1a: Azumarill
|-damage|p1a: Azumarill|37/100
|move|p1a: Azumarill|Knock Off|p2a: Rotom
|-damage|p2a: Rotom|13/100
|
|upkeep
|turn|27
|
|t:|1621945680
|move|p1a: Azumarill|Aqua Jet|p2a: Rotom
|-resisted|p2a: Rotom
|-damage|p2a: Rotom|0 fnt
|faint|p2a: Rotom
|
|win|AzuJ
|raw|AzuJ's rating: 1453 &rarr; <strong>1477</strong><br />(+24 for winning)
|raw|UULT82n R418's rating: 1531 &rarr; <strong>1507</strong><br />(-24 for losing)
|c|☆AzuJ|gg
|c|☆UULT82n R418|no
|c|☆UULT82n R418|fuck off
|l|☆UULT82n R418
|c|☆AzuJ|ok dude
|l| JustFranco
