|j|☆naviii 1
|j|☆Meow Tse Tung
|t:|1597887013
|player|p1|naviii 1|brendan-gen3rs|1620
|player|p2|Meow Tse Tung|preschooler|1745
|teamsize|p1|6
|teamsize|p2|6
|gametype|singles
|gen|8
|tier|[Gen 8] UU
|rated|
|html|<div class="broadcast-blue"><strong>UU is currently suspecting Jirachi! For information on how to participate check out the <a href="https://www.smogon.com/forums/threads/3668911/">suspect thread</a>.</strong></div>
|clearpoke
|poke|p1|Jirachi|
|poke|p1|Hatterene, F|
|poke|p1|Tentacruel, F|
|poke|p1|Cobalion|
|poke|p1|Rotom-Mow|
|poke|p1|Mimikyu, M|
|poke|p2|Tyranitar, F|
|poke|p2|Quagsire, M|
|poke|p2|Jirachi|
|poke|p2|Celebi|
|poke|p2|Weezing-Galar, F|
|poke|p2|Skarmory, F|
|rule|Sleep Clause Mod: Limit one foe put to sleep
|rule|Species Clause: Limit one of each Pokémon
|rule|OHKO Clause: OHKO moves are banned
|rule|Evasion Moves Clause: Evasion moves are banned
|rule|Endless Battle Clause: Forcing endless battles is banned
|rule|HP Percentage Mod: HP is shown in percentages
|rule|Dynamax Clause: You cannot dynamax
|teampreview
|inactive|Battle timer is ON: inactive players will automatically lose when time's up. (requested by naviii 1)
|j| ramolost
|inactive|naviii 1 has 120 seconds left.
|inactive|naviii 1 has 90 seconds left.
|
|t:|1597887090
|start
|switch|p1a: Mow em down|Rotom-Mow|100/100
|switch|p2a: flinch by inch|Jirachi|100/100
|turn|1
|
|t:|1597887103
|switch|p1a: Koba Leon|Cobalion|100/100
|move|p2a: flinch by inch|Protect||[still]
|-fail|p2a: flinch by inch
|
|upkeep
|turn|2
|
|t:|1597887111
|switch|p2a: sturdy birdy|Skarmory, F|100/100
|move|p1a: Koba Leon|Stealth Rock|p2a: sturdy birdy
|-sidestart|p2: Meow Tse Tung|move: Stealth Rock
|
|upkeep
|turn|3
|
|t:|1597887119
|move|p1a: Koba Leon|Volt Switch|p2a: sturdy birdy
|-supereffective|p2a: sturdy birdy
|-damage|p2a: sturdy birdy|67/100
|
|t:|1597887132
|switch|p1a: Squidward|Tentacruel, F|100/100|[from]move: Volt Switch
|move|p2a: sturdy birdy|Defog|p1a: Squidward
|-unboost|p1a: Squidward|evasion|1
|-sideend|p2: Meow Tse Tung|Stealth Rock|[from] move: Defog|[of] p2a: sturdy birdy
|
|upkeep
|turn|4
|
|t:|1597887136
|switch|p2a: edgy veggie|Celebi|100/100
|move|p1a: Squidward|Knock Off|p2a: edgy veggie
|-supereffective|p2a: edgy veggie
|-damage|p2a: edgy veggie|86/100
|
|upkeep
|turn|5
|
|t:|1597887152
|switch|p1a: flinchflinchflinch|Jirachi|100/100
|move|p2a: edgy veggie|Psychic|p1a: flinchflinchflinch
|-resisted|p1a: flinchflinchflinch
|-damage|p1a: flinchflinchflinch|94/100
|-unboost|p1a: flinchflinchflinch|spd|1
|
|-heal|p1a: flinchflinchflinch|100/100|[from] item: Leftovers
|upkeep
|turn|6
|
|t:|1597887159
|switch|p1a: Koba Leon|Cobalion|100/100
|switch|p2a: flinch by inch|Jirachi|100/100
|
|upkeep
|turn|7
|
|t:|1597887166
|move|p1a: Koba Leon|Stealth Rock|p2a: flinch by inch
|-sidestart|p2: Meow Tse Tung|move: Stealth Rock
|move|p2a: flinch by inch|Iron Head|p1a: Koba Leon
|-resisted|p1a: Koba Leon
|-damage|p1a: Koba Leon|89/100
|
|upkeep
|turn|8
|
|t:|1597887175
|move|p1a: Koba Leon|Close Combat|p2a: flinch by inch
|-damage|p2a: flinch by inch|63/100
|-unboost|p1a: Koba Leon|def|1
|-unboost|p1a: Koba Leon|spd|1
|move|p2a: flinch by inch|Wish|p2a: flinch by inch
|
|-heal|p2a: flinch by inch|69/100|[from] item: Leftovers
|upkeep
|turn|9
|
|t:|1597887185
|switch|p1a: Squidward|Tentacruel, F|100/100
|move|p2a: flinch by inch|Iron Head|p1a: Squidward
|-resisted|p1a: Squidward
|-damage|p1a: Squidward|87/100
|
|-heal|p2a: flinch by inch|100/100|[from] move: Wish|[wisher] flinch by inch
|-heal|p1a: Squidward|93/100|[from] item: Black Sludge
|upkeep
|turn|10
|
|t:|1597887192
|move|p2a: flinch by inch|U-turn|p1a: Squidward
|-resisted|p1a: Squidward
|-damage|p1a: Squidward|86/100
|
|t:|1597887195
|switch|p2a: edgy veggie|Celebi|86/100|[from]move: U-turn
|-damage|p2a: edgy veggie|74/100|[from] Stealth Rock
|move|p1a: Squidward|Sludge Bomb|p2a: edgy veggie
|-supereffective|p2a: edgy veggie
|-damage|p2a: edgy veggie|34/100
|
|-heal|p1a: Squidward|93/100|[from] item: Black Sludge
|upkeep
|turn|11
|
|t:|1597887201
|move|p2a: edgy veggie|Recover|p2a: edgy veggie
|-heal|p2a: edgy veggie|84/100
|move|p1a: Squidward|Sludge Bomb|p2a: edgy veggie
|-supereffective|p2a: edgy veggie
|-damage|p2a: edgy veggie|39/100
|
|-heal|p1a: Squidward|99/100|[from] item: Black Sludge
|upkeep
|turn|12
|
|t:|1597887208
|switch|p2a: giant tyrant|Tyranitar, F|100/100
|-damage|p2a: giant tyrant|88/100|[from] Stealth Rock
|-weather|Sandstorm|[from] ability: Sand Stream|[of] p2a: giant tyrant
|move|p1a: Squidward|Sludge Bomb|p2a: giant tyrant
|-resisted|p2a: giant tyrant
|-damage|p2a: giant tyrant|83/100
|
|-weather|Sandstorm|[upkeep]
|-damage|p1a: Squidward|93/100|[from] Sandstorm
|-heal|p1a: Squidward|99/100|[from] item: Black Sludge
|-heal|p2a: giant tyrant|89/100|[from] item: Leftovers
|upkeep
|turn|13
|
|t:|1597887229
|switch|p1a: Mow em down|Rotom-Mow|100/100
|move|p2a: giant tyrant|Earthquake|p1a: Mow em down
|-immune|p1a: Mow em down|[from] ability: Levitate
|
|-weather|Sandstorm|[upkeep]
|-damage|p1a: Mow em down|94/100|[from] Sandstorm
|-heal|p2a: giant tyrant|95/100|[from] item: Leftovers
|upkeep
|turn|14
|
|t:|1597887241
|move|p1a: Mow em down|Trick|p2a: giant tyrant
|-activate|p1a: Mow em down|move: Trick|[of] p2a: giant tyrant
|-item|p2a: giant tyrant|Choice Scarf|[from] move: Trick
|-item|p1a: Mow em down|Leftovers|[from] move: Trick
|move|p2a: giant tyrant|Stealth Rock|p1a: Mow em down
|-sidestart|p1: naviii 1|move: Stealth Rock
|
|-weather|Sandstorm|[upkeep]
|-damage|p1a: Mow em down|88/100|[from] Sandstorm
|-heal|p1a: Mow em down|94/100|[from] item: Leftovers
|upkeep
|turn|15
|
|t:|1597887248
|switch|p2a: flinch by inch|Jirachi|100/100
|-damage|p2a: flinch by inch|94/100|[from] Stealth Rock
|move|p1a: Mow em down|Volt Switch|p2a: flinch by inch
|-damage|p2a: flinch by inch|66/100
|
|t:|1597887258
|switch|p1a: Squidward|Tentacruel, F|99/100|[from]move: Volt Switch
|-damage|p1a: Squidward|86/100|[from] Stealth Rock
|
|-weather|Sandstorm|[upkeep]
|-damage|p1a: Squidward|80/100|[from] Sandstorm
|-heal|p2a: flinch by inch|72/100|[from] item: Leftovers
|-heal|p1a: Squidward|86/100|[from] item: Black Sludge
|upkeep
|turn|16
|
|t:|1597887267
|move|p2a: flinch by inch|Iron Head|p1a: Squidward
|-resisted|p1a: Squidward
|-damage|p1a: Squidward|73/100
|move|p1a: Squidward|Rapid Spin|p2a: flinch by inch
|-resisted|p2a: flinch by inch
|-damage|p2a: flinch by inch|69/100
|-boost|p1a: Squidward|spe|1
|-sideend|p1: naviii 1|Stealth Rock|[from] move: Rapid Spin|[of] p1a: Squidward
|
|-weather|none
|-heal|p1a: Squidward|79/100|[from] item: Black Sludge
|-heal|p2a: flinch by inch|75/100|[from] item: Leftovers
|upkeep
|turn|17
|
|t:|1597887276
|switch|p2a: giant tyrant|Tyranitar, F|95/100
|-damage|p2a: giant tyrant|83/100|[from] Stealth Rock
|-weather|Sandstorm|[from] ability: Sand Stream|[of] p2a: giant tyrant
|move|p1a: Squidward|Scald|p2a: giant tyrant
|-supereffective|p2a: giant tyrant
|-damage|p2a: giant tyrant|65/100
|-status|p2a: giant tyrant|brn
|
|-weather|Sandstorm|[upkeep]
|-damage|p1a: Squidward|73/100|[from] Sandstorm
|-heal|p1a: Squidward|79/100|[from] item: Black Sludge
|-damage|p2a: giant tyrant|59/100 brn|[from] brn
|upkeep
|turn|18
|
|t:|1597887292
|switch|p1a: Mow em down|Rotom-Mow|94/100
|switch|p2a: muddy buddy|Quagsire, M|100/100
|
|-weather|Sandstorm|[upkeep]
|-damage|p1a: Mow em down|88/100|[from] Sandstorm
|-heal|p1a: Mow em down|94/100|[from] item: Leftovers
|upkeep
|turn|19
|
|t:|1597887299
|switch|p2a: flinch by inch|Jirachi|75/100
|-damage|p2a: flinch by inch|69/100|[from] Stealth Rock
|move|p1a: Mow em down|Volt Switch|p2a: flinch by inch
|-damage|p2a: flinch by inch|44/100
|
|t:|1597887311
|switch|p1a: Squidward|Tentacruel, F|79/100|[from]move: Volt Switch
|
|-weather|Sandstorm|[upkeep]
|-damage|p1a: Squidward|73/100|[from] Sandstorm
|-heal|p2a: flinch by inch|50/100|[from] item: Leftovers
|-heal|p1a: Squidward|79/100|[from] item: Black Sludge
|upkeep
|turn|20
|c| ramolost|okay
|c| ramolost|i think i know what im using
|c| ramolost|for ip
|c|☆Meow Tse Tung|ok
|c|☆naviii 1|what
|c|☆Meow Tse Tung|dont tell me
|
|t:|1597887326
|move|p2a: flinch by inch|Wish|p2a: flinch by inch
|move|p1a: Squidward|Scald|p2a: flinch by inch
|-damage|p2a: flinch by inch|30/100
|
|-weather|Sandstorm|[upkeep]
|-damage|p1a: Squidward|73/100|[from] Sandstorm
|-heal|p2a: flinch by inch|36/100|[from] item: Leftovers
|-heal|p1a: Squidward|79/100|[from] item: Black Sludge
|upkeep
|turn|21
|
|t:|1597887340
|move|p2a: flinch by inch|Protect|p2a: flinch by inch
|-singleturn|p2a: flinch by inch|Protect
|move|p1a: Squidward|Scald|p2a: flinch by inch
|-activate|p2a: flinch by inch|move: Protect
|
|-weather|none
|-heal|p2a: flinch by inch|86/100|[from] move: Wish|[wisher] flinch by inch
|-heal|p2a: flinch by inch|93/100|[from] item: Leftovers
|-heal|p1a: Squidward|85/100|[from] item: Black Sludge
|upkeep
|turn|22
|
|t:|1597887347
|move|p2a: flinch by inch|U-turn|p1a: Squidward
|-resisted|p1a: Squidward
|-damage|p1a: Squidward|77/100
|
|t:|1597887354
|switch|p2a: muddy buddy|Quagsire, M|100/100|[from]move: U-turn
|move|p1a: Squidward|Knock Off|p2a: muddy buddy
|-damage|p2a: muddy buddy|89/100
|-enditem|p2a: muddy buddy|Heavy-Duty Boots|[from] move: Knock Off|[of] p1a: Squidward
|
|-heal|p1a: Squidward|83/100|[from] item: Black Sludge
|upkeep
|turn|23
|c| ramolost|ye
|c| ramolost|but this match is huge
|
|t:|1597887369
|switch|p1a: Mow em down|Rotom-Mow|94/100
|move|p2a: muddy buddy|Scald|p1a: Mow em down
|-resisted|p1a: Mow em down
|-damage|p1a: Mow em down|83/100
|
|-heal|p1a: Mow em down|90/100|[from] item: Leftovers
|upkeep
|turn|24
|
|t:|1597887378
|switch|p2a: flinch by inch|Jirachi|93/100
|-damage|p2a: flinch by inch|86/100|[from] Stealth Rock
|move|p1a: Mow em down|Volt Switch|p2a: flinch by inch
|-damage|p2a: flinch by inch|59/100
|c| ramolost|its been a long time i didnt felt nervous coz of a smog game
|
|t:|1597887389
|switch|p1a: Squidward|Tentacruel, F|83/100|[from]move: Volt Switch
|
|-heal|p2a: flinch by inch|66/100|[from] item: Leftovers
|-heal|p1a: Squidward|90/100|[from] item: Black Sludge
|upkeep
|turn|25
|
|t:|1597887396
|move|p2a: flinch by inch|Protect|p2a: flinch by inch
|-singleturn|p2a: flinch by inch|Protect
|move|p1a: Squidward|Scald|p2a: flinch by inch
|-activate|p2a: flinch by inch|move: Protect
|
|-heal|p2a: flinch by inch|72/100|[from] item: Leftovers
|-heal|p1a: Squidward|96/100|[from] item: Black Sludge
|upkeep
|turn|26
|
|t:|1597887398
|move|p2a: flinch by inch|U-turn|p1a: Squidward
|-resisted|p1a: Squidward
|-damage|p1a: Squidward|88/100
|
|t:|1597887400
|switch|p2a: muddy buddy|Quagsire, M|89/100|[from]move: U-turn
|-damage|p2a: muddy buddy|83/100|[from] Stealth Rock
|move|p1a: Squidward|Knock Off|p2a: muddy buddy
|-damage|p2a: muddy buddy|76/100
|
|-heal|p1a: Squidward|94/100|[from] item: Black Sludge
|upkeep
|turn|27
|
|t:|1597887406
|switch|p1a: Mow em down|Rotom-Mow|90/100
|switch|p2a: flinch by inch|Jirachi|72/100
|-damage|p2a: flinch by inch|66/100|[from] Stealth Rock
|
|-heal|p2a: flinch by inch|72/100|[from] item: Leftovers
|-heal|p1a: Mow em down|96/100|[from] item: Leftovers
|upkeep
|turn|28
|
|t:|1597887416
|switch|p1a: Squidward|Tentacruel, F|94/100
|move|p2a: flinch by inch|Protect||[still]
|-fail|p2a: flinch by inch
|
|-heal|p2a: flinch by inch|78/100|[from] item: Leftovers
|-heal|p1a: Squidward|99/100|[from] item: Black Sludge
|upkeep
|turn|29
|
|t:|1597887420
|move|p2a: flinch by inch|Protect|p2a: flinch by inch
|-singleturn|p2a: flinch by inch|Protect
|move|p1a: Squidward|Scald|p2a: flinch by inch
|-activate|p2a: flinch by inch|move: Protect
|
|-heal|p2a: flinch by inch|84/100|[from] item: Leftovers
|-heal|p1a: Squidward|100/100|[from] item: Black Sludge
|upkeep
|turn|30
|
|t:|1597887425
|move|p2a: flinch by inch|U-turn|p1a: Squidward
|-resisted|p1a: Squidward
|-damage|p1a: Squidward|94/100
|
|t:|1597887428
|switch|p2a: muddy buddy|Quagsire, M|76/100|[from]move: U-turn
|-damage|p2a: muddy buddy|70/100|[from] Stealth Rock
|move|p1a: Squidward|Scald|p2a: muddy buddy
|-damage|p2a: muddy buddy|39/100
|
|-heal|p1a: Squidward|99/100|[from] item: Black Sludge
|upkeep
|turn|31
|
|t:|1597887436
|switch|p1a: Mow em down|Rotom-Mow|96/100
|move|p2a: muddy buddy|Recover|p2a: muddy buddy
|-heal|p2a: muddy buddy|89/100
|
|-heal|p1a: Mow em down|100/100|[from] item: Leftovers
|upkeep
|turn|32
|
|t:|1597887441
|switch|p2a: flinch by inch|Jirachi|84/100
|-damage|p2a: flinch by inch|78/100|[from] Stealth Rock
|move|p1a: Mow em down|Volt Switch|p2a: flinch by inch
|-damage|p2a: flinch by inch|52/100
|
|t:|1597887445
|switch|p1a: Squidward|Tentacruel, F|99/100|[from]move: Volt Switch
|
|-heal|p2a: flinch by inch|58/100|[from] item: Leftovers
|-heal|p1a: Squidward|100/100|[from] item: Black Sludge
|upkeep
|turn|33
|
|t:|1597887450
|move|p2a: flinch by inch|Protect|p2a: flinch by inch
|-singleturn|p2a: flinch by inch|Protect
|move|p1a: Squidward|Rapid Spin|p2a: flinch by inch
|-activate|p2a: flinch by inch|move: Protect
|
|-heal|p2a: flinch by inch|64/100|[from] item: Leftovers
|upkeep
|turn|34
|
|t:|1597887455
|move|p2a: flinch by inch|U-turn|p1a: Squidward
|-resisted|p1a: Squidward
|-damage|p1a: Squidward|92/100
|
|t:|1597887457
|switch|p2a: muddy buddy|Quagsire, M|89/100|[from]move: U-turn
|-damage|p2a: muddy buddy|83/100|[from] Stealth Rock
|move|p1a: Squidward|Scald|p2a: muddy buddy
|-damage|p2a: muddy buddy|55/100
|
|-heal|p1a: Squidward|98/100|[from] item: Black Sludge
|upkeep
|turn|35
|
|t:|1597887467
|move|p1a: Squidward|Scald|p2a: muddy buddy
|-damage|p2a: muddy buddy|27/100
|-status|p2a: muddy buddy|brn
|move|p2a: muddy buddy|Recover|p2a: muddy buddy
|-heal|p2a: muddy buddy|77/100 brn
|
|-heal|p1a: Squidward|100/100|[from] item: Black Sludge
|-damage|p2a: muddy buddy|71/100 brn|[from] brn
|upkeep
|turn|36
|
|t:|1597887474
|switch|p1a: Mow em down|Rotom-Mow|100/100
|switch|p2a: edgy veggie|Celebi|39/100
|-damage|p2a: edgy veggie|26/100|[from] Stealth Rock
|
|upkeep
|turn|37
|
|t:|1597887478
|move|p2a: edgy veggie|Recover|p2a: edgy veggie
|-heal|p2a: edgy veggie|76/100
|move|p1a: Mow em down|Volt Switch|p2a: edgy veggie
|-resisted|p2a: edgy veggie
|-damage|p2a: edgy veggie|64/100
|inactive|naviii 1 has 120 seconds left.
|c|☆Meow Tse Tung|i have never felt nervous
|c|☆Meow Tse Tung|for a game before ramo
|
|t:|1597887529
|switch|p1a: No Cap|Hatterene, F|100/100|[from]move: Volt Switch
|
|upkeep
|turn|38
|c| ramolost|idk if its really nervous but
|c| ramolost|im really thinkin about it
|
|t:|1597887550
|switch|p2a: flinch by inch|Jirachi|64/100
|-damage|p2a: flinch by inch|58/100|[from] Stealth Rock
|move|p1a: No Cap|Mystical Fire|p2a: flinch by inch
|-supereffective|p2a: flinch by inch
|-damage|p2a: flinch by inch|17/100
|-unboost|p2a: flinch by inch|spa|1
|
|-heal|p2a: flinch by inch|23/100|[from] item: Leftovers
|upkeep
|turn|39
|c| ramolost|when i started turs i always felt nervous tho
|c| ramolost|tours
|
|t:|1597887563
|switch|p1a: Koba Leon|Cobalion|89/100
|move|p2a: flinch by inch|Iron Head|p1a: Koba Leon
|-resisted|p1a: Koba Leon
|-damage|p1a: Koba Leon|77/100
|
|-heal|p2a: flinch by inch|29/100|[from] item: Leftovers
|upkeep
|turn|40
|
|t:|1597887570
|move|p2a: flinch by inch|Protect|p2a: flinch by inch
|-singleturn|p2a: flinch by inch|Protect
|move|p1a: Koba Leon|Close Combat|p2a: flinch by inch
|-activate|p2a: flinch by inch|move: Protect
|
|-heal|p2a: flinch by inch|36/100|[from] item: Leftovers
|upkeep
|turn|41
|c| ramolost|but now i dont really care
|
|t:|1597887576
|switch|p2a: edgy veggie|Celebi|64/100
|-damage|p2a: edgy veggie|51/100|[from] Stealth Rock
|move|p1a: Koba Leon|Close Combat|p2a: edgy veggie
|-resisted|p2a: edgy veggie
|-damage|p2a: edgy veggie|32/100
|-unboost|p1a: Koba Leon|def|1
|-unboost|p1a: Koba Leon|spd|1
|
|upkeep
|turn|42
|inactive|naviii 1 has 120 seconds left.
|
|t:|1597887589
|move|p1a: Koba Leon|Iron Head|p2a: edgy veggie
|-damage|p2a: edgy veggie|6/100
|move|p2a: edgy veggie|Recover|p2a: edgy veggie
|-heal|p2a: edgy veggie|56/100
|
|upkeep
|turn|43
|
|t:|1597887592
|move|p1a: Koba Leon|Volt Switch|p2a: edgy veggie
|-resisted|p2a: edgy veggie
|-damage|p2a: edgy veggie|50/100
|
|t:|1597887596
|switch|p1a: No Cap|Hatterene, F|100/100|[from]move: Volt Switch
|move|p2a: edgy veggie|Recover|p2a: edgy veggie
|-heal|p2a: edgy veggie|99/100
|
|upkeep
|turn|44
|
|t:|1597887607
|switch|p2a: stinkin lincoln|Weezing-Galar, F|100/100
|-ability|p2a: stinkin lincoln|Neutralizing Gas
|move|p1a: No Cap|Psychic|p2a: stinkin lincoln
|-supereffective|p2a: stinkin lincoln
|-damage|p2a: stinkin lincoln|0 fnt
|faint|p2a: stinkin lincoln
|
|upkeep
|-message|Meow Tse Tung forfeited.
|
|win|naviii 1
|c|☆Meow Tse Tung|gg
|l|☆Meow Tse Tung
|c|☆naviii 1|gg
