|j|☆Andurrg
|j|☆ExiDudi
|t:|1664204352
|gametype|singles
|player|p1|Andurrg|janitor|1309
|player|p2|ExiDudi|doctor-gen8|1403
|teamsize|p1|6
|teamsize|p2|6
|gen|8
|tier|[Gen 8] UU
|rated|
|rule|Sleep Clause Mod: Limit one foe put to sleep
|rule|Species Clause: Limit one of each Pokémon
|rule|OHKO Clause: OHKO moves are banned
|rule|Evasion Items Clause: Evasion items are banned
|rule|Evasion Moves Clause: Evasion moves are banned
|rule|Endless Battle Clause: Forcing endless battles is banned
|rule|HP Percentage Mod: HP is shown in percentages
|rule|Dynamax Clause: You cannot dynamax
|clearpoke
|poke|p1|Mandibuzz, F|
|poke|p1|Chandelure, F|
|poke|p1|Tentacruel, M|
|poke|p1|Hippowdon, F|
|poke|p1|Azelf|
|poke|p1|Cobalion|
|poke|p2|Sigilyph, M|
|poke|p2|Rhyperior, M|
|poke|p2|Cobalion|
|poke|p2|Primarina, F|
|poke|p2|Salamence, M|
|poke|p2|Tangrowth, M|
|teampreview
|
|t:|1664204373
|start
|switch|p1a: Tentacruel|Tentacruel, M|100/100
|switch|p2a: Rhyperior|Rhyperior, M|100/100
|turn|1
|inactive|Battle timer is ON: inactive players will automatically lose when time's up. (requested by Andurrg)
|inactive|ExiDudi has 120 seconds left.
|
|t:|1664204427
|switch|p2a: Sigilyph|Sigilyph, M|100/100
|move|p1a: Tentacruel|Scald|p2a: Sigilyph
|-damage|p2a: Sigilyph|68/100
|
|upkeep
|turn|2
|
|t:|1664204444
|switch|p1a: Mandibuzz|Mandibuzz, F|100/100
|move|p2a: Sigilyph|Calm Mind|p2a: Sigilyph
|-boost|p2a: Sigilyph|spa|1
|-boost|p2a: Sigilyph|spd|1
|
|upkeep
|turn|3
|
|t:|1664204450
|move|p2a: Sigilyph|Roost|p2a: Sigilyph
|-heal|p2a: Sigilyph|100/100
|-singleturn|p2a: Sigilyph|move: Roost
|move|p1a: Mandibuzz|Knock Off|p2a: Sigilyph
|-supereffective|p2a: Sigilyph
|-damage|p2a: Sigilyph|31/100
|-enditem|p2a: Sigilyph|Life Orb|[from] move: Knock Off|[of] p1a: Mandibuzz
|
|upkeep
|turn|4
|
|t:|1664204458
|move|p2a: Sigilyph|Roost|p2a: Sigilyph
|-heal|p2a: Sigilyph|81/100
|-singleturn|p2a: Sigilyph|move: Roost
|move|p1a: Mandibuzz|Foul Play|p2a: Sigilyph
|-supereffective|p2a: Sigilyph
|-damage|p2a: Sigilyph|36/100
|
|upkeep
|turn|5
|
|t:|1664204468
|move|p2a: Sigilyph|Roost|p2a: Sigilyph
|-heal|p2a: Sigilyph|86/100
|-singleturn|p2a: Sigilyph|move: Roost
|move|p1a: Mandibuzz|Foul Play|p2a: Sigilyph
|-supereffective|p2a: Sigilyph
|-crit|p2a: Sigilyph
|-damage|p2a: Sigilyph|17/100
|
|upkeep
|turn|6
|
|t:|1664204494
|move|p2a: Sigilyph|Roost|p2a: Sigilyph
|-heal|p2a: Sigilyph|67/100
|-singleturn|p2a: Sigilyph|move: Roost
|move|p1a: Mandibuzz|Foul Play|p2a: Sigilyph
|-supereffective|p2a: Sigilyph
|-damage|p2a: Sigilyph|24/100
|
|upkeep
|turn|7
|
|t:|1664204502
|move|p2a: Sigilyph|Roost|p2a: Sigilyph
|-heal|p2a: Sigilyph|75/100
|-singleturn|p2a: Sigilyph|move: Roost
|move|p1a: Mandibuzz|Knock Off|p2a: Sigilyph
|-supereffective|p2a: Sigilyph
|-damage|p2a: Sigilyph|28/100
|
|upkeep
|turn|8
|
|t:|1664204509
|move|p2a: Sigilyph|Roost|p2a: Sigilyph
|-heal|p2a: Sigilyph|78/100
|-singleturn|p2a: Sigilyph|move: Roost
|move|p1a: Mandibuzz|Knock Off|p2a: Sigilyph
|-supereffective|p2a: Sigilyph
|-damage|p2a: Sigilyph|30/100
|
|upkeep
|turn|9
|
|t:|1664204516
|move|p2a: Sigilyph|Roost|p2a: Sigilyph
|-heal|p2a: Sigilyph|80/100
|-singleturn|p2a: Sigilyph|move: Roost
|move|p1a: Mandibuzz|Knock Off|p2a: Sigilyph
|-supereffective|p2a: Sigilyph
|-damage|p2a: Sigilyph|30/100
|
|upkeep
|turn|10
|
|t:|1664204524
|switch|p2a: Cobalion|Cobalion|100/100
|move|p1a: Mandibuzz|Knock Off|p2a: Cobalion
|-resisted|p2a: Cobalion
|-damage|p2a: Cobalion|90/100
|-ability|p2a: Cobalion|Justified|boost
|-boost|p2a: Cobalion|atk|1
|-enditem|p2a: Cobalion|Leftovers|[from] move: Knock Off|[of] p1a: Mandibuzz
|
|upkeep
|turn|11
|
|t:|1664204545
|switch|p1a: Hippowdon|Hippowdon, F|100/100
|-weather|Sandstorm|[from] ability: Sand Stream|[of] p1a: Hippowdon
|move|p2a: Cobalion|Swords Dance|p2a: Cobalion
|-boost|p2a: Cobalion|atk|2
|
|-weather|Sandstorm|[upkeep]
|upkeep
|turn|12
|
|t:|1664204555
|move|p2a: Cobalion|Close Combat|p1a: Hippowdon
|-damage|p1a: Hippowdon|27/100
|-unboost|p2a: Cobalion|def|1
|-unboost|p2a: Cobalion|spd|1
|-damage|p2a: Cobalion|73/100|[from] item: Rocky Helmet|[of] p1a: Hippowdon
|move|p1a: Hippowdon|Earthquake|p2a: Cobalion
|-supereffective|p2a: Cobalion
|-damage|p2a: Cobalion|0 fnt
|faint|p2a: Cobalion
|
|-weather|Sandstorm|[upkeep]
|upkeep
|
|t:|1664204560
|switch|p2a: Sigilyph|Sigilyph, M|30/100
|turn|13
|
|t:|1664204579
|switch|p1a: Mandibuzz|Mandibuzz, F|100/100
|move|p2a: Sigilyph|Heat Wave|p1a: Mandibuzz
|-damage|p1a: Mandibuzz|79/100
|-status|p1a: Mandibuzz|brn
|
|-weather|Sandstorm|[upkeep]
|-damage|p1a: Mandibuzz|73/100 brn|[from] brn
|upkeep
|turn|14
|
|t:|1664204589
|move|p2a: Sigilyph|Roost|p2a: Sigilyph
|-heal|p2a: Sigilyph|80/100
|-singleturn|p2a: Sigilyph|move: Roost
|move|p1a: Mandibuzz|U-turn|p2a: Sigilyph
|-supereffective|p2a: Sigilyph
|-damage|p2a: Sigilyph|63/100
|inactive|Andurrg has 120 seconds left.
|
|t:|1664204609
|switch|p1a: Chandelure|Chandelure, F|100/100|[from]move: U-turn
|
|-weather|Sandstorm|[upkeep]
|-damage|p1a: Chandelure|94/100|[from] Sandstorm
|upkeep
|turn|15
|
|t:|1664204615
|switch|p2a: Primarina|Primarina, F|100/100
|move|p1a: Chandelure|Shadow Ball|p2a: Primarina
|-damage|p2a: Primarina|69/100
|
|-weather|none
|-heal|p2a: Primarina|75/100|[from] item: Leftovers
|upkeep
|turn|16
|inactive|Andurrg has 120 seconds left.
|
|t:|1664204631
|move|p1a: Chandelure|Energy Ball|p2a: Primarina
|-supereffective|p2a: Primarina
|-damage|p2a: Primarina|25/100
|move|p2a: Primarina|Scald|p1a: Chandelure
|-supereffective|p1a: Chandelure
|-damage|p1a: Chandelure|0 fnt
|faint|p1a: Chandelure
|
|-heal|p2a: Primarina|31/100|[from] item: Leftovers
|upkeep
|inactive|Andurrg has 120 seconds left.
|
|t:|1664204647
|switch|p1a: Azelf|Azelf|100/100
|turn|17
|
|t:|1664204653
|move|p1a: Azelf|Psyshock|p2a: Primarina
|-damage|p2a: Primarina|0 fnt
|faint|p2a: Primarina
|
|upkeep
|
|t:|1664204655
|switch|p2a: Tangrowth|Tangrowth, M|100/100
|turn|18
|
|t:|1664204667
|switch|p1a: Mandibuzz|Mandibuzz, F|73/100 brn
|move|p2a: Tangrowth|Knock Off|p1a: Mandibuzz
|-resisted|p1a: Mandibuzz
|-damage|p1a: Mandibuzz|66/100 brn
|-enditem|p1a: Mandibuzz|Heavy-Duty Boots|[from] move: Knock Off|[of] p2a: Tangrowth
|
|-damage|p1a: Mandibuzz|60/100 brn|[from] brn
|upkeep
|turn|19
|inactive|Andurrg has 120 seconds left.
|
|t:|1664204697
|switch|p2a: Rhyperior|Rhyperior, M|100/100
|move|p1a: Mandibuzz|U-turn|p2a: Rhyperior
|-damage|p2a: Rhyperior|97/100
|inactive|Andurrg has 90 seconds left.
|
|t:|1664204728
|switch|p1a: Tentacruel|Tentacruel, M|100/100|[from]move: U-turn
|
|-heal|p2a: Rhyperior|100/100|[from] item: Leftovers
|upkeep
|turn|20
|inactive|Andurrg has 90 seconds left.
|
|t:|1664204738
|move|p1a: Tentacruel|Scald|p2a: Rhyperior
|-supereffective|p2a: Rhyperior
|-damage|p2a: Rhyperior|42/100
|move|p2a: Rhyperior|Earthquake|p1a: Tentacruel
|-supereffective|p1a: Tentacruel
|-damage|p1a: Tentacruel|3/100
|
|-heal|p1a: Tentacruel|9/100|[from] item: Black Sludge
|-heal|p2a: Rhyperior|49/100|[from] item: Leftovers
|upkeep
|turn|21
|inactive|Andurrg has 90 seconds left.
|
|t:|1664204754
|switch|p2a: Sigilyph|Sigilyph, M|63/100
|move|p1a: Tentacruel|Toxic Spikes|p2a: Sigilyph
|-sidestart|p2: ExiDudi|move: Toxic Spikes
|
|-heal|p1a: Tentacruel|15/100|[from] item: Black Sludge
|upkeep
|turn|22
|inactive|Andurrg has 90 seconds left.
|
|t:|1664204767
|switch|p1a: Azelf|Azelf|100/100
|move|p2a: Sigilyph|Calm Mind|p2a: Sigilyph
|-boost|p2a: Sigilyph|spa|1
|-boost|p2a: Sigilyph|spd|1
|
|upkeep
|turn|23
|inactive|Andurrg has 90 seconds left.
|
|t:|1664204772
|move|p1a: Azelf|Trick|p2a: Sigilyph
|-activate|p1a: Azelf|move: Trick|[of] p2a: Sigilyph
|-item|p2a: Sigilyph|Choice Scarf|[from] move: Trick
|-enditem|p1a: Azelf|Choice Scarf|[silent]|[from] move: Trick
|move|p2a: Sigilyph|Roost|p2a: Sigilyph
|-heal|p2a: Sigilyph|100/100
|-singleturn|p2a: Sigilyph|move: Roost
|
|upkeep
|turn|24
|inactive|Andurrg has 90 seconds left.
|
|t:|1664204785
|switch|p2a: Tangrowth|Tangrowth, M|100/100
|-status|p2a: Tangrowth|psn
|move|p1a: Azelf|Flamethrower|p2a: Tangrowth
|-supereffective|p2a: Tangrowth
|-damage|p2a: Tangrowth|54/100 psn
|
|-damage|p2a: Tangrowth|42/100 psn|[from] psn
|upkeep
|turn|25
|inactive|Andurrg has 90 seconds left.
|
|t:|1664204800
|switch|p2a: Salamence|Salamence, M|100/100
|-ability|p2a: Salamence|Intimidate|boost
|-unboost|p1a: Azelf|atk|1
|move|p1a: Azelf|Flamethrower|p2a: Salamence
|-resisted|p2a: Salamence
|-damage|p2a: Salamence|86/100
|
|upkeep
|turn|26
|inactive|Andurrg has 90 seconds left.
|
|t:|1664204812
|move|p1a: Azelf|Dazzling Gleam|p2a: Salamence
|-supereffective|p2a: Salamence
|-damage|p2a: Salamence|28/100
|move|p2a: Salamence|Defog|p1a: Azelf
|-unboost|p1a: Azelf|evasion|1
|-sideend|p2: ExiDudi|Toxic Spikes|[from] move: Defog|[of] p2a: Salamence
|
|upkeep
|turn|27
|j| 07l中国大妈
|inactive|Andurrg has 90 seconds left.
|l| 07l中国大妈
|
|t:|1664204828
|switch|p2a: Sigilyph|Sigilyph, M|100/100
|move|p1a: Azelf|Psyshock|p2a: Sigilyph
|-resisted|p2a: Sigilyph
|-damage|p2a: Sigilyph|74/100
|
|upkeep
|turn|28
|inactive|Andurrg has 60 seconds left.
|
|t:|1664204858
|move|p2a: Sigilyph|Heat Wave|p1a: Azelf
|-damage|p1a: Azelf|60/100
|move|p1a: Azelf|Dazzling Gleam|p2a: Sigilyph
|-damage|p2a: Sigilyph|36/100
|
|upkeep
|turn|29
|
|t:|1664204881
|switch|p2a: Tangrowth|Tangrowth, M|75/100 psn
|move|p1a: Azelf|Dazzling Gleam|p2a: Tangrowth
|-damage|p2a: Tangrowth|53/100 psn
|
|-damage|p2a: Tangrowth|41/100 psn|[from] psn
|upkeep
|turn|30
|
|t:|1664204892
|move|p1a: Azelf|Flamethrower|p2a: Tangrowth
|-supereffective|p2a: Tangrowth
|-damage|p2a: Tangrowth|0 fnt
|faint|p2a: Tangrowth
|
|upkeep
|
|t:|1664204896
|switch|p2a: Rhyperior|Rhyperior, M|49/100
|turn|31
|
|t:|1664204901
|switch|p1a: Mandibuzz|Mandibuzz, F|60/100 brn
|move|p2a: Rhyperior|Stone Edge|p1a: Mandibuzz
|-supereffective|p1a: Mandibuzz
|-damage|p1a: Mandibuzz|0 fnt
|faint|p1a: Mandibuzz
|
|-heal|p2a: Rhyperior|55/100|[from] item: Leftovers
|upkeep
|
|t:|1664204915
|switch|p1a: Tentacruel|Tentacruel, M|15/100
|turn|32
|
|t:|1664204927
|switch|p2a: Sigilyph|Sigilyph, M|36/100
|move|p1a: Tentacruel|Scald|p2a: Sigilyph
|-damage|p2a: Sigilyph|5/100
|
|-heal|p1a: Tentacruel|21/100|[from] item: Black Sludge
|upkeep
|turn|33
|
|t:|1664204946
|switch|p1a: Hippowdon|Hippowdon, F|27/100
|-weather|Sandstorm|[from] ability: Sand Stream|[of] p1a: Hippowdon
|move|p2a: Sigilyph|Heat Wave|p1a: Hippowdon
|-damage|p1a: Hippowdon|2/100
|
|-weather|Sandstorm|[upkeep]
|upkeep
|turn|34
|inactive|Andurrg has 60 seconds left.
|
|t:|1664204967
|move|p2a: Sigilyph|Heat Wave|p1a: Hippowdon
|-damage|p1a: Hippowdon|0 fnt
|faint|p1a: Hippowdon
|
|-weather|Sandstorm|[upkeep]
|upkeep
|inactive|Andurrg has 60 seconds left.
|
|t:|1664204983
|switch|p1a: Tentacruel|Tentacruel, M|21/100
|turn|35
|
|t:|1664204988
|switch|p2a: Salamence|Salamence, M|28/100
|-ability|p2a: Salamence|Intimidate|boost
|-unboost|p1a: Tentacruel|atk|1
|move|p1a: Tentacruel|Rapid Spin|p2a: Salamence
|-damage|p2a: Salamence|24/100
|-boost|p1a: Tentacruel|spe|1
|
|-weather|Sandstorm|[upkeep]
|-damage|p1a: Tentacruel|15/100|[from] Sandstorm
|-damage|p2a: Salamence|18/100|[from] Sandstorm
|-heal|p1a: Tentacruel|21/100|[from] item: Black Sludge
|upkeep
|turn|36
|inactive|Andurrg has 60 seconds left.
|
|t:|1664205000
|move|p1a: Tentacruel|Sludge Bomb|p2a: Salamence
|-damage|p2a: Salamence|0 fnt
|faint|p2a: Salamence
|
|-weather|Sandstorm|[upkeep]
|-damage|p1a: Tentacruel|15/100|[from] Sandstorm
|-heal|p1a: Tentacruel|21/100|[from] item: Black Sludge
|upkeep
|
|t:|1664205008
|switch|p2a: Rhyperior|Rhyperior, M|55/100
|turn|37
|
|t:|1664205012
|move|p1a: Tentacruel|Scald|p2a: Rhyperior
|-supereffective|p2a: Rhyperior
|-damage|p2a: Rhyperior|18/100
|move|p2a: Rhyperior|Earthquake|p1a: Tentacruel
|-supereffective|p1a: Tentacruel
|-damage|p1a: Tentacruel|0 fnt
|faint|p1a: Tentacruel
|
|-weather|none
|-heal|p2a: Rhyperior|24/100|[from] item: Leftovers
|upkeep
|
|t:|1664205025
|switch|p1a: Azelf|Azelf|60/100
|turn|38
|
|t:|1664205030
|move|p1a: Azelf|Dazzling Gleam|p2a: Rhyperior
|-damage|p2a: Rhyperior|2/100
|move|p2a: Rhyperior|Stone Edge|p1a: Azelf
|-damage|p1a: Azelf|0 fnt
|faint|p1a: Azelf
|
|-heal|p2a: Rhyperior|8/100|[from] item: Leftovers
|upkeep
|
|t:|1664205038
|switch|p1a: Cobalion|Cobalion|100/100
|turn|39
|
|t:|1664205052
|move|p1a: Cobalion|Close Combat|p2a: Rhyperior
|-supereffective|p2a: Rhyperior
|-damage|p2a: Rhyperior|0 fnt
|-unboost|p1a: Cobalion|def|1
|-unboost|p1a: Cobalion|spd|1
|faint|p2a: Rhyperior
|
|upkeep
|
|t:|1664205054
|switch|p2a: Sigilyph|Sigilyph, M|5/100
|turn|40
|inactive|Andurrg has 90 seconds left.
|
|t:|1664205062
|move|p2a: Sigilyph|Heat Wave|p1a: Cobalion
|-supereffective|p1a: Cobalion
|-damage|p1a: Cobalion|0 fnt
|faint|p1a: Cobalion
|
|win|ExiDudi
|raw|Andurrg's rating: 1309 &rarr; <strong>1294</strong><br />(-15 for losing)
|raw|ExiDudi's rating: 1403 &rarr; <strong>1418</strong><br />(+15 for winning)
|l|☆Andurrg
|c|☆ExiDudi|GG
||Ladder isn't responding, score probably updated but might not have (Request timeout).
