|j|☆Amane Misa
|j|☆Solobigbagalert
|t:|1613574511
|player|p1|Amane Misa|#amanemisa|
|player|p2|Solobigbagalert|ninjaboy|
|teamsize|p1|6
|teamsize|p2|6
|gametype|singles
|gen|8
|tier|[Gen 8] UU
|rated|Tournament battle
|clearpoke
|poke|p1|Shuckle, M|
|poke|p1|Diggersby, F|
|poke|p1|Mimikyu, F|
|poke|p1|Celesteela|
|poke|p1|Scizor, M|
|poke|p1|Azumarill, F|
|poke|p2|Obstagoon, F|
|poke|p2|Zeraora|
|poke|p2|Salamence, M|
|poke|p2|Jirachi|
|poke|p2|Keldeo-Resolute|
|poke|p2|Nidoqueen, F|
|rule|Sleep Clause Mod: Limit one foe put to sleep
|rule|Species Clause: Limit one of each Pokémon
|rule|OHKO Clause: OHKO moves are banned
|rule|Evasion Moves Clause: Evasion moves are banned
|rule|Endless Battle Clause: Forcing endless battles is banned
|rule|HP Percentage Mod: HP is shown in percentages
|rule|Dynamax Clause: You cannot dynamax
|teampreview
|j| mons in 2020
|
|t:|1613574526
|start
|switch|p1a: Scizor|Scizor, M|100/100
|switch|p2a: Nidoqueen|Nidoqueen, F|100/100
|turn|1
|
|t:|1613574531
|switch|p1a: Shuckle|Shuckle, M|100/100
|move|p2a: Nidoqueen|Fire Blast|p1a: Shuckle
|-crit|p1a: Shuckle
|-damage|p1a: Shuckle|48/100
|
|upkeep
|turn|2
|
|t:|1613574536
|move|p2a: Nidoqueen|Toxic Spikes|p1a: Shuckle
|-sidestart|p1: Amane Misa|move: Toxic Spikes
|move|p1a: Shuckle|Sticky Web|p2a: Nidoqueen
|-sidestart|p2: Solobigbagalert|move: Sticky Web
|
|upkeep
|turn|3
|
|t:|1613574540
|move|p2a: Nidoqueen|Toxic Spikes|p1a: Shuckle
|-sidestart|p1: Amane Misa|move: Toxic Spikes
|move|p1a: Shuckle|Stealth Rock|p2a: Nidoqueen
|-sidestart|p2: Solobigbagalert|move: Stealth Rock
|
|upkeep
|turn|4
|
|t:|1613574543
|move|p2a: Nidoqueen|Earth Power|p1a: Shuckle
|-damage|p1a: Shuckle|10/100
|move|p1a: Shuckle|Encore|p2a: Nidoqueen
|-start|p2a: Nidoqueen|Encore
|
|upkeep
|turn|5
|
|t:|1613574547
|switch|p2a: elon musk|Jirachi|100/100
|-activate|p2a: elon musk|move: Sticky Web
|-unboost|p2a: elon musk|spe|1
|-damage|p2a: elon musk|94/100|[from] Stealth Rock
|move|p1a: Shuckle|Infestation|p2a: elon musk
|-damage|p2a: elon musk|93/100
|-activate|p2a: elon musk|move: Infestation|[of] p1a: Shuckle
|
|-heal|p2a: elon musk|99/100|[from] item: Leftovers
|-damage|p2a: elon musk|87/100|[from] move: Infestation|[partiallytrapped]
|upkeep
|turn|6
|j| Rinnegan frs
|j| ojr
|
|t:|1613574554
|move|p2a: elon musk|U-turn|p1a: Shuckle
|-damage|p1a: Shuckle|1/100
|-enditem|p1a: Shuckle|Red Card|[of] p2a: elon musk
|drag|p2a: saucy like santa|Keldeo-Resolute|100/100
|move|p1a: Shuckle|Encore||[still]
|-fail|p1a: Shuckle
|
|upkeep
|turn|7
|
|t:|1613574564
|move|p2a: saucy like santa|Flip Turn|p1a: Shuckle
|-supereffective|p1a: Shuckle
|-damage|p1a: Shuckle|0 fnt
|faint|p1a: Shuckle
|
|t:|1613574569
|switch|p2a: jeff bezos|Zeraora|100/100|[from]move: Flip Turn
|
|upkeep
|
|t:|1613574585
|switch|p1a: Diggersby|Diggersby, F|100/100
|-status|p1a: Diggersby|tox
|turn|8
|
|t:|1613574590
|switch|p2a: Salamence|Salamence, M|100/100
|-ability|p2a: Salamence|Intimidate|boost
|-unboost|p1a: Diggersby|atk|1
|move|p1a: Diggersby|Earthquake|p2a: Salamence
|-immune|p2a: Salamence
|
|-damage|p1a: Diggersby|94/100 tox|[from] psn
|upkeep
|turn|9
|
|t:|1613574601
|switch|p1a: Celesteela|Celesteela|100/100
|move|p2a: Salamence|Flamethrower|p1a: Celesteela
|-supereffective|p1a: Celesteela
|-damage|p1a: Celesteela|47/100
|-status|p1a: Celesteela|brn
|
|-damage|p1a: Celesteela|41/100 brn|[from] brn
|upkeep
|turn|10
|
|t:|1613574610
|move|p2a: Salamence|Flamethrower|p1a: Celesteela
|-supereffective|p1a: Celesteela
|-damage|p1a: Celesteela|0 fnt
|faint|p1a: Celesteela
|
|upkeep
|
|t:|1613574615
|switch|p1a: Azumarill|Azumarill, F|100/100
|-status|p1a: Azumarill|tox
|turn|11
|
|t:|1613574644
|switch|p2a: saucy like santa|Keldeo-Resolute|100/100
|move|p1a: Azumarill|Play Rough|p2a: saucy like santa
|-supereffective|p2a: saucy like santa
|-damage|p2a: saucy like santa|0 fnt
|faint|p2a: saucy like santa
|
|-damage|p1a: Azumarill|94/100 tox|[from] psn
|upkeep
|
|t:|1613574647
|switch|p2a: jeff bezos|Zeraora|100/100
|turn|12
|
|t:|1613574651
|switch|p1a: Diggersby|Diggersby, F|94/100 tox
|move|p2a: jeff bezos|Plasma Fists|p1a: Diggersby
|-immune|p1a: Diggersby
|
|-damage|p1a: Diggersby|88/100 tox|[from] psn
|upkeep
|turn|13
|
|t:|1613574674
|move|p2a: jeff bezos|Close Combat|p1a: Diggersby
|-supereffective|p1a: Diggersby
|-damage|p1a: Diggersby|0 fnt
|-unboost|p2a: jeff bezos|def|1
|-unboost|p2a: jeff bezos|spd|1
|faint|p1a: Diggersby
|
|upkeep
|
|t:|1613574683
|switch|p1a: Scizor|Scizor, M|100/100
|turn|14
|
|t:|1613574686
|move|p2a: jeff bezos|Volt Switch|p1a: Scizor
|-damage|p1a: Scizor|74/100
|
|t:|1613574688
|switch|p2a: Salamence|Salamence, M|100/100|[from]move: Volt Switch
|-ability|p2a: Salamence|Intimidate|boost
|-unboost|p1a: Scizor|atk|1
|move|p1a: Scizor|Swords Dance|p1a: Scizor
|-boost|p1a: Scizor|atk|2
|
|upkeep
|turn|15
|
|t:|1613574692
|move|p1a: Scizor|Bullet Punch|p2a: Salamence
|-damage|p2a: Salamence|22/100
|-damage|p1a: Scizor|64/100|[from] item: Life Orb
|move|p2a: Salamence|Flamethrower|p1a: Scizor
|-supereffective|p1a: Scizor
|-damage|p1a: Scizor|0 fnt
|faint|p1a: Scizor
|
|upkeep
|
|t:|1613574695
|switch|p1a: Mimikyu|Mimikyu, F|100/100
|-status|p1a: Mimikyu|tox
|turn|16
|
|t:|1613574701
|move|p1a: Mimikyu|Shadow Sneak|p2a: Salamence
|-damage|p2a: Salamence|0 fnt
|-damage|p1a: Mimikyu|91/100 tox|[from] item: Life Orb
|faint|p2a: Salamence
|
|-damage|p1a: Mimikyu|85/100 tox|[from] psn
|upkeep
|
|t:|1613574706
|switch|p2a: elon musk|Jirachi|87/100
|-damage|p2a: elon musk|80/100|[from] Stealth Rock
|-activate|p2a: elon musk|move: Sticky Web
|-unboost|p2a: elon musk|spe|1
|turn|17
|
|t:|1613574709
|move|p1a: Mimikyu|Swords Dance|p1a: Mimikyu
|-boost|p1a: Mimikyu|atk|2
|move|p2a: elon musk|U-turn|p1a: Mimikyu
|-activate|p1a: Mimikyu|ability: Disguise
|-damage|p1a: Mimikyu|85/100 tox
|detailschange|p1a: Mimikyu|Mimikyu-Busted, F
|-damage|p1a: Mimikyu|72/100 tox|[from] pokemon: Mimikyu-Busted
|
|t:|1613574717
|switch|p2a: jeff bezos|Zeraora|100/100|[from]move: U-turn
|
|-damage|p1a: Mimikyu|60/100 tox|[from] psn
|upkeep
|turn|18
|
|t:|1613574724
|switch|p2a: furrygoon|Obstagoon, F|100/100
|-activate|p2a: furrygoon|move: Sticky Web
|-unboost|p2a: furrygoon|spe|1
|-damage|p2a: furrygoon|88/100|[from] Stealth Rock
|move|p1a: Mimikyu|Play Rough|p2a: furrygoon
|-supereffective|p2a: furrygoon
|-damage|p2a: furrygoon|0 fnt
|-damage|p1a: Mimikyu|50/100 tox|[from] item: Life Orb
|faint|p2a: furrygoon
|
|-damage|p1a: Mimikyu|32/100 tox|[from] psn
|upkeep
|
|t:|1613574728
|switch|p2a: elon musk|Jirachi|80/100
|-damage|p2a: elon musk|74/100|[from] Stealth Rock
|-activate|p2a: elon musk|move: Sticky Web
|-unboost|p2a: elon musk|spe|1
|turn|19
|
|t:|1613574730
|move|p1a: Mimikyu|Shadow Sneak|p2a: elon musk
|-supereffective|p2a: elon musk
|-damage|p2a: elon musk|0 fnt
|-damage|p1a: Mimikyu|22/100 tox|[from] item: Life Orb
|faint|p2a: elon musk
|
|-damage|p1a: Mimikyu|0 fnt|[from] psn
|faint|p1a: Mimikyu
|upkeep
|
|t:|1613574733
|switch|p1a: Azumarill|Azumarill, F|94/100 tox
|switch|p2a: jeff bezos|Zeraora|100/100
|turn|20
|
|t:|1613574747
|move|p1a: Azumarill|Aqua Jet|p2a: jeff bezos
|-damage|p2a: jeff bezos|66/100
|move|p2a: jeff bezos|Plasma Fists|p1a: Azumarill
|-supereffective|p1a: Azumarill
|-damage|p1a: Azumarill|0 fnt
|-fieldactivate|move: Ion Deluge
|faint|p1a: Azumarill
|
|win|Solobigbagalert
|n|☆Amane Misa|amanemisa
|n|☆Solobigbagalert|solobigbagalert
|n| mons in 2020|monsin2020
|n| Rinnegan frs|rinneganfrs
|n| ojr|ojr
|l|☆Amane Misa
|j| Moltracer
|l| Rinnegan frs
|l| Moltracer
|l| ojr
|l|☆Solobigbagalert
|j| gglrg
|l| gglrg
|j| shine upon us
|l| shine upon us
|j| 7MM
|l| mons in 2020
