|html|<div class="broadcast-blue"><strong>[Gen 8] UU is currently suspecting Scizor! For information on how to participate check out the <a href="https://www.smogon.com/forums/threads/ss-uu-stage-12-2-spider-dance.3704866/">suspect thread</a>.</strong></div>
|j|☆promawer
|j|☆Eazigzagoon
|t:|1658937896
|gametype|singles
|player|p1|promawer|266|1337
|player|p2|Eazigzagoon|tuberf|1528
|teamsize|p1|6
|teamsize|p2|6
|gen|8
|tier|[Gen 8] UU
|rated|
|rule|Sleep Clause Mod: Limit one foe put to sleep
|rule|Species Clause: Limit one of each Pokémon
|rule|OHKO Clause: OHKO moves are banned
|rule|Evasion Moves Clause: Evasion moves are banned
|rule|Endless Battle Clause: Forcing endless battles is banned
|rule|HP Percentage Mod: HP is shown in percentages
|rule|Dynamax Clause: You cannot dynamax
|clearpoke
|poke|p1|Celesteela|
|poke|p1|Darmanitan, M|
|poke|p1|Mandibuzz, F|
|poke|p1|Rotom-Wash|
|poke|p1|Scizor, M|
|poke|p1|Nidoking, M|
|poke|p2|Chansey, F|
|poke|p2|Hatterene, F|
|poke|p2|Cobalion|
|poke|p2|Swampert, F|
|poke|p2|Crobat, F|
|poke|p2|Crawdaunt, M|
|teampreview
|inactive|Battle timer is ON: inactive players will automatically lose when time's up. (requested by promawer)
|
|t:|1658937916
|start
|switch|p1a: Darmanitan|Darmanitan, M|100/100
|switch|p2a: Crawdaunt|Crawdaunt, M|100/100
|turn|1
|
|t:|1658937926
|switch|p1a: Rotom|Rotom-Wash|100/100
|move|p2a: Crawdaunt|Aqua Jet|p1a: Rotom
|-resisted|p1a: Rotom
|-damage|p1a: Rotom|79/100
|
|-heal|p1a: Rotom|85/100|[from] item: Leftovers
|upkeep
|turn|2
|
|t:|1658937937
|switch|p2a: Swampert|Swampert, F|100/100
|move|p1a: Rotom|Will-O-Wisp|p2a: Swampert
|-status|p2a: Swampert|brn
|
|-heal|p1a: Rotom|91/100|[from] item: Leftovers
|-damage|p2a: Swampert|94/100 brn|[from] brn
|upkeep
|turn|3
|
|t:|1658937956
|move|p1a: Rotom|Hydro Pump|p2a: Swampert
|-damage|p2a: Swampert|63/100 brn
|move|p2a: Swampert|Stealth Rock|p1a: Rotom
|-sidestart|p1: promawer|move: Stealth Rock
|
|-heal|p1a: Rotom|98/100|[from] item: Leftovers
|-heal|p2a: Swampert|69/100 brn|[from] item: Leftovers
|-damage|p2a: Swampert|63/100 brn|[from] brn
|upkeep
|turn|4
|
|t:|1658937970
|move|p1a: Rotom|Defog|p2a: Swampert
|-unboost|p2a: Swampert|evasion|1
|-sideend|p1: promawer|Stealth Rock|[from] move: Defog|[of] p1a: Rotom
|move|p2a: Swampert|Flip Turn|p1a: Rotom
|-resisted|p1a: Rotom
|-damage|p1a: Rotom|92/100
|
|t:|1658937978
|switch|p2a: Chansey|Chansey, F|100/100|[from]move: Flip Turn
|
|-heal|p1a: Rotom|98/100|[from] item: Leftovers
|upkeep
|turn|5
|l|☆promawer
|inactive|promawer disconnected and has a minute to reconnect!
|player|p1|
|j|☆promawer
|inactive|promawer reconnected and has 120 seconds left.
|player|p1|promawer|266
|
|t:|1658938014
|move|p1a: Rotom|Volt Switch|p2a: Chansey
|-damage|p2a: Chansey|93/100
|
|t:|1658938023
|switch|p1a: Scizor|Scizor, M|100/100|[from]move: Volt Switch
|move|p2a: Chansey|Thunder Wave|p1a: Scizor
|-status|p1a: Scizor|par
|
|upkeep
|turn|6
|inactive|promawer has 120 seconds left.
|
|t:|1658938031
|switch|p2a: Cobalion|Cobalion|100/100
|move|p1a: Scizor|U-turn|p2a: Cobalion
|-resisted|p2a: Cobalion
|-damage|p2a: Cobalion|88/100
|inactive|promawer has 120 seconds left.
|
|t:|1658938045
|switch|p1a: Rotom|Rotom-Wash|98/100|[from]move: U-turn
|
|-heal|p1a: Rotom|100/100|[from] item: Leftovers
|upkeep
|turn|7
|inactive|promawer has 120 seconds left.
|
|t:|1658938053
|move|p2a: Cobalion|Volt Switch|p1a: Rotom
|-damage|p1a: Rotom|89/100
|
|t:|1658938056
|switch|p2a: Chansey|Chansey, F|93/100|[from]move: Volt Switch
|move|p1a: Rotom|Will-O-Wisp|p2a: Chansey
|-status|p2a: Chansey|brn
|
|-heal|p1a: Rotom|96/100|[from] item: Leftovers
|-damage|p2a: Chansey|87/100 brn|[from] brn
|upkeep
|turn|8
|
|t:|1658938070
|move|p1a: Rotom|Volt Switch|p2a: Chansey
|-damage|p2a: Chansey|79/100 brn
|
|t:|1658938074
|switch|p1a: Scizor|Scizor, M|100/100 par|[from]move: Volt Switch
|move|p2a: Chansey|Teleport|p2a: Chansey
|
|t:|1658938079
|-curestatus|p2a: Chansey|brn|[from] ability: Natural Cure
|switch|p2a: Cobalion|Cobalion|88/100|[from]move: Teleport
|
|upkeep
|turn|9
|
|t:|1658938089
|switch|p1a: Rotom|Rotom-Wash|96/100
|move|p2a: Cobalion|Swords Dance|p2a: Cobalion
|-boost|p2a: Cobalion|atk|2
|
|-heal|p1a: Rotom|100/100|[from] item: Leftovers
|upkeep
|turn|10
|inactive|Eazigzagoon has 120 seconds left.
|
|t:|1658938119
|move|p2a: Cobalion|Close Combat|p1a: Rotom
|-damage|p1a: Rotom|0 fnt
|-unboost|p2a: Cobalion|def|1
|-unboost|p2a: Cobalion|spd|1
|faint|p1a: Rotom
|
|upkeep
|
|t:|1658938128
|switch|p1a: Darmanitan|Darmanitan, M|100/100
|turn|11
|inactive|Eazigzagoon has 120 seconds left.
|
|t:|1658938149
|switch|p2a: Crawdaunt|Crawdaunt, M|100/100
|move|p1a: Darmanitan|Flare Blitz|p2a: Crawdaunt
|-resisted|p2a: Crawdaunt
|-damage|p2a: Crawdaunt|39/100
|-damage|p1a: Darmanitan|85/100|[from] Recoil
|
|upkeep
|turn|12
|inactive|Eazigzagoon has 120 seconds left.
|
|t:|1658938163
|switch|p1a: Mandibuzz|Mandibuzz, F|100/100
|move|p2a: Crawdaunt|Liquidation|p1a: Mandibuzz
|-damage|p1a: Mandibuzz|48/100
|
|-heal|p1a: Mandibuzz|54/100|[from] item: Leftovers
|upkeep
|turn|13
|inactive|Eazigzagoon has 120 seconds left.
|inactive|Eazigzagoon has 90 seconds left.
|
|t:|1658938228
|switch|p2a: Cobalion|Cobalion|88/100
|move|p1a: Mandibuzz|Brave Bird|p2a: Cobalion
|-damage|p2a: Cobalion|65/100
|-damage|p1a: Mandibuzz|48/100|[from] Recoil
|
|-heal|p1a: Mandibuzz|55/100|[from] item: Leftovers
|upkeep
|turn|14
|
|t:|1658938239
|move|p2a: Cobalion|Swords Dance|p2a: Cobalion
|-boost|p2a: Cobalion|atk|2
|move|p1a: Mandibuzz|U-turn|p2a: Cobalion
|-resisted|p2a: Cobalion
|-damage|p2a: Cobalion|63/100
|
|t:|1658938246
|switch|p1a: Darmanitan|Darmanitan, M|85/100|[from]move: U-turn
|
|upkeep
|turn|15
|
|t:|1658938257
|switch|p2a: Crobat|Crobat, F|100/100
|move|p1a: Darmanitan|Flare Blitz|p2a: Crobat
|-damage|p2a: Crobat|0 fnt
|faint|p2a: Crobat
|-damage|p1a: Darmanitan|55/100|[from] Recoil
|
|upkeep
|
|t:|1658938259
|switch|p2a: Swampert|Swampert, F|63/100 brn
|turn|16
|
|t:|1658938269
|switch|p1a: Mandibuzz|Mandibuzz, F|55/100
|move|p2a: Swampert|Stealth Rock|p1a: Mandibuzz
|-sidestart|p1: promawer|move: Stealth Rock
|
|-heal|p1a: Mandibuzz|61/100|[from] item: Leftovers
|-heal|p2a: Swampert|69/100 brn|[from] item: Leftovers
|-damage|p2a: Swampert|63/100 brn|[from] brn
|upkeep
|turn|17
|
|t:|1658938280
|move|p1a: Mandibuzz|U-turn|p2a: Swampert
|-damage|p2a: Swampert|54/100 brn
|
|t:|1658938286
|switch|p1a: Celesteela|Celesteela|100/100|[from]move: U-turn
|-damage|p1a: Celesteela|88/100|[from] Stealth Rock
|move|p2a: Swampert|Toxic|p1a: Celesteela
|-immune|p1a: Celesteela
|
|-heal|p2a: Swampert|60/100 brn|[from] item: Leftovers
|-damage|p2a: Swampert|54/100 brn|[from] brn
|upkeep
|turn|18
|
|t:|1658938291
|switch|p2a: Chansey|Chansey, F|79/100
|move|p1a: Celesteela|Autotomize|p1a: Celesteela
|-boost|p1a: Celesteela|spe|2
|-start|p1a: Celesteela|Autotomize
|
|upkeep
|turn|19
|inactive|Eazigzagoon has 120 seconds left.
|
|t:|1658938304
|switch|p1a: Scizor|Scizor, M|100/100 par
|-damage|p1a: Scizor|88/100 par|[from] Stealth Rock
|move|p2a: Chansey|Thunder Wave|p1a: Scizor
|-fail|p1a: Scizor|par
|
|upkeep
|turn|20
|
|t:|1658938315
|move|p1a: Scizor|Superpower|p2a: Chansey
|-supereffective|p2a: Chansey
|-crit|p2a: Chansey
|-damage|p2a: Chansey|0 fnt
|-unboost|p1a: Scizor|atk|1
|-unboost|p1a: Scizor|def|1
|faint|p2a: Chansey
|
|upkeep
|inactive|Eazigzagoon has 120 seconds left.
|
|t:|1658938326
|switch|p2a: Crawdaunt|Crawdaunt, M|39/100
|turn|21
|
|t:|1658938346
|move|p2a: Crawdaunt|Aqua Jet|p1a: Scizor
|-damage|p1a: Scizor|24/100 par
|move|p1a: Scizor|Superpower|p2a: Crawdaunt
|-supereffective|p2a: Crawdaunt
|-damage|p2a: Crawdaunt|0 fnt
|-unboost|p1a: Scizor|atk|1
|-unboost|p1a: Scizor|def|1
|faint|p2a: Crawdaunt
|
|upkeep
|
|t:|1658938356
|switch|p2a: Cobalion|Cobalion|63/100
|turn|22
|
|t:|1658938360
|move|p2a: Cobalion|Close Combat|p1a: Scizor
|-damage|p1a: Scizor|0 fnt
|-unboost|p2a: Cobalion|def|1
|-unboost|p2a: Cobalion|spd|1
|faint|p1a: Scizor
|
|upkeep
|
|t:|1658938368
|switch|p1a: Darmanitan|Darmanitan, M|55/100
|-damage|p1a: Darmanitan|30/100|[from] Stealth Rock
|turn|23
|
|t:|1658938380
|switch|p2a: Swampert|Swampert, F|54/100 brn
|move|p1a: Darmanitan|Earthquake|p2a: Swampert
|-damage|p2a: Swampert|24/100 brn
|
|-heal|p2a: Swampert|30/100 brn|[from] item: Leftovers
|-damage|p2a: Swampert|24/100 brn|[from] brn
|upkeep
|turn|24
|
|t:|1658938397
|move|p1a: Darmanitan|Earthquake|p2a: Swampert
|-damage|p2a: Swampert|0 fnt
|faint|p2a: Swampert
|
|upkeep
|
|t:|1658938399
|switch|p2a: Hatterene|Hatterene, F|100/100
|turn|25
|
|t:|1658938409
|switch|p1a: Mandibuzz|Mandibuzz, F|61/100
|-damage|p1a: Mandibuzz|36/100|[from] Stealth Rock
|move|p2a: Hatterene|Calm Mind|p2a: Hatterene
|-boost|p2a: Hatterene|spa|1
|-boost|p2a: Hatterene|spd|1
|
|-heal|p1a: Mandibuzz|42/100|[from] item: Leftovers
|upkeep
|turn|26
|
|t:|1658938425
|move|p1a: Mandibuzz|Knock Off|p2a: Hatterene
|-damage|p2a: Hatterene|82/100
|-enditem|p2a: Hatterene|Leftovers|[from] move: Knock Off|[of] p1a: Mandibuzz
|move|p2a: Hatterene|Calm Mind|p2a: Hatterene
|-boost|p2a: Hatterene|spa|1
|-boost|p2a: Hatterene|spd|1
|
|-heal|p1a: Mandibuzz|48/100|[from] item: Leftovers
|upkeep
|turn|27
|
|t:|1658938438
|move|p1a: Mandibuzz|Brave Bird|p2a: Hatterene
|-damage|p2a: Hatterene|58/100
|-damage|p1a: Mandibuzz|42/100|[from] Recoil
|move|p2a: Hatterene|Draining Kiss|p1a: Mandibuzz
|-supereffective|p1a: Mandibuzz
|-damage|p1a: Mandibuzz|0 fnt
|-heal|p2a: Hatterene|99/100|[from] drain|[of] p1a: Mandibuzz
|faint|p1a: Mandibuzz
|
|upkeep
|
|t:|1658938449
|switch|p1a: Darmanitan|Darmanitan, M|30/100
|-damage|p1a: Darmanitan|5/100|[from] Stealth Rock
|turn|28
|inactive|Eazigzagoon has 120 seconds left.
|
|t:|1658938488
|move|p1a: Darmanitan|Flare Blitz|p2a: Hatterene
|-damage|p2a: Hatterene|30/100
|-damage|p1a: Darmanitan|0 fnt|[from] Recoil
|faint|p1a: Darmanitan
|move|p2a: Hatterene|Calm Mind|p2a: Hatterene
|-boost|p2a: Hatterene|spa|1
|-boost|p2a: Hatterene|spd|1
|
|upkeep
|
|t:|1658938496
|switch|p1a: Nidoking|Nidoking, M|100/100
|-damage|p1a: Nidoking|95/100|[from] Stealth Rock
|turn|29
|inactive|Eazigzagoon has 120 seconds left.
|
|t:|1658938522
|move|p1a: Nidoking|Sludge Wave|p2a: Hatterene
|-supereffective|p2a: Hatterene
|-damage|p2a: Hatterene|0 fnt
|faint|p2a: Hatterene
|
|upkeep
|
|t:|1658938524
|switch|p2a: Cobalion|Cobalion|63/100
|turn|30
|
|t:|1658938530
|move|p2a: Cobalion|Swords Dance|p2a: Cobalion
|-boost|p2a: Cobalion|atk|2
|move|p1a: Nidoking|Earth Power|p2a: Cobalion
|-supereffective|p2a: Cobalion
|-damage|p2a: Cobalion|0 fnt
|faint|p2a: Cobalion
|
|win|promawer
|raw|promawer's rating: 1337 &rarr; <strong>1367</strong><br />(+30 for winning)
|raw|Eazigzagoon's rating: 1528 &rarr; <strong>1498</strong><br />(-30 for losing)
|l|☆Eazigzagoon
||Ladder isn't responding, score probably updated but might not have (Request timeout).
