|j|☆Silas AR
|j|☆Moontalks
|inactive|Battle timer is ON: inactive players will automatically lose when time's up.
|t:|1662053233
|gametype|singles
|player|p1|Silas AR|richboy-gen4|
|player|p2|Moontalks|ethan-masters|
|teamsize|p1|6
|teamsize|p2|6
|gen|8
|tier|[Gen 8] UU
|rated|Tournament battle
|rule|Sleep Clause Mod: Limit one foe put to sleep
|rule|Species Clause: Limit one of each Pokémon
|rule|OHKO Clause: OHKO moves are banned
|rule|Evasion Items Clause: Evasion items are banned
|rule|Evasion Moves Clause: Evasion moves are banned
|rule|Endless Battle Clause: Forcing endless battles is banned
|rule|HP Percentage Mod: HP is shown in percentages
|rule|Dynamax Clause: You cannot dynamax
|clearpoke
|poke|p1|Salamence, F|
|poke|p1|Lycanroc-Dusk, F|
|poke|p1|Darmanitan, M|
|poke|p1|Krookodile, F|
|poke|p1|Thundurus-Therian, M|
|poke|p1|Keldeo-Resolute|
|poke|p2|Zygarde-10%|
|poke|p2|Skarmory, F|
|poke|p2|Nihilego|
|poke|p2|Slowking, M|
|poke|p2|Zarude|
|poke|p2|Thundurus-Therian, M|
|teampreview
|inactive|Moontalks also wants the timer to be on.
|j| Beerus_fan
|j| illul26
|c|☆Moontalks|hf
|l| illul26
|c|☆Silas AR|Hf
|j|%iKiQ
|
|t:|1662053260
|start
|switch|p1a: Darumacho|Darmanitan, M|100/100
|switch|p2a: Slowking|Slowking, M|100/100
|turn|1
|l| Beerus_fan
|
|t:|1662053267
|move|p1a: Darumacho|U-turn|p2a: Slowking
|-supereffective|p2a: Slowking
|-damage|p2a: Slowking|47/100
|-damage|p1a: Darumacho|91/100|[from] item: Life Orb
|
|t:|1662053279
|switch|p1a: Fulguris|Thundurus-Therian, M|100/100|[from]move: U-turn
|move|p2a: Slowking|Scald|p1a: Fulguris
|-damage|p1a: Fulguris|62/100
|
|upkeep
|turn|2
|
|t:|1662053290
|switch|p2a: Zarude|Zarude|100/100
|move|p1a: Fulguris|Nasty Plot|p1a: Fulguris
|-boost|p1a: Fulguris|spa|2
|
|upkeep
|turn|3
|
|t:|1662053314
|switch|p1a: Darumacho|Darmanitan, M|91/100
|move|p2a: Zarude|U-turn|p1a: Darumacho
|-resisted|p1a: Darumacho
|-damage|p1a: Darumacho|73/100
|
|t:|1662053318
|switch|p2a: Nihilego|Nihilego|100/100|[from]move: U-turn
|
|upkeep
|turn|4
|
|t:|1662053335
|move|p2a: Nihilego|Stealth Rock|p1a: Darumacho
|-sidestart|p1: Silas AR|move: Stealth Rock
|move|p1a: Darumacho|Rock Slide|p2a: Nihilego
|-damage|p2a: Nihilego|19/100
|
|-heal|p2a: Nihilego|26/100|[from] item: Black Sludge
|upkeep
|turn|5
|
|t:|1662053345
|move|p2a: Nihilego|Power Gem|p1a: Darumacho
|-supereffective|p1a: Darumacho
|-damage|p1a: Darumacho|0 fnt
|faint|p1a: Darumacho
|-ability|p2a: Nihilego|Beast Boost|boost
|-boost|p2a: Nihilego|spe|1
|
|-heal|p2a: Nihilego|32/100|[from] item: Black Sludge
|upkeep
|
|t:|1662053356
|switch|p1a: Crocorible|Krookodile, F|100/100
|-damage|p1a: Crocorible|94/100|[from] Stealth Rock
|turn|6
|
|t:|1662053369
|switch|p2a: Zarude|Zarude|100/100
|move|p1a: Crocorible|Close Combat|p2a: Zarude
|-supereffective|p2a: Zarude
|-crit|p2a: Zarude
|-damage|p2a: Zarude|0 fnt
|-unboost|p1a: Crocorible|def|1
|-unboost|p1a: Crocorible|spd|1
|faint|p2a: Zarude
|-ability|p1a: Crocorible|Moxie|boost
|-boost|p1a: Crocorible|atk|1
|
|upkeep
|
|t:|1662053376
|switch|p2a: Slowking|Slowking, M|80/100
|turn|7
|
|t:|1662053390
|switch|p1a: Keldeo|Keldeo-Resolute|100/100
|-damage|p1a: Keldeo|94/100|[from] Stealth Rock
|move|p2a: Slowking|Scald|p1a: Keldeo
|-resisted|p1a: Keldeo
|-damage|p1a: Keldeo|80/100
|-status|p1a: Keldeo|brn
|
|-damage|p1a: Keldeo|74/100 brn|[from] brn
|upkeep
|turn|8
|
|t:|1662053405
|move|p1a: Keldeo|Air Slash|p2a: Slowking
|-damage|p2a: Slowking|53/100
|move|p2a: Slowking|Psyshock|p1a: Keldeo
|-supereffective|p1a: Keldeo
|-damage|p1a: Keldeo|7/100 brn
|
|-damage|p1a: Keldeo|0 fnt|[from] brn
|faint|p1a: Keldeo
|upkeep
|
|t:|1662053416
|switch|p1a: Crocorible|Krookodile, F|94/100
|-damage|p1a: Crocorible|88/100|[from] Stealth Rock
|turn|9
|
|t:|1662053423
|switch|p2a: Skarmory|Skarmory, F|100/100
|move|p1a: Crocorible|Darkest Lariat|p2a: Skarmory
|-damage|p2a: Skarmory|74/100
|-damage|p1a: Crocorible|72/100|[from] item: Rocky Helmet|[of] p2a: Skarmory
|
|upkeep
|turn|10
|j| Beerus_fan
|l| Beerus_fan
|
|t:|1662053439
|switch|p1a: Fulguris|Thundurus-Therian, M|62/100
|move|p2a: Skarmory|Body Press|p1a: Fulguris
|-resisted|p1a: Fulguris
|-damage|p1a: Fulguris|38/100
|
|upkeep
|turn|11
|
|t:|1662053452
|switch|p2a: Zygarde|Zygarde-10%|100/100
|-ability|p2a: Zygarde|Aura Break
|move|p1a: Fulguris|Defog|p2a: Zygarde
|-unboost|p2a: Zygarde|evasion|1
|-sideend|p1: Silas AR|Stealth Rock|[from] move: Defog|[of] p1a: Fulguris
|
|upkeep
|turn|12
|
|t:|1662053467
|move|p2a: Zygarde|Thousand Arrows|p1a: Fulguris
|-damage|p1a: Fulguris|0 fnt
|faint|p1a: Fulguris
|
|upkeep
|
|t:|1662053474
|switch|p1a: Lougaroc|Lycanroc-Dusk, F|100/100
|turn|13
|
|t:|1662053481
|switch|p2a: Slowking|Slowking, M|86/100
|move|p1a: Lougaroc|Close Combat|p2a: Slowking
|-resisted|p2a: Slowking
|-damage|p2a: Slowking|65/100
|-unboost|p1a: Lougaroc|def|1
|-unboost|p1a: Lougaroc|spd|1
|
|upkeep
|turn|14
|
|t:|1662053492
|switch|p1a: Drattak|Salamence, F|100/100
|move|p2a: Slowking|Teleport|p2a: Slowking
|
|t:|1662053495
|switch|p2a: Nihilego|Nihilego|32/100|[from]move: Teleport
|
|-heal|p2a: Nihilego|38/100|[from] item: Black Sludge
|upkeep
|turn|15
|
|t:|1662053506
|move|p2a: Nihilego|Power Gem|p1a: Drattak
|-supereffective|p1a: Drattak
|-damage|p1a: Drattak|7/100
|move|p1a: Drattak|Dragon Dance|p1a: Drattak
|-boost|p1a: Drattak|atk|1
|-boost|p1a: Drattak|spe|1
|
|-heal|p2a: Nihilego|44/100|[from] item: Black Sludge
|upkeep
|turn|16
|
|t:|1662053517
|switch|p2a: Skarmory|Skarmory, F|74/100
|move|p1a: Drattak|Earthquake|p2a: Skarmory
|-immune|p2a: Skarmory
|
|upkeep
|turn|17
|
|t:|1662053530
|move|p1a: Drattak|Outrage|p2a: Skarmory
|-resisted|p2a: Skarmory
|-damage|p2a: Skarmory|40/100
|-damage|p1a: Drattak|0 fnt|[from] item: Rocky Helmet|[of] p2a: Skarmory
|faint|p1a: Drattak
|move|p2a: Skarmory|Roost|p2a: Skarmory
|-heal|p2a: Skarmory|90/100
|-singleturn|p2a: Skarmory|move: Roost
|
|upkeep
|
|t:|1662053543
|switch|p1a: Crocorible|Krookodile, F|72/100
|turn|18
|
|t:|1662053549
|move|p1a: Crocorible|Fire Fang|p2a: Skarmory
|-supereffective|p2a: Skarmory
|-damage|p2a: Skarmory|64/100
|-damage|p1a: Crocorible|55/100|[from] item: Rocky Helmet|[of] p2a: Skarmory
|move|p2a: Skarmory|Iron Defense|p2a: Skarmory
|-boost|p2a: Skarmory|def|2
|
|upkeep
|turn|19
|j|+Bhalal
|
|t:|1662053558
|move|p1a: Crocorible|Fire Fang|p2a: Skarmory
|-supereffective|p2a: Skarmory
|-damage|p2a: Skarmory|50/100
|-damage|p1a: Crocorible|39/100|[from] item: Rocky Helmet|[of] p2a: Skarmory
|move|p2a: Skarmory|Roost|p2a: Skarmory
|-heal|p2a: Skarmory|100/100
|-singleturn|p2a: Skarmory|move: Roost
|
|upkeep
|turn|20
|
|t:|1662053569
|move|p1a: Crocorible|Fire Fang|p2a: Skarmory
|-supereffective|p2a: Skarmory
|-damage|p2a: Skarmory|86/100
|-damage|p1a: Crocorible|22/100|[from] item: Rocky Helmet|[of] p2a: Skarmory
|move|p2a: Skarmory|Body Press|p1a: Crocorible
|-supereffective|p1a: Crocorible
|-damage|p1a: Crocorible|0 fnt
|faint|p1a: Crocorible
|
|upkeep
|
|t:|1662053580
|switch|p1a: Lougaroc|Lycanroc-Dusk, F|100/100
|turn|21
|
|t:|1662053585
|move|p1a: Lougaroc|Close Combat|p2a: Skarmory
|-damage|p2a: Skarmory|69/100
|-unboost|p1a: Lougaroc|def|1
|-unboost|p1a: Lougaroc|spd|1
|-damage|p1a: Lougaroc|84/100|[from] item: Rocky Helmet|[of] p2a: Skarmory
|move|p2a: Skarmory|Body Press|p1a: Lougaroc
|-supereffective|p1a: Lougaroc
|-crit|p1a: Lougaroc
|-damage|p1a: Lougaroc|0 fnt
|faint|p1a: Lougaroc
|
|win|Moontalks
|n|☆Silas AR|silasar
|n|☆Moontalks|moontalks
|n| iKiQ|ikiq
|n| Bhalal|bhalal
