|j|☆bioche80
|j|☆FrankDerulo
|t:|1640793581
|gametype|singles
|player|p1|bioche80|hugh|1440
|player|p2|FrankDerulo|265|1331
|teamsize|p1|6
|teamsize|p2|6
|gen|8
|tier|[Gen 8] UU
|rated|
|rule|Sleep Clause Mod: Limit one foe put to sleep
|rule|Species Clause: Limit one of each Pokémon
|rule|OHKO Clause: OHKO moves are banned
|rule|Evasion Moves Clause: Evasion moves are banned
|rule|Endless Battle Clause: Forcing endless battles is banned
|rule|HP Percentage Mod: HP is shown in percentages
|rule|Dynamax Clause: You cannot dynamax
|clearpoke
|poke|p1|Leafeon, F|
|poke|p1|Nihilego|
|poke|p1|Moltres-Galar|
|poke|p1|Salamence, M|
|poke|p1|Swampert, F|
|poke|p1|Darmanitan, M|
|poke|p2|Excadrill, M|
|poke|p2|Salamence, F|
|poke|p2|Roserade, F|
|poke|p2|Porygon-Z|
|poke|p2|Aegislash, F|
|poke|p2|Azumarill, F|
|teampreview
|
|t:|1640793604
|start
|switch|p1a: Darmanitan|Darmanitan, M|100/100
|switch|p2a: Porygon-Z|Porygon-Z|100/100
|turn|1
|
|t:|1640793620
|switch|p2a: Azumarill|Azumarill, F|100/100
|move|p1a: Darmanitan|Flare Blitz|p2a: Azumarill
|-resisted|p2a: Azumarill
|-damage|p2a: Azumarill|51/100
|-damage|p1a: Darmanitan|85/100|[from] Recoil
|
|upkeep
|turn|2
|
|t:|1640793642
|switch|p1a: Leafeon|Leafeon, F|100/100
|move|p2a: Azumarill|Belly Drum|p2a: Azumarill
|-damage|p2a: Azumarill|1/100
|-setboost|p2a: Azumarill|atk|6|[from] move: Belly Drum
|-enditem|p2a: Azumarill|Sitrus Berry|[eat]
|-heal|p2a: Azumarill|26/100|[from] item: Sitrus Berry
|
|upkeep
|turn|3
|
|t:|1640793652
|move|p2a: Azumarill|Aqua Jet|p1a: Leafeon
|-resisted|p1a: Leafeon
|-damage|p1a: Leafeon|62/100
|move|p1a: Leafeon|Leaf Blade|p2a: Azumarill
|-supereffective|p2a: Azumarill
|-damage|p2a: Azumarill|0 fnt
|faint|p2a: Azumarill
|
|upkeep
|
|t:|1640793668
|switch|p2a: Salamence|Salamence, F|100/100
|-ability|p2a: Salamence|Intimidate|boost
|-unboost|p1a: Leafeon|atk|1
|turn|4
|
|t:|1640793675
|switch|p1a: Swampert|Swampert, F|100/100
|move|p2a: Salamence|Dragon Dance|p2a: Salamence
|-boost|p2a: Salamence|atk|1
|-boost|p2a: Salamence|spe|1
|
|upkeep
|turn|5
|
|t:|1640793684
|move|p2a: Salamence|Dragon Dance|p2a: Salamence
|-boost|p2a: Salamence|atk|1
|-boost|p2a: Salamence|spe|1
|move|p1a: Swampert|Toxic|p2a: Salamence
|-status|p2a: Salamence|tox
|
|-damage|p2a: Salamence|94/100 tox|[from] psn
|upkeep
|turn|6
|
|t:|1640793696
|move|p2a: Salamence|Dual Wingbeat|p1a: Swampert
|-damage|p1a: Swampert|61/100
|-damage|p1a: Swampert|22/100
|-hitcount|p1a: Swampert|2
|move|p1a: Swampert|Flip Turn|p2a: Salamence
|-resisted|p2a: Salamence
|-damage|p2a: Salamence|82/100 tox
|
|t:|1640793710
|switch|p1a: Salamence|Salamence, M|100/100|[from]move: Flip Turn
|-ability|p1a: Salamence|Intimidate|boost
|-unboost|p2a: Salamence|atk|1
|
|-damage|p2a: Salamence|70/100 tox|[from] psn
|upkeep
|turn|7
|
|t:|1640793720
|switch|p2a: Excadrill|Excadrill, M|100/100
|-ability|p2a: Excadrill|Mold Breaker
|switch|p1a: Swampert|Swampert, F|22/100
|
|-heal|p1a: Swampert|28/100|[from] item: Leftovers
|upkeep
|turn|8
|
|t:|1640793729
|move|p2a: Excadrill|Earthquake|p1a: Swampert
|-damage|p1a: Swampert|0 fnt
|faint|p1a: Swampert
|
|upkeep
|
|t:|1640793734
|switch|p1a: Leafeon|Leafeon, F|62/100
|turn|9
|
|t:|1640793738
|switch|p2a: Salamence|Salamence, F|70/100 tox
|-ability|p2a: Salamence|Intimidate|boost
|-unboost|p1a: Leafeon|atk|1
|move|p1a: Leafeon|Knock Off|p2a: Salamence
|-damage|p2a: Salamence|29/100 tox
|-enditem|p2a: Salamence|Heavy-Duty Boots|[from] move: Knock Off|[of] p1a: Leafeon
|
|-damage|p2a: Salamence|23/100 tox|[from] psn
|upkeep
|turn|10
|
|t:|1640793751
|switch|p1a: Salamence|Salamence, M|100/100
|-ability|p1a: Salamence|Intimidate|boost
|-unboost|p2a: Salamence|atk|1
|move|p2a: Salamence|Roost|p2a: Salamence
|-heal|p2a: Salamence|73/100 tox
|-singleturn|p2a: Salamence|move: Roost
|
|-damage|p2a: Salamence|61/100 tox|[from] psn
|upkeep
|turn|11
|
|t:|1640793764
|switch|p2a: Excadrill|Excadrill, M|100/100
|-ability|p2a: Excadrill|Mold Breaker
|move|p1a: Salamence|Dual Wingbeat|p2a: Excadrill
|-resisted|p2a: Excadrill
|-damage|p2a: Excadrill|89/100
|-resisted|p2a: Excadrill
|-damage|p2a: Excadrill|79/100
|-hitcount|p2a: Excadrill|2
|
|-heal|p2a: Excadrill|85/100|[from] item: Leftovers
|upkeep
|turn|12
|
|t:|1640793777
|switch|p2a: Salamence|Salamence, F|61/100 tox
|-ability|p2a: Salamence|Intimidate|boost
|-unboost|p1a: Salamence|atk|1
|move|p1a: Salamence|Flamethrower|p2a: Salamence
|-resisted|p2a: Salamence
|-damage|p2a: Salamence|46/100 tox
|
|-damage|p2a: Salamence|40/100 tox|[from] psn
|upkeep
|turn|13
|
|t:|1640793789
|switch|p2a: Porygon-Z|Porygon-Z|100/100
|switch|p1a: Nihilego|Nihilego|100/100
|
|upkeep
|turn|14
|
|t:|1640793799
|switch|p2a: Aegislash|Aegislash, F|100/100
|move|p1a: Nihilego|Power Gem|p2a: Aegislash
|-resisted|p2a: Aegislash
|-damage|p2a: Aegislash|71/100
|
|upkeep
|turn|15
|
|t:|1640793810
|switch|p1a: Moltres|Moltres-Galar|100/100
|switch|p2a: Roserade|Roserade, F|100/100
|
|upkeep
|turn|16
|
|t:|1640793821
|move|p2a: Roserade|Sludge Bomb|p1a: Moltres
|-damage|p1a: Moltres|76/100
|-status|p1a: Moltres|psn
|move|p1a: Moltres|Nasty Plot|p1a: Moltres
|-boost|p1a: Moltres|spa|2
|
|-damage|p1a: Moltres|64/100 psn|[from] psn
|upkeep
|turn|17
|
|t:|1640793839
|move|p2a: Roserade|Spikes|p1a: Moltres
|-sidestart|p1: bioche80|Spikes
|move|p1a: Moltres|Fiery Wrath|p2a: Roserade
|-damage|p2a: Roserade|23/100
|
|-heal|p2a: Roserade|29/100|[from] item: Black Sludge
|-damage|p1a: Moltres|52/100 psn|[from] psn
|upkeep
|turn|18
|
|t:|1640793851
|move|p2a: Roserade|Sludge Bomb|p1a: Moltres
|-damage|p1a: Moltres|25/100 psn
|-ability|p1a: Moltres|Berserk|boost
|-boost|p1a: Moltres|spa|1
|move|p1a: Moltres|Rest|p1a: Moltres
|-status|p1a: Moltres|slp|[from] move: Rest
|-heal|p1a: Moltres|100/100 slp|[silent]
|
|-heal|p2a: Roserade|35/100|[from] item: Black Sludge
|upkeep
|turn|19
|
|t:|1640793869
|switch|p2a: Porygon-Z|Porygon-Z|100/100
|cant|p1a: Moltres|slp
|move|p1a: Moltres|Sleep Talk|p1a: Moltres
|move|p1a: Moltres|Rest||[from]move: Sleep Talk|[still]
|-fail|p1a: Moltres
|
|upkeep
|turn|20
|
|t:|1640793876
|move|p2a: Porygon-Z|Tri Attack|p1a: Moltres
|-damage|p1a: Moltres|54/100 slp
|cant|p1a: Moltres|slp
|move|p1a: Moltres|Sleep Talk|p1a: Moltres
|move|p1a: Moltres|Rest||[from]move: Sleep Talk|[still]
|-fail|p1a: Moltres
|
|upkeep
|turn|21
|
|t:|1640793885
|switch|p1a: Nihilego|Nihilego|100/100
|-damage|p1a: Nihilego|88/100|[from] Spikes
|move|p2a: Porygon-Z|Tri Attack|p1a: Nihilego
|-resisted|p1a: Nihilego
|-damage|p1a: Nihilego|54/100
|
|upkeep
|turn|22
|
|t:|1640793898
|switch|p2a: Aegislash|Aegislash, F|71/100
|move|p1a: Nihilego|Thunderbolt|p2a: Aegislash
|-damage|p2a: Aegislash|28/100
|
|upkeep
|turn|23
|
|t:|1640793906
|switch|p1a: Salamence|Salamence, M|100/100
|-ability|p1a: Salamence|Intimidate|boost
|-unboost|p2a: Aegislash|atk|1
|switch|p2a: Excadrill|Excadrill, M|85/100
|-ability|p2a: Excadrill|Mold Breaker
|
|-heal|p2a: Excadrill|91/100|[from] item: Leftovers
|upkeep
|turn|24
|
|t:|1640793917
|move|p1a: Salamence|Flamethrower|p2a: Excadrill
|-supereffective|p2a: Excadrill
|-damage|p2a: Excadrill|52/100
|move|p2a: Excadrill|Toxic|p1a: Salamence
|-status|p1a: Salamence|tox
|
|-heal|p2a: Excadrill|58/100|[from] item: Leftovers
|-damage|p1a: Salamence|94/100 tox|[from] psn
|upkeep
|turn|25
|
|t:|1640793926
|move|p1a: Salamence|Defog|p2a: Excadrill
|-unboost|p2a: Excadrill|evasion|1
|-sideend|p1: bioche80|Spikes|[from] move: Defog|[of] p1a: Salamence
|move|p2a: Excadrill|Stealth Rock|p1a: Salamence
|-sidestart|p1: bioche80|move: Stealth Rock
|
|-heal|p2a: Excadrill|64/100|[from] item: Leftovers
|-damage|p1a: Salamence|82/100 tox|[from] psn
|upkeep
|turn|26
|
|t:|1640793939
|switch|p2a: Porygon-Z|Porygon-Z|100/100
|move|p1a: Salamence|Flamethrower|p2a: Porygon-Z
|-damage|p2a: Porygon-Z|71/100
|-status|p2a: Porygon-Z|brn
|
|-damage|p1a: Salamence|64/100 tox|[from] psn
|-damage|p2a: Porygon-Z|65/100 brn|[from] brn
|upkeep
|turn|27
|
|t:|1640793948
|move|p1a: Salamence|Defog|p2a: Porygon-Z
|-unboost|p2a: Porygon-Z|evasion|1
|-sideend|p1: bioche80|Stealth Rock|[from] move: Defog|[of] p1a: Salamence
|move|p2a: Porygon-Z|Tri Attack|p1a: Salamence
|-damage|p1a: Salamence|0 fnt
|faint|p1a: Salamence
|
|-damage|p2a: Porygon-Z|59/100 brn|[from] brn
|upkeep
|
|t:|1640793960
|switch|p1a: Darmanitan|Darmanitan, M|85/100
|turn|28
|
|t:|1640793979
|switch|p2a: Excadrill|Excadrill, M|64/100
|-ability|p2a: Excadrill|Mold Breaker
|move|p1a: Darmanitan|Flare Blitz|p2a: Excadrill
|-supereffective|p2a: Excadrill
|-damage|p2a: Excadrill|0 fnt
|faint|p2a: Excadrill
|-damage|p1a: Darmanitan|59/100|[from] Recoil
|
|upkeep
|
|t:|1640793989
|switch|p2a: Salamence|Salamence, F|40/100 tox
|-ability|p2a: Salamence|Intimidate|boost
|-unboost|p1a: Darmanitan|atk|1
|turn|29
|
|t:|1640794000
|move|p1a: Darmanitan|Flare Blitz|p2a: Salamence
|-resisted|p2a: Salamence
|-damage|p2a: Salamence|4/100 tox
|-damage|p1a: Darmanitan|48/100|[from] Recoil
|move|p2a: Salamence|Roost|p2a: Salamence
|-heal|p2a: Salamence|54/100 tox
|-singleturn|p2a: Salamence|move: Roost
|
|-damage|p2a: Salamence|48/100 tox|[from] psn
|upkeep
|turn|30
|
|t:|1640794013
|switch|p1a: Leafeon|Leafeon, F|62/100
|move|p2a: Salamence|Dual Wingbeat|p1a: Leafeon|[miss]
|-miss|p2a: Salamence|p1a: Leafeon
|
|-damage|p2a: Salamence|36/100 tox|[from] psn
|upkeep
|turn|31
|
|t:|1640794022
|switch|p2a: Roserade|Roserade, F|35/100
|move|p1a: Leafeon|Knock Off|p2a: Roserade
|-damage|p2a: Roserade|0 fnt
|-enditem|p2a: Roserade|Black Sludge|[from] move: Knock Off|[of] p1a: Leafeon
|faint|p2a: Roserade
|
|upkeep
|
|t:|1640794032
|switch|p2a: Salamence|Salamence, F|36/100 tox
|-ability|p2a: Salamence|Intimidate|boost
|-unboost|p1a: Leafeon|atk|1
|turn|32
|
|t:|1640794038
|switch|p1a: Nihilego|Nihilego|54/100
|move|p2a: Salamence|Roost|p2a: Salamence
|-heal|p2a: Salamence|86/100 tox
|-singleturn|p2a: Salamence|move: Roost
|
|-damage|p2a: Salamence|80/100 tox|[from] psn
|upkeep
|turn|33
|
|t:|1640794048
|switch|p2a: Porygon-Z|Porygon-Z|59/100 brn
|move|p1a: Nihilego|Power Gem|p2a: Porygon-Z
|-damage|p2a: Porygon-Z|0 fnt
|faint|p2a: Porygon-Z
|-ability|p1a: Nihilego|Beast Boost|boost
|-boost|p1a: Nihilego|spa|1
|
|upkeep
|
|t:|1640794056
|switch|p2a: Aegislash|Aegislash, F|28/100
|turn|34
|
|t:|1640794060
|move|p1a: Nihilego|Power Gem|p2a: Aegislash
|-resisted|p2a: Aegislash
|-damage|p2a: Aegislash|0 fnt
|faint|p2a: Aegislash
|-ability|p1a: Nihilego|Beast Boost|boost
|-boost|p1a: Nihilego|spa|1
|
|upkeep
|c|☆FrankDerulo|gg
|c|☆bioche80|gg
|-message|FrankDerulo forfeited.
|
|win|bioche80
|raw|bioche80's rating: 1440 &rarr; <strong>1454</strong><br />(+14 for winning)
|raw|FrankDerulo's rating: 1331 &rarr; <strong>1317</strong><br />(-14 for losing)
|l|☆FrankDerulo
