|j|☆Permission Slip
|j|☆mala☆huju@!
|t:|1659842314
|gametype|singles
|player|p1|Permission Slip|clerkf|1388
|player|p2|mala☆huju|swimmer-gen8|1371
|teamsize|p1|6
|teamsize|p2|6
|gen|8
|tier|[Gen 8] UU
|rated|
|rule|Sleep Clause Mod: Limit one foe put to sleep
|rule|Species Clause: Limit one of each Pokémon
|rule|OHKO Clause: OHKO moves are banned
|rule|Evasion Items Clause: Evasion items are banned
|rule|Evasion Moves Clause: Evasion moves are banned
|rule|Endless Battle Clause: Forcing endless battles is banned
|rule|HP Percentage Mod: HP is shown in percentages
|rule|Dynamax Clause: You cannot dynamax
|clearpoke
|poke|p1|Starmie|
|poke|p1|Indeedee-F, F|
|poke|p1|Hydreigon, M|
|poke|p1|Swampert, F|
|poke|p1|Thundurus-Therian, M|
|poke|p1|Celesteela|
|poke|p2|Nihilego|
|poke|p2|Cloyster, F|
|poke|p2|Froslass, F|
|poke|p2|Excadrill, M|
|poke|p2|Scizor, F|
|poke|p2|Thundurus-Therian, M|
|teampreview
|c|☆mala☆huju|hf
|c|☆Permission Slip|u2
|inactive|Battle timer is ON: inactive players will automatically lose when time's up. (requested by mala☆huju)
|inactive|Permission Slip has 120 seconds left.
|
|t:|1659842377
|start
|switch|p1a: Hydreigon|Hydreigon, M|100/100
|switch|p2a: i miss dabson|Froslass, F|100/100
|turn|1
|
|t:|1659842383
|move|p1a: Hydreigon|U-turn|p2a: i miss dabson
|-resisted|p2a: i miss dabson
|-damage|p2a: i miss dabson|87/100
|
|t:|1659842387
|switch|p1a: Starmie|Starmie|100/100|[from]move: U-turn
|move|p2a: i miss dabson|Thunder Wave|p1a: Starmie
|-status|p1a: Starmie|par
|
|upkeep
|turn|2
|
|t:|1659842404
|-curestatus|p1a: Starmie|par|[from] ability: Natural Cure
|switch|p1a: Swampert|Swampert, F|100/100
|move|p2a: i miss dabson|Spikes|p1a: Swampert
|-sidestart|p1: Permission Slip|Spikes
|
|upkeep
|turn|3
|
|t:|1659842409
|move|p2a: i miss dabson|Taunt|p1a: Swampert
|-start|p1a: Swampert|move: Taunt
|move|p1a: Swampert|Earthquake|p2a: i miss dabson
|-damage|p2a: i miss dabson|27/100
|-start|p1a: Swampert|Disable|Earthquake|[from] ability: Cursed Body|[of] p2a: i miss dabson
|
|upkeep
|turn|4
|
|t:|1659842433
|switch|p1a: Celesteela|Celesteela|100/100
|move|p2a: i miss dabson|Spikes|p1a: Celesteela
|-sidestart|p1: Permission Slip|Spikes
|
|upkeep
|turn|5
|
|t:|1659842443
|move|p2a: i miss dabson|Thunder Wave|p1a: Celesteela
|-status|p1a: Celesteela|par
|move|p1a: Celesteela|Heavy Slam|p2a: i miss dabson
|-supereffective|p2a: i miss dabson
|-damage|p2a: i miss dabson|0 fnt
|faint|p2a: i miss dabson
|-ability|p1a: Celesteela|Beast Boost|boost
|-boost|p1a: Celesteela|spd|1
|
|upkeep
|
|t:|1659842447
|switch|p2a: killua|Thundurus-Therian, M|100/100
|turn|6
|
|t:|1659842454
|move|p2a: killua|Nasty Plot|p2a: killua
|-boost|p2a: killua|spa|2
|move|p1a: Celesteela|Leech Seed|p2a: killua
|-start|p2a: killua|move: Leech Seed
|
|-damage|p2a: killua|88/100|[from] Leech Seed|[of] p1a: Celesteela
|upkeep
|turn|7
|
|t:|1659842459
|switch|p1a: Hydreigon|Hydreigon, M|100/100
|move|p2a: killua|Thunderbolt|p1a: Hydreigon
|-resisted|p1a: Hydreigon
|-damage|p1a: Hydreigon|41/100
|
|-damage|p2a: killua|76/100|[from] Leech Seed|[of] p1a: Hydreigon
|-heal|p1a: Hydreigon|52/100|[silent]
|upkeep
|turn|8
|
|t:|1659842467
|move|p1a: Hydreigon|U-turn|p2a: killua
|-resisted|p2a: killua
|-damage|p2a: killua|64/100
|
|t:|1659842477
|switch|p1a: Starmie|Starmie|100/100|[from]move: U-turn
|-damage|p1a: Starmie|84/100|[from] Spikes
|move|p2a: killua|Focus Blast|p1a: Starmie|[miss]
|-miss|p2a: killua|p1a: Starmie
|
|-damage|p2a: killua|51/100|[from] Leech Seed|[of] p1a: Starmie
|-heal|p1a: Starmie|98/100|[silent]
|upkeep
|turn|9
|
|t:|1659842488
|move|p1a: Starmie|Expanding Force|p2a: killua
|-damage|p2a: killua|0 fnt
|faint|p2a: killua
|
|upkeep
|inactive|mala☆huju has 120 seconds left.
|inactive|mala☆huju has 90 seconds left.
|
|t:|1659842551
|switch|p2a: sciz Death Note|Scizor, F|100/100
|turn|10
|
|t:|1659842555
|switch|p1a: Swampert|Swampert, F|100/100
|-damage|p1a: Swampert|84/100|[from] Spikes
|move|p2a: sciz Death Note|U-turn|p1a: Swampert
|-damage|p1a: Swampert|46/100
|-damage|p2a: sciz Death Note|91/100|[from] item: Life Orb
|
|t:|1659842564
|switch|p2a: love being toxic|Nihilego|100/100|[from]move: U-turn
|
|-heal|p1a: Swampert|52/100|[from] item: Leftovers
|upkeep
|turn|11
|
|t:|1659842567
|switch|p1a: Celesteela|Celesteela|100/100 par
|move|p2a: love being toxic|Grass Knot|p1a: Celesteela
|-resisted|p1a: Celesteela
|-damage|p1a: Celesteela|94/100 par
|
|-heal|p1a: Celesteela|100/100 par|[from] item: Leftovers
|upkeep
|turn|12
|
|t:|1659842572
|move|p2a: love being toxic|Meteor Beam||[still]
|-prepare|p2a: love being toxic|Meteor Beam
|-boost|p2a: love being toxic|spa|1
|-enditem|p2a: love being toxic|Power Herb
|-anim|p2a: love being toxic|Meteor Beam|p1a: Celesteela
|-damage|p1a: Celesteela|44/100 par
|move|p1a: Celesteela|Heavy Slam|p2a: love being toxic
|-supereffective|p2a: love being toxic
|-damage|p2a: love being toxic|0 fnt
|faint|p2a: love being toxic
|-ability|p1a: Celesteela|Beast Boost|boost
|-boost|p1a: Celesteela|spd|1
|
|-heal|p1a: Celesteela|50/100 par|[from] item: Leftovers
|upkeep
|
|t:|1659842577
|switch|p2a: Joseph R. Biden|Excadrill, M|100/100
|-ability|p2a: Joseph R. Biden|Mold Breaker
|turn|13
|
|t:|1659842581
|move|p2a: Joseph R. Biden|Rapid Spin|p1a: Celesteela
|-resisted|p1a: Celesteela
|-damage|p1a: Celesteela|43/100 par
|-boost|p2a: Joseph R. Biden|spe|1
|move|p1a: Celesteela|Leech Seed|p2a: Joseph R. Biden
|-start|p2a: Joseph R. Biden|move: Leech Seed
|
|-heal|p1a: Celesteela|49/100 par|[from] item: Leftovers
|-damage|p2a: Joseph R. Biden|88/100|[from] Leech Seed|[of] p1a: Celesteela
|-heal|p1a: Celesteela|60/100 par|[silent]
|upkeep
|turn|14
|
|t:|1659842588
|move|p2a: Joseph R. Biden|Swords Dance|p2a: Joseph R. Biden
|-boost|p2a: Joseph R. Biden|atk|2
|move|p1a: Celesteela|Flamethrower|p2a: Joseph R. Biden
|-supereffective|p2a: Joseph R. Biden
|-damage|p2a: Joseph R. Biden|28/100
|
|-heal|p2a: Joseph R. Biden|34/100|[from] item: Leftovers
|-heal|p1a: Celesteela|66/100 par|[from] item: Leftovers
|-damage|p2a: Joseph R. Biden|21/100|[from] Leech Seed|[of] p1a: Celesteela
|-heal|p1a: Celesteela|78/100 par|[silent]
|upkeep
|turn|15
|
|t:|1659842601
|move|p2a: Joseph R. Biden|Rapid Spin|p1a: Celesteela
|-resisted|p1a: Celesteela
|-damage|p1a: Celesteela|62/100 par
|-boost|p2a: Joseph R. Biden|spe|1
|-end|p2a: Joseph R. Biden|Leech Seed|[from] move: Rapid Spin|[of] p2a: Joseph R. Biden
|move|p1a: Celesteela|Flamethrower|p2a: Joseph R. Biden
|-supereffective|p2a: Joseph R. Biden
|-damage|p2a: Joseph R. Biden|0 fnt
|faint|p2a: Joseph R. Biden
|-ability|p1a: Celesteela|Beast Boost|boost
|-boost|p1a: Celesteela|spd|1
|
|-heal|p1a: Celesteela|68/100 par|[from] item: Leftovers
|upkeep
|
|t:|1659842605
|switch|p2a: plot armor|Cloyster, F, shiny|100/100
|turn|16
|c|☆mala☆huju|gg
|c|☆Permission Slip|gg
|
|t:|1659842621
|move|p2a: plot armor|Shell Smash|p2a: plot armor
|-unboost|p2a: plot armor|def|1
|-unboost|p2a: plot armor|spd|1
|-boost|p2a: plot armor|atk|2
|-boost|p2a: plot armor|spa|2
|-boost|p2a: plot armor|spe|2
|-enditem|p2a: plot armor|White Herb
|-clearnegativeboost|p2a: plot armor|[silent]
|move|p1a: Celesteela|Giga Drain|p2a: plot armor
|-supereffective|p2a: plot armor
|-damage|p2a: plot armor|12/100
|-heal|p1a: Celesteela|95/100 par|[from] drain|[of] p2a: plot armor
|
|-heal|p1a: Celesteela|100/100 par|[from] item: Leftovers
|upkeep
|turn|17
|
|t:|1659842627
|move|p2a: plot armor|Icicle Spear|p1a: Celesteela
|-damage|p1a: Celesteela|82/100 par
|-damage|p1a: Celesteela|65/100 par
|-damage|p1a: Celesteela|46/100 par
|-damage|p1a: Celesteela|29/100 par
|-damage|p1a: Celesteela|12/100 par
|-hitcount|p1a: Celesteela|5
|cant|p1a: Celesteela|par
|
|-heal|p1a: Celesteela|18/100 par|[from] item: Leftovers
|upkeep
|turn|18
|
|t:|1659842632
|move|p2a: plot armor|Icicle Spear|p1a: Celesteela
|-crit|p1a: Celesteela
|-damage|p1a: Celesteela|0 fnt
|faint|p1a: Celesteela
|-hitcount|p1: Celesteela|1
|
|upkeep
|
|t:|1659842637
|switch|p1a: Hydreigon|Hydreigon, M|52/100
|turn|19
|
|t:|1659842640
|move|p2a: plot armor|Icicle Spear|p1a: Hydreigon
|-supereffective|p1a: Hydreigon
|-damage|p1a: Hydreigon|0 fnt
|faint|p1a: Hydreigon
|-hitcount|p1: Hydreigon|1
|
|upkeep
|
|t:|1659842645
|switch|p1a: Indeedee|Indeedee-F, F|100/100
|-damage|p1a: Indeedee|84/100|[from] Spikes
|-fieldstart|move: Psychic Terrain|[from] ability: Psychic Surge|[of] p1a: Indeedee
|turn|20
|inactive|mala☆huju has 120 seconds left.
|
|t:|1659842689
|move|p2a: plot armor|Icicle Spear|p1a: Indeedee
|-damage|p1a: Indeedee|49/100
|-damage|p1a: Indeedee|11/100
|-damage|p1a: Indeedee|0 fnt
|faint|p1a: Indeedee
|-hitcount|p1: Indeedee|3
|
|upkeep
|
|t:|1659842692
|switch|p1a: Starmie|Starmie|98/100
|-damage|p1a: Starmie|82/100|[from] Spikes
|turn|21
|
|t:|1659842696
|move|p2a: plot armor|Pin Missile|p1a: Starmie
|-supereffective|p1a: Starmie
|-damage|p1a: Starmie|41/100
|-supereffective|p1a: Starmie
|-damage|p1a: Starmie|0 fnt
|faint|p1a: Starmie
|-hitcount|p1: Starmie|2
|
|upkeep
|
|t:|1659842699
|switch|p1a: Thundurus|Thundurus-Therian, M|100/100
|turn|22
|
|t:|1659842704
|move|p2a: plot armor|Icicle Spear|p1a: Thundurus
|-supereffective|p1a: Thundurus
|-damage|p1a: Thundurus|40/100
|-supereffective|p1a: Thundurus
|-damage|p1a: Thundurus|0 fnt
|faint|p1a: Thundurus
|-hitcount|p1: Thundurus|2
|
|upkeep
|
|t:|1659842706
|switch|p1a: Swampert|Swampert, F|52/100
|-damage|p1a: Swampert|36/100|[from] Spikes
|turn|23
|c|☆mala☆huju|if you leech seeded instead of drain
|c|☆mala☆huju|you'd win
|
|t:|1659842720
|move|p2a: plot armor|Icicle Spear|p1a: Swampert
|-damage|p1a: Swampert|18/100
|-damage|p1a: Swampert|0 fnt
|faint|p1a: Swampert
|-hitcount|p1: Swampert|2
|
|win|mala☆huju
|raw|Permission Slip's rating: 1388 &rarr; <strong>1367</strong><br />(-21 for losing)
|raw|mala☆huju's rating: 1371 &rarr; <strong>1392</strong><br />(+21 for winning)
|c|☆mala☆huju|gg
|c|☆Permission Slip|id still have to not get parad
|c|☆Permission Slip|i think
|c|☆mala☆huju|true
|l|☆Permission Slip
|l|☆mala☆huju
||Ladder isn't responding, score probably updated but might not have (Request timeout).
|j|☆mala☆huju@!
|player|p2|mala☆huju|swimmer-gen8
