|j|☆Adrift and Alone
|j|☆ishouldstudyabit
|player|p1|Adrift and Alone|ethan-gen2|1689
|player|p2|ishouldstudyabit|162|1492
|teamsize|p1|6
|teamsize|p2|6
|gametype|singles
|gen|8
|tier|[Gen 8] UU
|rated|
|clearpoke
|poke|p1|Roserade, F|
|poke|p1|Umbreon, M|
|poke|p1|Doublade, F|
|poke|p1|Hippowdon, M|
|poke|p1|Reuniclus, M|
|poke|p1|Mantine, M|
|poke|p2|Noivern, M|
|poke|p2|Bewear, F|
|poke|p2|Gengar, F|
|poke|p2|Umbreon, F|
|poke|p2|Obstagoon, M|
|poke|p2|Coalossal, F|
|rule|Sleep Clause Mod: Limit one foe put to sleep
|rule|Species Clause: Limit one of each Pokémon
|rule|OHKO Clause: OHKO moves are banned
|rule|Evasion Moves Clause: Evasion moves are banned
|rule|Endless Battle Clause: Forcing endless battles is banned
|rule|HP Percentage Mod: HP is shown in percentages
|rule|Dynamax Clause: You cannot dynamax
|teampreview
|inactive|Battle timer is ON: inactive players will automatically lose when time's up. (requested by Adrift and Alone)
|c|☆ishouldstudyabit|heyo
|
|start
|switch|p1a: Hippowdon|Hippowdon, M|100/100
|switch|p2a: Obstagoon|Obstagoon, M|100/100
|-weather|Sandstorm|[from] ability: Sand Stream|[of] p1a: Hippowdon
|turn|1
|c|☆Adrift and Alone|yo
|
|move|p2a: Obstagoon|Knock Off|p1a: Hippowdon
|-damage|p1a: Hippowdon|77/100
|-enditem|p1a: Hippowdon|Leftovers|[from] move: Knock Off|[of] p2a: Obstagoon
|move|p1a: Hippowdon|Stealth Rock|p2a: Obstagoon
|-sidestart|p2: ishouldstudyabit|move: Stealth Rock
|
|-weather|Sandstorm|[upkeep]
|-damage|p2a: Obstagoon|94/100|[from] Sandstorm
|-status|p2a: Obstagoon|brn|[from] item: Flame Orb
|upkeep
|turn|2
|j|‽Mallow the Girl
|l|‽Mallow the Girl
|c|☆ishouldstudyabit|it's jeythegrey if you know me
|
|move|p2a: Obstagoon|Facade|p1a: Hippowdon
|-damage|p1a: Hippowdon|29/100
|move|p1a: Hippowdon|Slack Off|p1a: Hippowdon
|-heal|p1a: Hippowdon|79/100
|
|-weather|Sandstorm|[upkeep]
|-damage|p2a: Obstagoon|88/100 brn|[from] Sandstorm
|-damage|p2a: Obstagoon|82/100 brn|[from] brn
|upkeep
|turn|3
|c|☆Adrift and Alone|yeah ive seen ya around
|c|☆Adrift and Alone|hf
|c|☆ishouldstudyabit|u2
|inactive|ishouldstudyabit has 120 seconds left.
|
|switch|p2a: Noivern|Noivern, M|100/100
|-damage|p2a: Noivern|76/100|[from] Stealth Rock
|move|p1a: Hippowdon|Slack Off|p1a: Hippowdon
|-heal|p1a: Hippowdon|100/100
|
|-weather|Sandstorm|[upkeep]
|-damage|p2a: Noivern|70/100|[from] Sandstorm
|upkeep
|turn|4
|
|move|p2a: Noivern|U-turn|p1a: Hippowdon
|-damage|p1a: Hippowdon|94/100
|
|switch|p2a: Umbreon|Umbreon, F|100/100|[from]move: U-turn
|-damage|p2a: Umbreon|88/100|[from] Stealth Rock
|move|p1a: Hippowdon|Whirlwind|p2a: Umbreon
|drag|p2a: Bewear|Bewear, F|100/100
|-damage|p2a: Bewear|94/100|[from] Stealth Rock
|
|-weather|Sandstorm|[upkeep]
|-damage|p2a: Bewear|88/100|[from] Sandstorm
|-heal|p2a: Bewear|94/100|[from] item: Leftovers
|upkeep
|turn|5
|
|move|p2a: Bewear|Body Slam|p1a: Hippowdon
|-damage|p1a: Hippowdon|69/100
|-status|p1a: Hippowdon|par
|move|p1a: Hippowdon|Whirlwind|p2a: Bewear
|drag|p2a: Obstagoon|Obstagoon, M|82/100 brn
|-damage|p2a: Obstagoon|70/100 brn|[from] Stealth Rock
|
|-weather|none
|-damage|p2a: Obstagoon|64/100 brn|[from] brn
|upkeep
|turn|6
|
|move|p2a: Obstagoon|Facade|p1a: Hippowdon
|-damage|p1a: Hippowdon|17/100 par
|move|p1a: Hippowdon|Slack Off|p1a: Hippowdon
|-heal|p1a: Hippowdon|67/100 par
|
|-damage|p2a: Obstagoon|58/100 brn|[from] brn
|upkeep
|turn|7
|
|switch|p1a: Doublade|Doublade, F|100/100
|move|p2a: Obstagoon|Facade|p1a: Doublade
|-immune|p1a: Doublade
|
|-damage|p2a: Obstagoon|52/100 brn|[from] brn
|upkeep
|turn|8
|
|switch|p2a: Umbreon|Umbreon, F|88/100
|-damage|p2a: Umbreon|76/100|[from] Stealth Rock
|move|p1a: Doublade|Swords Dance|p1a: Doublade
|-boost|p1a: Doublade|atk|2
|
|-heal|p2a: Umbreon|82/100|[from] item: Leftovers
|upkeep
|turn|9
|
|switch|p1a: Hippowdon|Hippowdon, M|67/100 par
|-weather|Sandstorm|[from] ability: Sand Stream|[of] p1a: Hippowdon
|move|p2a: Umbreon|Foul Play|p1a: Hippowdon
|-damage|p1a: Hippowdon|47/100 par
|
|-weather|Sandstorm|[upkeep]
|-damage|p2a: Umbreon|76/100|[from] Sandstorm
|-heal|p2a: Umbreon|82/100|[from] item: Leftovers
|upkeep
|turn|10
|
|move|p2a: Umbreon|Wish|p2a: Umbreon
|move|p1a: Hippowdon|Slack Off|p1a: Hippowdon
|-heal|p1a: Hippowdon|97/100 par
|
|-weather|Sandstorm|[upkeep]
|-damage|p2a: Umbreon|76/100|[from] Sandstorm
|-heal|p2a: Umbreon|82/100|[from] item: Leftovers
|upkeep
|turn|11
|
|move|p2a: Umbreon|Foul Play|p1a: Hippowdon
|-damage|p1a: Hippowdon|76/100 par
|cant|p1a: Hippowdon|par
|
|-weather|Sandstorm|[upkeep]
|-damage|p2a: Umbreon|76/100|[from] Sandstorm
|-heal|p2a: Umbreon|100/100|[from] move: Wish|[wisher] Umbreon
|upkeep
|turn|12
|
|switch|p1a: Roserade|Roserade, F|100/100
|move|p2a: Umbreon|Wish|p2a: Umbreon
|
|-weather|Sandstorm|[upkeep]
|-damage|p1a: Roserade|94/100|[from] Sandstorm
|-damage|p2a: Umbreon|94/100|[from] Sandstorm
|-heal|p1a: Roserade|100/100|[from] item: Black Sludge
|-heal|p2a: Umbreon|100/100|[from] item: Leftovers
|upkeep
|turn|13
|
|switch|p2a: Noivern|Noivern, M|70/100
|-damage|p2a: Noivern|45/100|[from] Stealth Rock
|move|p1a: Roserade|Sludge Bomb|p2a: Noivern
|-damage|p2a: Noivern|0 fnt
|faint|p2a: Noivern
|
|-weather|none
|upkeep
|
|switch|p2a: Coalossal|Coalossal, F|100/100
|turn|14
|
|move|p1a: Roserade|Toxic Spikes|p2a: Coalossal
|-sidestart|p2: ishouldstudyabit|move: Toxic Spikes
|move|p2a: Coalossal|Stealth Rock|p1a: Roserade
|-sidestart|p1: Adrift and Alone|move: Stealth Rock
|
|upkeep
|turn|15
|
|switch|p1a: Hippowdon|Hippowdon, M|76/100 par
|-damage|p1a: Hippowdon|70/100 par|[from] Stealth Rock
|-weather|Sandstorm|[from] ability: Sand Stream|[of] p1a: Hippowdon
|move|p2a: Coalossal|Rapid Spin|p1a: Hippowdon
|-damage|p1a: Hippowdon|64/100 par
|-sideend|p2: ishouldstudyabit|Toxic Spikes|[from] move: Rapid Spin|[of] p2a: Coalossal
|-sideend|p2: ishouldstudyabit|Stealth Rock|[from] move: Rapid Spin|[of] p2a: Coalossal
|-boost|p2a: Coalossal|spe|1
|
|-weather|Sandstorm|[upkeep]
|upkeep
|turn|16
|
|switch|p2a: Bewear|Bewear, F|94/100
|move|p1a: Hippowdon|Slack Off|p1a: Hippowdon
|-heal|p1a: Hippowdon|100/100 par
|
|-weather|Sandstorm|[upkeep]
|-damage|p2a: Bewear|88/100|[from] Sandstorm
|-heal|p2a: Bewear|94/100|[from] item: Leftovers
|upkeep
|turn|17
|
|move|p2a: Bewear|Swords Dance|p2a: Bewear
|-boost|p2a: Bewear|atk|2
|move|p1a: Hippowdon|Whirlwind|p2a: Bewear
|drag|p2a: Coalossal|Coalossal, F|100/100
|
|-weather|Sandstorm|[upkeep]
|upkeep
|turn|18
|
|switch|p2a: Umbreon|Umbreon, F|100/100
|move|p1a: Hippowdon|Stealth Rock|p2a: Umbreon
|-sidestart|p2: ishouldstudyabit|move: Stealth Rock
|
|-weather|Sandstorm|[upkeep]
|-damage|p2a: Umbreon|94/100|[from] Sandstorm
|-heal|p2a: Umbreon|100/100|[from] item: Leftovers
|upkeep
|turn|19
|
|switch|p1a: Reuniclus|Reuniclus, M|100/100
|move|p2a: Umbreon|Wish|p2a: Umbreon
|
|-weather|none
|upkeep
|turn|20
|
|move|p2a: Umbreon|Yawn|p1a: Reuniclus
|-start|p1a: Reuniclus|move: Yawn|[of] p2a: Umbreon
|move|p1a: Reuniclus|Acid Armor|p1a: Reuniclus
|-boost|p1a: Reuniclus|def|2
|
|upkeep
|turn|21
|
|switch|p1a: Roserade|Roserade, F|100/100
|-damage|p1a: Roserade|88/100|[from] Stealth Rock
|move|p2a: Umbreon|Wish|p2a: Umbreon
|
|-heal|p1a: Roserade|94/100|[from] item: Black Sludge
|upkeep
|turn|22
|
|switch|p1a: Mantine|Mantine, M|100/100
|switch|p2a: Coalossal|Coalossal, F|100/100
|
|upkeep
|turn|23
|
|switch|p2a: Umbreon|Umbreon, F|100/100
|-damage|p2a: Umbreon|88/100|[from] Stealth Rock
|move|p1a: Mantine|Scald|p2a: Umbreon
|-damage|p2a: Umbreon|76/100
|
|-heal|p2a: Umbreon|82/100|[from] item: Leftovers
|upkeep
|turn|24
|
|switch|p1a: Roserade|Roserade, F|94/100
|-damage|p1a: Roserade|82/100|[from] Stealth Rock
|move|p2a: Umbreon|Wish|p2a: Umbreon
|
|-heal|p1a: Roserade|88/100|[from] item: Black Sludge
|-heal|p2a: Umbreon|88/100|[from] item: Leftovers
|upkeep
|turn|25
|
|switch|p2a: Obstagoon|Obstagoon, M|52/100 brn
|-damage|p2a: Obstagoon|39/100 brn|[from] Stealth Rock
|move|p1a: Roserade|Sludge Bomb|p2a: Obstagoon
|-damage|p2a: Obstagoon|0 fnt
|faint|p2a: Obstagoon
|
|-heal|p1a: Roserade|94/100|[from] item: Black Sludge
|upkeep
|-message|ishouldstudyabit forfeited.
|
|win|Adrift and Alone
|l|☆ishouldstudyabit
|raw|Adrift and Alone's rating: 1689 &rarr; <strong>1699</strong><br />(+10 for winning)
|raw|ishouldstudyabit's rating: 1492 &rarr; <strong>1482</strong><br />(-10 for losing)
