|j|☆Blizz'Art33
|j|☆UUH4 tak2
|player|p1|Blizz'Art33|222|1214
|player|p2|UUH4 tak2|pokemonrangerf-gen4|1359
|teamsize|p1|6
|teamsize|p2|6
|gametype|singles
|gen|8
|tier|[Gen 8] UU
|rated|
|html|<div class="broadcast-blue"><strong>UU is currently suspecting Haxorus! For information on how to participate check out the <a href="https://www.smogon.com/forums/threads/3664575/">suspect thread</a>.</strong></div>
|clearpoke
|poke|p1|Noivern, M|
|poke|p1|Araquanid, F|
|poke|p1|Doublade, F|
|poke|p1|Tsareena, F|
|poke|p1|Toxtricity, M|
|poke|p1|Cobalion|
|poke|p2|Roserade, M|
|poke|p2|Milotic, M|
|poke|p2|Arcanine, F|
|poke|p2|Stunfisk-Galar, M|
|poke|p2|Noivern, M|
|poke|p2|Sylveon, F|
|rule|Sleep Clause Mod: Limit one foe put to sleep
|rule|Species Clause: Limit one of each Pokémon
|rule|OHKO Clause: OHKO moves are banned
|rule|Evasion Moves Clause: Evasion moves are banned
|rule|Endless Battle Clause: Forcing endless battles is banned
|rule|HP Percentage Mod: HP is shown in percentages
|rule|Dynamax Clause: You cannot dynamax
|teampreview
|inactive|Battle timer is ON: inactive players will automatically lose when time's up. (requested by Blizz'Art33)
|
|start
|switch|p1a: Cobalion|Cobalion|100/100
|switch|p2a: Roserade|Roserade, M|100/100
|turn|1
|
|move|p1a: Cobalion|Taunt|p2a: Roserade
|-start|p2a: Roserade|move: Taunt
|cant|p2a: Roserade|move: Taunt|Spikes
|
|upkeep
|turn|2
|
|switch|p2a: Arcanine|Arcanine, F|100/100
|-ability|p2a: Arcanine|Intimidate|boost
|-unboost|p1a: Cobalion|atk|1
|move|p1a: Cobalion|Iron Head|p2a: Arcanine
|-resisted|p2a: Arcanine
|-damage|p2a: Arcanine|91/100
|
|upkeep
|turn|3
|
|switch|p1a: Araquanid|Araquanid, F|100/100
|move|p2a: Arcanine|Flamethrower|p1a: Araquanid
|-damage|p1a: Araquanid|87/100
|
|upkeep
|turn|4
|
|switch|p2a: Milotic|Milotic, M|100/100
|move|p1a: Araquanid|Liquidation|p2a: Milotic
|-resisted|p2a: Milotic
|-damage|p2a: Milotic|76/100
|
|-heal|p2a: Milotic|82/100|[from] item: Leftovers
|upkeep
|turn|5
|
|move|p2a: Milotic|Ice Beam|p1a: Araquanid
|-resisted|p1a: Araquanid
|-damage|p1a: Araquanid|79/100
|move|p1a: Araquanid|Leech Life|p2a: Milotic
|-damage|p2a: Milotic|59/100
|-heal|p1a: Araquanid|93/100|[from] drain|[of] p2a: Milotic
|
|-heal|p2a: Milotic|65/100|[from] item: Leftovers
|upkeep
|turn|6
|
|switch|p1a: Tsareena|Tsareena, F|100/100
|move|p2a: Milotic|Ice Beam|p1a: Tsareena
|-supereffective|p1a: Tsareena
|-damage|p1a: Tsareena|67/100
|-status|p1a: Tsareena|frz
|
|-heal|p2a: Milotic|71/100|[from] item: Leftovers
|upkeep
|turn|7
|c|☆Blizz'Art33|LOL
|
|switch|p2a: Roserade|Roserade, M|100/100
|cant|p1a: Tsareena|frz
|
|upkeep
|turn|8
|
|move|p2a: Roserade|Spikes|p1a: Tsareena
|-sidestart|p1: Blizz'Art33|Spikes
|cant|p1a: Tsareena|frz
|
|upkeep
|turn|9
|
|move|p2a: Roserade|Spikes|p1a: Tsareena
|-sidestart|p1: Blizz'Art33|Spikes
|cant|p1a: Tsareena|frz
|
|upkeep
|turn|10
|
|move|p2a: Roserade|Sludge Bomb|p1a: Tsareena
|-supereffective|p1a: Tsareena
|-crit|p1a: Tsareena
|-damage|p1a: Tsareena|0 fnt
|faint|p1a: Tsareena
|
|upkeep
|c|☆Blizz'Art33|GUI3QZ4HDNBXFUI34AKZJQGBFUIFH3QKEGRFBO3/LZHGJZOIEHGFOMZESHLBTR
|
|switch|p1a: Toxtricity|Toxtricity, M|100/100
|-damage|p1a: Toxtricity|84/100|[from] Spikes
|turn|11
|
|switch|p2a: Stunfisk|Stunfisk-Galar, M|100/100
|move|p1a: Toxtricity|Shift Gear|p1a: Toxtricity
|-boost|p1a: Toxtricity|spe|2
|-boost|p1a: Toxtricity|atk|1
|
|upkeep
|turn|12
|
|move|p1a: Toxtricity|Boomburst|p2a: Stunfisk
|-resisted|p2a: Stunfisk
|-damage|p2a: Stunfisk|82/100
|-enditem|p1a: Toxtricity|Throat Spray
|-boost|p1a: Toxtricity|spa|1|[from] item: Throat Spray
|move|p2a: Stunfisk|Earthquake|p1a: Toxtricity
|-supereffective|p1a: Toxtricity
|-damage|p1a: Toxtricity|0 fnt
|faint|p1a: Toxtricity
|
|-heal|p2a: Stunfisk|88/100|[from] item: Leftovers
|upkeep
|
|switch|p1a: Araquanid|Araquanid, F|93/100
|turn|13
|
|switch|p2a: Milotic|Milotic, M|71/100
|move|p1a: Araquanid|Liquidation|p2a: Milotic
|-resisted|p2a: Milotic
|-damage|p2a: Milotic|43/100
|
|-heal|p2a: Milotic|49/100|[from] item: Leftovers
|upkeep
|turn|14
|
|move|p2a: Milotic|Recover|p2a: Milotic
|-heal|p2a: Milotic|99/100
|move|p1a: Araquanid|Liquidation|p2a: Milotic
|-resisted|p2a: Milotic
|-damage|p2a: Milotic|74/100
|
|-heal|p2a: Milotic|80/100|[from] item: Leftovers
|upkeep
|turn|15
|
|move|p2a: Milotic|Ice Beam|p1a: Araquanid
|-resisted|p1a: Araquanid
|-crit|p1a: Araquanid
|-damage|p1a: Araquanid|81/100
|-status|p1a: Araquanid|frz
|-curestatus|p1a: Araquanid|frz|[msg]
|move|p1a: Araquanid|Liquidation|p2a: Milotic
|-resisted|p2a: Milotic
|-damage|p2a: Milotic|53/100
|
|-heal|p2a: Milotic|59/100|[from] item: Leftovers
|upkeep
|turn|16
|
|move|p2a: Milotic|Ice Beam|p1a: Araquanid
|-resisted|p1a: Araquanid
|-damage|p1a: Araquanid|72/100
|move|p1a: Araquanid|Liquidation|p2a: Milotic
|-resisted|p2a: Milotic
|-damage|p2a: Milotic|32/100
|
|-heal|p2a: Milotic|38/100|[from] item: Leftovers
|upkeep
|turn|17
|
|move|p2a: Milotic|Recover|p2a: Milotic
|-heal|p2a: Milotic|88/100
|move|p1a: Araquanid|Liquidation|p2a: Milotic
|-resisted|p2a: Milotic
|-damage|p2a: Milotic|61/100
|
|-heal|p2a: Milotic|68/100|[from] item: Leftovers
|upkeep
|turn|18
|
|move|p2a: Milotic|Ice Beam|p1a: Araquanid
|-resisted|p1a: Araquanid
|-damage|p1a: Araquanid|64/100
|move|p1a: Araquanid|Liquidation|p2a: Milotic
|-resisted|p2a: Milotic
|-damage|p2a: Milotic|41/100
|
|-heal|p2a: Milotic|47/100|[from] item: Leftovers
|upkeep
|turn|19
|
|move|p2a: Milotic|Recover|p2a: Milotic
|-heal|p2a: Milotic|97/100
|move|p1a: Araquanid|Liquidation|p2a: Milotic
|-resisted|p2a: Milotic
|-damage|p2a: Milotic|70/100
|
|-heal|p2a: Milotic|76/100|[from] item: Leftovers
|upkeep
|turn|20
|
|move|p2a: Milotic|Ice Beam|p1a: Araquanid
|-resisted|p1a: Araquanid
|-damage|p1a: Araquanid|56/100
|move|p1a: Araquanid|Mirror Coat|p2a: Milotic
|-damage|p2a: Milotic|63/100
|
|-heal|p2a: Milotic|69/100|[from] item: Leftovers
|upkeep
|turn|21
|
|move|p2a: Milotic|Ice Beam|p1a: Araquanid
|-resisted|p1a: Araquanid
|-damage|p1a: Araquanid|48/100
|move|p1a: Araquanid|Liquidation|p2a: Milotic
|-resisted|p2a: Milotic
|-damage|p2a: Milotic|40/100
|
|-heal|p2a: Milotic|46/100|[from] item: Leftovers
|upkeep
|turn|22
|
|move|p2a: Milotic|Recover|p2a: Milotic
|-heal|p2a: Milotic|96/100
|move|p1a: Araquanid|Leech Life|p2a: Milotic
|-damage|p2a: Milotic|70/100
|-heal|p1a: Araquanid|64/100|[from] drain|[of] p2a: Milotic
|
|-heal|p2a: Milotic|76/100|[from] item: Leftovers
|upkeep
|turn|23
|
|move|p2a: Milotic|Ice Beam|p1a: Araquanid
|-resisted|p1a: Araquanid
|-damage|p1a: Araquanid|55/100
|-status|p1a: Araquanid|frz
|-curestatus|p1a: Araquanid|frz|[msg]
|move|p1a: Araquanid|Leech Life|p2a: Milotic
|-damage|p2a: Milotic|50/100
|-heal|p1a: Araquanid|70/100|[from] drain|[of] p2a: Milotic
|
|-heal|p2a: Milotic|57/100|[from] item: Leftovers
|upkeep
|turn|24
|
|move|p2a: Milotic|Ice Beam|p1a: Araquanid
|-resisted|p1a: Araquanid
|-damage|p1a: Araquanid|62/100
|move|p1a: Araquanid|Leech Life|p2a: Milotic
|-damage|p2a: Milotic|30/100
|-heal|p1a: Araquanid|77/100|[from] drain|[of] p2a: Milotic
|
|-heal|p2a: Milotic|37/100|[from] item: Leftovers
|upkeep
|turn|25
|
|move|p2a: Milotic|Recover|p2a: Milotic
|-heal|p2a: Milotic|87/100
|move|p1a: Araquanid|Liquidation|p2a: Milotic
|-resisted|p2a: Milotic
|-damage|p2a: Milotic|60/100
|
|-heal|p2a: Milotic|66/100|[from] item: Leftovers
|upkeep
|turn|26
|
|move|p2a: Milotic|Ice Beam|p1a: Araquanid
|-resisted|p1a: Araquanid
|-damage|p1a: Araquanid|69/100
|move|p1a: Araquanid|Liquidation|p2a: Milotic
|-resisted|p2a: Milotic
|-damage|p2a: Milotic|38/100
|-unboost|p2a: Milotic|def|1
|
|-heal|p2a: Milotic|44/100|[from] item: Leftovers
|upkeep
|turn|27
|
|move|p2a: Milotic|Haze|p2a: Milotic
|-clearallboost
|move|p1a: Araquanid|Leech Life|p2a: Milotic
|-damage|p2a: Milotic|19/100
|-heal|p1a: Araquanid|84/100|[from] drain|[of] p2a: Milotic
|
|-heal|p2a: Milotic|25/100|[from] item: Leftovers
|upkeep
|turn|28
|
|move|p2a: Milotic|Recover|p2a: Milotic
|-heal|p2a: Milotic|75/100
|move|p1a: Araquanid|Leech Life|p2a: Milotic
|-damage|p2a: Milotic|48/100
|-heal|p1a: Araquanid|99/100|[from] drain|[of] p2a: Milotic
|
|-heal|p2a: Milotic|54/100|[from] item: Leftovers
|upkeep
|turn|29
|
|switch|p1a: Noivern|Noivern, M|100/100
|move|p2a: Milotic|Ice Beam|p1a: Noivern
|-supereffective|p1a: Noivern
|-damage|p1a: Noivern|0 fnt
|faint|p1a: Noivern
|
|-heal|p2a: Milotic|60/100|[from] item: Leftovers
|upkeep
|-message|Blizz'Art33 forfeited.
|
|win|UUH4 tak2
|l|☆Blizz'Art33
