|j|☆Zephyyyr
|j|‽IDRINKWHENIWANT
|t:|1633295572
|gametype|singles
|player|p1|Zephyyyr|richboy|1519
|player|p2|IDRINKWHENIWANT|unknown|1364
|teamsize|p1|6
|teamsize|p2|6
|gen|8
|tier|[Gen 8] UU
|rated|
|rule|Sleep Clause Mod: Limit one foe put to sleep
|rule|Species Clause: Limit one of each Pokémon
|rule|OHKO Clause: OHKO moves are banned
|rule|Evasion Moves Clause: Evasion moves are banned
|rule|Endless Battle Clause: Forcing endless battles is banned
|rule|HP Percentage Mod: HP is shown in percentages
|rule|Dynamax Clause: You cannot dynamax
|clearpoke
|poke|p1|Aegislash, F|
|poke|p1|Umbreon, F|
|poke|p1|Slowbro-Galar, F|
|poke|p1|Swampert, F|
|poke|p1|Tapu Bulu|
|poke|p1|Keldeo-Resolute|
|poke|p2|Ribombee, M|
|poke|p2|Togekiss, F|
|poke|p2|Keldeo-Resolute|
|poke|p2|Krookodile, M|
|poke|p2|Gyarados, M|
|poke|p2|Mimikyu, F|
|teampreview
|inactive|Battle timer is ON: inactive players will automatically lose when time's up. (requested by Zephyyyr)
|
|t:|1633295621
|start
|switch|p1a: Swampert|Swampert, F|100/100
|switch|p2a: Ribombee|Ribombee, M|100/100
|turn|1
|
|t:|1633295634
|move|p2a: Ribombee|Sticky Web|p1a: Swampert
|-sidestart|p1: Zephyyyr|move: Sticky Web
|move|p1a: Swampert|Flip Turn|p2a: Ribombee
|-damage|p2a: Ribombee|54/100
|
|t:|1633295636
|switch|p1a: Aegislash|Aegislash, F|100/100|[from]move: Flip Turn
|-activate|p1a: Aegislash|move: Sticky Web
|-unboost|p1a: Aegislash|spe|1
|
|upkeep
|turn|2
|
|t:|1633295641
|move|p2a: Ribombee|Moonblast|p1a: Aegislash
|-resisted|p1a: Aegislash
|-damage|p1a: Aegislash|88/100
|-unboost|p1a: Aegislash|spa|1
|move|p1a: Aegislash|Substitute|p1a: Aegislash
|-start|p1a: Aegislash|Substitute
|-damage|p1a: Aegislash|63/100
|
|-heal|p1a: Aegislash|69/100|[from] item: Leftovers
|upkeep
|turn|3
|
|t:|1633295647
|switch|p2a: Krookodile|Krookodile, M|100/100
|-ability|p2a: Krookodile|Intimidate|boost
|-immune|p1a: Aegislash
|-formechange|p1a: Aegislash|Aegislash-Blade||[from] ability: Stance Change
|move|p1a: Aegislash|Shadow Ball|p2a: Krookodile
|-resisted|p2a: Krookodile
|-damage|p2a: Krookodile|83/100
|
|-heal|p1a: Aegislash|75/100|[from] item: Leftovers
|upkeep
|turn|4
|
|t:|1633295651
|-formechange|p1a: Aegislash|Aegislash||[from] ability: Stance Change
|move|p1a: Aegislash|King's Shield|p1a: Aegislash
|-singleturn|p1a: Aegislash|Protect
|move|p2a: Krookodile|Taunt|p1a: Aegislash
|-start|p1a: Aegislash|move: Taunt
|
|-heal|p1a: Aegislash|81/100|[from] item: Leftovers
|upkeep
|turn|5
|
|t:|1633295656
|switch|p1a: Tapu Bulu|Tapu Bulu|100/100
|-activate|p1a: Tapu Bulu|move: Sticky Web
|-unboost|p1a: Tapu Bulu|spe|1
|-fieldstart|move: Grassy Terrain|[from] ability: Grassy Surge|[of] p1a: Tapu Bulu
|move|p2a: Krookodile|Stealth Rock|p1a: Tapu Bulu
|-sidestart|p1: Zephyyyr|move: Stealth Rock
|
|-heal|p2a: Krookodile|89/100|[from] Grassy Terrain
|upkeep
|turn|6
|
|t:|1633295672
|switch|p2a: Ribombee|Ribombee, M|54/100
|move|p1a: Tapu Bulu|Horn Leech|p2a: Ribombee
|-resisted|p2a: Ribombee
|-damage|p2a: Ribombee|0 fnt
|faint|p2a: Ribombee
|-damage|p1a: Tapu Bulu|91/100|[from] item: Life Orb
|
|-heal|p1a: Tapu Bulu|97/100|[from] Grassy Terrain
|upkeep
|
|t:|1633295674
|switch|p2a: Togekiss|Togekiss, F|100/100
|turn|7
|
|t:|1633295682
|switch|p1a: Aegislash|Aegislash, F|81/100
|-activate|p1a: Aegislash|move: Sticky Web
|-unboost|p1a: Aegislash|spe|1
|-damage|p1a: Aegislash|75/100|[from] Stealth Rock
|move|p2a: Togekiss|Substitute|p2a: Togekiss
|-start|p2a: Togekiss|Substitute
|-damage|p2a: Togekiss|76/100
|
|-heal|p1a: Aegislash|81/100|[from] Grassy Terrain
|-heal|p1a: Aegislash|88/100|[from] item: Leftovers
|upkeep
|turn|8
|inactive|Zephyyyr has 120 seconds left.
|inactive|Zephyyyr has 90 seconds left.
|
|t:|1633295755
|move|p2a: Togekiss|Nasty Plot|p2a: Togekiss
|-boost|p2a: Togekiss|spa|2
|-formechange|p1a: Aegislash|Aegislash-Blade||[from] ability: Stance Change
|move|p1a: Aegislash|Shadow Ball|p2a: Togekiss
|-end|p2a: Togekiss|Substitute
|
|-heal|p1a: Aegislash|94/100|[from] Grassy Terrain
|-heal|p1a: Aegislash|99/100|[from] item: Leftovers
|upkeep
|turn|9
|
|t:|1633295762
|-formechange|p1a: Aegislash|Aegislash||[from] ability: Stance Change
|move|p1a: Aegislash|King's Shield|p1a: Aegislash
|-singleturn|p1a: Aegislash|Protect
|move|p2a: Togekiss|Flamethrower|p1a: Aegislash
|-activate|p1a: Aegislash|move: Protect
|
|-heal|p1a: Aegislash|100/100|[from] Grassy Terrain
|-fieldend|move: Grassy Terrain
|upkeep
|turn|10
|inactive|Zephyyyr has 90 seconds left.
|
|t:|1633295774
|move|p2a: Togekiss|Air Slash|p1a: Aegislash
|-resisted|p1a: Aegislash
|-damage|p1a: Aegislash|79/100
|move|p1a: Aegislash|Toxic|p2a: Togekiss
|-status|p2a: Togekiss|tox
|
|-heal|p1a: Aegislash|85/100|[from] item: Leftovers
|-damage|p2a: Togekiss|70/100 tox|[from] psn
|upkeep
|turn|11
|inactive|Zephyyyr has 90 seconds left.
|
|t:|1633295801
|move|p2a: Togekiss|Flamethrower|p1a: Aegislash
|-supereffective|p1a: Aegislash
|-damage|p1a: Aegislash|11/100
|move|p1a: Aegislash|Substitute|p1a: Aegislash
|-fail|p1a: Aegislash|move: Substitute|[weak]
|
|-heal|p1a: Aegislash|17/100|[from] item: Leftovers
|-damage|p2a: Togekiss|57/100 tox|[from] psn
|upkeep
|turn|12
|j| Mindnight
|
|t:|1633295808
|move|p1a: Aegislash|King's Shield|p1a: Aegislash
|-singleturn|p1a: Aegislash|Protect
|move|p2a: Togekiss|Nasty Plot|p2a: Togekiss
|-boost|p2a: Togekiss|spa|2
|
|-heal|p1a: Aegislash|23/100|[from] item: Leftovers
|-damage|p2a: Togekiss|39/100 tox|[from] psn
|upkeep
|turn|13
|c| Mindnight|Zeph t pd
|inactive|Zephyyyr has 90 seconds left.
|
|t:|1633295814
|switch|p1a: Umbreon|Umbreon, F|100/100
|-activate|p1a: Umbreon|move: Sticky Web
|-unboost|p1a: Umbreon|spe|1
|-damage|p1a: Umbreon|88/100|[from] Stealth Rock
|move|p2a: Togekiss|Air Slash|p1a: Umbreon
|-damage|p1a: Umbreon|30/100
|
|-heal|p1a: Umbreon|36/100|[from] item: Leftovers
|-damage|p2a: Togekiss|15/100 tox|[from] psn
|upkeep
|-enditem|p2a: Togekiss|Salac Berry|[eat]
|-boost|p2a: Togekiss|spe|1|[from] item: Salac Berry
|turn|14
|
|t:|1633295822
|move|p1a: Umbreon|Protect|p1a: Umbreon
|-singleturn|p1a: Umbreon|Protect
|move|p2a: Togekiss|Air Slash|p1a: Umbreon
|-activate|p1a: Umbreon|move: Protect
|
|-heal|p1a: Umbreon|42/100|[from] item: Leftovers
|-damage|p2a: Togekiss|0 fnt|[from] psn
|faint|p2a: Togekiss
|upkeep
|
|t:|1633295824
|switch|p2a: Keldeo|Keldeo-Resolute|100/100
|turn|15
|
|t:|1633295837
|switch|p1a: Tapu Bulu|Tapu Bulu|97/100
|-damage|p1a: Tapu Bulu|84/100|[from] Stealth Rock
|-activate|p1a: Tapu Bulu|move: Sticky Web
|-unboost|p1a: Tapu Bulu|spe|1
|-fieldstart|move: Grassy Terrain|[from] ability: Grassy Surge|[of] p1a: Tapu Bulu
|move|p2a: Keldeo|Calm Mind|p2a: Keldeo
|-boost|p2a: Keldeo|spa|1
|-boost|p2a: Keldeo|spd|1
|
|-heal|p1a: Tapu Bulu|90/100|[from] Grassy Terrain
|upkeep
|turn|16
|
|t:|1633295846
|switch|p2a: Krookodile|Krookodile, M|89/100
|-ability|p2a: Krookodile|Intimidate|boost
|-unboost|p1a: Tapu Bulu|atk|1
|move|p1a: Tapu Bulu|Horn Leech|p2a: Krookodile
|-supereffective|p2a: Krookodile
|-damage|p2a: Krookodile|0 fnt
|-heal|p1a: Tapu Bulu|100/100|[from] drain|[of] p2a: Krookodile
|faint|p2a: Krookodile
|-damage|p1a: Tapu Bulu|91/100|[from] item: Life Orb
|
|-heal|p1a: Tapu Bulu|97/100|[from] Grassy Terrain
|upkeep
|
|t:|1633295858
|switch|p2a: Gyarados|Gyarados, M|100/100
|turn|17
|
|t:|1633295862
|move|p2a: Gyarados|Bounce||[still]
|-prepare|p2a: Gyarados|Bounce
|-enditem|p2a: Gyarados|Power Herb
|-anim|p2a: Gyarados|Bounce|p1a: Tapu Bulu
|-supereffective|p1a: Tapu Bulu
|-damage|p1a: Tapu Bulu|0 fnt
|faint|p1a: Tapu Bulu
|-ability|p2a: Gyarados|Moxie|boost
|-boost|p2a: Gyarados|atk|1
|
|upkeep
|inactive|Zephyyyr has 120 seconds left.
|
|t:|1633295874
|switch|p1a: Swampert|Swampert, F|100/100
|-activate|p1a: Swampert|move: Sticky Web
|-unboost|p1a: Swampert|spe|1
|-damage|p1a: Swampert|94/100|[from] Stealth Rock
|turn|18
|
|t:|1633295880
|move|p2a: Gyarados|Power Whip|p1a: Swampert|[miss]
|-miss|p2a: Gyarados|p1a: Swampert
|move|p1a: Swampert|Toxic|p2a: Gyarados|[miss]
|-miss|p1a: Swampert|p2a: Gyarados
|
|-heal|p1a: Swampert|100/100|[from] Grassy Terrain
|upkeep
|turn|19
|
|t:|1633295888
|switch|p1a: Slowbro|Slowbro-Galar, F|100/100
|-activate|p1a: Slowbro|move: Sticky Web
|-unboost|p1a: Slowbro|spe|1
|-damage|p1a: Slowbro|88/100|[from] Stealth Rock
|move|p2a: Gyarados|Power Whip|p1a: Slowbro
|-resisted|p1a: Slowbro
|-damage|p1a: Slowbro|66/100
|
|-heal|p1a: Slowbro|72/100|[from] Grassy Terrain
|-fieldend|move: Grassy Terrain
|upkeep
|turn|20
|
|t:|1633295894
|move|p2a: Gyarados|Waterfall|p1a: Slowbro
|-damage|p1a: Slowbro|27/100
|cant|p1a: Slowbro|flinch
|
|upkeep
|turn|21
|-message|Zephyyyr forfeited.
|
|win|IDRINKWHENIWANT
|raw|Zephyyyr's rating: 1519 &rarr; <strong>1490</strong><br />(-29 for losing)
|raw|IDRINKWHENIWANT's rating: 1346 &rarr; <strong>1375</strong><br />(+29 for winning)
|l|☆Zephyyyr
