|j|☆Xoyjaz
|j|☆Lol52
|t:|1633428779
|gametype|singles
|player|p1|Xoyjaz|169|1364
|player|p2|Lol52|dawn|1313
|teamsize|p1|6
|teamsize|p2|6
|gen|8
|tier|[Gen 8] UU
|rated|
|rule|Sleep Clause Mod: Limit one foe put to sleep
|rule|Species Clause: Limit one of each Pokémon
|rule|OHKO Clause: OHKO moves are banned
|rule|Evasion Moves Clause: Evasion moves are banned
|rule|Endless Battle Clause: Forcing endless battles is banned
|rule|HP Percentage Mod: HP is shown in percentages
|rule|Dynamax Clause: You cannot dynamax
|clearpoke
|poke|p1|Cobalion|
|poke|p1|Hydreigon, M|
|poke|p1|Amoonguss, F|
|poke|p1|Sharpedo, M|
|poke|p1|Starmie|
|poke|p1|Conkeldurr, M|
|poke|p2|Hydreigon, M|
|poke|p2|Crawdaunt, M|
|poke|p2|Thundurus-Therian, M|
|poke|p2|Skarmory, M|
|poke|p2|Latias, F|
|poke|p2|Gyarados, F|
|teampreview
|inactive|Battle timer is ON: inactive players will automatically lose when time's up. (requested by Lol52)
|inactive|Lol52 has 120 seconds left.
|inactive|Lol52 has 90 seconds left.
|inactive|Lol52 has 60 seconds left.
|
|t:|1633428892
|start
|switch|p1a: Donkey|Cobalion|100/100
|switch|p2a: Thundurus|Thundurus-Therian, M|100/100
|turn|1
|
|t:|1633428897
|move|p1a: Donkey|Stealth Rock|p2a: Thundurus
|-sidestart|p2: Lol52|move: Stealth Rock
|move|p2a: Thundurus|Substitute|p2a: Thundurus
|-start|p2a: Thundurus|Substitute
|-damage|p2a: Thundurus|76/100
|
|upkeep
|turn|2
|
|t:|1633428901
|move|p1a: Donkey|Taunt|p2a: Thundurus
|-start|p2a: Thundurus|move: Taunt
|move|p2a: Thundurus|Thunderbolt|p1a: Donkey
|-damage|p1a: Donkey|5/100
|-status|p1a: Donkey|par
|-damage|p2a: Thundurus|66/100|[from] item: Life Orb
|
|upkeep
|turn|3
|inactive|Lol52 has 120 seconds left.
|
|t:|1633428908
|move|p2a: Thundurus|Psychic|p1a: Donkey
|-damage|p1a: Donkey|0 fnt
|faint|p1a: Donkey
|-damage|p2a: Thundurus|56/100|[from] item: Life Orb
|
|upkeep
|
|t:|1633428928
|switch|p1a: Columbuskus|Starmie, shiny|100/100
|turn|4
|
|t:|1633428931
|move|p1a: Columbuskus|Scald|p2a: Thundurus
|-crit|p2a: Thundurus
|-end|p2a: Thundurus|Substitute
|move|p2a: Thundurus|Thunderbolt|p1a: Columbuskus
|-supereffective|p1a: Columbuskus
|-damage|p1a: Columbuskus|0 fnt
|faint|p1a: Columbuskus
|-damage|p2a: Thundurus|47/100|[from] item: Life Orb
|
|-end|p2a: Thundurus|move: Taunt
|upkeep
|
|t:|1633428936
|switch|p1a: Conkeldurr|Conkeldurr, M|100/100
|turn|5
|
|t:|1633428939
|move|p2a: Thundurus|Psychic|p1a: Conkeldurr
|-supereffective|p1a: Conkeldurr
|-damage|p1a: Conkeldurr|0 fnt
|faint|p1a: Conkeldurr
|-damage|p2a: Thundurus|37/100|[from] item: Life Orb
|
|upkeep
|
|t:|1633428943
|switch|p1a: Bag-Alert!|Hydreigon, M|100/100
|turn|6
|
|t:|1633428948
|move|p2a: Thundurus|Thunderbolt|p1a: Bag-Alert!
|-resisted|p1a: Bag-Alert!
|-damage|p1a: Bag-Alert!|60/100
|-damage|p2a: Thundurus|27/100|[from] item: Life Orb
|move|p1a: Bag-Alert!|Dark Pulse|p2a: Thundurus
|-damage|p2a: Thundurus|0 fnt
|faint|p2a: Thundurus
|-damage|p1a: Bag-Alert!|50/100|[from] item: Life Orb
|
|upkeep
|
|t:|1633428972
|switch|p2a: Hydreigon|Hydreigon, M|100/100
|-damage|p2a: Hydreigon|88/100|[from] Stealth Rock
|turn|7
|
|t:|1633428979
|switch|p1a: Practical usage|Amoonguss, F|100/100
|switch|p2a: Skarmory|Skarmory, M|100/100
|-damage|p2a: Skarmory|88/100|[from] Stealth Rock
|
|upkeep
|turn|8
|
|t:|1633428992
|move|p2a: Skarmory|Spikes|p1a: Practical usage
|-sidestart|p1: Xoyjaz|Spikes
|move|p1a: Practical usage|Spore|p2a: Skarmory
|-status|p2a: Skarmory|slp|[from] move: Spore
|
|upkeep
|turn|9
|inactive|Xoyjaz has 120 seconds left.
|
|t:|1633429024
|switch|p2a: Latias|Latias, F|100/100
|-damage|p2a: Latias|88/100|[from] Stealth Rock
|switch|p1a: Bag-Alert!|Hydreigon, M|50/100
|
|-heal|p2a: Latias|94/100|[from] item: Leftovers
|upkeep
|turn|10
|
|t:|1633429030
|switch|p1a: Practical usage|Amoonguss, F|100/100
|-damage|p1a: Practical usage|88/100|[from] Spikes
|move|p2a: Latias|Aura Sphere|p1a: Practical usage
|-resisted|p1a: Practical usage
|-damage|p1a: Practical usage|79/100
|
|-heal|p2a: Latias|99/100|[from] item: Leftovers
|upkeep
|turn|11
|
|t:|1633429034
|move|p2a: Latias|Calm Mind|p2a: Latias
|-boost|p2a: Latias|spa|1
|-boost|p2a: Latias|spd|1
|move|p1a: Practical usage|Sludge Bomb|p2a: Latias
|-damage|p2a: Latias|85/100
|
|-heal|p2a: Latias|91/100|[from] item: Leftovers
|upkeep
|turn|12
|
|t:|1633429038
|switch|p1a: Bag-Alert!|Hydreigon, M|50/100
|move|p2a: Latias|Psyshock|p1a: Bag-Alert!
|-immune|p1a: Bag-Alert!
|
|-heal|p2a: Latias|97/100|[from] item: Leftovers
|upkeep
|turn|13
|
|t:|1633429041
|move|p2a: Latias|Aura Sphere|p1a: Bag-Alert!
|-supereffective|p1a: Bag-Alert!
|-damage|p1a: Bag-Alert!|0 fnt
|faint|p1a: Bag-Alert!
|
|-heal|p2a: Latias|100/100|[from] item: Leftovers
|upkeep
|
|t:|1633429043
|switch|p1a: Jamson 4th|Sharpedo, M, shiny|100/100
|-damage|p1a: Jamson 4th|88/100|[from] Spikes
|turn|14
|
|t:|1633429046
|move|p1a: Jamson 4th|Protect|p1a: Jamson 4th
|-singleturn|p1a: Jamson 4th|Protect
|move|p2a: Latias|Calm Mind|p2a: Latias
|-boost|p2a: Latias|spa|1
|-boost|p2a: Latias|spd|1
|
|-ability|p1a: Jamson 4th|Speed Boost|boost
|-boost|p1a: Jamson 4th|spe|1
|upkeep
|turn|15
|
|t:|1633429058
|move|p1a: Jamson 4th|Crunch|p2a: Latias
|-supereffective|p2a: Latias
|-damage|p2a: Latias|0 fnt
|faint|p2a: Latias
|-damage|p1a: Jamson 4th|78/100|[from] item: Life Orb
|
|-ability|p1a: Jamson 4th|Speed Boost|boost
|-boost|p1a: Jamson 4th|spe|1
|upkeep
|
|t:|1633429066
|switch|p2a: Skarmory|Skarmory, M|88/100 slp
|-damage|p2a: Skarmory|76/100 slp|[from] Stealth Rock
|turn|16
|
|t:|1633429078
|move|p1a: Jamson 4th|Crunch|p2a: Skarmory
|-damage|p2a: Skarmory|45/100 slp
|-unboost|p2a: Skarmory|def|1
|-damage|p1a: Jamson 4th|62/100|[from] item: Rocky Helmet|[of] p2a: Skarmory
|-damage|p1a: Jamson 4th|52/100|[from] item: Life Orb
|cant|p2a: Skarmory|slp
|
|-ability|p1a: Jamson 4th|Speed Boost|boost
|-boost|p1a: Jamson 4th|spe|1
|upkeep
|turn|17
|
|t:|1633429089
|switch|p2a: Gyarados|Gyarados, F|100/100
|-damage|p2a: Gyarados|76/100|[from] Stealth Rock
|move|p1a: Jamson 4th|Crunch|p2a: Gyarados
|-damage|p2a: Gyarados|9/100
|-damage|p1a: Jamson 4th|42/100|[from] item: Life Orb
|
|-ability|p1a: Jamson 4th|Speed Boost|boost
|-boost|p1a: Jamson 4th|spe|1
|upkeep
|turn|18
|
|t:|1633429093
|move|p1a: Jamson 4th|Crunch|p2a: Gyarados
|-crit|p2a: Gyarados
|-damage|p2a: Gyarados|0 fnt
|faint|p2a: Gyarados
|-damage|p1a: Jamson 4th|32/100|[from] item: Life Orb
|
|-ability|p1a: Jamson 4th|Speed Boost|boost
|-boost|p1a: Jamson 4th|spe|1
|upkeep
|
|t:|1633429099
|switch|p2a: Skarmory|Skarmory, M|45/100 slp
|-damage|p2a: Skarmory|33/100 slp|[from] Stealth Rock
|turn|19
|inactive|Xoyjaz has 120 seconds left.
|
|t:|1633429145
|move|p1a: Jamson 4th|Crunch|p2a: Skarmory
|-crit|p2a: Skarmory
|-damage|p2a: Skarmory|0 fnt
|-damage|p1a: Jamson 4th|15/100|[from] item: Rocky Helmet|[of] p2a: Skarmory
|faint|p2a: Skarmory
|-damage|p1a: Jamson 4th|5/100|[from] item: Life Orb
|
|-ability|p1a: Jamson 4th|Speed Boost|boost
|-boost|p1a: Jamson 4th|spe|1
|upkeep
|
|t:|1633429156
|switch|p2a: Hydreigon|Hydreigon, M|88/100
|-damage|p2a: Hydreigon|76/100|[from] Stealth Rock
|turn|20
|
|t:|1633429164
|move|p1a: Jamson 4th|Ice Fang|p2a: Hydreigon
|-supereffective|p2a: Hydreigon
|-damage|p2a: Hydreigon|1/100
|-damage|p1a: Jamson 4th|0 fnt|[from] item: Life Orb
|faint|p1a: Jamson 4th
|move|p2a: Hydreigon|Dark Pulse|p1: Jamson 4th|[notarget]
|-fail|p2a: Hydreigon
|
|upkeep
|
|t:|1633429168
|switch|p1a: Practical usage|Amoonguss, F|100/100
|-damage|p1a: Practical usage|88/100|[from] Spikes
|turn|21
|
|t:|1633429173
|move|p2a: Hydreigon|Draco Meteor|p1a: Practical usage
|-damage|p1a: Practical usage|3/100
|-unboost|p2a: Hydreigon|spa|2
|-damage|p2a: Hydreigon|0 fnt|[from] item: Life Orb
|faint|p2a: Hydreigon
|move|p1a: Practical usage|Spore|p2: Hydreigon|[notarget]
|-fail|p1a: Practical usage
|
|upkeep
|l|☆Xoyjaz
|inactive|Xoyjaz disconnected and has a minute to reconnect!
|player|p1|
|
|t:|1633429178
|switch|p2a: Crawdaunt|Crawdaunt, M|100/100
|-damage|p2a: Crawdaunt|88/100|[from] Stealth Rock
|turn|22
|inactive|Xoyjaz has 30 seconds to reconnect!
|inactive|Xoyjaz has 20 seconds to reconnect!
|inactive|Xoyjaz has 15 seconds to reconnect!
|inactive|Xoyjaz has 10 seconds to reconnect!
|inactive|Xoyjaz has 5 seconds to reconnect!
|-message|Xoyjaz lost due to inactivity.
|
|win|Lol52
|raw|Xoyjaz's rating: 1356 &rarr; <strong>1334</strong><br />(-22 for losing)
|raw|Lol52's rating: 1313 &rarr; <strong>1335</strong><br />(+22 for winning)
