|j|☆udongirl
|j|☆notily
|t:|1662854417
|gametype|singles
|player|p1|udongirl|#bltviiiturtwigs|
|player|p2|notily|tate|
|teamsize|p1|6
|teamsize|p2|6
|gen|8
|tier|[Gen 8] UU
|rule|Sleep Clause Mod: Limit one foe put to sleep
|rule|Species Clause: Limit one of each Pokémon
|rule|OHKO Clause: OHKO moves are banned
|rule|Evasion Items Clause: Evasion items are banned
|rule|Evasion Moves Clause: Evasion moves are banned
|rule|Endless Battle Clause: Forcing endless battles is banned
|rule|HP Percentage Mod: HP is shown in percentages
|rule|Dynamax Clause: You cannot dynamax
|clearpoke
|poke|p1|Togekiss, M|
|poke|p1|Salamence, F|
|poke|p1|Excadrill, F|
|poke|p1|Slowking, M|
|poke|p1|Tangrowth, M|
|poke|p1|Raikou|
|poke|p2|Tornadus, M|
|poke|p2|Scizor, F|
|poke|p2|Starmie|
|poke|p2|Zarude|
|poke|p2|Cobalion|
|poke|p2|Rhyperior, M|
|teampreview
|c|☆notily|hf
|c|☆udongirl|hf
|
|t:|1662854441
|start
|switch|p1a: Slowking|Slowking, M|100/100
|switch|p2a: Zarude|Zarude|100/100
|turn|1
|
|t:|1662854455
|move|p2a: Zarude|U-turn|p1a: Slowking
|-supereffective|p1a: Slowking
|-damage|p1a: Slowking|66/100
|
|t:|1662854460
|switch|p2a: Starmie|Starmie|100/100|[from]move: U-turn
|move|p1a: Slowking|Teleport|p1a: Slowking
|
|t:|1662854464
|switch|p1a: Tangrowth|Tangrowth, M|100/100|[from]move: Teleport
|
|upkeep
|turn|2
|
|t:|1662854473
|switch|p2a: Tornadus|Tornadus, M|100/100
|move|p1a: Tangrowth|Knock Off|p2a: Tornadus
|-damage|p2a: Tornadus|68/100
|-enditem|p2a: Tornadus|Heavy-Duty Boots|[from] move: Knock Off|[of] p1a: Tangrowth
|
|upkeep
|turn|3
|
|t:|1662854480
|switch|p1a: Raikou|Raikou|100/100
|move|p2a: Tornadus|Hurricane|p1a: Raikou
|-resisted|p1a: Raikou
|-damage|p1a: Raikou|71/100
|
|upkeep
|turn|4
|
|t:|1662854496
|switch|p2a: Zarude|Zarude|100/100
|move|p1a: Raikou|Volt Switch|p2a: Zarude
|-resisted|p2a: Zarude
|-damage|p2a: Zarude|83/100
|
|t:|1662854499
|switch|p1a: Togekiss|Togekiss, M|100/100|[from]move: Volt Switch
|
|upkeep
|turn|5
|
|t:|1662854504
|move|p2a: Zarude|U-turn|p1a: Togekiss
|-resisted|p1a: Togekiss
|-damage|p1a: Togekiss|94/100
|
|t:|1662854506
|switch|p2a: Rhyperior|Rhyperior, M|100/100|[from]move: U-turn
|move|p1a: Togekiss|Dazzling Gleam|p2a: Rhyperior
|-damage|p2a: Rhyperior|54/100
|
|-heal|p2a: Rhyperior|60/100|[from] item: Leftovers
|upkeep
|turn|6
|
|t:|1662854519
|switch|p1a: Excadrill|Excadrill, F|100/100
|-ability|p1a: Excadrill|Mold Breaker
|move|p2a: Rhyperior|Stealth Rock|p1a: Excadrill
|-sidestart|p1: udongirl|move: Stealth Rock
|
|-heal|p2a: Rhyperior|67/100|[from] item: Leftovers
|upkeep
|turn|7
|
|t:|1662854543
|switch|p2a: Tornadus|Tornadus, M|68/100
|move|p1a: Excadrill|Earthquake|p2a: Tornadus
|-immune|p2a: Tornadus
|
|upkeep
|turn|8
|
|t:|1662854552
|switch|p1a: Slowking|Slowking, M|99/100
|-damage|p1a: Slowking|87/100|[from] Stealth Rock
|move|p2a: Tornadus|Heat Wave|p1a: Slowking
|-resisted|p1a: Slowking
|-damage|p1a: Slowking|74/100
|
|upkeep
|turn|9
|
|t:|1662854562
|move|p2a: Tornadus|Hurricane|p1a: Slowking|[miss]
|-miss|p2a: Tornadus|p1a: Slowking
|move|p1a: Slowking|Teleport|p1a: Slowking
|
|t:|1662854567
|switch|p1a: Raikou|Raikou|71/100|[from]move: Teleport
|
|upkeep
|turn|10
|
|t:|1662854579
|switch|p2a: Rhyperior|Rhyperior, M|67/100
|move|p1a: Raikou|Thunderbolt|p2a: Rhyperior
|-immune|p2a: Rhyperior
|
|-heal|p2a: Rhyperior|73/100|[from] item: Leftovers
|upkeep
|turn|11
|
|t:|1662854582
|switch|p2a: Zarude|Zarude|83/100
|move|p1a: Raikou|Scald|p2a: Zarude
|-resisted|p2a: Zarude
|-damage|p2a: Zarude|71/100
|-status|p2a: Zarude|brn
|
|-damage|p2a: Zarude|65/100 brn|[from] brn
|upkeep
|turn|12
|
|t:|1662854596
|move|p1a: Raikou|Aura Sphere|p2a: Zarude
|-supereffective|p2a: Zarude
|-damage|p2a: Zarude|9/100 brn
|move|p2a: Zarude|Jungle Healing|p2a: Zarude
|-heal|p2a: Zarude|34/100 brn
|-curestatus|p2a: Zarude|brn|[msg]
|
|upkeep
|turn|13
|
|t:|1662854640
|switch|p2a: Tornadus|Tornadus, M|68/100
|move|p1a: Raikou|Aura Sphere|p2a: Tornadus
|-resisted|p2a: Tornadus
|-damage|p2a: Tornadus|52/100
|
|upkeep
|turn|14
|
|t:|1662854659
|switch|p2a: Rhyperior|Rhyperior, M|73/100
|move|p1a: Raikou|Thunderbolt|p2a: Rhyperior
|-immune|p2a: Rhyperior
|
|-heal|p2a: Rhyperior|79/100|[from] item: Leftovers
|upkeep
|turn|15
|
|t:|1662854709
|switch|p1a: Tangrowth|Tangrowth, M|100/100
|-damage|p1a: Tangrowth|88/100|[from] Stealth Rock
|move|p2a: Rhyperior|Stone Edge|p1a: Tangrowth|[miss]
|-miss|p2a: Rhyperior|p1a: Tangrowth
|
|-heal|p2a: Rhyperior|85/100|[from] item: Leftovers
|upkeep
|turn|16
|
|t:|1662854726
|switch|p1a: Salamence|Salamence, F|100/100
|-ability|p1a: Salamence|Intimidate|boost
|-unboost|p2a: Rhyperior|atk|1
|switch|p2a: Tornadus|Tornadus, M|52/100
|
|upkeep
|turn|17
|
|t:|1662854738
|move|p2a: Tornadus|Hurricane|p1a: Salamence|[miss]
|-miss|p2a: Tornadus|p1a: Salamence
|move|p1a: Salamence|Defog|p2a: Tornadus
|-unboost|p2a: Tornadus|evasion|1
|-ability|p2a: Tornadus|Defiant
|-boost|p2a: Tornadus|atk|2
|-sideend|p1: udongirl|Stealth Rock|[from] move: Defog|[of] p1a: Salamence
|
|upkeep
|turn|18
|
|t:|1662854745
|move|p2a: Tornadus|Knock Off|p1a: Salamence
|-damage|p1a: Salamence|53/100
|-enditem|p1a: Salamence|Heavy-Duty Boots|[from] move: Knock Off|[of] p2a: Tornadus
|move|p1a: Salamence|Draco Meteor|p2a: Tornadus
|-damage|p2a: Tornadus|0 fnt
|-unboost|p1a: Salamence|spa|2
|faint|p2a: Tornadus
|
|upkeep
|
|t:|1662854786
|switch|p2a: Starmie|Starmie|100/100
|turn|19
|
|t:|1662854794
|switch|p1a: Slowking|Slowking, M|100/100
|move|p2a: Starmie|Thunderbolt|p1a: Slowking
|-supereffective|p1a: Slowking
|-damage|p1a: Slowking|32/100
|-damage|p2a: Starmie|91/100|[from] item: Life Orb
|
|upkeep
|turn|20
|
|t:|1662854807
|switch|p1a: Tangrowth|Tangrowth, M|100/100
|move|p2a: Starmie|Ice Beam|p1a: Tangrowth
|-supereffective|p1a: Tangrowth
|-damage|p1a: Tangrowth|48/100
|-damage|p2a: Starmie|81/100|[from] item: Life Orb
|
|upkeep
|turn|21
|
|t:|1662854818
|switch|p2a: Cobalion|Cobalion|100/100
|move|p1a: Tangrowth|Knock Off|p2a: Cobalion
|-resisted|p2a: Cobalion
|-damage|p2a: Cobalion|91/100
|-ability|p2a: Cobalion|Justified|boost
|-boost|p2a: Cobalion|atk|1
|-enditem|p2a: Cobalion|Safety Goggles|[from] move: Knock Off|[of] p1a: Tangrowth
|
|upkeep
|turn|22
|
|t:|1662854838
|move|p2a: Cobalion|Megahorn|p1a: Tangrowth
|-supereffective|p1a: Tangrowth
|-damage|p1a: Tangrowth|0 fnt
|faint|p1a: Tangrowth
|
|upkeep
|
|t:|1662854843
|switch|p1a: Raikou|Raikou|71/100
|turn|23
|
|t:|1662854883
|move|p1a: Raikou|Volt Switch|p2a: Cobalion
|-damage|p2a: Cobalion|42/100
|
|t:|1662854896
|switch|p1a: Slowking|Slowking, M|65/100|[from]move: Volt Switch
|move|p2a: Cobalion|Close Combat|p1a: Slowking
|-resisted|p1a: Slowking
|-damage|p1a: Slowking|40/100
|-unboost|p2a: Cobalion|def|1
|-unboost|p2a: Cobalion|spd|1
|
|upkeep
|turn|24
|
|t:|1662854907
|move|p2a: Cobalion|Megahorn|p1a: Slowking|[miss]
|-miss|p2a: Cobalion|p1a: Slowking
|move|p1a: Slowking|Teleport|p1a: Slowking
|
|t:|1662854909
|switch|p1a: Raikou|Raikou|71/100|[from]move: Teleport
|
|upkeep
|turn|25
|
|t:|1662854931
|switch|p2a: Zarude|Zarude|34/100
|move|p1a: Raikou|Scald|p2a: Zarude
|-resisted|p2a: Zarude
|-damage|p2a: Zarude|21/100
|
|upkeep
|turn|26
|
|t:|1662854944
|move|p1a: Raikou|Aura Sphere|p2a: Zarude
|-supereffective|p2a: Zarude
|-damage|p2a: Zarude|0 fnt
|faint|p2a: Zarude
|
|upkeep
|
|t:|1662854949
|switch|p2a: Rhyperior|Rhyperior, M|85/100
|turn|27
|
|t:|1662854985
|move|p1a: Raikou|Scald|p2a: Rhyperior
|-supereffective|p2a: Rhyperior
|-damage|p2a: Rhyperior|20/100
|move|p2a: Rhyperior|Stone Edge|p1a: Raikou
|-damage|p1a: Raikou|7/100
|
|-heal|p2a: Rhyperior|27/100|[from] item: Leftovers
|upkeep
|turn|28
|
|t:|1662854998
|move|p1a: Raikou|Scald|p2a: Rhyperior
|-supereffective|p2a: Rhyperior
|-damage|p2a: Rhyperior|0 fnt
|faint|p2a: Rhyperior
|
|upkeep
|
|t:|1662855003
|switch|p2a: Scizor|Scizor, F|100/100
|turn|29
|
|t:|1662855010
|switch|p1a: Salamence|Salamence, F|53/100
|-ability|p1a: Salamence|Intimidate|boost
|-unboost|p2a: Scizor|atk|1
|move|p2a: Scizor|Bullet Punch|p1a: Salamence
|-damage|p1a: Salamence|22/100
|-damage|p2a: Scizor|91/100|[from] item: Life Orb
|
|upkeep
|turn|30
|
|t:|1662855031
|switch|p1a: Excadrill|Excadrill, F|100/100
|-ability|p1a: Excadrill|Mold Breaker
|move|p2a: Scizor|Bullet Punch|p1a: Excadrill
|-resisted|p1a: Excadrill
|-damage|p1a: Excadrill|81/100
|-damage|p2a: Scizor|81/100|[from] item: Life Orb
|
|-heal|p1a: Excadrill|87/100|[from] item: Leftovers
|upkeep
|turn|31
|
|t:|1662855047
|switch|p2a: Cobalion|Cobalion|42/100
|move|p1a: Excadrill|Rapid Spin|p2a: Cobalion
|-resisted|p2a: Cobalion
|-damage|p2a: Cobalion|34/100
|-boost|p1a: Excadrill|spe|1
|
|-heal|p1a: Excadrill|93/100|[from] item: Leftovers
|upkeep
|turn|32
|
|t:|1662855056
|move|p1a: Excadrill|Earthquake|p2a: Cobalion
|-supereffective|p2a: Cobalion
|-damage|p2a: Cobalion|0 fnt
|faint|p2a: Cobalion
|
|-heal|p1a: Excadrill|99/100|[from] item: Leftovers
|upkeep
|
|t:|1662855058
|switch|p2a: Scizor|Scizor, F|81/100
|turn|33
|
|t:|1662855062
|move|p1a: Excadrill|Earthquake|p2a: Scizor
|-damage|p2a: Scizor|15/100
|move|p2a: Scizor|Knock Off|p1a: Excadrill
|-damage|p1a: Excadrill|27/100
|-enditem|p1a: Excadrill|Leftovers|[from] move: Knock Off|[of] p2a: Scizor
|-damage|p2a: Scizor|5/100|[from] item: Life Orb
|
|upkeep
|turn|34
|
|t:|1662855070
|move|p2a: Scizor|Bullet Punch|p1a: Excadrill
|-resisted|p1a: Excadrill
|-damage|p1a: Excadrill|0 fnt
|faint|p1a: Excadrill
|-damage|p2a: Scizor|0 fnt|[from] item: Life Orb
|faint|p2a: Scizor
|
|upkeep
|
|t:|1662855077
|switch|p1a: Togekiss|Togekiss, M|94/100
|switch|p2a: Starmie|Starmie|81/100
|turn|35
|
|t:|1662855080
|move|p2a: Starmie|Ice Beam|p1a: Togekiss
|-supereffective|p1a: Togekiss
|-damage|p1a: Togekiss|33/100
|-damage|p2a: Starmie|71/100|[from] item: Life Orb
|move|p1a: Togekiss|Dazzling Gleam|p2a: Starmie
|-damage|p2a: Starmie|0 fnt
|faint|p2a: Starmie
|
|win|udongirl
|c|☆notily|gg
|l|☆notily
|c|☆udongirl|gg
