|j|‽The SD sweep
|j|☆rulky
|t:|1666982409
|gametype|singles
|player|p1|The SD sweep|red|1668
|player|p2|rulky|maid|1661
|teamsize|p1|6
|teamsize|p2|6
|gen|8
|tier|[Gen 8] UU
|rated|
|rule|Sleep Clause Mod: Limit one foe put to sleep
|rule|Species Clause: Limit one of each Pokémon
|rule|OHKO Clause: OHKO moves are banned
|rule|Evasion Items Clause: Evasion items are banned
|rule|Evasion Moves Clause: Evasion moves are banned
|rule|Endless Battle Clause: Forcing endless battles is banned
|rule|HP Percentage Mod: HP is shown in percentages
|rule|Dynamax Clause: You cannot dynamax
|clearpoke
|poke|p1|Keldeo-Resolute|
|poke|p1|Hatterene, F|
|poke|p1|Hippowdon, F|
|poke|p1|Slowking, M|
|poke|p1|Scizor, M|
|poke|p1|Zarude-Dada|
|poke|p2|Zygarde-10%|
|poke|p2|Cobalion|
|poke|p2|Golisopod, F|
|poke|p2|Reuniclus, F|
|poke|p2|Chansey, F|
|poke|p2|Salamence, M|
|teampreview
|inactive|Battle timer is ON: inactive players will automatically lose when time's up. (requested by The SD sweep)
|
|t:|1666982434
|start
|switch|p1a: Scizor|Scizor, M, shiny|100/100
|switch|p2a: Golisopod|Golisopod, F|100/100
|turn|1
|
|t:|1666982437
|switch|p2a: Cobalion|Cobalion|100/100
|move|p1a: Scizor|Dual Wingbeat|p2a: Cobalion
|-damage|p2a: Cobalion|70/100
|-damage|p1a: Scizor|84/100|[from] item: Rocky Helmet|[of] p2a: Cobalion
|-damage|p2a: Cobalion|39/100
|-damage|p1a: Scizor|68/100|[from] item: Rocky Helmet|[of] p2a: Cobalion
|-hitcount|p2a: Cobalion|2
|
|upkeep
|turn|2
|
|t:|1666982443
|switch|p2a: Golisopod|Golisopod, F|100/100
|switch|p1a: Hatterene|Hatterene, F, shiny|100/100
|
|upkeep
|turn|3
|
|t:|1666982445
|move|p2a: Golisopod|Knock Off|p1a: Hatterene
|-damage|p1a: Hatterene|69/100
|-enditem|p1a: Hatterene|Leftovers|[from] move: Knock Off|[of] p2a: Golisopod
|move|p1a: Hatterene|Calm Mind|p1a: Hatterene
|-boost|p1a: Hatterene|spa|1
|-boost|p1a: Hatterene|spd|1
|
|upkeep
|turn|4
|
|t:|1666982453
|move|p2a: Golisopod|Liquidation|p1a: Hatterene
|-damage|p1a: Hatterene|29/100
|-unboost|p1a: Hatterene|def|1
|move|p1a: Hatterene|Draining Kiss|p2a: Golisopod
|-damage|p2a: Golisopod|64/100
|-heal|p1a: Hatterene|58/100|[from] drain|[of] p2a: Golisopod
|
|upkeep
|turn|5
|
|t:|1666982460
|switch|p1a: Keldeo|Keldeo-Resolute|100/100
|move|p2a: Golisopod|Knock Off|p1a: Keldeo
|-resisted|p1a: Keldeo
|-damage|p1a: Keldeo|79/100
|-ability|p1a: Keldeo|Justified|boost
|-boost|p1a: Keldeo|atk|1
|-enditem|p1a: Keldeo|Choice Specs|[from] move: Knock Off|[of] p2a: Golisopod
|
|upkeep
|turn|6
|c|☆rulky|This is bad
|
|t:|1666982470
|move|p1a: Keldeo|Air Slash|p2a: Golisopod
|-supereffective|p2a: Golisopod
|-damage|p2a: Golisopod|11/100
|-activate|p2a: Golisopod|ability: Emergency Exit
|
|t:|1666982475
|switch|p2a: Zygarde|Zygarde-10%|100/100
|-ability|p2a: Zygarde|Aura Break
|
|upkeep
|turn|7
|
|t:|1666982480
|switch|p2a: Golisopod|Golisopod, F|11/100
|move|p1a: Keldeo|Icy Wind|p2a: Golisopod
|-resisted|p2a: Golisopod
|-damage|p2a: Golisopod|1/100
|-unboost|p2a: Golisopod|spe|1
|
|upkeep
|turn|8
|
|t:|1666982487
|move|p2a: Golisopod|First Impression|p1a: Keldeo
|-resisted|p1a: Keldeo
|-crit|p1a: Keldeo
|-damage|p1a: Keldeo|38/100
|move|p1a: Keldeo|Surf|p2a: Golisopod
|-resisted|p2a: Golisopod
|-damage|p2a: Golisopod|0 fnt
|faint|p2a: Golisopod
|
|upkeep
|
|t:|1666982490
|switch|p2a: Zygarde|Zygarde-10%|100/100
|-ability|p2a: Zygarde|Aura Break
|turn|9
|
|t:|1666982491
|switch|p1a: Hippowdon|Hippowdon, F|100/100
|-weather|Sandstorm|[from] ability: Sand Stream|[of] p1a: Hippowdon
|move|p2a: Zygarde|Thousand Arrows|p1a: Hippowdon
|-damage|p1a: Hippowdon|64/100
|
|-weather|Sandstorm|[upkeep]
|-heal|p1a: Hippowdon|70/100|[from] item: Leftovers
|upkeep
|turn|10
|
|t:|1666982494
|switch|p2a: Reuniclus|Reuniclus, F, shiny|100/100
|move|p1a: Hippowdon|Stealth Rock|p2a: Reuniclus
|-sidestart|p2: rulky|move: Stealth Rock
|
|-weather|Sandstorm|[upkeep]
|-heal|p1a: Hippowdon|76/100|[from] item: Leftovers
|upkeep
|turn|11
|
|t:|1666982497
|switch|p1a: Scizor|Scizor, M, shiny|68/100
|move|p2a: Reuniclus|Calm Mind|p2a: Reuniclus
|-boost|p2a: Reuniclus|spa|1
|-boost|p2a: Reuniclus|spd|1
|
|-weather|Sandstorm|[upkeep]
|upkeep
|turn|12
|
|t:|1666982499
|switch|p2a: Cobalion|Cobalion|39/100
|-damage|p2a: Cobalion|35/100|[from] Stealth Rock
|move|p1a: Scizor|U-turn|p2a: Cobalion
|-resisted|p2a: Cobalion
|-damage|p2a: Cobalion|23/100
|-damage|p1a: Scizor|51/100|[from] item: Rocky Helmet|[of] p2a: Cobalion
|
|t:|1666982504
|switch|p1a: Zarude|Zarude-Dada|100/100|[from]move: U-turn
|
|-weather|Sandstorm|[upkeep]
|-damage|p1a: Zarude|95/100|[from] Sandstorm
|upkeep
|turn|13
|
|t:|1666982506
|switch|p2a: wednesday|Salamence, M|100/100
|-ability|p2a: wednesday|Intimidate|boost
|-unboost|p1a: Zarude|atk|1
|move|p1a: Zarude|Close Combat|p2a: wednesday
|-resisted|p2a: wednesday
|-damage|p2a: wednesday|89/100
|-unboost|p1a: Zarude|def|1
|-unboost|p1a: Zarude|spd|1
|
|-weather|none
|upkeep
|turn|14
|
|t:|1666982511
|switch|p1a: Hippowdon|Hippowdon, F|76/100
|-weather|Sandstorm|[from] ability: Sand Stream|[of] p1a: Hippowdon
|move|p2a: wednesday|Dual Wingbeat|p1a: Hippowdon
|-damage|p1a: Hippowdon|63/100
|-damage|p1a: Hippowdon|50/100
|-hitcount|p1a: Hippowdon|2
|
|-weather|Sandstorm|[upkeep]
|-damage|p2a: wednesday|83/100|[from] Sandstorm
|-heal|p1a: Hippowdon|57/100|[from] item: Leftovers
|upkeep
|turn|15
|
|t:|1666982513
|move|p2a: wednesday|Defog|p1a: Hippowdon
|-unboost|p1a: Hippowdon|evasion|1
|-sideend|p2: rulky|Stealth Rock|[from] move: Defog|[of] p2a: wednesday
|move|p1a: Hippowdon|Slack Off|p1a: Hippowdon
|-heal|p1a: Hippowdon|100/100
|
|-weather|Sandstorm|[upkeep]
|-damage|p2a: wednesday|77/100|[from] Sandstorm
|upkeep
|turn|16
|
|t:|1666982516
|switch|p2a: Reuniclus|Reuniclus, F, shiny|100/100
|move|p1a: Hippowdon|Stealth Rock|p2a: Reuniclus
|-sidestart|p2: rulky|move: Stealth Rock
|
|-weather|Sandstorm|[upkeep]
|upkeep
|turn|17
|
|t:|1666982520
|switch|p1a: Slowking|Slowking, M, shiny|100/100
|move|p2a: Reuniclus|Focus Blast|p1a: Slowking
|-resisted|p1a: Slowking
|-damage|p1a: Slowking|87/100
|
|-weather|Sandstorm|[upkeep]
|-damage|p1a: Slowking|81/100|[from] Sandstorm
|upkeep
|turn|18
|
|t:|1666982523
|move|p2a: Reuniclus|Calm Mind|p2a: Reuniclus
|-boost|p2a: Reuniclus|spa|1
|-boost|p2a: Reuniclus|spd|1
|move|p1a: Slowking|Teleport|p1a: Slowking
|
|t:|1666982526
|switch|p1a: Scizor|Scizor, M, shiny|51/100|[from]move: Teleport
|
|-weather|none
|upkeep
|turn|19
|
|t:|1666982529
|switch|p2a: wednesday|Salamence, M|77/100
|-ability|p2a: wednesday|Intimidate|boost
|-unboost|p1a: Scizor|atk|1
|move|p1a: Scizor|U-turn|p2a: wednesday
|-resisted|p2a: wednesday
|-damage|p2a: wednesday|60/100
|
|t:|1666982534
|switch|p1a: Keldeo|Keldeo-Resolute|38/100|[from]move: U-turn
|
|upkeep
|turn|20
|c|☆rulky|Can you not
|
|t:|1666982537
|switch|p2a: Reuniclus|Reuniclus, F, shiny|100/100
|move|p1a: Keldeo|Icy Wind|p2a: Reuniclus
|-damage|p2a: Reuniclus|83/100
|-unboost|p2a: Reuniclus|spe|1
|
|upkeep
|turn|21
|
|t:|1666982542
|switch|p1a: Slowking|Slowking, M, shiny|100/100
|switch|p2a: Cobalion|Cobalion|23/100
|-damage|p2a: Cobalion|20/100|[from] Stealth Rock
|
|upkeep
|turn|22
|
|t:|1666982549
|move|p2a: Cobalion|Swords Dance|p2a: Cobalion
|-boost|p2a: Cobalion|atk|2
|move|p1a: Slowking|Psychic|p2a: Cobalion
|-damage|p2a: Cobalion|0 fnt
|faint|p2a: Cobalion
|
|upkeep
|
|t:|1666982552
|switch|p2a: Reuniclus|Reuniclus, F, shiny|83/100
|turn|23
|
|t:|1666982561
|move|p2a: Reuniclus|Calm Mind|p2a: Reuniclus
|-boost|p2a: Reuniclus|spa|1
|-boost|p2a: Reuniclus|spd|1
|move|p1a: Slowking|Teleport|p1a: Slowking
|
|t:|1666982562
|switch|p1a: Scizor|Scizor, M, shiny|51/100|[from]move: Teleport
|
|upkeep
|turn|24
|
|t:|1666982564
|move|p1a: Scizor|U-turn|p2a: Reuniclus
|-supereffective|p2a: Reuniclus
|-damage|p2a: Reuniclus|0 fnt
|faint|p2a: Reuniclus
|
|t:|1666982570
|switch|p1a: Slowking|Slowking, M, shiny|100/100|[from]move: U-turn
|
|upkeep
|c|☆rulky|Ok this is the worst mu i could ask for
|c|☆rulky|Gg
|-message|rulky forfeited.
|
|win|The SD sweep
|raw|The SD sweep's rating: 1668 &rarr; <strong>1688</strong><br />(+20 for winning)
|raw|rulky's rating: 1661 &rarr; <strong>1641</strong><br />(-20 for losing)
|l|‽The SD sweep
|l|☆rulky
|j|‽The SD sweep
|player|p1|The SD sweep|red
|l|‽The SD sweep
|player|p1|
||Ladder isn't responding, score probably updated but might not have (Request timeout).
|j|‽The SD sweep
|player|p1|The SD sweep|red
