|j|☆esqimo589
|j|☆diana663
|t:|1665827263
|gametype|singles
|player|p1|esqimo589|n|1348
|player|p2|diana663|101|1296
|teamsize|p1|6
|teamsize|p2|6
|gen|8
|tier|[Gen 8] UU
|rated|
|rule|Sleep Clause Mod: Limit one foe put to sleep
|rule|Species Clause: Limit one of each Pokémon
|rule|OHKO Clause: OHKO moves are banned
|rule|Evasion Items Clause: Evasion items are banned
|rule|Evasion Moves Clause: Evasion moves are banned
|rule|Endless Battle Clause: Forcing endless battles is banned
|rule|HP Percentage Mod: HP is shown in percentages
|rule|Dynamax Clause: You cannot dynamax
|clearpoke
|poke|p1|Starmie|
|poke|p1|Krookodile, F|
|poke|p1|Skarmory, M|
|poke|p1|Chansey, F|
|poke|p1|Dhelmise|
|poke|p1|Passimian, M|
|poke|p2|Keldeo-Resolute|
|poke|p2|Jirachi|
|poke|p2|Mandibuzz, F|
|poke|p2|Rotom-Wash|
|poke|p2|Scizor, M|
|poke|p2|Diggersby, F|
|teampreview
|inactive|Battle timer is ON: inactive players will automatically lose when time's up. (requested by esqimo589)
|
|t:|1665827281
|start
|switch|p1a: my balls|Passimian, M|100/100
|switch|p2a: Keldeo|Keldeo-Resolute|100/100
|turn|1
|
|t:|1665827288
|move|p1a: my balls|U-turn|p2a: Keldeo
|-resisted|p2a: Keldeo
|-damage|p2a: Keldeo|88/100
|
|t:|1665827290
|switch|p1a: the anchor|Dhelmise|100/100|[from]move: U-turn
|move|p2a: Keldeo|Hydro Pump|p1a: the anchor
|-resisted|p1a: the anchor
|-damage|p1a: the anchor|64/100
|
|upkeep
|turn|2
|
|t:|1665827298
|switch|p2a: Mandibuzz|Mandibuzz, F|100/100
|move|p1a: the anchor|Synthesis|p1a: the anchor
|-heal|p1a: the anchor|100/100
|
|upkeep
|turn|3
|
|t:|1665827305
|switch|p1a: im hard|Skarmory, M|100/100
|move|p2a: Mandibuzz|Toxic|p1a: im hard|[miss]
|-miss|p2a: Mandibuzz|p1a: im hard
|
|upkeep
|turn|4
|
|t:|1665827311
|move|p2a: Mandibuzz|U-turn|p1a: im hard
|-resisted|p1a: im hard
|-damage|p1a: im hard|99/100
|-damage|p2a: Mandibuzz|84/100|[from] item: Rocky Helmet|[of] p1a: im hard
|
|t:|1665827315
|switch|p2a: Rotom|Rotom-Wash|100/100|[from]move: U-turn
|move|p1a: im hard|Spikes|p2a: Rotom
|-sidestart|p2: diana663|Spikes
|
|upkeep
|turn|5
|
|t:|1665827323
|switch|p1a: egg|Chansey, F|100/100
|move|p2a: Rotom|Defog|p1a: egg
|-unboost|p1a: egg|evasion|1
|-sideend|p2: diana663|Spikes|[from] move: Defog|[of] p2a: Rotom
|
|upkeep
|turn|6
|
|t:|1665827333
|move|p2a: Rotom|Volt Switch|p1a: egg
|-damage|p1a: egg|93/100
|
|t:|1665827337
|switch|p2a: Jirachi|Jirachi|100/100|[from]move: Volt Switch
|move|p1a: egg|Teleport|p1a: egg
|
|t:|1665827350
|switch|p1a: im hard|Skarmory, M|99/100|[from]move: Teleport
|
|upkeep
|turn|7
|
|t:|1665827358
|move|p2a: Jirachi|Body Slam|p1a: im hard
|-resisted|p1a: im hard
|-damage|p1a: im hard|90/100
|move|p1a: im hard|Spikes|p2a: Jirachi
|-sidestart|p2: diana663|Spikes
|
|upkeep
|turn|8
|inactive|diana663 has 120 seconds left.
|
|t:|1665827397
|move|p2a: Jirachi|Fire Punch|p1a: im hard
|-supereffective|p1a: im hard
|-damage|p1a: im hard|61/100
|move|p1a: im hard|Spikes|p2a: Jirachi
|-sidestart|p2: diana663|Spikes
|
|upkeep
|turn|9
|inactive|diana663 has 120 seconds left.
|
|t:|1665827403
|switch|p2a: Rotom|Rotom-Wash|100/100
|move|p1a: im hard|Roost|p1a: im hard
|-heal|p1a: im hard|100/100
|-singleturn|p1a: im hard|move: Roost
|
|upkeep
|turn|10
|
|t:|1665827426
|switch|p1a: the anchor|Dhelmise|100/100
|move|p2a: Rotom|Will-O-Wisp|p1a: the anchor
|-status|p1a: the anchor|brn
|
|-damage|p1a: the anchor|94/100 brn|[from] brn
|upkeep
|turn|11
|
|t:|1665827438
|switch|p1a: flat fuck friday|Krookodile, F|100/100
|-ability|p1a: flat fuck friday|Intimidate|boost
|-unboost|p2a: Rotom|atk|1
|move|p2a: Rotom|Volt Switch|p1a: flat fuck friday
|-immune|p1a: flat fuck friday
|
|upkeep
|turn|12
|
|t:|1665827446
|move|p1a: flat fuck friday|Knock Off|p2a: Rotom
|-damage|p2a: Rotom|63/100
|-enditem|p2a: Rotom|Leftovers|[from] move: Knock Off|[of] p1a: flat fuck friday
|move|p2a: Rotom|Hydro Pump|p1a: flat fuck friday
|-supereffective|p1a: flat fuck friday
|-damage|p1a: flat fuck friday|0 fnt
|faint|p1a: flat fuck friday
|
|upkeep
|
|t:|1665827452
|switch|p1a: egg|Chansey, F|93/100
|turn|13
|
|t:|1665827456
|move|p2a: Rotom|Defog|p1a: egg
|-unboost|p1a: egg|evasion|1
|-sideend|p2: diana663|Spikes|[from] move: Defog|[of] p2a: Rotom
|move|p1a: egg|Teleport|p1a: egg
|
|t:|1665827461
|switch|p1a: my balls|Passimian, M|100/100|[from]move: Teleport
|
|upkeep
|turn|14
|
|t:|1665827465
|switch|p2a: Scizor|Scizor, M|100/100
|move|p1a: my balls|Knock Off|p2a: Scizor
|-damage|p2a: Scizor|73/100
|-damage|p1a: my balls|84/100|[from] item: Rocky Helmet|[of] p2a: Scizor
|-enditem|p2a: Scizor|Rocky Helmet|[from] move: Knock Off|[of] p1a: my balls
|
|upkeep
|turn|15
|
|t:|1665827475
|switch|p1a: im hard|Skarmory, M|100/100
|move|p2a: Scizor|Knock Off|p1a: im hard
|-damage|p1a: im hard|82/100
|-damage|p2a: Scizor|56/100|[from] item: Rocky Helmet|[of] p1a: im hard
|-enditem|p1a: im hard|Rocky Helmet|[from] move: Knock Off|[of] p2a: Scizor
|
|upkeep
|turn|16
|
|t:|1665827484
|move|p1a: im hard|Spikes|p2a: Scizor
|-sidestart|p2: diana663|Spikes
|move|p2a: Scizor|Roost|p2a: Scizor
|-heal|p2a: Scizor|100/100
|-singleturn|p2a: Scizor|move: Roost
|
|upkeep
|turn|17
|
|t:|1665827488
|switch|p2a: Rotom|Rotom-Wash|63/100
|move|p1a: im hard|Spikes|p2a: Rotom
|-sidestart|p2: diana663|Spikes
|
|upkeep
|turn|18
|
|t:|1665827497
|switch|p1a: my balls|Passimian, M|84/100
|move|p2a: Rotom|Volt Switch|p1a: my balls
|-damage|p1a: my balls|45/100
|
|t:|1665827506
|switch|p2a: Scizor|Scizor, M|100/100|[from]move: Volt Switch
|-damage|p2a: Scizor|84/100|[from] Spikes
|
|upkeep
|turn|19
|
|t:|1665827514
|switch|p1a: im hard|Skarmory, M|82/100
|move|p2a: Scizor|Bullet Punch|p1a: im hard
|-resisted|p1a: im hard
|-damage|p1a: im hard|74/100
|
|upkeep
|turn|20
|
|t:|1665827524
|switch|p2a: Rotom|Rotom-Wash|63/100
|move|p1a: im hard|Body Press|p2a: Rotom
|-damage|p2a: Rotom|34/100
|
|upkeep
|turn|21
|
|t:|1665827534
|switch|p1a: egg|Chansey, F|93/100
|move|p2a: Rotom|Will-O-Wisp|p1a: egg
|-status|p1a: egg|brn
|
|-damage|p1a: egg|86/100 brn|[from] brn
|upkeep
|turn|22
|
|t:|1665827541
|move|p2a: Rotom|Volt Switch|p1a: egg
|-crit|p1a: egg
|-damage|p1a: egg|75/100 brn
|
|t:|1665827549
|switch|p2a: Jirachi|Jirachi|100/100|[from]move: Volt Switch
|-damage|p2a: Jirachi|84/100|[from] Spikes
|move|p1a: egg|Teleport|p1a: egg
|
|t:|1665827557
|-curestatus|p1a: egg|brn|[from] ability: Natural Cure
|switch|p1a: my balls|Passimian, M|45/100|[from]move: Teleport
|
|upkeep
|turn|23
|
|t:|1665827573
|switch|p1a: im hard|Skarmory, M|74/100
|switch|p2a: Scizor|Scizor, M|84/100
|-damage|p2a: Scizor|67/100|[from] Spikes
|
|upkeep
|turn|24
|
|t:|1665827580
|move|p1a: im hard|Spikes|p2a: Scizor
|-sidestart|p2: diana663|Spikes
|move|p2a: Scizor|Roost|p2a: Scizor
|-heal|p2a: Scizor|100/100
|-singleturn|p2a: Scizor|move: Roost
|
|upkeep
|turn|25
|
|t:|1665827587
|move|p1a: im hard|Body Press|p2a: Scizor
|-damage|p2a: Scizor|75/100
|move|p2a: Scizor|Swords Dance|p2a: Scizor
|-boost|p2a: Scizor|atk|2
|
|upkeep
|turn|26
|
|t:|1665827593
|move|p1a: im hard|Iron Defense|p1a: im hard
|-boost|p1a: im hard|def|2
|move|p2a: Scizor|Swords Dance|p2a: Scizor
|-boost|p2a: Scizor|atk|2
|
|upkeep
|turn|27
|
|t:|1665827601
|switch|p2a: Keldeo|Keldeo-Resolute|88/100
|-damage|p2a: Keldeo|63/100|[from] Spikes
|move|p1a: im hard|Iron Defense|p1a: im hard
|-boost|p1a: im hard|def|2
|
|upkeep
|turn|28
|
|t:|1665827611
|switch|p1a: the anchor|Dhelmise|94/100 brn
|move|p2a: Keldeo|Secret Sword|p1a: the anchor
|-immune|p1a: the anchor
|
|-damage|p1a: the anchor|88/100 brn|[from] brn
|upkeep
|turn|29
|
|t:|1665827619
|switch|p2a: Mandibuzz|Mandibuzz, F|84/100
|switch|p1a: a fishy star|Starmie, shiny|100/100
|
|upkeep
|turn|30
|
|t:|1665827626
|move|p1a: a fishy star|Ice Beam|p2a: Mandibuzz
|-supereffective|p2a: Mandibuzz
|-damage|p2a: Mandibuzz|40/100
|-damage|p1a: a fishy star|91/100|[from] item: Life Orb
|move|p2a: Mandibuzz|Toxic|p1a: a fishy star
|-status|p1a: a fishy star|tox
|
|-damage|p1a: a fishy star|84/100 tox|[from] psn
|upkeep
|turn|31
|
|t:|1665827634
|switch|p2a: Jirachi|Jirachi|84/100
|-damage|p2a: Jirachi|59/100|[from] Spikes
|move|p1a: a fishy star|Surf|p2a: Jirachi
|-damage|p2a: Jirachi|0 fnt
|faint|p2a: Jirachi
|-damage|p1a: a fishy star|74/100 tox|[from] item: Life Orb
|
|-damage|p1a: a fishy star|62/100 tox|[from] psn
|upkeep
|
|t:|1665827642
|switch|p2a: Diggersby|Diggersby, F|100/100
|-damage|p2a: Diggersby|76/100|[from] Spikes
|turn|32
|
|t:|1665827646
|switch|p1a: im hard|Skarmory, M|74/100
|move|p2a: Diggersby|U-turn|p1a: im hard
|-resisted|p1a: im hard
|-damage|p1a: im hard|70/100
|
|t:|1665827651
|switch|p2a: Rotom|Rotom-Wash|34/100|[from]move: U-turn
|
|upkeep
|turn|33
|
|t:|1665827656
|switch|p1a: my balls|Passimian, M|45/100
|move|p2a: Rotom|Defog|p1a: my balls
|-unboost|p1a: my balls|evasion|1
|-ability|p1a: my balls|Defiant|boost
|-boost|p1a: my balls|atk|2
|-sideend|p2: diana663|Spikes|[from] move: Defog|[of] p2a: Rotom
|
|upkeep
|turn|34
|
|t:|1665827668
|switch|p2a: Mandibuzz|Mandibuzz, F|40/100
|move|p1a: my balls|Close Combat|p2a: Mandibuzz
|-damage|p2a: Mandibuzz|0 fnt
|-unboost|p1a: my balls|def|1
|-unboost|p1a: my balls|spd|1
|faint|p2a: Mandibuzz
|
|upkeep
|
|t:|1665827677
|switch|p2a: Scizor|Scizor, M|75/100
|turn|35
|
|t:|1665827681
|switch|p1a: im hard|Skarmory, M|70/100
|switch|p2a: Keldeo|Keldeo-Resolute|63/100
|
|upkeep
|turn|36
|
|t:|1665827689
|switch|p1a: egg|Chansey, F|75/100
|move|p2a: Keldeo|Air Slash|p1a: egg
|-damage|p1a: egg|63/100
|
|upkeep
|turn|37
|
|t:|1665827700
|switch|p2a: Diggersby|Diggersby, F|76/100
|move|p1a: egg|Teleport|p1a: egg
|
|t:|1665827703
|switch|p1a: im hard|Skarmory, M|70/100|[from]move: Teleport
|
|upkeep
|turn|38
|
|t:|1665827711
|move|p2a: Diggersby|Fire Punch|p1a: im hard
|-supereffective|p1a: im hard
|-damage|p1a: im hard|30/100
|-status|p1a: im hard|brn
|move|p1a: im hard|Spikes|p2a: Diggersby
|-sidestart|p2: diana663|Spikes
|
|-damage|p1a: im hard|24/100 brn|[from] brn
|upkeep
|turn|39
|
|t:|1665827722
|switch|p1a: a fishy star|Starmie, shiny|62/100 tox
|move|p2a: Diggersby|Fire Punch|p1a: a fishy star
|-resisted|p1a: a fishy star
|-damage|p1a: a fishy star|38/100 tox
|
|-damage|p1a: a fishy star|32/100 tox|[from] psn
|upkeep
|turn|40
|inactive|diana663 has 120 seconds left.
|
|t:|1665827753
|switch|p2a: Rotom|Rotom-Wash|34/100
|move|p1a: a fishy star|Recover|p1a: a fishy star
|-heal|p1a: a fishy star|82/100 tox
|
|-damage|p1a: a fishy star|69/100 tox|[from] psn
|upkeep
|turn|41
|
|t:|1665827760
|move|p1a: a fishy star|Thunderbolt|p2a: Rotom
|-damage|p2a: Rotom|0 fnt
|faint|p2a: Rotom
|-damage|p1a: a fishy star|60/100 tox|[from] item: Life Orb
|
|-damage|p1a: a fishy star|41/100 tox|[from] psn
|upkeep
|
|t:|1665827766
|switch|p2a: Diggersby|Diggersby, F|76/100
|-damage|p2a: Diggersby|64/100|[from] Spikes
|turn|42
|
|t:|1665827779
|switch|p1a: the anchor|Dhelmise|88/100 brn
|move|p2a: Diggersby|Fire Punch|p1a: the anchor
|-supereffective|p1a: the anchor
|-damage|p1a: the anchor|18/100 brn
|
|-damage|p1a: the anchor|12/100 brn|[from] brn
|upkeep
|turn|43
|
|t:|1665827786
|move|p2a: Diggersby|Fire Punch|p1a: the anchor
|-supereffective|p1a: the anchor
|-damage|p1a: the anchor|0 fnt
|faint|p1a: the anchor
|
|upkeep
|
|t:|1665827788
|switch|p1a: a fishy star|Starmie, shiny|41/100 tox
|turn|44
|
|t:|1665827796
|switch|p2a: Keldeo|Keldeo-Resolute|63/100
|-damage|p2a: Keldeo|51/100|[from] Spikes
|move|p1a: a fishy star|Recover|p1a: a fishy star
|-heal|p1a: a fishy star|91/100 tox
|
|-damage|p1a: a fishy star|85/100 tox|[from] psn
|upkeep
|turn|45
|
|t:|1665827812
|move|p1a: a fishy star|Thunderbolt|p2a: Keldeo
|-supereffective|p2a: Keldeo
|-damage|p2a: Keldeo|0 fnt
|faint|p2a: Keldeo
|-damage|p1a: a fishy star|75/100 tox|[from] item: Life Orb
|
|-damage|p1a: a fishy star|63/100 tox|[from] psn
|upkeep
|
|t:|1665827816
|switch|p2a: Diggersby|Diggersby, F|64/100
|-damage|p2a: Diggersby|51/100|[from] Spikes
|turn|46
|
|t:|1665827828
|switch|p1a: egg|Chansey, F|63/100
|move|p2a: Diggersby|Body Slam|p1a: egg
|-crit|p1a: egg
|-damage|p1a: egg|7/100
|
|upkeep
|turn|47
|
|t:|1665827833
|move|p2a: Diggersby|Body Slam|p1a: egg
|-damage|p1a: egg|0 fnt
|faint|p1a: egg
|
|upkeep
|
|t:|1665827837
|switch|p1a: my balls|Passimian, M|45/100
|turn|48
|
|t:|1665827867
|switch|p2a: Scizor|Scizor, M|75/100
|-damage|p2a: Scizor|62/100|[from] Spikes
|move|p1a: my balls|Close Combat|p2a: Scizor
|-damage|p2a: Scizor|18/100
|-unboost|p1a: my balls|def|1
|-unboost|p1a: my balls|spd|1
|
|upkeep
|turn|49
|
|t:|1665827881
|move|p2a: Scizor|Bullet Punch|p1a: my balls
|-damage|p1a: my balls|4/100
|move|p1a: my balls|Close Combat|p2a: Scizor
|-damage|p2a: Scizor|0 fnt
|-unboost|p1a: my balls|def|1
|-unboost|p1a: my balls|spd|1
|faint|p2a: Scizor
|
|upkeep
|c|☆esqimo589|oof
|
|t:|1665827887
|switch|p2a: Diggersby|Diggersby, F|51/100
|-damage|p2a: Diggersby|39/100|[from] Spikes
|turn|50
|c|☆esqimo589|gg
|
|t:|1665827894
|move|p1a: my balls|Close Combat|p2a: Diggersby
|-supereffective|p2a: Diggersby
|-damage|p2a: Diggersby|0 fnt
|-unboost|p1a: my balls|def|1
|-unboost|p1a: my balls|spd|1
|faint|p2a: Diggersby
|
|win|esqimo589
|raw|esqimo589's rating: 1348 &rarr; <strong>1365</strong><br />(+17 for winning)
|raw|diana663's rating: 1296 &rarr; <strong>1275</strong><br />(-21 for losing)
