|j|☆PokeGuru27
|j|☆gogole2021
|t:|1631391596
|gametype|singles
|player|p1|PokeGuru27|chuck|1357
|player|p2|gogole2021|reporter|1281
|teamsize|p1|6
|teamsize|p2|6
|gen|8
|tier|[Gen 8] UU
|rated|
|rule|Sleep Clause Mod: Limit one foe put to sleep
|rule|Species Clause: Limit one of each Pokémon
|rule|OHKO Clause: OHKO moves are banned
|rule|Evasion Moves Clause: Evasion moves are banned
|rule|Endless Battle Clause: Forcing endless battles is banned
|rule|HP Percentage Mod: HP is shown in percentages
|rule|Dynamax Clause: You cannot dynamax
|clearpoke
|poke|p1|Celesteela|
|poke|p1|Hatterene, F|
|poke|p1|Krookodile, F|
|poke|p1|Crobat, F|
|poke|p1|Chansey, F|
|poke|p1|Kommo-o, M|
|poke|p2|Tangrowth, M|
|poke|p2|Krookodile, M|
|poke|p2|Salamence, F|
|poke|p2|Jirachi|
|poke|p2|Primarina, F|
|poke|p2|Entei|
|teampreview
|
|t:|1631391628
|start
|switch|p1a: Crobat|Crobat, F|100/100
|switch|p2a: Jirachi|Jirachi|100/100
|turn|1
|
|t:|1631391634
|move|p2a: Jirachi|U-turn|p1a: Crobat
|-resisted|p1a: Crobat
|-damage|p1a: Crobat|94/100
|
|t:|1631391639
|switch|p2a: Salamence|Salamence, F|100/100|[from]move: U-turn
|-ability|p2a: Salamence|Intimidate|boost
|-unboost|p1a: Crobat|atk|1
|move|p1a: Crobat|U-turn|p2a: Salamence
|-resisted|p2a: Salamence
|-damage|p2a: Salamence|94/100
|
|t:|1631391654
|switch|p1a: Krookodile|Krookodile, F|100/100|[from]move: U-turn
|-ability|p1a: Krookodile|Intimidate|boost
|-unboost|p2a: Salamence|atk|1
|
|upkeep
|turn|2
|
|t:|1631391660
|move|p1a: Krookodile|Knock Off|p2a: Salamence
|-damage|p2a: Salamence|44/100
|-enditem|p2a: Salamence|Heavy-Duty Boots|[from] move: Knock Off|[of] p1a: Krookodile
|move|p2a: Salamence|Hurricane|p1a: Krookodile
|-damage|p1a: Krookodile|42/100
|-start|p1a: Krookodile|confusion
|
|upkeep
|turn|3
|
|t:|1631391669
|switch|p1a: Chansey|Chansey, F|100/100
|move|p2a: Salamence|Roost|p2a: Salamence
|-heal|p2a: Salamence|94/100
|-singleturn|p2a: Salamence|move: Roost
|
|upkeep
|turn|4
|
|t:|1631391678
|switch|p2a: Tangrowth|Tangrowth, M|100/100
|move|p1a: Chansey|Seismic Toss|p2a: Tangrowth
|-damage|p2a: Tangrowth|76/100
|
|upkeep
|turn|5
|
|t:|1631391691
|move|p1a: Chansey|Toxic|p2a: Tangrowth
|-status|p2a: Tangrowth|tox
|move|p2a: Tangrowth|Knock Off|p1a: Chansey
|-damage|p1a: Chansey|85/100
|-enditem|p1a: Chansey|Eviolite|[from] move: Knock Off|[of] p2a: Tangrowth
|
|-damage|p2a: Tangrowth|70/100 tox|[from] psn
|upkeep
|turn|6
|
|t:|1631391700
|switch|p2a: Entei|Entei|100/100
|move|p1a: Chansey|Teleport|p1a: Chansey
|
|t:|1631391707
|switch|p1a: Kommo-o|Kommo-o, M|100/100|[from]move: Teleport
|
|upkeep
|turn|7
|
|t:|1631391711
|switch|p2a: Salamence|Salamence, F|94/100
|-ability|p2a: Salamence|Intimidate|boost
|-unboost|p1a: Kommo-o|atk|1
|move|p1a: Kommo-o|Stealth Rock|p2a: Salamence
|-sidestart|p2: gogole2021|move: Stealth Rock
|
|upkeep
|turn|8
|
|t:|1631391718
|switch|p1a: Chansey|Chansey, F|85/100
|move|p2a: Salamence|Defog|p1a: Chansey
|-unboost|p1a: Chansey|evasion|1
|-sideend|p2: gogole2021|Stealth Rock|[from] move: Defog|[of] p2a: Salamence
|
|upkeep
|turn|9
|
|t:|1631391725
|switch|p2a: Krookodile|Krookodile, M|100/100
|-ability|p2a: Krookodile|Intimidate|boost
|-unboost|p1a: Chansey|atk|1
|move|p1a: Chansey|Toxic|p2a: Krookodile|[miss]
|-miss|p1a: Chansey|p2a: Krookodile
|
|upkeep
|turn|10
|
|t:|1631391734
|switch|p1a: Kommo-o|Kommo-o, M|100/100
|move|p2a: Krookodile|Stealth Rock|p1a: Kommo-o
|-sidestart|p1: PokeGuru27|move: Stealth Rock
|
|upkeep
|turn|11
|
|t:|1631391740
|move|p2a: Krookodile|Toxic|p1a: Kommo-o
|-status|p1a: Kommo-o|tox
|move|p1a: Kommo-o|Stealth Rock|p2a: Krookodile
|-sidestart|p2: gogole2021|move: Stealth Rock
|
|-damage|p1a: Kommo-o|94/100 tox|[from] psn
|upkeep
|turn|12
|
|t:|1631391749
|switch|p2a: Salamence|Salamence, F|94/100
|-damage|p2a: Salamence|70/100|[from] Stealth Rock
|-ability|p2a: Salamence|Intimidate|boost
|-unboost|p1a: Kommo-o|atk|1
|move|p1a: Kommo-o|Body Press|p2a: Salamence
|-resisted|p2a: Salamence
|-damage|p2a: Salamence|45/100
|
|-damage|p1a: Kommo-o|82/100 tox|[from] psn
|upkeep
|turn|13
|
|t:|1631391759
|move|p2a: Salamence|Roost|p2a: Salamence
|-heal|p2a: Salamence|96/100
|-singleturn|p2a: Salamence|move: Roost
|move|p1a: Kommo-o|Toxic|p2a: Salamence
|-status|p2a: Salamence|tox
|
|-damage|p2a: Salamence|90/100 tox|[from] psn
|-damage|p1a: Kommo-o|63/100 tox|[from] psn
|upkeep
|turn|14
|
|t:|1631391768
|switch|p1a: Chansey|Chansey, F|85/100
|-damage|p1a: Chansey|73/100|[from] Stealth Rock
|move|p2a: Salamence|Defog|p1a: Chansey
|-unboost|p1a: Chansey|evasion|1
|-sideend|p1: PokeGuru27|Stealth Rock|[from] move: Defog|[of] p2a: Salamence
|-sideend|p2: gogole2021|Stealth Rock|[from] move: Defog|[of] p2a: Salamence
|
|-damage|p2a: Salamence|78/100 tox|[from] psn
|upkeep
|turn|15
|
|t:|1631391781
|switch|p2a: Entei|Entei|100/100
|move|p1a: Chansey|Teleport|p1a: Chansey
|
|t:|1631391791
|switch|p1a: Krookodile|Krookodile, F|42/100|[from]move: Teleport
|-ability|p1a: Krookodile|Intimidate|boost
|-fail|p2a: Entei|unboost|Attack|[from] ability: Inner Focus|[of] p2a: Entei
|
|upkeep
|turn|16
|
|t:|1631391808
|switch|p2a: Salamence|Salamence, F|78/100 tox
|-ability|p2a: Salamence|Intimidate|boost
|-unboost|p1a: Krookodile|atk|1
|move|p1a: Krookodile|Stone Edge|p2a: Salamence
|-supereffective|p2a: Salamence
|-damage|p2a: Salamence|30/100 tox
|
|-damage|p2a: Salamence|24/100 tox|[from] psn
|upkeep
|turn|17
|
|t:|1631391818
|move|p1a: Krookodile|Stone Edge|p2a: Salamence|[miss]
|-miss|p1a: Krookodile|p2a: Salamence
|move|p2a: Salamence|Roost|p2a: Salamence
|-heal|p2a: Salamence|74/100 tox
|-singleturn|p2a: Salamence|move: Roost
|
|-damage|p2a: Salamence|62/100 tox|[from] psn
|upkeep
|turn|18
|
|t:|1631391833
|switch|p1a: Celesteela|Celesteela|100/100
|switch|p2a: Krookodile|Krookodile, M|100/100
|-ability|p2a: Krookodile|Intimidate|boost
|-unboost|p1a: Celesteela|atk|1
|
|upkeep
|turn|19
|
|t:|1631391840
|switch|p1a: Kommo-o|Kommo-o, M|63/100 tox
|move|p2a: Krookodile|Knock Off|p1a: Kommo-o
|-resisted|p1a: Kommo-o
|-damage|p1a: Kommo-o|49/100 tox
|-damage|p2a: Krookodile|84/100|[from] item: Rocky Helmet|[of] p1a: Kommo-o
|-enditem|p1a: Kommo-o|Rocky Helmet|[from] move: Knock Off|[of] p2a: Krookodile
|
|-heal|p2a: Krookodile|90/100|[from] item: Leftovers
|-damage|p1a: Kommo-o|43/100 tox|[from] psn
|upkeep
|turn|20
|
|t:|1631391851
|switch|p2a: Salamence|Salamence, F|62/100 tox
|-ability|p2a: Salamence|Intimidate|boost
|-unboost|p1a: Kommo-o|atk|1
|move|p1a: Kommo-o|Stealth Rock|p2a: Salamence
|-sidestart|p2: gogole2021|move: Stealth Rock
|
|-damage|p2a: Salamence|56/100 tox|[from] psn
|-damage|p1a: Kommo-o|30/100 tox|[from] psn
|upkeep
|turn|21
|
|t:|1631391861
|switch|p1a: Celesteela|Celesteela|100/100
|move|p2a: Salamence|Defog|p1a: Celesteela
|-unboost|p1a: Celesteela|evasion|1
|-sideend|p2: gogole2021|Stealth Rock|[from] move: Defog|[of] p2a: Salamence
|
|-damage|p2a: Salamence|44/100 tox|[from] psn
|upkeep
|turn|22
|
|t:|1631391869
|switch|p2a: Jirachi|Jirachi|100/100
|move|p1a: Celesteela|Autotomize|p1a: Celesteela
|-boost|p1a: Celesteela|spe|2
|-start|p1a: Celesteela|Autotomize
|
|upkeep
|turn|23
|
|t:|1631391878
|move|p2a: Jirachi|Trick|p1a: Celesteela
|-activate|p2a: Jirachi|move: Trick|[of] p1a: Celesteela
|-item|p1a: Celesteela|Choice Scarf|[from] move: Trick
|-item|p2a: Jirachi|Power Herb|[from] move: Trick
|move|p1a: Celesteela|Flamethrower|p2a: Jirachi
|-supereffective|p2a: Jirachi
|-damage|p2a: Jirachi|45/100
|
|upkeep
|turn|24
|
|t:|1631391893
|switch|p2a: Entei|Entei|100/100
|move|p1a: Celesteela|Flamethrower|p2a: Entei
|-resisted|p2a: Entei
|-damage|p2a: Entei|85/100
|
|upkeep
|turn|25
|
|t:|1631391899
|switch|p1a: Kommo-o|Kommo-o, M|30/100 tox
|move|p2a: Entei|Sacred Fire|p1a: Kommo-o
|-resisted|p1a: Kommo-o
|-damage|p1a: Kommo-o|7/100 tox
|
|-damage|p1a: Kommo-o|0 fnt|[from] psn
|faint|p1a: Kommo-o
|upkeep
|
|t:|1631391907
|switch|p1a: Krookodile|Krookodile, F|42/100
|-ability|p1a: Krookodile|Intimidate|boost
|-fail|p2a: Entei|unboost|Attack|[from] ability: Inner Focus|[of] p2a: Entei
|turn|26
|
|t:|1631391915
|switch|p2a: Salamence|Salamence, F|44/100 tox
|-ability|p2a: Salamence|Intimidate|boost
|-unboost|p1a: Krookodile|atk|1
|move|p1a: Krookodile|Knock Off|p2a: Salamence
|-damage|p2a: Salamence|22/100 tox
|
|-damage|p2a: Salamence|16/100 tox|[from] psn
|upkeep
|turn|27
|
|t:|1631391923
|move|p1a: Krookodile|Knock Off|p2a: Salamence
|-damage|p2a: Salamence|0 fnt
|faint|p2a: Salamence
|
|upkeep
|
|t:|1631391944
|switch|p2a: Primarina|Primarina, F|100/100
|turn|28
|
|t:|1631391957
|switch|p1a: Chansey|Chansey, F|73/100
|move|p2a: Primarina|Moonblast|p1a: Chansey
|-damage|p1a: Chansey|56/100
|-unboost|p1a: Chansey|spa|1
|
|upkeep
|turn|29
|
|t:|1631391964
|move|p2a: Primarina|Calm Mind|p2a: Primarina
|-boost|p2a: Primarina|spa|1
|-boost|p2a: Primarina|spd|1
|move|p1a: Chansey|Toxic|p2a: Primarina
|-status|p2a: Primarina|tox
|
|-damage|p2a: Primarina|94/100 tox|[from] psn
|upkeep
|turn|30
|
|t:|1631391970
|move|p2a: Primarina|Calm Mind|p2a: Primarina
|-boost|p2a: Primarina|spa|1
|-boost|p2a: Primarina|spd|1
|move|p1a: Chansey|Soft-Boiled|p1a: Chansey
|-heal|p1a: Chansey|100/100
|
|-heal|p2a: Primarina|100/100 tox|[from] item: Leftovers
|-damage|p2a: Primarina|88/100 tox|[from] psn
|upkeep
|turn|31
|
|t:|1631391979
|move|p2a: Primarina|Calm Mind|p2a: Primarina
|-boost|p2a: Primarina|spa|1
|-boost|p2a: Primarina|spd|1
|move|p1a: Chansey|Seismic Toss|p2a: Primarina
|-damage|p2a: Primarina|61/100 tox
|
|-heal|p2a: Primarina|67/100 tox|[from] item: Leftovers
|-damage|p2a: Primarina|49/100 tox|[from] psn
|upkeep
|turn|32
|
|t:|1631391988
|move|p2a: Primarina|Calm Mind|p2a: Primarina
|-boost|p2a: Primarina|spa|1
|-boost|p2a: Primarina|spd|1
|move|p1a: Chansey|Soft-Boiled||[still]
|-fail|p1a: Chansey|heal
|
|-heal|p2a: Primarina|55/100 tox|[from] item: Leftovers
|-damage|p2a: Primarina|31/100 tox|[from] psn
|upkeep
|turn|33
|
|t:|1631391998
|move|p2a: Primarina|Rest|p2a: Primarina
|-status|p2a: Primarina|slp|[from] move: Rest
|-heal|p2a: Primarina|100/100 slp|[silent]
|move|p1a: Chansey|Soft-Boiled||[still]
|-fail|p1a: Chansey|heal
|
|upkeep
|turn|34
|
|t:|1631392014
|cant|p2a: Primarina|slp
|move|p2a: Primarina|Snore|p1a: Chansey
|-damage|p1a: Chansey|72/100
|move|p1a: Chansey|Seismic Toss|p2a: Primarina
|-damage|p2a: Primarina|73/100 slp
|
|-heal|p2a: Primarina|79/100 slp|[from] item: Leftovers
|upkeep
|turn|35
|
|t:|1631392022
|cant|p2a: Primarina|slp
|move|p2a: Primarina|Snore|p1a: Chansey
|-crit|p1a: Chansey
|-damage|p1a: Chansey|29/100
|cant|p1a: Chansey|flinch
|
|-heal|p2a: Primarina|85/100 slp|[from] item: Leftovers
|upkeep
|turn|36
|
|t:|1631392035
|-curestatus|p2a: Primarina|slp|[msg]
|move|p2a: Primarina|Snore||[still]
|-fail|p2a: Primarina
|move|p1a: Chansey|Toxic|p2a: Primarina
|-status|p2a: Primarina|tox
|
|-heal|p2a: Primarina|91/100 tox|[from] item: Leftovers
|-damage|p2a: Primarina|85/100 tox|[from] psn
|upkeep
|turn|37
|
|t:|1631392045
|move|p2a: Primarina|Moonblast|p1a: Chansey
|-damage|p1a: Chansey|0 fnt
|faint|p1a: Chansey
|
|-heal|p2a: Primarina|91/100 tox|[from] item: Leftovers
|-damage|p2a: Primarina|79/100 tox|[from] psn
|upkeep
|
|t:|1631392052
|switch|p1a: Crobat|Crobat, F|94/100
|turn|38
|
|t:|1631392058
|move|p1a: Crobat|U-turn|p2a: Primarina
|-resisted|p2a: Primarina
|-damage|p2a: Primarina|71/100 tox
|
|t:|1631392061
|switch|p1a: Celesteela|Celesteela|100/100|[from]move: U-turn
|move|p2a: Primarina|Rest|p2a: Primarina
|-status|p2a: Primarina|slp|[from] move: Rest
|-heal|p2a: Primarina|100/100 slp|[silent]
|
|upkeep
|turn|39
|
|t:|1631392073
|move|p1a: Celesteela|Air Slash|p2a: Primarina
|-damage|p2a: Primarina|90/100 slp
|cant|p2a: Primarina|slp
|cant|p2a: Primarina|flinch
|
|-heal|p2a: Primarina|96/100 slp|[from] item: Leftovers
|upkeep
|turn|40
|-message|PokeGuru27 forfeited.
|
|win|gogole2021
|raw|PokeGuru27's rating: 1357 &rarr; <strong>1333</strong><br />(-24 for losing)
|raw|gogole2021's rating: 1281 &rarr; <strong>1311</strong><br />(+30 for winning)
|l|☆PokeGuru27
|c|☆gogole2021|GG
||Ladder isn't responding, score probably updated but might not have (Request timeout).
