|j|☆EonDuoLatias
|j|☆GryphonEX
|t:|1662093209
|gametype|singles
|player|p1|EonDuoLatias|1|1251
|player|p2|GryphonEX|2|1450
|teamsize|p1|6
|teamsize|p2|6
|gen|8
|tier|[Gen 8] UU
|rated|
|rule|Sleep Clause Mod: Limit one foe put to sleep
|rule|Species Clause: Limit one of each Pokémon
|rule|OHKO Clause: OHKO moves are banned
|rule|Evasion Items Clause: Evasion items are banned
|rule|Evasion Moves Clause: Evasion moves are banned
|rule|Endless Battle Clause: Forcing endless battles is banned
|rule|HP Percentage Mod: HP is shown in percentages
|rule|Dynamax Clause: You cannot dynamax
|clearpoke
|poke|p1|Zygarde-10%|
|poke|p1|Keldeo-Resolute|
|poke|p1|Hippowdon, M|
|poke|p1|Moltres|
|poke|p1|Rotom-Wash|
|poke|p1|Zarude|
|poke|p2|Hydreigon, M|
|poke|p2|Suicune|
|poke|p2|Zarude|
|poke|p2|Salamence, M|
|poke|p2|Chansey, F|
|poke|p2|Corsola-Galar, F|
|teampreview
|c|☆GryphonEX|Good luc!
|
|t:|1662093229
|start
|switch|p1a: Keldeo|Keldeo-Resolute|100/100
|switch|p2a: Corsola|Corsola-Galar, F|100/100
|turn|1
|
|t:|1662093237
|move|p1a: Keldeo|Substitute|p1a: Keldeo
|-start|p1a: Keldeo|Substitute
|-damage|p1a: Keldeo|76/100
|move|p2a: Corsola|Will-O-Wisp||[still]
|-fail|p2a: Corsola
|
|-heal|p1a: Keldeo|82/100|[from] item: Leftovers
|upkeep
|turn|2
|
|t:|1662093241
|move|p1a: Keldeo|Calm Mind|p1a: Keldeo
|-boost|p1a: Keldeo|spa|1
|-boost|p1a: Keldeo|spd|1
|move|p2a: Corsola|Night Shade|p1a: Keldeo
|-end|p1a: Keldeo|Substitute
|
|-heal|p1a: Keldeo|88/100|[from] item: Leftovers
|upkeep
|turn|3
|
|t:|1662093245
|move|p1a: Keldeo|Substitute|p1a: Keldeo
|-start|p1a: Keldeo|Substitute
|-damage|p1a: Keldeo|63/100
|move|p2a: Corsola|Night Shade|p1a: Keldeo
|-end|p1a: Keldeo|Substitute
|
|-heal|p1a: Keldeo|70/100|[from] item: Leftovers
|upkeep
|turn|4
|
|t:|1662093247
|move|p1a: Keldeo|Scald|p2a: Corsola
|-damage|p2a: Corsola|67/100
|-status|p2a: Corsola|brn
|move|p2a: Corsola|Night Shade|p1a: Keldeo
|-damage|p1a: Keldeo|39/100
|
|-heal|p1a: Keldeo|45/100|[from] item: Leftovers
|-damage|p2a: Corsola|61/100 brn|[from] brn
|upkeep
|turn|5
|
|t:|1662093256
|move|p1a: Keldeo|Substitute|p1a: Keldeo
|-start|p1a: Keldeo|Substitute
|-damage|p1a: Keldeo|20/100
|move|p2a: Corsola|Night Shade|p1a: Keldeo
|-end|p1a: Keldeo|Substitute
|
|-heal|p1a: Keldeo|26/100|[from] item: Leftovers
|-damage|p2a: Corsola|55/100 brn|[from] brn
|upkeep
|turn|6
|
|t:|1662093264
|switch|p1a: Moltres|Moltres|100/100
|move|p2a: Corsola|Night Shade|p1a: Moltres
|-damage|p1a: Moltres|71/100
|
|-damage|p2a: Corsola|48/100 brn|[from] brn
|upkeep
|turn|7
|
|t:|1662093274
|move|p1a: Moltres|Hurricane|p2a: Corsola
|-damage|p2a: Corsola|20/100 brn
|-start|p1a: Moltres|Disable|Hurricane|[from] ability: Cursed Body|[of] p2a: Corsola
|move|p2a: Corsola|Strength Sap|p1a: Moltres
|-unboost|p1a: Moltres|atk|1
|-heal|p2a: Corsola|86/100 brn
|
|-damage|p2a: Corsola|80/100 brn|[from] brn
|upkeep
|turn|8
|
|t:|1662093283
|move|p1a: Moltres|U-turn|p2a: Corsola
|-resisted|p2a: Corsola
|-damage|p2a: Corsola|76/100 brn
|
|t:|1662093291
|switch|p1a: Zarude|Zarude|100/100|[from]move: U-turn
|move|p2a: Corsola|Stealth Rock|p1a: Zarude
|-sidestart|p1: EonDuoLatias|move: Stealth Rock
|
|-damage|p2a: Corsola|70/100 brn|[from] brn
|upkeep
|turn|9
|
|t:|1662093297
|switch|p2a: Salamence|Salamence, M|100/100
|-ability|p2a: Salamence|Intimidate|boost
|-unboost|p1a: Zarude|atk|1
|move|p1a: Zarude|Darkest Lariat|p2a: Salamence
|-damage|p2a: Salamence|82/100
|
|upkeep
|turn|10
|
|t:|1662093309
|switch|p1a: Rotom|Rotom-Wash|100/100
|-damage|p1a: Rotom|88/100|[from] Stealth Rock
|move|p2a: Salamence|Hurricane|p1a: Rotom|[miss]
|-miss|p2a: Salamence|p1a: Rotom
|
|-heal|p1a: Rotom|94/100|[from] item: Leftovers
|upkeep
|turn|11
|
|t:|1662093328
|switch|p2a: Chansey|Chansey, F|100/100
|move|p1a: Rotom|Volt Switch|p2a: Chansey
|-damage|p2a: Chansey|92/100
|
|t:|1662093339
|switch|p1a: Keldeo|Keldeo-Resolute|26/100|[from]move: Volt Switch
|-damage|p1a: Keldeo|20/100|[from] Stealth Rock
|
|-heal|p1a: Keldeo|26/100|[from] item: Leftovers
|upkeep
|turn|12
|
|t:|1662093348
|move|p1a: Keldeo|Calm Mind|p1a: Keldeo
|-boost|p1a: Keldeo|spa|1
|-boost|p1a: Keldeo|spd|1
|move|p2a: Chansey|Seismic Toss|p1a: Keldeo
|-damage|p1a: Keldeo|0 fnt
|faint|p1a: Keldeo
|
|upkeep
|
|t:|1662093366
|switch|p1a: Rotom|Rotom-Wash|94/100
|-damage|p1a: Rotom|82/100|[from] Stealth Rock
|turn|13
|
|t:|1662093369
|move|p1a: Rotom|Defog|p2a: Chansey
|-unboost|p2a: Chansey|evasion|1
|-sideend|p1: EonDuoLatias|Stealth Rock|[from] move: Defog|[of] p1a: Rotom
|move|p2a: Chansey|Toxic|p1a: Rotom
|-status|p1a: Rotom|tox
|
|-heal|p1a: Rotom|88/100 tox|[from] item: Leftovers
|-damage|p1a: Rotom|82/100 tox|[from] psn
|upkeep
|turn|14
|
|t:|1662093382
|move|p1a: Rotom|Volt Switch|p2a: Chansey
|-damage|p2a: Chansey|85/100
|
|t:|1662093386
|switch|p1a: Zygarde|Zygarde-10%|100/100|[from]move: Volt Switch
|-ability|p1a: Zygarde|Aura Break
|move|p2a: Chansey|Teleport|p2a: Chansey
|
|t:|1662093388
|switch|p2a: Suicune|Suicune|100/100|[from]move: Teleport
|-ability|p2a: Suicune|Pressure
|
|upkeep
|turn|15
|
|t:|1662093393
|move|p1a: Zygarde|Outrage|p2a: Suicune
|-damage|p2a: Suicune|61/100
|move|p2a: Suicune|Ice Beam|p1a: Zygarde
|-supereffective|p1a: Zygarde
|-damage|p1a: Zygarde|0 fnt
|faint|p1a: Zygarde
|
|-heal|p2a: Suicune|67/100|[from] item: Leftovers
|upkeep
|-message|EonDuoLatias forfeited.
|
|win|GryphonEX
|raw|EonDuoLatias's rating: 1251 &rarr; <strong>1239</strong><br />(-12 for losing)
|raw|GryphonEX's rating: 1450 &rarr; <strong>1460</strong><br />(+10 for winning)
|l|☆EonDuoLatias
||Ladder isn't responding, score probably updated but might not have (Request timeout).
