|j|☆Melkhior
|j|☆EliotEnRetar
|t:|1624800895
|gametype|singles
|player|p1|Melkhior|juggler|1287
|player|p2|EliotEnRetar|falkner|1417
|teamsize|p1|6
|teamsize|p2|6
|gen|8
|tier|[Gen 8] UU
|rated|
|rule|Sleep Clause Mod: Limit one foe put to sleep
|rule|Species Clause: Limit one of each Pokémon
|rule|OHKO Clause: OHKO moves are banned
|rule|Evasion Moves Clause: Evasion moves are banned
|rule|Endless Battle Clause: Forcing endless battles is banned
|rule|HP Percentage Mod: HP is shown in percentages
|rule|Dynamax Clause: You cannot dynamax
|clearpoke
|poke|p1|Marowak-Alola, F|
|poke|p1|Gyarados, M|
|poke|p1|Claydol|
|poke|p1|Virizion|
|poke|p1|Togekiss, F|
|poke|p1|Scizor, F|
|poke|p2|Barraskewda, F|
|poke|p2|Krookodile, F|
|poke|p2|Roserade, M|
|poke|p2|Scizor, F|
|poke|p2|Talonflame, F|
|poke|p2|Rotom-Wash|
|teampreview
|
|t:|1624800909
|start
|switch|p1a: Gyarados|Gyarados, M|100/100
|switch|p2a: Fish|Barraskewda, F|100/100
|-ability|p1a: Gyarados|Intimidate|boost
|-unboost|p2a: Fish|atk|1
|turn|1
|
|t:|1624800913
|move|p2a: Fish|Flip Turn|p1a: Gyarados
|-resisted|p1a: Gyarados
|-damage|p1a: Gyarados|84/100
|
|t:|1624800915
|switch|p2a: CauetBurger|Rotom-Wash|100/100|[from]move: Flip Turn
|move|p1a: Gyarados|Power Whip|p2a: CauetBurger
|-supereffective|p2a: CauetBurger
|-damage|p2a: CauetBurger|21/100
|
|-heal|p2a: CauetBurger|27/100|[from] item: Leftovers
|upkeep
|turn|2
|
|t:|1624800928
|switch|p1a: Virizion|Virizion|100/100
|move|p2a: CauetBurger|Volt Switch|p1a: Virizion
|-resisted|p1a: Virizion
|-damage|p1a: Virizion|94/100
|
|t:|1624800936
|switch|p2a: BizouJeManvol|Talonflame, F|100/100|[from]move: Volt Switch
|
|upkeep
|turn|3
|
|t:|1624800941
|switch|p1a: Gyarados|Gyarados, M|84/100
|-ability|p1a: Gyarados|Intimidate|boost
|-unboost|p2a: BizouJeManvol|atk|1
|move|p2a: BizouJeManvol|Brave Bird|p1a: Gyarados
|-damage|p1a: Gyarados|46/100
|-damage|p2a: BizouJeManvol|84/100|[from] Recoil
|
|upkeep
|turn|4
|
|t:|1624800949
|move|p2a: BizouJeManvol|U-turn|p1a: Gyarados
|-resisted|p1a: Gyarados
|-damage|p1a: Gyarados|39/100
|
|t:|1624800953
|switch|p2a: Krookodile|Krookodile, F|100/100|[from]move: U-turn
|-ability|p2a: Krookodile|Intimidate|boost
|-unboost|p1a: Gyarados|atk|1
|move|p1a: Gyarados|Waterfall|p2a: Krookodile
|-supereffective|p2a: Krookodile
|-crit|p2a: Krookodile
|-damage|p2a: Krookodile|0 fnt
|faint|p2a: Krookodile
|
|upkeep
|
|t:|1624800962
|switch|p2a: BizouJeManvol|Talonflame, F|84/100
|turn|5
|
|t:|1624800968
|move|p2a: BizouJeManvol|Brave Bird|p1a: Gyarados
|-damage|p1a: Gyarados|0 fnt
|faint|p1a: Gyarados
|-damage|p2a: BizouJeManvol|67/100|[from] Recoil
|
|upkeep
|
|t:|1624800982
|switch|p1a: Marowak|Marowak-Alola, F|100/100
|turn|6
|
|t:|1624800984
|move|p2a: BizouJeManvol|U-turn|p1a: Marowak
|-resisted|p1a: Marowak
|-damage|p1a: Marowak|95/100
|
|t:|1624800987
|switch|p2a: CauetBurger|Rotom-Wash|27/100|[from]move: U-turn
|move|p1a: Marowak|Shadow Bone|p2a: CauetBurger
|-damage|p2a: CauetBurger|0 fnt
|faint|p2a: CauetBurger
|
|upkeep
|
|t:|1624800990
|switch|p2a: Fish|Barraskewda, F|100/100
|turn|7
|
|t:|1624800999
|switch|p1a: Virizion|Virizion|94/100
|move|p2a: Fish|Flip Turn|p1a: Virizion
|-resisted|p1a: Virizion
|-damage|p1a: Virizion|64/100
|
|t:|1624801009
|switch|p2a: Scizor|Scizor, F|100/100|[from]move: Flip Turn
|
|upkeep
|turn|8
|
|t:|1624801027
|switch|p1a: Scizor|Scizor, F|100/100
|move|p2a: Scizor|Dual Wingbeat|p1a: Scizor
|-damage|p1a: Scizor|76/100
|-damage|p2a: Scizor|84/100|[from] item: Rocky Helmet|[of] p1a: Scizor
|-damage|p1a: Scizor|53/100
|-damage|p2a: Scizor|68/100|[from] item: Rocky Helmet|[of] p1a: Scizor
|-hitcount|p1a: Scizor|2
|
|upkeep
|turn|9
|
|t:|1624801033
|switch|p2a: BizouJeManvol|Talonflame, F|67/100
|move|p1a: Scizor|Knock Off|p2a: BizouJeManvol
|-damage|p2a: BizouJeManvol|8/100
|-enditem|p2a: BizouJeManvol|Heavy-Duty Boots|[from] move: Knock Off|[of] p1a: Scizor
|
|upkeep
|turn|10
|
|t:|1624801039
|switch|p2a: Fish|Barraskewda, F|100/100
|move|p1a: Scizor|Bullet Punch|p2a: Fish
|-resisted|p2a: Fish
|-damage|p2a: Fish|68/100
|
|upkeep
|turn|11
|
|t:|1624801047
|move|p2a: Fish|Liquidation|p1a: Scizor
|-damage|p1a: Scizor|0 fnt
|-damage|p2a: Fish|52/100|[from] item: Rocky Helmet|[of] p1a: Scizor
|faint|p1a: Scizor
|
|upkeep
|
|t:|1624801055
|switch|p1a: Virizion|Virizion|64/100
|turn|12
|
|t:|1624801065
|switch|p2a: Scizor|Scizor, F|68/100
|move|p1a: Virizion|Focus Blast|p2a: Scizor|[miss]
|-miss|p1a: Virizion|p2a: Scizor
|
|upkeep
|turn|13
|
|t:|1624801078
|switch|p1a: Marowak|Marowak-Alola, F|95/100
|move|p2a: Scizor|Dual Wingbeat|p1a: Marowak
|-damage|p1a: Marowak|66/100
|-damage|p1a: Marowak|40/100
|-hitcount|p1a: Marowak|2
|
|upkeep
|turn|14
|
|t:|1624801086
|move|p2a: Scizor|Dual Wingbeat|p1a: Marowak|[miss]
|-miss|p2a: Scizor|p1a: Marowak
|move|p1a: Marowak|Flame Charge|p2a: Scizor
|-supereffective|p2a: Scizor
|-damage|p2a: Scizor|0 fnt
|-boost|p1a: Marowak|spe|1
|faint|p2a: Scizor
|
|upkeep
|
|t:|1624801094
|switch|p2a: Fish|Barraskewda, F|52/100
|turn|15
|
|t:|1624801097
|switch|p1a: Virizion|Virizion|64/100
|move|p2a: Fish|Flip Turn|p1a: Virizion
|-resisted|p1a: Virizion
|-damage|p1a: Virizion|34/100
|
|t:|1624801100
|switch|p2a: BizouJeManvol|Talonflame, F|8/100|[from]move: Flip Turn
|
|upkeep
|turn|16
|
|t:|1624801108
|switch|p1a: Marowak|Marowak-Alola, F|40/100
|move|p2a: BizouJeManvol|Roost|p2a: BizouJeManvol
|-heal|p2a: BizouJeManvol|58/100
|-singleturn|p2a: BizouJeManvol|move: Roost
|
|upkeep
|turn|17
|
|t:|1624801114
|move|p2a: BizouJeManvol|Brave Bird|p1a: Marowak
|-damage|p1a: Marowak|0 fnt
|faint|p1a: Marowak
|-damage|p2a: BizouJeManvol|46/100|[from] Recoil
|
|upkeep
|
|t:|1624801135
|switch|p1a: Claydol|Claydol|100/100
|turn|18
|
|t:|1624801147
|move|p2a: BizouJeManvol|Brave Bird|p1a: Claydol
|-damage|p1a: Claydol|53/100
|-damage|p2a: BizouJeManvol|29/100|[from] Recoil
|move|p1a: Claydol|Psyshock|p2a: BizouJeManvol
|-damage|p2a: BizouJeManvol|2/100
|
|-heal|p1a: Claydol|59/100|[from] item: Leftovers
|upkeep
|turn|19
|
|t:|1624801153
|move|p2a: BizouJeManvol|U-turn|p1a: Claydol
|-supereffective|p1a: Claydol
|-damage|p1a: Claydol|18/100
|
|t:|1624801158
|switch|p2a: Fish|Barraskewda, F|52/100|[from]move: U-turn
|move|p1a: Claydol|Earth Power|p2a: Fish
|-damage|p2a: Fish|6/100
|
|-heal|p1a: Claydol|24/100|[from] item: Leftovers
|upkeep
|turn|20
|
|t:|1624801164
|move|p2a: Fish|Liquidation|p1a: Claydol
|-supereffective|p1a: Claydol
|-crit|p1a: Claydol
|-damage|p1a: Claydol|0 fnt
|faint|p1a: Claydol
|
|upkeep
|
|t:|1624801167
|switch|p1a: Togekiss|Togekiss, F|100/100
|turn|21
|
|t:|1624801172
|move|p2a: Fish|Liquidation|p1a: Togekiss
|-damage|p1a: Togekiss|23/100
|move|p1a: Togekiss|Air Slash|p2a: Fish
|-damage|p2a: Fish|0 fnt
|faint|p2a: Fish
|
|upkeep
|
|t:|1624801177
|switch|p2a: Boom|Roserade, M|100/100
|turn|22
|
|t:|1624801179
|move|p1a: Togekiss|Air Slash|p2a: Boom
|-supereffective|p2a: Boom
|-damage|p2a: Boom|0 fnt
|faint|p2a: Boom
|
|upkeep
|
|t:|1624801185
|switch|p2a: BizouJeManvol|Talonflame, F|2/100
|turn|23
|
|t:|1624801188
|move|p1a: Togekiss|Air Slash|p2a: BizouJeManvol
|-damage|p2a: BizouJeManvol|0 fnt
|faint|p2a: BizouJeManvol
|
|win|Melkhior
|raw|Melkhior's rating: 1287 &rarr; <strong>1321</strong><br />(+34 for winning)
|raw|EliotEnRetar's rating: 1417 &rarr; <strong>1390</strong><br />(-27 for losing)
|l|☆EliotEnRetar
