|j|☆Low Ladder Terror
|j|☆Prof.Otaku
|t:|1607711733
|player|p1|Low Ladder Terror|teamrocket|
|player|p2|Prof.Otaku|lyra-pokeathlon|
|teamsize|p1|6
|teamsize|p2|6
|gametype|singles
|gen|8
|tier|[Gen 8] UU
|rated|Tournament battle
|clearpoke
|poke|p1|Scyther, M|
|poke|p1|Nidoqueen, F|
|poke|p1|Zeraora|
|poke|p1|Hatterene, F|
|poke|p1|Salamence, M|
|poke|p1|Suicune|
|poke|p2|Kommo-o, M|
|poke|p2|Rotom-Wash|
|poke|p2|Celesteela|
|poke|p2|Chandelure, M|
|poke|p2|Hatterene, F|
|poke|p2|Diggersby, M|
|rule|Sleep Clause Mod: Limit one foe put to sleep
|rule|Species Clause: Limit one of each Pokémon
|rule|OHKO Clause: OHKO moves are banned
|rule|Evasion Moves Clause: Evasion moves are banned
|rule|Endless Battle Clause: Forcing endless battles is banned
|rule|HP Percentage Mod: HP is shown in percentages
|rule|Dynamax Clause: You cannot dynamax
|teampreview
|j| Haffling
|j| mediocreprovoker
|inactive|Battle timer is ON: inactive players will automatically lose when time's up. (requested by Low Ladder Terror)
|c|☆Prof.Otaku|hf
|j| Elodie
|j| laevin ㋛
|
|t:|1607711744
|start
|switch|p1a: Scyther|Scyther, M|100/100
|switch|p2a: Diggersby|Diggersby, M|100/100
|turn|1
|
|t:|1607711746
|move|p2a: Diggersby|U-turn|p1a: Scyther
|-resisted|p1a: Scyther
|-damage|p1a: Scyther|77/100
|j| BigFatMantis
|
|t:|1607711749
|switch|p2a: Rotom|Rotom-Wash|100/100|[from]move: U-turn
|move|p1a: Scyther|Dual Wingbeat|p2a: Rotom
|-resisted|p2a: Rotom
|-damage|p2a: Rotom|84/100
|-resisted|p2a: Rotom
|-damage|p2a: Rotom|69/100
|-hitcount|p2a: Rotom|2
|
|-heal|p2a: Rotom|75/100|[from] item: Leftovers
|upkeep
|turn|2
|j| OliverBoleyn
|j| LucasM123
|
|t:|1607711760
|switch|p1a: Zeraora|Zeraora, shiny|100/100
|move|p2a: Rotom|Hydro Pump|p1a: Zeraora
|-damage|p1a: Zeraora|49/100
|
|-heal|p2a: Rotom|81/100|[from] item: Leftovers
|upkeep
|turn|3
|j| aquamarine313
|j| Crushy Soul
|
|t:|1607711784
|switch|p2a: Kommo-o|Kommo-o, M|100/100
|move|p1a: Zeraora|Volt Switch|p2a: Kommo-o
|-resisted|p2a: Kommo-o
|-damage|p2a: Kommo-o|91/100
|c| Haffling|Hes not spatk zera
|
|t:|1607711793
|switch|p1a: Scyther|Scyther, M|77/100|[from]move: Volt Switch
|
|upkeep
|turn|4
|
|t:|1607711800
|move|p1a: Scyther|U-turn|p2a: Kommo-o
|-resisted|p2a: Kommo-o
|-damage|p2a: Kommo-o|75/100
|-damage|p1a: Scyther|61/100|[from] item: Rocky Helmet|[of] p2a: Kommo-o
|
|t:|1607711803
|switch|p1a: Hatterene|Hatterene, F|100/100|[from]move: U-turn
|move|p2a: Kommo-o|Stealth Rock|p1a: Hatterene
|move|p1a: Hatterene|Stealth Rock|p2a: Kommo-o|[from]ability: Magic Bounce
|-sidestart|p2: Prof.Otaku|move: Stealth Rock
|
|upkeep
|turn|5
|
|t:|1607711814
|switch|p2a: Rotom|Rotom-Wash|81/100
|-damage|p2a: Rotom|69/100|[from] Stealth Rock
|switch|p1a: Zeraora|Zeraora, shiny|49/100
|
|-heal|p2a: Rotom|75/100|[from] item: Leftovers
|upkeep
|turn|6
|
|t:|1607711820
|move|p1a: Zeraora|Knock Off|p2a: Rotom
|-damage|p2a: Rotom|49/100
|-enditem|p2a: Rotom|Leftovers|[from] move: Knock Off|[of] p1a: Zeraora
|move|p2a: Rotom|Defog|p1a: Zeraora
|-unboost|p1a: Zeraora|evasion|1
|-sideend|p2: Prof.Otaku|Stealth Rock|[from] move: Defog|[of] p2a: Rotom
|
|upkeep
|turn|7
|
|t:|1607711825
|switch|p2a: Kommo-o|Kommo-o, M|75/100
|move|p1a: Zeraora|Volt Switch|p2a: Kommo-o
|-resisted|p2a: Kommo-o
|-damage|p2a: Kommo-o|65/100
|c| Haffling|Thats just a fun fact shiny zera cant be timed
|
|t:|1607711832
|switch|p1a: Scyther|Scyther, M|61/100|[from]move: Volt Switch
|
|upkeep
|turn|8
|
|t:|1607711844
|switch|p2a: Celesteela|Celesteela|100/100
|move|p1a: Scyther|U-turn|p2a: Celesteela
|-resisted|p2a: Celesteela
|-damage|p2a: Celesteela|91/100
|j| Mindnight
|c| BigFatMantis|mine is quite shy
|
|t:|1607711859
|switch|p1a: Suicune|Suicune|100/100|[from]move: U-turn
|-ability|p1a: Suicune|Pressure
|
|-heal|p2a: Celesteela|97/100|[from] item: Leftovers
|upkeep
|turn|9
|c| Mindnight|mine is called 7mm
|c|☆Prof.Otaku|scyther me pressure is sadness
|l| OliverBoleyn
|
|t:|1607711876
|switch|p2a: Hatterene|Hatterene, F|100/100
|move|p1a: Suicune|Substitute|p1a: Suicune
|-start|p1a: Suicune|Substitute
|-damage|p1a: Suicune|75/100
|
|-heal|p1a: Suicune|82/100|[from] item: Leftovers
|upkeep
|turn|10
|
|t:|1607711900
|move|p1a: Suicune|Calm Mind|p1a: Suicune
|-boost|p1a: Suicune|spa|1
|-boost|p1a: Suicune|spd|1
|move|p2a: Hatterene|Psyshock|p1a: Suicune
|-end|p1a: Suicune|Substitute
|
|-heal|p1a: Suicune|88/100|[from] item: Leftovers
|upkeep
|turn|11
|
|t:|1607711913
|move|p1a: Suicune|Substitute|p1a: Suicune
|-start|p1a: Suicune|Substitute
|-damage|p1a: Suicune|63/100
|move|p2a: Hatterene|Psyshock|p1a: Suicune
|-end|p1a: Suicune|Substitute
|
|-heal|p1a: Suicune|69/100|[from] item: Leftovers
|upkeep
|turn|12
|
|t:|1607711916
|move|p1a: Suicune|Protect|p1a: Suicune
|-singleturn|p1a: Suicune|Protect
|move|p2a: Hatterene|Psyshock|p1a: Suicune
|-activate|p1a: Suicune|move: Protect
|
|-heal|p1a: Suicune|75/100|[from] item: Leftovers
|upkeep
|turn|13
|
|t:|1607711920
|move|p1a: Suicune|Substitute|p1a: Suicune
|-start|p1a: Suicune|Substitute
|-damage|p1a: Suicune|50/100
|move|p2a: Hatterene|Psyshock|p1a: Suicune
|-end|p1a: Suicune|Substitute
|
|-heal|p1a: Suicune|56/100|[from] item: Leftovers
|upkeep
|turn|14
|
|t:|1607711931
|move|p1a: Suicune|Protect|p1a: Suicune
|-singleturn|p1a: Suicune|Protect
|move|p2a: Hatterene|Dazzling Gleam|p1a: Suicune
|-activate|p1a: Suicune|move: Protect
|
|-heal|p1a: Suicune|63/100|[from] item: Leftovers
|upkeep
|turn|15
|
|t:|1607711934
|switch|p1a: Hatterene|Hatterene, F|100/100
|move|p2a: Hatterene|Psyshock|p1a: Hatterene
|-resisted|p1a: Hatterene
|-damage|p1a: Hatterene|81/100
|
|-heal|p1a: Hatterene|87/100|[from] item: Leftovers
|upkeep
|turn|16
|c| Haffling|Are you not cm
|c| Haffling|Oh no
|
|t:|1607711948
|switch|p1a: Nidoqueen|Nidoqueen, F, shiny|100/100
|move|p2a: Hatterene|Nuzzle|p1a: Nidoqueen
|-immune|p1a: Nidoqueen
|
|upkeep
|turn|17
|j| Gash Gardner
|inactive|Low Ladder Terror has 120 seconds left.
|
|t:|1607711980
|switch|p2a: Rotom|Rotom-Wash|49/100
|move|p1a: Nidoqueen|Sludge Wave|p2a: Rotom
|-damage|p2a: Rotom|0 fnt
|faint|p2a: Rotom
|
|upkeep
|
|t:|1607711986
|switch|p2a: Diggersby|Diggersby, M|100/100
|turn|18
|j| KrookKing
|inactive|Low Ladder Terror has 120 seconds left.
|c| Haffling|Why isnt shiny queen pink
|c| KrookKing|because color pallets
|c| KrookKing|I think
|c| KrookKing|I mean look at shiny nidorina
|inactive|Low Ladder Terror has 90 seconds left.
|
|t:|1607712033
|switch|p1a: Suicune|Suicune|63/100
|-ability|p1a: Suicune|Pressure
|move|p2a: Diggersby|U-turn|p1a: Suicune
|-damage|p1a: Suicune|41/100
|c| Haffling|But kings in the game
|
|t:|1607712039
|switch|p2a: Chandelure|Chandelure, M|100/100|[from]move: U-turn
|
|-heal|p1a: Suicune|47/100|[from] item: Leftovers
|upkeep
|turn|19
|
|t:|1607712042
|move|p1a: Suicune|Scald|p2a: Chandelure
|-supereffective|p2a: Chandelure
|-damage|p2a: Chandelure|22/100
|move|p2a: Chandelure|Shadow Ball|p1a: Suicune
|-damage|p1a: Suicune|0 fnt
|faint|p1a: Suicune
|
|upkeep
|c| KrookKing|shrug
|
|t:|1607712057
|switch|p1a: Zeraora|Zeraora, shiny|49/100
|turn|20
|
|t:|1607712063
|switch|p2a: Kommo-o|Kommo-o, M|65/100
|move|p1a: Zeraora|Volt Switch|p2a: Kommo-o
|-resisted|p2a: Kommo-o
|-damage|p2a: Kommo-o|56/100
|
|t:|1607712085
|switch|p1a: Scyther|Scyther, M|61/100|[from]move: Volt Switch
|
|upkeep
|turn|21
|
|t:|1607712092
|switch|p2a: Celesteela|Celesteela|97/100
|move|p1a: Scyther|Dual Wingbeat|p2a: Celesteela
|-resisted|p2a: Celesteela
|-damage|p2a: Celesteela|80/100
|-resisted|p2a: Celesteela
|-damage|p2a: Celesteela|64/100
|-hitcount|p2a: Celesteela|2
|
|-heal|p2a: Celesteela|70/100|[from] item: Leftovers
|upkeep
|turn|22
|
|t:|1607712102
|move|p1a: Scyther|Dual Wingbeat|p2a: Celesteela|[miss]
|-miss|p1a: Scyther|p2a: Celesteela
|move|p2a: Celesteela|Heavy Slam|p1a: Scyther
|-damage|p1a: Scyther|2/100
|
|-heal|p2a: Celesteela|76/100|[from] item: Leftovers
|upkeep
|turn|23
|j| SkipTheDripBayless
|
|t:|1607712112
|switch|p1a: Zeraora|Zeraora, shiny|49/100
|move|p2a: Celesteela|Heavy Slam|p1a: Zeraora
|-resisted|p1a: Zeraora
|-damage|p1a: Zeraora|19/100
|
|-heal|p2a: Celesteela|82/100|[from] item: Leftovers
|upkeep
|turn|24
|l| SkipTheDripBayless
|
|t:|1607712124
|switch|p2a: Kommo-o|Kommo-o, M|56/100
|move|p1a: Zeraora|Volt Switch|p2a: Kommo-o
|-resisted|p2a: Kommo-o
|-damage|p2a: Kommo-o|46/100
|
|t:|1607712134
|switch|p1a: Nidoqueen|Nidoqueen, F, shiny|100/100|[from]move: Volt Switch
|
|upkeep
|turn|25
|
|t:|1607712143
|move|p1a: Nidoqueen|Earth Power|p2a: Kommo-o
|-damage|p2a: Kommo-o|0 fnt
|faint|p2a: Kommo-o
|
|upkeep
|
|t:|1607712147
|switch|p2a: Diggersby|Diggersby, M|100/100
|turn|26
|
|t:|1607712157
|switch|p1a: Hatterene|Hatterene, F|87/100
|move|p2a: Diggersby|Body Slam|p1a: Hatterene
|-damage|p1a: Hatterene|41/100
|
|-heal|p1a: Hatterene|47/100|[from] item: Leftovers
|upkeep
|turn|27
|c| Haffling|Diggersby tho
|
|t:|1607712167
|move|p2a: Diggersby|Body Slam|p1a: Hatterene
|-damage|p1a: Hatterene|2/100
|move|p1a: Hatterene|Mystical Fire|p2a: Diggersby
|-damage|p2a: Diggersby|72/100
|-unboost|p2a: Diggersby|spa|1
|
|-heal|p1a: Hatterene|8/100|[from] item: Leftovers
|upkeep
|turn|28
|j| Indercover
|
|t:|1607712171
|move|p2a: Diggersby|Body Slam|p1a: Hatterene
|-damage|p1a: Hatterene|0 fnt
|faint|p1a: Hatterene
|
|upkeep
|c| KrookKing|didnt even kill
|
|t:|1607712177
|switch|p1a: Zeraora|Zeraora, shiny|19/100
|turn|29
|c| Indercover|prof.otaku
|c| Indercover|t foutu
|
|t:|1607712182
|switch|p2a: Chandelure|Chandelure, M|22/100
|move|p1a: Zeraora|Close Combat|p2a: Chandelure
|-immune|p2a: Chandelure
|
|upkeep
|turn|30
|c| Indercover|GOAT
|
|t:|1607712203
|move|p1a: Zeraora|Volt Switch|p2a: Chandelure
|-damage|p2a: Chandelure|0 fnt
|faint|p2a: Chandelure
|c|☆Prof.Otaku|tks indecover
|c|☆Prof.Otaku|,-,
|inactive|Low Ladder Terror has 120 seconds left.
|
|t:|1607712226
|switch|p1a: Salamence|Salamence, M|100/100|[from]move: Volt Switch
|
|upkeep
|
|t:|1607712230
|switch|p2a: Hatterene|Hatterene, F|100/100
|turn|31
|inactive|Low Ladder Terror has 120 seconds left.
|
|t:|1607712260
|move|p1a: Salamence|Dual Wingbeat|p2a: Hatterene
|-damage|p2a: Hatterene|78/100
|-damage|p2a: Hatterene|54/100
|-hitcount|p2a: Hatterene|2
|move|p2a: Hatterene|Dazzling Gleam|p1a: Salamence
|-supereffective|p1a: Salamence
|-damage|p1a: Salamence|0 fnt
|faint|p1a: Salamence
|
|upkeep
|inactive|Low Ladder Terror has 90 seconds left.
|
|t:|1607712281
|switch|p1a: Scyther|Scyther, M|2/100
|turn|32
|inactive|Low Ladder Terror has 90 seconds left.
|j| Mystras Leoxses
|
|t:|1607712290
|switch|p2a: Celesteela|Celesteela|82/100
|move|p1a: Scyther|Knock Off|p2a: Celesteela
|-damage|p2a: Celesteela|48/100
|-enditem|p2a: Celesteela|Leftovers|[from] move: Knock Off|[of] p1a: Scyther
|
|upkeep
|turn|33
|inactive|Low Ladder Terror has 90 seconds left.
|
|t:|1607712307
|move|p1a: Scyther|Knock Off|p2a: Celesteela
|-damage|p2a: Celesteela|27/100
|move|p2a: Celesteela|Heavy Slam|p1a: Scyther
|-damage|p1a: Scyther|0 fnt
|faint|p1a: Scyther
|-ability|p2a: Celesteela|Beast Boost|boost
|-boost|p2a: Celesteela|spd|1
|
|upkeep
|
|t:|1607712321
|switch|p1a: Zeraora|Zeraora, shiny|19/100
|turn|34
|
|t:|1607712325
|move|p1a: Zeraora|Close Combat|p2a: Celesteela
|-damage|p2a: Celesteela|0 fnt
|-unboost|p1a: Zeraora|def|1
|-unboost|p1a: Zeraora|spd|1
|faint|p2a: Celesteela
|
|upkeep
|
|t:|1607712330
|switch|p2a: Diggersby|Diggersby, M|72/100
|turn|35
|
|t:|1607712334
|switch|p1a: Nidoqueen|Nidoqueen, F, shiny|100/100
|move|p2a: Diggersby|Quick Attack|p1a: Nidoqueen
|-damage|p1a: Nidoqueen|71/100
|
|upkeep
|turn|36
|
|t:|1607712341
|switch|p2a: Hatterene|Hatterene, F|54/100
|move|p1a: Nidoqueen|Earth Power|p2a: Hatterene
|-damage|p2a: Hatterene|13/100
|
|upkeep
|turn|37
|
|t:|1607712346
|move|p1a: Nidoqueen|Earth Power|p2a: Hatterene
|-damage|p2a: Hatterene|0 fnt
|faint|p2a: Hatterene
|
|upkeep
|
|t:|1607712361
|switch|p2a: Diggersby|Diggersby, M|72/100
|turn|38
|c|☆Prof.Otaku|gg, I couldn't make the play, too bad.
|
|t:|1607712367
|move|p2a: Diggersby|Earthquake|p1a: Nidoqueen
|-supereffective|p1a: Nidoqueen
|-damage|p1a: Nidoqueen|0 fnt
|faint|p1a: Nidoqueen
|
|upkeep
|
|t:|1607712370
|switch|p1a: Zeraora|Zeraora, shiny|19/100
|turn|39
|
|t:|1607712373
|move|p1a: Zeraora|Close Combat|p2a: Diggersby
|-supereffective|p2a: Diggersby
|-damage|p2a: Diggersby|0 fnt
|-unboost|p1a: Zeraora|def|1
|-unboost|p1a: Zeraora|spd|1
|faint|p2a: Diggersby
|
|win|Low Ladder Terror
|n|☆Low Ladder Terror|lowladderterror
|n|☆Prof.Otaku|profotaku
|n| Haffling|haffling
|n| mediocreprovoker|mediocreprovoker
|n| Elodie|elodie
|n| laevin ㋛|laevin
|n| BigFatMantis|bigfatmantis
|n| LucasM123|lucasm123
|n| aquamarine313|aquamarine313
|n| Crushy Soul|crushysoul
|n| Mindnight|mindnight
|n| Gash Gardner|gashgardner
|n| KrookKing|krookking
|n| Indercover|indercover
|n| Mystras Leoxses|mystrasleoxses
