|j|☆luc ario power
|j|☆Shudderwok
|t:|1608017897
|player|p1|luc ario power|gambler|1319
|player|p2|Shudderwok|1|1031
|teamsize|p1|6
|teamsize|p2|6
|gametype|singles
|gen|8
|tier|[Gen 8] UU
|rated|
|clearpoke
|poke|p1|Doublade, F|
|poke|p1|Gyarados, M|
|poke|p1|Sigilyph, F|
|poke|p1|Vikavolt, M|
|poke|p1|Grimmsnarl, M|
|poke|p1|Toxtricity-Low-Key, M|
|poke|p2|Chansey, F|
|poke|p2|Zeraora|
|poke|p2|Gyarados, F|
|poke|p2|Scizor, M|
|poke|p2|Latias, F|
|poke|p2|Victini|
|rule|Sleep Clause Mod: Limit one foe put to sleep
|rule|Species Clause: Limit one of each Pokémon
|rule|OHKO Clause: OHKO moves are banned
|rule|Evasion Moves Clause: Evasion moves are banned
|rule|Endless Battle Clause: Forcing endless battles is banned
|rule|HP Percentage Mod: HP is shown in percentages
|rule|Dynamax Clause: You cannot dynamax
|teampreview
|
|t:|1608017934
|start
|switch|p1a: voltato|Vikavolt, M|100/100
|switch|p2a: Onii-Chan|Chansey, F|100/100
|turn|1
|
|t:|1608017942
|move|p2a: Onii-Chan|Toxic|p1a: voltato
|-status|p1a: voltato|tox
|move|p1a: voltato|Sticky Web|p2a: Onii-Chan
|-sidestart|p2: Shudderwok|move: Sticky Web
|
|-damage|p1a: voltato|94/100 tox|[from] psn
|upkeep
|turn|2
|
|t:|1608017949
|move|p2a: Onii-Chan|Stealth Rock|p1a: voltato
|-sidestart|p1: luc ario power|move: Stealth Rock
|move|p1a: voltato|Thunder Wave|p2a: Onii-Chan
|-status|p2a: Onii-Chan|par
|
|-damage|p1a: voltato|82/100 tox|[from] psn
|upkeep
|turn|3
|
|t:|1608017968
|switch|p2a: Zalae|Zeraora|100/100
|-activate|p2a: Zalae|move: Sticky Web
|-unboost|p2a: Zalae|spe|1
|move|p1a: voltato|Volt Switch|p2a: Zalae
|-immune|p2a: Zalae|[from] ability: Volt Absorb
|
|-damage|p1a: voltato|64/100 tox|[from] psn
|upkeep
|turn|4
|
|t:|1608017977
|move|p2a: Zalae|Fake Out|p1a: voltato
|-damage|p1a: voltato|47/100 tox
|-damage|p2a: Zalae|91/100|[from] item: Life Orb
|cant|p1a: voltato|flinch
|
|-damage|p1a: voltato|22/100 tox|[from] psn
|upkeep
|turn|5
|
|t:|1608017996
|move|p2a: Zalae|Volt Switch|p1a: voltato
|-resisted|p1a: voltato
|-damage|p1a: voltato|6/100 tox
|-damage|p2a: Zalae|81/100|[from] item: Life Orb
|
|t:|1608018007
|switch|p2a: Onii-Chan|Chansey, F|100/100|[from]move: Volt Switch
|-activate|p2a: Onii-Chan|move: Sticky Web
|-unboost|p2a: Onii-Chan|spe|1
|move|p1a: voltato|Bug Buzz|p2a: Onii-Chan
|-damage|p2a: Onii-Chan|84/100
|
|-damage|p1a: voltato|0 fnt|[from] psn
|faint|p1a: voltato
|upkeep
|
|t:|1608018040
|switch|p1a: s#igil|Sigilyph, F|100/100
|turn|6
|
|t:|1608018052
|move|p1a: s#igil|Psyshock|p2a: Onii-Chan
|-damage|p2a: Onii-Chan|53/100
|move|p2a: Onii-Chan|Toxic|p1a: s#igil
|-status|p1a: s#igil|tox
|
|upkeep
|turn|7
|
|t:|1608018060
|move|p1a: s#igil|Psyshock|p2a: Onii-Chan
|-damage|p2a: Onii-Chan|20/100
|move|p2a: Onii-Chan|Soft-Boiled|p2a: Onii-Chan
|-heal|p2a: Onii-Chan|70/100
|
|upkeep
|turn|8
|
|t:|1608018080
|switch|p2a: MegaGay|Gyarados, F|100/100
|move|p1a: s#igil|Calm Mind|p1a: s#igil
|-boost|p1a: s#igil|spa|1
|-boost|p1a: s#igil|spd|1
|
|upkeep
|turn|9
|
|t:|1608018088
|move|p2a: MegaGay|Crunch|p1a: s#igil
|-supereffective|p1a: s#igil
|-damage|p1a: s#igil|29/100 tox
|move|p1a: s#igil|Psyshock|p2a: MegaGay
|-damage|p2a: MegaGay|17/100
|
|upkeep
|turn|10
|
|t:|1608018098
|switch|p1a: garf|Grimmsnarl, M|100/100
|-damage|p1a: garf|88/100|[from] Stealth Rock
|move|p2a: MegaGay|Crunch|p1a: garf
|-resisted|p1a: garf
|-damage|p1a: garf|80/100
|
|upkeep
|turn|11
|
|t:|1608018112
|switch|p2a: Onii-Chan|Chansey, F|70/100
|-activate|p2a: Onii-Chan|move: Sticky Web
|-unboost|p2a: Onii-Chan|spe|1
|move|p1a: garf|Spirit Break|p2a: Onii-Chan
|-damage|p2a: Onii-Chan|34/100
|-unboost|p2a: Onii-Chan|spa|1
|
|upkeep
|turn|12
|
|t:|1608018144
|switch|p2a: Zalae|Zeraora|81/100
|-activate|p2a: Zalae|move: Sticky Web
|-unboost|p2a: Zalae|spe|1
|move|p1a: garf|Spirit Break|p2a: Zalae
|-damage|p2a: Zalae|0 fnt
|faint|p2a: Zalae
|
|upkeep
|
|t:|1608018170
|switch|p2a: Scissor|Scizor, M|100/100
|-activate|p2a: Scissor|move: Sticky Web
|-unboost|p2a: Scissor|spe|1
|turn|13
|
|t:|1608018176
|switch|p1a: bae Blade|Doublade, F|100/100
|-damage|p1a: bae Blade|94/100|[from] Stealth Rock
|move|p2a: Scissor|Counter|p1a: bae Blade
|-immune|p1a: bae Blade
|
|upkeep
|turn|14
|
|t:|1608018211
|switch|p2a: HahaHeSaidAss|Latias, F|100/100
|move|p1a: bae Blade|Swords Dance|p1a: bae Blade
|-boost|p1a: bae Blade|atk|2
|
|upkeep
|turn|15
|
|t:|1608018222
|move|p1a: bae Blade|Shadow Sneak|p2a: HahaHeSaidAss
|-supereffective|p2a: HahaHeSaidAss
|-damage|p2a: HahaHeSaidAss|0 fnt
|faint|p2a: HahaHeSaidAss
|
|upkeep
|c|☆luc ario power|i like the name
|c|☆luc ario power|very fitting
|
|t:|1608018236
|switch|p2a: Vick|Victini|100/100
|-activate|p2a: Vick|move: Sticky Web
|-unboost|p2a: Vick|spe|1
|turn|16
|
|t:|1608018242
|move|p1a: bae Blade|Shadow Sneak|p2a: Vick
|-supereffective|p2a: Vick
|-damage|p2a: Vick|5/100
|move|p2a: Vick|Blue Flare|p1a: bae Blade
|-supereffective|p1a: bae Blade
|-damage|p1a: bae Blade|0 fnt
|-damage|p2a: Vick|0 fnt|[from] item: Life Orb
|faint|p1a: bae Blade
|faint|p2a: Vick
|
|upkeep
|
|t:|1608018281
|switch|p2a: Scissor|Scizor, M|100/100
|switch|p1a: s#igil|Sigilyph, F|29/100 tox
|-activate|p2a: Scissor|move: Sticky Web
|-unboost|p2a: Scissor|spe|1
|turn|17
|
|t:|1608018292
|move|p1a: s#igil|Heat Wave|p2a: Scissor
|-supereffective|p2a: Scissor
|-enditem|p2a: Scissor|Focus Sash
|-damage|p2a: Scissor|1/100
|move|p2a: Scissor|Swords Dance|p2a: Scissor
|-boost|p2a: Scissor|atk|2
|
|upkeep
|turn|18
|
|t:|1608018302
|move|p2a: Scissor|Bullet Punch|p1a: s#igil
|-damage|p1a: s#igil|0 fnt
|faint|p1a: s#igil
|
|upkeep
|
|t:|1608018331
|switch|p1a: boomer|Toxtricity-Low-Key, M|100/100
|-damage|p1a: boomer|88/100|[from] Stealth Rock
|turn|19
|
|t:|1608018335
|move|p2a: Scissor|Bullet Punch|p1a: boomer
|-resisted|p1a: boomer
|-damage|p1a: boomer|43/100
|move|p1a: boomer|Overdrive|p2a: Scissor
|-damage|p2a: Scissor|0 fnt
|faint|p2a: Scissor
|
|upkeep
|
|t:|1608018371
|switch|p2a: MegaGay|Gyarados, F|17/100
|turn|20
|
|t:|1608018398
|move|p2a: MegaGay|Earthquake|p1a: boomer
|-supereffective|p1a: boomer
|-damage|p1a: boomer|0 fnt
|faint|p1a: boomer
|-ability|p2a: MegaGay|Moxie|boost
|-boost|p2a: MegaGay|atk|1
|
|upkeep
|
|t:|1608018402
|switch|p1a: kaizo|Gyarados, M|100/100
|-damage|p1a: kaizo|76/100|[from] Stealth Rock
|turn|21
|
|t:|1608018408
|switch|p2a: Onii-Chan|Chansey, F|34/100
|-activate|p2a: Onii-Chan|move: Sticky Web
|-unboost|p2a: Onii-Chan|spe|1
|move|p1a: kaizo|Dragon Dance|p1a: kaizo
|-boost|p1a: kaizo|atk|1
|-boost|p1a: kaizo|spe|1
|
|upkeep
|turn|22
|
|t:|1608018417
|move|p1a: kaizo|Earthquake|p2a: Onii-Chan
|-damage|p2a: Onii-Chan|1/100
|move|p2a: Onii-Chan|Toxic|p1a: kaizo
|-status|p1a: kaizo|tox
|-enditem|p1a: kaizo|Lum Berry|[eat]
|-curestatus|p1a: kaizo|tox|[msg]
|
|upkeep
|turn|23
|c|☆Shudderwok|gg
|c|☆luc ario power|gg
|
|t:|1608018432
|move|p2a: Onii-Chan|Protect|p2a: Onii-Chan
|-singleturn|p2a: Onii-Chan|Protect
|move|p1a: kaizo|Earthquake|p2a: Onii-Chan
|-activate|p2a: Onii-Chan|move: Protect
|
|upkeep
|turn|24
|
|t:|1608018437
|move|p1a: kaizo|Earthquake|p2a: Onii-Chan
|-damage|p2a: Onii-Chan|0 fnt
|faint|p2a: Onii-Chan
|-ability|p1a: kaizo|Moxie|boost
|-boost|p1a: kaizo|atk|1
|
|upkeep
|
|t:|1608018443
|switch|p2a: MegaGay|Gyarados, F|17/100
|turn|25
|c|☆luc ario power|scarf is an interesting choice but i like it
|
|t:|1608018453
|move|p2a: MegaGay|Crunch|p1a: kaizo
|-damage|p1a: kaizo|39/100
|move|p1a: kaizo|Ice Fang|p2a: MegaGay
|-damage|p2a: MegaGay|0 fnt
|faint|p2a: MegaGay
|
|win|luc ario power
|raw|luc ario power's rating: 1319 &rarr; <strong>1325</strong><br />(+6 for winning)
|raw|Shudderwok's rating: 1031 &rarr; <strong>1026</strong><br />(-5 for losing)
|l|☆luc ario power
|c|☆Shudderwok|thanks
|c|☆Shudderwok|this is my 2nd team, it's been doing p well
|c|☆Shudderwok|only 1 of 4 wins but they've all been pretty close
