|j|☆pqlamzzmalqp
|j|☆ExiDudi
|t:|1667169498
|gametype|singles
|player|p1|pqlamzzmalqp|marshal|1408
|player|p2|ExiDudi|doctor-gen8|1407
|teamsize|p1|6
|teamsize|p2|6
|gen|8
|tier|[Gen 8] UU
|rated|
|rule|Sleep Clause Mod: Limit one foe put to sleep
|rule|Species Clause: Limit one of each Pokémon
|rule|OHKO Clause: OHKO moves are banned
|rule|Evasion Items Clause: Evasion items are banned
|rule|Evasion Moves Clause: Evasion moves are banned
|rule|Endless Battle Clause: Forcing endless battles is banned
|rule|HP Percentage Mod: HP is shown in percentages
|rule|Dynamax Clause: You cannot dynamax
|clearpoke
|poke|p1|Excadrill, M|
|poke|p1|Celesteela|
|poke|p1|Gyarados, F|
|poke|p1|Scizor, M|
|poke|p1|Azelf|
|poke|p1|Keldeo-Resolute|
|poke|p2|Flygon, F|
|poke|p2|Thundurus-Therian, M|
|poke|p2|Chansey, F|
|poke|p2|Umbreon, M|
|poke|p2|Hatterene, F|
|poke|p2|Hippowdon, M|
|teampreview
|inactive|Battle timer is ON: inactive players will automatically lose when time's up. (requested by pqlamzzmalqp)
|
|t:|1667169551
|start
|switch|p1a: Excadrill|Excadrill, M|100/100
|switch|p2a: Flygon|Flygon, F|100/100
|-ability|p1a: Excadrill|Mold Breaker
|turn|1
|
|t:|1667169557
|move|p1a: Excadrill|Stealth Rock|p2a: Flygon
|-sidestart|p2: ExiDudi|move: Stealth Rock
|move|p2a: Flygon|Earthquake|p1a: Excadrill
|-supereffective|p1a: Excadrill
|-damage|p1a: Excadrill|15/100
|
|upkeep
|turn|2
|
|t:|1667169560
|move|p1a: Excadrill|Earthquake|p2a: Flygon
|-damage|p2a: Flygon|61/100
|move|p2a: Flygon|Defog|p1a: Excadrill
|-unboost|p1a: Excadrill|evasion|1
|-sideend|p2: ExiDudi|Stealth Rock|[from] move: Defog|[of] p2a: Flygon
|
|-heal|p2a: Flygon|67/100|[from] item: Leftovers
|upkeep
|turn|3
|j| amogusroxyrrrr
|j| Terrak lover
|
|t:|1667169564
|move|p1a: Excadrill|Earthquake|p2a: Flygon
|-damage|p2a: Flygon|24/100
|move|p2a: Flygon|Defog|p1a: Excadrill
|-unboost|p1a: Excadrill|evasion|1
|
|-heal|p2a: Flygon|30/100|[from] item: Leftovers
|upkeep
|turn|4
|j| Appleking123
|
|t:|1667169571
|switch|p2a: Umbreon|Umbreon, M|100/100
|move|p1a: Excadrill|Stealth Rock|p2a: Umbreon
|-sidestart|p2: ExiDudi|move: Stealth Rock
|
|upkeep
|turn|5
|
|t:|1667169585
|move|p1a: Excadrill|Earthquake|p2a: Umbreon
|-damage|p2a: Umbreon|68/100
|move|p2a: Umbreon|Foul Play|p1a: Excadrill
|-damage|p1a: Excadrill|0 fnt
|faint|p1a: Excadrill
|
|-heal|p2a: Umbreon|74/100|[from] item: Leftovers
|upkeep
|
|t:|1667169592
|switch|p1a: Scizor|Scizor, M|100/100
|turn|6
|
|t:|1667169597
|move|p1a: Scizor|Bug Bite|p2a: Umbreon
|-supereffective|p2a: Umbreon
|-damage|p2a: Umbreon|14/100
|move|p2a: Umbreon|Foul Play|p1a: Scizor
|-damage|p1a: Scizor|36/100
|
|-heal|p1a: Scizor|42/100|[from] item: Leftovers
|-heal|p2a: Umbreon|20/100|[from] item: Leftovers
|upkeep
|turn|7
|
|t:|1667169609
|move|p1a: Scizor|Bug Bite|p2a: Umbreon
|-supereffective|p2a: Umbreon
|-damage|p2a: Umbreon|0 fnt
|faint|p2a: Umbreon
|
|-heal|p1a: Scizor|49/100|[from] item: Leftovers
|upkeep
|
|t:|1667169611
|switch|p2a: Thundurus|Thundurus-Therian, M|100/100
|turn|8
|
|t:|1667169615
|move|p1a: Scizor|Bullet Punch|p2a: Thundurus
|-resisted|p2a: Thundurus
|-damage|p2a: Thundurus|72/100
|move|p2a: Thundurus|Thunderbolt|p1a: Scizor
|-damage|p1a: Scizor|0 fnt
|faint|p1a: Scizor
|
|upkeep
|j| esqimo589
|
|t:|1667169621
|switch|p1a: Azelf|Azelf|100/100
|turn|9
|
|t:|1667169624
|move|p1a: Azelf|Psyshock|p2a: Thundurus
|-damage|p2a: Thundurus|12/100
|move|p2a: Thundurus|Thunderbolt|p1a: Azelf
|-damage|p1a: Azelf|25/100
|
|upkeep
|turn|10
|
|t:|1667169627
|move|p1a: Azelf|Psyshock|p2a: Thundurus
|-damage|p2a: Thundurus|0 fnt
|faint|p2a: Thundurus
|
|upkeep
|
|t:|1667169629
|switch|p2a: Hatterene|Hatterene, F|100/100
|-damage|p2a: Hatterene|88/100|[from] Stealth Rock
|turn|11
|
|t:|1667169632
|move|p1a: Azelf|Flamethrower|p2a: Hatterene
|-damage|p2a: Hatterene|55/100
|move|p2a: Hatterene|Calm Mind|p2a: Hatterene
|-boost|p2a: Hatterene|spa|1
|-boost|p2a: Hatterene|spd|1
|
|-heal|p2a: Hatterene|61/100|[from] item: Leftovers
|upkeep
|turn|12
|
|t:|1667169637
|move|p1a: Azelf|Nasty Plot|p1a: Azelf
|-boost|p1a: Azelf|spa|2
|move|p2a: Hatterene|Draining Kiss|p1a: Azelf
|-damage|p1a: Azelf|0 fnt
|-heal|p2a: Hatterene|78/100|[from] drain|[of] p1a: Azelf
|faint|p1a: Azelf
|
|-heal|p2a: Hatterene|84/100|[from] item: Leftovers
|upkeep
|
|t:|1667169644
|switch|p1a: Gyarados|Gyarados, F|100/100
|-ability|p1a: Gyarados|Intimidate|boost
|-unboost|p2a: Hatterene|atk|1
|turn|13
|
|t:|1667169649
|move|p1a: Gyarados|Dragon Dance|p1a: Gyarados
|-boost|p1a: Gyarados|atk|1
|-boost|p1a: Gyarados|spe|1
|move|p2a: Hatterene|Psyshock|p1a: Gyarados
|-damage|p1a: Gyarados|39/100
|
|-heal|p1a: Gyarados|45/100|[from] item: Leftovers
|-heal|p2a: Hatterene|89/100|[from] item: Leftovers
|upkeep
|turn|14
|
|t:|1667169652
|move|p1a: Gyarados|Waterfall|p2a: Hatterene
|-damage|p2a: Hatterene|35/100
|move|p2a: Hatterene|Psyshock|p1a: Gyarados
|-damage|p1a: Gyarados|0 fnt
|faint|p1a: Gyarados
|
|-heal|p2a: Hatterene|41/100|[from] item: Leftovers
|upkeep
|
|t:|1667169658
|switch|p1a: Celesteela|Celesteela|100/100
|turn|15
|
|t:|1667169661
|move|p1a: Celesteela|Air Slash|p2a: Hatterene
|-crit|p2a: Hatterene
|-damage|p2a: Hatterene|0 fnt
|faint|p2a: Hatterene
|-ability|p1a: Celesteela|Beast Boost|boost
|-boost|p1a: Celesteela|spa|1
|
|upkeep
|c|☆ExiDudi|yay
|
|t:|1667169668
|switch|p2a: Chansey|Chansey, F|100/100
|-damage|p2a: Chansey|88/100|[from] Stealth Rock
|turn|16
|c|☆pqlamzzmalqp|cope\
|
|t:|1667169672
|move|p1a: Celesteela|Air Slash|p2a: Chansey
|-damage|p2a: Chansey|71/100
|move|p2a: Chansey|Seismic Toss|p1a: Celesteela
|-damage|p1a: Celesteela|71/100
|
|upkeep
|turn|17
|c| Appleking123|steela always gets the luck it wants
|
|t:|1667169676
|move|p1a: Celesteela|Air Slash|p2a: Chansey
|-damage|p2a: Chansey|54/100
|move|p2a: Chansey|Soft-Boiled|p2a: Chansey
|-heal|p2a: Chansey|100/100
|
|upkeep
|turn|18
|c| Appleking123|remember this
|
|t:|1667169680
|move|p1a: Celesteela|Air Slash|p2a: Chansey
|-damage|p2a: Chansey|82/100
|move|p2a: Chansey|Seismic Toss|p1a: Celesteela
|-damage|p1a: Celesteela|41/100
|
|upkeep
|turn|19
|
|t:|1667169682
|move|p1a: Celesteela|Air Slash|p2a: Chansey
|-damage|p2a: Chansey|66/100
|move|p2a: Chansey|Seismic Toss|p1a: Celesteela
|-damage|p1a: Celesteela|11/100
|
|upkeep
|turn|20
|
|t:|1667169684
|move|p1a: Celesteela|Air Slash|p2a: Chansey
|-damage|p2a: Chansey|48/100
|cant|p2a: Chansey|flinch
|
|upkeep
|turn|21
|
|t:|1667169688
|move|p1a: Celesteela|Air Slash|p2a: Chansey
|-damage|p2a: Chansey|30/100
|cant|p2a: Chansey|flinch
|
|upkeep
|turn|22
|c| esqimo589|youre meant to mbeam twice
|
|t:|1667169691
|move|p1a: Celesteela|Air Slash|p2a: Chansey
|-damage|p2a: Chansey|12/100
|cant|p2a: Chansey|flinch
|
|upkeep
|turn|23
|c| Appleking123|SEEE
|c| Appleking123|SEEEEEEE
|c| Appleking123|IM RIGHT
|-message|ExiDudi forfeited.
|
|win|pqlamzzmalqp
|raw|pqlamzzmalqp's rating: 1408 &rarr; <strong>1428</strong><br />(+20 for winning)
|raw|ExiDudi's rating: 1407 &rarr; <strong>1387</strong><br />(-20 for losing)
|c|☆pqlamzzmalqp|click a move
|c| esqimo589|UHHHHHHHHHHH
|c| esqimo589|UHHHHHHHHHHHHH
|c|☆pqlamzzmalqp|or do that
|c|☆pqlamzzmalqp|2 ez
|l| Appleking123
|l|☆pqlamzzmalqp
|j|☆pqlamzzmalqp
|player|p1|pqlamzzmalqp|marshal
|c|☆pqlamzzmalqp|https://replay.pokemonshowdown.com/gen8uu-1698874357
|l|☆pqlamzzmalqp
|player|p1|
||Ladder isn't responding, score probably updated but might not have (Request timeout).
|j|☆pqlamzzmalqp
|player|p1|pqlamzzmalqp|marshal
|l|☆pqlamzzmalqp
|player|p1|
|j| Appleking123
