|j|☆Saladae
|j|☆Lnua
|player|p1|Saladae|gardenia|1340
|player|p2|Lnua|misty-gen2|1188
|teamsize|p1|6
|teamsize|p2|6
|gametype|singles
|gen|8
|tier|[Gen 8] UU
|rated|
|clearpoke
|poke|p1|Torkoal, F|
|poke|p1|Venusaur, M|
|poke|p1|Charizard, M|
|poke|p1|Darmanitan, M|
|poke|p1|Pangoro, M|
|poke|p1|Goodra, F|
|poke|p2|Noivern, F|
|poke|p2|Rhyperior, F|
|poke|p2|Sylveon, F|
|poke|p2|Reuniclus, F|
|poke|p2|Milotic, F|
|poke|p2|Cobalion|
|rule|Sleep Clause Mod: Limit one foe put to sleep
|rule|Species Clause: Limit one of each Pokémon
|rule|OHKO Clause: OHKO moves are banned
|rule|Evasion Moves Clause: Evasion moves are banned
|rule|Endless Battle Clause: Forcing endless battles is banned
|rule|HP Percentage Mod: HP is shown in percentages
|rule|Dynamax Clause: You cannot dynamax
|teampreview
|
|start
|switch|p1a: Torkoal|Torkoal, F|100/100
|switch|p2a: Rhyperior|Rhyperior, F|100/100
|-weather|SunnyDay|[from] ability: Drought|[of] p1a: Torkoal
|turn|1
|
|switch|p1a: Pangoro|Pangoro, M|100/100
|-ability|p1a: Pangoro|Mold Breaker
|move|p2a: Rhyperior|Stealth Rock|p1a: Pangoro
|-sidestart|p1: Saladae|move: Stealth Rock
|
|-weather|SunnyDay|[upkeep]
|upkeep
|turn|2
|
|switch|p2a: yawn|Sylveon, F|100/100
|move|p1a: Pangoro|Bullet Punch|p2a: yawn
|-supereffective|p2a: yawn
|-damage|p2a: yawn|66/100
|
|-weather|SunnyDay|[upkeep]
|-heal|p2a: yawn|73/100|[from] item: Leftovers
|upkeep
|turn|3
|
|switch|p1a: Darmanitan|Darmanitan, M|100/100
|-damage|p1a: Darmanitan|76/100|[from] Stealth Rock
|move|p2a: yawn|Hyper Voice|p1a: Darmanitan
|-resisted|p1a: Darmanitan
|-damage|p1a: Darmanitan|42/100
|
|-weather|SunnyDay|[upkeep]
|-heal|p2a: yawn|79/100|[from] item: Leftovers
|upkeep
|turn|4
|
|switch|p2a: Rhyperior|Rhyperior, F|100/100
|move|p1a: Darmanitan|U-turn|p2a: Rhyperior
|-damage|p2a: Rhyperior|77/100
|
|switch|p1a: Venusaur|Venusaur, M|100/100|[from]move: U-turn
|-damage|p1a: Venusaur|88/100|[from] Stealth Rock
|
|-weather|SunnyDay|[upkeep]
|-heal|p2a: Rhyperior|83/100|[from] item: Leftovers
|upkeep
|turn|5
|
|switch|p2a: Reuniclus|Reuniclus, F|100/100
|move|p1a: Venusaur|Sludge Bomb|p2a: Reuniclus
|-damage|p2a: Reuniclus|77/100
|-status|p2a: Reuniclus|psn
|-damage|p1a: Venusaur|78/100|[from] item: Life Orb
|
|-weather|SunnyDay|[upkeep]
|-damage|p2a: Reuniclus|65/100 psn|[from] psn
|upkeep
|turn|6
|
|switch|p1a: Pangoro|Pangoro, M|100/100
|-damage|p1a: Pangoro|94/100|[from] Stealth Rock
|-ability|p1a: Pangoro|Mold Breaker
|move|p2a: Reuniclus|Focus Blast|p1a: Pangoro
|-supereffective|p1a: Pangoro
|-damage|p1a: Pangoro|0 fnt
|faint|p1a: Pangoro
|
|-weather|SunnyDay|[upkeep]
|-damage|p2a: Reuniclus|53/100 psn|[from] psn
|upkeep
|
|switch|p1a: Torkoal|Torkoal, F|100/100
|-damage|p1a: Torkoal|76/100|[from] Stealth Rock
|turn|7
|
|move|p1a: Torkoal|Rapid Spin|p2a: Reuniclus
|-damage|p2a: Reuniclus|43/100 psn
|-boost|p1a: Torkoal|spe|1
|-sideend|p1: Saladae|Stealth Rock|[from] move: Rapid Spin|[of] p1a: Torkoal
|move|p2a: Reuniclus|Future Sight|p1a: Torkoal
|-start|p2a: Reuniclus|move: Future Sight
|
|-weather|SunnyDay|[upkeep]
|-damage|p2a: Reuniclus|31/100 psn|[from] psn
|upkeep
|turn|8
|
|switch|p1a: Goodra|Goodra, F|100/100
|switch|p2a: Rhyperior|Rhyperior, F|83/100
|
|-weather|none
|-heal|p2a: Rhyperior|90/100|[from] item: Leftovers
|upkeep
|turn|9
|
|switch|p2a: Cobalion|Cobalion|100/100
|move|p1a: Goodra|Draco Meteor|p2a: Cobalion|[miss]
|-miss|p1a: Goodra|p2a: Cobalion
|
|-end|p1a: Goodra|move: Future Sight
|-damage|p1a: Goodra|63/100
|upkeep
|turn|10
|
|switch|p2a: yawn|Sylveon, F|79/100
|switch|p1a: Torkoal|Torkoal, F|76/100
|-weather|SunnyDay|[from] ability: Drought|[of] p1a: Torkoal
|
|-weather|SunnyDay|[upkeep]
|-heal|p2a: yawn|85/100|[from] item: Leftovers
|upkeep
|turn|11
|
|switch|p2a: Rhyperior|Rhyperior, F|90/100
|move|p1a: Torkoal|Toxic|p2a: Rhyperior
|-status|p2a: Rhyperior|tox
|
|-weather|SunnyDay|[upkeep]
|-heal|p2a: Rhyperior|96/100 tox|[from] item: Leftovers
|-damage|p2a: Rhyperior|90/100 tox|[from] psn
|upkeep
|turn|12
|
|switch|p1a: Goodra|Goodra, F|63/100
|move|p2a: Rhyperior|Stealth Rock|p1a: Goodra
|-sidestart|p1: Saladae|move: Stealth Rock
|
|-weather|SunnyDay|[upkeep]
|-heal|p2a: Rhyperior|96/100 tox|[from] item: Leftovers
|-damage|p2a: Rhyperior|83/100 tox|[from] psn
|upkeep
|turn|13
|
|switch|p2a: Milotic|Milotic, F|100/100
|move|p1a: Goodra|Hydro Pump|p2a: Milotic
|-resisted|p2a: Milotic
|-damage|p2a: Milotic|92/100
|
|-weather|SunnyDay|[upkeep]
|-heal|p2a: Milotic|98/100|[from] item: Leftovers
|upkeep
|turn|14
|
|switch|p1a: Venusaur|Venusaur, M|78/100
|-damage|p1a: Venusaur|66/100|[from] Stealth Rock
|switch|p2a: Reuniclus|Reuniclus, F|64/100 psn
|
|-weather|SunnyDay|[upkeep]
|-damage|p2a: Reuniclus|52/100 psn|[from] psn
|upkeep
|turn|15
|
|move|p1a: Venusaur|Giga Drain|p2a: Reuniclus
|-damage|p2a: Reuniclus|32/100 psn
|-heal|p1a: Venusaur|80/100|[from] drain|[of] p2a: Reuniclus
|-damage|p1a: Venusaur|70/100|[from] item: Life Orb
|move|p2a: Reuniclus|Psychic|p1a: Venusaur
|-supereffective|p1a: Venusaur
|-damage|p1a: Venusaur|0 fnt
|faint|p1a: Venusaur
|
|-weather|SunnyDay|[upkeep]
|-damage|p2a: Reuniclus|20/100 psn|[from] psn
|upkeep
|
|switch|p1a: Torkoal|Torkoal, F|76/100
|-damage|p1a: Torkoal|51/100|[from] Stealth Rock
|turn|16
|
|switch|p2a: Rhyperior|Rhyperior, F|83/100 tox
|move|p1a: Torkoal|Rapid Spin|p2a: Rhyperior
|-resisted|p2a: Rhyperior
|-damage|p2a: Rhyperior|80/100 tox
|-boost|p1a: Torkoal|spe|1
|-sideend|p1: Saladae|Stealth Rock|[from] move: Rapid Spin|[of] p1a: Torkoal
|
|-weather|SunnyDay|[upkeep]
|-heal|p2a: Rhyperior|86/100 tox|[from] item: Leftovers
|-damage|p2a: Rhyperior|80/100 tox|[from] psn
|upkeep
|turn|17
|
|move|p2a: Rhyperior|Stealth Rock|p1a: Torkoal
|-sidestart|p1: Saladae|move: Stealth Rock
|move|p1a: Torkoal|Lava Plume|p2a: Rhyperior
|-resisted|p2a: Rhyperior
|-damage|p2a: Rhyperior|63/100 tox
|
|-weather|none
|-heal|p2a: Rhyperior|69/100 tox|[from] item: Leftovers
|-damage|p2a: Rhyperior|57/100 tox|[from] psn
|upkeep
|turn|18
|
|move|p2a: Rhyperior|Earthquake|p1a: Torkoal
|-supereffective|p1a: Torkoal
|-damage|p1a: Torkoal|0 fnt
|faint|p1a: Torkoal
|
|-heal|p2a: Rhyperior|63/100 tox|[from] item: Leftovers
|-damage|p2a: Rhyperior|45/100 tox|[from] psn
|upkeep
|-message|Saladae forfeited.
|
|win|Lnua
|l|☆Saladae
|raw|Saladae's rating: 1354 &rarr; <strong>1325</strong><br />(-29 for losing)
|raw|Lnua's rating: 1189 &rarr; <strong>1225</strong><br />(+36 for winning)
