|raw|<div class="broadcast-blue"><strong>This battle is required to be public due to a player having a name starting with 'uult91w'.</div>
|j|☆UULT91w Mantis
|j|☆UULT91W TT
|t:|1651676992
|gametype|singles
|player|p1|UULT91w Mantis|bugcatcher-gen4dp|1495
|player|p2|UULT91W TT|leon-tower|1378
|teamsize|p1|6
|teamsize|p2|6
|gen|8
|tier|[Gen 8] UU
|rated|
|rule|Sleep Clause Mod: Limit one foe put to sleep
|rule|Species Clause: Limit one of each Pokémon
|rule|OHKO Clause: OHKO moves are banned
|rule|Evasion Moves Clause: Evasion moves are banned
|rule|Endless Battle Clause: Forcing endless battles is banned
|rule|HP Percentage Mod: HP is shown in percentages
|rule|Dynamax Clause: You cannot dynamax
|clearpoke
|poke|p1|Moltres|
|poke|p1|Raikou|
|poke|p1|Hippowdon, M|
|poke|p1|Omastar, M|
|poke|p1|Tangrowth, F|
|poke|p1|Excadrill, M|
|poke|p2|Hippowdon, F|
|poke|p2|Skarmory, F|
|poke|p2|Azumarill, F|
|poke|p2|Hydreigon, M|
|poke|p2|Slowbro-Galar, M|
|poke|p2|Scizor, M|
|teampreview
|c|☆UULT91w Mantis|Hf
|c|☆UULT91W TT|u2
|inactive|Battle timer is ON: inactive players will automatically lose when time's up. (requested by UULT91w Mantis)
|
|t:|1651677035
|start
|switch|p1a: Hippowdon|Hippowdon, M|100/100
|switch|p2a: Hippowdon|Hippowdon, F|100/100
|-weather|Sandstorm|[from] ability: Sand Stream|[of] p2a: Hippowdon
|turn|1
|
|t:|1651677044
|move|p2a: Hippowdon|Toxic|p1a: Hippowdon
|-status|p1a: Hippowdon|tox
|move|p1a: Hippowdon|Stealth Rock|p2a: Hippowdon
|-sidestart|p2: UULT91W TT|move: Stealth Rock
|
|-weather|Sandstorm|[upkeep]
|-damage|p1a: Hippowdon|94/100 tox|[from] psn
|upkeep
|turn|2
|
|t:|1651677051
|switch|p1a: Tangrowth|Tangrowth, F|100/100
|move|p2a: Hippowdon|Stealth Rock|p1a: Tangrowth
|-sidestart|p1: UULT91w Mantis|move: Stealth Rock
|
|-weather|Sandstorm|[upkeep]
|-damage|p1a: Tangrowth|94/100|[from] Sandstorm
|upkeep
|turn|3
|
|t:|1651677059
|move|p2a: Hippowdon|Toxic|p1a: Tangrowth
|-status|p1a: Tangrowth|tox
|move|p1a: Tangrowth|Knock Off|p2a: Hippowdon
|-damage|p2a: Hippowdon|84/100
|-enditem|p2a: Hippowdon|Leftovers|[from] move: Knock Off|[of] p1a: Tangrowth
|
|-weather|Sandstorm|[upkeep]
|-damage|p1a: Tangrowth|88/100 tox|[from] Sandstorm
|-damage|p1a: Tangrowth|82/100 tox|[from] psn
|upkeep
|turn|4
|j| hariyana grande
|
|t:|1651677073
|switch|p2a: Hydreigon|Hydreigon, M|100/100
|-damage|p2a: Hydreigon|88/100|[from] Stealth Rock
|switch|p1a: Raikou|Raikou|100/100
|-ability|p1a: Raikou|Pressure
|
|-weather|Sandstorm|[upkeep]
|-damage|p2a: Hydreigon|82/100|[from] Sandstorm
|-damage|p1a: Raikou|94/100|[from] Sandstorm
|upkeep
|turn|5
|
|t:|1651677088
|move|p2a: Hydreigon|Draco Meteor|p1a: Raikou
|-damage|p1a: Raikou|23/100
|-unboost|p2a: Hydreigon|spa|2
|move|p1a: Raikou|Volt Switch|p2a: Hydreigon
|-resisted|p2a: Hydreigon
|-damage|p2a: Hydreigon|63/100
|
|t:|1651677111
|switch|p1a: Moltres|Moltres|100/100|[from]move: Volt Switch
|
|-weather|none
|upkeep
|turn|6
|inactive|UULT91W TT has 120 seconds left.
|j| Primarina
|l| Primarina
|
|t:|1651677159
|switch|p2a: Slowbro|Slowbro-Galar, M|100/100
|-damage|p2a: Slowbro|88/100|[from] Stealth Rock
|switch|p1a: Hippowdon|Hippowdon, M|94/100 tox
|-damage|p1a: Hippowdon|88/100 tox|[from] Stealth Rock
|-weather|Sandstorm|[from] ability: Sand Stream|[of] p1a: Hippowdon
|
|-weather|Sandstorm|[upkeep]
|-damage|p2a: Slowbro|82/100|[from] Sandstorm
|-damage|p1a: Hippowdon|82/100 tox|[from] psn
|upkeep
|turn|7
|inactive|UULT91w Mantis has 120 seconds left.
|inactive|UULT91W TT has 90 seconds left.
|
|t:|1651677186
|switch|p1a: Tangrowth|Tangrowth, F|100/100 tox
|-damage|p1a: Tangrowth|88/100 tox|[from] Stealth Rock
|switch|p2a: Hydreigon|Hydreigon, M|63/100
|-damage|p2a: Hydreigon|50/100|[from] Stealth Rock
|
|-weather|Sandstorm|[upkeep]
|-damage|p2a: Hydreigon|44/100|[from] Sandstorm
|-damage|p1a: Tangrowth|82/100 tox|[from] Sandstorm
|-damage|p1a: Tangrowth|76/100 tox|[from] psn
|upkeep
|turn|8
|inactive|UULT91w Mantis has 120 seconds left.
|inactive|UULT91W TT has 90 seconds left.
|
|t:|1651677197
|move|p2a: Hydreigon|U-turn|p1a: Tangrowth
|-supereffective|p1a: Tangrowth
|-damage|p1a: Tangrowth|59/100 tox
|-damage|p2a: Hydreigon|28/100|[from] item: Rocky Helmet|[of] p1a: Tangrowth
|inactive|UULT91W TT has 90 seconds left.
|
|t:|1651677208
|switch|p2a: Skarmory|Skarmory, F|100/100|[from]move: U-turn
|-damage|p2a: Skarmory|88/100|[from] Stealth Rock
|move|p1a: Tangrowth|Knock Off|p2a: Skarmory
|-damage|p2a: Skarmory|74/100
|-damage|p1a: Tangrowth|43/100 tox|[from] item: Rocky Helmet|[of] p2a: Skarmory
|-enditem|p2a: Skarmory|Rocky Helmet|[from] move: Knock Off|[of] p1a: Tangrowth
|
|-weather|Sandstorm|[upkeep]
|-damage|p1a: Tangrowth|37/100 tox|[from] Sandstorm
|-damage|p1a: Tangrowth|24/100 tox|[from] psn
|upkeep
|turn|9
|inactive|UULT91W TT has 90 seconds left.
|inactive|UULT91w Mantis has 120 seconds left.
|
|t:|1651677239
|switch|p1a: Omastar|Omastar, M|100/100
|-damage|p1a: Omastar|88/100|[from] Stealth Rock
|move|p2a: Skarmory|Spikes|p1a: Omastar
|-sidestart|p1: UULT91w Mantis|Spikes
|
|-weather|Sandstorm|[upkeep]
|upkeep
|turn|10
|inactive|UULT91W TT has 90 seconds left.
|
|t:|1651677258
|switch|p2a: Slowbro|Slowbro-Galar, M|100/100
|-damage|p2a: Slowbro|88/100|[from] Stealth Rock
|move|p1a: Omastar|Meteor Beam||[still]
|-prepare|p1a: Omastar|Meteor Beam
|-boost|p1a: Omastar|spa|1
|-enditem|p1a: Omastar|Power Herb
|-anim|p1a: Omastar|Meteor Beam|p2a: Slowbro
|-damage|p2a: Slowbro|33/100
|
|-weather|Sandstorm|[upkeep]
|-damage|p2a: Slowbro|27/100|[from] Sandstorm
|upkeep
|turn|11
|inactive|UULT91W TT has 90 seconds left.
|inactive|UULT91w Mantis has 90 seconds left.
|
|t:|1651677286
|move|p1a: Omastar|Shell Smash|p1a: Omastar
|-unboost|p1a: Omastar|def|1
|-unboost|p1a: Omastar|spd|1
|-boost|p1a: Omastar|atk|2
|-boost|p1a: Omastar|spa|2
|-boost|p1a: Omastar|spe|2
|move|p2a: Slowbro|Psyshock|p1a: Omastar
|-damage|p1a: Omastar|45/100
|
|-weather|Sandstorm|[upkeep]
|-damage|p2a: Slowbro|21/100|[from] Sandstorm
|upkeep
|turn|12
|inactive|UULT91W TT has 60 seconds left.
|inactive|UULT91W TT has 30 seconds left.
|inactive|UULT91W TT has 20 seconds left.
|
|t:|1651677354
|switch|p2a: Hydreigon|Hydreigon, M|28/100
|-damage|p2a: Hydreigon|15/100|[from] Stealth Rock
|move|p1a: Omastar|Surf|p2a: Hydreigon
|-resisted|p2a: Hydreigon
|-damage|p2a: Hydreigon|0 fnt
|faint|p2a: Hydreigon
|
|-weather|Sandstorm|[upkeep]
|upkeep
|inactive|UULT91W TT has 25 seconds left this turn.
|
|t:|1651677356
|switch|p2a: Azumarill|Azumarill, F|100/100
|-damage|p2a: Azumarill|88/100|[from] Stealth Rock
|turn|13
|
|t:|1651677368
|move|p2a: Azumarill|Aqua Jet|p1a: Omastar
|-damage|p1a: Omastar|0 fnt
|faint|p1a: Omastar
|
|-weather|none
|upkeep
|inactive|UULT91w Mantis has 90 seconds left.
|
|t:|1651677408
|switch|p1a: Tangrowth|Tangrowth, F|57/100 tox
|-damage|p1a: Tangrowth|45/100 tox|[from] Spikes
|-damage|p1a: Tangrowth|33/100 tox|[from] Stealth Rock
|turn|14
|
|t:|1651677426
|switch|p2a: Scizor|Scizor, M|100/100
|switch|p1a: Moltres|Moltres|100/100
|
|upkeep
|turn|15
|
|t:|1651677440
|switch|p2a: Hippowdon|Hippowdon, F|84/100
|-damage|p2a: Hippowdon|78/100|[from] Stealth Rock
|-weather|Sandstorm|[from] ability: Sand Stream|[of] p2a: Hippowdon
|move|p1a: Moltres|Defog|p2a: Hippowdon
|-unboost|p2a: Hippowdon|evasion|1
|-sideend|p2: UULT91W TT|Stealth Rock|[from] move: Defog|[of] p1a: Moltres
|-sideend|p1: UULT91w Mantis|Spikes|[from] move: Defog|[of] p1a: Moltres
|-sideend|p1: UULT91w Mantis|Stealth Rock|[from] move: Defog|[of] p1a: Moltres
|
|-weather|Sandstorm|[upkeep]
|-damage|p1a: Moltres|94/100|[from] Sandstorm
|upkeep
|turn|16
|
|t:|1651677453
|move|p1a: Moltres|Toxic|p2a: Hippowdon
|-status|p2a: Hippowdon|tox
|move|p2a: Hippowdon|Stealth Rock|p1a: Moltres
|-sidestart|p1: UULT91w Mantis|move: Stealth Rock
|
|-weather|Sandstorm|[upkeep]
|-damage|p1a: Moltres|88/100|[from] Sandstorm
|-damage|p2a: Hippowdon|72/100 tox|[from] psn
|upkeep
|turn|17
|
|t:|1651677470
|switch|p1a: Excadrill|Excadrill, M|100/100
|-damage|p1a: Excadrill|97/100|[from] Stealth Rock
|switch|p2a: Slowbro|Slowbro-Galar, M|54/100
|
|-weather|Sandstorm|[upkeep]
|-damage|p2a: Slowbro|48/100|[from] Sandstorm
|upkeep
|turn|18
|inactive|UULT91w Mantis has 60 seconds left.
|
|t:|1651677485
|switch|p1a: Moltres|Moltres|88/100
|switch|p2a: Skarmory|Skarmory, F|74/100
|
|-weather|Sandstorm|[upkeep]
|-damage|p1a: Moltres|82/100|[from] Sandstorm
|upkeep
|turn|19
|
|t:|1651677494
|switch|p2a: Slowbro|Slowbro-Galar, M|81/100
|move|p1a: Moltres|Defog|p2a: Slowbro
|-unboost|p2a: Slowbro|evasion|1
|-sideend|p1: UULT91w Mantis|Stealth Rock|[from] move: Defog|[of] p1a: Moltres
|
|-weather|none
|upkeep
|turn|20
|inactive|UULT91w Mantis has 60 seconds left.
|
|t:|1651677511
|switch|p1a: Hippowdon|Hippowdon, M|82/100 tox
|-weather|Sandstorm|[from] ability: Sand Stream|[of] p1a: Hippowdon
|move|p2a: Slowbro|Future Sight|p1a: Hippowdon
|-start|p2a: Slowbro|move: Future Sight
|
|-weather|Sandstorm|[upkeep]
|-damage|p2a: Slowbro|75/100|[from] Sandstorm
|-damage|p1a: Hippowdon|76/100 tox|[from] psn
|upkeep
|turn|21
|
|t:|1651677519
|switch|p2a: Hippowdon|Hippowdon, F|72/100 tox
|move|p1a: Hippowdon|Stealth Rock|p2a: Hippowdon
|-sidestart|p2: UULT91W TT|move: Stealth Rock
|
|-weather|Sandstorm|[upkeep]
|-damage|p1a: Hippowdon|63/100 tox|[from] psn
|-damage|p2a: Hippowdon|65/100 tox|[from] psn
|upkeep
|turn|22
|
|t:|1651677529
|switch|p1a: Moltres|Moltres|82/100
|move|p2a: Hippowdon|Stealth Rock|p1a: Moltres
|-sidestart|p1: UULT91w Mantis|move: Stealth Rock
|
|-weather|Sandstorm|[upkeep]
|-damage|p1a: Moltres|76/100|[from] Sandstorm
|-end|p1a: Moltres|move: Future Sight
|-damage|p1a: Moltres|37/100
|-damage|p2a: Hippowdon|53/100 tox|[from] psn
|upkeep
|turn|23
|
|t:|1651677548
|move|p1a: Moltres|Roost|p1a: Moltres
|-heal|p1a: Moltres|87/100
|-singleturn|p1a: Moltres|move: Roost
|move|p2a: Hippowdon|Toxic|p1a: Moltres
|-status|p1a: Moltres|tox
|
|-weather|Sandstorm|[upkeep]
|-damage|p1a: Moltres|81/100 tox|[from] Sandstorm
|-damage|p1a: Moltres|75/100 tox|[from] psn
|-damage|p2a: Hippowdon|35/100 tox|[from] psn
|upkeep
|turn|24
|
|t:|1651677558
|switch|p1a: Excadrill|Excadrill, M|97/100
|-damage|p1a: Excadrill|94/100|[from] Stealth Rock
|move|p2a: Hippowdon|Slack Off|p2a: Hippowdon
|-heal|p2a: Hippowdon|85/100 tox
|
|-weather|Sandstorm|[upkeep]
|-damage|p2a: Hippowdon|60/100 tox|[from] psn
|upkeep
|turn|25
|inactive|UULT91w Mantis has 60 seconds left.
|
|t:|1651677584
|switch|p1a: Moltres|Moltres|75/100 tox
|switch|p2a: Skarmory|Skarmory, F|74/100
|-damage|p2a: Skarmory|62/100|[from] Stealth Rock
|
|-weather|Sandstorm|[upkeep]
|-damage|p1a: Moltres|69/100 tox|[from] Sandstorm
|-damage|p1a: Moltres|63/100 tox|[from] psn
|upkeep
|turn|26
|
|t:|1651677609
|switch|p1a: Excadrill|Excadrill, M|94/100
|-damage|p1a: Excadrill|91/100|[from] Stealth Rock
|switch|p2a: Slowbro|Slowbro-Galar, M|100/100
|-damage|p2a: Slowbro|88/100|[from] Stealth Rock
|
|-weather|Sandstorm|[upkeep]
|-damage|p2a: Slowbro|82/100|[from] Sandstorm
|upkeep
|turn|27
|
|t:|1651677622
|switch|p2a: Scizor|Scizor, M|100/100
|move|p1a: Excadrill|Swords Dance|p1a: Excadrill
|-boost|p1a: Excadrill|atk|2
|
|-weather|none
|upkeep
|turn|28
|inactive|UULT91W TT has 120 seconds left.
|
|t:|1651677646
|switch|p2a: Hippowdon|Hippowdon, F|60/100 tox
|-damage|p2a: Hippowdon|54/100 tox|[from] Stealth Rock
|-weather|Sandstorm|[from] ability: Sand Stream|[of] p2a: Hippowdon
|move|p1a: Excadrill|Earthquake|p2a: Hippowdon
|-damage|p2a: Hippowdon|0 fnt
|faint|p2a: Hippowdon
|-damage|p1a: Excadrill|81/100|[from] item: Life Orb
|
|-weather|Sandstorm|[upkeep]
|upkeep
|
|t:|1651677651
|switch|p2a: Azumarill|Azumarill, F|88/100
|-damage|p2a: Azumarill|76/100|[from] Stealth Rock
|turn|29
|inactive|UULT91w Mantis has 60 seconds left.
|
|t:|1651677667
|switch|p1a: Tangrowth|Tangrowth, F|66/100 tox
|-damage|p1a: Tangrowth|53/100 tox|[from] Stealth Rock
|move|p2a: Azumarill|Aqua Jet|p1a: Tangrowth
|-resisted|p1a: Tangrowth
|-damage|p1a: Tangrowth|44/100 tox
|-damage|p2a: Azumarill|59/100|[from] item: Rocky Helmet|[of] p1a: Tangrowth
|
|-weather|Sandstorm|[upkeep]
|-damage|p2a: Azumarill|53/100|[from] Sandstorm
|-damage|p1a: Tangrowth|37/100 tox|[from] Sandstorm
|-damage|p1a: Tangrowth|31/100 tox|[from] psn
|upkeep
|turn|30
|inactive|UULT91W TT has 120 seconds left.
|
|t:|1651677680
|switch|p2a: Scizor|Scizor, M|100/100
|switch|p1a: Moltres|Moltres|63/100 tox
|
|-weather|Sandstorm|[upkeep]
|-damage|p1a: Moltres|57/100 tox|[from] Sandstorm
|-damage|p1a: Moltres|51/100 tox|[from] psn
|upkeep
|turn|31
|inactive|UULT91W TT has 120 seconds left.
|
|t:|1651677699
|switch|p2a: Slowbro|Slowbro-Galar, M|100/100
|-damage|p2a: Slowbro|88/100|[from] Stealth Rock
|move|p1a: Moltres|Mystical Fire|p2a: Slowbro
|-damage|p2a: Slowbro|70/100
|-unboost|p2a: Slowbro|spa|1
|
|-weather|Sandstorm|[upkeep]
|-damage|p1a: Moltres|45/100 tox|[from] Sandstorm
|-damage|p2a: Slowbro|64/100|[from] Sandstorm
|-damage|p1a: Moltres|33/100 tox|[from] psn
|upkeep
|turn|32
|inactive|UULT91W TT has 120 seconds left.
|
|t:|1651677710
|move|p1a: Moltres|Roost|p1a: Moltres
|-heal|p1a: Moltres|83/100 tox
|-singleturn|p1a: Moltres|move: Roost
|move|p2a: Slowbro|Shell Side Arm|p1a: Moltres|[anim] Shell Side Arm Physical
|-damage|p1a: Moltres|57/100 tox
|-hint|Physical Shell Side Arm
|
|-weather|none
|-damage|p1a: Moltres|39/100 tox|[from] psn
|upkeep
|turn|33
|inactive|UULT91w Mantis has 60 seconds left.
|
|t:|1651677729
|switch|p1a: Excadrill|Excadrill, M|81/100
|-damage|p1a: Excadrill|78/100|[from] Stealth Rock
|move|p2a: Slowbro|Future Sight|p1a: Excadrill
|-start|p2a: Slowbro|move: Future Sight
|
|upkeep
|turn|34
|
|t:|1651677748
|switch|p1a: Hippowdon|Hippowdon, M|63/100 tox
|-damage|p1a: Hippowdon|57/100 tox|[from] Stealth Rock
|-weather|Sandstorm|[from] ability: Sand Stream|[of] p1a: Hippowdon
|switch|p2a: Skarmory|Skarmory, F|62/100
|-damage|p2a: Skarmory|49/100|[from] Stealth Rock
|
|-weather|Sandstorm|[upkeep]
|-damage|p1a: Hippowdon|51/100 tox|[from] psn
|upkeep
|turn|35
|
|t:|1651677765
|move|p2a: Skarmory|Spikes|p1a: Hippowdon
|-sidestart|p1: UULT91w Mantis|Spikes
|move|p1a: Hippowdon|Slack Off|p1a: Hippowdon
|-heal|p1a: Hippowdon|100/100 tox
|
|-weather|Sandstorm|[upkeep]
|-end|p1a: Hippowdon|move: Future Sight
|-damage|p1a: Hippowdon|65/100 tox
|-damage|p1a: Hippowdon|52/100 tox|[from] psn
|upkeep
|turn|36
|
|t:|1651677776
|switch|p1a: Moltres|Moltres|39/100 tox
|move|p2a: Skarmory|Whirlwind|p1a: Moltres
|drag|p1a: Tangrowth|Tangrowth, F|64/100 tox
|-damage|p1a: Tangrowth|52/100 tox|[from] Stealth Rock
|-damage|p1a: Tangrowth|40/100 tox|[from] Spikes
|
|-weather|Sandstorm|[upkeep]
|-damage|p1a: Tangrowth|33/100 tox|[from] Sandstorm
|-damage|p1a: Tangrowth|27/100 tox|[from] psn
|upkeep
|turn|37
|
|t:|1651677791
|switch|p1a: Moltres|Moltres|39/100 tox
|move|p2a: Skarmory|Roost|p2a: Skarmory
|-heal|p2a: Skarmory|99/100
|-singleturn|p2a: Skarmory|move: Roost
|
|-weather|Sandstorm|[upkeep]
|-damage|p1a: Moltres|33/100 tox|[from] Sandstorm
|-damage|p1a: Moltres|27/100 tox|[from] psn
|upkeep
|turn|38
|
|t:|1651677798
|switch|p2a: Slowbro|Slowbro-Galar, M|97/100
|-damage|p2a: Slowbro|85/100|[from] Stealth Rock
|move|p1a: Moltres|Defog|p2a: Slowbro
|-unboost|p2a: Slowbro|evasion|1
|-sideend|p2: UULT91W TT|Stealth Rock|[from] move: Defog|[of] p1a: Moltres
|-sideend|p1: UULT91w Mantis|Spikes|[from] move: Defog|[of] p1a: Moltres
|-sideend|p1: UULT91w Mantis|Stealth Rock|[from] move: Defog|[of] p1a: Moltres
|
|-weather|Sandstorm|[upkeep]
|-damage|p1a: Moltres|21/100 tox|[from] Sandstorm
|-damage|p2a: Slowbro|78/100|[from] Sandstorm
|-damage|p1a: Moltres|9/100 tox|[from] psn
|upkeep
|turn|39
|
|t:|1651677810
|switch|p1a: Hippowdon|Hippowdon, M|52/100 tox
|move|p2a: Slowbro|Future Sight|p1a: Hippowdon
|-start|p2a: Slowbro|move: Future Sight
|
|-weather|Sandstorm|[upkeep]
|-damage|p2a: Slowbro|72/100|[from] Sandstorm
|-damage|p1a: Hippowdon|46/100 tox|[from] psn
|upkeep
|turn|40
|inactive|UULT91w Mantis has 60 seconds left.
|
|t:|1651677816
|switch|p2a: Skarmory|Skarmory, F|99/100
|move|p1a: Hippowdon|Stealth Rock|p2a: Skarmory
|-sidestart|p2: UULT91W TT|move: Stealth Rock
|
|-weather|Sandstorm|[upkeep]
|-damage|p1a: Hippowdon|34/100 tox|[from] psn
|upkeep
|turn|41
|j| UULT91w Micciu
|inactive|UULT91w Mantis has 60 seconds left.
|l| UULT91w Micciu
|
|t:|1651677840
|move|p2a: Skarmory|Spikes|p1a: Hippowdon
|-sidestart|p1: UULT91w Mantis|Spikes
|move|p1a: Hippowdon|Whirlwind|p2a: Skarmory
|drag|p2a: Scizor|Scizor, M|100/100
|
|-weather|none
|-end|p1a: Hippowdon|move: Future Sight
|-damage|p1a: Hippowdon|1/100 tox
|-damage|p1a: Hippowdon|0 fnt|[from] psn
|faint|p1a: Hippowdon
|upkeep
|
|t:|1651677852
|switch|p1a: Moltres|Moltres|9/100 tox
|turn|42
|
|t:|1651677856
|move|p2a: Scizor|Bullet Punch|p1a: Moltres
|-resisted|p1a: Moltres
|-damage|p1a: Moltres|0 fnt
|faint|p1a: Moltres
|
|upkeep
|inactive|UULT91w Mantis has 60 seconds left.
|
|t:|1651677866
|switch|p1a: Raikou|Raikou|23/100
|-ability|p1a: Raikou|Pressure
|turn|43
|
|t:|1651677870
|move|p1a: Raikou|Scald|p2a: Scizor
|-damage|p2a: Scizor|73/100
|move|p2a: Scizor|Knock Off|p1a: Raikou
|-damage|p1a: Raikou|0 fnt
|-enditem|p1a: Raikou|Heavy-Duty Boots|[from] move: Knock Off|[of] p2a: Scizor
|faint|p1a: Raikou
|
|upkeep
|
|t:|1651677876
|switch|p1a: Excadrill|Excadrill, M|78/100
|-damage|p1a: Excadrill|66/100|[from] Spikes
|turn|44
|
|t:|1651677880
|move|p1a: Excadrill|Earthquake|p2a: Scizor
|-damage|p2a: Scizor|1/100
|-damage|p1a: Excadrill|56/100|[from] item: Life Orb
|move|p2a: Scizor|Knock Off|p1a: Excadrill
|-damage|p1a: Excadrill|9/100
|-enditem|p1a: Excadrill|Life Orb|[from] move: Knock Off|[of] p2a: Scizor
|
|upkeep
|turn|45
|
|t:|1651677884
|move|p2a: Scizor|Bullet Punch|p1a: Excadrill
|-resisted|p1a: Excadrill
|-damage|p1a: Excadrill|0 fnt
|faint|p1a: Excadrill
|
|upkeep
|c|☆UULT91w Mantis|Gg
|c|☆UULT91W TT|gg
|-message|UULT91w Mantis forfeited.
|
|win|UULT91W TT
|raw|UULT91w Mantis's rating: 1495 &rarr; <strong>1469</strong><br />(-26 for losing)
|raw|UULT91W TT's rating: 1378 &rarr; <strong>1404</strong><br />(+26 for winning)
|l|☆UULT91w Mantis
|l| hariyana grande
||Ladder isn't responding, score probably updated but might not have (Request timeout).
