|j|☆Amane Misa
|j|☆Meru
|t:|1597503307
|player|p1|Amane Misa|#amanemisa|
|player|p2|Meru|dancer|
|teamsize|p1|6
|teamsize|p2|6
|gametype|singles
|gen|8
|tier|[Gen 8] UU
|clearpoke
|poke|p1|Weezing-Galar, M|
|poke|p1|Cobalion|
|poke|p1|Reuniclus, F|
|poke|p1|Kyurem|
|poke|p1|Jirachi|
|poke|p1|Gastrodon, F|
|poke|p2|Jirachi|
|poke|p2|Golurk|
|poke|p2|Keldeo-Resolute|
|poke|p2|Skarmory, M|
|poke|p2|Dragalge, M|
|poke|p2|Hatterene, F|
|rule|Sleep Clause Mod: Limit one foe put to sleep
|rule|Species Clause: Limit one of each Pokémon
|rule|OHKO Clause: OHKO moves are banned
|rule|Evasion Moves Clause: Evasion moves are banned
|rule|Endless Battle Clause: Forcing endless battles is banned
|rule|HP Percentage Mod: HP is shown in percentages
|rule|Dynamax Clause: You cannot dynamax
|teampreview
|j|%vivalospride
|c|☆Meru|glhf
|c|☆Amane Misa|hf
|inactive|Battle timer is ON: inactive players will automatically lose when time's up. (requested by Meru)
|j| Somalia
|j|+Bouff
|j| LT72MS LM
|c|+Bouff|god damn meru its early for u
|j| basaninho
|
|t:|1597503374
|start
|switch|p1a: Gastrodon|Gastrodon, F|100/100
|switch|p2a: Jirachi|Jirachi|100/100
|turn|1
|j| outu 23
|j|+Twilight HD
|j| CBU
|c|☆Meru|it's only 8am
|j|+Accelgor
|l| CBU
|c|+Bouff|thats early
|inactive|Amane Misa has 270 seconds left.
|
|t:|1597503431
|switch|p1a: Kyurem|Kyurem|100/100
|-ability|p1a: Kyurem|Pressure
|move|p2a: Jirachi|Trick|p1a: Kyurem
|-activate|p2a: Jirachi|move: Trick|[of] p1a: Kyurem
|-item|p1a: Kyurem|Choice Scarf|[from] move: Trick
|-item|p2a: Jirachi|Heavy-Duty Boots|[from] move: Trick
|
|upkeep
|turn|2
|inactive|Meru has 270 seconds left.
|inactive|Amane Misa has 240 seconds left.
|
|t:|1597503454
|move|p1a: Kyurem|Earth Power|p2a: Jirachi
|-supereffective|p2a: Jirachi
|-damage|p2a: Jirachi|37/100
|move|p2a: Jirachi|U-turn|p1a: Kyurem
|-damage|p1a: Kyurem|82/100
|inactive|Meru has 270 seconds left.
|inactive|Meru has 240 seconds left.
|
|t:|1597503489
|switch|p2a: Skarmory|Skarmory, M|100/100|[from]move: U-turn
|
|upkeep
|turn|3
|
|t:|1597503493
|switch|p1a: Weezing|Weezing-Galar, M|100/100
|move|p2a: Skarmory|Stealth Rock|p1a: Weezing
|-sidestart|p1: Amane Misa|move: Stealth Rock
|
|upkeep
|turn|4
|j| Freeroamer
|inactive|Meru has 240 seconds left.
|l| LT72MS LM
|
|t:|1597503515
|switch|p2a: Dragalge|Dragalge, M|100/100
|move|p1a: Weezing|Defog|p2a: Dragalge
|-unboost|p2a: Dragalge|evasion|1
|-sideend|p1: Amane Misa|Stealth Rock|[from] move: Defog|[of] p1a: Weezing
|
|upkeep
|turn|5
|l| Freeroamer
|j| hydreigon specs
|inactive|Amane Misa has 270 seconds left.
|inactive|Meru has 240 seconds left.
|
|t:|1597503534
|switch|p1a: Jirachi|Jirachi|100/100
|move|p2a: Dragalge|Sludge Wave|p1a: Jirachi
|-immune|p1a: Jirachi
|
|upkeep
|turn|6
|j| Ffghjgfdd
|inactive|Meru has 240 seconds left.
|j|+Pohjis
|
|t:|1597503564
|move|p1a: Jirachi|U-turn|p2a: Dragalge
|-resisted|p2a: Dragalge
|-damage|p2a: Dragalge|88/100
|
|t:|1597503566
|switch|p1a: Gastrodon|Gastrodon, F|100/100|[from]move: U-turn
|move|p2a: Dragalge|Flip Turn|p1a: Gastrodon
|-ability|p1a: Gastrodon|Storm Drain|boost
|-boost|p1a: Gastrodon|spa|1
|
|-heal|p2a: Dragalge|94/100|[from] item: Black Sludge
|upkeep
|turn|7
|inactive|Meru has 240 seconds left.
|inactive|Amane Misa has 240 seconds left.
|
|t:|1597503610
|switch|p2a: Skarmory|Skarmory, M|100/100
|switch|p1a: Jirachi|Jirachi|100/100
|
|upkeep
|turn|8
|
|t:|1597503638
|switch|p2a: Dragalge|Dragalge, M|94/100
|move|p1a: Jirachi|U-turn|p2a: Dragalge
|-resisted|p2a: Dragalge
|-damage|p2a: Dragalge|82/100
|j| Ramolost
|
|t:|1597503643
|switch|p1a: Cobalion|Cobalion|100/100|[from]move: U-turn
|
|-heal|p2a: Dragalge|88/100|[from] item: Black Sludge
|upkeep
|turn|9
|inactive|Amane Misa has 210 seconds left.
|inactive|Meru has 210 seconds left.
|
|t:|1597503677
|switch|p1a: Weezing|Weezing-Galar, M|100/100
|move|p2a: Dragalge|Flip Turn|p1a: Weezing
|-damage|p1a: Weezing|92/100
|inactive|Meru has 210 seconds left.
|j| faded love
|c| faded love|MERU MERU MERU MERI
|c| faded love|GO GO GO
|inactive|Meru has 180 seconds left.
|inactive|Meru has 150 seconds left.
|
|t:|1597503755
|switch|p2a: Hatterene|Hatterene, F|100/100|[from]move: Flip Turn
|
|-heal|p1a: Weezing|98/100|[from] item: Black Sludge
|upkeep
|turn|10
|
|t:|1597503764
|switch|p1a: Gastrodon|Gastrodon, F|100/100
|move|p2a: Hatterene|Psychic|p1a: Gastrodon
|-damage|p1a: Gastrodon|59/100
|
|-heal|p1a: Gastrodon|65/100|[from] item: Leftovers
|upkeep
|turn|11
|inactive|Meru has 150 seconds left.
|
|t:|1597503776
|switch|p1a: Cobalion|Cobalion|100/100
|move|p2a: Hatterene|Calm Mind|p2a: Hatterene
|-boost|p2a: Hatterene|spa|1
|-boost|p2a: Hatterene|spd|1
|
|upkeep
|turn|12
|inactive|Meru has 150 seconds left.
|
|t:|1597503796
|move|p1a: Cobalion|Iron Head|p2a: Hatterene
|-supereffective|p2a: Hatterene
|-damage|p2a: Hatterene|44/100
|move|p2a: Hatterene|Mystical Fire|p1a: Cobalion
|-supereffective|p1a: Cobalion
|-damage|p1a: Cobalion|0 fnt
|faint|p1a: Cobalion
|
|-heal|p2a: Hatterene|50/100|[from] item: Leftovers
|upkeep
|
|t:|1597503804
|switch|p1a: Jirachi|Jirachi|100/100
|turn|13
|inactive|Amane Misa has 240 seconds left.
|inactive|Meru has 150 seconds left.
|j| notily
|
|t:|1597503833
|switch|p2a: Skarmory|Skarmory, M|100/100
|move|p1a: Jirachi|Trick|p2a: Skarmory
|-activate|p1a: Jirachi|move: Trick|[of] p2a: Skarmory
|-item|p2a: Skarmory|Choice Scarf|[from] move: Trick
|-item|p1a: Jirachi|Leftovers|[from] move: Trick
|
|upkeep
|turn|14
|inactive|Amane Misa has 240 seconds left.
|
|t:|1597503841
|move|p1a: Jirachi|U-turn|p2a: Skarmory
|-resisted|p2a: Skarmory
|-damage|p2a: Skarmory|98/100
|
|t:|1597503844
|switch|p1a: Weezing|Weezing-Galar, M|98/100|[from]move: U-turn
|move|p2a: Skarmory|Stealth Rock|p1a: Weezing
|-sidestart|p1: Amane Misa|move: Stealth Rock
|
|-heal|p1a: Weezing|100/100|[from] item: Black Sludge
|upkeep
|turn|15
|l| notily
|inactive|Meru has 150 seconds left.
|
|t:|1597503857
|switch|p2a: Hatterene|Hatterene, F|50/100
|move|p1a: Weezing|Strange Steam|p2a: Hatterene
|-damage|p2a: Hatterene|12/100
|
|-heal|p2a: Hatterene|18/100|[from] item: Leftovers
|upkeep
|turn|16
|
|t:|1597503865
|switch|p2a: Dragalge|Dragalge, M|88/100
|move|p1a: Weezing|Strange Steam|p2a: Dragalge
|-damage|p2a: Dragalge|54/100
|
|-heal|p2a: Dragalge|60/100|[from] item: Black Sludge
|upkeep
|turn|17
|inactive|Meru has 150 seconds left.
|j| Freeroamer
|l| Freeroamer
|inactive|Amane Misa has 240 seconds left.
|
|t:|1597503889
|switch|p1a: Jirachi|Jirachi|100/100
|-damage|p1a: Jirachi|94/100|[from] Stealth Rock
|move|p2a: Dragalge|Draco Meteor|p1a: Jirachi
|-resisted|p1a: Jirachi
|-damage|p1a: Jirachi|50/100
|-unboost|p2a: Dragalge|spa|2
|
|-heal|p1a: Jirachi|57/100|[from] item: Leftovers
|-heal|p2a: Dragalge|66/100|[from] item: Black Sludge
|upkeep
|turn|18
|inactive|Meru has 150 seconds left.
|j| LT72MS LM
|
|t:|1597503928
|move|p1a: Jirachi|Iron Head|p2a: Dragalge
|-damage|p2a: Dragalge|23/100
|cant|p2a: Dragalge|flinch
|
|-heal|p1a: Jirachi|63/100|[from] item: Leftovers
|-heal|p2a: Dragalge|29/100|[from] item: Black Sludge
|upkeep
|turn|19
|l| LT72MS LM
|
|t:|1597503934
|switch|p2a: Keldeo|Keldeo-Resolute|100/100
|move|p1a: Jirachi|Iron Head|p2a: Keldeo
|-resisted|p2a: Keldeo
|-damage|p2a: Keldeo|81/100
|
|-heal|p2a: Keldeo|87/100|[from] item: Leftovers
|-heal|p1a: Jirachi|69/100|[from] item: Leftovers
|upkeep
|turn|20
|
|t:|1597503950
|switch|p2a: Golurk|Golurk|100/100
|switch|p1a: Reuniclus|Reuniclus, F|100/100
|
|upkeep
|turn|21
|
|t:|1597503965
|switch|p1a: Kyurem|Kyurem|82/100
|-damage|p1a: Kyurem|57/100|[from] Stealth Rock
|-ability|p1a: Kyurem|Pressure
|move|p2a: Golurk|Poltergeist|p1a: Kyurem
|-activate|p1a: Kyurem|move: Poltergeist|Choice Scarf
|-damage|p1a: Kyurem|0 fnt
|faint|p1a: Kyurem
|
|upkeep
|
|t:|1597503973
|switch|p1a: Jirachi|Jirachi|69/100
|-damage|p1a: Jirachi|63/100|[from] Stealth Rock
|turn|22
|l| Ffghjgfdd
|j| notily
|l|+Accelgor
|
|t:|1597503980
|switch|p2a: Skarmory|Skarmory, M|98/100
|move|p1a: Jirachi|Iron Head|p2a: Skarmory
|-resisted|p2a: Skarmory
|-damage|p2a: Skarmory|88/100
|
|-heal|p1a: Jirachi|69/100|[from] item: Leftovers
|upkeep
|turn|23
|
|t:|1597503985
|move|p1a: Jirachi|Iron Head|p2a: Skarmory
|-resisted|p2a: Skarmory
|-damage|p2a: Skarmory|77/100
|cant|p2a: Skarmory|flinch
|
|-heal|p1a: Jirachi|75/100|[from] item: Leftovers
|upkeep
|turn|24
|
|t:|1597503989
|move|p1a: Jirachi|Iron Head|p2a: Skarmory
|-resisted|p2a: Skarmory
|-damage|p2a: Skarmory|67/100
|move|p2a: Skarmory|Body Press|p1a: Jirachi
|-damage|p1a: Jirachi|44/100
|
|-heal|p1a: Jirachi|50/100|[from] item: Leftovers
|upkeep
|turn|25
|
|t:|1597503996
|move|p1a: Jirachi|U-turn|p2a: Skarmory
|-resisted|p2a: Skarmory
|-damage|p2a: Skarmory|64/100
|
|t:|1597503997
|switch|p1a: Gastrodon|Gastrodon, F|65/100|[from]move: U-turn
|-damage|p1a: Gastrodon|59/100|[from] Stealth Rock
|move|p2a: Skarmory|Body Press|p1a: Gastrodon
|-damage|p1a: Gastrodon|35/100
|
|-heal|p1a: Gastrodon|41/100|[from] item: Leftovers
|upkeep
|turn|26
|l| notily
|inactive|Meru has 180 seconds left.
|
|t:|1597504023
|switch|p2a: Jirachi|Jirachi|37/100
|move|p1a: Gastrodon|Recover|p1a: Gastrodon
|-heal|p1a: Gastrodon|91/100
|
|-heal|p1a: Gastrodon|97/100|[from] item: Leftovers
|upkeep
|turn|27
|
|t:|1597504032
|move|p2a: Jirachi|Healing Wish|p2a: Jirachi
|faint|p2a: Jirachi
|move|p1a: Gastrodon|Earthquake|p2: Jirachi|[notarget]
|-fail|p1a: Gastrodon
|
|-heal|p1a: Gastrodon|100/100|[from] item: Leftovers
|upkeep
|
|t:|1597504038
|switch|p2a: Hatterene|Hatterene, F|18/100
|-heal|p2a: Hatterene|100/100|[from] move: Healing Wish
|turn|28
|
|t:|1597504047
|move|p1a: Gastrodon|Earthquake|p2a: Hatterene
|-damage|p2a: Hatterene|73/100
|move|p2a: Hatterene|Calm Mind|p2a: Hatterene
|-boost|p2a: Hatterene|spa|1
|-boost|p2a: Hatterene|spd|1
|
|-heal|p2a: Hatterene|79/100|[from] item: Leftovers
|upkeep
|turn|29
|
|t:|1597504056
|switch|p1a: Reuniclus|Reuniclus, F|100/100
|move|p2a: Hatterene|Draining Kiss|p1a: Reuniclus
|-damage|p1a: Reuniclus|65/100
|-heal|p2a: Hatterene|100/100|[from] drain|[of] p1a: Reuniclus
|
|upkeep
|turn|30
|inactive|Meru has 180 seconds left.
|
|t:|1597504062
|switch|p2a: Golurk|Golurk|100/100
|move|p1a: Reuniclus|Recover|p1a: Reuniclus
|-heal|p1a: Reuniclus|100/100
|
|upkeep
|turn|31
|
|t:|1597504089
|move|p2a: Golurk|Poltergeist|p1a: Reuniclus
|-activate|p1a: Reuniclus|move: Poltergeist|Colbur Berry
|-supereffective|p1a: Reuniclus
|-crit|p1a: Reuniclus
|-damage|p1a: Reuniclus|0 fnt
|faint|p1a: Reuniclus
|
|upkeep
|inactive|Amane Misa has 270 seconds left.
|j| CBU
|
|t:|1597504110
|switch|p1a: Weezing|Weezing-Galar, M|100/100
|-damage|p1a: Weezing|88/100|[from] Stealth Rock
|turn|32
|l| CBU
|inactive|Meru has 180 seconds left.
|j|+Accelgor
|
|t:|1597504145
|move|p2a: Golurk|Poltergeist|p1a: Weezing
|-activate|p1a: Weezing|move: Poltergeist|Black Sludge
|-damage|p1a: Weezing|33/100
|move|p1a: Weezing|Strange Steam|p2a: Golurk
|-damage|p2a: Golurk|70/100
|-start|p2a: Golurk|confusion
|
|-heal|p1a: Weezing|39/100|[from] item: Black Sludge
|upkeep
|turn|33
|inactive|Amane Misa has 270 seconds left.
|j| esche
|
|t:|1597504175
|-activate|p2a: Golurk|confusion
|-damage|p2a: Golurk|52/100|[from] confusion
|move|p1a: Weezing|Strange Steam|p2a: Golurk
|-damage|p2a: Golurk|23/100
|
|-heal|p1a: Weezing|46/100|[from] item: Black Sludge
|upkeep
|turn|34
|j| pif
|
|t:|1597504185
|switch|p2a: Dragalge|Dragalge, M|29/100
|move|p1a: Weezing|Strange Steam|p2a: Dragalge
|-damage|p2a: Dragalge|0 fnt
|faint|p2a: Dragalge
|
|-heal|p1a: Weezing|52/100|[from] item: Black Sludge
|upkeep
|
|t:|1597504188
|switch|p2a: Golurk|Golurk|23/100
|turn|35
|
|t:|1597504202
|move|p2a: Golurk|Poltergeist|p1a: Weezing
|-activate|p1a: Weezing|move: Poltergeist|Black Sludge
|-damage|p1a: Weezing|0 fnt
|faint|p1a: Weezing
|
|upkeep
|
|t:|1597504203
|switch|p1a: Jirachi|Jirachi|50/100
|-damage|p1a: Jirachi|44/100|[from] Stealth Rock
|turn|36
|
|t:|1597504207
|switch|p2a: Skarmory|Skarmory, M|64/100
|move|p1a: Jirachi|Iron Head|p2a: Skarmory
|-resisted|p2a: Skarmory
|-damage|p2a: Skarmory|54/100
|
|-heal|p1a: Jirachi|50/100|[from] item: Leftovers
|upkeep
|turn|37
|
|t:|1597504212
|move|p1a: Jirachi|Iron Head|p2a: Skarmory
|-resisted|p2a: Skarmory
|-damage|p2a: Skarmory|44/100
|cant|p2a: Skarmory|flinch
|
|-heal|p1a: Jirachi|56/100|[from] item: Leftovers
|upkeep
|turn|38
|j| StitchtheGlaceon ➹
|
|t:|1597504227
|move|p1a: Jirachi|Iron Head|p2a: Skarmory
|-resisted|p2a: Skarmory
|-damage|p2a: Skarmory|34/100
|cant|p2a: Skarmory|flinch
|
|-heal|p1a: Jirachi|62/100|[from] item: Leftovers
|upkeep
|turn|39
|
|t:|1597504229
|switch|p2a: Keldeo|Keldeo-Resolute|87/100
|move|p1a: Jirachi|Iron Head|p2a: Keldeo
|-resisted|p2a: Keldeo
|-damage|p2a: Keldeo|67/100
|
|-heal|p2a: Keldeo|73/100|[from] item: Leftovers
|-heal|p1a: Jirachi|69/100|[from] item: Leftovers
|upkeep
|turn|40
|
|t:|1597504236
|switch|p1a: Gastrodon|Gastrodon, F|100/100
|-damage|p1a: Gastrodon|94/100|[from] Stealth Rock
|move|p2a: Keldeo|Secret Sword|p1a: Gastrodon
|-damage|p1a: Gastrodon|60/100
|
|-heal|p2a: Keldeo|79/100|[from] item: Leftovers
|-heal|p1a: Gastrodon|66/100|[from] item: Leftovers
|upkeep
|turn|41
|inactive|Meru has 210 seconds left.
|j| the pharoah
|
|t:|1597504257
|switch|p2a: Hatterene|Hatterene, F|100/100
|move|p1a: Gastrodon|Scald|p2a: Hatterene
|-damage|p2a: Hatterene|78/100
|
|-heal|p1a: Gastrodon|72/100|[from] item: Leftovers
|-heal|p2a: Hatterene|84/100|[from] item: Leftovers
|upkeep
|turn|42
|
|t:|1597504267
|move|p1a: Gastrodon|Earthquake|p2a: Hatterene
|-damage|p2a: Hatterene|57/100
|move|p2a: Hatterene|Calm Mind|p2a: Hatterene
|-boost|p2a: Hatterene|spa|1
|-boost|p2a: Hatterene|spd|1
|
|-heal|p1a: Gastrodon|78/100|[from] item: Leftovers
|-heal|p2a: Hatterene|63/100|[from] item: Leftovers
|upkeep
|turn|43
|
|t:|1597504274
|move|p1a: Gastrodon|Earthquake|p2a: Hatterene
|-crit|p2a: Hatterene
|-damage|p2a: Hatterene|24/100
|move|p2a: Hatterene|Mystical Fire|p1a: Gastrodon
|-resisted|p1a: Gastrodon
|-damage|p1a: Gastrodon|61/100
|-unboost|p1a: Gastrodon|spa|1
|
|-heal|p1a: Gastrodon|67/100|[from] item: Leftovers
|-heal|p2a: Hatterene|30/100|[from] item: Leftovers
|upkeep
|turn|44
|j|+Indigo Plateau
|inactive|Amane Misa has 270 seconds left.
|
|t:|1597504314
|switch|p1a: Jirachi|Jirachi|69/100
|-damage|p1a: Jirachi|62/100|[from] Stealth Rock
|move|p2a: Hatterene|Draining Kiss|p1a: Jirachi
|-resisted|p1a: Jirachi
|-damage|p1a: Jirachi|45/100
|-heal|p2a: Hatterene|45/100|[from] drain|[of] p1a: Jirachi
|
|-heal|p1a: Jirachi|51/100|[from] item: Leftovers
|-heal|p2a: Hatterene|50/100|[from] item: Leftovers
|upkeep
|turn|45
|inactive|Amane Misa has 270 seconds left.
|inactive|Meru has 210 seconds left.
|
|t:|1597504327
|switch|p2a: Skarmory|Skarmory, M|34/100
|move|p1a: Jirachi|Iron Head|p2a: Skarmory
|-resisted|p2a: Skarmory
|-damage|p2a: Skarmory|23/100
|
|-heal|p1a: Jirachi|57/100|[from] item: Leftovers
|upkeep
|turn|46
|l|+Indigo Plateau
|
|t:|1597504331
|move|p1a: Jirachi|Iron Head|p2a: Skarmory
|-resisted|p2a: Skarmory
|-damage|p2a: Skarmory|13/100
|move|p2a: Skarmory|Body Press|p1a: Jirachi
|-damage|p1a: Jirachi|22/100
|
|-heal|p1a: Jirachi|29/100|[from] item: Leftovers
|upkeep
|turn|47
|j|+Indigo Plateau
|inactive|Amane Misa has 270 seconds left.
|j| Freeroamer
|l| Freeroamer
|j| 7MM
|l| 7MM
|
|t:|1597504365
|move|p1a: Jirachi|U-turn|p2a: Skarmory
|-resisted|p2a: Skarmory
|-damage|p2a: Skarmory|10/100
|
|t:|1597504367
|switch|p1a: Gastrodon|Gastrodon, F|67/100|[from]move: U-turn
|-damage|p1a: Gastrodon|61/100|[from] Stealth Rock
|move|p2a: Skarmory|Body Press|p1a: Gastrodon
|-damage|p1a: Gastrodon|36/100
|
|-heal|p1a: Gastrodon|42/100|[from] item: Leftovers
|upkeep
|turn|48
|inactive|Meru has 240 seconds left.
|j| Highways
|l|+Indigo Plateau
|inactive|Meru has 210 seconds left.
|j| Freeroamer
|l| the pharoah
|j| EL PESCADOR faded
|inactiveoff|Battle timer is now OFF.
|j| CBU
|l| faded love
|l| Freeroamer
|
|t:|1597504431
|switch|p2a: Golurk|Golurk|23/100
|move|p1a: Gastrodon|Recover|p1a: Gastrodon
|-heal|p1a: Gastrodon|92/100
|
|-heal|p1a: Gastrodon|98/100|[from] item: Leftovers
|upkeep
|turn|49
|
|t:|1597504442
|move|p2a: Golurk|Dynamic Punch|p1a: Gastrodon
|-damage|p1a: Gastrodon|74/100
|-start|p1a: Gastrodon|confusion
|-activate|p1a: Gastrodon|confusion
|-damage|p1a: Gastrodon|68/100|[from] confusion
|
|-heal|p1a: Gastrodon|74/100|[from] item: Leftovers
|upkeep
|turn|50
|
|t:|1597504447
|move|p2a: Golurk|Poltergeist|p1a: Gastrodon
|-activate|p1a: Gastrodon|move: Poltergeist|Leftovers
|-damage|p1a: Gastrodon|29/100
|-activate|p1a: Gastrodon|confusion
|move|p1a: Gastrodon|Recover|p1a: Gastrodon
|-heal|p1a: Gastrodon|79/100
|
|-heal|p1a: Gastrodon|85/100|[from] item: Leftovers
|upkeep
|turn|51
|j| Zephyyyr
|
|t:|1597504452
|move|p2a: Golurk|Poltergeist|p1a: Gastrodon
|-activate|p1a: Gastrodon|move: Poltergeist|Leftovers
|-crit|p1a: Gastrodon
|-damage|p1a: Gastrodon|16/100
|-end|p1a: Gastrodon|confusion
|move|p1a: Gastrodon|Recover|p1a: Gastrodon
|-heal|p1a: Gastrodon|66/100
|
|-heal|p1a: Gastrodon|72/100|[from] item: Leftovers
|upkeep
|turn|52
|
|t:|1597504462
|move|p2a: Golurk|Dynamic Punch|p1a: Gastrodon
|-damage|p1a: Gastrodon|44/100
|-start|p1a: Gastrodon|confusion
|-activate|p1a: Gastrodon|confusion
|move|p1a: Gastrodon|Recover|p1a: Gastrodon
|-heal|p1a: Gastrodon|94/100
|
|-heal|p1a: Gastrodon|99/100|[from] item: Leftovers
|upkeep
|turn|53
|
|t:|1597504480
|move|p2a: Golurk|Poltergeist|p1a: Gastrodon
|-activate|p1a: Gastrodon|move: Poltergeist|Leftovers
|-damage|p1a: Gastrodon|56/100
|-activate|p1a: Gastrodon|confusion
|move|p1a: Gastrodon|Recover|p1a: Gastrodon
|-heal|p1a: Gastrodon|100/100
|
|upkeep
|turn|54
|
|t:|1597504490
|move|p2a: Golurk|Earthquake|p1a: Gastrodon
|-damage|p1a: Gastrodon|62/100
|-activate|p1a: Gastrodon|confusion
|-damage|p1a: Gastrodon|56/100|[from] confusion
|
|-heal|p1a: Gastrodon|62/100|[from] item: Leftovers
|upkeep
|turn|55
|
|t:|1597504494
|move|p2a: Golurk|Earthquake|p1a: Gastrodon
|-damage|p1a: Gastrodon|26/100
|-end|p1a: Gastrodon|confusion
|move|p1a: Gastrodon|Recover|p1a: Gastrodon
|-heal|p1a: Gastrodon|76/100
|
|-heal|p1a: Gastrodon|82/100|[from] item: Leftovers
|upkeep
|turn|56
|j| Freeroamer
|
|t:|1597504500
|move|p2a: Golurk|Dynamic Punch|p1a: Gastrodon
|-damage|p1a: Gastrodon|53/100
|-start|p1a: Gastrodon|confusion
|-activate|p1a: Gastrodon|confusion
|move|p1a: Gastrodon|Toxic|p2a: Golurk
|-status|p2a: Golurk|tox
|
|-heal|p1a: Gastrodon|59/100|[from] item: Leftovers
|-damage|p2a: Golurk|17/100 tox|[from] psn
|upkeep
|turn|57
|l| StitchtheGlaceon ➹
|l| CBU
|
|t:|1597504508
|switch|p2a: Hatterene|Hatterene, F|50/100
|-end|p1a: Gastrodon|confusion
|move|p1a: Gastrodon|Recover|p1a: Gastrodon
|-heal|p1a: Gastrodon|100/100
|
|-heal|p2a: Hatterene|56/100|[from] item: Leftovers
|upkeep
|turn|58
|
|t:|1597504515
|move|p1a: Gastrodon|Earthquake|p2a: Hatterene
|-damage|p2a: Hatterene|29/100
|move|p2a: Hatterene|Draining Kiss|p1a: Gastrodon
|-damage|p1a: Gastrodon|77/100
|-heal|p2a: Hatterene|52/100|[from] drain|[of] p1a: Gastrodon
|
|-heal|p1a: Gastrodon|83/100|[from] item: Leftovers
|-heal|p2a: Hatterene|58/100|[from] item: Leftovers
|upkeep
|turn|59
|
|t:|1597504532
|switch|p2a: Skarmory|Skarmory, M|10/100
|move|p1a: Gastrodon|Earthquake|p2a: Skarmory
|-immune|p2a: Skarmory
|
|-heal|p1a: Gastrodon|89/100|[from] item: Leftovers
|upkeep
|turn|60
|
|t:|1597504537
|move|p2a: Skarmory|Toxic|p1a: Gastrodon
|-status|p1a: Gastrodon|tox
|move|p1a: Gastrodon|Scald|p2a: Skarmory
|-damage|p2a: Skarmory|0 fnt
|faint|p2a: Skarmory
|
|-heal|p1a: Gastrodon|96/100 tox|[from] item: Leftovers
|-damage|p1a: Gastrodon|89/100 tox|[from] psn
|upkeep
|l| Freeroamer
|
|t:|1597504545
|switch|p2a: Golurk|Golurk|17/100 tox
|turn|61
|l| Highways
|
|t:|1597504549
|move|p2a: Golurk|Dynamic Punch|p1a: Gastrodon
|-damage|p1a: Gastrodon|65/100 tox
|-start|p1a: Gastrodon|confusion
|-activate|p1a: Gastrodon|confusion
|move|p1a: Gastrodon|Recover|p1a: Gastrodon
|-heal|p1a: Gastrodon|100/100 tox
|
|-damage|p2a: Golurk|11/100 tox|[from] psn
|-damage|p1a: Gastrodon|88/100 tox|[from] psn
|upkeep
|turn|62
|j| Freeroamer
|
|t:|1597504571
|switch|p2a: Hatterene|Hatterene, F|58/100
|-activate|p1a: Gastrodon|confusion
|move|p1a: Gastrodon|Recover|p1a: Gastrodon
|-heal|p1a: Gastrodon|100/100 tox
|
|-heal|p2a: Hatterene|64/100|[from] item: Leftovers
|-damage|p1a: Gastrodon|82/100 tox|[from] psn
|upkeep
|turn|63
|
|t:|1597504584
|switch|p1a: Jirachi|Jirachi|29/100
|-damage|p1a: Jirachi|22/100|[from] Stealth Rock
|move|p2a: Hatterene|Draining Kiss|p1a: Jirachi
|-resisted|p1a: Jirachi
|-damage|p1a: Jirachi|10/100
|-heal|p2a: Hatterene|74/100|[from] drain|[of] p1a: Jirachi
|
|-heal|p1a: Jirachi|16/100|[from] item: Leftovers
|-heal|p2a: Hatterene|80/100|[from] item: Leftovers
|upkeep
|turn|64
|l| Freeroamer
|
|t:|1597504598
|switch|p2a: Golurk|Golurk|11/100 tox
|move|p1a: Jirachi|Healing Wish|p1a: Jirachi
|faint|p1a: Jirachi
|
|-damage|p2a: Golurk|5/100 tox|[from] psn
|upkeep
|
|t:|1597504599
|switch|p1a: Gastrodon|Gastrodon, F|82/100 tox
|-heal|p1a: Gastrodon|100/100|[from] move: Healing Wish
|-damage|p1a: Gastrodon|94/100|[from] Stealth Rock
|turn|65
|j| juuno ✿
|
|t:|1597504604
|move|p2a: Golurk|Dynamic Punch|p1a: Gastrodon
|-damage|p1a: Gastrodon|67/100
|-start|p1a: Gastrodon|confusion
|-activate|p1a: Gastrodon|confusion
|move|p1a: Gastrodon|Recover|p1a: Gastrodon
|-heal|p1a: Gastrodon|100/100
|
|-damage|p2a: Golurk|0 fnt|[from] psn
|faint|p2a: Golurk
|upkeep
|
|t:|1597504611
|switch|p2a: Hatterene|Hatterene, F|80/100
|turn|66
|
|t:|1597504614
|-activate|p1a: Gastrodon|confusion
|move|p1a: Gastrodon|Earthquake|p2a: Hatterene
|-damage|p2a: Hatterene|55/100
|move|p2a: Hatterene|Calm Mind|p2a: Hatterene
|-boost|p2a: Hatterene|spa|1
|-boost|p2a: Hatterene|spd|1
|
|-heal|p2a: Hatterene|61/100|[from] item: Leftovers
|upkeep
|turn|67
|
|t:|1597504618
|-activate|p1a: Gastrodon|confusion
|-damage|p1a: Gastrodon|94/100|[from] confusion
|move|p2a: Hatterene|Draining Kiss|p1a: Gastrodon
|-damage|p1a: Gastrodon|57/100
|-heal|p2a: Hatterene|98/100|[from] drain|[of] p1a: Gastrodon
|
|-heal|p1a: Gastrodon|63/100|[from] item: Leftovers
|-heal|p2a: Hatterene|100/100|[from] item: Leftovers
|upkeep
|turn|68
|l| juuno ✿
|c|☆Meru|gg
|c|☆Amane Misa|so it seems
|
|t:|1597504628
|-activate|p1a: Gastrodon|confusion
|-damage|p1a: Gastrodon|57/100|[from] confusion
|move|p2a: Hatterene|Calm Mind|p2a: Hatterene
|-boost|p2a: Hatterene|spa|1
|-boost|p2a: Hatterene|spd|1
|
|-heal|p1a: Gastrodon|63/100|[from] item: Leftovers
|upkeep
|turn|69
|
|t:|1597504632
|-end|p1a: Gastrodon|confusion
|move|p1a: Gastrodon|Earthquake|p2a: Hatterene
|-damage|p2a: Hatterene|73/100
|move|p2a: Hatterene|Psychic|p1a: Gastrodon
|-damage|p1a: Gastrodon|0 fnt
|faint|p1a: Gastrodon
|
|win|Meru
|c|☆Amane Misa|gg
|l|☆Amane Misa
|l| basaninho
|l| esche
|l| Zephyyyr
|l|+Accelgor
|l| Ramolost
|j| Freeroamer
|j| Mionda
|l| EL PESCADOR faded
|l|+Bouff
|l| hydreigon specs
