|j|☆Fousfull
|j|☆pif
|t:|1664641230
|gametype|singles
|player|p1|Fousfull|blackbelt-gen4|1576
|player|p2|pif|#uutrio2ladder|1729
|teamsize|p1|6
|teamsize|p2|6
|gen|8
|tier|[Gen 8] UU
|rated|
|rule|Sleep Clause Mod: Limit one foe put to sleep
|rule|Species Clause: Limit one of each Pokémon
|rule|OHKO Clause: OHKO moves are banned
|rule|Evasion Items Clause: Evasion items are banned
|rule|Evasion Moves Clause: Evasion moves are banned
|rule|Endless Battle Clause: Forcing endless battles is banned
|rule|HP Percentage Mod: HP is shown in percentages
|rule|Dynamax Clause: You cannot dynamax
|clearpoke
|poke|p1|Slowking, M|
|poke|p1|Salamence, F|
|poke|p1|Cobalion|
|poke|p1|Zarude-Dada|
|poke|p1|Mamoswine, F|
|poke|p1|Nihilego|
|poke|p2|Porygon-Z|
|poke|p2|Thundurus-Therian, M|
|poke|p2|Azelf|
|poke|p2|Hydreigon, F|
|poke|p2|Tangrowth, F|
|poke|p2|Cobalion|
|teampreview
|
|t:|1664641274
|start
|switch|p1a: Zarude|Zarude-Dada|100/100
|switch|p2a: porygauna berry|Porygon-Z|100/100
|turn|1
|
|t:|1664641280
|switch|p2a: tang ur wang|Tangrowth, F|100/100
|move|p1a: Zarude|Close Combat|p2a: tang ur wang
|-damage|p2a: tang ur wang|78/100
|-unboost|p1a: Zarude|def|1
|-unboost|p1a: Zarude|spd|1
|
|upkeep
|turn|2
|
|t:|1664641290
|switch|p1a: Cobalion|Cobalion|100/100
|switch|p2a: dicksy pixie|Azelf|100/100
|
|upkeep
|turn|3
|
|t:|1664641312
|switch|p1a: Slowking|Slowking, M|100/100
|move|p2a: dicksy pixie|Psychic|p1a: Slowking
|-resisted|p1a: Slowking
|-damage|p1a: Slowking|82/100
|
|upkeep
|turn|4
|
|t:|1664641325
|move|p2a: dicksy pixie|U-turn|p1a: Slowking
|-supereffective|p1a: Slowking
|-damage|p1a: Slowking|58/100
|
|t:|1664641328
|switch|p2a: howdy mr. cloudy|Thundurus-Therian, M|100/100|[from]move: U-turn
|move|p1a: Slowking|Scald|p2a: howdy mr. cloudy
|-damage|p2a: howdy mr. cloudy|63/100
|
|upkeep
|turn|5
|
|t:|1664641347
|switch|p1a: Nihilego|Nihilego|100/100
|move|p2a: howdy mr. cloudy|Volt Switch|p1a: Nihilego
|-damage|p1a: Nihilego|73/100
|
|t:|1664641356
|switch|p2a: coba truthin|Cobalion|100/100|[from]move: Volt Switch
|
|upkeep
|turn|6
|
|t:|1664641394
|switch|p1a: Slowking|Slowking, M|92/100
|move|p2a: coba truthin|Stealth Rock|p1a: Slowking
|-sidestart|p1: Fousfull|move: Stealth Rock
|
|upkeep
|turn|7
|inactive|Battle timer is ON: inactive players will automatically lose when time's up. (requested by pif)
|
|t:|1664641402
|switch|p2a: mr mittens|Hydreigon, F|100/100
|move|p1a: Slowking|Future Sight|p2a: mr mittens
|-start|p1a: Slowking|move: Future Sight
|
|upkeep
|turn|8
|
|t:|1664641409
|move|p2a: mr mittens|Dark Pulse|p1a: Slowking
|-supereffective|p1a: Slowking
|-enditem|p1a: Slowking|Colbur Berry|[eat]
|-enditem|p1a: Slowking|Colbur Berry|[weaken]
|-damage|p1a: Slowking|59/100
|cant|p1a: Slowking|flinch
|
|upkeep
|turn|9
|
|t:|1664641418
|switch|p1a: Cobalion|Cobalion|100/100
|-damage|p1a: Cobalion|97/100|[from] Stealth Rock
|move|p2a: mr mittens|Dark Pulse|p1a: Cobalion
|-resisted|p1a: Cobalion
|-damage|p1a: Cobalion|71/100
|-ability|p1a: Cobalion|Justified|boost
|-boost|p1a: Cobalion|atk|1
|
|-end|p2a: mr mittens|move: Future Sight
|-immune|p2a: mr mittens
|upkeep
|turn|10
|
|t:|1664641421
|switch|p2a: dicksy pixie|Azelf|100/100
|move|p1a: Cobalion|Stealth Rock|p2a: dicksy pixie
|-sidestart|p2: pif|move: Stealth Rock
|
|upkeep
|turn|11
|
|t:|1664641425
|switch|p1a: Slowking|Slowking, M|93/100
|-damage|p1a: Slowking|80/100|[from] Stealth Rock
|move|p2a: dicksy pixie|U-turn|p1a: Slowking
|-supereffective|p1a: Slowking
|-damage|p1a: Slowking|55/100
|
|t:|1664641429
|switch|p2a: porygauna berry|Porygon-Z|100/100|[from]move: U-turn
|-damage|p2a: porygauna berry|88/100|[from] Stealth Rock
|
|upkeep
|turn|12
|
|t:|1664641433
|switch|p1a: Cobalion|Cobalion|71/100
|-damage|p1a: Cobalion|68/100|[from] Stealth Rock
|move|p2a: porygauna berry|Tri Attack|p1a: Cobalion
|-resisted|p1a: Cobalion
|-damage|p1a: Cobalion|5/100
|
|upkeep
|turn|13
|
|t:|1664641441
|switch|p2a: dicksy pixie|Azelf|100/100
|move|p1a: Cobalion|Close Combat|p2a: dicksy pixie
|-resisted|p2a: dicksy pixie
|-damage|p2a: dicksy pixie|60/100
|-unboost|p1a: Cobalion|def|1
|-unboost|p1a: Cobalion|spd|1
|
|upkeep
|turn|14
|
|t:|1664641463
|move|p2a: dicksy pixie|Psychic|p1a: Cobalion
|-damage|p1a: Cobalion|0 fnt
|faint|p1a: Cobalion
|
|upkeep
|
|t:|1664641471
|switch|p1a: Salamence|Salamence, F|100/100
|-ability|p1a: Salamence|Intimidate|boost
|-unboost|p2a: dicksy pixie|atk|1
|turn|15
|
|t:|1664641493
|move|p2a: dicksy pixie|Psychic|p1a: Salamence
|-damage|p1a: Salamence|45/100
|move|p1a: Salamence|Flamethrower|p2a: dicksy pixie
|-damage|p2a: dicksy pixie|18/100
|
|upkeep
|turn|16
|
|t:|1664641498
|switch|p1a: Slowking|Slowking, M|88/100
|-damage|p1a: Slowking|76/100|[from] Stealth Rock
|move|p2a: dicksy pixie|Psychic|p1a: Slowking
|-resisted|p1a: Slowking
|-damage|p1a: Slowking|58/100
|
|upkeep
|turn|17
|
|t:|1664641514
|move|p2a: dicksy pixie|U-turn|p1a: Slowking
|-supereffective|p1a: Slowking
|-damage|p1a: Slowking|42/100
|
|t:|1664641517
|switch|p2a: porygauna berry|Porygon-Z|88/100|[from]move: U-turn
|-damage|p2a: porygauna berry|76/100|[from] Stealth Rock
|move|p1a: Slowking|Future Sight|p2a: porygauna berry
|-start|p1a: Slowking|move: Future Sight
|
|upkeep
|turn|18
|
|t:|1664641523
|switch|p1a: Nihilego|Nihilego|73/100
|-damage|p1a: Nihilego|61/100|[from] Stealth Rock
|move|p2a: porygauna berry|Tri Attack|p1a: Nihilego
|-resisted|p1a: Nihilego
|-damage|p1a: Nihilego|28/100
|
|upkeep
|turn|19
|
|t:|1664641539
|switch|p2a: dicksy pixie|Azelf|18/100
|move|p1a: Nihilego|Meteor Beam||[still]
|-prepare|p1a: Nihilego|Meteor Beam
|-boost|p1a: Nihilego|spa|1
|-enditem|p1a: Nihilego|Power Herb
|-anim|p1a: Nihilego|Meteor Beam|p2a: dicksy pixie
|-damage|p2a: dicksy pixie|0 fnt
|faint|p2a: dicksy pixie
|-ability|p1a: Nihilego|Beast Boost|boost
|-boost|p1a: Nihilego|spe|1
|
|-hint|Future Sight did not hit because the target is fainted.
|upkeep
|
|t:|1664641548
|switch|p2a: coba truthin|Cobalion|100/100
|-damage|p2a: coba truthin|97/100|[from] Stealth Rock
|turn|20
|
|t:|1664641553
|move|p1a: Nihilego|Thunderbolt|p2a: coba truthin
|-damage|p2a: coba truthin|41/100
|move|p2a: coba truthin|Close Combat|p1a: Nihilego
|-damage|p1a: Nihilego|0 fnt
|-unboost|p2a: coba truthin|def|1
|-unboost|p2a: coba truthin|spd|1
|faint|p1a: Nihilego
|
|upkeep
|
|t:|1664641566
|switch|p1a: Slowking|Slowking, M|76/100
|-damage|p1a: Slowking|63/100|[from] Stealth Rock
|turn|21
|
|t:|1664641580
|switch|p2a: howdy mr. cloudy|Thundurus-Therian, M|63/100
|move|p1a: Slowking|Scald|p2a: howdy mr. cloudy
|-damage|p2a: howdy mr. cloudy|28/100
|
|upkeep
|turn|22
|
|t:|1664641587
|move|p2a: howdy mr. cloudy|Grass Knot|p1a: Slowking
|-supereffective|p1a: Slowking
|-damage|p1a: Slowking|17/100
|move|p1a: Slowking|Slack Off|p1a: Slowking
|-heal|p1a: Slowking|67/100
|
|upkeep
|turn|23
|
|t:|1664641593
|switch|p1a: Mamoswine|Mamoswine, F|100/100
|-damage|p1a: Mamoswine|88/100|[from] Stealth Rock
|move|p2a: howdy mr. cloudy|Volt Switch|p1a: Mamoswine
|-immune|p1a: Mamoswine
|
|upkeep
|turn|24
|
|t:|1664641600
|move|p1a: Mamoswine|Ice Shard|p2a: howdy mr. cloudy
|-supereffective|p2a: howdy mr. cloudy
|-damage|p2a: howdy mr. cloudy|0 fnt
|faint|p2a: howdy mr. cloudy
|
|upkeep
|
|t:|1664641603
|switch|p2a: porygauna berry|Porygon-Z|76/100
|-damage|p2a: porygauna berry|64/100|[from] Stealth Rock
|turn|25
|
|t:|1664641607
|switch|p1a: Salamence|Salamence, F|45/100
|-ability|p1a: Salamence|Intimidate|boost
|-unboost|p2a: porygauna berry|atk|1
|move|p2a: porygauna berry|Tri Attack|p1a: Salamence
|-damage|p1a: Salamence|0 fnt
|faint|p1a: Salamence
|
|upkeep
|
|t:|1664641612
|switch|p1a: Zarude|Zarude-Dada|100/100
|-damage|p1a: Zarude|88/100|[from] Stealth Rock
|turn|26
|
|t:|1664641620
|switch|p2a: coba truthin|Cobalion|41/100
|-damage|p2a: coba truthin|38/100|[from] Stealth Rock
|move|p1a: Zarude|Close Combat|p2a: coba truthin
|-supereffective|p2a: coba truthin
|-damage|p2a: coba truthin|0 fnt
|-unboost|p1a: Zarude|def|1
|-unboost|p1a: Zarude|spd|1
|-damage|p1a: Zarude|72/100|[from] item: Rocky Helmet|[of] p2a: coba truthin
|faint|p2a: coba truthin
|
|upkeep
|
|t:|1664641624
|switch|p2a: tang ur wang|Tangrowth, F|100/100
|-damage|p2a: tang ur wang|88/100|[from] Stealth Rock
|turn|27
|
|t:|1664641629
|switch|p1a: Slowking|Slowking, M|99/100
|-damage|p1a: Slowking|88/100|[from] Stealth Rock
|move|p2a: tang ur wang|Power Whip|p1a: Slowking
|-supereffective|p1a: Slowking
|-damage|p1a: Slowking|23/100
|
|upkeep
|turn|28
|
|t:|1664641641
|move|p2a: tang ur wang|Power Whip|p1a: Slowking
|-supereffective|p1a: Slowking
|-damage|p1a: Slowking|0 fnt
|faint|p1a: Slowking
|
|upkeep
|
|t:|1664641644
|switch|p1a: Mamoswine|Mamoswine, F|88/100
|-damage|p1a: Mamoswine|76/100|[from] Stealth Rock
|turn|29
|
|t:|1664641673
|switch|p2a: porygauna berry|Porygon-Z|64/100
|-damage|p2a: porygauna berry|52/100|[from] Stealth Rock
|move|p1a: Mamoswine|Icicle Crash|p2a: porygauna berry
|-damage|p2a: porygauna berry|0 fnt
|faint|p2a: porygauna berry
|
|upkeep
|
|t:|1664641676
|switch|p2a: mr mittens|Hydreigon, F|100/100
|-damage|p2a: mr mittens|88/100|[from] Stealth Rock
|turn|30
|
|t:|1664641684
|switch|p1a: Zarude|Zarude-Dada|72/100
|-damage|p1a: Zarude|59/100|[from] Stealth Rock
|move|p2a: mr mittens|Draco Meteor|p1a: Zarude
|-damage|p1a: Zarude|0 fnt
|-unboost|p2a: mr mittens|spa|2
|faint|p1a: Zarude
|
|upkeep
|
|t:|1664641686
|switch|p1a: Mamoswine|Mamoswine, F|76/100
|-damage|p1a: Mamoswine|63/100|[from] Stealth Rock
|turn|31
|
|t:|1664641706
|switch|p2a: tang ur wang|Tangrowth, F|100/100
|-damage|p2a: tang ur wang|88/100|[from] Stealth Rock
|move|p1a: Mamoswine|Ice Shard|p2a: tang ur wang
|-supereffective|p2a: tang ur wang
|-crit|p2a: tang ur wang
|-damage|p2a: tang ur wang|23/100
|
|upkeep
|turn|32
|
|t:|1664641717
|switch|p2a: mr mittens|Hydreigon, F|88/100
|-damage|p2a: mr mittens|76/100|[from] Stealth Rock
|move|p1a: Mamoswine|Ice Shard|p2a: mr mittens
|-supereffective|p2a: mr mittens
|-damage|p2a: mr mittens|0 fnt
|faint|p2a: mr mittens
|
|upkeep
|
|t:|1664641720
|switch|p2a: tang ur wang|Tangrowth, F|56/100
|-damage|p2a: tang ur wang|44/100|[from] Stealth Rock
|turn|33
|j| amogusroxyrrrr
|
|t:|1664641731
|move|p1a: Mamoswine|Ice Shard|p2a: tang ur wang
|-supereffective|p2a: tang ur wang
|-crit|p2a: tang ur wang
|-damage|p2a: tang ur wang|0 fnt
|faint|p2a: tang ur wang
|
|win|Fousfull
|raw|Fousfull's rating: 1605 &rarr; <strong>1632</strong><br />(+27 for winning)
|raw|pif's rating: 1729 &rarr; <strong>1702</strong><br />(-27 for losing)
|c|☆pif|gg
