|html|<div class="broadcast-blue"><strong>[Gen 8] UU is currently suspecting Thundurus-T! For information on how to participate check out the <a href="https://www.smogon.com/forums/threads/np-ss-uu-stage-11-boom-clap.3696000/">suspect thread</a>.</strong></div>
|j|☆Adrift and Alone
|j|☆pokemonisfun
|t:|1642090268
|gametype|singles
|player|p1|Adrift and Alone|psychic-gen3|1506
|player|p2|pokemonisfun|#uutrio2ladder|1779
|teamsize|p1|6
|teamsize|p2|6
|gen|8
|tier|[Gen 8] UU
|rated|
|rule|Sleep Clause Mod: Limit one foe put to sleep
|rule|Species Clause: Limit one of each Pokémon
|rule|OHKO Clause: OHKO moves are banned
|rule|Evasion Moves Clause: Evasion moves are banned
|rule|Endless Battle Clause: Forcing endless battles is banned
|rule|HP Percentage Mod: HP is shown in percentages
|rule|Dynamax Clause: You cannot dynamax
|clearpoke
|poke|p1|Thundurus-Therian, M|
|poke|p1|Roserade, M|
|poke|p1|Sylveon, M|
|poke|p1|Seismitoad, M|
|poke|p1|Jirachi|
|poke|p1|Moltres-Galar|
|poke|p2|Sirfetch’d, M|
|poke|p2|Tangrowth, F|
|poke|p2|Nihilego|
|poke|p2|Krookodile, M|
|poke|p2|Rotom-Wash|
|poke|p2|Aegislash, M|
|teampreview
|
|t:|1642090303
|start
|switch|p1a: Seismitoad|Seismitoad, M|100/100
|switch|p2a: QUACK ATTACK|Sirfetch’d, M|100/100
|turn|1
|
|t:|1642090312
|switch|p1a: Sylveon|Sylveon, M|100/100
|move|p2a: QUACK ATTACK|Leaf Blade|p1a: Sylveon
|-crit|p1a: Sylveon
|-damage|p1a: Sylveon|54/100
|
|-heal|p1a: Sylveon|60/100|[from] item: Leftovers
|upkeep
|turn|2
|
|t:|1642090319
|switch|p1a: Seismitoad|Seismitoad, M|100/100
|move|p2a: QUACK ATTACK|Brave Bird|p1a: Seismitoad
|-crit|p1a: Seismitoad
|-damage|p1a: Seismitoad|49/100
|-damage|p2a: QUACK ATTACK|74/100|[from] Recoil
|
|-heal|p1a: Seismitoad|55/100|[from] item: Leftovers
|upkeep
|turn|3
|
|t:|1642090339
|switch|p1a: Sylveon|Sylveon, M|60/100
|move|p2a: QUACK ATTACK|Close Combat|p1a: Sylveon
|-resisted|p1a: Sylveon
|-crit|p1a: Sylveon
|-damage|p1a: Sylveon|19/100
|-unboost|p2a: QUACK ATTACK|def|1
|-unboost|p2a: QUACK ATTACK|spd|1
|
|-heal|p1a: Sylveon|25/100|[from] item: Leftovers
|upkeep
|turn|4
|
|t:|1642090345
|move|p1a: Sylveon|Protect|p1a: Sylveon
|-singleturn|p1a: Sylveon|Protect
|move|p2a: QUACK ATTACK|Close Combat|p1a: Sylveon
|-activate|p1a: Sylveon|move: Protect
|
|-heal|p1a: Sylveon|31/100|[from] item: Leftovers
|upkeep
|turn|5
|
|t:|1642090354
|move|p2a: QUACK ATTACK|Brave Bird|p1a: Sylveon
|-crit|p1a: Sylveon
|-damage|p1a: Sylveon|0 fnt
|faint|p1a: Sylveon
|-damage|p2a: QUACK ATTACK|59/100|[from] Recoil
|
|upkeep
|
|t:|1642090360
|switch|p1a: Roserade|Roserade, M|100/100
|turn|6
|
|t:|1642090371
|switch|p2a: stabby jabby|Aegislash, M|100/100
|move|p1a: Roserade|Sleep Powder|p2a: stabby jabby
|-status|p2a: stabby jabby|slp|[from] move: Sleep Powder
|
|upkeep
|turn|7
|
|t:|1642090395
|switch|p2a: stingy thingy|Nihilego|100/100
|move|p1a: Roserade|Spikes|p2a: stingy thingy
|-sidestart|p2: pokemonisfun|Spikes
|
|upkeep
|turn|8
|
|t:|1642090402
|switch|p1a: Jirachi|Jirachi|100/100
|move|p2a: stingy thingy|Stealth Rock|p1a: Jirachi
|-sidestart|p1: Adrift and Alone|move: Stealth Rock
|
|upkeep
|turn|9
|
|t:|1642090409
|switch|p2a: ur rotom washed|Rotom-Wash|100/100
|move|p1a: Jirachi|U-turn|p2a: ur rotom washed
|-damage|p2a: ur rotom washed|78/100
|
|t:|1642090413
|switch|p1a: Roserade|Roserade, M|100/100|[from]move: U-turn
|-damage|p1a: Roserade|88/100|[from] Stealth Rock
|
|-heal|p1a: Roserade|94/100|[from] item: Black Sludge
|-heal|p2a: ur rotom washed|84/100|[from] item: Leftovers
|upkeep
|turn|10
|
|t:|1642090418
|switch|p2a: stingy thingy|Nihilego|100/100
|-damage|p2a: stingy thingy|88/100|[from] Spikes
|move|p1a: Roserade|Spikes|p2a: stingy thingy
|-sidestart|p2: pokemonisfun|Spikes
|
|-heal|p2a: stingy thingy|94/100|[from] item: Black Sludge
|-heal|p1a: Roserade|99/100|[from] item: Black Sludge
|upkeep
|turn|11
|
|t:|1642090424
|move|p2a: stingy thingy|Knock Off|p1a: Roserade
|-damage|p1a: Roserade|82/100
|-enditem|p1a: Roserade|Black Sludge|[from] move: Knock Off|[of] p2a: stingy thingy
|move|p1a: Roserade|Giga Drain|p2a: stingy thingy
|-damage|p2a: stingy thingy|67/100
|-heal|p1a: Roserade|98/100|[from] drain|[of] p2a: stingy thingy
|
|-heal|p2a: stingy thingy|73/100|[from] item: Black Sludge
|upkeep
|turn|12
|
|t:|1642090432
|switch|p1a: Jirachi|Jirachi|100/100
|-damage|p1a: Jirachi|94/100|[from] Stealth Rock
|move|p2a: stingy thingy|Sludge Bomb|p1a: Jirachi
|-immune|p1a: Jirachi
|
|-heal|p2a: stingy thingy|80/100|[from] item: Black Sludge
|upkeep
|turn|13
|
|t:|1642090437
|switch|p2a: oodles of noodles|Tangrowth, F|100/100
|-damage|p2a: oodles of noodles|84/100|[from] Spikes
|move|p1a: Jirachi|Iron Head|p2a: oodles of noodles
|-damage|p2a: oodles of noodles|59/100
|-damage|p1a: Jirachi|78/100|[from] item: Rocky Helmet|[of] p2a: oodles of noodles
|
|upkeep
|turn|14
|
|t:|1642090448
|switch|p2a: stabby jabby|Aegislash, M|100/100 slp
|-damage|p2a: stabby jabby|84/100 slp|[from] Spikes
|move|p1a: Jirachi|Iron Head|p2a: stabby jabby
|-resisted|p2a: stabby jabby
|-damage|p2a: stabby jabby|69/100 slp
|
|-heal|p2a: stabby jabby|76/100 slp|[from] item: Leftovers
|upkeep
|turn|15
|
|t:|1642090458
|switch|p1a: Seismitoad|Seismitoad, M|55/100
|-damage|p1a: Seismitoad|49/100|[from] Stealth Rock
|cant|p2a: stabby jabby|slp
|
|-heal|p1a: Seismitoad|55/100|[from] item: Leftovers
|-heal|p2a: stabby jabby|82/100 slp|[from] item: Leftovers
|upkeep
|turn|16
|
|t:|1642090466
|switch|p2a: ur rotom washed|Rotom-Wash|84/100
|move|p1a: Seismitoad|Stealth Rock|p2a: ur rotom washed
|-sidestart|p2: pokemonisfun|move: Stealth Rock
|
|-heal|p2a: ur rotom washed|90/100|[from] item: Leftovers
|-heal|p1a: Seismitoad|61/100|[from] item: Leftovers
|upkeep
|turn|17
|
|t:|1642090472
|move|p2a: ur rotom washed|Defog|p1a: Seismitoad
|-unboost|p1a: Seismitoad|evasion|1
|-sideend|p1: Adrift and Alone|Stealth Rock|[from] move: Defog|[of] p2a: ur rotom washed
|-sideend|p2: pokemonisfun|Spikes|[from] move: Defog|[of] p2a: ur rotom washed
|-sideend|p2: pokemonisfun|Stealth Rock|[from] move: Defog|[of] p2a: ur rotom washed
|move|p1a: Seismitoad|Toxic|p2a: ur rotom washed|[miss]
|-miss|p1a: Seismitoad|p2a: ur rotom washed
|
|-heal|p2a: ur rotom washed|96/100|[from] item: Leftovers
|-heal|p1a: Seismitoad|67/100|[from] item: Leftovers
|upkeep
|turn|18
|
|t:|1642090481
|switch|p2a: QUACK ATTACK|Sirfetch’d, M|59/100
|move|p1a: Seismitoad|Scald|p2a: QUACK ATTACK
|-damage|p2a: QUACK ATTACK|25/100
|
|-heal|p1a: Seismitoad|73/100|[from] item: Leftovers
|upkeep
|turn|19
|
|t:|1642090492
|switch|p1a: Moltres|Moltres-Galar|100/100
|move|p2a: QUACK ATTACK|Close Combat|p1a: Moltres
|-crit|p1a: Moltres
|-damage|p1a: Moltres|0 fnt
|-unboost|p2a: QUACK ATTACK|def|1
|-unboost|p2a: QUACK ATTACK|spd|1
|faint|p1a: Moltres
|
|upkeep
|-message|Adrift and Alone forfeited.
|
|win|pokemonisfun
|raw|Adrift and Alone's rating: 1506 &rarr; <strong>1499</strong><br />(-7 for losing)
|raw|pokemonisfun's rating: 1779 &rarr; <strong>1786</strong><br />(+7 for winning)
|inactive|Battle timer is ON: inactive players will automatically lose when time's up. (requested by pokemonisfun)
|l|☆Adrift and Alone
||Ladder isn't responding, score probably updated but might not have (Request timeout).
