|j|☆yeezyknows
|j|☆Bad Feeling
|player|p1|yeezyknows|266|1764
|player|p2|Bad Feeling|teacher-gen2|1655
|teamsize|p1|6
|teamsize|p2|6
|gametype|singles
|gen|8
|tier|[Gen 8] UU
|rated|
|clearpoke
|poke|p1|Chandelure, F|
|poke|p1|Drapion, M|
|poke|p1|Haxorus, M|
|poke|p1|Rhyperior, F|
|poke|p1|Xatu, M|
|poke|p1|Golisopod, F|
|poke|p2|Duraludon, F|
|poke|p2|Qwilfish, M|
|poke|p2|Diggersby, F|
|poke|p2|Weavile, F|
|poke|p2|Noivern, F|
|poke|p2|Clefairy, F|
|rule|Sleep Clause Mod: Limit one foe put to sleep
|rule|Species Clause: Limit one of each Pokémon
|rule|OHKO Clause: OHKO moves are banned
|rule|Evasion Moves Clause: Evasion moves are banned
|rule|Endless Battle Clause: Forcing endless battles is banned
|rule|HP Percentage Mod: HP is shown in percentages
|rule|Dynamax Clause: You cannot dynamax
|teampreview
|c|☆Bad Feeling|hf!
|c|☆yeezyknows|u2
|j| LADYGAGA4LIFE18
|
|start
|switch|p1a: Haxorus|Haxorus, M|100/100
|switch|p2a: Diggersby-25-7.5|Diggersby, F|100/100
|-ability|p1a: Haxorus|Mold Breaker
|turn|1
|
|switch|p2a: Clefairy-25-22.5|Clefairy, F|100/100
|move|p1a: Haxorus|Outrage|p2a: Clefairy-25-22.5
|-immune|p2a: Clefairy-25-22.5
|
|upkeep
|turn|2
|j| Excazam
|
|switch|p1a: Xatu|Xatu, M|100/100
|move|p2a: Clefairy-25-22.5|Moonblast|p1a: Xatu
|-damage|p1a: Xatu|70/100
|
|-heal|p1a: Xatu|76/100|[from] item: Leftovers
|upkeep
|turn|3
|
|move|p2a: Clefairy-25-22.5|Moonblast|p1a: Xatu
|-damage|p1a: Xatu|45/100
|move|p1a: Xatu|Teleport|p1a: Xatu
|
|switch|p1a: Drapion|Drapion, M|100/100|[from]move: Teleport
|
|upkeep
|turn|4
|
|switch|p1a: Xatu|Xatu, M|45/100
|move|p2a: Clefairy-25-22.5|Thunder Wave|p1a: Xatu
|move|p1a: Xatu|Thunder Wave|p2a: Clefairy-25-22.5|[from]Magic Bounce
|-status|p2a: Clefairy-25-22.5|par
|
|-heal|p1a: Xatu|50/100|[from] item: Leftovers
|upkeep
|turn|5
|
|switch|p2a: Diggersby-25-7.5|Diggersby, F|100/100
|move|p1a: Xatu|Roost|p1a: Xatu
|-heal|p1a: Xatu|100/100
|-singleturn|p1a: Xatu|move: Roost
|
|upkeep
|turn|6
|
|move|p2a: Diggersby-25-7.5|Body Slam|p1a: Xatu
|-damage|p1a: Xatu|30/100
|move|p1a: Xatu|Teleport|p1a: Xatu
|
|switch|p1a: Chandelure|Chandelure, F|100/100|[from]move: Teleport
|
|upkeep
|turn|7
|
|switch|p2a: Noivern-30-12|Noivern, F|100/100
|move|p1a: Chandelure|Flamethrower|p2a: Noivern-30-12
|-resisted|p2a: Noivern-30-12
|-damage|p2a: Noivern-30-12|41/100
|
|upkeep
|turn|8
|
|move|p2a: Noivern-30-12|Draco Meteor|p1a: Chandelure
|-damage|p1a: Chandelure|0 fnt
|-unboost|p2a: Noivern-30-12|spa|2
|faint|p1a: Chandelure
|
|upkeep
|
|switch|p1a: Rhyperior|Rhyperior, F|100/100
|turn|9
|
|move|p2a: Noivern-30-12|Draco Meteor|p1a: Rhyperior|[miss]
|-miss|p2a: Noivern-30-12|p1a: Rhyperior
|move|p1a: Rhyperior|Stealth Rock|p2a: Noivern-30-12
|-sidestart|p2: Bad Feeling|move: Stealth Rock
|
|upkeep
|turn|10
|
|switch|p2a: Qwilfish-25-22.5|Qwilfish, M|100/100
|-damage|p2a: Qwilfish-25-22.5|88/100|[from] Stealth Rock
|-ability|p2a: Qwilfish-25-22.5|Intimidate|boost
|-unboost|p1a: Rhyperior|atk|1
|move|p1a: Rhyperior|Swords Dance|p1a: Rhyperior
|-boost|p1a: Rhyperior|atk|2
|
|upkeep
|turn|11
|
|move|p2a: Qwilfish-25-22.5|Scald|p1a: Rhyperior
|-supereffective|p1a: Rhyperior
|-damage|p1a: Rhyperior|59/100
|-status|p1a: Rhyperior|brn
|move|p1a: Rhyperior|Earthquake|p2a: Qwilfish-25-22.5
|-supereffective|p2a: Qwilfish-25-22.5
|-damage|p2a: Qwilfish-25-22.5|36/100
|
|-heal|p1a: Rhyperior|65/100 brn|[from] item: Leftovers
|-damage|p1a: Rhyperior|59/100 brn|[from] brn
|upkeep
|turn|12
|
|move|p2a: Qwilfish-25-22.5|Scald|p1a: Rhyperior
|-supereffective|p1a: Rhyperior
|-damage|p1a: Rhyperior|18/100 brn
|move|p1a: Rhyperior|Earthquake|p2a: Qwilfish-25-22.5
|-supereffective|p2a: Qwilfish-25-22.5
|-crit|p2a: Qwilfish-25-22.5
|-damage|p2a: Qwilfish-25-22.5|0 fnt
|faint|p2a: Qwilfish-25-22.5
|
|-heal|p1a: Rhyperior|24/100 brn|[from] item: Leftovers
|-damage|p1a: Rhyperior|18/100 brn|[from] brn
|upkeep
|
|switch|p2a: Diggersby-25-7.5|Diggersby, F|100/100
|-damage|p2a: Diggersby-25-7.5|94/100|[from] Stealth Rock
|turn|13
|
|switch|p1a: Golisopod|Golisopod, F|100/100
|move|p2a: Diggersby-25-7.5|Earthquake|p1a: Golisopod
|-resisted|p1a: Golisopod
|-damage|p1a: Golisopod|72/100
|
|upkeep
|turn|14
|
|switch|p2a: Duraludon-51-30|Duraludon, F|100/100
|-damage|p2a: Duraludon-51-30|94/100|[from] Stealth Rock
|move|p1a: Golisopod|First Impression|p2a: Duraludon-51-30
|-resisted|p2a: Duraludon-51-30
|-damage|p2a: Duraludon-51-30|74/100
|
|-heal|p2a: Duraludon-51-30|80/100|[from] item: Leftovers
|upkeep
|turn|15
|j| kronkler
|
|switch|p1a: Xatu|Xatu, M|30/100
|move|p2a: Duraludon-51-30|Substitute|p2a: Duraludon-51-30
|-start|p2a: Duraludon-51-30|Substitute
|-damage|p2a: Duraludon-51-30|56/100
|
|-heal|p1a: Xatu|36/100|[from] item: Leftovers
|-heal|p2a: Duraludon-51-30|62/100|[from] item: Leftovers
|upkeep
|turn|16
|
|move|p1a: Xatu|Psychic|p2a: Duraludon-51-30
|-resisted|p2a: Duraludon-51-30
|-activate|p2a: Duraludon-51-30|move: Substitute|[damage]
|move|p2a: Duraludon-51-30|Swords Dance|p2a: Duraludon-51-30
|-boost|p2a: Duraludon-51-30|atk|2
|
|-heal|p1a: Xatu|42/100|[from] item: Leftovers
|-heal|p2a: Duraludon-51-30|68/100|[from] item: Leftovers
|upkeep
|turn|17
|
|move|p1a: Xatu|Psychic|p2a: Duraludon-51-30
|-resisted|p2a: Duraludon-51-30
|-end|p2a: Duraludon-51-30|Substitute
|move|p2a: Duraludon-51-30|Swords Dance|p2a: Duraludon-51-30
|-boost|p2a: Duraludon-51-30|atk|2
|
|-heal|p1a: Xatu|48/100|[from] item: Leftovers
|-heal|p2a: Duraludon-51-30|74/100|[from] item: Leftovers
|upkeep
|turn|18
|
|move|p1a: Xatu|Psychic|p2a: Duraludon-51-30
|-resisted|p2a: Duraludon-51-30
|-damage|p2a: Duraludon-51-30|57/100
|move|p2a: Duraludon-51-30|Substitute|p2a: Duraludon-51-30
|-start|p2a: Duraludon-51-30|Substitute
|-damage|p2a: Duraludon-51-30|33/100
|
|-heal|p1a: Xatu|53/100|[from] item: Leftovers
|-heal|p2a: Duraludon-51-30|39/100|[from] item: Leftovers
|upkeep
|turn|19
|
|move|p1a: Xatu|Psychic|p2a: Duraludon-51-30
|-resisted|p2a: Duraludon-51-30
|-activate|p2a: Duraludon-51-30|move: Substitute|[damage]
|move|p2a: Duraludon-51-30|Iron Head|p1a: Xatu
|-damage|p1a: Xatu|0 fnt
|faint|p1a: Xatu
|
|-heal|p2a: Duraludon-51-30|45/100|[from] item: Leftovers
|upkeep
|
|switch|p1a: Golisopod|Golisopod, F|72/100
|turn|20
|
|move|p1a: Golisopod|First Impression|p2a: Duraludon-51-30
|-resisted|p2a: Duraludon-51-30
|-end|p2a: Duraludon-51-30|Substitute
|move|p2a: Duraludon-51-30|Substitute|p2a: Duraludon-51-30
|-start|p2a: Duraludon-51-30|Substitute
|-damage|p2a: Duraludon-51-30|20/100
|
|-heal|p2a: Duraludon-51-30|26/100|[from] item: Leftovers
|upkeep
|turn|21
|
|switch|p1a: Rhyperior|Rhyperior, F|18/100 brn
|move|p2a: Duraludon-51-30|Outrage|p1a: Rhyperior
|-damage|p1a: Rhyperior|0 fnt
|faint|p1a: Rhyperior
|
|-heal|p2a: Duraludon-51-30|32/100|[from] item: Leftovers
|upkeep
|
|switch|p1a: Drapion|Drapion, M|100/100
|turn|22
|
|move|p1a: Drapion|Knock Off|p2a: Duraludon-51-30
|-end|p2a: Duraludon-51-30|Substitute
|move|p2a: Duraludon-51-30|Outrage|p1a: Drapion|[from]lockedmove
|-damage|p1a: Drapion|0 fnt
|faint|p1a: Drapion
|
|-heal|p2a: Duraludon-51-30|38/100|[from] item: Leftovers
|upkeep
|
|switch|p1a: Haxorus|Haxorus, M|100/100
|-ability|p1a: Haxorus|Mold Breaker
|turn|23
|
|move|p1a: Haxorus|Earthquake|p2a: Duraludon-51-30
|-supereffective|p2a: Duraludon-51-30
|-crit|p2a: Duraludon-51-30
|-damage|p2a: Duraludon-51-30|0 fnt
|faint|p2a: Duraludon-51-30
|
|upkeep
|l| LADYGAGA4LIFE18
|
|switch|p2a: Noivern-30-12|Noivern, F|41/100
|-damage|p2a: Noivern-30-12|16/100|[from] Stealth Rock
|turn|24
|
|switch|p1a: Golisopod|Golisopod, F|72/100
|move|p2a: Noivern-30-12|Draco Meteor|p1a: Golisopod
|-damage|p1a: Golisopod|0 fnt
|-unboost|p2a: Noivern-30-12|spa|2
|faint|p1a: Golisopod
|
|upkeep
|
|switch|p1a: Haxorus|Haxorus, M|100/100
|-ability|p1a: Haxorus|Mold Breaker
|turn|25
|
|move|p2a: Noivern-30-12|Draco Meteor|p1a: Haxorus
|-supereffective|p1a: Haxorus
|-damage|p1a: Haxorus|0 fnt
|-unboost|p2a: Noivern-30-12|spa|2
|faint|p1a: Haxorus
|
|win|Bad Feeling
|l|☆yeezyknows
|c|☆Bad Feeling|gg
|raw|yeezyknows's rating: 1764 &rarr; <strong>1738</strong><br />(-26 for losing)
|raw|Bad Feeling's rating: 1655 &rarr; <strong>1681</strong><br />(+26 for winning)
|l| kronkler
