|raw|<div class="broadcast-blue"><strong>This battle is required to be public due to a player having a name starting with 'UULT81x'.</div>
|j|☆itsjustdrew2☆
|j|☆UULT81x unjust
|t:|1621463552
|gametype|singles
|player|p1|itsjustdrew2☆|#itsjustdrew|1571
|player|p2|UULT81x unjust|wicke|1572
|teamsize|p1|6
|teamsize|p2|6
|gen|8
|tier|[Gen 8] UU
|rated|
|rule|Sleep Clause Mod: Limit one foe put to sleep
|rule|Species Clause: Limit one of each Pokémon
|rule|OHKO Clause: OHKO moves are banned
|rule|Evasion Moves Clause: Evasion moves are banned
|rule|Endless Battle Clause: Forcing endless battles is banned
|rule|HP Percentage Mod: HP is shown in percentages
|rule|Dynamax Clause: You cannot dynamax
|clearpoke
|poke|p1|Keldeo-Resolute|
|poke|p1|Mamoswine, M|
|poke|p1|Tangrowth, M|
|poke|p1|Aegislash, F|
|poke|p1|Moltres|
|poke|p1|Nihilego|
|poke|p2|Pyukumuku, F|
|poke|p2|Chansey, F|
|poke|p2|Salamence, M|
|poke|p2|Amoonguss, F|
|poke|p2|Umbreon, M|
|poke|p2|Slowbro-Galar, M|
|teampreview
|c|☆itsjustdrew2☆|oh lol
|j|%Specs
|c|☆UULT81x unjust|im burned out as fuck so ill just choke dont worry
|inactive|Battle timer is ON: inactive players will automatically lose when time's up. (requested by UULT81x unjust)
|c|☆itsjustdrew2☆|well youve been stalling for a long time
|c|☆UULT81x unjust|na its more of losing to shit like
|
|t:|1621463605
|start
|switch|p1a: Tangrowth|Tangrowth, M|100/100
|switch|p2a: Chansey|Chansey, F|100/100
|turn|1
|c|☆UULT81x unjust|cb mence
|
|t:|1621463619
|move|p2a: Chansey|Stealth Rock|p1a: Tangrowth
|-sidestart|p1: itsjustdrew2☆|move: Stealth Rock
|move|p1a: Tangrowth|Knock Off|p2a: Chansey
|-damage|p2a: Chansey|86/100
|-enditem|p2a: Chansey|Eviolite|[from] move: Knock Off|[of] p1a: Tangrowth
|
|upkeep
|turn|2
|j| Can’tFight
|
|t:|1621463626
|switch|p1a: Aegislash|Aegislash, F|100/100
|-damage|p1a: Aegislash|94/100|[from] Stealth Rock
|move|p2a: Chansey|Toxic|p1a: Aegislash
|-immune|p1a: Aegislash
|
|-heal|p1a: Aegislash|100/100|[from] item: Leftovers
|upkeep
|turn|3
|
|t:|1621463632
|switch|p2a: Amoonguss|Amoonguss, F|100/100
|-formechange|p1a: Aegislash|Aegislash-Blade||[from] ability: Stance Change
|move|p1a: Aegislash|Air Slash|p2a: Amoonguss
|-supereffective|p2a: Amoonguss
|-damage|p2a: Amoonguss|53/100
|
|upkeep
|turn|4
|c|☆UULT81x unjust|i have nothing to say
|
|t:|1621463651
|switch|p2a: Umbreon|Umbreon, M|100/100
|move|p1a: Aegislash|Air Slash|p2a: Umbreon
|-damage|p2a: Umbreon|88/100
|
|upkeep
|turn|5
|
|t:|1621463663
|switch|p2a: Amoonguss|Amoonguss, F|86/100
|switch|p1a: Moltres|Moltres|100/100
|-ability|p1a: Moltres|Pressure
|
|upkeep
|turn|6
|j| laevin
|
|t:|1621463672
|switch|p2a: Chansey|Chansey, F|86/100
|move|p1a: Moltres|Flamethrower|p2a: Chansey
|-damage|p2a: Chansey|67/100
|-status|p2a: Chansey|brn
|
|-damage|p2a: Chansey|60/100 brn|[from] brn
|upkeep
|turn|7
|
|t:|1621463679
|switch|p1a: Aegislash|Aegislash, F|100/100
|-damage|p1a: Aegislash|94/100|[from] Stealth Rock
|move|p2a: Chansey|Soft-Boiled|p2a: Chansey
|-heal|p2a: Chansey|100/100 brn
|
|-heal|p1a: Aegislash|100/100|[from] item: Leftovers
|-damage|p2a: Chansey|94/100 brn|[from] brn
|upkeep
|turn|8
|
|t:|1621463687
|switch|p2a: Amoonguss|Amoonguss, F|100/100
|-formechange|p1a: Aegislash|Aegislash-Blade||[from] ability: Stance Change
|move|p1a: Aegislash|Air Slash|p2a: Amoonguss
|-supereffective|p2a: Amoonguss
|-damage|p2a: Amoonguss|50/100
|
|upkeep
|turn|9
|
|t:|1621463697
|switch|p1a: Moltres|Moltres|100/100
|-ability|p1a: Moltres|Pressure
|switch|p2a: Umbreon|Umbreon, M|88/100
|
|upkeep
|turn|10
|
|t:|1621463706
|move|p2a: Umbreon|Protect|p2a: Umbreon
|-singleturn|p2a: Umbreon|Protect
|move|p1a: Moltres|Defog|p2a: Umbreon
|-activate|p2a: Umbreon|move: Protect
|
|upkeep
|turn|11
|
|t:|1621463712
|switch|p2a: Chansey|Chansey, F|94/100
|move|p1a: Moltres|Flamethrower|p2a: Chansey
|-damage|p2a: Chansey|75/100
|
|upkeep
|turn|12
|
|t:|1621463728
|switch|p1a: Aegislash|Aegislash, F|100/100
|-damage|p1a: Aegislash|94/100|[from] Stealth Rock
|switch|p2a: Amoonguss|Amoonguss, F|84/100
|
|-heal|p1a: Aegislash|100/100|[from] item: Leftovers
|upkeep
|turn|13
|
|t:|1621463738
|move|p1a: Aegislash|King's Shield|p1a: Aegislash
|-singleturn|p1a: Aegislash|Protect
|move|p2a: Amoonguss|Foul Play|p1a: Aegislash
|-activate|p1a: Aegislash|move: Protect
|-unboost|p2a: Amoonguss|atk|1
|
|upkeep
|turn|14
|
|t:|1621463743
|switch|p1a: Nihilego|Nihilego|100/100
|-damage|p1a: Nihilego|88/100|[from] Stealth Rock
|move|p2a: Amoonguss|Sludge Bomb|p1a: Nihilego
|-resisted|p1a: Nihilego
|-damage|p1a: Nihilego|84/100
|
|-heal|p1a: Nihilego|90/100|[from] item: Black Sludge
|upkeep
|turn|15
|c|☆UULT81x unjust|oh god no
|
|t:|1621463756
|move|p1a: Nihilego|Stealth Rock|p2a: Amoonguss
|-sidestart|p2: UULT81x unjust|move: Stealth Rock
|move|p2a: Amoonguss|Giga Drain|p1a: Nihilego
|-damage|p1a: Nihilego|73/100
|-heal|p2a: Amoonguss|91/100|[from] drain|[of] p1a: Nihilego
|
|-heal|p1a: Nihilego|80/100|[from] item: Black Sludge
|upkeep
|turn|16
|
|t:|1621463767
|switch|p1a: Aegislash|Aegislash, F|100/100
|-damage|p1a: Aegislash|94/100|[from] Stealth Rock
|move|p2a: Amoonguss|Giga Drain|p1a: Aegislash
|-resisted|p1a: Aegislash
|-crit|p1a: Aegislash
|-damage|p1a: Aegislash|81/100
|-heal|p2a: Amoonguss|95/100|[from] drain|[of] p1a: Aegislash
|
|-heal|p1a: Aegislash|88/100|[from] item: Leftovers
|upkeep
|turn|17
|
|t:|1621463772
|-formechange|p1a: Aegislash|Aegislash-Blade||[from] ability: Stance Change
|move|p1a: Aegislash|Air Slash|p2a: Amoonguss
|-supereffective|p2a: Amoonguss
|-damage|p2a: Amoonguss|44/100
|move|p2a: Amoonguss|Foul Play|p1a: Aegislash
|-supereffective|p1a: Aegislash
|-damage|p1a: Aegislash|13/100
|
|-heal|p1a: Aegislash|20/100|[from] item: Leftovers
|upkeep
|turn|18
|
|t:|1621463785
|switch|p2a: Umbreon|Umbreon, M|88/100
|move|p1a: Aegislash|Air Slash|p2a: Umbreon
|-damage|p2a: Umbreon|73/100
|
|-heal|p1a: Aegislash|26/100|[from] item: Leftovers
|upkeep
|turn|19
|
|t:|1621463790
|-formechange|p1a: Aegislash|Aegislash||[from] ability: Stance Change
|move|p1a: Aegislash|King's Shield|p1a: Aegislash
|-singleturn|p1a: Aegislash|Protect
|move|p2a: Umbreon|Wish|p2a: Umbreon
|
|-heal|p1a: Aegislash|32/100|[from] item: Leftovers
|upkeep
|turn|20
|
|t:|1621463799
|switch|p1a: Moltres|Moltres|100/100
|-ability|p1a: Moltres|Pressure
|move|p2a: Umbreon|Foul Play|p1a: Moltres
|-damage|p1a: Moltres|71/100
|
|-heal|p2a: Umbreon|100/100|[from] move: Wish|[wisher] Umbreon
|upkeep
|turn|21
|j| SO GIMMICK
|
|t:|1621463812
|move|p1a: Moltres|Hurricane|p2a: Umbreon|[miss]
|-miss|p1a: Moltres|p2a: Umbreon
|move|p2a: Umbreon|Wish|p2a: Umbreon
|
|upkeep
|turn|22
|
|t:|1621463822
|move|p1a: Moltres|Hurricane|p2a: Umbreon|[miss]
|-miss|p1a: Moltres|p2a: Umbreon
|move|p2a: Umbreon|Foul Play|p1a: Moltres
|-damage|p1a: Moltres|42/100
|
|upkeep
|turn|23
|l|%Specs
|
|t:|1621463830
|move|p1a: Moltres|Roost|p1a: Moltres
|-heal|p1a: Moltres|92/100
|-singleturn|p1a: Moltres|move: Roost
|move|p2a: Umbreon|Foul Play|p1a: Moltres
|-damage|p1a: Moltres|64/100
|
|upkeep
|turn|24
|
|t:|1621463838
|switch|p2a: Chansey|Chansey, F|75/100
|-damage|p2a: Chansey|62/100|[from] Stealth Rock
|move|p1a: Moltres|Flamethrower|p2a: Chansey
|-damage|p2a: Chansey|40/100
|-status|p2a: Chansey|brn
|
|-damage|p2a: Chansey|34/100 brn|[from] brn
|upkeep
|turn|25
|c|☆UULT81x unjust|if i die to cane now
|c|☆UULT81x unjust|q46j233ju7k
|
|t:|1621463857
|switch|p1a: Mamoswine|Mamoswine, M|100/100
|-damage|p1a: Mamoswine|88/100|[from] Stealth Rock
|move|p2a: Chansey|Soft-Boiled|p2a: Chansey
|-heal|p2a: Chansey|84/100 brn
|
|-damage|p2a: Chansey|78/100 brn|[from] brn
|upkeep
|turn|26
|
|t:|1621463865
|-curestatus|p2a: Chansey|brn|[from] ability: Natural Cure
|switch|p2a: Pyukumuku|Pyukumuku, F|100/100
|move|p1a: Mamoswine|Earthquake|p2a: Pyukumuku
|-damage|p2a: Pyukumuku|44/100
|
|upkeep
|turn|27
|c|☆UULT81x unjust|and its cb
|c|☆UULT81x unjust|the ff button
|c|☆UULT81x unjust|looking tempting
|c|☆itsjustdrew2☆|bro
|c|☆itsjustdrew2☆|calm yourself
|c|☆itsjustdrew2☆|and play
|inactive|UULT81x unjust has 120 seconds left.
|j| FU SHUN HA
|
|t:|1621463907
|switch|p1a: Keldeo|Keldeo-Resolute|100/100
|-damage|p1a: Keldeo|94/100|[from] Stealth Rock
|move|p2a: Pyukumuku|Recover|p2a: Pyukumuku
|-heal|p2a: Pyukumuku|94/100
|
|upkeep
|turn|28
|
|t:|1621463923
|move|p1a: Keldeo|Flip Turn|p2a: Pyukumuku
|-resisted|p2a: Pyukumuku
|-damage|p2a: Pyukumuku|89/100
|
|t:|1621463929
|switch|p1a: Tangrowth|Tangrowth, M|100/100|[from]move: Flip Turn
|-damage|p1a: Tangrowth|88/100|[from] Stealth Rock
|move|p2a: Pyukumuku|Recover|p2a: Pyukumuku
|-heal|p2a: Pyukumuku|100/100
|
|upkeep
|turn|29
|
|t:|1621463934
|switch|p2a: Amoonguss|Amoonguss, F|78/100
|move|p1a: Tangrowth|Knock Off|p2a: Amoonguss
|-damage|p2a: Amoonguss|60/100
|-enditem|p2a: Amoonguss|Heavy-Duty Boots|[from] move: Knock Off|[of] p1a: Tangrowth
|
|upkeep
|turn|30
|
|t:|1621463946
|switch|p1a: Nihilego|Nihilego|80/100
|-damage|p1a: Nihilego|67/100|[from] Stealth Rock
|move|p2a: Amoonguss|Giga Drain|p1a: Nihilego
|-damage|p1a: Nihilego|49/100
|-heal|p2a: Amoonguss|68/100|[from] drain|[of] p1a: Nihilego
|
|-heal|p1a: Nihilego|55/100|[from] item: Black Sludge
|upkeep
|turn|31
|
|t:|1621463955
|switch|p2a: Chansey|Chansey, F|78/100
|-damage|p2a: Chansey|65/100|[from] Stealth Rock
|move|p1a: Nihilego|Power Gem|p2a: Chansey
|-damage|p2a: Chansey|46/100
|
|-heal|p1a: Nihilego|61/100|[from] item: Black Sludge
|upkeep
|turn|32
|
|t:|1621463960
|switch|p1a: Mamoswine|Mamoswine, M|88/100
|-damage|p1a: Mamoswine|76/100|[from] Stealth Rock
|move|p2a: Chansey|Soft-Boiled|p2a: Chansey
|-heal|p2a: Chansey|96/100
|
|upkeep
|turn|33
|
|t:|1621463971
|switch|p2a: Pyukumuku|Pyukumuku, F|100/100
|move|p1a: Mamoswine|Knock Off|p2a: Pyukumuku
|-damage|p2a: Pyukumuku|63/100
|-enditem|p2a: Pyukumuku|Heavy-Duty Boots|[from] move: Knock Off|[of] p1a: Mamoswine
|
|upkeep
|turn|34
|
|t:|1621463979
|switch|p1a: Tangrowth|Tangrowth, M|100/100
|-damage|p1a: Tangrowth|88/100|[from] Stealth Rock
|move|p2a: Pyukumuku|Recover|p2a: Pyukumuku
|-heal|p2a: Pyukumuku|100/100
|
|upkeep
|turn|35
|l| SO GIMMICK
|
|t:|1621463989
|switch|p1a: Mamoswine|Mamoswine, M|76/100
|-damage|p1a: Mamoswine|63/100|[from] Stealth Rock
|move|p2a: Pyukumuku|Toxic|p1a: Mamoswine|[miss]
|-miss|p2a: Pyukumuku|p1a: Mamoswine
|
|upkeep
|turn|36
|c|☆UULT81x unjust|ok dont tell me to calm down now
|c|☆itsjustdrew2☆|yeah sey
|c|☆itsjustdrew2☆|sry
|
|t:|1621464018
|move|p1a: Mamoswine|Earthquake|p2a: Pyukumuku
|-damage|p2a: Pyukumuku|45/100
|move|p2a: Pyukumuku|Soak|p1a: Mamoswine
|-start|p1a: Mamoswine|typechange|Water
|
|upkeep
|turn|37
|
|t:|1621464025
|move|p1a: Mamoswine|Earthquake|p2a: Pyukumuku
|-damage|p2a: Pyukumuku|6/100
|move|p2a: Pyukumuku|Recover|p2a: Pyukumuku
|-heal|p2a: Pyukumuku|56/100
|
|upkeep
|turn|38
|
|t:|1621464034
|switch|p1a: Aegislash|Aegislash, F|32/100
|-damage|p1a: Aegislash|26/100|[from] Stealth Rock
|move|p2a: Pyukumuku|Recover|p2a: Pyukumuku
|-heal|p2a: Pyukumuku|100/100
|
|-heal|p1a: Aegislash|32/100|[from] item: Leftovers
|upkeep
|turn|39
|
|t:|1621464044
|switch|p2a: Umbreon|Umbreon, M|100/100
|-formechange|p1a: Aegislash|Aegislash-Blade||[from] ability: Stance Change
|move|p1a: Aegislash|Flash Cannon|p2a: Umbreon
|-damage|p2a: Umbreon|80/100
|
|-heal|p1a: Aegislash|38/100|[from] item: Leftovers
|upkeep
|turn|40
|
|t:|1621464058
|switch|p1a: Moltres|Moltres|64/100
|-ability|p1a: Moltres|Pressure
|move|p2a: Umbreon|Wish|p2a: Umbreon
|
|upkeep
|turn|41
|
|t:|1621464066
|switch|p2a: Salamence|Salamence, M|100/100
|-ability|p2a: Salamence|Intimidate|boost
|-unboost|p1a: Moltres|atk|1
|move|p1a: Moltres|Hurricane|p2a: Salamence
|-crit|p2a: Salamence
|-damage|p2a: Salamence|11/100
|
|-heal|p2a: Salamence|61/100|[from] move: Wish|[wisher] Umbreon
|upkeep
|turn|42
|j| plunder
|
|t:|1621464086
|switch|p2a: Chansey|Chansey, F|96/100
|-damage|p2a: Chansey|84/100|[from] Stealth Rock
|move|p1a: Moltres|Hurricane|p2a: Chansey
|-damage|p2a: Chansey|56/100
|-start|p2a: Chansey|confusion
|
|upkeep
|turn|43
|l| plunder
|
|t:|1621464096
|switch|p1a: Mamoswine|Mamoswine, M|63/100
|-damage|p1a: Mamoswine|51/100|[from] Stealth Rock
|-activate|p2a: Chansey|confusion
|move|p2a: Chansey|Soft-Boiled|p2a: Chansey
|-heal|p2a: Chansey|100/100
|
|upkeep
|turn|44
|inactive|UULT81x unjust has 120 seconds left.
|
|t:|1621464153
|switch|p2a: Pyukumuku|Pyukumuku, F|100/100
|-damage|p2a: Pyukumuku|88/100|[from] Stealth Rock
|move|p1a: Mamoswine|Earthquake|p2a: Pyukumuku
|-damage|p2a: Pyukumuku|32/100
|
|upkeep
|turn|45
|
|t:|1621464162
|switch|p2a: Salamence|Salamence, M|61/100
|-ability|p2a: Salamence|Intimidate|boost
|-fail|p1a: Mamoswine|unboost|Attack|[from] ability: Oblivious|[of] p1a: Mamoswine
|move|p1a: Mamoswine|Earthquake|p2a: Salamence
|-immune|p2a: Salamence
|
|upkeep
|turn|46
|
|t:|1621464185
|switch|p1a: Moltres|Moltres|64/100
|-ability|p1a: Moltres|Pressure
|switch|p2a: Slowbro|Slowbro-Galar, M|100/100
|-damage|p2a: Slowbro|88/100|[from] Stealth Rock
|
|upkeep
|turn|47
|
|t:|1621464196
|switch|p2a: Umbreon|Umbreon, M|80/100
|move|p1a: Moltres|Hurricane|p2a: Umbreon
|-damage|p2a: Umbreon|48/100
|
|upkeep
|turn|48
|
|t:|1621464209
|move|p1a: Moltres|Roost|p1a: Moltres
|-heal|p1a: Moltres|100/100
|-singleturn|p1a: Moltres|move: Roost
|move|p2a: Umbreon|Wish|p2a: Umbreon
|
|upkeep
|turn|49
|
|t:|1621464214
|move|p2a: Umbreon|Protect|p2a: Umbreon
|-singleturn|p2a: Umbreon|Protect
|move|p1a: Moltres|Hurricane|p2a: Umbreon
|-activate|p2a: Umbreon|move: Protect
|
|-heal|p2a: Umbreon|98/100|[from] move: Wish|[wisher] Umbreon
|upkeep
|turn|50
|
|t:|1621464221
|switch|p1a: Keldeo|Keldeo-Resolute|94/100
|-damage|p1a: Keldeo|88/100|[from] Stealth Rock
|move|p2a: Umbreon|Wish|p2a: Umbreon
|
|upkeep
|turn|51
|
|t:|1621464232
|switch|p2a: Salamence|Salamence, M|61/100
|-ability|p2a: Salamence|Intimidate|boost
|-unboost|p1a: Keldeo|atk|1
|move|p1a: Keldeo|Air Slash|p2a: Salamence
|-damage|p2a: Salamence|22/100
|
|-heal|p2a: Salamence|72/100|[from] move: Wish|[wisher] Umbreon
|upkeep
|turn|52
|inactive|UULT81x unjust has 120 seconds left.
|
|t:|1621464262
|switch|p1a: Moltres|Moltres|100/100
|-ability|p1a: Moltres|Pressure
|switch|p2a: Slowbro|Slowbro-Galar, M|100/100
|-damage|p2a: Slowbro|88/100|[from] Stealth Rock
|
|upkeep
|turn|53
|
|t:|1621464274
|switch|p2a: Umbreon|Umbreon, M|98/100
|move|p1a: Moltres|Hurricane|p2a: Umbreon
|-damage|p2a: Umbreon|70/100
|
|upkeep
|turn|54
|
|t:|1621464292
|switch|p1a: Tangrowth|Tangrowth, M|100/100
|-damage|p1a: Tangrowth|88/100|[from] Stealth Rock
|move|p2a: Umbreon|Wish|p2a: Umbreon
|
|upkeep
|turn|55
|
|t:|1621464301
|switch|p2a: Slowbro|Slowbro-Galar, M|100/100
|-damage|p2a: Slowbro|88/100|[from] Stealth Rock
|switch|p1a: Mamoswine|Mamoswine, M|51/100
|-damage|p1a: Mamoswine|38/100|[from] Stealth Rock
|
|-heal|p2a: Slowbro|100/100|[from] move: Wish|[wisher] Umbreon
|upkeep
|turn|56
|l| FU SHUN HA
|
|t:|1621464311
|switch|p2a: Pyukumuku|Pyukumuku, F|32/100
|-damage|p2a: Pyukumuku|20/100|[from] Stealth Rock
|move|p1a: Mamoswine|Icicle Crash|p2a: Pyukumuku
|-resisted|p2a: Pyukumuku
|-damage|p2a: Pyukumuku|0 fnt
|faint|p2a: Pyukumuku
|
|upkeep
|
|t:|1621464317
|switch|p2a: Slowbro|Slowbro-Galar, M|100/100
|-damage|p2a: Slowbro|88/100|[from] Stealth Rock
|turn|57
|
|t:|1621464322
|move|p1a: Mamoswine|Icicle Crash|p2a: Slowbro|[miss]
|-miss|p1a: Mamoswine|p2a: Slowbro
|move|p2a: Slowbro|Scald|p1a: Mamoswine
|-supereffective|p1a: Mamoswine
|-damage|p1a: Mamoswine|0 fnt
|faint|p1a: Mamoswine
|
|upkeep
|
|t:|1621464328
|switch|p1a: Keldeo|Keldeo-Resolute|88/100
|-damage|p1a: Keldeo|82/100|[from] Stealth Rock
|turn|58
|
|t:|1621464346
|move|p1a: Keldeo|Air Slash|p2a: Slowbro
|-damage|p2a: Slowbro|39/100
|move|p2a: Slowbro|Sludge Bomb|p1a: Keldeo
|-damage|p1a: Keldeo|49/100
|
|upkeep
|turn|59
|l| laevin
|
|t:|1621464357
|switch|p1a: Tangrowth|Tangrowth, M|100/100
|-damage|p1a: Tangrowth|88/100|[from] Stealth Rock
|switch|p2a: Umbreon|Umbreon, M|70/100
|
|upkeep
|turn|60
|
|t:|1621464368
|switch|p2a: Slowbro|Slowbro-Galar, M|72/100
|-damage|p2a: Slowbro|60/100|[from] Stealth Rock
|move|p1a: Tangrowth|Knock Off|p2a: Slowbro
|-supereffective|p2a: Slowbro
|-enditem|p2a: Slowbro|Colbur Berry|[eat]
|-enditem|p2a: Slowbro|Colbur Berry|[weaken]
|-damage|p2a: Slowbro|45/100
|
|upkeep
|turn|61
|
|t:|1621464374
|move|p1a: Tangrowth|Earthquake|p2a: Slowbro
|-supereffective|p2a: Slowbro
|-damage|p2a: Slowbro|13/100
|move|p2a: Slowbro|Slack Off|p2a: Slowbro
|-heal|p2a: Slowbro|63/100
|
|upkeep
|turn|62
|
|t:|1621464386
|switch|p1a: Moltres|Moltres|100/100
|-ability|p1a: Moltres|Pressure
|move|p2a: Slowbro|Scald|p1a: Moltres
|-supereffective|p1a: Moltres
|-damage|p1a: Moltres|53/100
|
|upkeep
|turn|63
|
|t:|1621464396
|switch|p2a: Umbreon|Umbreon, M|70/100
|move|p1a: Moltres|Roost|p1a: Moltres
|-heal|p1a: Moltres|100/100
|-singleturn|p1a: Moltres|move: Roost
|
|upkeep
|turn|64
|
|t:|1621464403
|switch|p1a: Keldeo|Keldeo-Resolute|49/100
|-damage|p1a: Keldeo|43/100|[from] Stealth Rock
|move|p2a: Umbreon|Wish|p2a: Umbreon
|
|upkeep
|turn|65
|
|t:|1621464408
|move|p2a: Umbreon|Protect|p2a: Umbreon
|-singleturn|p2a: Umbreon|Protect
|move|p1a: Keldeo|Scald|p2a: Umbreon
|-activate|p2a: Umbreon|move: Protect
|
|-heal|p2a: Umbreon|100/100|[from] move: Wish|[wisher] Umbreon
|upkeep
|turn|66
|
|t:|1621464420
|move|p1a: Keldeo|Scald|p2a: Umbreon
|-damage|p2a: Umbreon|71/100
|-status|p2a: Umbreon|brn
|move|p2a: Umbreon|Foul Play|p1a: Keldeo
|-resisted|p1a: Keldeo
|-damage|p1a: Keldeo|36/100
|-ability|p1a: Keldeo|Justified|boost
|-boost|p1a: Keldeo|atk|1
|
|-damage|p2a: Umbreon|64/100 brn|[from] brn
|upkeep
|turn|67
|
|t:|1621464428
|move|p1a: Keldeo|Scald|p2a: Umbreon
|-damage|p2a: Umbreon|33/100 brn
|move|p2a: Umbreon|Wish|p2a: Umbreon
|
|-damage|p2a: Umbreon|27/100 brn|[from] brn
|upkeep
|turn|68
|
|t:|1621464439
|move|p2a: Umbreon|Protect|p2a: Umbreon
|-singleturn|p2a: Umbreon|Protect
|move|p1a: Keldeo|Scald|p2a: Umbreon
|-activate|p2a: Umbreon|move: Protect
|
|-heal|p2a: Umbreon|77/100 brn|[from] move: Wish|[wisher] Umbreon
|-damage|p2a: Umbreon|71/100 brn|[from] brn
|upkeep
|turn|69
|
|t:|1621464442
|move|p1a: Keldeo|Scald|p2a: Umbreon
|-damage|p2a: Umbreon|37/100 brn
|move|p2a: Umbreon|Wish|p2a: Umbreon
|
|-damage|p2a: Umbreon|30/100 brn|[from] brn
|upkeep
|turn|70
|
|t:|1621464447
|move|p2a: Umbreon|Protect|p2a: Umbreon
|-singleturn|p2a: Umbreon|Protect
|move|p1a: Keldeo|Scald|p2a: Umbreon
|-activate|p2a: Umbreon|move: Protect
|
|-heal|p2a: Umbreon|80/100 brn|[from] move: Wish|[wisher] Umbreon
|-damage|p2a: Umbreon|74/100 brn|[from] brn
|upkeep
|turn|71
|
|t:|1621464454
|switch|p2a: Chansey|Chansey, F|100/100
|-damage|p2a: Chansey|88/100|[from] Stealth Rock
|move|p1a: Keldeo|Scald|p2a: Chansey
|-damage|p2a: Chansey|62/100
|-status|p2a: Chansey|brn
|
|-damage|p2a: Chansey|55/100 brn|[from] brn
|upkeep
|turn|72
|
|t:|1621464464
|switch|p1a: Aegislash|Aegislash, F|38/100
|-damage|p1a: Aegislash|32/100|[from] Stealth Rock
|move|p2a: Chansey|Soft-Boiled|p2a: Chansey
|-heal|p2a: Chansey|100/100 brn
|
|-heal|p1a: Aegislash|38/100|[from] item: Leftovers
|-damage|p2a: Chansey|94/100 brn|[from] brn
|upkeep
|turn|73
|
|t:|1621464473
|-curestatus|p2a: Chansey|brn|[from] ability: Natural Cure
|switch|p2a: Amoonguss|Amoonguss, F|100/100
|-damage|p2a: Amoonguss|88/100|[from] Stealth Rock
|-formechange|p1a: Aegislash|Aegislash-Blade||[from] ability: Stance Change
|move|p1a: Aegislash|Flash Cannon|p2a: Amoonguss
|-damage|p2a: Amoonguss|50/100
|
|-heal|p1a: Aegislash|44/100|[from] item: Leftovers
|upkeep
|turn|74
|
|t:|1621464480
|switch|p2a: Umbreon|Umbreon, M|74/100 brn
|move|p1a: Aegislash|Flash Cannon|p2a: Umbreon
|-damage|p2a: Umbreon|51/100 brn
|
|-heal|p1a: Aegislash|50/100|[from] item: Leftovers
|-damage|p2a: Umbreon|45/100 brn|[from] brn
|upkeep
|turn|75
|inactive|itsjustdrew2☆ has 120 seconds left.
|
|t:|1621464512
|switch|p1a: Moltres|Moltres|100/100
|-ability|p1a: Moltres|Pressure
|move|p2a: Umbreon|Wish|p2a: Umbreon
|
|-damage|p2a: Umbreon|39/100 brn|[from] brn
|upkeep
|turn|76
|inactive|UULT81x unjust has 120 seconds left.
|
|t:|1621464546
|switch|p1a: Tangrowth|Tangrowth, M|100/100
|-damage|p1a: Tangrowth|88/100|[from] Stealth Rock
|move|p2a: Umbreon|Heal Bell|p2a: Umbreon
|-activate|p2a: Umbreon|move: Heal Bell
|-curestatus|p2a: Umbreon|brn|[msg]
|
|-heal|p2a: Umbreon|89/100|[from] move: Wish|[wisher] Umbreon
|upkeep
|turn|77
|
|t:|1621464559
|switch|p2a: Amoonguss|Amoonguss, F|83/100
|-damage|p2a: Amoonguss|71/100|[from] Stealth Rock
|switch|p1a: Moltres|Moltres|100/100
|-ability|p1a: Moltres|Pressure
|
|upkeep
|turn|78
|
|t:|1621464563
|switch|p2a: Chansey|Chansey, F|94/100
|-damage|p2a: Chansey|82/100|[from] Stealth Rock
|move|p1a: Moltres|Flamethrower|p2a: Chansey
|-damage|p2a: Chansey|59/100
|
|upkeep
|turn|79
|
|t:|1621464568
|switch|p1a: Aegislash|Aegislash, F|50/100
|-damage|p1a: Aegislash|44/100|[from] Stealth Rock
|move|p2a: Chansey|Soft-Boiled|p2a: Chansey
|-heal|p2a: Chansey|100/100
|
|-heal|p1a: Aegislash|50/100|[from] item: Leftovers
|upkeep
|turn|80
|
|t:|1621464575
|switch|p1a: Moltres|Moltres|100/100
|-ability|p1a: Moltres|Pressure
|switch|p2a: Umbreon|Umbreon, M|89/100
|
|upkeep
|turn|81
|
|t:|1621464582
|move|p2a: Umbreon|Protect|p2a: Umbreon
|-singleturn|p2a: Umbreon|Protect
|move|p1a: Moltres|Flamethrower|p2a: Umbreon
|-activate|p2a: Umbreon|move: Protect
|
|upkeep
|turn|82
|j| 467 11 11p
|
|t:|1621464587
|move|p1a: Moltres|Flamethrower|p2a: Umbreon
|-damage|p2a: Umbreon|63/100
|move|p2a: Umbreon|Foul Play|p1a: Moltres
|-damage|p1a: Moltres|69/100
|
|upkeep
|turn|83
|
|t:|1621464593
|move|p1a: Moltres|Flamethrower|p2a: Umbreon
|-damage|p2a: Umbreon|41/100
|move|p2a: Umbreon|Wish|p2a: Umbreon
|
|upkeep
|turn|84
|l| 467 11 11p
|
|t:|1621464598
|move|p1a: Moltres|Flamethrower|p2a: Umbreon
|-damage|p2a: Umbreon|15/100
|move|p2a: Umbreon|Foul Play|p1a: Moltres
|-damage|p1a: Moltres|38/100
|
|-heal|p2a: Umbreon|65/100|[from] move: Wish|[wisher] Umbreon
|upkeep
|turn|85
|
|t:|1621464602
|move|p1a: Moltres|Roost|p1a: Moltres
|-heal|p1a: Moltres|88/100
|-singleturn|p1a: Moltres|move: Roost
|move|p2a: Umbreon|Wish|p2a: Umbreon
|
|upkeep
|turn|86
|
|t:|1621464608
|move|p2a: Umbreon|Protect|p2a: Umbreon
|-singleturn|p2a: Umbreon|Protect
|move|p1a: Moltres|Flamethrower|p2a: Umbreon
|-activate|p2a: Umbreon|move: Protect
|
|-heal|p2a: Umbreon|100/100|[from] move: Wish|[wisher] Umbreon
|upkeep
|turn|87
|
|t:|1621464614
|switch|p1a: Tangrowth|Tangrowth, M|100/100
|-damage|p1a: Tangrowth|88/100|[from] Stealth Rock
|switch|p2a: Chansey|Chansey, F|100/100
|-damage|p2a: Chansey|88/100|[from] Stealth Rock
|
|upkeep
|turn|88
|
|t:|1621464633
|switch|p2a: Amoonguss|Amoonguss, F|100/100
|-damage|p2a: Amoonguss|88/100|[from] Stealth Rock
|switch|p1a: Aegislash|Aegislash, F|50/100
|-damage|p1a: Aegislash|44/100|[from] Stealth Rock
|
|-heal|p1a: Aegislash|50/100|[from] item: Leftovers
|upkeep
|turn|89
|
|t:|1621464645
|move|p1a: Aegislash|King's Shield|p1a: Aegislash
|-singleturn|p1a: Aegislash|Protect
|move|p2a: Amoonguss|Foul Play|p1a: Aegislash
|-activate|p1a: Aegislash|move: Protect
|-unboost|p2a: Amoonguss|atk|1
|
|-heal|p1a: Aegislash|57/100|[from] item: Leftovers
|upkeep
|turn|90
|
|t:|1621464652
|switch|p1a: Tangrowth|Tangrowth, M|100/100
|-damage|p1a: Tangrowth|88/100|[from] Stealth Rock
|move|p2a: Amoonguss|Sludge Bomb|p1a: Tangrowth
|-supereffective|p1a: Tangrowth
|-damage|p1a: Tangrowth|58/100
|-status|p1a: Tangrowth|psn
|
|-damage|p1a: Tangrowth|46/100 psn|[from] psn
|upkeep
|turn|91
|l| Can’tFight
|
|t:|1621464660
|switch|p1a: Aegislash|Aegislash, F|57/100
|-damage|p1a: Aegislash|50/100|[from] Stealth Rock
|move|p2a: Amoonguss|Foul Play|p1a: Aegislash
|-supereffective|p1a: Aegislash
|-damage|p1a: Aegislash|38/100
|
|-heal|p1a: Aegislash|44/100|[from] item: Leftovers
|upkeep
|turn|92
|
|t:|1621464666
|switch|p1a: Tangrowth|Tangrowth, M|79/100 psn
|-damage|p1a: Tangrowth|66/100 psn|[from] Stealth Rock
|move|p2a: Amoonguss|Foul Play|p1a: Tangrowth
|-damage|p1a: Tangrowth|52/100 psn
|
|-damage|p1a: Tangrowth|40/100 psn|[from] psn
|upkeep
|turn|93
|
|t:|1621464669
|switch|p1a: Aegislash|Aegislash, F|44/100
|-damage|p1a: Aegislash|38/100|[from] Stealth Rock
|move|p2a: Amoonguss|Foul Play|p1a: Aegislash
|-supereffective|p1a: Aegislash
|-damage|p1a: Aegislash|26/100
|
|-heal|p1a: Aegislash|32/100|[from] item: Leftovers
|upkeep
|turn|94
|
|t:|1621464673
|move|p1a: Aegislash|King's Shield|p1a: Aegislash
|-singleturn|p1a: Aegislash|Protect
|move|p2a: Amoonguss|Sludge Bomb|p1a: Aegislash
|-activate|p1a: Aegislash|move: Protect
|
|-heal|p1a: Aegislash|38/100|[from] item: Leftovers
|upkeep
|turn|95
|
|t:|1621464678
|switch|p1a: Moltres|Moltres|88/100
|-ability|p1a: Moltres|Pressure
|move|p2a: Amoonguss|Foul Play|p1a: Moltres
|-damage|p1a: Moltres|68/100
|
|upkeep
|turn|96
|
|t:|1621464692
|switch|p2a: Umbreon|Umbreon, M|100/100
|move|p1a: Moltres|Flamethrower|p2a: Umbreon
|-damage|p2a: Umbreon|78/100
|
|upkeep
|turn|97
|
|t:|1621464703
|switch|p1a: Tangrowth|Tangrowth, M|73/100 psn
|-damage|p1a: Tangrowth|60/100 psn|[from] Stealth Rock
|move|p2a: Umbreon|Protect||[still]
|-fail|p2a: Umbreon
|
|-damage|p1a: Tangrowth|48/100 psn|[from] psn
|upkeep
|turn|98
|
|t:|1621464709
|switch|p1a: Moltres|Moltres|68/100
|-ability|p1a: Moltres|Pressure
|move|p2a: Umbreon|Foul Play|p1a: Moltres
|-damage|p1a: Moltres|40/100
|
|upkeep
|turn|99
|
|t:|1621464717
|move|p1a: Moltres|Flamethrower|p2a: Umbreon
|-damage|p2a: Umbreon|55/100
|-status|p2a: Umbreon|brn
|move|p2a: Umbreon|Wish|p2a: Umbreon
|
|-damage|p2a: Umbreon|49/100 brn|[from] brn
|upkeep
|turn|100
|
|t:|1621464727
|switch|p1a: Tangrowth|Tangrowth, M|81/100 psn
|-damage|p1a: Tangrowth|69/100 psn|[from] Stealth Rock
|move|p2a: Umbreon|Heal Bell|p2a: Umbreon
|-activate|p2a: Umbreon|move: Heal Bell
|-curestatus|p2a: Umbreon|brn|[msg]
|
|-heal|p2a: Umbreon|99/100|[from] move: Wish|[wisher] Umbreon
|-damage|p1a: Tangrowth|56/100 psn|[from] psn
|upkeep
|turn|101
|
|t:|1621464734
|switch|p2a: Slowbro|Slowbro-Galar, M|96/100
|-damage|p2a: Slowbro|84/100|[from] Stealth Rock
|switch|p1a: Moltres|Moltres|40/100
|-ability|p1a: Moltres|Pressure
|
|upkeep
|turn|102
|
|t:|1621464739
|move|p1a: Moltres|Roost|p1a: Moltres
|-heal|p1a: Moltres|90/100
|-singleturn|p1a: Moltres|move: Roost
|move|p2a: Slowbro|Sludge Bomb|p1a: Moltres
|-damage|p1a: Moltres|50/100
|-status|p1a: Moltres|psn
|
|-damage|p1a: Moltres|38/100 psn|[from] psn
|upkeep
|turn|103
|
|t:|1621464745
|switch|p2a: Umbreon|Umbreon, M|99/100
|move|p1a: Moltres|Hurricane|p2a: Umbreon
|-damage|p2a: Umbreon|70/100
|-start|p2a: Umbreon|confusion
|
|-damage|p1a: Moltres|25/100 psn|[from] psn
|upkeep
|turn|104
|
|t:|1621464751
|move|p1a: Moltres|Roost|p1a: Moltres
|-heal|p1a: Moltres|75/100 psn
|-singleturn|p1a: Moltres|move: Roost
|-activate|p2a: Umbreon|confusion
|move|p2a: Umbreon|Wish|p2a: Umbreon
|
|-damage|p1a: Moltres|63/100 psn|[from] psn
|upkeep
|turn|105
|c|☆itsjustdrew2☆|gg
|-message|itsjustdrew2☆ forfeited.
|
|win|UULT81x unjust
|raw|itsjustdrew2☆'s rating: 1571 &rarr; <strong>1551</strong><br />(-20 for losing)
|raw|UULT81x unjust's rating: 1572 &rarr; <strong>1592</strong><br />(+20 for winning)
|c|☆UULT81x unjust|gg
|l|☆itsjustdrew2☆
||Ladder isn't responding, score probably updated but might not have (Request timeout).
