|j|☆Hylia Aria
|j|☆bioche80
|t:|1610214762
|player|p1|Hylia Aria|darach|1431
|player|p2|bioche80|palmer|1324
|teamsize|p1|6
|teamsize|p2|6
|gametype|singles
|gen|8
|tier|[Gen 8] UU
|rated|
|clearpoke
|poke|p1|Primarina, F|
|poke|p1|Rhyperior, M|
|poke|p1|Scizor, M|
|poke|p1|Latias, F|
|poke|p1|Tangrowth, M|
|poke|p1|Tentacruel, F|
|poke|p2|Scizor, F|
|poke|p2|Slowbro-Galar, M|
|poke|p2|Mamoswine, F|
|poke|p2|Kommo-o, F|
|poke|p2|Amoonguss, F|
|poke|p2|Zeraora|
|rule|Sleep Clause Mod: Limit one foe put to sleep
|rule|Species Clause: Limit one of each Pokémon
|rule|OHKO Clause: OHKO moves are banned
|rule|Evasion Moves Clause: Evasion moves are banned
|rule|Endless Battle Clause: Forcing endless battles is banned
|rule|HP Percentage Mod: HP is shown in percentages
|rule|Dynamax Clause: You cannot dynamax
|teampreview
|
|t:|1610214779
|start
|switch|p1a: Hetsu|Tangrowth, M|100/100
|switch|p2a: Amoonguss|Amoonguss, F|100/100
|turn|1
|
|t:|1610214785
|move|p1a: Hetsu|Knock Off|p2a: Amoonguss
|-damage|p2a: Amoonguss|82/100
|-damage|p1a: Hetsu|84/100|[from] item: Rocky Helmet|[of] p2a: Amoonguss
|-enditem|p2a: Amoonguss|Rocky Helmet|[from] move: Knock Off|[of] p1a: Hetsu
|move|p2a: Amoonguss|Sludge Bomb|p1a: Hetsu
|-supereffective|p1a: Hetsu
|-damage|p1a: Hetsu|10/100
|
|-heal|p1a: Hetsu|16/100|[from] item: Leftovers
|upkeep
|turn|2
|
|t:|1610214801
|switch|p1a: Kalypso|Tentacruel, F, shiny|100/100
|move|p2a: Amoonguss|Spore|p1a: Kalypso
|-status|p1a: Kalypso|slp|[from] move: Spore
|
|upkeep
|turn|3
|
|t:|1610214814
|switch|p1a: Masamune|Scizor, M|100/100
|switch|p2a: Scizor|Scizor, F|100/100
|
|upkeep
|turn|4
|c|☆bioche80|chrono triger
|c|☆Hylia Aria|ah?
|
|t:|1610214855
|move|p2a: Scizor|U-turn|p1a: Masamune
|-resisted|p1a: Masamune
|-damage|p1a: Masamune|73/100
|c|☆bioche80|i love chrono trigger best rpg snes
|
|t:|1610214866
|switch|p2a: Amoonguss|Amoonguss, F|100/100|[from]move: U-turn
|move|p1a: Masamune|Knock Off|p2a: Amoonguss
|-damage|p2a: Amoonguss|82/100
|
|upkeep
|turn|5
|c|☆Hylia Aria|I dont know what that is
|
|t:|1610214883
|switch|p2a: Kommo-o|Kommo-o, F|100/100
|move|p1a: Masamune|Roost|p1a: Masamune
|-heal|p1a: Masamune|100/100
|-singleturn|p1a: Masamune|move: Roost
|
|upkeep
|turn|6
|
|t:|1610214890
|switch|p1a: Nereides|Primarina, F, shiny|100/100
|move|p2a: Kommo-o|Stealth Rock|p1a: Nereides
|-sidestart|p1: Hylia Aria|move: Stealth Rock
|
|upkeep
|turn|7
|
|t:|1610214898
|switch|p2a: un amour|Slowbro-Galar, M, shiny|100/100
|move|p1a: Nereides|Psychic|p2a: un amour
|-damage|p2a: un amour|70/100
|
|upkeep
|turn|8
|
|t:|1610214909
|switch|p1a: Masamune|Scizor, M|100/100
|-damage|p1a: Masamune|88/100|[from] Stealth Rock
|move|p2a: un amour|Shell Side Arm|p1a: Masamune
|-immune|p1a: Masamune
|
|upkeep
|turn|9
|
|t:|1610214918
|switch|p2a: Amoonguss|Amoonguss, F|100/100
|move|p1a: Masamune|Knock Off|p2a: Amoonguss
|-crit|p2a: Amoonguss
|-damage|p2a: Amoonguss|75/100
|
|upkeep
|turn|10
|
|t:|1610214934
|switch|p1a: Nereides|Primarina, F, shiny|100/100
|-damage|p1a: Nereides|88/100|[from] Stealth Rock
|move|p2a: Amoonguss|Giga Drain|p1a: Nereides
|-supereffective|p1a: Nereides
|-crit|p1a: Nereides
|-damage|p1a: Nereides|22/100
|-heal|p2a: Amoonguss|98/100|[from] drain|[of] p1a: Nereides
|
|upkeep
|turn|11
|
|t:|1610214942
|move|p1a: Nereides|Psychic|p2a: Amoonguss
|-supereffective|p2a: Amoonguss
|-damage|p2a: Amoonguss|15/100
|-unboost|p2a: Amoonguss|spd|1
|move|p2a: Amoonguss|Giga Drain|p1a: Nereides
|-supereffective|p1a: Nereides
|-damage|p1a: Nereides|0 fnt
|-heal|p2a: Amoonguss|22/100|[from] drain|[of] p1a: Nereides
|faint|p1a: Nereides
|
|upkeep
|
|t:|1610214949
|switch|p1a: Misty|Latias, F, shiny|100/100
|-damage|p1a: Misty|88/100|[from] Stealth Rock
|turn|12
|
|t:|1610214959
|switch|p2a: Scizor|Scizor, F|100/100
|move|p1a: Misty|Trick|p2a: Scizor
|-activate|p1a: Misty|move: Trick|[of] p2a: Scizor
|-item|p2a: Scizor|Choice Scarf|[from] move: Trick
|-item|p1a: Misty|Choice Band|[from] move: Trick
|
|upkeep
|turn|13
|
|t:|1610214966
|switch|p1a: Kalypso|Tentacruel, F, shiny|100/100 slp
|-damage|p1a: Kalypso|88/100 slp|[from] Stealth Rock
|move|p2a: Scizor|U-turn|p1a: Kalypso
|-resisted|p1a: Kalypso
|-damage|p1a: Kalypso|65/100 slp
|
|t:|1610214978
|switch|p2a: Mamoswine|Mamoswine, F|100/100|[from]move: U-turn
|
|-heal|p1a: Kalypso|71/100 slp|[from] item: Black Sludge
|upkeep
|turn|14
|
|t:|1610214996
|move|p2a: Mamoswine|Knock Off|p1a: Kalypso
|-damage|p1a: Kalypso|12/100 slp
|-enditem|p1a: Kalypso|Black Sludge|[from] move: Knock Off|[of] p2a: Mamoswine
|-damage|p2a: Mamoswine|91/100|[from] item: Life Orb
|cant|p1a: Kalypso|slp
|
|upkeep
|turn|15
|
|t:|1610215003
|move|p2a: Mamoswine|Ice Shard|p1a: Kalypso
|-resisted|p1a: Kalypso
|-crit|p1a: Kalypso
|-damage|p1a: Kalypso|0 fnt
|-damage|p2a: Mamoswine|81/100|[from] item: Life Orb
|faint|p1a: Kalypso
|
|upkeep
|
|t:|1610215006
|switch|p1a: Masamune|Scizor, M|88/100
|-damage|p1a: Masamune|75/100|[from] Stealth Rock
|turn|16
|
|t:|1610215015
|switch|p2a: Kommo-o|Kommo-o, F|100/100
|move|p1a: Masamune|Knock Off|p2a: Kommo-o
|-resisted|p2a: Kommo-o
|-damage|p2a: Kommo-o|89/100
|-enditem|p2a: Kommo-o|Leftovers|[from] move: Knock Off|[of] p1a: Masamune
|
|upkeep
|turn|17
|
|t:|1610215030
|switch|p2a: un amour|Slowbro-Galar, M, shiny|100/100
|switch|p1a: Misty|Latias, F, shiny|88/100
|-damage|p1a: Misty|76/100|[from] Stealth Rock
|
|upkeep
|turn|18
|j| Bianca the Girl
|
|t:|1610215038
|move|p1a: Misty|Trick|p2a: un amour
|-activate|p1a: Misty|move: Trick|[of] p2a: un amour
|-item|p2a: un amour|Choice Band|[from] move: Trick
|-item|p1a: Misty|Assault Vest|[from] move: Trick
|move|p2a: un amour|Future Sight|p1a: Misty
|-start|p2a: un amour|move: Future Sight
|
|upkeep
|turn|19
|l| Bianca the Girl
|
|t:|1610215045
|switch|p2a: Scizor|Scizor, F|100/100
|move|p1a: Misty|Thunderbolt|p2a: Scizor
|-damage|p2a: Scizor|67/100
|
|upkeep
|turn|20
|
|t:|1610215056
|move|p1a: Misty|Thunderbolt|p2a: Scizor
|-damage|p2a: Scizor|33/100
|move|p2a: Scizor|U-turn|p1a: Misty
|-supereffective|p1a: Misty
|-damage|p1a: Misty|0 fnt
|faint|p1a: Misty
|
|t:|1610215067
|switch|p2a: Mamoswine|Mamoswine, F|81/100|[from]move: U-turn
|
|-hint|Future Sight did not hit because the target is fainted.
|upkeep
|
|t:|1610215070
|switch|p1a: Masamune|Scizor, M|75/100
|-damage|p1a: Masamune|63/100|[from] Stealth Rock
|turn|21
|
|t:|1610215077
|switch|p2a: Amoonguss|Amoonguss, F|55/100
|move|p1a: Masamune|Roost|p1a: Masamune
|-heal|p1a: Masamune|100/100
|-singleturn|p1a: Masamune|move: Roost
|
|upkeep
|turn|22
|
|t:|1610215087
|switch|p1a: Baoba|Rhyperior, M|100/100
|-damage|p1a: Baoba|94/100|[from] Stealth Rock
|move|p2a: Amoonguss|Spore|p1a: Baoba
|-status|p1a: Baoba|slp|[from] move: Spore
|
|-heal|p1a: Baoba|100/100 slp|[from] item: Leftovers
|upkeep
|turn|23
|
|t:|1610215095
|switch|p1a: Masamune|Scizor, M|100/100
|-damage|p1a: Masamune|88/100|[from] Stealth Rock
|move|p2a: Amoonguss|Giga Drain|p1a: Masamune
|-resisted|p1a: Masamune
|-damage|p1a: Masamune|81/100
|-heal|p2a: Amoonguss|58/100|[from] drain|[of] p1a: Masamune
|
|upkeep
|turn|24
|
|t:|1610215105
|switch|p2a: un amour|Slowbro-Galar, M, shiny|100/100
|move|p1a: Masamune|Swords Dance|p1a: Masamune
|-boost|p1a: Masamune|atk|2
|
|upkeep
|turn|25
|
|t:|1610215112
|move|p1a: Masamune|Knock Off|p2a: un amour
|-supereffective|p2a: un amour
|-damage|p2a: un amour|0 fnt
|-enditem|p2a: un amour|Choice Band|[from] move: Knock Off|[of] p1a: Masamune
|faint|p2a: un amour
|
|upkeep
|
|t:|1610215117
|switch|p2a: Kommo-o|Kommo-o, F|89/100
|turn|26
|
|t:|1610215120
|move|p1a: Masamune|Bullet Punch|p2a: Kommo-o
|-damage|p2a: Kommo-o|37/100
|move|p2a: Kommo-o|Flamethrower|p1a: Masamune
|-supereffective|p1a: Masamune
|-damage|p1a: Masamune|0 fnt
|faint|p1a: Masamune
|
|upkeep
|
|t:|1610215124
|switch|p1a: Baoba|Rhyperior, M|100/100 slp
|-damage|p1a: Baoba|94/100 slp|[from] Stealth Rock
|turn|27
|
|t:|1610215134
|switch|p2a: Amoonguss|Amoonguss, F|91/100
|cant|p1a: Baoba|slp
|
|-heal|p1a: Baoba|100/100 slp|[from] item: Leftovers
|upkeep
|turn|28
|
|t:|1610215140
|cant|p1a: Baoba|slp
|move|p2a: Amoonguss|Giga Drain|p1a: Baoba
|-supereffective|p1a: Baoba
|-damage|p1a: Baoba|40/100 slp
|-heal|p2a: Amoonguss|100/100|[from] drain|[of] p1a: Baoba
|
|-heal|p1a: Baoba|46/100 slp|[from] item: Leftovers
|upkeep
|turn|29
|
|t:|1610215147
|-curestatus|p1a: Baoba|slp|[msg]
|move|p1a: Baoba|Stone Edge|p2a: Amoonguss|[miss]
|-miss|p1a: Baoba|p2a: Amoonguss
|move|p2a: Amoonguss|Giga Drain|p1a: Baoba
|-supereffective|p1a: Baoba
|-crit|p1a: Baoba
|-damage|p1a: Baoba|0 fnt
|faint|p1a: Baoba
|
|upkeep
|
|t:|1610215152
|switch|p1a: Hetsu|Tangrowth, M|49/100
|-damage|p1a: Hetsu|37/100|[from] Stealth Rock
|turn|30
|c|☆bioche80|gg
|c|☆Hylia Aria|gg
|
|t:|1610215160
|move|p1a: Hetsu|Sludge Bomb|p2a: Amoonguss
|-damage|p2a: Amoonguss|80/100
|move|p2a: Amoonguss|Sludge Bomb|p1a: Hetsu
|-supereffective|p1a: Hetsu
|-damage|p1a: Hetsu|0 fnt
|faint|p1a: Hetsu
|
|win|bioche80
|l|☆Hylia Aria
||Ladder (probably) updated, but score could not be retrieved (Request timeout).
