|j|☆charlemagnex
|j|☆pif
|t:|1644550583
|gametype|singles
|player|p1|charlemagnex|flannery|1466
|player|p2|pif|#uutrio2ladder|1737
|teamsize|p1|6
|teamsize|p2|6
|gen|8
|tier|[Gen 8] UU
|rated|
|rule|Sleep Clause Mod: Limit one foe put to sleep
|rule|Species Clause: Limit one of each Pokémon
|rule|OHKO Clause: OHKO moves are banned
|rule|Evasion Moves Clause: Evasion moves are banned
|rule|Endless Battle Clause: Forcing endless battles is banned
|rule|HP Percentage Mod: HP is shown in percentages
|rule|Dynamax Clause: You cannot dynamax
|clearpoke
|poke|p1|Salamence, F|
|poke|p1|Jirachi|
|poke|p1|Thundurus-Therian, M|
|poke|p1|Keldeo-Resolute|
|poke|p1|Hatterene, F|
|poke|p1|Walrein, M|
|poke|p2|Tyrantrum, M|
|poke|p2|Slowking, F|
|poke|p2|Mandibuzz, F|
|poke|p2|Zygarde-10%|
|poke|p2|Jirachi|
|poke|p2|Nihilego|
|teampreview
|inactive|Battle timer is ON: inactive players will automatically lose when time's up. (requested by charlemagnex)
|inactive|pif has 120 seconds left.
|j| klam141
|j| hariyana grande
|inactive|pif has 90 seconds left.
|c| klam141|youre a lol player at heart pif
|inactive|pif has 60 seconds left.
|c| hariyana grande|this dude is potentially getting to 1500 with walrein
|c| hariyana grande|thats so epic
|j| Permission Slip
|
|t:|1644550694
|start
|switch|p1a: Jirachi|Jirachi|100/100
|switch|p2a: king of things|Slowking, F|100/100
|turn|1
|
|t:|1644550701
|move|p1a: Jirachi|Stealth Rock|p2a: king of things
|-sidestart|p2: pif|move: Stealth Rock
|move|p2a: king of things|Scald|p1a: Jirachi
|-damage|p1a: Jirachi|75/100
|
|upkeep
|turn|2
|
|t:|1644550710
|move|p1a: Jirachi|Thunderbolt|p2a: king of things
|-supereffective|p2a: king of things
|-damage|p2a: king of things|54/100
|move|p2a: king of things|Scald|p1a: Jirachi
|-damage|p1a: Jirachi|47/100
|
|upkeep
|turn|3
|inactive|pif has 120 seconds left.
|
|t:|1644550741
|switch|p2a: srirachi jirachi|Jirachi|100/100
|-damage|p2a: srirachi jirachi|94/100|[from] Stealth Rock
|move|p1a: Jirachi|U-turn|p2a: srirachi jirachi
|-damage|p2a: srirachi jirachi|83/100
|
|t:|1644550770
|switch|p1a: Thundurus|Thundurus-Therian, M|100/100|[from]move: U-turn
|
|-heal|p2a: srirachi jirachi|89/100|[from] item: Leftovers
|upkeep
|turn|4
|c|☆pif|klam
|j| ampos
|c|☆pif|im tilted
|c|☆pif|af
|inactive|charlemagnex has 120 seconds left.
|inactive|pif has 90 seconds left.
|
|t:|1644550794
|move|p2a: srirachi jirachi|Protect|p2a: srirachi jirachi
|-singleturn|p2a: srirachi jirachi|Protect
|move|p1a: Thundurus|Thunderbolt|p2a: srirachi jirachi
|-activate|p2a: srirachi jirachi|move: Protect
|
|-heal|p2a: srirachi jirachi|95/100|[from] item: Leftovers
|upkeep
|turn|5
|c| klam141|i can tell
|inactive|charlemagnex has 120 seconds left.
|c| klam141|i smell it on the air
|c|☆pif|howd i lose to a guy who
|c|☆pif|lol'ed me
|c|☆pif|that hurt
|c|☆pif|badly
|
|t:|1644550811
|move|p1a: Thundurus|Thunderbolt|p2a: srirachi jirachi
|-damage|p2a: srirachi jirachi|52/100
|move|p2a: srirachi jirachi|U-turn|p1a: Thundurus
|-resisted|p1a: Thundurus
|-damage|p1a: Thundurus|90/100
|c| klam141|fyi
|c| hariyana grande|lol
|
|t:|1644550817
|switch|p2a: nihileggo my eggo|Nihilego|100/100|[from]move: U-turn
|-damage|p2a: nihileggo my eggo|88/100|[from] Stealth Rock
|
|-heal|p2a: nihileggo my eggo|94/100|[from] item: Black Sludge
|upkeep
|turn|6
|c| klam141|i cant hear your voice
|inactive|charlemagnex has 120 seconds left.
|c| klam141|so like
|c| klam141|should i be nice right now
|
|t:|1644550833
|switch|p1a: Keldeo|Keldeo-Resolute|100/100
|move|p2a: nihileggo my eggo|Stealth Rock|p1a: Keldeo
|-sidestart|p1: charlemagnex|move: Stealth Rock
|
|-heal|p2a: nihileggo my eggo|100/100|[from] item: Black Sludge
|upkeep
|turn|7
|c|☆pif|i always hear voices in my head
|
|t:|1644550854
|switch|p2a: king of things|Slowking, F|87/100
|-damage|p2a: king of things|74/100|[from] Stealth Rock
|move|p1a: Keldeo|Focus Blast|p2a: king of things|[miss]
|-miss|p1a: Keldeo|p2a: king of things
|
|upkeep
|turn|8
|inactive|pif has 120 seconds left.
|c|☆pif|oh mygod
|c|☆pif|the registeel prep
|inactive|charlemagnex has 90 seconds left.
|
|t:|1644550877
|switch|p1a: Hatterene|Hatterene, F|100/100
|-damage|p1a: Hatterene|88/100|[from] Stealth Rock
|move|p2a: king of things|Psychic|p1a: Hatterene
|-resisted|p1a: Hatterene
|-damage|p1a: Hatterene|73/100
|
|-heal|p1a: Hatterene|79/100|[from] item: Leftovers
|upkeep
|turn|9
|
|t:|1644550886
|move|p1a: Hatterene|Nuzzle|p2a: king of things
|-supereffective|p2a: king of things
|-damage|p2a: king of things|68/100
|-status|p2a: king of things|par
|move|p2a: king of things|Scald|p1a: Hatterene
|-damage|p1a: Hatterene|49/100
|
|-heal|p1a: Hatterene|55/100|[from] item: Leftovers
|upkeep
|turn|10
|
|t:|1644550900
|move|p1a: Hatterene|Draining Kiss|p2a: king of things
|-damage|p2a: king of things|44/100 par
|-heal|p1a: Hatterene|77/100|[from] drain|[of] p2a: king of things
|move|p2a: king of things|Teleport|p2a: king of things
|
|t:|1644550906
|switch|p2a: srirachi jirachi|Jirachi|52/100|[from]move: Teleport
|-damage|p2a: srirachi jirachi|46/100|[from] Stealth Rock
|
|-heal|p2a: srirachi jirachi|52/100|[from] item: Leftovers
|-heal|p1a: Hatterene|83/100|[from] item: Leftovers
|upkeep
|turn|11
|c| klam141|regi prep?
|
|t:|1644550921
|switch|p1a: Thundurus|Thundurus-Therian, M|90/100
|move|p2a: srirachi jirachi|Iron Head|p1a: Thundurus
|-resisted|p1a: Thundurus
|-damage|p1a: Thundurus|70/100
|
|-heal|p2a: srirachi jirachi|58/100|[from] item: Leftovers
|upkeep
|turn|12
|c|☆pif|focus blast secret sword
|c|☆pif|so you can always switch in
|inactive|pif has 120 seconds left.
|
|t:|1644550936
|switch|p2a: nihileggo my eggo|Nihilego|100/100
|-damage|p2a: nihileggo my eggo|88/100|[from] Stealth Rock
|move|p1a: Thundurus|Psychic|p2a: nihileggo my eggo
|-supereffective|p2a: nihileggo my eggo
|-damage|p2a: nihileggo my eggo|43/100
|
|-heal|p2a: nihileggo my eggo|49/100|[from] item: Black Sludge
|upkeep
|turn|13
|inactive|pif has 120 seconds left.
|
|t:|1644550947
|switch|p1a: Jirachi|Jirachi|47/100
|-damage|p1a: Jirachi|41/100|[from] Stealth Rock
|move|p2a: nihileggo my eggo|Power Gem|p1a: Jirachi
|-resisted|p1a: Jirachi
|-crit|p1a: Jirachi
|-damage|p1a: Jirachi|11/100
|
|-heal|p2a: nihileggo my eggo|55/100|[from] item: Black Sludge
|upkeep
|turn|14
|c| Permission Slip|ate
|
|t:|1644550957
|move|p2a: nihileggo my eggo|Knock Off|p1a: Jirachi
|-supereffective|p1a: Jirachi
|-crit|p1a: Jirachi
|-damage|p1a: Jirachi|0 fnt
|-enditem|p1a: Jirachi|Expert Belt|[from] move: Knock Off|[of] p2a: nihileggo my eggo
|faint|p1a: Jirachi
|-ability|p2a: nihileggo my eggo|Beast Boost|boost
|-boost|p2a: nihileggo my eggo|spa|1
|
|-heal|p2a: nihileggo my eggo|61/100|[from] item: Black Sludge
|upkeep
|c| klam141|it must be nice for people who can just modify sets and not have to make entirely new teams for regi
|
|t:|1644550966
|switch|p1a: Keldeo|Keldeo-Resolute|100/100
|-damage|p1a: Keldeo|94/100|[from] Stealth Rock
|turn|15
|c| Permission Slip|not ate
|
|t:|1644550975
|switch|p2a: king of things|Slowking, F|78/100 par
|-damage|p2a: king of things|65/100 par|[from] Stealth Rock
|move|p1a: Keldeo|Focus Blast|p2a: king of things
|-resisted|p2a: king of things
|-damage|p2a: king of things|30/100 par
|-unboost|p2a: king of things|spd|1
|
|upkeep
|turn|16
|c|☆pif|not ate
|inactive|pif has 120 seconds left.
|
|t:|1644551001
|switch|p2a: DIE NOW saur|Tyrantrum, M|100/100
|-damage|p2a: DIE NOW saur|88/100|[from] Stealth Rock
|move|p1a: Keldeo|Focus Blast|p2a: DIE NOW saur|[miss]
|-miss|p1a: Keldeo|p2a: DIE NOW saur
|
|upkeep
|turn|17
|c| Permission Slip|ate
|c|☆pif|ate
|
|t:|1644551014
|switch|p2a: king of things|Slowking, F|63/100 par
|-damage|p2a: king of things|51/100 par|[from] Stealth Rock
|move|p1a: Keldeo|Focus Blast|p2a: king of things|[miss]
|-miss|p1a: Keldeo|p2a: king of things
|
|upkeep
|turn|18
|
|t:|1644551025
|switch|p1a: Hatterene|Hatterene, F|83/100
|-damage|p1a: Hatterene|71/100|[from] Stealth Rock
|move|p2a: king of things|Slack Off|p2a: king of things
|-heal|p2a: king of things|100/100 par
|
|-heal|p1a: Hatterene|77/100|[from] item: Leftovers
|upkeep
|turn|19
|
|t:|1644551041
|move|p1a: Hatterene|Nuzzle|p2a: king of things
|-supereffective|p2a: king of things
|-damage|p2a: king of things|94/100 par
|move|p2a: king of things|Scald|p1a: Hatterene
|-damage|p1a: Hatterene|50/100
|
|-heal|p1a: Hatterene|56/100|[from] item: Leftovers
|upkeep
|turn|20
|
|t:|1644551056
|move|p1a: Hatterene|Draining Kiss|p2a: king of things
|-damage|p2a: king of things|72/100 par
|-heal|p1a: Hatterene|76/100|[from] drain|[of] p2a: king of things
|move|p2a: king of things|Scald|p1a: Hatterene
|-damage|p1a: Hatterene|48/100
|-status|p1a: Hatterene|brn
|
|-heal|p1a: Hatterene|54/100 brn|[from] item: Leftovers
|-damage|p1a: Hatterene|48/100 brn|[from] brn
|upkeep
|turn|21
|inactive|charlemagnex has 90 seconds left.
|
|t:|1644551071
|switch|p2a: srirachi jirachi|Jirachi|58/100
|-damage|p2a: srirachi jirachi|52/100|[from] Stealth Rock
|move|p1a: Hatterene|Draining Kiss|p2a: srirachi jirachi
|-resisted|p2a: srirachi jirachi
|-damage|p2a: srirachi jirachi|41/100
|-heal|p1a: Hatterene|59/100 brn|[from] drain|[of] p2a: srirachi jirachi
|
|-heal|p2a: srirachi jirachi|47/100|[from] item: Leftovers
|-heal|p1a: Hatterene|65/100 brn|[from] item: Leftovers
|-damage|p1a: Hatterene|59/100 brn|[from] brn
|upkeep
|turn|22
|j| gen8ishard
|inactive|charlemagnex has 90 seconds left.
|
|t:|1644551087
|switch|p1a: Thundurus|Thundurus-Therian, M|70/100
|move|p2a: srirachi jirachi|U-turn|p1a: Thundurus
|-resisted|p1a: Thundurus
|-damage|p1a: Thundurus|60/100
|j| Arxtric
|
|t:|1644551099
|switch|p2a: nihileggo my eggo|Nihilego|61/100|[from]move: U-turn
|-damage|p2a: nihileggo my eggo|49/100|[from] Stealth Rock
|
|-heal|p2a: nihileggo my eggo|55/100|[from] item: Black Sludge
|upkeep
|turn|23
|inactive|charlemagnex has 90 seconds left.
|c|☆pif|tyrantrum is kind of
|c|☆pif|uh
|c|☆pif|idk
|
|t:|1644551116
|switch|p1a: Keldeo|Keldeo-Resolute|94/100
|-damage|p1a: Keldeo|88/100|[from] Stealth Rock
|move|p2a: nihileggo my eggo|Sludge Bomb|p1a: Keldeo
|-damage|p1a: Keldeo|31/100
|
|-heal|p2a: nihileggo my eggo|61/100|[from] item: Black Sludge
|upkeep
|turn|24
|inactive|charlemagnex has 90 seconds left.
|c|☆pif|i've used it like at least 15 games
|c|☆pif|dont think ive seen a mandibuzz once
|c|☆pif|not fair!
|
|t:|1644551131
|switch|p2a: king of things|Slowking, F|100/100 par
|-damage|p2a: king of things|88/100 par|[from] Stealth Rock
|move|p1a: Keldeo|Focus Blast|p2a: king of things
|-resisted|p2a: king of things
|-damage|p2a: king of things|54/100 par
|
|upkeep
|turn|25
|c| klam141|thats how it works !
|inactive|charlemagnex has 90 seconds left.
|
|t:|1644551141
|move|p1a: Keldeo|Focus Blast|p2a: king of things|[miss]
|-miss|p1a: Keldeo|p2a: king of things
|move|p2a: king of things|Teleport|p2a: king of things
|
|t:|1644551145
|switch|p2a: woofy woof|Zygarde-10%|100/100|[from]move: Teleport
|-damage|p2a: woofy woof|94/100|[from] Stealth Rock
|-ability|p2a: woofy woof|Aura Break
|
|upkeep
|turn|26
|l| gen8ishard
|inactive|charlemagnex has 90 seconds left.
|c| klam141|oh hes watching you
|
|t:|1644551171
|move|p2a: woofy woof|Thousand Arrows|p1a: Keldeo
|-damage|p1a: Keldeo|0 fnt
|faint|p1a: Keldeo
|
|upkeep
|-message|charlemagnex forfeited.
|
|win|pif
|raw|charlemagnex's rating: 1466 &rarr; <strong>1459</strong><br />(-7 for losing)
|raw|pif's rating: 1737 &rarr; <strong>1744</strong><br />(+7 for winning)
|l|☆charlemagnex
|c|☆pif|the titlt is gone
|c| Permission Slip|ill say it for him
|c| Permission Slip|ggg
|c|☆pif|thanks
|c|☆pif|gg
|c| Permission Slip|np
|c|☆pif|great good game
