|html|<div class="broadcast-blue"><strong>[Gen 8] UU is currently suspecting Scizor! For information on how to participate check out the <a href="https://www.smogon.com/forums/threads/ss-uu-stage-12-2-spider-dance.3704866/">suspect thread</a>.</strong></div>
|j|☆Megumyyy
|j|☆DQ Low Tier Legend
|t:|1658165559
|gametype|singles
|player|p1|Megumyyy|170|1344
|player|p2|DQ Low Tier Legend|lucas|1370
|teamsize|p1|6
|teamsize|p2|6
|gen|8
|tier|[Gen 8] UU
|rated|
|rule|Sleep Clause Mod: Limit one foe put to sleep
|rule|Species Clause: Limit one of each Pokémon
|rule|OHKO Clause: OHKO moves are banned
|rule|Evasion Moves Clause: Evasion moves are banned
|rule|Endless Battle Clause: Forcing endless battles is banned
|rule|HP Percentage Mod: HP is shown in percentages
|rule|Dynamax Clause: You cannot dynamax
|clearpoke
|poke|p1|Keldeo-Resolute|
|poke|p1|Amoonguss, M|
|poke|p1|Thundurus-Therian, M|
|poke|p1|Swampert, M|
|poke|p1|Tapu Bulu|
|poke|p1|Hitmonlee, M|
|poke|p2|Zygarde-10%|
|poke|p2|Hydreigon, F|
|poke|p2|Rotom-Wash|
|poke|p2|Entei|
|poke|p2|Krookodile, F|
|poke|p2|Registeel|
|teampreview
|
|t:|1658165569
|start
|switch|p1a: Swampert|Swampert, M|100/100
|switch|p2a: Rotom|Rotom-Wash|100/100
|turn|1
|inactive|Battle timer is ON: inactive players will automatically lose when time's up. (requested by DQ Low Tier Legend)
|
|t:|1658165575
|move|p2a: Rotom|Will-O-Wisp|p1a: Swampert
|-status|p1a: Swampert|brn
|move|p1a: Swampert|Flip Turn|p2a: Rotom
|-resisted|p2a: Rotom
|-damage|p2a: Rotom|88/100
|
|t:|1658165581
|switch|p1a: Tapu Bulu|Tapu Bulu|100/100|[from]move: Flip Turn
|-fieldstart|move: Grassy Terrain|[from] ability: Grassy Surge|[of] p1a: Tapu Bulu
|
|-heal|p2a: Rotom|94/100|[from] item: Leftovers
|upkeep
|turn|2
|
|t:|1658165589
|move|p1a: Tapu Bulu|High Horsepower|p2a: Rotom
|-immune|p2a: Rotom|[from] ability: Levitate
|move|p2a: Rotom|Will-O-Wisp|p1a: Tapu Bulu
|-status|p1a: Tapu Bulu|brn
|
|-heal|p2a: Rotom|100/100|[from] item: Leftovers
|-damage|p1a: Tapu Bulu|94/100 brn|[from] brn
|upkeep
|turn|3
|
|t:|1658165599
|switch|p1a: Thundurus|Thundurus-Therian, M|100/100
|move|p2a: Rotom|Will-O-Wisp|p1a: Thundurus|[miss]
|-miss|p2a: Rotom|p1a: Thundurus
|
|upkeep
|turn|4
|
|t:|1658165609
|switch|p2a: Zygarde|Zygarde-10%|100/100
|-ability|p2a: Zygarde|Aura Break
|move|p1a: Thundurus|Grass Knot|p2a: Zygarde
|-damage|p2a: Zygarde|43/100
|
|-heal|p2a: Zygarde|49/100|[from] Grassy Terrain
|upkeep
|turn|5
|j| hkrf
|
|t:|1658165618
|switch|p1a: Swampert|Swampert, M|100/100 brn
|move|p2a: Zygarde|Thousand Arrows|p1a: Swampert
|-damage|p1a: Swampert|48/100 brn
|
|-heal|p2a: Zygarde|55/100|[from] Grassy Terrain
|-heal|p1a: Swampert|54/100 brn|[from] Grassy Terrain
|-damage|p1a: Swampert|48/100 brn|[from] brn
|-fieldend|move: Grassy Terrain
|upkeep
|turn|6
|
|t:|1658165627
|move|p2a: Zygarde|Thousand Arrows|p1a: Swampert
|-damage|p1a: Swampert|2/100 brn
|move|p1a: Swampert|Ice Punch|p2a: Zygarde
|-supereffective|p2a: Zygarde
|-damage|p2a: Zygarde|0 fnt
|faint|p2a: Zygarde
|
|-damage|p1a: Swampert|0 fnt|[from] brn
|faint|p1a: Swampert
|upkeep
|
|t:|1658165642
|switch|p2a: Krookodile|Krookodile, F|100/100
|switch|p1a: Tapu Bulu|Tapu Bulu|94/100 brn
|-fieldstart|move: Grassy Terrain|[from] ability: Grassy Surge|[of] p1a: Tapu Bulu
|-ability|p2a: Krookodile|Intimidate|boost
|-unboost|p1a: Tapu Bulu|atk|1
|turn|7
|
|t:|1658165648
|move|p1a: Tapu Bulu|Wood Hammer|p2a: Krookodile
|-supereffective|p2a: Krookodile
|-crit|p2a: Krookodile
|-damage|p2a: Krookodile|0 fnt
|faint|p2a: Krookodile
|-damage|p1a: Tapu Bulu|56/100 brn|[from] Recoil
|
|-heal|p1a: Tapu Bulu|62/100 brn|[from] Grassy Terrain
|-damage|p1a: Tapu Bulu|56/100 brn|[from] brn
|upkeep
|
|t:|1658165661
|switch|p2a: Entei|Entei|100/100
|turn|8
|
|t:|1658165665
|switch|p1a: Keldeo|Keldeo-Resolute|100/100
|move|p2a: Entei|Sacred Fire|p1a: Keldeo
|-resisted|p1a: Keldeo
|-crit|p1a: Keldeo
|-damage|p1a: Keldeo|30/100
|-status|p1a: Keldeo|brn
|
|-heal|p1a: Keldeo|36/100 brn|[from] Grassy Terrain
|-damage|p1a: Keldeo|30/100 brn|[from] brn
|upkeep
|turn|9
|
|t:|1658165683
|switch|p2a: Rotom|Rotom-Wash|100/100
|move|p1a: Keldeo|Hydro Pump|p2a: Rotom
|-resisted|p2a: Rotom
|-damage|p2a: Rotom|56/100
|
|-heal|p1a: Keldeo|36/100 brn|[from] Grassy Terrain
|-heal|p2a: Rotom|63/100|[from] item: Leftovers
|-damage|p1a: Keldeo|30/100 brn|[from] brn
|upkeep
|turn|10
|
|t:|1658165692
|move|p1a: Keldeo|Hydro Pump|p2a: Rotom
|-resisted|p2a: Rotom
|-damage|p2a: Rotom|17/100
|move|p2a: Rotom|Volt Switch|p1a: Keldeo
|-supereffective|p1a: Keldeo
|-damage|p1a: Keldeo|0 fnt
|faint|p1a: Keldeo
|inactive|DQ Low Tier Legend has 120 seconds left.
|
|t:|1658165718
|switch|p2a: Entei|Entei|100/100|[from]move: Volt Switch
|
|upkeep
|
|t:|1658165723
|switch|p1a: Thundurus|Thundurus-Therian, M|100/100
|turn|11
|
|t:|1658165733
|move|p1a: Thundurus|Discharge|p2a: Entei
|-damage|p2a: Entei|27/100
|move|p2a: Entei|Sacred Fire|p1a: Thundurus
|-damage|p1a: Thundurus|0 fnt
|faint|p1a: Thundurus
|
|-heal|p2a: Entei|33/100|[from] Grassy Terrain
|-fieldend|move: Grassy Terrain
|upkeep
|
|t:|1658165744
|switch|p1a: Tapu Bulu|Tapu Bulu|56/100 brn
|-fieldstart|move: Grassy Terrain|[from] ability: Grassy Surge|[of] p1a: Tapu Bulu
|turn|12
|
|t:|1658165754
|switch|p2a: Registeel|Registeel|100/100
|move|p1a: Tapu Bulu|Superpower|p2a: Registeel
|-supereffective|p2a: Registeel
|-damage|p2a: Registeel|74/100
|-unboost|p1a: Tapu Bulu|atk|1
|-unboost|p1a: Tapu Bulu|def|1
|
|-heal|p1a: Tapu Bulu|62/100 brn|[from] Grassy Terrain
|-heal|p2a: Registeel|80/100|[from] Grassy Terrain
|-heal|p2a: Registeel|86/100|[from] item: Leftovers
|-damage|p1a: Tapu Bulu|56/100 brn|[from] brn
|upkeep
|turn|13
|
|t:|1658165765
|switch|p1a: Amoonguss|Amoonguss, M|100/100
|move|p2a: Registeel|Thunder Wave|p1a: Amoonguss
|-status|p1a: Amoonguss|par
|
|-heal|p2a: Registeel|92/100|[from] Grassy Terrain
|-heal|p2a: Registeel|98/100|[from] item: Leftovers
|upkeep
|turn|14
|
|t:|1658165774
|switch|p2a: Rotom|Rotom-Wash|17/100
|cant|p1a: Amoonguss|par
|
|-heal|p2a: Rotom|23/100|[from] item: Leftovers
|upkeep
|turn|15
|
|t:|1658165780
|move|p2a: Rotom|Pain Split|p1a: Amoonguss
|-sethp|p1a: Amoonguss|58/100 par|[from] move: Pain Split|[silent]
|-sethp|p2a: Rotom|83/100|[from] move: Pain Split
|move|p1a: Amoonguss|Spore|p2a: Rotom
|-status|p2a: Rotom|slp|[from] move: Spore
|
|-heal|p2a: Rotom|89/100 slp|[from] item: Leftovers
|-heal|p1a: Amoonguss|65/100 par|[from] Grassy Terrain
|-heal|p1a: Amoonguss|71/100 par|[from] item: Black Sludge
|upkeep
|turn|16
|
|t:|1658165790
|switch|p2a: Hydreigon|Hydreigon, F|100/100
|switch|p1a: Hitmonlee|Hitmonlee, M|100/100
|-enditem|p1a: Hitmonlee|Grassy Seed
|-boost|p1a: Hitmonlee|def|1|[from] item: Grassy Seed
|
|-fieldend|move: Grassy Terrain
|upkeep
|turn|17
|
|t:|1658165808
|move|p1a: Hitmonlee|Close Combat|p2a: Hydreigon
|-supereffective|p2a: Hydreigon
|-damage|p2a: Hydreigon|0 fnt
|-unboost|p1a: Hitmonlee|def|1
|-unboost|p1a: Hitmonlee|spd|1
|faint|p2a: Hydreigon
|
|upkeep
|
|t:|1658165813
|switch|p2a: Registeel|Registeel|98/100
|turn|18
|
|t:|1658165820
|move|p1a: Hitmonlee|Bulk Up|p1a: Hitmonlee
|-boost|p1a: Hitmonlee|atk|1
|-boost|p1a: Hitmonlee|def|1
|move|p2a: Registeel|Thunder Wave|p1a: Hitmonlee
|-status|p1a: Hitmonlee|par
|
|-heal|p2a: Registeel|100/100|[from] item: Leftovers
|upkeep
|turn|19
|inactive|DQ Low Tier Legend has 120 seconds left.
|
|t:|1658165857
|move|p1a: Hitmonlee|Close Combat|p2a: Registeel
|-supereffective|p2a: Registeel
|-damage|p2a: Registeel|0 fnt
|-unboost|p1a: Hitmonlee|def|1
|-unboost|p1a: Hitmonlee|spd|1
|faint|p2a: Registeel
|
|upkeep
|
|t:|1658165861
|switch|p2a: Entei|Entei|33/100
|turn|20
|j| 70to90gxe
|
|t:|1658165865
|move|p2a: Entei|Sacred Fire|p1a: Hitmonlee
|-damage|p1a: Hitmonlee|0 fnt
|faint|p1a: Hitmonlee
|
|upkeep
|
|t:|1658165872
|switch|p1a: Tapu Bulu|Tapu Bulu|56/100 brn
|-fieldstart|move: Grassy Terrain|[from] ability: Grassy Surge|[of] p1a: Tapu Bulu
|turn|21
|
|t:|1658165882
|switch|p2a: Rotom|Rotom-Wash|89/100 slp
|move|p1a: Tapu Bulu|Stone Edge|p2a: Rotom
|-damage|p2a: Rotom|70/100 slp
|
|-heal|p1a: Tapu Bulu|62/100 brn|[from] Grassy Terrain
|-heal|p2a: Rotom|76/100 slp|[from] item: Leftovers
|-damage|p1a: Tapu Bulu|56/100 brn|[from] brn
|upkeep
|turn|22
|
|t:|1658165890
|switch|p1a: Amoonguss|Amoonguss, M|100/100 par
|cant|p2a: Rotom|slp
|
|-heal|p2a: Rotom|82/100 slp|[from] item: Leftovers
|upkeep
|turn|23
|
|t:|1658165906
|-curestatus|p2a: Rotom|slp|[msg]
|move|p2a: Rotom|Volt Switch|p1a: Amoonguss
|-resisted|p1a: Amoonguss
|-damage|p1a: Amoonguss|92/100 par
|
|t:|1658165908
|switch|p2a: Entei|Entei|33/100|[from]move: Volt Switch
|move|p1a: Amoonguss|Sludge Bomb|p2a: Entei
|-damage|p2a: Entei|4/100
|-status|p2a: Entei|psn
|
|-heal|p2a: Entei|10/100 psn|[from] Grassy Terrain
|-heal|p1a: Amoonguss|98/100 par|[from] Grassy Terrain
|-heal|p1a: Amoonguss|100/100 par|[from] item: Black Sludge
|-damage|p2a: Entei|0 fnt|[from] psn
|faint|p2a: Entei
|upkeep
|
|t:|1658165909
|switch|p2a: Rotom|Rotom-Wash|82/100
|turn|24
|-message|DQ Low Tier Legend forfeited.
|
|win|Megumyyy
|raw|Megumyyy's rating: 1344 &rarr; <strong>1365</strong><br />(+21 for winning)
|raw|DQ Low Tier Legend's rating: 1370 &rarr; <strong>1349</strong><br />(-21 for losing)
|l|☆DQ Low Tier Legend
