|j|☆Tempest brute
|j|☆SwitchTheGreat
|t:|1664733672
|gametype|singles
|player|p1|Tempest brute|266|1424
|player|p2|SwitchTheGreat|101|1613
|teamsize|p1|6
|teamsize|p2|6
|gen|8
|tier|[Gen 8] UU
|rated|
|rule|Sleep Clause Mod: Limit one foe put to sleep
|rule|Species Clause: Limit one of each Pokémon
|rule|OHKO Clause: OHKO moves are banned
|rule|Evasion Items Clause: Evasion items are banned
|rule|Evasion Moves Clause: Evasion moves are banned
|rule|Endless Battle Clause: Forcing endless battles is banned
|rule|HP Percentage Mod: HP is shown in percentages
|rule|Dynamax Clause: You cannot dynamax
|clearpoke
|poke|p1|Skarmory, M|
|poke|p1|Hydreigon, M|
|poke|p1|Cresselia, F|
|poke|p1|Primarina, M|
|poke|p1|Keldeo-Resolute|
|poke|p1|Thundurus-Therian, M|
|poke|p2|Reuniclus, F|
|poke|p2|Golisopod, M|
|poke|p2|Cobalion|
|poke|p2|Chansey, F|
|poke|p2|Salamence, F|
|poke|p2|Hydreigon, M|
|teampreview
|c|☆Tempest brute|why can't Chansey leave my team alone
|c|☆SwitchTheGreat|I am too scared of your cresselia to not build around chansey
|c|☆SwitchTheGreat|cause every time I don't need I burn, I get it.
|c|☆Tempest brute|is that the only reason Chansey is one the team
|c|☆SwitchTheGreat|mm
|c|☆SwitchTheGreat|350 healing
|c|☆SwitchTheGreat|with a single wish
|c|☆SwitchTheGreat|when my godpod is 339 hp.
|c|☆Tempest brute|bruh
|
|t:|1664733751
|start
|switch|p1a: Keldeo|Keldeo-Resolute|100/100
|switch|p2a: Hydreigon|Hydreigon, M|100/100
|turn|1
|
|t:|1664733757
|move|p2a: Hydreigon|U-turn|p1a: Keldeo
|-resisted|p1a: Keldeo
|-damage|p1a: Keldeo|94/100
|
|t:|1664733758
|switch|p2a: Reuniclus|Reuniclus, F, shiny|100/100|[from]move: U-turn
|move|p1a: Keldeo|Calm Mind|p1a: Keldeo
|-boost|p1a: Keldeo|spa|1
|-boost|p1a: Keldeo|spd|1
|
|-heal|p1a: Keldeo|100/100|[from] item: Leftovers
|upkeep
|turn|2
|
|t:|1664733761
|move|p1a: Keldeo|Scald|p2a: Reuniclus
|-damage|p2a: Reuniclus|50/100
|move|p2a: Reuniclus|Psyshock|p1a: Keldeo
|-supereffective|p1a: Keldeo
|-damage|p1a: Keldeo|42/100
|
|-heal|p1a: Keldeo|49/100|[from] item: Leftovers
|upkeep
|turn|3
|
|t:|1664733767
|switch|p2a: Salamence|Salamence, F|100/100
|-ability|p2a: Salamence|Intimidate|boost
|-unboost|p1a: Keldeo|atk|1
|move|p1a: Keldeo|Scald|p2a: Salamence
|-resisted|p2a: Salamence
|-damage|p2a: Salamence|70/100
|
|-heal|p1a: Keldeo|55/100|[from] item: Leftovers
|upkeep
|turn|4
|
|t:|1664733769
|move|p1a: Keldeo|Toxic|p2a: Salamence
|-status|p2a: Salamence|tox
|move|p2a: Salamence|Dual Wingbeat|p1a: Keldeo
|-supereffective|p1a: Keldeo
|-damage|p1a: Keldeo|22/100
|-supereffective|p1a: Keldeo
|-damage|p1a: Keldeo|0 fnt
|faint|p1a: Keldeo
|-hitcount|p1: Keldeo|2
|
|-damage|p2a: Salamence|64/100 tox|[from] psn
|upkeep
|
|t:|1664733773
|switch|p1a: Thundurus|Thundurus-Therian, M|100/100
|turn|5
|
|t:|1664733792
|move|p1a: Thundurus|Nasty Plot|p1a: Thundurus
|-boost|p1a: Thundurus|spa|2
|move|p2a: Salamence|Flamethrower|p1a: Thundurus
|-damage|p1a: Thundurus|72/100
|
|-damage|p2a: Salamence|52/100 tox|[from] psn
|upkeep
|turn|6
|
|t:|1664733811
|move|p1a: Thundurus|Thunderbolt|p2a: Salamence
|-damage|p2a: Salamence|0 fnt
|faint|p2a: Salamence
|
|upkeep
|
|t:|1664733812
|switch|p2a: Hydreigon|Hydreigon, M|100/100
|turn|7
|
|t:|1664733815
|switch|p1a: Primarina|Primarina, M|100/100
|move|p2a: Hydreigon|Draco Meteor|p1a: Primarina
|-immune|p1a: Primarina
|
|upkeep
|turn|8
|
|t:|1664733820
|switch|p2a: Chansey|Chansey, F|100/100
|switch|p1a: Skarmory|Skarmory, M|100/100
|
|upkeep
|turn|9
|
|t:|1664733823
|switch|p2a: Godpod|Golisopod, M|100/100
|move|p1a: Skarmory|Spikes|p2a: Godpod
|-sidestart|p2: SwitchTheGreat|Spikes
|
|upkeep
|turn|10
|
|t:|1664733826
|move|p1a: Skarmory|Spikes|p2a: Godpod
|-sidestart|p2: SwitchTheGreat|Spikes
|move|p2a: Godpod|Knock Off|p1a: Skarmory
|-damage|p1a: Skarmory|79/100
|-damage|p2a: Godpod|84/100|[from] item: Rocky Helmet|[of] p1a: Skarmory
|-enditem|p1a: Skarmory|Rocky Helmet|[from] move: Knock Off|[of] p2a: Godpod
|
|upkeep
|turn|11
|
|t:|1664733831
|move|p1a: Skarmory|Spikes|p2a: Godpod
|-sidestart|p2: SwitchTheGreat|Spikes
|move|p2a: Godpod|Liquidation|p1a: Skarmory
|-damage|p1a: Skarmory|50/100
|
|upkeep
|turn|12
|
|t:|1664733835
|switch|p2a: Reuniclus|Reuniclus, F, shiny|50/100
|move|p1a: Skarmory|Iron Defense|p1a: Skarmory
|-boost|p1a: Skarmory|def|2
|
|upkeep
|turn|13
|
|t:|1664733837
|move|p1a: Skarmory|Roost|p1a: Skarmory
|-heal|p1a: Skarmory|99/100
|-singleturn|p1a: Skarmory|move: Roost
|move|p2a: Reuniclus|Recover|p2a: Reuniclus
|-heal|p2a: Reuniclus|100/100
|
|upkeep
|turn|14
|
|t:|1664733842
|switch|p1a: Hydreigon|Hydreigon, M|100/100
|move|p2a: Reuniclus|Calm Mind|p2a: Reuniclus
|-boost|p2a: Reuniclus|spa|1
|-boost|p2a: Reuniclus|spd|1
|
|upkeep
|turn|15
|
|t:|1664733846
|move|p1a: Hydreigon|Thunder Wave|p2a: Reuniclus
|-status|p2a: Reuniclus|par
|move|p2a: Reuniclus|Focus Blast|p1a: Hydreigon
|-supereffective|p1a: Hydreigon
|-damage|p1a: Hydreigon|30/100
|
|-heal|p1a: Hydreigon|37/100|[from] item: Leftovers
|upkeep
|turn|16
|
|t:|1664733852
|switch|p2a: Cobalion|Cobalion|100/100
|-damage|p2a: Cobalion|76/100|[from] Spikes
|move|p1a: Hydreigon|Roost|p1a: Hydreigon
|-heal|p1a: Hydreigon|87/100
|-singleturn|p1a: Hydreigon|move: Roost
|
|-heal|p1a: Hydreigon|93/100|[from] item: Leftovers
|upkeep
|turn|17
|
|t:|1664733858
|switch|p1a: Skarmory|Skarmory, M|99/100
|move|p2a: Cobalion|Close Combat|p1a: Skarmory
|-damage|p1a: Skarmory|71/100
|-unboost|p2a: Cobalion|def|1
|-unboost|p2a: Cobalion|spd|1
|
|upkeep
|turn|18
|
|t:|1664733865
|move|p2a: Cobalion|Stealth Rock|p1a: Skarmory
|-sidestart|p1: Tempest brute|move: Stealth Rock
|move|p1a: Skarmory|Roost|p1a: Skarmory
|-heal|p1a: Skarmory|100/100
|-singleturn|p1a: Skarmory|move: Roost
|
|upkeep
|turn|19
|
|t:|1664733867
|switch|p2a: Reuniclus|Reuniclus, F, shiny|100/100 par
|move|p1a: Skarmory|Body Press|p2a: Reuniclus
|-resisted|p2a: Reuniclus
|-damage|p2a: Reuniclus|89/100 par
|
|upkeep
|turn|20
|
|t:|1664733871
|switch|p1a: Cresselia|Cresselia, F|100/100
|-damage|p1a: Cresselia|88/100|[from] Stealth Rock
|cant|p2a: Reuniclus|par
|
|-heal|p1a: Cresselia|94/100|[from] item: Leftovers
|upkeep
|turn|21
|
|t:|1664733877
|switch|p1a: Skarmory|Skarmory, M|100/100
|-damage|p1a: Skarmory|88/100|[from] Stealth Rock
|switch|p2a: Chansey|Chansey, F|100/100
|-damage|p2a: Chansey|75/100|[from] Spikes
|
|upkeep
|turn|22
|
|t:|1664733883
|move|p1a: Skarmory|Body Press|p2a: Chansey
|-supereffective|p2a: Chansey
|-damage|p2a: Chansey|37/100
|move|p2a: Chansey|Soft-Boiled|p2a: Chansey
|-heal|p2a: Chansey|87/100
|
|upkeep
|turn|23
|
|t:|1664733887
|switch|p2a: Reuniclus|Reuniclus, F, shiny|89/100 par
|move|p1a: Skarmory|Iron Defense|p1a: Skarmory
|-boost|p1a: Skarmory|def|2
|
|upkeep
|turn|24
|
|t:|1664733891
|switch|p1a: Hydreigon|Hydreigon, M|93/100
|-damage|p1a: Hydreigon|80/100|[from] Stealth Rock
|cant|p2a: Reuniclus|par
|
|-heal|p1a: Hydreigon|87/100|[from] item: Leftovers
|upkeep
|turn|25
|
|t:|1664733894
|switch|p2a: Godpod|Golisopod, M|84/100
|move|p1a: Hydreigon|Nasty Plot|p1a: Hydreigon
|-boost|p1a: Hydreigon|spa|2
|
|-heal|p1a: Hydreigon|93/100|[from] item: Leftovers
|upkeep
|turn|26
|
|t:|1664733898
|move|p2a: Godpod|First Impression|p1a: Hydreigon
|-supereffective|p1a: Hydreigon
|-damage|p1a: Hydreigon|0 fnt
|faint|p1a: Hydreigon
|
|upkeep
|
|t:|1664733901
|switch|p1a: Thundurus|Thundurus-Therian, M|72/100
|turn|27
|
|t:|1664733905
|switch|p2a: Hydreigon|Hydreigon, M|100/100
|move|p1a: Thundurus|Nasty Plot|p1a: Thundurus
|-boost|p1a: Thundurus|spa|2
|
|upkeep
|turn|28
|
|t:|1664733909
|move|p2a: Hydreigon|U-turn|p1a: Thundurus
|-resisted|p1a: Thundurus
|-damage|p1a: Thundurus|61/100
|
|t:|1664733912
|switch|p2a: Godpod|Golisopod, M|84/100|[from]move: U-turn
|move|p1a: Thundurus|Focus Blast|p2a: Godpod
|-resisted|p2a: Godpod
|-damage|p2a: Godpod|36/100
|-activate|p2a: Godpod|ability: Emergency Exit
|
|t:|1664733913
|switch|p2a: Hydreigon|Hydreigon, M|100/100
|
|upkeep
|turn|29
|
|t:|1664733938
|switch|p1a: Primarina|Primarina, M|100/100
|-damage|p1a: Primarina|88/100|[from] Stealth Rock
|move|p2a: Hydreigon|Draco Meteor|p1a: Primarina
|-immune|p1a: Primarina
|
|-heal|p1a: Primarina|94/100|[from] item: Leftovers
|upkeep
|turn|30
|
|t:|1664733945
|switch|p2a: Chansey|Chansey, F|87/100
|-damage|p2a: Chansey|62/100|[from] Spikes
|move|p1a: Primarina|Moonblast|p2a: Chansey
|-damage|p2a: Chansey|49/100
|
|-heal|p1a: Primarina|99/100|[from] item: Leftovers
|upkeep
|turn|31
|
|t:|1664733947
|move|p1a: Primarina|Scald|p2a: Chansey
|-damage|p2a: Chansey|39/100
|move|p2a: Chansey|Soft-Boiled|p2a: Chansey
|-heal|p2a: Chansey|89/100
|
|-heal|p1a: Primarina|100/100|[from] item: Leftovers
|upkeep
|turn|32
|
|t:|1664733952
|move|p1a: Primarina|Moonblast|p2a: Chansey
|-damage|p2a: Chansey|76/100
|move|p2a: Chansey|Seismic Toss|p1a: Primarina
|-damage|p1a: Primarina|73/100
|
|-heal|p1a: Primarina|79/100|[from] item: Leftovers
|upkeep
|turn|33
|
|t:|1664733956
|move|p1a: Primarina|Moonblast|p2a: Chansey
|-damage|p2a: Chansey|63/100
|move|p2a: Chansey|Seismic Toss|p1a: Primarina
|-damage|p1a: Primarina|52/100
|
|-heal|p1a: Primarina|58/100|[from] item: Leftovers
|upkeep
|turn|34
|
|t:|1664733961
|move|p1a: Primarina|Moonblast|p2a: Chansey
|-damage|p2a: Chansey|50/100
|move|p2a: Chansey|Soft-Boiled|p2a: Chansey
|-heal|p2a: Chansey|99/100
|
|-heal|p1a: Primarina|64/100|[from] item: Leftovers
|upkeep
|turn|35
|inactive|Battle timer is ON: inactive players will automatically lose when time's up. (requested by SwitchTheGreat)
|
|t:|1664733966
|move|p1a: Primarina|Moonblast|p2a: Chansey
|-damage|p2a: Chansey|87/100
|move|p2a: Chansey|Seismic Toss|p1a: Primarina
|-damage|p1a: Primarina|36/100
|
|-heal|p1a: Primarina|42/100|[from] item: Leftovers
|upkeep
|turn|36
|
|t:|1664733971
|move|p1a: Primarina|Moonblast|p2a: Chansey
|-damage|p2a: Chansey|74/100
|-unboost|p2a: Chansey|spa|1
|move|p2a: Chansey|Seismic Toss|p1a: Primarina
|-damage|p1a: Primarina|15/100
|
|-heal|p1a: Primarina|21/100|[from] item: Leftovers
|upkeep
|turn|37
|
|t:|1664733977
|move|p1a: Primarina|Rest|p1a: Primarina
|-status|p1a: Primarina|slp|[from] move: Rest
|-heal|p1a: Primarina|100/100 slp|[silent]
|move|p2a: Chansey|Wish|p2a: Chansey
|
|upkeep
|turn|38
|
|t:|1664733982
|switch|p2a: Godpod|Golisopod, M|36/100
|cant|p1a: Primarina|slp
|move|p1a: Primarina|Sleep Talk|p1a: Primarina
|move|p1a: Primarina|Rest||[from]move: Sleep Talk|[still]
|-fail|p1a: Primarina
|
|-heal|p2a: Godpod|100/100|[from] move: Wish|[wisher] Chansey
|upkeep
|turn|39
|
|t:|1664733989
|cant|p1a: Primarina|slp
|move|p1a: Primarina|Sleep Talk|p1a: Primarina
|move|p1a: Primarina|Scald|p2a: Godpod|[from]move: Sleep Talk
|-resisted|p2a: Godpod
|-damage|p2a: Godpod|83/100
|move|p2a: Godpod|Knock Off|p1a: Primarina
|-resisted|p1a: Primarina
|-damage|p1a: Primarina|83/100 slp
|-enditem|p1a: Primarina|Leftovers|[from] move: Knock Off|[of] p2a: Godpod
|
|upkeep
|turn|40
|
|t:|1664733996
|switch|p2a: Chansey|Chansey, F|74/100
|-damage|p2a: Chansey|49/100|[from] Spikes
|-curestatus|p1a: Primarina|slp|[msg]
|move|p1a: Primarina|Scald|p2a: Chansey
|-damage|p2a: Chansey|38/100
|
|upkeep
|turn|41
|
|t:|1664733999
|move|p1a: Primarina|Moonblast|p2a: Chansey
|-damage|p2a: Chansey|25/100
|move|p2a: Chansey|Soft-Boiled|p2a: Chansey
|-heal|p2a: Chansey|75/100
|
|upkeep
|turn|42
|
|t:|1664734005
|move|p1a: Primarina|Moonblast|p2a: Chansey
|-damage|p2a: Chansey|63/100
|-unboost|p2a: Chansey|spa|1
|move|p2a: Chansey|Seismic Toss|p1a: Primarina
|-damage|p1a: Primarina|55/100
|
|upkeep
|turn|43
|
|t:|1664734018
|move|p1a: Primarina|Scald|p2a: Chansey
|-damage|p2a: Chansey|53/100
|-status|p2a: Chansey|brn
|move|p2a: Chansey|Wish|p2a: Chansey
|
|-damage|p2a: Chansey|47/100 brn|[from] brn
|upkeep
|turn|44
|
|t:|1664734025
|move|p1a: Primarina|Moonblast|p2a: Chansey
|-damage|p2a: Chansey|34/100 brn
|move|p2a: Chansey|Seismic Toss|p1a: Primarina
|-damage|p1a: Primarina|28/100
|
|-heal|p2a: Chansey|84/100 brn|[from] move: Wish|[wisher] Chansey
|-damage|p2a: Chansey|77/100 brn|[from] brn
|upkeep
|turn|45
|
|t:|1664734034
|move|p1a: Primarina|Rest|p1a: Primarina
|-status|p1a: Primarina|slp|[from] move: Rest
|-heal|p1a: Primarina|100/100 slp|[silent]
|move|p2a: Chansey|Soft-Boiled|p2a: Chansey
|-heal|p2a: Chansey|100/100 brn
|
|-damage|p2a: Chansey|94/100 brn|[from] brn
|upkeep
|turn|46
|
|t:|1664734039
|-curestatus|p2a: Chansey|brn|[from] ability: Natural Cure
|switch|p2a: Reuniclus|Reuniclus, F, shiny|89/100 par
|cant|p1a: Primarina|slp
|move|p1a: Primarina|Sleep Talk|p1a: Primarina
|move|p1a: Primarina|Scald|p2a: Reuniclus|[from]move: Sleep Talk
|-damage|p2a: Reuniclus|58/100 par
|
|upkeep
|turn|47
|
|t:|1664734049
|cant|p1a: Primarina|slp
|move|p1a: Primarina|Sleep Talk|p1a: Primarina
|move|p1a: Primarina|Scald|p2a: Reuniclus|[from]move: Sleep Talk
|-damage|p2a: Reuniclus|29/100 par
|cant|p2a: Reuniclus|par
|
|upkeep
|turn|48
|
|t:|1664734060
|switch|p2a: Chansey|Chansey, F|94/100
|-damage|p2a: Chansey|69/100|[from] Spikes
|-curestatus|p1a: Primarina|slp|[msg]
|move|p1a: Primarina|Moonblast|p2a: Chansey
|-damage|p2a: Chansey|57/100
|
|upkeep
|turn|49
|
|t:|1664734067
|move|p1a: Primarina|Moonblast|p2a: Chansey
|-damage|p2a: Chansey|43/100
|-unboost|p2a: Chansey|spa|1
|move|p2a: Chansey|Toxic|p1a: Primarina
|-status|p1a: Primarina|tox
|
|-damage|p1a: Primarina|94/100 tox|[from] psn
|upkeep
|turn|50
|
|t:|1664734081
|move|p1a: Primarina|Moonblast|p2a: Chansey
|-damage|p2a: Chansey|30/100
|move|p2a: Chansey|Wish|p2a: Chansey
|
|-damage|p1a: Primarina|82/100 tox|[from] psn
|upkeep
|turn|51
|
|t:|1664734090
|move|p1a: Primarina|Moonblast|p2a: Chansey
|-damage|p2a: Chansey|16/100
|-unboost|p2a: Chansey|spa|1
|move|p2a: Chansey|Seismic Toss|p1a: Primarina
|-damage|p1a: Primarina|55/100 tox
|
|-heal|p2a: Chansey|66/100|[from] move: Wish|[wisher] Chansey
|-damage|p1a: Primarina|37/100 tox|[from] psn
|upkeep
|turn|52
|
|t:|1664734095
|move|p1a: Primarina|Rest|p1a: Primarina
|-status|p1a: Primarina|slp|[from] move: Rest
|-heal|p1a: Primarina|100/100 slp|[silent]
|move|p2a: Chansey|Soft-Boiled|p2a: Chansey
|-heal|p2a: Chansey|100/100
|
|upkeep
|turn|53
|
|t:|1664734113
|cant|p1a: Primarina|slp
|move|p1a: Primarina|Sleep Talk|p1a: Primarina
|move|p1a: Primarina|Rest||[from]move: Sleep Talk|[still]
|-fail|p1a: Primarina
|move|p2a: Chansey|Seismic Toss|p1a: Primarina
|-damage|p1a: Primarina|73/100 slp
|
|upkeep
|turn|54
|
|t:|1664734122
|switch|p1a: Skarmory|Skarmory, M|88/100
|-damage|p1a: Skarmory|76/100|[from] Stealth Rock
|move|p2a: Chansey|Seismic Toss|p1a: Skarmory
|-damage|p1a: Skarmory|46/100
|
|upkeep
|turn|55
|
|t:|1664734125
|move|p1a: Skarmory|Roost|p1a: Skarmory
|-heal|p1a: Skarmory|96/100
|-singleturn|p1a: Skarmory|move: Roost
|move|p2a: Chansey|Wish|p2a: Chansey
|
|upkeep
|turn|56
|
|t:|1664734128
|switch|p2a: Reuniclus|Reuniclus, F, shiny|29/100 par
|move|p1a: Skarmory|Iron Defense|p1a: Skarmory
|-boost|p1a: Skarmory|def|2
|
|-heal|p2a: Reuniclus|100/100 par|[from] move: Wish|[wisher] Chansey
|upkeep
|turn|57
|
|t:|1664734130
|move|p1a: Skarmory|Body Press|p2a: Reuniclus
|-resisted|p2a: Reuniclus
|-damage|p2a: Reuniclus|76/100 par
|move|p2a: Reuniclus|Calm Mind|p2a: Reuniclus
|-boost|p2a: Reuniclus|spa|1
|-boost|p2a: Reuniclus|spd|1
|
|upkeep
|turn|58
|
|t:|1664734135
|switch|p1a: Cresselia|Cresselia, F|94/100
|-damage|p1a: Cresselia|82/100|[from] Stealth Rock
|cant|p2a: Reuniclus|par
|
|-heal|p1a: Cresselia|88/100|[from] item: Leftovers
|upkeep
|turn|59
|
|t:|1664734140
|switch|p2a: Godpod|Golisopod, M|83/100
|move|p1a: Cresselia|Calm Mind|p1a: Cresselia
|-boost|p1a: Cresselia|spa|1
|-boost|p1a: Cresselia|spd|1
|
|-heal|p1a: Cresselia|94/100|[from] item: Leftovers
|upkeep
|turn|60
|
|t:|1664734143
|move|p2a: Godpod|First Impression|p1a: Cresselia
|-supereffective|p1a: Cresselia
|-damage|p1a: Cresselia|43/100
|move|p1a: Cresselia|Moonlight|p1a: Cresselia
|-heal|p1a: Cresselia|93/100
|
|-heal|p1a: Cresselia|99/100|[from] item: Leftovers
|upkeep
|turn|61
|
|t:|1664734146
|move|p1a: Cresselia|Psyshock|p2a: Godpod
|-damage|p2a: Godpod|56/100
|move|p2a: Godpod|Knock Off|p1a: Cresselia
|-supereffective|p1a: Cresselia
|-crit|p1a: Cresselia
|-damage|p1a: Cresselia|40/100
|-enditem|p1a: Cresselia|Leftovers|[from] move: Knock Off|[of] p2a: Godpod
|
|upkeep
|turn|62
|
|t:|1664734150
|switch|p2a: Chansey|Chansey, F|100/100
|-damage|p2a: Chansey|75/100|[from] Spikes
|move|p1a: Cresselia|Moonlight|p1a: Cresselia
|-heal|p1a: Cresselia|90/100
|
|upkeep
|turn|63
|
|t:|1664734155
|switch|p1a: Skarmory|Skarmory, M|96/100
|-damage|p1a: Skarmory|84/100|[from] Stealth Rock
|move|p2a: Chansey|Wish|p2a: Chansey
|
|upkeep
|turn|64
|
|t:|1664734164
|move|p1a: Skarmory|Body Press|p2a: Chansey
|-supereffective|p2a: Chansey
|-damage|p2a: Chansey|39/100
|move|p2a: Chansey|Seismic Toss|p1a: Skarmory
|-damage|p1a: Skarmory|54/100
|
|-heal|p2a: Chansey|89/100|[from] move: Wish|[wisher] Chansey
|upkeep
|turn|65
|
|t:|1664734168
|switch|p2a: Hydreigon|Hydreigon, M|100/100
|move|p1a: Skarmory|Iron Defense|p1a: Skarmory
|-boost|p1a: Skarmory|def|2
|
|upkeep
|turn|66
|
|t:|1664734175
|move|p2a: Hydreigon|Fire Blast|p1a: Skarmory
|-supereffective|p1a: Skarmory
|-damage|p1a: Skarmory|0 fnt
|faint|p1a: Skarmory
|
|upkeep
|-message|Tempest brute forfeited.
|
|win|SwitchTheGreat
|raw|Tempest brute's rating: 1424 &rarr; <strong>1414</strong><br />(-10 for losing)
|raw|SwitchTheGreat's rating: 1613 &rarr; <strong>1623</strong><br />(+10 for winning)
|l|☆Tempest brute
||Ladder isn't responding, score probably updated but might not have (Request timeout).
