|raw|<div class="broadcast-blue"><strong>This battle is required to be public due to a player having a name starting with 'uult93j'.</div>
|j|☆UULT93j CRY
|j|☆UULT93J Glomerule
|t:|1653265022
|gametype|singles
|player|p1|UULT93j CRY|cyclistf-gen4|1674
|player|p2|UULT93J Glomerule|scientist-gen4dp|1621
|teamsize|p1|6
|teamsize|p2|6
|gen|8
|tier|[Gen 8] UU
|rated|
|rule|Sleep Clause Mod: Limit one foe put to sleep
|rule|Species Clause: Limit one of each Pokémon
|rule|OHKO Clause: OHKO moves are banned
|rule|Evasion Moves Clause: Evasion moves are banned
|rule|Endless Battle Clause: Forcing endless battles is banned
|rule|HP Percentage Mod: HP is shown in percentages
|rule|Dynamax Clause: You cannot dynamax
|clearpoke
|poke|p1|Nidoqueen, F|
|poke|p1|Zarude|
|poke|p1|Scizor, M|
|poke|p1|Keldeo-Resolute|
|poke|p1|Raikou|
|poke|p1|Salamence, F|
|poke|p2|Hippowdon, M|
|poke|p2|Amoonguss, M|
|poke|p2|Chandelure, M|
|poke|p2|Rotom-Wash|
|poke|p2|Hatterene, F|
|poke|p2|Excadrill, F|
|teampreview
|inactive|Battle timer is ON: inactive players will automatically lose when time's up. (requested by UULT93j CRY)
|c|☆UULT93J Glomerule|glhf
|j| uult93j ust
|c|☆UULT93j CRY|hf
|inactive|UULT93J Glomerule has 120 seconds left.
|
|t:|1653265056
|start
|switch|p1a: Zarude|Zarude|100/100
|switch|p2a: Chandelure|Chandelure, M|100/100
|turn|1
|inactive|UULT93j CRY has 120 seconds left.
|inactive|UULT93J Glomerule has 120 seconds left.
|
|t:|1653265113
|switch|p1a: Keldeo|Keldeo-Resolute|100/100
|move|p2a: Chandelure|Fire Blast|p1a: Keldeo
|-resisted|p1a: Keldeo
|-damage|p1a: Keldeo|68/100
|
|upkeep
|turn|2
|
|t:|1653265119
|switch|p2a: Amoonguss|Amoonguss, M|100/100
|move|p1a: Keldeo|Air Slash|p2a: Amoonguss
|-supereffective|p2a: Amoonguss
|-damage|p2a: Amoonguss|23/100
|
|upkeep
|turn|3
|
|t:|1653265129
|switch|p1a: Zarude|Zarude|100/100
|switch|p2a: Chandelure|Chandelure, M|100/100
|
|upkeep
|turn|4
|inactive|UULT93j CRY has 120 seconds left.
|
|t:|1653265141
|switch|p1a: Salamence|Salamence, F|100/100
|-ability|p1a: Salamence|Intimidate|boost
|-unboost|p2a: Chandelure|atk|1
|move|p2a: Chandelure|Fire Blast|p1a: Salamence
|-resisted|p1a: Salamence
|-damage|p1a: Salamence|68/100
|
|upkeep
|turn|5
|inactive|UULT93j CRY has 120 seconds left.
|inactive|UULT93J Glomerule has 120 seconds left.
|j| UULT93j Mantiss
|
|t:|1653265172
|move|p2a: Chandelure|Fire Blast|p1a: Salamence
|-resisted|p1a: Salamence
|-damage|p1a: Salamence|36/100
|move|p1a: Salamence|Draco Meteor|p2a: Chandelure
|-damage|p2a: Chandelure|27/100
|-unboost|p1a: Salamence|spa|2
|
|upkeep
|turn|6
|
|t:|1653265177
|switch|p2a: Hippowdon|Hippowdon, M|100/100
|-weather|Sandstorm|[from] ability: Sand Stream|[of] p2a: Hippowdon
|move|p1a: Salamence|Roost|p1a: Salamence
|-heal|p1a: Salamence|86/100
|-singleturn|p1a: Salamence|move: Roost
|
|-weather|Sandstorm|[upkeep]
|-damage|p1a: Salamence|80/100|[from] Sandstorm
|upkeep
|turn|7
|
|t:|1653265183
|switch|p1a: Keldeo|Keldeo-Resolute|68/100
|move|p2a: Hippowdon|Stealth Rock|p1a: Keldeo
|-sidestart|p1: UULT93j CRY|move: Stealth Rock
|
|-weather|Sandstorm|[upkeep]
|-damage|p1a: Keldeo|62/100|[from] Sandstorm
|upkeep
|turn|8
|
|t:|1653265191
|switch|p2a: Rotom|Rotom-Wash|100/100
|move|p1a: Keldeo|Secret Sword|p2a: Rotom
|-damage|p2a: Rotom|30/100
|
|-weather|Sandstorm|[upkeep]
|-damage|p1a: Keldeo|56/100|[from] Sandstorm
|-damage|p2a: Rotom|24/100|[from] Sandstorm
|-heal|p2a: Rotom|30/100|[from] item: Leftovers
|upkeep
|turn|9
|
|t:|1653265196
|switch|p1a: Scizor|Scizor, M|100/100
|-damage|p1a: Scizor|88/100|[from] Stealth Rock
|move|p2a: Rotom|Hydro Pump|p1a: Scizor
|-damage|p1a: Scizor|51/100
|
|-weather|Sandstorm|[upkeep]
|-damage|p2a: Rotom|24/100|[from] Sandstorm
|-heal|p2a: Rotom|30/100|[from] item: Leftovers
|upkeep
|turn|10
|
|t:|1653265205
|move|p2a: Rotom|Volt Switch|p1a: Scizor
|-damage|p1a: Scizor|27/100
|
|t:|1653265214
|switch|p2a: Excadrill|Excadrill, F|100/100|[from]move: Volt Switch
|move|p1a: Scizor|Knock Off|p2a: Excadrill
|-damage|p2a: Excadrill|59/100
|-enditem|p2a: Excadrill|Soft Sand|[from] move: Knock Off|[of] p1a: Scizor
|
|-weather|Sandstorm|[upkeep]
|upkeep
|turn|11
|
|t:|1653265238
|switch|p1a: Zarude|Zarude|100/100
|move|p2a: Excadrill|Rock Slide|p1a: Zarude|[miss]
|-miss|p2a: Excadrill|p1a: Zarude
|
|-weather|Sandstorm|[upkeep]
|-damage|p1a: Zarude|95/100|[from] Sandstorm
|upkeep
|turn|12
|
|t:|1653265243
|switch|p2a: Amoonguss|Amoonguss, M|57/100
|move|p1a: Zarude|Darkest Lariat|p2a: Amoonguss
|-damage|p2a: Amoonguss|32/100
|-damage|p1a: Zarude|78/100|[from] item: Rocky Helmet|[of] p2a: Amoonguss
|
|-weather|Sandstorm|[upkeep]
|-damage|p1a: Zarude|72/100|[from] Sandstorm
|-damage|p2a: Amoonguss|26/100|[from] Sandstorm
|upkeep
|turn|13
|
|t:|1653265252
|move|p1a: Zarude|Darkest Lariat|p2a: Amoonguss
|-damage|p2a: Amoonguss|1/100
|-damage|p1a: Zarude|55/100|[from] item: Rocky Helmet|[of] p2a: Amoonguss
|move|p2a: Amoonguss|Spore|p1a: Zarude
|-immune|p1a: Zarude
|
|-weather|none
|upkeep
|turn|14
|
|t:|1653265261
|switch|p2a: Hippowdon|Hippowdon, M|100/100
|-weather|Sandstorm|[from] ability: Sand Stream|[of] p2a: Hippowdon
|move|p1a: Zarude|Power Whip|p2a: Hippowdon|[miss]
|-miss|p1a: Zarude|p2a: Hippowdon
|
|-weather|Sandstorm|[upkeep]
|-damage|p1a: Zarude|50/100|[from] Sandstorm
|upkeep
|turn|15
|
|t:|1653265271
|move|p1a: Zarude|Darkest Lariat|p2a: Hippowdon
|-damage|p2a: Hippowdon|75/100
|move|p2a: Hippowdon|Stealth Rock||[still]
|-fail|p2a: Hippowdon
|
|-weather|Sandstorm|[upkeep]
|-damage|p1a: Zarude|44/100|[from] Sandstorm
|upkeep
|turn|16
|c|☆UULT93J Glomerule|oop
|
|t:|1653265283
|switch|p2a: Amoonguss|Amoonguss, M|34/100
|move|p1a: Zarude|Power Whip|p2a: Amoonguss
|-resisted|p2a: Amoonguss
|-damage|p2a: Amoonguss|26/100
|-damage|p1a: Zarude|27/100|[from] item: Rocky Helmet|[of] p2a: Amoonguss
|
|-weather|Sandstorm|[upkeep]
|-damage|p1a: Zarude|21/100|[from] Sandstorm
|-damage|p2a: Amoonguss|20/100|[from] Sandstorm
|upkeep
|turn|17
|
|t:|1653265295
|switch|p2a: Rotom|Rotom-Wash|30/100
|move|p1a: Zarude|Power Whip|p2a: Rotom
|-supereffective|p2a: Rotom
|-damage|p2a: Rotom|0 fnt
|faint|p2a: Rotom
|
|-weather|Sandstorm|[upkeep]
|-damage|p1a: Zarude|15/100|[from] Sandstorm
|upkeep
|
|t:|1653265302
|switch|p2a: Excadrill|Excadrill, F|59/100
|turn|18
|j| xbrockmonsterx
|
|t:|1653265315
|switch|p1a: Salamence|Salamence, F|80/100
|-ability|p1a: Salamence|Intimidate|boost
|-unboost|p2a: Excadrill|atk|1
|move|p2a: Excadrill|Iron Head|p1a: Salamence
|-damage|p1a: Salamence|45/100
|
|-weather|Sandstorm|[upkeep]
|-damage|p1a: Salamence|39/100|[from] Sandstorm
|upkeep
|turn|19
|
|t:|1653265325
|switch|p1a: Raikou|Raikou|100/100
|move|p2a: Excadrill|Rock Slide|p1a: Raikou
|-damage|p1a: Raikou|76/100
|
|-weather|Sandstorm|[upkeep]
|-damage|p1a: Raikou|70/100|[from] Sandstorm
|upkeep
|turn|20
|
|t:|1653265348
|switch|p1a: Salamence|Salamence, F|39/100
|-ability|p1a: Salamence|Intimidate|boost
|-unboost|p2a: Excadrill|atk|1
|move|p2a: Excadrill|Earthquake|p1a: Salamence
|-immune|p1a: Salamence
|
|-weather|Sandstorm|[upkeep]
|-damage|p1a: Salamence|32/100|[from] Sandstorm
|upkeep
|turn|21
|
|t:|1653265353
|switch|p1a: Raikou|Raikou|70/100
|move|p2a: Excadrill|Rock Slide|p1a: Raikou
|-damage|p1a: Raikou|49/100
|
|-weather|none
|upkeep
|turn|22
|
|t:|1653265361
|switch|p2a: Hippowdon|Hippowdon, M|75/100
|-weather|Sandstorm|[from] ability: Sand Stream|[of] p2a: Hippowdon
|move|p1a: Raikou|Extrasensory|p2a: Hippowdon
|-damage|p2a: Hippowdon|56/100
|
|-weather|Sandstorm|[upkeep]
|-damage|p1a: Raikou|43/100|[from] Sandstorm
|upkeep
|turn|23
|
|t:|1653265378
|switch|p2a: Chandelure|Chandelure, M|27/100
|move|p1a: Raikou|Scald|p2a: Chandelure
|-supereffective|p2a: Chandelure
|-damage|p2a: Chandelure|0 fnt
|faint|p2a: Chandelure
|
|-weather|Sandstorm|[upkeep]
|-damage|p1a: Raikou|36/100|[from] Sandstorm
|upkeep
|
|t:|1653265381
|switch|p2a: Excadrill|Excadrill, F|59/100
|turn|24
|
|t:|1653265388
|move|p2a: Excadrill|Rock Slide|p1a: Raikou
|-damage|p1a: Raikou|0 fnt
|faint|p1a: Raikou
|
|-weather|Sandstorm|[upkeep]
|upkeep
|
|t:|1653265400
|switch|p1a: Salamence|Salamence, F|32/100
|-ability|p1a: Salamence|Intimidate|boost
|-unboost|p2a: Excadrill|atk|1
|turn|25
|
|t:|1653265404
|switch|p1a: Zarude|Zarude|15/100
|move|p2a: Excadrill|Iron Head|p1a: Zarude
|-crit|p1a: Zarude
|-damage|p1a: Zarude|0 fnt
|faint|p1a: Zarude
|
|-weather|Sandstorm|[upkeep]
|upkeep
|
|t:|1653265427
|switch|p1a: Salamence|Salamence, F|32/100
|-ability|p1a: Salamence|Intimidate|boost
|-unboost|p2a: Excadrill|atk|1
|turn|26
|j| turtledoggo1
|inactive|UULT93j CRY has 120 seconds left.
|inactive|UULT93j CRY has 90 seconds left.
|inactive|UULT93J Glomerule has 120 seconds left.
|
|t:|1653265504
|switch|p1a: Keldeo|Keldeo-Resolute|56/100
|-damage|p1a: Keldeo|49/100|[from] Stealth Rock
|move|p2a: Excadrill|Rock Slide|p1a: Keldeo
|-resisted|p1a: Keldeo
|-crit|p1a: Keldeo
|-damage|p1a: Keldeo|22/100
|
|-weather|Sandstorm|[upkeep]
|-damage|p1a: Keldeo|16/100|[from] Sandstorm
|upkeep
|turn|27
|
|t:|1653265520
|switch|p2a: Hatterene|Hatterene, F|100/100
|move|p1a: Keldeo|Surf|p2a: Hatterene
|-damage|p2a: Hatterene|33/100
|
|-weather|Sandstorm|[upkeep]
|-damage|p1a: Keldeo|10/100|[from] Sandstorm
|-damage|p2a: Hatterene|27/100|[from] Sandstorm
|-heal|p2a: Hatterene|33/100|[from] item: Leftovers
|upkeep
|turn|28
|
|t:|1653265532
|move|p1a: Keldeo|Surf|p2a: Hatterene
|-damage|p2a: Hatterene|0 fnt
|faint|p2a: Hatterene
|
|-weather|Sandstorm|[upkeep]
|-damage|p1a: Keldeo|4/100|[from] Sandstorm
|upkeep
|inactive|UULT93J Glomerule has 90 seconds left.
|
|t:|1653265550
|switch|p2a: Amoonguss|Amoonguss, M|53/100
|turn|29
|j| UULT93J CHARMY
|inactive|UULT93j CRY has 90 seconds left.
|
|t:|1653265583
|move|p1a: Keldeo|Surf|p2a: Amoonguss
|-resisted|p2a: Amoonguss
|-damage|p2a: Amoonguss|19/100
|move|p2a: Amoonguss|Spore|p1a: Keldeo
|-status|p1a: Keldeo|slp|[from] move: Spore
|
|-weather|none
|upkeep
|turn|30
|
|t:|1653265596
|switch|p2a: Hippowdon|Hippowdon, M|56/100
|-weather|Sandstorm|[from] ability: Sand Stream|[of] p2a: Hippowdon
|cant|p1a: Keldeo|slp
|
|-weather|Sandstorm|[upkeep]
|-damage|p1a: Keldeo|0 fnt|[from] Sandstorm
|faint|p1a: Keldeo
|upkeep
|
|t:|1653265600
|switch|p1a: Scizor|Scizor, M|27/100
|-damage|p1a: Scizor|14/100|[from] Stealth Rock
|turn|31
|
|t:|1653265604
|switch|p2a: Excadrill|Excadrill, F|59/100
|move|p1a: Scizor|Roost|p1a: Scizor
|-heal|p1a: Scizor|64/100
|-singleturn|p1a: Scizor|move: Roost
|
|-weather|Sandstorm|[upkeep]
|upkeep
|turn|32
|l| turtledoggo1
|inactive|UULT93j CRY has 90 seconds left.
|
|t:|1653265626
|move|p2a: Excadrill|Swords Dance|p2a: Excadrill
|-boost|p2a: Excadrill|atk|2
|move|p1a: Scizor|Knock Off|p2a: Excadrill
|-damage|p2a: Excadrill|31/100
|
|-weather|Sandstorm|[upkeep]
|upkeep
|turn|33
|inactive|UULT93j CRY has 90 seconds left.
|inactive|UULT93J Glomerule has 120 seconds left.
|inactive|UULT93j CRY has 60 seconds left.
|inactive|UULT93J Glomerule has 90 seconds left.
|inactive|UULT93j CRY has 30 seconds left.
|
|t:|1653265699
|switch|p1a: Salamence|Salamence, F|32/100
|-ability|p1a: Salamence|Intimidate|boost
|-unboost|p2a: Excadrill|atk|1
|move|p2a: Excadrill|Earthquake|p1a: Salamence
|-immune|p1a: Salamence
|
|-weather|Sandstorm|[upkeep]
|-damage|p1a: Salamence|26/100|[from] Sandstorm
|upkeep
|turn|34
|l| UULT93J CHARMY
|inactive|UULT93j CRY has 30 seconds left.
|inactive|UULT93j CRY has 20 seconds left.
|j| UULT93J CHARMY
|inactive|UULT93j CRY has 15 seconds left.
|inactive|UULT93j CRY has 10 seconds left.
|
|t:|1653265725
|switch|p1a: Nidoqueen|Nidoqueen, F|100/100
|-damage|p1a: Nidoqueen|94/100|[from] Stealth Rock
|move|p2a: Excadrill|Iron Head|p1a: Nidoqueen
|-damage|p1a: Nidoqueen|15/100
|
|-weather|Sandstorm|[upkeep]
|upkeep
|turn|35
|inactive|UULT93j CRY has 20 seconds left this turn.
|inactive|UULT93j CRY has 15 seconds left.
|inactive|UULT93J Glomerule has 90 seconds left.
|inactive|UULT93j CRY has 10 seconds left.
|
|t:|1653265740
|switch|p1a: Salamence|Salamence, F|26/100
|-ability|p1a: Salamence|Intimidate|boost
|-unboost|p2a: Excadrill|atk|1
|move|p2a: Excadrill|Iron Head|p1a: Salamence
|-damage|p1a: Salamence|0 fnt
|faint|p1a: Salamence
|
|-weather|Sandstorm|[upkeep]
|upkeep
|inactive|UULT93j CRY has 15 seconds left this turn.
|
|t:|1653265741
|switch|p1a: Scizor|Scizor, M|64/100
|-damage|p1a: Scizor|52/100|[from] Stealth Rock
|turn|36
|inactive|UULT93j CRY has 25 seconds left this turn.
|inactive|UULT93J Glomerule has 90 seconds left.
|
|t:|1653265761
|move|p2a: Excadrill|Earthquake|p1a: Scizor
|-damage|p1a: Scizor|0 fnt
|faint|p1a: Scizor
|
|-weather|Sandstorm|[upkeep]
|upkeep
|inactive|UULT93j CRY has 30 seconds left this turn.
|c|☆UULT93J Glomerule|gg
|inactive|UULT93j CRY has 20 seconds left.
|inactive|UULT93j CRY has 15 seconds left.
|inactive|UULT93j CRY has 10 seconds left.
|inactive|UULT93j CRY has 5 seconds left.
|c|☆UULT93j CRY|gg
|-message|UULT93j CRY lost due to inactivity.
|
|win|UULT93J Glomerule
|raw|UULT93j CRY's rating: 1674 &rarr; <strong>1651</strong><br />(-23 for losing)
|raw|UULT93J Glomerule's rating: 1621 &rarr; <strong>1644</strong><br />(+23 for winning)
|l| UULT93j Mantiss
|l|☆UULT93j CRY
|player|p2|UULT93J Glomerule|scientist-gen4dp
||Ladder isn't responding, score probably updated but might not have (Request timeout).
