|html|<div class="broadcast-blue"><strong>[Gen 8] UU is currently suspecting Latias! For information on how to participate check out the <a href="https://www.smogon.com/forums/threads/np-ss-uu-stage-10-airplanes-latias-retest.3691692/page-3#post-9007205">suspect thread</a>.</strong></div>
|j|☆Dragonstake
|j|☆Buster118
|t:|1635561577
|gametype|singles
|player|p1|Dragonstake|plasmagruntf|1259
|player|p2|Buster118|blaine|1285
|teamsize|p1|6
|teamsize|p2|6
|gen|8
|tier|[Gen 8] UU
|rated|
|rule|Sleep Clause Mod: Limit one foe put to sleep
|rule|Species Clause: Limit one of each Pokémon
|rule|OHKO Clause: OHKO moves are banned
|rule|Evasion Moves Clause: Evasion moves are banned
|rule|Endless Battle Clause: Forcing endless battles is banned
|rule|HP Percentage Mod: HP is shown in percentages
|rule|Dynamax Clause: You cannot dynamax
|clearpoke
|poke|p1|Skarmory, F|
|poke|p1|Zygarde-10%|
|poke|p1|Umbreon, F|
|poke|p1|Swampert, F|
|poke|p1|Azelf|
|poke|p1|Roserade, M|
|poke|p2|Chansey, F|
|poke|p2|Rotom-Wash|
|poke|p2|Excadrill, M|
|poke|p2|Mienshao, M|
|poke|p2|Amoonguss, M|
|poke|p2|Lycanroc-Dusk, F|
|teampreview
|
|t:|1635561624
|start
|switch|p1a: Azelf|Azelf|100/100
|switch|p2a: Rotom|Rotom-Wash|100/100
|turn|1
|
|t:|1635561630
|move|p2a: Rotom|Hydro Pump|p1a: Azelf
|-damage|p1a: Azelf|17/100
|move|p1a: Azelf|U-turn|p2a: Rotom
|-crit|p2a: Rotom
|-damage|p2a: Rotom|64/100
|
|t:|1635561638
|switch|p1a: Roserade|Roserade, M|100/100|[from]move: U-turn
|
|upkeep
|turn|2
|
|t:|1635561645
|switch|p2a: Chansey|Chansey, F|100/100
|move|p1a: Roserade|Spikes|p2a: Chansey
|-sidestart|p2: Buster118|Spikes
|
|upkeep
|turn|3
|
|t:|1635561652
|switch|p1a: Umbreon|Umbreon, F|100/100
|move|p2a: Chansey|Seismic Toss|p1a: Umbreon
|-damage|p1a: Umbreon|75/100
|
|-heal|p1a: Umbreon|81/100|[from] item: Leftovers
|upkeep
|turn|4
|
|t:|1635561660
|move|p1a: Umbreon|Wish|p1a: Umbreon
|move|p2a: Chansey|Toxic|p1a: Umbreon
|-status|p1a: Umbreon|tox
|-activate|p1a: Umbreon|ability: Synchronize
|-status|p2a: Chansey|tox
|
|-heal|p1a: Umbreon|87/100 tox|[from] item: Leftovers
|-damage|p1a: Umbreon|81/100 tox|[from] psn
|-damage|p2a: Chansey|94/100 tox|[from] psn
|upkeep
|turn|5
|
|t:|1635561677
|switch|p1a: Azelf|Azelf|17/100
|move|p2a: Chansey|Teleport|p2a: Chansey
|
|t:|1635561711
|-curestatus|p2a: Chansey|tox|[from] ability: Natural Cure
|switch|p2a: Mienshao|Mienshao, M|100/100|[from]move: Teleport
|-damage|p2a: Mienshao|88/100|[from] Spikes
|
|-heal|p1a: Azelf|85/100|[from] move: Wish|[wisher] Umbreon
|upkeep
|turn|6
|
|t:|1635561725
|switch|p1a: Skarmory|Skarmory, F|100/100
|switch|p2a: Chansey|Chansey, F|94/100
|-damage|p2a: Chansey|82/100|[from] Spikes
|
|upkeep
|turn|7
|
|t:|1635561741
|switch|p2a: Amoonguss|Amoonguss, M|100/100
|-damage|p2a: Amoonguss|88/100|[from] Spikes
|move|p1a: Skarmory|Body Press|p2a: Amoonguss
|-resisted|p2a: Amoonguss
|-damage|p2a: Amoonguss|78/100
|-damage|p1a: Skarmory|84/100|[from] item: Rocky Helmet|[of] p2a: Amoonguss
|
|upkeep
|turn|8
|
|t:|1635561754
|switch|p1a: Roserade|Roserade, M|100/100
|move|p2a: Amoonguss|Spore|p1a: Roserade
|-immune|p1a: Roserade
|
|upkeep
|turn|9
|
|t:|1635561768
|switch|p2a: Chansey|Chansey, F|82/100
|-damage|p2a: Chansey|70/100|[from] Spikes
|move|p1a: Roserade|Spikes|p2a: Chansey
|-sidestart|p2: Buster118|Spikes
|
|upkeep
|turn|10
|
|t:|1635561780
|move|p1a: Roserade|Spikes|p2a: Chansey
|-sidestart|p2: Buster118|Spikes
|move|p2a: Chansey|Teleport|p2a: Chansey
|
|t:|1635561818
|switch|p2a: Mienshao|Mienshao, M|100/100|[from]move: Teleport
|-damage|p2a: Mienshao|76/100|[from] Spikes
|
|upkeep
|turn|11
|
|t:|1635561832
|switch|p1a: Skarmory|Skarmory, F|84/100
|move|p2a: Mienshao|U-turn|p1a: Skarmory
|-resisted|p1a: Skarmory
|-damage|p1a: Skarmory|80/100
|-damage|p2a: Mienshao|59/100|[from] item: Rocky Helmet|[of] p1a: Skarmory
|-damage|p2a: Mienshao|49/100|[from] item: Life Orb
|
|t:|1635561850
|switch|p2a: Rotom|Rotom-Wash|64/100|[from]move: U-turn
|
|upkeep
|turn|12
|
|t:|1635561855
|switch|p1a: Umbreon|Umbreon, F|81/100 tox
|move|p2a: Rotom|Volt Switch|p1a: Umbreon
|-damage|p1a: Umbreon|64/100 tox
|
|t:|1635561861
|switch|p2a: Excadrill|Excadrill, M|100/100|[from]move: Volt Switch
|-damage|p2a: Excadrill|76/100|[from] Spikes
|-ability|p2a: Excadrill|Mold Breaker
|
|-heal|p2a: Excadrill|82/100|[from] item: Leftovers
|-heal|p1a: Umbreon|71/100 tox|[from] item: Leftovers
|-damage|p1a: Umbreon|64/100 tox|[from] psn
|upkeep
|turn|13
|
|t:|1635561872
|move|p2a: Excadrill|Rapid Spin|p1a: Umbreon
|-crit|p1a: Umbreon
|-damage|p1a: Umbreon|44/100 tox
|-boost|p2a: Excadrill|spe|1
|-sideend|p2: Buster118|Spikes|[from] move: Rapid Spin|[of] p2a: Excadrill
|move|p1a: Umbreon|Foul Play|p2a: Excadrill
|-damage|p2a: Excadrill|12/100
|
|-heal|p2a: Excadrill|18/100|[from] item: Leftovers
|-heal|p1a: Umbreon|50/100 tox|[from] item: Leftovers
|-damage|p1a: Umbreon|38/100 tox|[from] psn
|upkeep
|turn|14
|
|t:|1635561901
|move|p2a: Excadrill|Earthquake|p1a: Umbreon
|-damage|p1a: Umbreon|0 fnt
|faint|p1a: Umbreon
|
|-heal|p2a: Excadrill|24/100|[from] item: Leftovers
|upkeep
|
|t:|1635561906
|switch|p1a: Swampert|Swampert, F|100/100
|turn|15
|
|t:|1635561929
|move|p2a: Excadrill|Earthquake|p1a: Swampert
|-damage|p1a: Swampert|66/100
|move|p1a: Swampert|Stealth Rock|p2a: Excadrill
|-sidestart|p2: Buster118|move: Stealth Rock
|
|-heal|p2a: Excadrill|30/100|[from] item: Leftovers
|-heal|p1a: Swampert|72/100|[from] item: Leftovers
|upkeep
|turn|16
|
|t:|1635561937
|move|p2a: Excadrill|Stealth Rock|p1a: Swampert
|-sidestart|p1: Dragonstake|move: Stealth Rock
|move|p1a: Swampert|Earthquake|p2a: Excadrill
|-supereffective|p2a: Excadrill
|-damage|p2a: Excadrill|0 fnt
|faint|p2a: Excadrill
|
|-heal|p1a: Swampert|78/100|[from] item: Leftovers
|upkeep
|
|t:|1635561945
|switch|p2a: Amoonguss|Amoonguss, M|100/100
|-damage|p2a: Amoonguss|88/100|[from] Stealth Rock
|turn|17
|
|t:|1635561948
|move|p1a: Swampert|Flip Turn|p2a: Amoonguss
|-resisted|p2a: Amoonguss
|-damage|p2a: Amoonguss|80/100
|-damage|p1a: Swampert|61/100|[from] item: Rocky Helmet|[of] p2a: Amoonguss
|
|t:|1635561956
|switch|p1a: Roserade|Roserade, M|100/100|[from]move: Flip Turn
|-damage|p1a: Roserade|88/100|[from] Stealth Rock
|move|p2a: Amoonguss|Seed Bomb|p1a: Roserade
|-resisted|p1a: Roserade
|-damage|p1a: Roserade|79/100
|
|-heal|p1a: Roserade|85/100|[from] item: Black Sludge
|upkeep
|turn|18
|
|t:|1635561965
|switch|p2a: Lycanroc|Lycanroc-Dusk, F|100/100
|-damage|p2a: Lycanroc|88/100|[from] Stealth Rock
|move|p1a: Roserade|Spikes|p2a: Lycanroc
|-sidestart|p2: Buster118|Spikes
|
|-heal|p1a: Roserade|92/100|[from] item: Black Sludge
|upkeep
|turn|19
|
|t:|1635561972
|switch|p1a: Skarmory|Skarmory, F|80/100
|-damage|p1a: Skarmory|68/100|[from] Stealth Rock
|move|p2a: Lycanroc|Psychic Fangs|p1a: Skarmory
|-resisted|p1a: Skarmory
|-damage|p1a: Skarmory|52/100
|-damage|p2a: Lycanroc|72/100|[from] item: Rocky Helmet|[of] p1a: Skarmory
|-damage|p2a: Lycanroc|62/100|[from] item: Life Orb
|
|upkeep
|turn|20
|
|t:|1635561983
|switch|p2a: Amoonguss|Amoonguss, M|100/100
|-damage|p2a: Amoonguss|88/100|[from] Spikes
|-damage|p2a: Amoonguss|76/100|[from] Stealth Rock
|move|p1a: Skarmory|Whirlwind|p2a: Amoonguss
|drag|p2a: Lycanroc|Lycanroc-Dusk, F|62/100
|-damage|p2a: Lycanroc|49/100|[from] Stealth Rock
|-damage|p2a: Lycanroc|37/100|[from] Spikes
|
|upkeep
|turn|21
|
|t:|1635561992
|move|p2a: Lycanroc|Close Combat|p1a: Skarmory
|-damage|p1a: Skarmory|14/100
|-unboost|p2a: Lycanroc|def|1
|-unboost|p2a: Lycanroc|spd|1
|-damage|p2a: Lycanroc|20/100|[from] item: Rocky Helmet|[of] p1a: Skarmory
|-damage|p2a: Lycanroc|10/100|[from] item: Life Orb
|move|p1a: Skarmory|Roost|p1a: Skarmory
|-heal|p1a: Skarmory|64/100
|-singleturn|p1a: Skarmory|move: Roost
|
|upkeep
|turn|22
|
|t:|1635562002
|move|p2a: Lycanroc|Close Combat|p1a: Skarmory
|-damage|p1a: Skarmory|20/100
|-unboost|p2a: Lycanroc|def|1
|-unboost|p2a: Lycanroc|spd|1
|-damage|p2a: Lycanroc|0 fnt|[from] item: Rocky Helmet|[of] p1a: Skarmory
|faint|p2a: Lycanroc
|move|p1a: Skarmory|Roost|p1a: Skarmory
|-heal|p1a: Skarmory|70/100
|-singleturn|p1a: Skarmory|move: Roost
|
|upkeep
|
|t:|1635562014
|switch|p2a: Amoonguss|Amoonguss, M|100/100
|-damage|p2a: Amoonguss|88/100|[from] Spikes
|-damage|p2a: Amoonguss|76/100|[from] Stealth Rock
|turn|23
|
|t:|1635562020
|switch|p1a: Roserade|Roserade, M|92/100
|-damage|p1a: Roserade|79/100|[from] Stealth Rock
|move|p2a: Amoonguss|Spore|p1a: Roserade
|-immune|p1a: Roserade
|
|-heal|p1a: Roserade|85/100|[from] item: Black Sludge
|upkeep
|turn|24
|
|t:|1635562033
|move|p1a: Roserade|Sludge Bomb|p2a: Amoonguss
|-damage|p2a: Amoonguss|43/100
|move|p2a: Amoonguss|Sludge Bomb|p1a: Roserade
|-damage|p1a: Roserade|59/100
|
|-heal|p1a: Roserade|66/100|[from] item: Black Sludge
|upkeep
|turn|25
|
|t:|1635562041
|switch|p2a: Chansey|Chansey, F|70/100
|-damage|p2a: Chansey|57/100|[from] Stealth Rock
|-damage|p2a: Chansey|45/100|[from] Spikes
|move|p1a: Roserade|Spikes|p2a: Chansey
|-sidestart|p2: Buster118|Spikes
|
|-heal|p1a: Roserade|72/100|[from] item: Black Sludge
|upkeep
|turn|26
|
|t:|1635562057
|switch|p1a: Skarmory|Skarmory, F|70/100
|-damage|p1a: Skarmory|58/100|[from] Stealth Rock
|move|p2a: Chansey|Seismic Toss|p1a: Skarmory
|-damage|p1a: Skarmory|28/100
|-damage|p2a: Chansey|28/100|[from] item: Rocky Helmet|[of] p1a: Skarmory
|
|upkeep
|turn|27
|
|t:|1635562065
|move|p1a: Skarmory|Roost|p1a: Skarmory
|-heal|p1a: Skarmory|78/100
|-singleturn|p1a: Skarmory|move: Roost
|move|p2a: Chansey|Seismic Toss|p1a: Skarmory
|-damage|p1a: Skarmory|48/100
|-damage|p2a: Chansey|12/100|[from] item: Rocky Helmet|[of] p1a: Skarmory
|
|upkeep
|turn|28
|
|t:|1635562073
|move|p1a: Skarmory|Roost|p1a: Skarmory
|-heal|p1a: Skarmory|98/100
|-singleturn|p1a: Skarmory|move: Roost
|move|p2a: Chansey|Soft-Boiled|p2a: Chansey
|-heal|p2a: Chansey|62/100
|
|upkeep
|turn|29
|
|t:|1635562080
|move|p1a: Skarmory|Body Press|p2a: Chansey
|-supereffective|p2a: Chansey
|-damage|p2a: Chansey|20/100
|move|p2a: Chansey|Soft-Boiled|p2a: Chansey
|-heal|p2a: Chansey|70/100
|
|upkeep
|turn|30
|
|t:|1635562087
|switch|p2a: Amoonguss|Amoonguss, M|76/100
|-damage|p2a: Amoonguss|60/100|[from] Spikes
|-damage|p2a: Amoonguss|47/100|[from] Stealth Rock
|move|p1a: Skarmory|Body Press|p2a: Amoonguss
|-resisted|p2a: Amoonguss
|-damage|p2a: Amoonguss|37/100
|-damage|p1a: Skarmory|82/100|[from] item: Rocky Helmet|[of] p2a: Amoonguss
|
|upkeep
|turn|31
|
|t:|1635562095
|move|p1a: Skarmory|Brave Bird|p2a: Amoonguss
|-supereffective|p2a: Amoonguss
|-damage|p2a: Amoonguss|0 fnt
|-damage|p1a: Skarmory|65/100|[from] item: Rocky Helmet|[of] p2a: Amoonguss
|faint|p2a: Amoonguss
|-damage|p1a: Skarmory|50/100|[from] Recoil
|
|upkeep
|
|t:|1635562102
|switch|p2a: Mienshao|Mienshao, M|82/100
|-damage|p2a: Mienshao|77/100|[from] Stealth Rock
|-damage|p2a: Mienshao|60/100|[from] Spikes
|turn|32
|
|t:|1635562106
|move|p2a: Mienshao|Close Combat|p1a: Skarmory
|-damage|p1a: Skarmory|2/100
|-unboost|p2a: Mienshao|def|1
|-unboost|p2a: Mienshao|spd|1
|-damage|p2a: Mienshao|43/100|[from] item: Rocky Helmet|[of] p1a: Skarmory
|-damage|p2a: Mienshao|33/100|[from] item: Life Orb
|move|p1a: Skarmory|Roost|p1a: Skarmory
|-heal|p1a: Skarmory|52/100
|-singleturn|p1a: Skarmory|move: Roost
|
|upkeep
|turn|33
|
|t:|1635562117
|move|p2a: Mienshao|Close Combat|p1a: Skarmory
|-damage|p1a: Skarmory|6/100
|-unboost|p2a: Mienshao|def|1
|-unboost|p2a: Mienshao|spd|1
|-damage|p2a: Mienshao|17/100|[from] item: Rocky Helmet|[of] p1a: Skarmory
|-damage|p2a: Mienshao|7/100|[from] item: Life Orb
|move|p1a: Skarmory|Roost|p1a: Skarmory
|-heal|p1a: Skarmory|56/100
|-singleturn|p1a: Skarmory|move: Roost
|
|upkeep
|turn|34
|-message|Buster118 forfeited.
|
|win|Dragonstake
|raw|Dragonstake's rating: 1259 &rarr; <strong>1286</strong><br />(+27 for winning)
|raw|Buster118's rating: 1285 &rarr; <strong>1258</strong><br />(-27 for losing)
|l|☆Buster118
