|j|☆oddmushroom
|j|☆Exxxy
|player|p1|oddmushroom|52|1112
|player|p2|Exxxy|erika|1049
|teamsize|p1|6
|teamsize|p2|6
|gametype|singles
|gen|8
|tier|[Gen 8] UU
|rated|
|rule|Sleep Clause Mod: Limit one foe put to sleep
|rule|Species Clause: Limit one of each Pokémon
|rule|OHKO Clause: OHKO moves are banned
|rule|Evasion Moves Clause: Evasion moves are banned
|rule|Endless Battle Clause: Forcing endless battles is banned
|rule|HP Percentage Mod: HP is shown in percentages
|clearpoke
|poke|p1|Qwilfish, F|
|poke|p1|Gardevoir, F|
|poke|p1|Glaceon, M|
|poke|p1|Flygon, M|
|poke|p1|Noctowl, F|
|poke|p1|Boltund, F|
|poke|p2|Boltund, F|
|poke|p2|Sigilyph, M|
|poke|p2|Ribombee, M|
|poke|p2|Hippowdon, F|
|poke|p2|Jellicent, F|
|poke|p2|Turtonator, M|
|rule|Dynamax Clause: You cannot dynamax
|teampreview
|inactive|Battle timer is ON: inactive players will automatically lose when time's up. (requested by oddmushroom)
|inactive|Exxxy has 120 seconds left.
|
|start
|switch|p1a: Qwilfish|Qwilfish, F|100/100
|switch|p2a: Sumbombee|Ribombee, M, shiny|100/100
|-ability|p1a: Qwilfish|Intimidate|boost
|-unboost|p2a: Sumbombee|atk|1
|turn|1
|
|move|p2a: Sumbombee|Sticky Web|p1a: Qwilfish
|-sidestart|p1: oddmushroom|move: Sticky Web
|move|p1a: Qwilfish|Acupressure|p1a: Qwilfish
|-boost|p1a: Qwilfish|evasion|2
|
|upkeep
|turn|2
|
|move|p2a: Sumbombee|U-turn|p1a: Qwilfish|[miss]
|-miss|p2a: Sumbombee|p1a: Qwilfish
|move|p1a: Qwilfish|Acupressure|p1a: Qwilfish
|-boost|p1a: Qwilfish|accuracy|2
|
|upkeep
|turn|3
|c|☆Exxxy|wait
|c|☆Exxxy|i thought evasion was banned/
|inactive|Exxxy has 120 seconds left.
|c|☆Exxxy|"Evasion Moves Clause: Evasion moves are banned"
|c|☆oddmushroom|i dunno what the deal with acupressure is
|
|move|p2a: Sumbombee|U-turn|p1a: Qwilfish|[miss]
|-miss|p2a: Sumbombee|p1a: Qwilfish
|move|p1a: Qwilfish|Acupressure|p1a: Qwilfish
|-boost|p1a: Qwilfish|accuracy|2
|
|upkeep
|turn|4
|c|☆oddmushroom|its the same for mud slap
|c|☆Exxxy|woah what the
|inactive|Exxxy has 120 seconds left.
|
|move|p2a: Sumbombee|U-turn|p1a: Qwilfish
|-resisted|p1a: Qwilfish
|-damage|p1a: Qwilfish|95/100
|inactive|Exxxy has 120 seconds left.
|
|switch|p2a: Sumltund|Boltund, F|100/100|[from]move: U-turn
|move|p1a: Qwilfish|Acupressure|p1a: Qwilfish
|-boost|p1a: Qwilfish|spd|2
|
|-heal|p1a: Qwilfish|100/100|[from] item: Black Sludge
|upkeep
|turn|5
|
|move|p2a: Sumltund|Thunder Fang|p1a: Qwilfish
|-supereffective|p1a: Qwilfish
|-damage|p1a: Qwilfish|0 fnt
|faint|p1a: Qwilfish
|
|upkeep
|
|switch|p1a: Flygon|Flygon, M|100/100
|turn|6
|
|switch|p2a: Sumbombee|Ribombee, M, shiny|100/100
|move|p1a: Flygon|U-turn|p2a: Sumbombee
|-resisted|p2a: Sumbombee
|-damage|p2a: Sumbombee|80/100
|
|switch|p1a: Glaceon|Glaceon, M|100/100|[from]move: U-turn
|-activate|p1a: Glaceon|move: Sticky Web
|-unboost|p1a: Glaceon|spe|1
|
|upkeep
|turn|7
|
|move|p2a: Sumbombee|U-turn|p1a: Glaceon
|-damage|p1a: Glaceon|89/100
|
|switch|p2a: Sumtonator|Turtonator, M|100/100|[from]move: U-turn
|move|p1a: Glaceon|Work Up|p1a: Glaceon
|-boost|p1a: Glaceon|atk|1
|-boost|p1a: Glaceon|spa|1
|
|-heal|p1a: Glaceon|95/100|[from] item: Leftovers
|upkeep
|turn|8
|
|move|p1a: Glaceon|Freeze-Dry|p2a: Sumtonator
|-damage|p2a: Sumtonator|49/100
|move|p2a: Sumtonator|Shell Smash|p2a: Sumtonator
|-unboost|p2a: Sumtonator|def|1
|-unboost|p2a: Sumtonator|spd|1
|-boost|p2a: Sumtonator|atk|2
|-boost|p2a: Sumtonator|spa|2
|-boost|p2a: Sumtonator|spe|2
|-enditem|p2a: Sumtonator|White Herb
|-clearnegativeboost|p2a: Sumtonator|[silent]
|
|-heal|p1a: Glaceon|100/100|[from] item: Leftovers
|upkeep
|turn|9
|
|move|p2a: Sumtonator|Fire Blast|p1a: Glaceon
|-supereffective|p1a: Glaceon
|-damage|p1a: Glaceon|0 fnt
|faint|p1a: Glaceon
|
|upkeep
|
|switch|p1a: Flygon|Flygon, M|100/100
|turn|10
|
|switch|p2a: Sumbombee|Ribombee, M, shiny|80/100
|move|p1a: Flygon|Earthquake|p2a: Sumbombee
|-resisted|p2a: Sumbombee
|-damage|p2a: Sumbombee|37/100
|
|upkeep
|turn|11
|
|move|p1a: Flygon|Earthquake|p2a: Sumbombee
|-resisted|p2a: Sumbombee
|-damage|p2a: Sumbombee|0 fnt
|faint|p2a: Sumbombee
|
|upkeep
|
|switch|p2a: Sumigilyph|Sigilyph, M|100/100
|turn|12
|
|switch|p1a: Gardevoir|Gardevoir, F|100/100
|-activate|p1a: Gardevoir|move: Sticky Web
|-unboost|p1a: Gardevoir|spe|1
|-ability|p1a: Gardevoir|Tinted Lens|[from] ability: Trace|[of] p2a: Sumigilyph
|move|p2a: Sumigilyph|Energy Ball|p1a: Gardevoir
|-crit|p1a: Gardevoir
|-damage|p1a: Gardevoir|65/100
|
|upkeep
|turn|13
|
|move|p2a: Sumigilyph|Air Slash|p1a: Gardevoir
|-damage|p1a: Gardevoir|36/100
|move|p1a: Gardevoir|Mystical Fire|p2a: Sumigilyph
|-damage|p2a: Sumigilyph|68/100
|-unboost|p2a: Sumigilyph|spa|1
|
|-heal|p2a: Sumigilyph|74/100|[from] item: Leftovers
|upkeep
|turn|14
|
|switch|p2a: Sumicent|Jellicent, F|100/100
|move|p1a: Gardevoir|Draining Kiss|p2a: Sumicent
|-damage|p2a: Sumicent|88/100
|-heal|p1a: Gardevoir|51/100|[from] drain|[of] p2a: Sumicent
|
|-heal|p2a: Sumicent|94/100|[from] item: Leftovers
|upkeep
|turn|15
|
|move|p2a: Sumicent|Will-O-Wisp|p1a: Gardevoir
|-status|p1a: Gardevoir|brn
|move|p1a: Gardevoir|Calm Mind|p1a: Gardevoir
|-boost|p1a: Gardevoir|spa|1
|-boost|p1a: Gardevoir|spd|1
|
|-heal|p2a: Sumicent|99/100|[from] item: Leftovers
|-damage|p1a: Gardevoir|45/100 brn|[from] brn
|upkeep
|turn|16
|
|move|p2a: Sumicent|Sludge Bomb|p1a: Gardevoir
|-supereffective|p1a: Gardevoir
|-damage|p1a: Gardevoir|25/100 brn
|move|p1a: Gardevoir|Draining Kiss|p2a: Sumicent
|-damage|p2a: Sumicent|80/100
|-heal|p1a: Gardevoir|49/100 brn|[from] drain|[of] p2a: Sumicent
|
|-heal|p2a: Sumicent|86/100|[from] item: Leftovers
|-damage|p1a: Gardevoir|43/100 brn|[from] brn
|upkeep
|turn|17
|
|move|p2a: Sumicent|Sludge Bomb|p1a: Gardevoir
|-supereffective|p1a: Gardevoir
|-damage|p1a: Gardevoir|23/100 brn
|move|p1a: Gardevoir|Draining Kiss|p2a: Sumicent
|-damage|p2a: Sumicent|68/100
|-heal|p1a: Gardevoir|44/100 brn|[from] drain|[of] p2a: Sumicent
|
|-heal|p2a: Sumicent|74/100|[from] item: Leftovers
|-damage|p1a: Gardevoir|38/100 brn|[from] brn
|upkeep
|turn|18
|
|move|p2a: Sumicent|Sludge Bomb|p1a: Gardevoir
|-supereffective|p1a: Gardevoir
|-damage|p1a: Gardevoir|20/100 brn
|move|p1a: Gardevoir|Draining Kiss|p2a: Sumicent
|-damage|p2a: Sumicent|53/100
|-heal|p1a: Gardevoir|44/100 brn|[from] drain|[of] p2a: Sumicent
|
|-heal|p2a: Sumicent|60/100|[from] item: Leftovers
|-damage|p1a: Gardevoir|38/100 brn|[from] brn
|upkeep
|turn|19
|
|move|p2a: Sumicent|Sludge Bomb|p1a: Gardevoir
|-supereffective|p1a: Gardevoir
|-damage|p1a: Gardevoir|18/100 brn
|move|p1a: Gardevoir|Draining Kiss|p2a: Sumicent
|-damage|p2a: Sumicent|40/100
|-heal|p1a: Gardevoir|40/100 brn|[from] drain|[of] p2a: Sumicent
|
|-heal|p2a: Sumicent|47/100|[from] item: Leftovers
|-damage|p1a: Gardevoir|34/100 brn|[from] brn
|upkeep
|turn|20
|
|move|p2a: Sumicent|Strength Sap|p1a: Gardevoir
|-unboost|p1a: Gardevoir|atk|1
|-heal|p2a: Sumicent|76/100
|move|p1a: Gardevoir|Draining Kiss|p2a: Sumicent
|-damage|p2a: Sumicent|57/100
|-heal|p1a: Gardevoir|57/100 brn|[from] drain|[of] p2a: Sumicent
|
|-heal|p2a: Sumicent|63/100|[from] item: Leftovers
|-damage|p1a: Gardevoir|50/100 brn|[from] brn
|upkeep
|turn|21
|
|move|p2a: Sumicent|Sludge Bomb|p1a: Gardevoir
|-supereffective|p1a: Gardevoir
|-damage|p1a: Gardevoir|31/100 brn
|move|p1a: Gardevoir|Draining Kiss|p2a: Sumicent
|-damage|p2a: Sumicent|43/100
|-heal|p1a: Gardevoir|55/100 brn|[from] drain|[of] p2a: Sumicent
|
|-heal|p2a: Sumicent|49/100|[from] item: Leftovers
|-damage|p1a: Gardevoir|49/100 brn|[from] brn
|upkeep
|turn|22
|
|move|p2a: Sumicent|Strength Sap|p1a: Gardevoir
|-unboost|p1a: Gardevoir|atk|1
|-heal|p2a: Sumicent|69/100
|move|p1a: Gardevoir|Calm Mind|p1a: Gardevoir
|-boost|p1a: Gardevoir|spa|1
|-boost|p1a: Gardevoir|spd|1
|
|-heal|p2a: Sumicent|75/100|[from] item: Leftovers
|-damage|p1a: Gardevoir|43/100 brn|[from] brn
|upkeep
|turn|23
|
|move|p2a: Sumicent|Sludge Bomb|p1a: Gardevoir
|-supereffective|p1a: Gardevoir
|-damage|p1a: Gardevoir|26/100 brn
|move|p1a: Gardevoir|Draining Kiss|p2a: Sumicent
|-crit|p2a: Sumicent
|-damage|p2a: Sumicent|37/100
|-heal|p1a: Gardevoir|70/100 brn|[from] drain|[of] p2a: Sumicent
|
|-heal|p2a: Sumicent|43/100|[from] item: Leftovers
|-damage|p1a: Gardevoir|64/100 brn|[from] brn
|upkeep
|turn|24
|
|move|p2a: Sumicent|Sludge Bomb|p1a: Gardevoir
|-supereffective|p1a: Gardevoir
|-damage|p1a: Gardevoir|49/100 brn
|move|p1a: Gardevoir|Draining Kiss|p2a: Sumicent
|-damage|p2a: Sumicent|18/100
|-heal|p1a: Gardevoir|78/100 brn|[from] drain|[of] p2a: Sumicent
|
|-heal|p2a: Sumicent|24/100|[from] item: Leftovers
|-damage|p1a: Gardevoir|72/100 brn|[from] brn
|upkeep
|turn|25
|c|☆Exxxy|"30% chance to poison" my ass lmao
|c|☆oddmushroom|you already burned me
|c|☆Exxxy|OH
|c|☆Exxxy|fuck
|c|☆Exxxy|LOL
|
|move|p2a: Sumicent|Strength Sap|p1a: Gardevoir
|-unboost|p1a: Gardevoir|atk|1
|-heal|p2a: Sumicent|39/100
|move|p1a: Gardevoir|Draining Kiss|p2a: Sumicent
|-damage|p2a: Sumicent|14/100
|-heal|p1a: Gardevoir|100/100 brn|[from] drain|[of] p2a: Sumicent
|
|-heal|p2a: Sumicent|20/100|[from] item: Leftovers
|-damage|p1a: Gardevoir|94/100 brn|[from] brn
|upkeep
|turn|26
|c|☆Exxxy|i wasnt even paying attention
|
|switch|p2a: Sumppowdon|Hippowdon, F|100/100
|-weather|Sandstorm|[from] ability: Sand Stream|[of] p2a: Sumppowdon
|move|p1a: Gardevoir|Draining Kiss|p2a: Sumppowdon
|-damage|p2a: Sumppowdon|68/100
|-heal|p1a: Gardevoir|100/100 brn|[from] drain|[of] p2a: Sumppowdon
|
|-weather|Sandstorm|[upkeep]
|-damage|p1a: Gardevoir|94/100 brn|[from] Sandstorm
|-heal|p2a: Sumppowdon|74/100|[from] item: Leftovers
|-damage|p1a: Gardevoir|88/100 brn|[from] brn
|upkeep
|turn|27
|
|move|p1a: Gardevoir|Psyshock|p2a: Sumppowdon
|-damage|p2a: Sumppowdon|35/100
|move|p2a: Sumppowdon|Whirlwind|p1a: Gardevoir
|drag|p1a: Flygon|Flygon, M|100/100
|
|-weather|Sandstorm|[upkeep]
|-heal|p2a: Sumppowdon|41/100|[from] item: Leftovers
|upkeep
|turn|28
|
|move|p1a: Flygon|Outrage|p2a: Sumppowdon
|-damage|p2a: Sumppowdon|7/100
|move|p2a: Sumppowdon|Slack Off|p2a: Sumppowdon
|-heal|p2a: Sumppowdon|57/100
|
|-weather|Sandstorm|[upkeep]
|-heal|p2a: Sumppowdon|63/100|[from] item: Leftovers
|upkeep
|turn|29
|inactive|Exxxy has 120 seconds left.
|
|move|p1a: Flygon|Outrage|p2a: Sumppowdon|[from]lockedmove
|-damage|p2a: Sumppowdon|32/100
|-start|p1a: Flygon|confusion|[fatigue]
|move|p2a: Sumppowdon|Whirlwind|p1a: Flygon
|drag|p1a: Gardevoir|Gardevoir, F|88/100 brn
|-activate|p1a: Gardevoir|move: Sticky Web
|-unboost|p1a: Gardevoir|spe|1
|-ability|p1a: Gardevoir|Sand Stream|[from] ability: Trace|[of] p2a: Sumppowdon
|
|-weather|Sandstorm|[upkeep]
|-damage|p1a: Gardevoir|82/100 brn|[from] Sandstorm
|-heal|p2a: Sumppowdon|38/100|[from] item: Leftovers
|-damage|p1a: Gardevoir|76/100 brn|[from] brn
|upkeep
|turn|30
|
|move|p1a: Gardevoir|Draining Kiss|p2a: Sumppowdon
|-damage|p2a: Sumppowdon|20/100
|-heal|p1a: Gardevoir|98/100 brn|[from] drain|[of] p2a: Sumppowdon
|move|p2a: Sumppowdon|Slack Off|p2a: Sumppowdon
|-heal|p2a: Sumppowdon|70/100
|
|-weather|none
|-heal|p2a: Sumppowdon|76/100|[from] item: Leftovers
|-damage|p1a: Gardevoir|91/100 brn|[from] brn
|upkeep
|turn|31
|
|move|p1a: Gardevoir|Calm Mind|p1a: Gardevoir
|-boost|p1a: Gardevoir|spa|1
|-boost|p1a: Gardevoir|spd|1
|move|p2a: Sumppowdon|Stealth Rock|p1a: Gardevoir
|-sidestart|p1: oddmushroom|move: Stealth Rock
|
|-heal|p2a: Sumppowdon|82/100|[from] item: Leftovers
|-damage|p1a: Gardevoir|85/100 brn|[from] brn
|upkeep
|turn|32
|
|move|p1a: Gardevoir|Draining Kiss|p2a: Sumppowdon
|-damage|p2a: Sumppowdon|53/100
|-heal|p1a: Gardevoir|100/100 brn|[from] drain|[of] p2a: Sumppowdon
|move|p2a: Sumppowdon|Earthquake|p1a: Gardevoir
|-crit|p1a: Gardevoir
|-damage|p1a: Gardevoir|35/100 brn
|
|-heal|p2a: Sumppowdon|60/100|[from] item: Leftovers
|-damage|p1a: Gardevoir|29/100 brn|[from] brn
|upkeep
|turn|33
|
|move|p1a: Gardevoir|Draining Kiss|p2a: Sumppowdon
|-damage|p2a: Sumppowdon|31/100
|-heal|p1a: Gardevoir|63/100 brn|[from] drain|[of] p2a: Sumppowdon
|move|p2a: Sumppowdon|Whirlwind|p1a: Gardevoir
|drag|p1a: Boltund|Boltund, F|100/100
|-activate|p1a: Boltund|move: Sticky Web
|-unboost|p1a: Boltund|spe|1
|-damage|p1a: Boltund|88/100|[from] Stealth Rock
|
|-heal|p2a: Sumppowdon|38/100|[from] item: Leftovers
|upkeep
|turn|34
|
|move|p1a: Boltund|Crunch|p2a: Sumppowdon
|-damage|p2a: Sumppowdon|11/100
|move|p2a: Sumppowdon|Slack Off|p2a: Sumppowdon
|-heal|p2a: Sumppowdon|61/100
|
|-heal|p2a: Sumppowdon|67/100|[from] item: Leftovers
|upkeep
|turn|35
|
|switch|p1a: Flygon|Flygon, M|100/100
|-damage|p1a: Flygon|94/100|[from] Stealth Rock
|move|p2a: Sumppowdon|Slack Off|p2a: Sumppowdon
|-heal|p2a: Sumppowdon|100/100
|
|upkeep
|turn|36
|
|move|p1a: Flygon|Earthquake|p2a: Sumppowdon
|-damage|p2a: Sumppowdon|72/100
|move|p2a: Sumppowdon|Whirlwind|p1a: Flygon
|drag|p1a: Noctowl|Noctowl, F|100/100
|-damage|p1a: Noctowl|75/100|[from] Stealth Rock
|
|-heal|p2a: Sumppowdon|78/100|[from] item: Leftovers
|upkeep
|turn|37
|
|move|p1a: Noctowl|Air Slash|p2a: Sumppowdon
|-damage|p2a: Sumppowdon|59/100
|cant|p2a: Sumppowdon|flinch
|
|-heal|p2a: Sumppowdon|65/100|[from] item: Leftovers
|upkeep
|turn|38
|
|move|p1a: Noctowl|Calm Mind|p1a: Noctowl
|-boost|p1a: Noctowl|spa|1
|-boost|p1a: Noctowl|spd|1
|move|p2a: Sumppowdon|Whirlwind|p1a: Noctowl
|drag|p1a: Boltund|Boltund, F|88/100
|-activate|p1a: Boltund|move: Sticky Web
|-unboost|p1a: Boltund|spe|1
|-damage|p1a: Boltund|76/100|[from] Stealth Rock
|
|-heal|p2a: Sumppowdon|71/100|[from] item: Leftovers
|upkeep
|turn|39
|
|move|p1a: Boltund|Crunch|p2a: Sumppowdon
|-damage|p2a: Sumppowdon|43/100
|move|p2a: Sumppowdon|Earthquake|p1a: Boltund
|-supereffective|p1a: Boltund
|-damage|p1a: Boltund|0 fnt
|faint|p1a: Boltund
|
|-heal|p2a: Sumppowdon|49/100|[from] item: Leftovers
|upkeep
|
|switch|p1a: Flygon|Flygon, M|94/100
|-damage|p1a: Flygon|88/100|[from] Stealth Rock
|turn|40
|
|move|p1a: Flygon|Earthquake|p2a: Sumppowdon
|-damage|p2a: Sumppowdon|20/100
|move|p2a: Sumppowdon|Whirlwind|p1a: Flygon
|drag|p1a: Gardevoir|Gardevoir, F|63/100 brn
|-damage|p1a: Gardevoir|50/100 brn|[from] Stealth Rock
|-activate|p1a: Gardevoir|move: Sticky Web
|-unboost|p1a: Gardevoir|spe|1
|-ability|p1a: Gardevoir|Sand Stream|[from] ability: Trace|[of] p2a: Sumppowdon
|-weather|Sandstorm|[from] ability: Sand Stream|[of] p1a: Gardevoir
|
|-weather|Sandstorm|[upkeep]
|-damage|p1a: Gardevoir|44/100 brn|[from] Sandstorm
|-heal|p2a: Sumppowdon|27/100|[from] item: Leftovers
|-damage|p1a: Gardevoir|38/100 brn|[from] brn
|upkeep
|turn|41
|
|move|p1a: Gardevoir|Draining Kiss|p2a: Sumppowdon
|-damage|p2a: Sumppowdon|7/100
|-heal|p1a: Gardevoir|62/100 brn|[from] drain|[of] p2a: Sumppowdon
|move|p2a: Sumppowdon|Slack Off|p2a: Sumppowdon
|-heal|p2a: Sumppowdon|57/100
|
|-weather|Sandstorm|[upkeep]
|-damage|p1a: Gardevoir|56/100 brn|[from] Sandstorm
|-heal|p2a: Sumppowdon|63/100|[from] item: Leftovers
|-damage|p1a: Gardevoir|50/100 brn|[from] brn
|upkeep
|turn|42
|
|move|p1a: Gardevoir|Calm Mind|p1a: Gardevoir
|-boost|p1a: Gardevoir|spa|1
|-boost|p1a: Gardevoir|spd|1
|move|p2a: Sumppowdon|Earthquake|p1a: Gardevoir
|-damage|p1a: Gardevoir|8/100 brn
|
|-weather|Sandstorm|[upkeep]
|-damage|p1a: Gardevoir|2/100 brn|[from] Sandstorm
|-heal|p2a: Sumppowdon|70/100|[from] item: Leftovers
|-damage|p1a: Gardevoir|0 fnt|[from] brn
|faint|p1a: Gardevoir
|upkeep
|
|switch|p1a: Noctowl|Noctowl, F|75/100
|-damage|p1a: Noctowl|50/100|[from] Stealth Rock
|turn|43
|
|move|p1a: Noctowl|Roost|p1a: Noctowl
|-heal|p1a: Noctowl|100/100
|-singleturn|p1a: Noctowl|move: Roost
|move|p2a: Sumppowdon|Whirlwind|p1a: Noctowl
|drag|p1a: Flygon|Flygon, M|88/100
|-damage|p1a: Flygon|82/100|[from] Stealth Rock
|
|-weather|Sandstorm|[upkeep]
|-heal|p2a: Sumppowdon|76/100|[from] item: Leftovers
|upkeep
|turn|44
|
|move|p1a: Flygon|Earthquake|p2a: Sumppowdon
|-damage|p2a: Sumppowdon|47/100
|move|p2a: Sumppowdon|Slack Off|p2a: Sumppowdon
|-heal|p2a: Sumppowdon|97/100
|
|-weather|none
|-heal|p2a: Sumppowdon|100/100|[from] item: Leftovers
|upkeep
|turn|45
|
|move|p1a: Flygon|Earthquake|p2a: Sumppowdon
|-damage|p2a: Sumppowdon|72/100
|move|p2a: Sumppowdon|Whirlwind|p1a: Flygon
|drag|p1a: Noctowl|Noctowl, F|100/100
|-damage|p1a: Noctowl|75/100|[from] Stealth Rock
|
|-heal|p2a: Sumppowdon|78/100|[from] item: Leftovers
|upkeep
|turn|46
|
|move|p1a: Noctowl|Air Slash|p2a: Sumppowdon
|-damage|p2a: Sumppowdon|57/100
|move|p2a: Sumppowdon|Earthquake|p1a: Noctowl
|-immune|p1a: Noctowl
|
|-heal|p2a: Sumppowdon|63/100|[from] item: Leftovers
|upkeep
|turn|47
|
|move|p1a: Noctowl|Calm Mind|p1a: Noctowl
|-boost|p1a: Noctowl|spa|1
|-boost|p1a: Noctowl|spd|1
|move|p2a: Sumppowdon|Slack Off|p2a: Sumppowdon
|-heal|p2a: Sumppowdon|100/100
|
|upkeep
|turn|48
|
|move|p1a: Noctowl|Air Slash|p2a: Sumppowdon
|-damage|p2a: Sumppowdon|69/100
|cant|p2a: Sumppowdon|flinch
|
|-heal|p2a: Sumppowdon|75/100|[from] item: Leftovers
|upkeep
|turn|49
|
|move|p1a: Noctowl|Air Slash|p2a: Sumppowdon
|-damage|p2a: Sumppowdon|48/100
|move|p2a: Sumppowdon|Whirlwind|p1a: Noctowl
|drag|p1a: Flygon|Flygon, M|82/100
|-damage|p1a: Flygon|76/100|[from] Stealth Rock
|
|-heal|p2a: Sumppowdon|54/100|[from] item: Leftovers
|upkeep
|turn|50
|
|move|p1a: Flygon|U-turn|p2a: Sumppowdon
|-damage|p2a: Sumppowdon|41/100
|
|switch|p1a: Noctowl|Noctowl, F|75/100|[from]move: U-turn
|-damage|p1a: Noctowl|50/100|[from] Stealth Rock
|move|p2a: Sumppowdon|Slack Off|p2a: Sumppowdon
|-heal|p2a: Sumppowdon|91/100
|
|-heal|p2a: Sumppowdon|98/100|[from] item: Leftovers
|upkeep
|turn|51
|
|move|p1a: Noctowl|Air Slash|p2a: Sumppowdon
|-damage|p2a: Sumppowdon|78/100
|move|p2a: Sumppowdon|Earthquake|p1a: Noctowl
|-immune|p1a: Noctowl
|
|-heal|p2a: Sumppowdon|84/100|[from] item: Leftovers
|upkeep
|turn|52
|
|move|p1a: Noctowl|Roost|p1a: Noctowl
|-heal|p1a: Noctowl|100/100
|-singleturn|p1a: Noctowl|move: Roost
|move|p2a: Sumppowdon|Earthquake|p1a: Noctowl
|-crit|p1a: Noctowl
|-damage|p1a: Noctowl|44/100
|-enditem|p1a: Noctowl|Kee Berry|[eat]
|-boost|p1a: Noctowl|def|1
|
|-heal|p2a: Sumppowdon|90/100|[from] item: Leftovers
|upkeep
|turn|53
|
|move|p1a: Noctowl|Air Slash|p2a: Sumppowdon|[miss]
|-miss|p1a: Noctowl|p2a: Sumppowdon
|move|p2a: Sumppowdon|Whirlwind|p1a: Noctowl
|drag|p1a: Flygon|Flygon, M|76/100
|-damage|p1a: Flygon|70/100|[from] Stealth Rock
|
|-heal|p2a: Sumppowdon|96/100|[from] item: Leftovers
|upkeep
|turn|54
|c|☆oddmushroom|gg
|-message|oddmushroom forfeited.
|
|win|Exxxy
|l|☆oddmushroom
|c|☆Exxxy|ggwp
|raw|oddmushroom's rating: 1136 &rarr; <strong>1105</strong><br />(-31 for losing)
|raw|Exxxy's rating: 1050 &rarr; <strong>1090</strong><br />(+40 for winning)
