|j|☆dcrpt
|j|☆BewearHugger
|player|p1|dcrpt|265|1493
|player|p2|BewearHugger|pokemaniac-gen3rs|1533
|teamsize|p1|6
|teamsize|p2|6
|gametype|singles
|gen|8
|tier|[Gen 8] UU
|rated|
|clearpoke
|poke|p1|Blissey, F|
|poke|p1|Skarmory, M|
|poke|p1|Quagsire, M|
|poke|p1|Weezing-Galar, M|
|poke|p1|Incineroar, F|
|poke|p1|Necrozma|
|poke|p2|Bewear, M|
|poke|p2|Grimmsnarl, M|
|poke|p2|Krookodile, M|
|poke|p2|Scolipede, F|
|poke|p2|Porygon-Z|
|poke|p2|Necrozma|
|rule|Sleep Clause Mod: Limit one foe put to sleep
|rule|Species Clause: Limit one of each Pokémon
|rule|OHKO Clause: OHKO moves are banned
|rule|Evasion Moves Clause: Evasion moves are banned
|rule|Endless Battle Clause: Forcing endless battles is banned
|rule|HP Percentage Mod: HP is shown in percentages
|rule|Dynamax Clause: You cannot dynamax
|teampreview
|inactive|Battle timer is ON: inactive players will automatically lose when time's up. (requested by BewearHugger)
|
|start
|switch|p1a: Skarmory|Skarmory, M|100/100
|switch|p2a: Krookodile|Krookodile, M|100/100
|-ability|p2a: Krookodile|Intimidate|boost
|-unboost|p1a: Skarmory|atk|1
|turn|1
|
|move|p2a: Krookodile|Knock Off|p1a: Skarmory
|-crit|p1a: Skarmory
|-damage|p1a: Skarmory|56/100
|-damage|p2a: Krookodile|84/100|[from] item: Rocky Helmet|[of] p1a: Skarmory
|-enditem|p1a: Skarmory|Rocky Helmet|[from] move: Knock Off|[of] p2a: Krookodile
|move|p1a: Skarmory|Stealth Rock|p2a: Krookodile
|-sidestart|p2: BewearHugger|move: Stealth Rock
|
|upkeep
|turn|2
|
|move|p2a: Krookodile|Taunt|p1a: Skarmory
|-start|p1a: Skarmory|move: Taunt
|move|p1a: Skarmory|Body Press|p2a: Krookodile
|-supereffective|p2a: Krookodile
|-damage|p2a: Krookodile|4/100
|
|upkeep
|turn|3
|
|move|p2a: Krookodile|Stealth Rock|p1a: Skarmory
|-sidestart|p1: dcrpt|move: Stealth Rock
|move|p1a: Skarmory|Body Press|p2a: Krookodile
|-supereffective|p2a: Krookodile
|-damage|p2a: Krookodile|0 fnt
|faint|p2a: Krookodile
|
|upkeep
|
|switch|p2a: Bewear|Bewear, M|100/100
|-damage|p2a: Bewear|94/100|[from] Stealth Rock
|turn|4
|
|switch|p1a: Necrozma|Necrozma|100/100
|-damage|p1a: Necrozma|88/100|[from] Stealth Rock
|move|p2a: Bewear|Swords Dance|p2a: Bewear
|-boost|p2a: Bewear|atk|2
|
|-heal|p1a: Necrozma|94/100|[from] item: Leftovers
|upkeep
|turn|5
|
|move|p1a: Necrozma|Iron Defense|p1a: Necrozma
|-boost|p1a: Necrozma|def|2
|move|p2a: Bewear|Double-Edge|p1a: Necrozma
|-damage|p1a: Necrozma|27/100
|-damage|p2a: Bewear|71/100|[from] Recoil
|
|-heal|p1a: Necrozma|33/100|[from] item: Leftovers
|upkeep
|turn|6
|
|move|p1a: Necrozma|Stored Power|p2a: Bewear
|-supereffective|p2a: Bewear
|-damage|p2a: Bewear|2/100
|move|p2a: Bewear|Double-Edge|p1a: Necrozma
|-damage|p1a: Necrozma|0 fnt
|-damage|p2a: Bewear|0 fnt|[from] Recoil
|faint|p1a: Necrozma
|faint|p2a: Bewear
|
|upkeep
|
|switch|p1a: Incineroar|Incineroar, F|100/100
|switch|p2a: Grimmsnarl|Grimmsnarl, M|100/100
|-ability|p1a: Incineroar|Intimidate|boost
|-unboost|p2a: Grimmsnarl|atk|1
|-damage|p2a: Grimmsnarl|88/100|[from] Stealth Rock
|turn|7
|
|move|p1a: Incineroar|Swords Dance|p1a: Incineroar
|-boost|p1a: Incineroar|atk|2
|move|p2a: Grimmsnarl|Spirit Break|p1a: Incineroar
|-damage|p1a: Incineroar|76/100
|-unboost|p1a: Incineroar|spa|1
|
|upkeep
|turn|8
|
|move|p2a: Grimmsnarl|Taunt|p1a: Incineroar
|-hint|Since gen 7, Dark is immune to Prankster moves.
|-immune|p1a: Incineroar
|move|p1a: Incineroar|Flare Blitz|p2a: Grimmsnarl
|-damage|p2a: Grimmsnarl|0 fnt
|-damage|p1a: Incineroar|49/100|[from] Recoil
|faint|p2a: Grimmsnarl
|
|upkeep
|
|switch|p2a: Porygon-Z|Porygon-Z|100/100
|-damage|p2a: Porygon-Z|88/100|[from] Stealth Rock
|turn|9
|
|move|p2a: Porygon-Z|Tri Attack|p1a: Incineroar
|-damage|p1a: Incineroar|0 fnt
|faint|p1a: Incineroar
|
|upkeep
|
|switch|p1a: Skarmory|Skarmory, M|56/100
|-damage|p1a: Skarmory|43/100|[from] Stealth Rock
|turn|10
|
|move|p2a: Porygon-Z|Tri Attack|p1a: Skarmory
|-resisted|p1a: Skarmory
|-damage|p1a: Skarmory|2/100
|move|p1a: Skarmory|Body Press|p2a: Porygon-Z
|-supereffective|p2a: Porygon-Z
|-damage|p2a: Porygon-Z|1/100
|
|upkeep
|turn|11
|
|move|p2a: Porygon-Z|Shadow Ball|p1a: Skarmory
|-damage|p1a: Skarmory|0 fnt
|faint|p1a: Skarmory
|
|upkeep
|
|switch|p1a: Blissey|Blissey, F|100/100
|-damage|p1a: Blissey|88/100|[from] Stealth Rock
|turn|12
|
|move|p2a: Porygon-Z|Tri Attack|p1a: Blissey
|-damage|p1a: Blissey|65/100
|move|p1a: Blissey|Seismic Toss|p2a: Porygon-Z
|-damage|p2a: Porygon-Z|0 fnt
|faint|p2a: Porygon-Z
|
|-heal|p1a: Blissey|72/100|[from] item: Leftovers
|upkeep
|
|switch|p2a: Scolipede|Scolipede, F|100/100
|-damage|p2a: Scolipede|76/100|[from] Stealth Rock
|turn|13
|
|move|p2a: Scolipede|Megahorn|p1a: Blissey
|-damage|p1a: Blissey|12/100
|-damage|p2a: Scolipede|66/100|[from] item: Life Orb
|move|p1a: Blissey|Seismic Toss|p2a: Scolipede
|-damage|p2a: Scolipede|27/100
|
|-heal|p1a: Blissey|18/100|[from] item: Leftovers
|-ability|p2a: Scolipede|Speed Boost|boost
|-boost|p2a: Scolipede|spe|1
|upkeep
|turn|14
|
|move|p2a: Scolipede|Earthquake|p1a: Blissey
|-damage|p1a: Blissey|0 fnt
|-damage|p2a: Scolipede|17/100|[from] item: Life Orb
|faint|p1a: Blissey
|
|-ability|p2a: Scolipede|Speed Boost|boost
|-boost|p2a: Scolipede|spe|1
|upkeep
|
|switch|p1a: Quagsire|Quagsire, M|100/100
|-damage|p1a: Quagsire|94/100|[from] Stealth Rock
|turn|15
|
|move|p2a: Scolipede|Megahorn|p1a: Quagsire
|-damage|p1a: Quagsire|48/100
|-damage|p2a: Scolipede|7/100|[from] item: Life Orb
|move|p1a: Quagsire|Scald|p2a: Scolipede
|-damage|p2a: Scolipede|0 fnt
|faint|p2a: Scolipede
|
|-heal|p1a: Quagsire|55/100|[from] item: Leftovers
|upkeep
|
|switch|p2a: Necrozma|Necrozma|100/100
|-damage|p2a: Necrozma|88/100|[from] Stealth Rock
|turn|16
|
|move|p2a: Necrozma|Photon Geyser|p1a: Quagsire
|-damage|p1a: Quagsire|0 fnt
|faint|p1a: Quagsire
|
|upkeep
|
|switch|p1a: Weezing|Weezing-Galar, M|100/100
|-ability|p1a: Weezing|Neutralizing Gas
|-damage|p1a: Weezing|88/100|[from] Stealth Rock
|turn|17
|
|move|p2a: Necrozma|Photon Geyser|p1a: Weezing
|-supereffective|p1a: Weezing
|-damage|p1a: Weezing|0 fnt
|faint|p1a: Weezing
|
|win|BewearHugger
|l|☆dcrpt
