|j|☆CBU's BrokenToe
|j|☆gijion chilli
|player|p1|CBU's BrokenToe|acetrainersnowf|1456
|player|p2|gijion chilli|2|1469
|teamsize|p1|6
|teamsize|p2|6
|gametype|singles
|gen|8
|tier|[Gen 8] UU
|rated|
|clearpoke
|poke|p1|Vikavolt, F|
|poke|p1|Haxorus, M|
|poke|p1|Roserade, F|
|poke|p1|Arcanine, M|
|poke|p1|Bronzong|
|poke|p1|Braviary, M|
|poke|p2|Tsareena, F|
|poke|p2|Jellicent, M|
|poke|p2|Gigalith, F|
|poke|p2|Durant, M|
|poke|p2|Weezing-Galar, M|
|poke|p2|Diggersby, F|
|rule|Sleep Clause Mod: Limit one foe put to sleep
|rule|Species Clause: Limit one of each Pokémon
|rule|OHKO Clause: OHKO moves are banned
|rule|Evasion Moves Clause: Evasion moves are banned
|rule|Endless Battle Clause: Forcing endless battles is banned
|rule|HP Percentage Mod: HP is shown in percentages
|rule|Dynamax Clause: You cannot dynamax
|teampreview
|j| Eonico
|
|start
|switch|p1a: Haxorus|Haxorus, M|100/100
|switch|p2a: Durant|Durant, M|100/100
|-ability|p1a: Haxorus|Mold Breaker
|turn|1
|inactive|Battle timer is ON: inactive players will automatically lose when time's up. (requested by CBU's BrokenToe)
|
|switch|p1a: Arcanine|Arcanine, M|100/100
|-ability|p1a: Arcanine|Intimidate|boost
|-unboost|p2a: Durant|atk|1
|move|p2a: Durant|Superpower|p1a: Arcanine
|-damage|p1a: Arcanine|53/100
|-unboost|p2a: Durant|atk|1
|-unboost|p2a: Durant|def|1
|
|upkeep
|turn|2
|
|switch|p2a: Jellicent|Jellicent, M|100/100
|move|p1a: Arcanine|Toxic|p2a: Jellicent
|-status|p2a: Jellicent|tox
|
|-damage|p2a: Jellicent|94/100 tox|[from] psn
|upkeep
|turn|3
|
|switch|p1a: Roserade|Roserade, F|100/100
|switch|p2a: Gigalith|Gigalith, F|100/100
|-weather|Sandstorm|[from] ability: Sand Stream|[of] p2a: Gigalith
|
|-weather|Sandstorm|[upkeep]
|-damage|p1a: Roserade|94/100|[from] Sandstorm
|-heal|p1a: Roserade|100/100|[from] item: Black Sludge
|upkeep
|turn|4
|
|move|p1a: Roserade|Giga Drain|p2a: Gigalith
|-supereffective|p2a: Gigalith
|-damage|p2a: Gigalith|55/100
|move|p2a: Gigalith|Stone Edge|p1a: Roserade
|-crit|p1a: Roserade
|-damage|p1a: Roserade|0 fnt
|faint|p1a: Roserade
|
|-weather|Sandstorm|[upkeep]
|-heal|p2a: Gigalith|61/100|[from] item: Leftovers
|upkeep
|
|switch|p1a: Haxorus|Haxorus, M|100/100
|-ability|p1a: Haxorus|Mold Breaker
|turn|5
|
|switch|p2a: Tsareena|Tsareena, F|100/100
|move|p1a: Haxorus|Earthquake|p2a: Tsareena
|-resisted|p2a: Tsareena
|-damage|p2a: Tsareena|66/100
|
|-weather|Sandstorm|[upkeep]
|-damage|p1a: Haxorus|94/100|[from] Sandstorm
|-damage|p2a: Tsareena|60/100|[from] Sandstorm
|upkeep
|turn|6
|
|move|p1a: Haxorus|Earthquake|p2a: Tsareena
|-resisted|p2a: Tsareena
|-damage|p2a: Tsareena|26/100
|move|p2a: Tsareena|U-turn|p1a: Haxorus
|-damage|p1a: Haxorus|62/100
|
|switch|p2a: Durant|Durant, M|100/100|[from]move: U-turn
|
|-weather|Sandstorm|[upkeep]
|-damage|p1a: Haxorus|56/100|[from] Sandstorm
|upkeep
|turn|7
|
|switch|p1a: Braviary|Braviary, M|100/100
|move|p2a: Durant|Crunch|p1a: Braviary
|-crit|p1a: Braviary
|-damage|p1a: Braviary|0 fnt
|faint|p1a: Braviary
|
|-weather|none
|upkeep
|
|switch|p1a: Arcanine|Arcanine, M|53/100
|-ability|p1a: Arcanine|Intimidate|boost
|-unboost|p2a: Durant|atk|1
|turn|8
|
|switch|p2a: Tsareena|Tsareena, F|26/100
|move|p1a: Arcanine|Morning Sun|p1a: Arcanine
|-heal|p1a: Arcanine|100/100
|
|upkeep
|turn|9
|
|move|p2a: Tsareena|Knock Off|p1a: Arcanine
|-damage|p1a: Arcanine|75/100
|-enditem|p1a: Arcanine|Heavy-Duty Boots|[from] move: Knock Off|[of] p2a: Tsareena
|move|p1a: Arcanine|Flamethrower|p2a: Tsareena
|-supereffective|p2a: Tsareena
|-damage|p2a: Tsareena|0 fnt
|faint|p2a: Tsareena
|
|upkeep
|
|switch|p2a: Diggersby|Diggersby, F|100/100
|turn|10
|
|switch|p1a: Bronzong|Bronzong|100/100
|move|p2a: Diggersby|Earthquake|p1a: Bronzong
|-immune|p1a: Bronzong|[from] ability: Levitate
|
|upkeep
|turn|11
|
|switch|p2a: Weezing|Weezing-Galar, M|100/100
|move|p1a: Bronzong|Stealth Rock|p2a: Weezing
|-sidestart|p2: gijion chilli|move: Stealth Rock
|
|upkeep
|turn|12
|
|move|p2a: Weezing|Toxic Spikes|p1a: Bronzong
|-sidestart|p1: CBU's BrokenToe|move: Toxic Spikes
|move|p1a: Bronzong|Gyro Ball|p2a: Weezing
|-supereffective|p2a: Weezing
|-damage|p2a: Weezing|73/100
|
|-heal|p2a: Weezing|79/100|[from] item: Black Sludge
|upkeep
|turn|13
|
|move|p2a: Weezing|Fire Blast|p1a: Bronzong
|-supereffective|p1a: Bronzong
|-damage|p1a: Bronzong|73/100
|move|p1a: Bronzong|Gyro Ball|p2a: Weezing
|-supereffective|p2a: Weezing
|-damage|p2a: Weezing|51/100
|
|-heal|p2a: Weezing|57/100|[from] item: Black Sludge
|-heal|p1a: Bronzong|79/100|[from] item: Leftovers
|upkeep
|turn|14
|
|switch|p2a: Durant|Durant, M|100/100
|-damage|p2a: Durant|88/100|[from] Stealth Rock
|move|p1a: Bronzong|Gyro Ball|p2a: Durant
|-resisted|p2a: Durant
|-damage|p2a: Durant|64/100
|
|-heal|p1a: Bronzong|86/100|[from] item: Leftovers
|upkeep
|turn|15
|
|move|p1a: Bronzong|Protect|p1a: Bronzong
|-singleturn|p1a: Bronzong|Protect
|move|p2a: Durant|Crunch|p1a: Bronzong
|-activate|p1a: Bronzong|move: Protect
|
|-heal|p1a: Bronzong|92/100|[from] item: Leftovers
|upkeep
|turn|16
|
|switch|p1a: Arcanine|Arcanine, M|75/100
|-status|p1a: Arcanine|psn
|-ability|p1a: Arcanine|Intimidate|boost
|-unboost|p2a: Durant|atk|1
|move|p2a: Durant|Crunch|p1a: Arcanine
|-damage|p1a: Arcanine|43/100 psn
|
|-damage|p1a: Arcanine|31/100 psn|[from] psn
|upkeep
|turn|17
|
|move|p2a: Durant|Crunch|p1a: Arcanine
|-damage|p1a: Arcanine|0 fnt
|faint|p1a: Arcanine
|
|upkeep
|
|switch|p1a: Vikavolt|Vikavolt, F|100/100
|turn|18
|
|switch|p2a: Gigalith|Gigalith, F|61/100
|-damage|p2a: Gigalith|49/100|[from] Stealth Rock
|-weather|Sandstorm|[from] ability: Sand Stream|[of] p2a: Gigalith
|move|p1a: Vikavolt|Thunderbolt|p2a: Gigalith
|-damage|p2a: Gigalith|21/100
|
|-weather|Sandstorm|[upkeep]
|-damage|p1a: Vikavolt|94/100|[from] Sandstorm
|-heal|p1a: Vikavolt|100/100|[from] item: Leftovers
|-heal|p2a: Gigalith|28/100|[from] item: Leftovers
|upkeep
|turn|19
|
|move|p1a: Vikavolt|Thunderbolt|p2a: Gigalith
|-damage|p2a: Gigalith|0 fnt
|faint|p2a: Gigalith
|
|-weather|Sandstorm|[upkeep]
|-damage|p1a: Vikavolt|94/100|[from] Sandstorm
|-heal|p1a: Vikavolt|100/100|[from] item: Leftovers
|upkeep
|
|switch|p2a: Durant|Durant, M|64/100
|-damage|p2a: Durant|51/100|[from] Stealth Rock
|turn|20
|
|switch|p1a: Haxorus|Haxorus, M|56/100
|-status|p1a: Haxorus|psn
|-ability|p1a: Haxorus|Mold Breaker
|move|p2a: Durant|First Impression|p1a: Haxorus
|-crit|p1a: Haxorus
|-damage|p1a: Haxorus|0 fnt
|faint|p1a: Haxorus
|
|-weather|Sandstorm|[upkeep]
|upkeep
|
|switch|p1a: Vikavolt|Vikavolt, F|100/100
|turn|21
|
|switch|p2a: Jellicent|Jellicent, M|94/100 tox
|-damage|p2a: Jellicent|82/100 tox|[from] Stealth Rock
|move|p1a: Vikavolt|Agility|p1a: Vikavolt
|-boost|p1a: Vikavolt|spe|2
|
|-weather|Sandstorm|[upkeep]
|-damage|p1a: Vikavolt|94/100|[from] Sandstorm
|-damage|p2a: Jellicent|76/100 tox|[from] Sandstorm
|-heal|p1a: Vikavolt|100/100|[from] item: Leftovers
|-heal|p2a: Jellicent|82/100 tox|[from] item: Leftovers
|-damage|p2a: Jellicent|76/100 tox|[from] psn
|upkeep
|turn|22
|
|move|p1a: Vikavolt|Thunderbolt|p2a: Jellicent
|-supereffective|p2a: Jellicent
|-damage|p2a: Jellicent|0 fnt
|faint|p2a: Jellicent
|
|-weather|none
|upkeep
|
|switch|p2a: Durant|Durant, M|51/100
|-damage|p2a: Durant|39/100|[from] Stealth Rock
|turn|23
|
|move|p2a: Durant|First Impression|p1a: Vikavolt|[miss]
|-miss|p2a: Durant|p1a: Vikavolt
|move|p1a: Vikavolt|Roost||[still]
|-fail|p1a: Vikavolt|heal
|
|upkeep
|turn|24
|
|switch|p2a: Diggersby|Diggersby, F|100/100
|-damage|p2a: Diggersby|94/100|[from] Stealth Rock
|move|p1a: Vikavolt|Bug Buzz|p2a: Diggersby
|-damage|p2a: Diggersby|22/100
|
|upkeep
|turn|25
|
|move|p2a: Diggersby|Fire Punch|p1a: Vikavolt
|-supereffective|p1a: Vikavolt
|-damage|p1a: Vikavolt|29/100
|-status|p1a: Vikavolt|brn
|move|p1a: Vikavolt|Bug Buzz|p2a: Diggersby
|-damage|p2a: Diggersby|0 fnt
|faint|p2a: Diggersby
|
|-heal|p1a: Vikavolt|35/100 brn|[from] item: Leftovers
|-damage|p1a: Vikavolt|29/100 brn|[from] brn
|upkeep
|
|switch|p2a: Durant|Durant, M|39/100
|-damage|p2a: Durant|27/100|[from] Stealth Rock
|turn|26
|
|switch|p1a: Bronzong|Bronzong|92/100
|move|p2a: Durant|First Impression|p1a: Bronzong
|-damage|p1a: Bronzong|3/100
|
|-heal|p1a: Bronzong|9/100|[from] item: Leftovers
|upkeep
|turn|27
|
|switch|p2a: Weezing|Weezing-Galar, M|57/100
|-damage|p2a: Weezing|45/100|[from] Stealth Rock
|switch|p1a: Vikavolt|Vikavolt, F|29/100 brn
|
|-heal|p1a: Vikavolt|35/100 brn|[from] item: Leftovers
|-heal|p2a: Weezing|51/100|[from] item: Black Sludge
|-damage|p1a: Vikavolt|29/100 brn|[from] brn
|upkeep
|turn|28
|
|move|p1a: Vikavolt|Roost|p1a: Vikavolt
|-heal|p1a: Vikavolt|79/100 brn
|-singleturn|p1a: Vikavolt|move: Roost
|move|p2a: Weezing|Sludge Bomb|p1a: Vikavolt
|-damage|p1a: Vikavolt|39/100 brn
|
|-heal|p1a: Vikavolt|46/100 brn|[from] item: Leftovers
|-heal|p2a: Weezing|57/100|[from] item: Black Sludge
|-damage|p1a: Vikavolt|39/100 brn|[from] brn
|upkeep
|turn|29
|
|move|p1a: Vikavolt|Roost|p1a: Vikavolt
|-heal|p1a: Vikavolt|89/100 brn
|-singleturn|p1a: Vikavolt|move: Roost
|move|p2a: Weezing|Fire Blast|p1a: Vikavolt
|-supereffective|p1a: Vikavolt
|-damage|p1a: Vikavolt|31/100 brn
|
|-heal|p1a: Vikavolt|37/100 brn|[from] item: Leftovers
|-heal|p2a: Weezing|63/100|[from] item: Black Sludge
|-damage|p1a: Vikavolt|31/100 brn|[from] brn
|upkeep
|turn|30
|
|move|p1a: Vikavolt|Roost|p1a: Vikavolt
|-heal|p1a: Vikavolt|81/100 brn
|-singleturn|p1a: Vikavolt|move: Roost
|move|p2a: Weezing|Fire Blast|p1a: Vikavolt
|-supereffective|p1a: Vikavolt
|-damage|p1a: Vikavolt|18/100 brn
|
|-heal|p1a: Vikavolt|24/100 brn|[from] item: Leftovers
|-heal|p2a: Weezing|69/100|[from] item: Black Sludge
|-damage|p1a: Vikavolt|18/100 brn|[from] brn
|upkeep
|turn|31
|
|move|p1a: Vikavolt|Roost|p1a: Vikavolt
|-heal|p1a: Vikavolt|68/100 brn
|-singleturn|p1a: Vikavolt|move: Roost
|move|p2a: Weezing|Fire Blast|p1a: Vikavolt
|-supereffective|p1a: Vikavolt
|-damage|p1a: Vikavolt|2/100 brn
|
|-heal|p1a: Vikavolt|8/100 brn|[from] item: Leftovers
|-heal|p2a: Weezing|75/100|[from] item: Black Sludge
|-damage|p1a: Vikavolt|2/100 brn|[from] brn
|upkeep
|turn|32
|
|move|p1a: Vikavolt|Roost|p1a: Vikavolt
|-heal|p1a: Vikavolt|52/100 brn
|-singleturn|p1a: Vikavolt|move: Roost
|move|p2a: Weezing|Fire Blast|p1a: Vikavolt
|-supereffective|p1a: Vikavolt
|-damage|p1a: Vikavolt|0 fnt
|faint|p1a: Vikavolt
|
|-heal|p2a: Weezing|81/100|[from] item: Black Sludge
|upkeep
|-message|CBU's BrokenToe forfeited.
|
|win|gijion chilli
|l|☆CBU's BrokenToe
