|raw|<div class="broadcast-blue"><strong>This battle is required to be public due to a player having a name starting with 'uult92q'.</div>
|j|☆Lucckyy
|j|☆UULT92q daam
|t:|1652490089
|gametype|singles
|player|p1|Lucckyy|idol|1504
|player|p2|UULT92q daam|2|1636
|teamsize|p1|6
|teamsize|p2|6
|gen|8
|tier|[Gen 8] UU
|rated|
|rule|Sleep Clause Mod: Limit one foe put to sleep
|rule|Species Clause: Limit one of each Pokémon
|rule|OHKO Clause: OHKO moves are banned
|rule|Evasion Moves Clause: Evasion moves are banned
|rule|Endless Battle Clause: Forcing endless battles is banned
|rule|HP Percentage Mod: HP is shown in percentages
|rule|Dynamax Clause: You cannot dynamax
|clearpoke
|poke|p1|Tornadus, M|
|poke|p1|Whimsicott, F|
|poke|p1|Conkeldurr, F|
|poke|p1|Darmanitan, M|
|poke|p1|Obstagoon, F|
|poke|p1|Durant, F|
|poke|p2|Togekiss, F|
|poke|p2|Nidoking, M|
|poke|p2|Hydreigon, M|
|poke|p2|Rotom-Heat|
|poke|p2|Scizor, F|
|poke|p2|Tangrowth, F|
|teampreview
|inactive|Battle timer is ON: inactive players will automatically lose when time's up. (requested by Lucckyy)
|
|t:|1652490106
|start
|switch|p1a: Darmanitan|Darmanitan, M|100/100
|switch|p2a: Scizor|Scizor, F|100/100
|turn|1
|
|t:|1652490129
|move|p2a: Scizor|Bullet Punch|p1a: Darmanitan
|-resisted|p1a: Darmanitan
|-damage|p1a: Darmanitan|69/100
|move|p1a: Darmanitan|Flare Blitz|p2a: Scizor
|-supereffective|p2a: Scizor
|-damage|p2a: Scizor|0 fnt
|faint|p2a: Scizor
|-damage|p1a: Darmanitan|37/100|[from] Recoil
|
|upkeep
|
|t:|1652490134
|switch|p2a: Rotom|Rotom-Heat|100/100
|turn|2
|
|t:|1652490142
|move|p1a: Darmanitan|Rock Slide|p2a: Rotom
|-supereffective|p2a: Rotom
|-damage|p2a: Rotom|5/100
|move|p2a: Rotom|Volt Switch|p1a: Darmanitan
|-damage|p1a: Darmanitan|0 fnt
|faint|p1a: Darmanitan
|
|t:|1652490155
|switch|p2a: Togekiss|Togekiss, F|100/100|[from]move: Volt Switch
|
|upkeep
|
|t:|1652490168
|switch|p1a: Whimsicott|Whimsicott, F|100/100
|turn|3
|
|t:|1652490175
|move|p1a: Whimsicott|Tailwind|p1a: Whimsicott
|-sidestart|p1: Lucckyy|move: Tailwind
|move|p2a: Togekiss|Air Slash|p1a: Whimsicott
|-supereffective|p1a: Whimsicott
|-damage|p1a: Whimsicott|2/100
|-enditem|p1a: Whimsicott|Eject Button
|
|t:|1652490186
|switch|p1a: Obstagoon|Obstagoon, F|100/100
|
|-status|p1a: Obstagoon|brn|[from] item: Flame Orb
|upkeep
|turn|4
|
|t:|1652490193
|switch|p2a: Tangrowth|Tangrowth, F|100/100
|move|p1a: Obstagoon|Facade|p2a: Tangrowth
|-damage|p2a: Tangrowth|52/100
|-damage|p1a: Obstagoon|84/100 brn|[from] item: Rocky Helmet|[of] p2a: Tangrowth
|
|-damage|p1a: Obstagoon|78/100 brn|[from] brn
|upkeep
|turn|5
|j| UULT92q BFM
|
|t:|1652490202
|switch|p2a: Rotom|Rotom-Heat|5/100
|move|p1a: Obstagoon|Knock Off|p2a: Rotom
|-damage|p2a: Rotom|0 fnt
|-enditem|p2a: Rotom|Heavy-Duty Boots|[from] move: Knock Off|[of] p1a: Obstagoon
|faint|p2a: Rotom
|
|-damage|p1a: Obstagoon|72/100 brn|[from] brn
|upkeep
|
|t:|1652490204
|switch|p2a: Tangrowth|Tangrowth, F|85/100
|turn|6
|
|t:|1652490208
|move|p1a: Obstagoon|Knock Off|p2a: Tangrowth
|-damage|p2a: Tangrowth|53/100
|-damage|p1a: Obstagoon|55/100 brn|[from] item: Rocky Helmet|[of] p2a: Tangrowth
|-enditem|p2a: Tangrowth|Rocky Helmet|[from] move: Knock Off|[of] p1a: Obstagoon
|move|p2a: Tangrowth|Giga Drain|p1a: Obstagoon
|-damage|p1a: Obstagoon|19/100 brn
|-heal|p2a: Tangrowth|68/100|[from] drain|[of] p1a: Obstagoon
|
|-damage|p1a: Obstagoon|13/100 brn|[from] brn
|-sideend|p1: Lucckyy|move: Tailwind
|upkeep
|turn|7
|
|t:|1652490217
|switch|p1a: Durant|Durant, F|100/100
|move|p2a: Tangrowth|Giga Drain|p1a: Durant
|-resisted|p1a: Durant
|-damage|p1a: Durant|84/100
|-heal|p2a: Tangrowth|73/100|[from] drain|[of] p1a: Durant
|
|upkeep
|turn|8
|
|t:|1652490225
|switch|p2a: Togekiss|Togekiss, F|100/100
|move|p1a: Durant|Iron Head|p2a: Togekiss
|-supereffective|p2a: Togekiss
|-damage|p2a: Togekiss|0 fnt
|faint|p2a: Togekiss
|-damage|p1a: Durant|74/100|[from] item: Life Orb
|
|upkeep
|
|t:|1652490230
|switch|p2a: deino triple|Hydreigon, M|100/100
|turn|9
|
|t:|1652490233
|switch|p1a: Whimsicott|Whimsicott, F|2/100
|move|p2a: deino triple|U-turn|p1a: Whimsicott
|-damage|p1a: Whimsicott|0 fnt
|faint|p1a: Whimsicott
|
|t:|1652490239
|switch|p2a: Nidoking|Nidoking, M|100/100|[from]move: U-turn
|
|upkeep
|
|t:|1652490246
|switch|p1a: Obstagoon|Obstagoon, F|13/100 brn
|turn|10
|
|t:|1652490250
|switch|p2a: Tangrowth|Tangrowth, F|100/100
|move|p1a: Obstagoon|Bulk Up|p1a: Obstagoon
|-boost|p1a: Obstagoon|atk|1
|-boost|p1a: Obstagoon|def|1
|
|-damage|p1a: Obstagoon|7/100 brn|[from] brn
|upkeep
|turn|11
|
|t:|1652490256
|move|p1a: Obstagoon|Facade|p2a: Tangrowth
|-crit|p2a: Tangrowth
|-damage|p2a: Tangrowth|0 fnt
|faint|p2a: Tangrowth
|
|-damage|p1a: Obstagoon|1/100 brn|[from] brn
|upkeep
|
|t:|1652490260
|switch|p2a: deino triple|Hydreigon, M|100/100
|turn|12
|
|t:|1652490262
|move|p2a: deino triple|U-turn|p1a: Obstagoon
|-supereffective|p1a: Obstagoon
|-damage|p1a: Obstagoon|0 fnt
|faint|p1a: Obstagoon
|
|t:|1652490264
|switch|p2a: Nidoking|Nidoking, M|100/100|[from]move: U-turn
|
|upkeep
|
|t:|1652490275
|switch|p1a: Durant|Durant, F|74/100
|turn|13
|
|t:|1652490278
|move|p1a: Durant|Iron Head|p2a: Nidoking
|-damage|p2a: Nidoking|8/100
|-damage|p1a: Durant|64/100|[from] item: Life Orb
|cant|p2a: Nidoking|flinch
|
|upkeep
|turn|14
|j|+Raiza
|
|t:|1652490284
|move|p1a: Durant|Iron Head|p2a: Nidoking
|-damage|p2a: Nidoking|0 fnt
|faint|p2a: Nidoking
|-damage|p1a: Durant|55/100|[from] item: Life Orb
|
|upkeep
|-message|UULT92q daam forfeited.
|
|win|Lucckyy
|raw|Lucckyy's rating: 1504 &rarr; <strong>1531</strong><br />(+27 for winning)
|raw|UULT92q daam's rating: 1636 &rarr; <strong>1609</strong><br />(-27 for losing)
|l|☆UULT92q daam
|l|+Raiza
|l| UULT92q BFM
|l|☆Lucckyy
|j| UULT92q noks
|l| UULT92q noks
|j| UULT92q noks
