|html|<div class="broadcast-blue"><strong>[Gen 8] UU is currently suspecting Terrakion! For information on how to participate check out the <a href="https://www.smogon.com/forums/threads/np-ss-uu-stage-8-3-rack-city.3678591/">suspect thread</a>.</strong></div>
|j|☆DJwith3rXL
|j|☆Valiant Hearts
|t:|1614871006
|player|p1|DJwith3rXL|az|1135
|player|p2|Valiant Hearts|psychic-gen3|1235
|teamsize|p1|6
|teamsize|p2|6
|gametype|singles
|gen|8
|tier|[Gen 8] UU
|rated|
|clearpoke
|poke|p1|Azumarill, F|
|poke|p1|Bisharp, M|
|poke|p1|Victini|
|poke|p1|Nihilego|
|poke|p1|Kommo-o, M|
|poke|p1|Thundurus-Therian, M|
|poke|p2|Sylveon, F|
|poke|p2|Rotom-Heat|
|poke|p2|Slowking, M|
|poke|p2|Kommo-o, M|
|poke|p2|Skarmory, M|
|poke|p2|Eldegoss, M|
|rule|Sleep Clause Mod: Limit one foe put to sleep
|rule|Species Clause: Limit one of each Pokémon
|rule|OHKO Clause: OHKO moves are banned
|rule|Evasion Moves Clause: Evasion moves are banned
|rule|Endless Battle Clause: Forcing endless battles is banned
|rule|HP Percentage Mod: HP is shown in percentages
|rule|Dynamax Clause: You cannot dynamax
|teampreview
|
|t:|1614871039
|start
|switch|p1a: Blue Power Ranger|Bisharp, M, shiny|100/100
|switch|p2a: Kommito|Kommo-o, M, shiny|100/100
|turn|1
|j| Utter Incompetence
|inactive|Battle timer is ON: inactive players will automatically lose when time's up. (requested by Valiant Hearts)
|
|t:|1614871052
|move|p1a: Blue Power Ranger|Thief|p2a: Kommito
|-resisted|p2a: Kommito
|-damage|p2a: Kommito|91/100
|-enditem|p2a: Kommito|Leftovers|[silent]|[from] move: Thief|[of] p1a: Blue Power Ranger
|-item|p1a: Blue Power Ranger|Leftovers|[from] move: Thief|[of] p2a: Kommito
|move|p2a: Kommito|Stealth Rock|p1a: Blue Power Ranger
|-sidestart|p1: DJwith3rXL|move: Stealth Rock
|
|upkeep
|turn|2
|j| Spaciousbeak
|
|t:|1614871059
|move|p1a: Blue Power Ranger|Psycho Cut|p2a: Kommito
|-supereffective|p2a: Kommito
|-damage|p2a: Kommito|59/100
|move|p2a: Kommito|Body Press|p1a: Blue Power Ranger
|-supereffective|p1a: Blue Power Ranger
|-damage|p1a: Blue Power Ranger|0 fnt
|faint|p1a: Blue Power Ranger
|
|upkeep
|
|t:|1614871066
|switch|p1a: Golden Egg|Azumarill, F, shiny|100/100
|-damage|p1a: Golden Egg|88/100|[from] Stealth Rock
|turn|3
|
|t:|1614871073
|move|p1a: Golden Egg|Protect|p1a: Golden Egg
|-singleturn|p1a: Golden Egg|Protect
|move|p2a: Kommito|Toxic|p1a: Golden Egg
|-activate|p1a: Golden Egg|move: Protect
|
|upkeep
|turn|4
|
|t:|1614871078
|switch|p2a: Skarmito|Skarmory, M, shiny|100/100
|move|p1a: Golden Egg|Play Rough|p2a: Skarmito
|-resisted|p2a: Skarmito
|-damage|p2a: Skarmito|77/100
|-damage|p1a: Golden Egg|72/100|[from] item: Rocky Helmet|[of] p2a: Skarmito
|-damage|p1a: Golden Egg|62/100|[from] item: Life Orb
|
|upkeep
|turn|5
|
|t:|1614871087
|move|p1a: Golden Egg|Protect|p1a: Golden Egg
|-singleturn|p1a: Golden Egg|Protect
|move|p2a: Skarmito|Spikes|p1a: Golden Egg
|-sidestart|p1: DJwith3rXL|Spikes
|
|upkeep
|turn|6
|
|t:|1614871101
|move|p2a: Skarmito|Spikes|p1a: Golden Egg
|-sidestart|p1: DJwith3rXL|Spikes
|move|p1a: Golden Egg|Belly Drum|p1a: Golden Egg
|-damage|p1a: Golden Egg|12/100
|-setboost|p1a: Golden Egg|atk|6|[from] move: Belly Drum
|
|upkeep
|turn|7
|
|t:|1614871113
|move|p1a: Golden Egg|Aqua Jet|p2a: Skarmito
|-damage|p2a: Skarmito|0 fnt
|-damage|p1a: Golden Egg|0 fnt|[from] item: Rocky Helmet|[of] p2a: Skarmito
|faint|p2a: Skarmito
|faint|p1a: Golden Egg
|
|upkeep
|
|t:|1614871123
|switch|p2a: The King|Slowking, M, shiny|100/100
|switch|p1a: Dust Killer|Nihilego, shiny|100/100
|-damage|p1a: Dust Killer|84/100|[from] Spikes
|-damage|p1a: Dust Killer|72/100|[from] Stealth Rock
|turn|8
|l| Utter Incompetence
|
|t:|1614871132
|move|p1a: Dust Killer|Thunder Wave|p2a: The King|[miss]
|-miss|p1a: Dust Killer|p2a: The King
|move|p2a: The King|Thunder Wave|p1a: Dust Killer
|-status|p1a: Dust Killer|par
|
|upkeep
|turn|9
|
|t:|1614871139
|move|p1a: Dust Killer|Thunder Wave|p2a: The King
|-status|p2a: The King|par
|move|p2a: The King|Scald|p1a: Dust Killer
|-supereffective|p1a: Dust Killer
|-crit|p1a: Dust Killer
|-damage|p1a: Dust Killer|1/100 par
|-enditem|p1a: Dust Killer|Weakness Policy
|-boost|p1a: Dust Killer|atk|2|[from] item: Weakness Policy
|-boost|p1a: Dust Killer|spa|2|[from] item: Weakness Policy
|
|upkeep
|turn|10
|
|t:|1614871148
|move|p1a: Dust Killer|Hex|p2a: The King
|-supereffective|p2a: The King
|-damage|p2a: The King|0 fnt
|faint|p2a: The King
|-ability|p1a: Dust Killer|Beast Boost|boost
|-boost|p1a: Dust Killer|spa|1
|
|upkeep
|c|☆Valiant Hearts|Tf
|
|t:|1614871162
|switch|p2a: Robot|Rotom-Heat|100/100
|turn|11
|
|t:|1614871169
|move|p2a: Robot|Discharge|p1a: Dust Killer
|-crit|p1a: Dust Killer
|-damage|p1a: Dust Killer|0 fnt
|faint|p1a: Dust Killer
|
|upkeep
|
|t:|1614871176
|switch|p1a: Za Warudo|Kommo-o, M, shiny|100/100
|-damage|p1a: Za Warudo|84/100|[from] Spikes
|-damage|p1a: Za Warudo|78/100|[from] Stealth Rock
|turn|12
|
|t:|1614871186
|switch|p2a: Pretty|Sylveon, F|100/100
|move|p1a: Za Warudo|Autotomize|p1a: Za Warudo
|-boost|p1a: Za Warudo|spe|2
|-start|p1a: Za Warudo|Autotomize
|
|upkeep
|turn|13
|
|t:|1614871196
|switch|p1a: V is for Vibrava|Victini|100/100
|-damage|p1a: V is for Vibrava|84/100|[from] Spikes
|-damage|p1a: V is for Vibrava|59/100|[from] Stealth Rock
|move|p2a: Pretty|Hyper Voice|p1a: V is for Vibrava
|-resisted|p1a: V is for Vibrava
|-damage|p1a: V is for Vibrava|36/100
|
|upkeep
|turn|14
|
|t:|1614871204
|move|p2a: Pretty|Protect|p2a: Pretty
|-singleturn|p2a: Pretty|Protect
|move|p1a: V is for Vibrava|V-create|p2a: Pretty
|-activate|p2a: Pretty|move: Protect
|
|upkeep
|turn|15
|
|t:|1614871210
|switch|p2a: Robot|Rotom-Heat|100/100
|move|p1a: V is for Vibrava|V-create|p2a: Robot
|-resisted|p2a: Robot
|-damage|p2a: Robot|62/100
|-unboost|p1a: V is for Vibrava|spe|1
|-unboost|p1a: V is for Vibrava|def|1
|-unboost|p1a: V is for Vibrava|spd|1
|-enditem|p1a: V is for Vibrava|White Herb
|-clearnegativeboost|p1a: V is for Vibrava|[silent]
|
|upkeep
|turn|16
|
|t:|1614871224
|switch|p1a: Za Warudo|Kommo-o, M, shiny|78/100
|-damage|p1a: Za Warudo|61/100|[from] Spikes
|-damage|p1a: Za Warudo|55/100|[from] Stealth Rock
|move|p2a: Robot|Discharge|p1a: Za Warudo
|-resisted|p1a: Za Warudo
|-damage|p1a: Za Warudo|38/100
|
|upkeep
|turn|17
|
|t:|1614871234
|switch|p2a: Pretty|Sylveon, F|100/100
|move|p1a: Za Warudo|Drain Punch|p2a: Pretty
|-resisted|p2a: Pretty
|-damage|p2a: Pretty|83/100
|-heal|p1a: Za Warudo|50/100|[from] drain|[of] p2a: Pretty
|
|-heal|p2a: Pretty|89/100|[from] item: Leftovers
|upkeep
|turn|18
|
|t:|1614871251
|move|p1a: Za Warudo|Shadow Claw|p2a: Pretty
|-damage|p2a: Pretty|66/100
|move|p2a: Pretty|Hyper Voice|p1a: Za Warudo
|-supereffective|p1a: Za Warudo
|-damage|p1a: Za Warudo|0 fnt
|faint|p1a: Za Warudo
|
|-heal|p2a: Pretty|72/100|[from] item: Leftovers
|upkeep
|
|t:|1614871260
|switch|p1a: V is for Vibrava|Victini|36/100
|-damage|p1a: V is for Vibrava|11/100|[from] Stealth Rock
|-damage|p1a: V is for Vibrava|0 fnt|[from] Spikes
|faint|p1a: V is for Vibrava
|
|t:|1614871264
|switch|p1a: Flying Unicorn|Thundurus-Therian, M, shiny|100/100
|-damage|p1a: Flying Unicorn|75/100|[from] Stealth Rock
|turn|19
|
|t:|1614871278
|move|p1a: Flying Unicorn|Flash Cannon|p2a: Pretty
|-supereffective|p2a: Pretty
|-damage|p2a: Pretty|24/100
|move|p2a: Pretty|Hyper Voice|p1a: Flying Unicorn
|-damage|p1a: Flying Unicorn|10/100
|
|-heal|p2a: Pretty|30/100|[from] item: Leftovers
|upkeep
|turn|20
|
|t:|1614871286
|move|p1a: Flying Unicorn|Flash Cannon|p2a: Pretty
|-supereffective|p2a: Pretty
|-damage|p2a: Pretty|0 fnt
|faint|p2a: Pretty
|
|upkeep
|
|t:|1614871290
|switch|p2a: Pivoting|Eldegoss, M|100/100
|turn|21
|
|t:|1614871292
|move|p1a: Flying Unicorn|Flash Cannon|p2a: Pivoting
|-damage|p2a: Pivoting|60/100
|move|p2a: Pivoting|Giga Drain|p1a: Flying Unicorn
|-resisted|p1a: Flying Unicorn
|-damage|p1a: Flying Unicorn|0 fnt
|-heal|p2a: Pivoting|65/100|[from] drain|[of] p1a: Flying Unicorn
|faint|p1a: Flying Unicorn
|
|win|Valiant Hearts
|l|☆DJwith3rXL
|l| Spaciousbeak
