|j|☆lanouille
|j|☆KukuMachine
|t:|1613310263
|player|p1|lanouille|schoolkid|1408
|player|p2|KukuMachine|265|1389
|teamsize|p1|6
|teamsize|p2|6
|gametype|singles
|gen|8
|tier|[Gen 8] UU
|rated|
|clearpoke
|poke|p1|Nihilego|
|poke|p1|Ditto|
|poke|p1|Thundurus, M|
|poke|p1|Azumarill, M|
|poke|p1|Salamence, M|
|poke|p1|Jirachi|
|poke|p2|Azumarill, F|
|poke|p2|Scizor, F|
|poke|p2|Conkeldurr, M|
|poke|p2|Bisharp, M|
|poke|p2|Thundurus-Therian, M|
|poke|p2|Hatterene, F|
|rule|Sleep Clause Mod: Limit one foe put to sleep
|rule|Species Clause: Limit one of each Pokémon
|rule|OHKO Clause: OHKO moves are banned
|rule|Evasion Moves Clause: Evasion moves are banned
|rule|Endless Battle Clause: Forcing endless battles is banned
|rule|HP Percentage Mod: HP is shown in percentages
|rule|Dynamax Clause: You cannot dynamax
|teampreview
|
|t:|1613310288
|start
|switch|p1a: Nihilego|Nihilego|100/100
|switch|p2a: Thundurus|Thundurus-Therian, M|100/100
|turn|1
|
|t:|1613310304
|move|p2a: Thundurus|Thunderbolt|p1a: Nihilego
|-damage|p1a: Nihilego|64/100
|move|p1a: Nihilego|Meteor Beam||[still]
|-prepare|p1a: Nihilego|Meteor Beam
|-boost|p1a: Nihilego|spa|1
|-enditem|p1a: Nihilego|Power Herb
|-anim|p1a: Nihilego|Meteor Beam|p2a: Thundurus
|-supereffective|p2a: Thundurus
|-crit|p2a: Thundurus
|-damage|p2a: Thundurus|0 fnt
|faint|p2a: Thundurus
|-ability|p1a: Nihilego|Beast Boost|boost
|-boost|p1a: Nihilego|spe|1
|
|upkeep
|
|t:|1613310338
|switch|p2a: Scizor|Scizor, F|100/100
|turn|2
|
|t:|1613310343
|switch|p1a: Salamence|Salamence, M|100/100
|-ability|p1a: Salamence|Intimidate|boost
|-unboost|p2a: Scizor|atk|1
|move|p2a: Scizor|U-turn|p1a: Salamence
|-resisted|p1a: Salamence
|-damage|p1a: Salamence|80/100
|
|t:|1613310354
|switch|p2a: Azumarill|Azumarill, F|100/100|[from]move: U-turn
|
|upkeep
|turn|3
|
|t:|1613310366
|switch|p1a: Jirachi|Jirachi|100/100
|move|p2a: Azumarill|Belly Drum|p2a: Azumarill
|-damage|p2a: Azumarill|50/100
|-setboost|p2a: Azumarill|atk|6|[from] move: Belly Drum
|-enditem|p2a: Azumarill|Sitrus Berry|[eat]
|-heal|p2a: Azumarill|75/100|[from] item: Sitrus Berry
|
|upkeep
|turn|4
|
|t:|1613310375
|move|p2a: Azumarill|Aqua Jet|p1a: Jirachi
|-damage|p1a: Jirachi|11/100
|move|p1a: Jirachi|Iron Head|p2a: Azumarill
|-damage|p2a: Azumarill|44/100
|
|-heal|p1a: Jirachi|18/100|[from] item: Leftovers
|upkeep
|turn|5
|
|t:|1613310383
|move|p2a: Azumarill|Aqua Jet|p1a: Jirachi
|-damage|p1a: Jirachi|0 fnt
|faint|p1a: Jirachi
|
|upkeep
|
|t:|1613310387
|switch|p1a: Azumarill|Azumarill, M|100/100
|turn|6
|
|t:|1613310392
|move|p1a: Azumarill|Aqua Jet|p2a: Azumarill
|-resisted|p2a: Azumarill
|-damage|p2a: Azumarill|29/100
|move|p2a: Azumarill|Play Rough|p1a: Azumarill
|-damage|p1a: Azumarill|0 fnt
|faint|p1a: Azumarill
|
|upkeep
|
|t:|1613310406
|switch|p1a: Ditto|Ditto|100/100
|-transform|p1a: Ditto|p2a: Azumarill|[from] ability: Imposter
|turn|7
|
|t:|1613310411
|move|p1a: Ditto|Aqua Jet|p2a: Azumarill
|-resisted|p2a: Azumarill
|-damage|p2a: Azumarill|0 fnt
|faint|p2a: Azumarill
|
|upkeep
|
|t:|1613310422
|switch|p2a: Scizor|Scizor, F|100/100
|turn|8
|
|t:|1613310425
|move|p1a: Ditto|Aqua Jet|p2a: Scizor
|-damage|p2a: Scizor|0 fnt
|faint|p2a: Scizor
|
|upkeep
|
|t:|1613310428
|switch|p2a: Conkeldurr|Conkeldurr, M|100/100
|turn|9
|
|t:|1613310431
|move|p1a: Ditto|Aqua Jet|p2a: Conkeldurr
|-damage|p2a: Conkeldurr|20/100
|move|p2a: Conkeldurr|Poison Jab|p1a: Ditto
|-supereffective|p1a: Ditto
|-damage|p1a: Ditto|6/100
|-status|p1a: Ditto|psn
|
|-damage|p1a: Ditto|0 fnt|[from] psn
|faint|p1a: Ditto
|-status|p2a: Conkeldurr|brn|[from] item: Flame Orb
|upkeep
|
|t:|1613310450
|switch|p1a: Thundurus|Thundurus, M|100/100
|turn|10
|
|t:|1613310460
|move|p2a: Conkeldurr|Mach Punch|p1a: Thundurus
|-resisted|p1a: Thundurus
|-damage|p1a: Thundurus|74/100
|move|p1a: Thundurus|Thunderbolt|p2a: Conkeldurr
|-damage|p2a: Conkeldurr|0 fnt
|faint|p2a: Conkeldurr
|
|upkeep
|
|t:|1613310467
|switch|p2a: Hatterene|Hatterene, F|100/100
|turn|11
|
|t:|1613310470
|move|p1a: Thundurus|Thunderbolt|p2a: Hatterene
|-damage|p2a: Hatterene|34/100
|move|p2a: Hatterene|Calm Mind|p2a: Hatterene
|-boost|p2a: Hatterene|spa|1
|-boost|p2a: Hatterene|spd|1
|
|-heal|p2a: Hatterene|40/100|[from] item: Leftovers
|upkeep
|turn|12
|
|t:|1613310477
|move|p1a: Thundurus|Thunderbolt|p2a: Hatterene
|-damage|p2a: Hatterene|0 fnt
|faint|p2a: Hatterene
|
|upkeep
|
|t:|1613310482
|switch|p2a: Bisharp|Bisharp, M|100/100
|turn|13
|
|t:|1613310486
|move|p2a: Bisharp|Sucker Punch|p1a: Thundurus
|-damage|p1a: Thundurus|2/100
|move|p1a: Thundurus|Thunderbolt|p2a: Bisharp
|-damage|p2a: Bisharp|12/100
|-status|p2a: Bisharp|par
|
|upkeep
|turn|14
|
|t:|1613310493
|move|p1a: Thundurus|Thunderbolt|p2a: Bisharp
|-damage|p2a: Bisharp|0 fnt
|faint|p2a: Bisharp
|
|win|lanouille
|l|☆KukuMachine
|c|☆lanouille|gg
|raw|lanouille's rating: 1408 &rarr; <strong>1427</strong><br />(+19 for winning)
|raw|KukuMachine's rating: 1389 &rarr; <strong>1370</strong><br />(-19 for losing)
