|html|<div class="broadcast-blue"><strong>[Gen 8] UU is currently suspecting Kommo-o! For information on how to participate check out the <a href="https://www.smogon.com/forums/threads/np-ss-uu-stage-10-2-sickommo-ode.3693129/">suspect thread</a>.</strong></div>
|j|☆clowninaroun
|j|☆PlasticPinnochio
|t:|1636703144
|gametype|singles
|player|p1|clowninaroun|170|1179
|player|p2|PlasticPinnochio|policeman|1372
|teamsize|p1|6
|teamsize|p2|6
|gen|8
|tier|[Gen 8] UU
|rated|
|rule|Sleep Clause Mod: Limit one foe put to sleep
|rule|Species Clause: Limit one of each Pokémon
|rule|OHKO Clause: OHKO moves are banned
|rule|Evasion Moves Clause: Evasion moves are banned
|rule|Endless Battle Clause: Forcing endless battles is banned
|rule|HP Percentage Mod: HP is shown in percentages
|rule|Dynamax Clause: You cannot dynamax
|clearpoke
|poke|p1|Torkoal, F|
|poke|p1|Marowak-Alola, F|
|poke|p1|Hatterene, F|
|poke|p1|Cresselia, F|
|poke|p1|Porygon2|
|poke|p1|Crawdaunt, M|
|poke|p2|Togekiss, M|
|poke|p2|Aegislash, F|
|poke|p2|Rotom-Wash|
|poke|p2|Zarude-Dada|
|poke|p2|Excadrill, F|
|poke|p2|Thundurus-Therian, M|
|teampreview
|inactive|Battle timer is ON: inactive players will automatically lose when time's up. (requested by PlasticPinnochio)
|
|t:|1636703161
|start
|switch|p1a: Hatterene|Hatterene, F|100/100
|switch|p2a: Thundurus|Thundurus-Therian, M|100/100
|turn|1
|
|t:|1636703172
|move|p2a: Thundurus|Thunderbolt|p1a: Hatterene
|-damage|p1a: Hatterene|45/100
|move|p1a: Hatterene|Trick Room|p1a: Hatterene
|-fieldstart|move: Trick Room|[of] p1a: Hatterene
|
|upkeep
|turn|2
|
|t:|1636703182
|switch|p2a: Aegislash|Aegislash, F|100/100
|move|p1a: Hatterene|Healing Wish|p1a: Hatterene
|faint|p1a: Hatterene
|
|upkeep
|
|t:|1636703185
|switch|p1a: Torkoal|Torkoal, F|100/100
|-weather|SunnyDay|[from] ability: Drought|[of] p1a: Torkoal
|turn|3
|
|t:|1636703188
|move|p2a: Aegislash|King's Shield|p2a: Aegislash
|-singleturn|p2a: Aegislash|Protect
|move|p1a: Torkoal|Eruption|p2a: Aegislash
|-activate|p2a: Aegislash|move: Protect
|
|-weather|SunnyDay|[upkeep]
|upkeep
|turn|4
|
|t:|1636703196
|switch|p2a: Rotom|Rotom-Wash|100/100
|move|p1a: Torkoal|Eruption|p2a: Rotom
|-resisted|p2a: Rotom
|-damage|p2a: Rotom|25/100
|
|-weather|SunnyDay|[upkeep]
|-heal|p2a: Rotom|31/100|[from] item: Leftovers
|upkeep
|turn|5
|
|t:|1636703205
|move|p1a: Torkoal|Eruption|p2a: Rotom
|-resisted|p2a: Rotom
|-damage|p2a: Rotom|0 fnt
|faint|p2a: Rotom
|
|-weather|SunnyDay|[upkeep]
|-fieldend|move: Trick Room
|upkeep
|
|t:|1636703210
|switch|p2a: Aegislash|Aegislash, F|100/100
|turn|6
|
|t:|1636703213
|switch|p1a: Porygon2|Porygon2|100/100
|-ability|p1a: Porygon2|Download|boost
|-boost|p1a: Porygon2|atk|1
|-formechange|p2a: Aegislash|Aegislash-Blade||[from] ability: Stance Change
|move|p2a: Aegislash|Shadow Ball|p1a: Porygon2
|-immune|p1a: Porygon2
|
|-weather|SunnyDay|[upkeep]
|upkeep
|turn|7
|
|t:|1636703218
|move|p2a: Aegislash|Close Combat|p1a: Porygon2
|-supereffective|p1a: Porygon2
|-crit|p1a: Porygon2
|-damage|p1a: Porygon2|0 fnt
|-unboost|p2a: Aegislash|def|1
|-unboost|p2a: Aegislash|spd|1
|faint|p1a: Porygon2
|-damage|p2a: Aegislash|91/100|[from] item: Life Orb
|
|-weather|none
|upkeep
|
|t:|1636703223
|switch|p1a: Cresselia|Cresselia, F|100/100
|turn|8
|
|t:|1636703225
|switch|p2a: Excadrill|Excadrill, F|100/100
|-ability|p2a: Excadrill|Mold Breaker
|move|p1a: Cresselia|Trick Room|p1a: Cresselia
|-fieldstart|move: Trick Room|[of] p1a: Cresselia
|
|upkeep
|turn|9
|
|t:|1636703230
|switch|p1a: Marowak|Marowak-Alola, F|100/100
|move|p2a: Excadrill|Stealth Rock|p1a: Marowak
|-sidestart|p1: clowninaroun|move: Stealth Rock
|
|upkeep
|turn|10
|
|t:|1636703235
|move|p1a: Marowak|Flare Blitz|p2a: Excadrill
|-supereffective|p2a: Excadrill
|-damage|p2a: Excadrill|0 fnt
|faint|p2a: Excadrill
|
|upkeep
|
|t:|1636703237
|switch|p2a: Togekiss|Togekiss, M|100/100
|turn|11
|
|t:|1636703243
|move|p1a: Marowak|Flare Blitz|p2a: Togekiss
|-damage|p2a: Togekiss|1/100
|move|p2a: Togekiss|Air Slash|p1a: Marowak
|-damage|p1a: Marowak|63/100
|
|upkeep
|turn|12
|
|t:|1636703247
|move|p1a: Marowak|Flare Blitz|p2a: Togekiss
|-damage|p2a: Togekiss|0 fnt
|faint|p2a: Togekiss
|
|-fieldend|move: Trick Room
|upkeep
|
|t:|1636703250
|switch|p2a: Zarude|Zarude-Dada|100/100
|turn|13
|
|t:|1636703258
|switch|p1a: Cresselia|Cresselia, F|100/100
|-damage|p1a: Cresselia|88/100|[from] Stealth Rock
|move|p2a: Zarude|Darkest Lariat|p1a: Cresselia
|-supereffective|p1a: Cresselia
|-damage|p1a: Cresselia|50/100
|
|upkeep
|turn|14
|
|t:|1636703264
|move|p2a: Zarude|Darkest Lariat|p1a: Cresselia
|-supereffective|p1a: Cresselia
|-damage|p1a: Cresselia|8/100
|move|p1a: Cresselia|Trick Room|p1a: Cresselia
|-fieldstart|move: Trick Room|[of] p1a: Cresselia
|
|upkeep
|turn|15
|
|t:|1636703290
|move|p1a: Cresselia|Moonblast|p2a: Zarude
|-supereffective|p2a: Zarude
|-damage|p2a: Zarude|63/100
|-unboost|p2a: Zarude|spa|1
|move|p2a: Zarude|Darkest Lariat|p1a: Cresselia
|-supereffective|p1a: Cresselia
|-damage|p1a: Cresselia|0 fnt
|faint|p1a: Cresselia
|
|-heal|p2a: Zarude|69/100|[from] item: Leftovers
|upkeep
|
|t:|1636703298
|switch|p1a: Torkoal|Torkoal, F|100/100
|-damage|p1a: Torkoal|75/100|[from] Stealth Rock
|-weather|SunnyDay|[from] ability: Drought|[of] p1a: Torkoal
|turn|16
|
|t:|1636703310
|move|p1a: Torkoal|Eruption|p2a: Zarude
|-supereffective|p2a: Zarude
|-damage|p2a: Zarude|0 fnt
|faint|p2a: Zarude
|
|-weather|SunnyDay|[upkeep]
|upkeep
|
|t:|1636703311
|switch|p2a: Aegislash|Aegislash, F|91/100
|turn|17
|
|t:|1636703314
|move|p2a: Aegislash|King's Shield|p2a: Aegislash
|-singleturn|p2a: Aegislash|Protect
|move|p1a: Torkoal|Eruption|p2a: Aegislash
|-activate|p2a: Aegislash|move: Protect
|
|-weather|SunnyDay|[upkeep]
|upkeep
|turn|18
|
|t:|1636703321
|move|p2a: Aegislash|King's Shield||[still]
|-fail|p2a: Aegislash
|move|p1a: Torkoal|Eruption|p2a: Aegislash
|-supereffective|p2a: Aegislash
|-damage|p2a: Aegislash|0 fnt
|faint|p2a: Aegislash
|
|-weather|SunnyDay|[upkeep]
|-fieldend|move: Trick Room
|upkeep
|
|t:|1636703322
|switch|p2a: Thundurus|Thundurus-Therian, M|100/100
|turn|19
|
|t:|1636703324
|move|p2a: Thundurus|Thunderbolt|p1a: Torkoal
|-damage|p1a: Torkoal|8/100
|move|p1a: Torkoal|Eruption|p2a: Thundurus
|-damage|p2a: Thundurus|83/100
|
|-weather|SunnyDay|[upkeep]
|upkeep
|turn|20
|
|t:|1636703326
|move|p2a: Thundurus|Thunderbolt|p1a: Torkoal
|-damage|p1a: Torkoal|0 fnt
|faint|p1a: Torkoal
|
|-weather|none
|upkeep
|
|t:|1636703330
|switch|p1a: Marowak|Marowak-Alola, F|63/100
|-heal|p1a: Marowak|100/100|[from] move: Healing Wish
|-damage|p1a: Marowak|76/100|[from] Stealth Rock
|turn|21
|c|☆PlasticPinnochio|you super choked bro
|
|t:|1636703338
|move|p2a: Thundurus|Knock Off|p1a: Marowak
|-supereffective|p1a: Marowak
|-damage|p1a: Marowak|27/100
|-enditem|p1a: Marowak|Thick Club|[from] move: Knock Off|[of] p2a: Thundurus
|move|p1a: Marowak|Flare Blitz|p2a: Thundurus
|-damage|p2a: Thundurus|8/100
|
|upkeep
|turn|22
|
|t:|1636703344
|move|p2a: Thundurus|Thunderbolt|p1a: Marowak
|-damage|p1a: Marowak|0 fnt
|faint|p1a: Marowak
|
|upkeep
|
|t:|1636703345
|switch|p1a: Crawdaunt|Crawdaunt, M|100/100
|-damage|p1a: Crawdaunt|88/100|[from] Stealth Rock
|turn|23
|
|t:|1636703350
|move|p1a: Crawdaunt|Aqua Jet|p2a: Thundurus
|-damage|p2a: Thundurus|0 fnt
|faint|p2a: Thundurus
|-damage|p1a: Crawdaunt|78/100|[from] item: Life Orb
|
|win|clowninaroun
|raw|clowninaroun's rating: 1179 &rarr; <strong>1217</strong><br />(+38 for winning)
|raw|PlasticPinnochio's rating: 1372 &rarr; <strong>1342</strong><br />(-30 for losing)
|c|☆clowninaroun|lol
|l|☆PlasticPinnochio
|c|☆clowninaroun|😂😂😂😂😂😂
