|j|☆SS007
|j|☆kainzi611
|t:|1666727691
|gametype|singles
|player|p1|SS007|proton|1454
|player|p2|kainzi611|wallace|1523
|teamsize|p1|6
|teamsize|p2|6
|gen|8
|tier|[Gen 8] UU
|rated|
|rule|Sleep Clause Mod: Limit one foe put to sleep
|rule|Species Clause: Limit one of each Pokémon
|rule|OHKO Clause: OHKO moves are banned
|rule|Evasion Items Clause: Evasion items are banned
|rule|Evasion Moves Clause: Evasion moves are banned
|rule|Endless Battle Clause: Forcing endless battles is banned
|rule|HP Percentage Mod: HP is shown in percentages
|rule|Dynamax Clause: You cannot dynamax
|clearpoke
|poke|p1|Zarude|
|poke|p1|Hippowdon, M|
|poke|p1|Celesteela|
|poke|p1|Slowking, F|
|poke|p1|Raikou|
|poke|p1|Sirfetch’d, F|
|poke|p2|Porygon2|
|poke|p2|Marowak-Alola, F|
|poke|p2|Cresselia, F|
|poke|p2|Conkeldurr, F|
|poke|p2|Salamence, M|
|poke|p2|Sylveon, F|
|teampreview
|
|t:|1666727708
|start
|switch|p1a: Raikou|Raikou|100/100
|switch|p2a: Sylveon|Sylveon, F|100/100
|turn|1
|
|t:|1666727723
|move|p1a: Raikou|Volt Switch|p2a: Sylveon
|-damage|p2a: Sylveon|67/100
|inactive|Battle timer is ON: inactive players will automatically lose when time's up. (requested by SS007)
|
|t:|1666727729
|switch|p1a: Celesteela|Celesteela|100/100|[from]move: Volt Switch
|move|p2a: Sylveon|Hyper Voice|p1a: Celesteela
|-resisted|p1a: Celesteela
|-damage|p1a: Celesteela|76/100
|
|upkeep
|turn|2
|
|t:|1666727739
|switch|p2a: Porygon2|Porygon2|100/100
|-ability|p2a: Porygon2|Beast Boost|[from] ability: Trace|[of] p1a: Celesteela
|move|p1a: Celesteela|Leech Seed|p2a: Porygon2
|-start|p2a: Porygon2|move: Leech Seed
|
|-damage|p2a: Porygon2|88/100|[from] Leech Seed|[of] p1a: Celesteela
|-heal|p1a: Celesteela|88/100|[silent]
|upkeep
|turn|3
|
|t:|1666727757
|switch|p1a: Sirfetch’d|Sirfetch’d, F|100/100
|move|p2a: Porygon2|Trick Room|p2a: Porygon2
|-fieldstart|move: Trick Room|[of] p2a: Porygon2
|
|-damage|p2a: Porygon2|76/100|[from] Leech Seed|[of] p1a: Sirfetch’d
|upkeep
|turn|4
|inactive|kainzi611 has 120 seconds left.
|
|t:|1666727783
|switch|p2a: Sylveon|Sylveon, F|67/100
|move|p1a: Sirfetch’d|Knock Off|p2a: Sylveon
|-resisted|p2a: Sylveon
|-crit|p2a: Sylveon
|-damage|p2a: Sylveon|33/100
|-enditem|p2a: Sylveon|Choice Specs|[from] move: Knock Off|[of] p1a: Sirfetch’d
|
|upkeep
|turn|5
|inactive|kainzi611 has 120 seconds left.
|inactive|SS007 has 120 seconds left.
|
|t:|1666727828
|switch|p1a: Slowking|Slowking, F|100/100
|move|p2a: Sylveon|Mystical Fire|p1a: Slowking
|-resisted|p1a: Slowking
|-damage|p1a: Slowking|94/100
|-unboost|p1a: Slowking|spa|1
|
|upkeep
|turn|6
|inactive|kainzi611 has 120 seconds left.
|
|t:|1666727861
|move|p1a: Slowking|Future Sight|p2a: Sylveon
|-start|p1a: Slowking|move: Future Sight
|move|p2a: Sylveon|Shadow Ball|p1a: Slowking
|-supereffective|p1a: Slowking
|-damage|p1a: Slowking|63/100
|
|upkeep
|turn|7
|inactive|SS007 has 120 seconds left.
|
|t:|1666727880
|switch|p1a: Celesteela|Celesteela|88/100
|switch|p2a: Cresselia|Cresselia, F|100/100
|
|-fieldend|move: Trick Room
|upkeep
|turn|8
|inactive|SS007 has 120 seconds left.
|
|t:|1666727888
|switch|p1a: Sirfetch’d|Sirfetch’d, F|100/100
|move|p2a: Cresselia|Trick Room|p2a: Cresselia
|-fieldstart|move: Trick Room|[of] p2a: Cresselia
|
|-end|p2a: Cresselia|move: Future Sight
|-resisted|p2a: Cresselia
|-damage|p2a: Cresselia|84/100
|upkeep
|turn|9
|
|t:|1666727908
|switch|p2a: Sylveon|Sylveon, F|33/100
|move|p1a: Sirfetch’d|Close Combat|p2a: Sylveon
|-resisted|p2a: Sylveon
|-crit|p2a: Sylveon
|-damage|p2a: Sylveon|0 fnt
|-unboost|p1a: Sirfetch’d|def|1
|-unboost|p1a: Sirfetch’d|spd|1
|faint|p2a: Sylveon
|
|upkeep
|
|t:|1666727918
|switch|p2a: Marowak|Marowak-Alola, F|100/100
|turn|10
|inactive|kainzi611 has 90 seconds left.
|
|t:|1666727942
|switch|p1a: Celesteela|Celesteela|88/100
|move|p2a: Marowak|Poltergeist|p1a: Celesteela
|-activate|p1a: Celesteela|move: Poltergeist|Safety Goggles
|-damage|p1a: Celesteela|15/100
|
|upkeep
|turn|11
|j| t-yeu
|inactive|kainzi611 has 90 seconds left.
|
|t:|1666727949
|move|p1a: Celesteela|Protect|p1a: Celesteela
|-singleturn|p1a: Celesteela|Protect
|move|p2a: Marowak|Flare Blitz|p1a: Celesteela
|-activate|p1a: Celesteela|move: Protect
|
|upkeep
|turn|12
|
|t:|1666727957
|move|p2a: Marowak|Poltergeist|p1a: Celesteela
|-activate|p1a: Celesteela|move: Poltergeist|Safety Goggles
|-damage|p1a: Celesteela|0 fnt
|faint|p1a: Celesteela
|
|-fieldend|move: Trick Room
|upkeep
|
|t:|1666727964
|switch|p1a: Sirfetch’d|Sirfetch’d, F|100/100
|turn|13
|
|t:|1666727970
|switch|p2a: Salamence|Salamence, M|100/100
|-ability|p2a: Salamence|Intimidate|boost
|-fail|p1a: Sirfetch’d|unboost|Attack|[from] ability: Scrappy|[of] p1a: Sirfetch’d
|move|p1a: Sirfetch’d|Knock Off|p2a: Salamence
|-crit|p2a: Salamence
|-damage|p2a: Salamence|57/100
|-enditem|p2a: Salamence|Heavy-Duty Boots|[from] move: Knock Off|[of] p1a: Sirfetch’d
|
|upkeep
|turn|14
|inactive|kainzi611 has 90 seconds left.
|
|t:|1666727998
|switch|p1a: Hippowdon|Hippowdon, M|100/100
|-weather|Sandstorm|[from] ability: Sand Stream|[of] p1a: Hippowdon
|move|p2a: Salamence|Toxic|p1a: Hippowdon|[miss]
|-miss|p2a: Salamence|p1a: Hippowdon
|
|-weather|Sandstorm|[upkeep]
|-damage|p2a: Salamence|51/100|[from] Sandstorm
|upkeep
|turn|15
|
|t:|1666728007
|move|p2a: Salamence|Toxic|p1a: Hippowdon
|-status|p1a: Hippowdon|tox
|move|p1a: Hippowdon|Toxic|p2a: Salamence|[miss]
|-miss|p1a: Hippowdon|p2a: Salamence
|
|-weather|Sandstorm|[upkeep]
|-damage|p2a: Salamence|45/100|[from] Sandstorm
|-damage|p1a: Hippowdon|94/100 tox|[from] psn
|upkeep
|turn|16
|
|t:|1666728017
|move|p2a: Salamence|Roost|p2a: Salamence
|-heal|p2a: Salamence|95/100
|-singleturn|p2a: Salamence|move: Roost
|move|p1a: Hippowdon|Stealth Rock|p2a: Salamence
|-sidestart|p2: kainzi611|move: Stealth Rock
|
|-weather|Sandstorm|[upkeep]
|-damage|p2a: Salamence|89/100|[from] Sandstorm
|-damage|p1a: Hippowdon|82/100 tox|[from] psn
|upkeep
|turn|17
|
|t:|1666728026
|switch|p1a: Raikou|Raikou|100/100
|move|p2a: Salamence|Defog|p1a: Raikou
|-unboost|p1a: Raikou|evasion|1
|-sideend|p2: kainzi611|Stealth Rock|[from] move: Defog|[of] p2a: Salamence
|
|-weather|Sandstorm|[upkeep]
|-damage|p1a: Raikou|94/100|[from] Sandstorm
|-damage|p2a: Salamence|83/100|[from] Sandstorm
|upkeep
|turn|18
|
|t:|1666728037
|move|p1a: Raikou|Thunderbolt|p2a: Salamence
|-damage|p2a: Salamence|12/100
|move|p2a: Salamence|Roost|p2a: Salamence
|-heal|p2a: Salamence|62/100
|-singleturn|p2a: Salamence|move: Roost
|
|-weather|none
|upkeep
|turn|19
|
|t:|1666728049
|switch|p2a: Porygon2|Porygon2|76/100
|-ability|p2a: Porygon2|Inner Focus|[from] ability: Trace|[of] p1a: Raikou
|move|p1a: Raikou|Thunderbolt|p2a: Porygon2
|-damage|p2a: Porygon2|44/100
|
|upkeep
|turn|20
|
|t:|1666728057
|switch|p1a: Zarude|Zarude|100/100
|move|p2a: Porygon2|Recover|p2a: Porygon2
|-heal|p2a: Porygon2|94/100
|
|upkeep
|turn|21
|
|t:|1666728071
|switch|p2a: Salamence|Salamence, M|62/100
|-ability|p2a: Salamence|Intimidate|boost
|-unboost|p1a: Zarude|atk|1
|move|p1a: Zarude|Bulk Up|p1a: Zarude
|-boost|p1a: Zarude|atk|1
|-boost|p1a: Zarude|def|1
|
|upkeep
|turn|22
|
|t:|1666728079
|switch|p1a: Slowking|Slowking, F|96/100
|move|p2a: Salamence|Toxic|p1a: Slowking
|-status|p1a: Slowking|tox
|
|-damage|p1a: Slowking|90/100 tox|[from] psn
|upkeep
|turn|23
|inactive|kainzi611 has 120 seconds left.
|
|t:|1666728093
|move|p2a: Salamence|Roost|p2a: Salamence
|-heal|p2a: Salamence|100/100
|-singleturn|p2a: Salamence|move: Roost
|move|p1a: Slowking|Future Sight|p2a: Salamence
|-start|p1a: Slowking|move: Future Sight
|
|-damage|p1a: Slowking|78/100 tox|[from] psn
|upkeep
|turn|24
|inactive|kainzi611 has 120 seconds left.
|
|t:|1666728102
|switch|p2a: Porygon2|Porygon2|94/100
|-ability|p2a: Porygon2|Regenerator|[from] ability: Trace|[of] p1a: Slowking
|switch|p1a: Raikou|Raikou|94/100
|
|upkeep
|turn|25
|
|t:|1666728110
|move|p1a: Raikou|Aura Sphere|p2a: Porygon2
|-supereffective|p2a: Porygon2
|-damage|p2a: Porygon2|60/100
|move|p2a: Porygon2|Tri Attack|p1a: Raikou
|-damage|p1a: Raikou|61/100
|
|-end|p2a: Porygon2|move: Future Sight
|-damage|p2a: Porygon2|32/100
|upkeep
|turn|26
|
|t:|1666728124
|switch|p1a: Sirfetch’d|Sirfetch’d, F|100/100
|switch|p2a: Marowak|Marowak-Alola, F|100/100
|
|upkeep
|turn|27
|
|t:|1666728135
|switch|p1a: Hippowdon|Hippowdon, M|82/100 tox
|-weather|Sandstorm|[from] ability: Sand Stream|[of] p1a: Hippowdon
|switch|p2a: Salamence|Salamence, M|100/100
|-ability|p2a: Salamence|Intimidate|boost
|-unboost|p1a: Hippowdon|atk|1
|
|-weather|Sandstorm|[upkeep]
|-damage|p2a: Salamence|94/100|[from] Sandstorm
|-damage|p1a: Hippowdon|76/100 tox|[from] psn
|upkeep
|turn|28
|
|t:|1666728149
|switch|p2a: Porygon2|Porygon2|65/100
|-ability|p2a: Porygon2|Sand Stream|[from] ability: Trace|[of] p1a: Hippowdon
|move|p1a: Hippowdon|Toxic|p2a: Porygon2
|-status|p2a: Porygon2|tox
|
|-weather|Sandstorm|[upkeep]
|-damage|p2a: Porygon2|59/100 tox|[from] Sandstorm
|-damage|p2a: Porygon2|53/100 tox|[from] psn
|-damage|p1a: Hippowdon|64/100 tox|[from] psn
|upkeep
|turn|29
|
|t:|1666728159
|switch|p1a: Slowking|Slowking, F|100/100 tox
|move|p2a: Porygon2|Recover|p2a: Porygon2
|-heal|p2a: Porygon2|100/100 tox
|
|-weather|Sandstorm|[upkeep]
|-damage|p2a: Porygon2|94/100 tox|[from] Sandstorm
|-damage|p1a: Slowking|94/100 tox|[from] Sandstorm
|-damage|p2a: Porygon2|82/100 tox|[from] psn
|-damage|p1a: Slowking|88/100 tox|[from] psn
|upkeep
|turn|30
|inactive|kainzi611 has 120 seconds left.
|
|t:|1666728201
|switch|p2a: Conkeldurr|Conkeldurr, F|100/100
|move|p1a: Slowking|Future Sight|p2a: Conkeldurr
|-start|p1a: Slowking|move: Future Sight
|
|-weather|Sandstorm|[upkeep]
|-damage|p1a: Slowking|82/100 tox|[from] Sandstorm
|-damage|p2a: Conkeldurr|94/100|[from] Sandstorm
|-damage|p1a: Slowking|69/100 tox|[from] psn
|-status|p2a: Conkeldurr|brn|[from] item: Flame Orb
|upkeep
|turn|31
|
|t:|1666728219
|switch|p1a: Hippowdon|Hippowdon, M|64/100 tox
|move|p2a: Conkeldurr|Facade|p1a: Hippowdon
|-damage|p1a: Hippowdon|20/100 tox
|-damage|p2a: Conkeldurr|78/100 brn|[from] item: Rocky Helmet|[of] p1a: Hippowdon
|
|-weather|none
|-damage|p1a: Hippowdon|14/100 tox|[from] psn
|-damage|p2a: Conkeldurr|72/100 brn|[from] brn
|upkeep
|turn|32
|inactive|kainzi611 has 90 seconds left.
|
|t:|1666728239
|switch|p2a: Porygon2|Porygon2|82/100 tox
|-ability|p2a: Porygon2|Sand Stream|[from] ability: Trace|[of] p1a: Hippowdon
|-weather|Sandstorm|[from] ability: Sand Stream|[of] p2a: Porygon2
|move|p1a: Hippowdon|Earthquake|p2a: Porygon2
|-damage|p2a: Porygon2|58/100 tox
|
|-weather|Sandstorm|[upkeep]
|-damage|p2a: Porygon2|52/100 tox|[from] Sandstorm
|-end|p2a: Porygon2|move: Future Sight
|-damage|p2a: Porygon2|28/100 tox
|-damage|p2a: Porygon2|21/100 tox|[from] psn
|-damage|p1a: Hippowdon|2/100 tox|[from] psn
|upkeep
|turn|33
|inactive|kainzi611 has 90 seconds left.
|
|t:|1666728256
|move|p2a: Porygon2|Recover|p2a: Porygon2
|-heal|p2a: Porygon2|71/100 tox
|move|p1a: Hippowdon|Stealth Rock|p2a: Porygon2
|-sidestart|p2: kainzi611|move: Stealth Rock
|
|-weather|Sandstorm|[upkeep]
|-damage|p2a: Porygon2|65/100 tox|[from] Sandstorm
|-damage|p2a: Porygon2|53/100 tox|[from] psn
|-damage|p1a: Hippowdon|0 fnt|[from] psn
|faint|p1a: Hippowdon
|upkeep
|
|t:|1666728264
|switch|p1a: Sirfetch’d|Sirfetch’d, F|100/100
|turn|34
|inactive|kainzi611 has 90 seconds left.
|
|t:|1666728278
|move|p1a: Sirfetch’d|Close Combat|p2a: Porygon2
|-supereffective|p2a: Porygon2
|-damage|p2a: Porygon2|0 fnt
|-unboost|p1a: Sirfetch’d|def|1
|-unboost|p1a: Sirfetch’d|spd|1
|faint|p2a: Porygon2
|
|-weather|Sandstorm|[upkeep]
|-damage|p1a: Sirfetch’d|94/100|[from] Sandstorm
|upkeep
|inactive|kainzi611 has 90 seconds left.
|
|t:|1666728301
|switch|p2a: Cresselia|Cresselia, F|84/100
|-damage|p2a: Cresselia|72/100|[from] Stealth Rock
|turn|35
|
|t:|1666728306
|move|p1a: Sirfetch’d|Knock Off|p2a: Cresselia
|-supereffective|p2a: Cresselia
|-crit|p2a: Cresselia
|-enditem|p2a: Cresselia|Colbur Berry|[eat]
|-enditem|p2a: Cresselia|Colbur Berry|[weaken]
|-damage|p2a: Cresselia|44/100
|move|p2a: Cresselia|Trick Room|p2a: Cresselia
|-fieldstart|move: Trick Room|[of] p2a: Cresselia
|
|-weather|Sandstorm|[upkeep]
|-damage|p2a: Cresselia|38/100|[from] Sandstorm
|-damage|p1a: Sirfetch’d|88/100|[from] Sandstorm
|upkeep
|turn|36
|
|t:|1666728317
|switch|p1a: Zarude|Zarude|100/100
|move|p2a: Cresselia|Lunar Dance|p2a: Cresselia
|faint|p2a: Cresselia
|
|-weather|none
|upkeep
|
|t:|1666728324
|switch|p2a: Marowak|Marowak-Alola, F|100/100
|-heal|p2a: Marowak|100/100|[from] move: Lunar Dance
|-damage|p2a: Marowak|76/100|[from] Stealth Rock
|turn|37
|inactive|SS007 has 120 seconds left.
|
|t:|1666728359
|switch|p1a: Slowking|Slowking, F|100/100 tox
|move|p2a: Marowak|Poltergeist|p1a: Slowking
|-activate|p1a: Slowking|move: Poltergeist|Assault Vest
|-supereffective|p1a: Slowking
|-damage|p1a: Slowking|0 fnt
|faint|p1a: Slowking
|
|upkeep
|inactive|SS007 has 90 seconds left.
|inactive|SS007 has 60 seconds left.
|
|t:|1666728424
|switch|p1a: Zarude|Zarude|100/100
|turn|38
|
|t:|1666728432
|move|p2a: Marowak|Flare Blitz|p1a: Zarude
|-supereffective|p1a: Zarude
|-damage|p1a: Zarude|0 fnt
|faint|p1a: Zarude
|
|upkeep
|
|t:|1666728434
|switch|p1a: Sirfetch’d|Sirfetch’d, F|88/100
|turn|39
|
|t:|1666728441
|move|p1a: Sirfetch’d|First Impression|p2a: Marowak
|-resisted|p2a: Marowak
|-damage|p2a: Marowak|67/100
|move|p2a: Marowak|Flare Blitz|p1a: Sirfetch’d
|-damage|p1a: Sirfetch’d|0 fnt
|faint|p1a: Sirfetch’d
|
|-fieldend|move: Trick Room
|upkeep
|
|t:|1666728444
|switch|p1a: Raikou|Raikou|61/100
|turn|40
|inactive|SS007 has 90 seconds left.
|
|t:|1666728464
|move|p1a: Raikou|Thunderbolt|p2a: Marowak
|-damage|p2a: Marowak|0 fnt
|faint|p2a: Marowak
|
|upkeep
|
|t:|1666728473
|switch|p2a: Salamence|Salamence, M|94/100
|-damage|p2a: Salamence|69/100|[from] Stealth Rock
|-ability|p2a: Salamence|Intimidate|boost
|-fail|p1a: Raikou|unboost|Attack|[from] ability: Inner Focus|[of] p1a: Raikou
|turn|41
|
|t:|1666728480
|move|p1a: Raikou|Thunderbolt|p2a: Salamence
|-damage|p2a: Salamence|7/100
|move|p2a: Salamence|Flamethrower|p1a: Raikou
|-damage|p1a: Raikou|37/100
|
|upkeep
|turn|42
|
|t:|1666728486
|move|p1a: Raikou|Thunderbolt|p2a: Salamence
|-damage|p2a: Salamence|0 fnt
|faint|p2a: Salamence
|
|upkeep
|
|t:|1666728491
|switch|p2a: Conkeldurr|Conkeldurr, F|72/100 brn
|-damage|p2a: Conkeldurr|66/100 brn|[from] Stealth Rock
|turn|43
|
|t:|1666728496
|move|p2a: Conkeldurr|Mach Punch|p1a: Raikou
|-damage|p1a: Raikou|0 fnt
|faint|p1a: Raikou
|
|win|kainzi611
|raw|SS007's rating: 1454 &rarr; <strong>1438</strong><br />(-16 for losing)
|raw|kainzi611's rating: 1523 &rarr; <strong>1539</strong><br />(+16 for winning)
|c|☆kainzi611|gg
|l|☆SS007
