|html|<div class="broadcast-blue"><strong>[Gen 8] UU is currently suspecting Scizor! For information on how to participate check out the <a href="https://www.smogon.com/forums/threads/ss-uu-stage-12-2-spider-dance.3704866/">suspect thread</a>.</strong></div>
|j|☆Permission Slip
|j|☆ChandosH
|t:|1658797124
|gametype|singles
|player|p1|Permission Slip|clerkf|1501
|player|p2|ChandosH|pokemonbreeder-gen4|1477
|teamsize|p1|6
|teamsize|p2|6
|gen|8
|tier|[Gen 8] UU
|rated|
|rule|Sleep Clause Mod: Limit one foe put to sleep
|rule|Species Clause: Limit one of each Pokémon
|rule|OHKO Clause: OHKO moves are banned
|rule|Evasion Moves Clause: Evasion moves are banned
|rule|Endless Battle Clause: Forcing endless battles is banned
|rule|HP Percentage Mod: HP is shown in percentages
|rule|Dynamax Clause: You cannot dynamax
|clearpoke
|poke|p1|Slowking, F|
|poke|p1|Hatterene, F|
|poke|p1|Conkeldurr, M|
|poke|p1|Marowak-Alola, M|
|poke|p1|Cresselia, F|
|poke|p1|Gyarados, M|
|poke|p2|Keldeo-Resolute|
|poke|p2|Thundurus-Therian, M|
|poke|p2|Hippowdon, M|
|poke|p2|Scizor, M|
|poke|p2|Celesteela|
|poke|p2|Amoonguss, M|
|teampreview
|
|t:|1658797149
|start
|switch|p1a: Hatterene|Hatterene, F|100/100
|switch|p2a: Thundurus|Thundurus-Therian, M|100/100
|turn|1
|
|t:|1658797173
|move|p2a: Thundurus|Volt Switch|p1a: Hatterene
|-damage|p1a: Hatterene|59/100
|
|t:|1658797183
|switch|p2a: Celesteela|Celesteela|100/100|[from]move: Volt Switch
|move|p1a: Hatterene|Trick Room|p1a: Hatterene
|-fieldstart|move: Trick Room|[of] p1a: Hatterene
|
|upkeep
|turn|2
|
|t:|1658797200
|move|p1a: Hatterene|Healing Wish|p1a: Hatterene
|faint|p1a: Hatterene
|move|p2a: Celesteela|Heavy Slam|p1: Hatterene|[notarget]
|-fail|p2a: Celesteela
|
|upkeep
|
|t:|1658797203
|switch|p1a: Marowak|Marowak-Alola, M|100/100
|turn|3
|
|t:|1658797217
|move|p1a: Marowak|Flare Blitz|p2a: Celesteela
|-supereffective|p2a: Celesteela
|-damage|p2a: Celesteela|0 fnt
|faint|p2a: Celesteela
|
|upkeep
|
|t:|1658797222
|switch|p2a: Hippowdon|Hippowdon, M|100/100
|-weather|Sandstorm|[from] ability: Sand Stream|[of] p2a: Hippowdon
|turn|4
|
|t:|1658797238
|switch|p1a: Slowking|Slowking, F|100/100
|move|p2a: Hippowdon|Slack Off||[still]
|-fail|p2a: Hippowdon|heal
|
|-weather|Sandstorm|[upkeep]
|-damage|p1a: Slowking|94/100|[from] Sandstorm
|upkeep
|turn|5
|
|t:|1658797245
|move|p1a: Slowking|Scald|p2a: Hippowdon
|-supereffective|p2a: Hippowdon
|-damage|p2a: Hippowdon|53/100
|move|p2a: Hippowdon|Stealth Rock|p1a: Slowking
|-sidestart|p1: Permission Slip|move: Stealth Rock
|
|-weather|Sandstorm|[upkeep]
|-damage|p1a: Slowking|88/100|[from] Sandstorm
|-heal|p2a: Hippowdon|59/100|[from] item: Leftovers
|-fieldend|move: Trick Room
|upkeep
|turn|6
|
|t:|1658797255
|move|p2a: Hippowdon|Slack Off|p2a: Hippowdon
|-heal|p2a: Hippowdon|100/100
|move|p1a: Slowking|Trick Room|p1a: Slowking
|-fieldstart|move: Trick Room|[of] p1a: Slowking
|
|-weather|Sandstorm|[upkeep]
|-damage|p1a: Slowking|82/100|[from] Sandstorm
|upkeep
|turn|7
|
|t:|1658797258
|move|p1a: Slowking|Scald|p2a: Hippowdon
|-supereffective|p2a: Hippowdon
|-damage|p2a: Hippowdon|53/100
|-status|p2a: Hippowdon|brn
|move|p2a: Hippowdon|Toxic|p1a: Slowking|[miss]
|-miss|p2a: Hippowdon|p1a: Slowking
|
|-weather|Sandstorm|[upkeep]
|-damage|p1a: Slowking|76/100|[from] Sandstorm
|-heal|p2a: Hippowdon|60/100 brn|[from] item: Leftovers
|-damage|p2a: Hippowdon|53/100 brn|[from] brn
|upkeep
|turn|8
|
|t:|1658797263
|move|p2a: Hippowdon|Slack Off|p2a: Hippowdon
|-heal|p2a: Hippowdon|100/100 brn
|move|p1a: Slowking|Teleport|p1a: Slowking
|
|t:|1658797268
|switch|p1a: Conkeldurr|Conkeldurr, M|100/100|[from]move: Teleport
|-damage|p1a: Conkeldurr|94/100|[from] Stealth Rock
|
|-weather|none
|-damage|p2a: Hippowdon|94/100 brn|[from] brn
|-status|p1a: Conkeldurr|brn|[from] item: Flame Orb
|upkeep
|turn|9
|
|t:|1658797277
|switch|p2a: Amoonguss|Amoonguss, M|100/100
|move|p1a: Conkeldurr|Knock Off|p2a: Amoonguss
|-damage|p2a: Amoonguss|51/100
|-enditem|p2a: Amoonguss|Assault Vest|[from] move: Knock Off|[of] p1a: Conkeldurr
|
|-damage|p1a: Conkeldurr|88/100 brn|[from] brn
|upkeep
|turn|10
|
|t:|1658797286
|move|p1a: Conkeldurr|Facade|p2a: Amoonguss
|-damage|p2a: Amoonguss|0 fnt
|faint|p2a: Amoonguss
|
|-damage|p1a: Conkeldurr|82/100 brn|[from] brn
|-fieldend|move: Trick Room
|upkeep
|
|t:|1658797291
|switch|p2a: Thundurus|Thundurus-Therian, M|100/100
|turn|11
|
|t:|1658797296
|switch|p1a: Cresselia|Cresselia, F|100/100
|-damage|p1a: Cresselia|88/100|[from] Stealth Rock
|move|p2a: Thundurus|Psychic|p1a: Cresselia
|-resisted|p1a: Cresselia
|-damage|p1a: Cresselia|79/100
|
|upkeep
|turn|12
|
|t:|1658797300
|move|p2a: Thundurus|Knock Off|p1a: Cresselia
|-supereffective|p1a: Cresselia
|-enditem|p1a: Cresselia|Colbur Berry|[eat]
|-enditem|p1a: Cresselia|Colbur Berry|[weaken]
|-damage|p1a: Cresselia|66/100
|move|p1a: Cresselia|Trick Room|p1a: Cresselia
|-fieldstart|move: Trick Room|[of] p1a: Cresselia
|
|upkeep
|turn|13
|
|t:|1658797310
|switch|p2a: Keldeo|Keldeo-Resolute|100/100
|move|p1a: Cresselia|Ice Beam|p2a: Keldeo
|-resisted|p2a: Keldeo
|-damage|p2a: Keldeo|91/100
|
|upkeep
|turn|14
|
|t:|1658797325
|move|p1a: Cresselia|Moonblast|p2a: Keldeo
|-supereffective|p2a: Keldeo
|-damage|p2a: Keldeo|53/100
|move|p2a: Keldeo|Hydro Pump|p1a: Cresselia
|-crit|p1a: Cresselia
|-damage|p1a: Cresselia|0 fnt
|faint|p1a: Cresselia
|
|upkeep
|
|t:|1658797335
|switch|p1a: Marowak|Marowak-Alola, M|100/100
|-damage|p1a: Marowak|76/100|[from] Stealth Rock
|turn|15
|
|t:|1658797341
|switch|p2a: Hippowdon|Hippowdon, M|94/100 brn
|-weather|Sandstorm|[from] ability: Sand Stream|[of] p2a: Hippowdon
|move|p1a: Marowak|Shadow Bone|p2a: Hippowdon
|-crit|p2a: Hippowdon
|-damage|p2a: Hippowdon|30/100 brn
|
|-weather|Sandstorm|[upkeep]
|-damage|p1a: Marowak|70/100|[from] Sandstorm
|-heal|p2a: Hippowdon|37/100 brn|[from] item: Leftovers
|-damage|p2a: Hippowdon|30/100 brn|[from] brn
|upkeep
|turn|16
|
|t:|1658797347
|move|p1a: Marowak|Flare Blitz|p2a: Hippowdon
|-damage|p2a: Hippowdon|0 fnt
|faint|p2a: Hippowdon
|
|-weather|Sandstorm|[upkeep]
|-damage|p1a: Marowak|63/100|[from] Sandstorm
|-fieldend|move: Trick Room
|upkeep
|
|t:|1658797352
|switch|p2a: Thundurus|Thundurus-Therian, M|100/100
|turn|17
|
|t:|1658797359
|switch|p1a: Conkeldurr|Conkeldurr, M|82/100 brn
|-heal|p1a: Conkeldurr|100/100|[from] move: Healing Wish
|-damage|p1a: Conkeldurr|94/100|[from] Stealth Rock
|move|p2a: Thundurus|Knock Off|p1a: Conkeldurr
|-resisted|p1a: Conkeldurr
|-damage|p1a: Conkeldurr|86/100
|-enditem|p1a: Conkeldurr|Flame Orb|[from] move: Knock Off|[of] p2a: Thundurus
|
|-weather|Sandstorm|[upkeep]
|-damage|p2a: Thundurus|94/100|[from] Sandstorm
|-damage|p1a: Conkeldurr|80/100|[from] Sandstorm
|upkeep
|turn|18
|
|t:|1658797365
|move|p2a: Thundurus|Psychic|p1a: Conkeldurr
|-supereffective|p1a: Conkeldurr
|-damage|p1a: Conkeldurr|5/100
|move|p1a: Conkeldurr|Knock Off|p2a: Thundurus
|-damage|p2a: Thundurus|31/100
|-enditem|p2a: Thundurus|Heavy-Duty Boots|[from] move: Knock Off|[of] p1a: Conkeldurr
|
|-weather|Sandstorm|[upkeep]
|-damage|p2a: Thundurus|25/100|[from] Sandstorm
|-damage|p1a: Conkeldurr|0 fnt|[from] Sandstorm
|faint|p1a: Conkeldurr
|upkeep
|
|t:|1658797370
|switch|p1a: Slowking|Slowking, F|100/100
|-damage|p1a: Slowking|88/100|[from] Stealth Rock
|turn|19
|
|t:|1658797375
|move|p2a: Thundurus|Volt Switch|p1a: Slowking
|-supereffective|p1a: Slowking
|-damage|p1a: Slowking|28/100
|
|t:|1658797442
|switch|p2a: Scizor|Scizor, M|100/100|[from]move: Volt Switch
|move|p1a: Slowking|Trick Room|p1a: Slowking
|-fieldstart|move: Trick Room|[of] p1a: Slowking
|
|-weather|none
|upkeep
|turn|20
|
|t:|1658797447
|move|p1a: Slowking|Slack Off|p1a: Slowking
|-heal|p1a: Slowking|79/100
|move|p2a: Scizor|Swords Dance|p2a: Scizor
|-boost|p2a: Scizor|atk|2
|
|upkeep
|turn|21
|
|t:|1658797453
|move|p1a: Slowking|Scald|p2a: Scizor
|-damage|p2a: Scizor|69/100
|move|p2a: Scizor|Swords Dance|p2a: Scizor
|-boost|p2a: Scizor|atk|2
|
|upkeep
|turn|22
|
|t:|1658797461
|move|p2a: Scizor|Bullet Punch|p1a: Slowking
|-resisted|p1a: Slowking
|-damage|p1a: Slowking|45/100
|move|p1a: Slowking|Scald|p2a: Scizor
|-damage|p2a: Scizor|38/100
|
|upkeep
|turn|23
|
|t:|1658797471
|move|p2a: Scizor|Bullet Punch|p1a: Slowking
|-resisted|p1a: Slowking
|-damage|p1a: Slowking|15/100
|move|p1a: Slowking|Scald|p2a: Scizor
|-damage|p2a: Scizor|7/100
|
|-fieldend|move: Trick Room
|upkeep
|turn|24
|
|t:|1658797478
|move|p2a: Scizor|Bullet Punch|p1a: Slowking
|-resisted|p1a: Slowking
|-damage|p1a: Slowking|0 fnt
|faint|p1a: Slowking
|
|upkeep
|
|t:|1658797480
|switch|p1a: Gyarados|Gyarados, M|100/100
|-damage|p1a: Gyarados|76/100|[from] Stealth Rock
|turn|25
|
|t:|1658797484
|move|p2a: Scizor|Bullet Punch|p1a: Gyarados
|-resisted|p1a: Gyarados
|-damage|p1a: Gyarados|23/100
|move|p1a: Gyarados|Waterfall|p2a: Scizor
|-damage|p2a: Scizor|0 fnt
|faint|p2a: Scizor
|-ability|p1a: Gyarados|Moxie|boost
|-boost|p1a: Gyarados|atk|1
|
|upkeep
|
|t:|1658797491
|switch|p2a: Keldeo|Keldeo-Resolute|53/100
|turn|26
|
|t:|1658797495
|move|p2a: Keldeo|Surf|p1a: Gyarados
|-resisted|p1a: Gyarados
|-damage|p1a: Gyarados|0 fnt
|faint|p1a: Gyarados
|
|upkeep
|
|t:|1658797497
|switch|p1a: Marowak|Marowak-Alola, M|63/100
|-damage|p1a: Marowak|39/100|[from] Stealth Rock
|turn|27
|c|☆ChandosH|gg
|
|t:|1658797501
|move|p2a: Keldeo|Surf|p1a: Marowak
|-supereffective|p1a: Marowak
|-damage|p1a: Marowak|0 fnt
|faint|p1a: Marowak
|
|win|ChandosH
|raw|Permission Slip's rating: 1501 &rarr; <strong>1480</strong><br />(-21 for losing)
|raw|ChandosH's rating: 1477 &rarr; <strong>1498</strong><br />(+21 for winning)
|c|☆Permission Slip|gg
|l|☆Permission Slip
||Ladder isn't responding, score probably updated but might not have (Request timeout).
