|html|<div class="broadcast-blue"><strong>[Gen 8] UU is currently suspecting Latias! For information on how to participate check out the <a href="https://www.smogon.com/forums/threads/np-ss-uu-stage-8-2-cherry.3676723/">suspect thread</a>.</strong></div>
|j|‽Tonytuffnuts
|j|☆Buster118
|t:|1612386876
|player|p1|Tonytuffnuts|169|1389
|player|p2|Buster118|janitor|1318
|teamsize|p1|6
|teamsize|p2|6
|gametype|singles
|gen|8
|tier|[Gen 8] UU
|rated|
|clearpoke
|poke|p1|Kommo-o, F|
|poke|p1|Scizor, F|
|poke|p1|Quagsire, M|
|poke|p1|Chansey, F|
|poke|p1|Latias, F|
|poke|p1|Kyurem|
|poke|p2|Amoonguss, M|
|poke|p2|Slowking, M|
|poke|p2|Skarmory, M|
|poke|p2|Victini|
|poke|p2|Zeraora|
|poke|p2|Krookodile, M|
|rule|Sleep Clause Mod: Limit one foe put to sleep
|rule|Species Clause: Limit one of each Pokémon
|rule|OHKO Clause: OHKO moves are banned
|rule|Evasion Moves Clause: Evasion moves are banned
|rule|Endless Battle Clause: Forcing endless battles is banned
|rule|HP Percentage Mod: HP is shown in percentages
|rule|Dynamax Clause: You cannot dynamax
|teampreview
|
|t:|1612386893
|start
|switch|p1a: Kyurem|Kyurem|100/100
|switch|p2a: Krookodile|Krookodile, M|100/100
|-ability|p1a: Kyurem|Pressure
|-ability|p2a: Krookodile|Intimidate|boost
|-unboost|p1a: Kyurem|atk|1
|turn|1
|
|t:|1612386916
|switch|p2a: Slowking|Slowking, M|100/100
|move|p1a: Kyurem|Dragon Dance|p1a: Kyurem
|-boost|p1a: Kyurem|atk|1
|-boost|p1a: Kyurem|spe|1
|
|upkeep
|turn|2
|
|t:|1612386923
|move|p1a: Kyurem|Substitute|p1a: Kyurem
|-start|p1a: Kyurem|Substitute
|-damage|p1a: Kyurem|76/100
|move|p2a: Slowking|Teleport|p2a: Slowking
|
|t:|1612386927
|switch|p2a: Victini|Victini|100/100|[from]move: Teleport
|
|-heal|p1a: Kyurem|82/100|[from] item: Leftovers
|upkeep
|turn|3
|
|t:|1612386932
|move|p1a: Kyurem|Dragon Dance|p1a: Kyurem
|-boost|p1a: Kyurem|atk|1
|-boost|p1a: Kyurem|spe|1
|move|p2a: Victini|Blue Flare|p1a: Kyurem
|-end|p1a: Kyurem|Substitute
|
|-heal|p1a: Kyurem|88/100|[from] item: Leftovers
|upkeep
|turn|4
|
|t:|1612386936
|move|p1a: Kyurem|Substitute|p1a: Kyurem
|-start|p1a: Kyurem|Substitute
|-damage|p1a: Kyurem|63/100
|move|p2a: Victini|Blue Flare|p1a: Kyurem
|-end|p1a: Kyurem|Substitute
|
|-heal|p1a: Kyurem|69/100|[from] item: Leftovers
|upkeep
|turn|5
|
|t:|1612386942
|move|p1a: Kyurem|Substitute|p1a: Kyurem
|-start|p1a: Kyurem|Substitute
|-damage|p1a: Kyurem|44/100
|move|p2a: Victini|Blue Flare|p1a: Kyurem
|-crit|p1a: Kyurem
|-end|p1a: Kyurem|Substitute
|
|-heal|p1a: Kyurem|50/100|[from] item: Leftovers
|upkeep
|turn|6
|
|t:|1612386947
|move|p1a: Kyurem|Substitute|p1a: Kyurem
|-start|p1a: Kyurem|Substitute
|-damage|p1a: Kyurem|26/100
|move|p2a: Victini|Blue Flare|p1a: Kyurem
|-end|p1a: Kyurem|Substitute
|
|-heal|p1a: Kyurem|32/100|[from] item: Leftovers
|upkeep
|turn|7
|
|t:|1612386961
|move|p1a: Kyurem|Dragon Dance|p1a: Kyurem
|-boost|p1a: Kyurem|atk|1
|-boost|p1a: Kyurem|spe|1
|move|p2a: Victini|Psychic|p1a: Kyurem
|-damage|p1a: Kyurem|2/100
|
|-heal|p1a: Kyurem|8/100|[from] item: Leftovers
|upkeep
|turn|8
|
|t:|1612386970
|move|p1a: Kyurem|Roost|p1a: Kyurem
|-heal|p1a: Kyurem|58/100
|-singleturn|p1a: Kyurem|move: Roost
|move|p2a: Victini|Psychic|p1a: Kyurem
|-damage|p1a: Kyurem|26/100
|
|-heal|p1a: Kyurem|32/100|[from] item: Leftovers
|upkeep
|turn|9
|
|t:|1612386981
|move|p1a: Kyurem|Roost|p1a: Kyurem
|-heal|p1a: Kyurem|82/100
|-singleturn|p1a: Kyurem|move: Roost
|move|p2a: Victini|U-turn|p1a: Kyurem
|-damage|p1a: Kyurem|71/100
|
|t:|1612386986
|switch|p2a: Amoonguss|Amoonguss, M|100/100|[from]move: U-turn
|
|-heal|p1a: Kyurem|77/100|[from] item: Leftovers
|upkeep
|turn|10
|
|t:|1612386990
|move|p1a: Kyurem|Substitute|p1a: Kyurem
|-start|p1a: Kyurem|Substitute
|-damage|p1a: Kyurem|52/100
|move|p2a: Amoonguss|Spore||[still]
|-fail|p2a: Amoonguss
|
|-heal|p1a: Kyurem|59/100|[from] item: Leftovers
|upkeep
|turn|11
|
|t:|1612386998
|switch|p2a: Zeraora|Zeraora|100/100
|move|p1a: Kyurem|Icicle Spear|p2a: Zeraora
|-damage|p2a: Zeraora|72/100
|-damage|p2a: Zeraora|42/100
|-damage|p2a: Zeraora|14/100
|-damage|p2a: Zeraora|0 fnt
|-hitcount|p2a: Zeraora|4
|faint|p2a: Zeraora
|
|-heal|p1a: Kyurem|65/100|[from] item: Leftovers
|upkeep
|-message|Buster118 forfeited.
|
|win|Tonytuffnuts
|l|☆Buster118
