|j|☆EliotEnRetar
|j|☆uubf2 PANDAAA
|t:|1613655414
|player|p1|EliotEnRetar|falkner|1450
|player|p2|uubf2 PANDAAA|winona-gen6|1432
|teamsize|p1|6
|teamsize|p2|6
|gametype|singles
|gen|8
|tier|[Gen 8] UU
|rated|
|clearpoke
|poke|p1|Porygon-Z|
|poke|p1|Krookodile, M|
|poke|p1|Rotom-Wash|
|poke|p1|Scizor, F|
|poke|p1|Talonflame, F|
|poke|p1|Sylveon, M|
|poke|p2|Pangoro, F|
|poke|p2|Araquanid, M|
|poke|p2|Chansey, F|
|poke|p2|Palossand, F|
|poke|p2|Salamence, F|
|poke|p2|Pyukumuku, F|
|rule|Sleep Clause Mod: Limit one foe put to sleep
|rule|Species Clause: Limit one of each Pokémon
|rule|OHKO Clause: OHKO moves are banned
|rule|Evasion Moves Clause: Evasion moves are banned
|rule|Endless Battle Clause: Forcing endless battles is banned
|rule|HP Percentage Mod: HP is shown in percentages
|rule|Dynamax Clause: You cannot dynamax
|teampreview
|
|t:|1613655434
|start
|switch|p1a: BizouJeManvol|Talonflame, F|100/100
|switch|p2a: made in china|Palossand, F|100/100
|turn|1
|
|t:|1613655440
|move|p1a: BizouJeManvol|U-turn|p2a: made in china
|-resisted|p2a: made in china
|-damage|p2a: made in china|95/100
|
|t:|1613655446
|switch|p1a: CauetBurger|Rotom-Wash|100/100|[from]move: U-turn
|move|p2a: made in china|Stealth Rock|p1a: CauetBurger
|-sidestart|p1: EliotEnRetar|move: Stealth Rock
|
|upkeep
|turn|2
|
|t:|1613655456
|move|p1a: CauetBurger|Defog|p2a: made in china
|-unboost|p2a: made in china|evasion|1
|-sideend|p1: EliotEnRetar|Stealth Rock|[from] move: Defog|[of] p1a: CauetBurger
|move|p2a: made in china|Toxic|p1a: CauetBurger
|-status|p1a: CauetBurger|tox
|
|-damage|p1a: CauetBurger|94/100 tox|[from] psn
|upkeep
|turn|3
|
|t:|1613655464
|switch|p2a: blank stare|Chansey, F|100/100
|move|p1a: CauetBurger|Hydro Pump|p2a: blank stare|[miss]
|-miss|p1a: CauetBurger|p2a: blank stare
|
|-heal|p1a: CauetBurger|100/100 tox|[from] item: Leftovers
|-damage|p1a: CauetBurger|88/100 tox|[from] psn
|upkeep
|turn|4
|
|t:|1613655472
|switch|p2a: made in china|Palossand, F|95/100
|move|p1a: CauetBurger|Volt Switch|p2a: made in china
|-immune|p2a: made in china
|
|-heal|p1a: CauetBurger|94/100 tox|[from] item: Leftovers
|-damage|p1a: CauetBurger|75/100 tox|[from] psn
|upkeep
|turn|5
|
|t:|1613655493
|switch|p2a: blank stare|Chansey, F|100/100
|move|p1a: CauetBurger|Hydro Pump|p2a: blank stare
|-damage|p2a: blank stare|88/100
|
|-heal|p1a: CauetBurger|82/100 tox|[from] item: Leftovers
|-damage|p1a: CauetBurger|57/100 tox|[from] psn
|upkeep
|turn|6
|
|t:|1613655502
|switch|p1a: Ouais|Sylveon, M|100/100
|move|p2a: blank stare|Seismic Toss|p1a: Ouais
|-damage|p1a: Ouais|75/100
|
|-heal|p1a: Ouais|81/100|[from] item: Leftovers
|upkeep
|turn|7
|
|t:|1613655508
|move|p1a: Ouais|Heal Bell|p1a: Ouais
|-activate|p1a: Ouais|move: Heal Bell
|-curestatus|p1: CauetBurger|tox|[msg]
|move|p2a: blank stare|Toxic|p1a: Ouais
|-status|p1a: Ouais|tox
|
|-heal|p1a: Ouais|87/100 tox|[from] item: Leftovers
|-damage|p1a: Ouais|81/100 tox|[from] psn
|upkeep
|turn|8
|
|t:|1613655516
|move|p1a: Ouais|Wish|p1a: Ouais
|move|p2a: blank stare|Toxic|p1a: Ouais
|-fail|p1a: Ouais|tox
|
|-heal|p1a: Ouais|87/100 tox|[from] item: Leftovers
|-damage|p1a: Ouais|75/100 tox|[from] psn
|upkeep
|turn|9
|
|t:|1613655524
|switch|p1a: CauetBurger|Rotom-Wash|57/100
|move|p2a: blank stare|Toxic|p1a: CauetBurger
|-status|p1a: CauetBurger|tox
|
|-heal|p1a: CauetBurger|100/100 tox|[from] move: Wish|[wisher] Ouais
|-damage|p1a: CauetBurger|94/100 tox|[from] psn
|upkeep
|turn|10
|
|t:|1613655535
|move|p1a: CauetBurger|Hydro Pump|p2a: blank stare
|-damage|p2a: blank stare|76/100
|move|p2a: blank stare|Seismic Toss|p1a: CauetBurger
|-damage|p1a: CauetBurger|61/100 tox
|
|-heal|p1a: CauetBurger|68/100 tox|[from] item: Leftovers
|-damage|p1a: CauetBurger|55/100 tox|[from] psn
|upkeep
|turn|11
|
|t:|1613655544
|switch|p1a: Ouais|Sylveon, M|75/100 tox
|move|p2a: blank stare|Soft-Boiled|p2a: blank stare
|-heal|p2a: blank stare|100/100
|
|-heal|p1a: Ouais|81/100 tox|[from] item: Leftovers
|-damage|p1a: Ouais|75/100 tox|[from] psn
|upkeep
|turn|12
|
|t:|1613655552
|move|p1a: Ouais|Heal Bell|p1a: Ouais
|-activate|p1a: Ouais|move: Heal Bell
|-curestatus|p1a: Ouais|tox|[msg]
|-curestatus|p1: CauetBurger|tox|[msg]
|move|p2a: blank stare|Toxic|p1a: Ouais
|-status|p1a: Ouais|tox
|
|-heal|p1a: Ouais|81/100 tox|[from] item: Leftovers
|-damage|p1a: Ouais|75/100 tox|[from] psn
|upkeep
|turn|13
|
|t:|1613655562
|move|p1a: Ouais|Wish|p1a: Ouais
|move|p2a: blank stare|Seismic Toss|p1a: Ouais
|-damage|p1a: Ouais|50/100 tox
|
|-heal|p1a: Ouais|56/100 tox|[from] item: Leftovers
|-damage|p1a: Ouais|44/100 tox|[from] psn
|upkeep
|turn|14
|
|t:|1613655570
|move|p1a: Ouais|Heal Bell|p1a: Ouais
|-activate|p1a: Ouais|move: Heal Bell
|-curestatus|p1a: Ouais|tox|[msg]
|move|p2a: blank stare|Toxic|p1a: Ouais|[miss]
|-miss|p2a: blank stare|p1a: Ouais
|
|-heal|p1a: Ouais|94/100|[from] move: Wish|[wisher] Ouais
|-heal|p1a: Ouais|99/100|[from] item: Leftovers
|upkeep
|turn|15
|
|t:|1613655579
|switch|p1a: Schlass|Scizor, F|100/100
|move|p2a: blank stare|Seismic Toss|p1a: Schlass
|-damage|p1a: Schlass|68/100
|
|upkeep
|turn|16
|
|t:|1613655590
|switch|p2a: made in china|Palossand, F|95/100
|move|p1a: Schlass|Swords Dance|p1a: Schlass
|-boost|p1a: Schlass|atk|2
|
|upkeep
|turn|17
|
|t:|1613655596
|switch|p2a: bfm's belly button|Pyukumuku, F|100/100
|move|p1a: Schlass|U-turn|p2a: bfm's belly button
|-damage|p2a: bfm's belly button|75/100
|
|t:|1613655601
|switch|p1a: Porygon-NUBL|Porygon-Z|100/100|[from]move: U-turn
|
|-heal|p2a: bfm's belly button|81/100|[from] item: Leftovers
|upkeep
|turn|18
|
|t:|1613655609
|switch|p2a: blank stare|Chansey, F|100/100
|move|p1a: Porygon-NUBL|Tri Attack|p2a: blank stare
|-damage|p2a: blank stare|75/100
|
|upkeep
|turn|19
|
|t:|1613655621
|switch|p1a: CauetBurger|Rotom-Wash|55/100
|move|p2a: blank stare|Toxic|p1a: CauetBurger|[miss]
|-miss|p2a: blank stare|p1a: CauetBurger
|
|-heal|p1a: CauetBurger|61/100|[from] item: Leftovers
|upkeep
|turn|20
|
|t:|1613655633
|move|p1a: CauetBurger|Volt Switch|p2a: blank stare
|-damage|p2a: blank stare|66/100
|
|t:|1613655638
|switch|p1a: Ouais|Sylveon, M|99/100|[from]move: Volt Switch
|move|p2a: blank stare|Seismic Toss|p1a: Ouais
|-damage|p1a: Ouais|74/100
|
|-heal|p1a: Ouais|80/100|[from] item: Leftovers
|upkeep
|turn|21
|
|t:|1613655646
|switch|p1a: Schlass|Scizor, F|68/100
|move|p2a: blank stare|Toxic|p1a: Schlass
|-immune|p1a: Schlass
|
|upkeep
|turn|22
|
|t:|1613655654
|switch|p2a: made in china|Palossand, F|95/100
|move|p1a: Schlass|U-turn|p2a: made in china
|-resisted|p2a: made in china
|-damage|p2a: made in china|84/100
|inactive|Battle timer is ON: inactive players will automatically lose when time's up. (requested by uubf2 PANDAAA)
|
|t:|1613655662
|switch|p1a: Krookodile|Krookodile, M|100/100|[from]move: U-turn
|-ability|p1a: Krookodile|Intimidate|boost
|-unboost|p2a: made in china|atk|1
|
|upkeep
|turn|23
|
|t:|1613655672
|move|p1a: Krookodile|Knock Off|p2a: made in china
|-supereffective|p2a: made in china
|-enditem|p2a: made in china|Colbur Berry|[eat]
|-enditem|p2a: made in china|Colbur Berry|[weaken]
|-damage|p2a: made in china|53/100
|move|p2a: made in china|Stealth Rock|p1a: Krookodile
|-sidestart|p1: EliotEnRetar|move: Stealth Rock
|
|upkeep
|turn|24
|
|t:|1613655677
|move|p1a: Krookodile|Knock Off|p2a: made in china
|-supereffective|p2a: made in china
|-damage|p2a: made in china|16/100
|move|p2a: made in china|Shore Up|p2a: made in china
|-heal|p2a: made in china|66/100
|
|upkeep
|turn|25
|
|t:|1613655682
|move|p1a: Krookodile|Knock Off|p2a: made in china
|-supereffective|p2a: made in china
|-damage|p2a: made in china|29/100
|move|p2a: made in china|Shore Up|p2a: made in china
|-heal|p2a: made in china|79/100
|
|upkeep
|turn|26
|
|t:|1613655688
|move|p1a: Krookodile|Knock Off|p2a: made in china
|-supereffective|p2a: made in china
|-damage|p2a: made in china|38/100
|move|p2a: made in china|Shore Up|p2a: made in china
|-heal|p2a: made in china|88/100
|
|upkeep
|turn|27
|
|t:|1613655693
|move|p1a: Krookodile|Knock Off|p2a: made in china
|-supereffective|p2a: made in china
|-damage|p2a: made in china|49/100
|move|p2a: made in china|Toxic|p1a: Krookodile
|-status|p1a: Krookodile|tox
|
|-damage|p1a: Krookodile|94/100 tox|[from] psn
|upkeep
|turn|28
|
|t:|1613655699
|move|p1a: Krookodile|Knock Off|p2a: made in china
|-supereffective|p2a: made in china
|-damage|p2a: made in china|12/100
|move|p2a: made in china|Shore Up|p2a: made in china
|-heal|p2a: made in china|62/100
|
|-damage|p1a: Krookodile|82/100 tox|[from] psn
|upkeep
|turn|29
|
|t:|1613655710
|switch|p1a: CauetBurger|Rotom-Wash|61/100
|-damage|p1a: CauetBurger|49/100|[from] Stealth Rock
|move|p2a: made in china|Shore Up|p2a: made in china
|-heal|p2a: made in china|100/100
|
|-heal|p1a: CauetBurger|55/100|[from] item: Leftovers
|upkeep
|turn|30
|
|t:|1613655717
|switch|p2a: blank stare|Chansey, F|66/100
|move|p1a: CauetBurger|Defog|p2a: blank stare
|-unboost|p2a: blank stare|evasion|1
|-sideend|p1: EliotEnRetar|Stealth Rock|[from] move: Defog|[of] p1a: CauetBurger
|
|-heal|p1a: CauetBurger|61/100|[from] item: Leftovers
|upkeep
|turn|31
|
|t:|1613655724
|move|p1a: CauetBurger|Will-O-Wisp|p2a: blank stare
|-status|p2a: blank stare|brn
|move|p2a: blank stare|Soft-Boiled|p2a: blank stare
|-heal|p2a: blank stare|100/100 brn
|
|-heal|p1a: CauetBurger|68/100|[from] item: Leftovers
|-damage|p2a: blank stare|94/100 brn|[from] brn
|upkeep
|turn|32
|
|t:|1613655736
|move|p1a: CauetBurger|Defog|p2a: blank stare
|-unboost|p2a: blank stare|evasion|1
|move|p2a: blank stare|Seismic Toss|p1a: CauetBurger
|-damage|p1a: CauetBurger|35/100
|
|-heal|p1a: CauetBurger|41/100|[from] item: Leftovers
|-damage|p2a: blank stare|88/100 brn|[from] brn
|upkeep
|turn|33
|
|t:|1613655744
|move|p1a: CauetBurger|Volt Switch|p2a: blank stare
|-damage|p2a: blank stare|80/100 brn
|
|t:|1613655748
|switch|p1a: Ouais|Sylveon, M|80/100|[from]move: Volt Switch
|move|p2a: blank stare|Seismic Toss|p1a: Ouais
|-damage|p1a: Ouais|55/100
|
|-heal|p1a: Ouais|61/100|[from] item: Leftovers
|-damage|p2a: blank stare|74/100 brn|[from] brn
|upkeep
|turn|34
|
|t:|1613655756
|switch|p2a: vocaloid song|Araquanid, M|100/100
|move|p1a: Ouais|Wish|p1a: Ouais
|
|-heal|p1a: Ouais|67/100|[from] item: Leftovers
|upkeep
|turn|35
|
|t:|1613655762
|switch|p1a: CauetBurger|Rotom-Wash|41/100
|move|p2a: vocaloid song|Toxic|p1a: CauetBurger
|-status|p1a: CauetBurger|tox
|
|-heal|p1a: CauetBurger|100/100 tox|[from] move: Wish|[wisher] Ouais
|-damage|p1a: CauetBurger|94/100 tox|[from] psn
|upkeep
|turn|36
|
|t:|1613655771
|move|p2a: vocaloid song|Protect|p2a: vocaloid song
|-singleturn|p2a: vocaloid song|Protect
|move|p1a: CauetBurger|Hydro Pump|p2a: vocaloid song
|-activate|p2a: vocaloid song|move: Protect
|
|-heal|p1a: CauetBurger|100/100 tox|[from] item: Leftovers
|-damage|p1a: CauetBurger|88/100 tox|[from] psn
|upkeep
|turn|37
|
|t:|1613655781
|move|p1a: CauetBurger|Volt Switch|p2a: vocaloid song
|-supereffective|p2a: vocaloid song
|-damage|p2a: vocaloid song|70/100
|
|t:|1613655788
|switch|p1a: Krookodile|Krookodile, M|82/100 tox|[from]move: Volt Switch
|-ability|p1a: Krookodile|Intimidate|boost
|-unboost|p2a: vocaloid song|atk|1
|move|p2a: vocaloid song|Liquidation|p1a: Krookodile
|-supereffective|p1a: Krookodile
|-damage|p1a: Krookodile|12/100 tox
|
|-heal|p2a: vocaloid song|77/100|[from] item: Leftovers
|-damage|p1a: Krookodile|6/100 tox|[from] psn
|upkeep
|turn|38
|
|t:|1613655800
|switch|p1a: CauetBurger|Rotom-Wash|88/100 tox
|move|p2a: vocaloid song|Protect||[still]
|-fail|p2a: vocaloid song
|
|-heal|p1a: CauetBurger|94/100 tox|[from] item: Leftovers
|-heal|p2a: vocaloid song|83/100|[from] item: Leftovers
|-damage|p1a: CauetBurger|88/100 tox|[from] psn
|upkeep
|turn|39
|
|t:|1613655809
|move|p2a: vocaloid song|Protect|p2a: vocaloid song
|-singleturn|p2a: vocaloid song|Protect
|move|p1a: CauetBurger|Volt Switch|p2a: vocaloid song
|-activate|p2a: vocaloid song|move: Protect
|
|-heal|p1a: CauetBurger|94/100 tox|[from] item: Leftovers
|-heal|p2a: vocaloid song|89/100|[from] item: Leftovers
|-damage|p1a: CauetBurger|82/100 tox|[from] psn
|upkeep
|turn|40
|
|t:|1613655817
|move|p1a: CauetBurger|Will-O-Wisp|p2a: vocaloid song
|-immune|p2a: vocaloid song|[from] ability: Water Bubble
|move|p2a: vocaloid song|Liquidation|p1a: CauetBurger
|-resisted|p1a: CauetBurger
|-damage|p1a: CauetBurger|70/100 tox
|
|-heal|p1a: CauetBurger|76/100 tox|[from] item: Leftovers
|-heal|p2a: vocaloid song|95/100|[from] item: Leftovers
|-damage|p1a: CauetBurger|57/100 tox|[from] psn
|upkeep
|turn|41
|
|t:|1613655830
|move|p1a: CauetBurger|Volt Switch|p2a: vocaloid song
|-supereffective|p2a: vocaloid song
|-damage|p2a: vocaloid song|63/100
|
|t:|1613655834
|switch|p1a: Ouais|Sylveon, M|67/100|[from]move: Volt Switch
|move|p2a: vocaloid song|Liquidation|p1a: Ouais
|-damage|p1a: Ouais|33/100
|-unboost|p1a: Ouais|def|1
|
|-heal|p1a: Ouais|39/100|[from] item: Leftovers
|-heal|p2a: vocaloid song|69/100|[from] item: Leftovers
|upkeep
|turn|42
|
|t:|1613655843
|move|p1a: Ouais|Heal Bell|p1a: Ouais
|-activate|p1a: Ouais|move: Heal Bell
|-curestatus|p1: Krookodile|tox|[msg]
|-curestatus|p1: CauetBurger|tox|[msg]
|move|p2a: vocaloid song|Liquidation|p1a: Ouais
|-damage|p1a: Ouais|0 fnt
|faint|p1a: Ouais
|
|-heal|p2a: vocaloid song|75/100|[from] item: Leftovers
|upkeep
|
|t:|1613655853
|switch|p1a: BizouJeManvol|Talonflame, F|100/100
|turn|43
|
|t:|1613655858
|switch|p2a: made in china|Palossand, F|100/100
|move|p1a: BizouJeManvol|Brave Bird|p2a: made in china
|-damage|p2a: made in china|70/100
|-damage|p1a: BizouJeManvol|88/100|[from] Recoil
|
|upkeep
|turn|44
|
|t:|1613655873
|move|p1a: BizouJeManvol|U-turn|p2a: made in china
|-resisted|p2a: made in china
|-damage|p2a: made in china|64/100
|
|t:|1613655875
|switch|p1a: Schlass|Scizor, F|68/100|[from]move: U-turn
|move|p2a: made in china|Stealth Rock|p1a: Schlass
|-sidestart|p1: EliotEnRetar|move: Stealth Rock
|
|upkeep
|turn|45
|
|t:|1613655881
|move|p1a: Schlass|Swords Dance|p1a: Schlass
|-boost|p1a: Schlass|atk|2
|move|p2a: made in china|Shore Up|p2a: made in china
|-heal|p2a: made in china|100/100
|
|upkeep
|turn|46
|
|t:|1613655889
|switch|p2a: bfm's belly button|Pyukumuku, F|81/100
|move|p1a: Schlass|U-turn|p2a: bfm's belly button
|-damage|p2a: bfm's belly button|56/100
|
|t:|1613655897
|switch|p1a: Porygon-NUBL|Porygon-Z|100/100|[from]move: U-turn
|-damage|p1a: Porygon-NUBL|88/100|[from] Stealth Rock
|
|-heal|p2a: bfm's belly button|62/100|[from] item: Leftovers
|upkeep
|turn|47
|
|t:|1613655914
|switch|p2a: blank stare|Chansey, F|74/100
|move|p1a: Porygon-NUBL|Tri Attack|p2a: blank stare
|-damage|p2a: blank stare|49/100
|-status|p2a: blank stare|brn
|
|-damage|p2a: blank stare|42/100 brn|[from] brn
|upkeep
|turn|48
|
|t:|1613655921
|move|p1a: Porygon-NUBL|Tri Attack|p2a: blank stare
|-damage|p2a: blank stare|17/100 brn
|move|p2a: blank stare|Soft-Boiled|p2a: blank stare
|-heal|p2a: blank stare|67/100 brn
|
|-damage|p2a: blank stare|61/100 brn|[from] brn
|upkeep
|turn|49
|
|t:|1613655929
|switch|p1a: CauetBurger|Rotom-Wash|57/100
|-damage|p1a: CauetBurger|45/100|[from] Stealth Rock
|move|p2a: blank stare|Soft-Boiled|p2a: blank stare
|-heal|p2a: blank stare|100/100 brn
|
|-heal|p1a: CauetBurger|51/100|[from] item: Leftovers
|-damage|p2a: blank stare|94/100 brn|[from] brn
|upkeep
|turn|50
|
|t:|1613655937
|move|p1a: CauetBurger|Defog|p2a: blank stare
|-unboost|p2a: blank stare|evasion|1
|-sideend|p1: EliotEnRetar|Stealth Rock|[from] move: Defog|[of] p1a: CauetBurger
|move|p2a: blank stare|Toxic|p1a: CauetBurger
|-status|p1a: CauetBurger|tox
|
|-heal|p1a: CauetBurger|57/100 tox|[from] item: Leftovers
|-damage|p1a: CauetBurger|51/100 tox|[from] psn
|-damage|p2a: blank stare|88/100 brn|[from] brn
|upkeep
|turn|51
|
|t:|1613655947
|move|p1a: CauetBurger|Volt Switch|p2a: blank stare
|-damage|p2a: blank stare|81/100 brn
|
|t:|1613655951
|switch|p1a: BizouJeManvol|Talonflame, F|88/100|[from]move: Volt Switch
|move|p2a: blank stare|Soft-Boiled|p2a: blank stare
|-heal|p2a: blank stare|100/100 brn
|
|-damage|p2a: blank stare|94/100 brn|[from] brn
|upkeep
|turn|52
|
|t:|1613655962
|-curestatus|p2a: blank stare|brn|[from] ability: Natural Cure
|switch|p2a: made in china|Palossand, F|100/100
|move|p1a: BizouJeManvol|U-turn|p2a: made in china
|-resisted|p2a: made in china
|-damage|p2a: made in china|95/100
|
|t:|1613655968
|switch|p1a: CauetBurger|Rotom-Wash|51/100 tox|[from]move: U-turn
|
|-heal|p1a: CauetBurger|57/100 tox|[from] item: Leftovers
|-damage|p1a: CauetBurger|51/100 tox|[from] psn
|upkeep
|turn|53
|
|t:|1613655974
|switch|p2a: blank stare|Chansey, F|94/100
|move|p1a: CauetBurger|Hydro Pump|p2a: blank stare
|-damage|p2a: blank stare|82/100
|
|-heal|p1a: CauetBurger|57/100 tox|[from] item: Leftovers
|-damage|p1a: CauetBurger|45/100 tox|[from] psn
|upkeep
|turn|54
|
|t:|1613655982
|move|p1a: CauetBurger|Hydro Pump|p2a: blank stare
|-damage|p2a: blank stare|69/100
|move|p2a: blank stare|Seismic Toss|p1a: CauetBurger
|-damage|p1a: CauetBurger|12/100 tox
|
|-heal|p1a: CauetBurger|18/100 tox|[from] item: Leftovers
|-damage|p1a: CauetBurger|0 fnt|[from] psn
|faint|p1a: CauetBurger
|upkeep
|-message|EliotEnRetar forfeited.
|
|win|uubf2 PANDAAA
|l|☆EliotEnRetar
|raw|EliotEnRetar's rating: 1458 &rarr; <strong>1436</strong><br />(-22 for losing)
|raw|uubf2 PANDAAA's rating: 1432 &rarr; <strong>1454</strong><br />(+22 for winning)
