|j|☆The SD sweep
|j|☆pif
|t:|1661005309
|gametype|singles
|player|p1|The SD sweep|siebold|1715
|player|p2|pif|#uutrio2ladder|1724
|teamsize|p1|6
|teamsize|p2|6
|gen|8
|tier|[Gen 8] UU
|rated|
|rule|Sleep Clause Mod: Limit one foe put to sleep
|rule|Species Clause: Limit one of each Pokémon
|rule|OHKO Clause: OHKO moves are banned
|rule|Evasion Items Clause: Evasion items are banned
|rule|Evasion Moves Clause: Evasion moves are banned
|rule|Endless Battle Clause: Forcing endless battles is banned
|rule|HP Percentage Mod: HP is shown in percentages
|rule|Dynamax Clause: You cannot dynamax
|clearpoke
|poke|p1|Scolipede, F|
|poke|p1|Keldeo-Resolute|
|poke|p1|Mamoswine, M|
|poke|p1|Scizor, F|
|poke|p1|Lycanroc-Dusk, F|
|poke|p1|Zarude-Dada|
|poke|p2|Primarina, F|
|poke|p2|Jirachi|
|poke|p2|Nidoqueen, F|
|poke|p2|Salamence, F|
|poke|p2|Zarude|
|poke|p2|Scizor, F|
|teampreview
|c|☆pif|glhf
|
|t:|1661005337
|start
|switch|p1a: Mamoswine|Mamoswine, M|100/100
|switch|p2a: punchy wunchy|Scizor, F|100/100
|turn|1
|inactive|Battle timer is ON: inactive players will automatically lose when time's up. (requested by The SD sweep)
|
|t:|1661005355
|move|p1a: Mamoswine|Earthquake|p2a: punchy wunchy
|-damage|p2a: punchy wunchy|40/100
|-damage|p1a: Mamoswine|91/100|[from] item: Life Orb
|move|p2a: punchy wunchy|U-turn|p1a: Mamoswine
|-damage|p1a: Mamoswine|51/100
|
|t:|1661005359
|switch|p2a: inch by flinch|Jirachi|100/100|[from]move: U-turn
|
|upkeep
|turn|2
|
|t:|1661005364
|switch|p1a: Scolipede|Scolipede, F, shiny|100/100
|move|p2a: inch by flinch|U-turn|p1a: Scolipede
|-resisted|p1a: Scolipede
|-damage|p1a: Scolipede|90/100
|
|t:|1661005370
|switch|p2a: punchy wunchy|Scizor, F|40/100|[from]move: U-turn
|
|upkeep
|turn|3
|
|t:|1661005374
|move|p1a: Scolipede|Spikes|p2a: punchy wunchy
|-sidestart|p2: pif|Spikes
|move|p2a: punchy wunchy|Roost|p2a: punchy wunchy
|-heal|p2a: punchy wunchy|90/100
|-singleturn|p2a: punchy wunchy|move: Roost
|
|-ability|p1a: Scolipede|Speed Boost|boost
|-boost|p1a: Scolipede|spe|1
|upkeep
|turn|4
|
|t:|1661005381
|move|p1a: Scolipede|Spikes|p2a: punchy wunchy
|-sidestart|p2: pif|Spikes
|move|p2a: punchy wunchy|U-turn|p1a: Scolipede
|-resisted|p1a: Scolipede
|-damage|p1a: Scolipede|64/100
|
|t:|1661005384
|switch|p2a: airy scary|Salamence, F|100/100|[from]move: U-turn
|-ability|p2a: airy scary|Intimidate|boost
|-unboost|p1a: Scolipede|atk|1
|
|-ability|p1a: Scolipede|Speed Boost|boost
|-boost|p1a: Scolipede|spe|1
|upkeep
|turn|5
|
|t:|1661005387
|move|p1a: Scolipede|Endeavor|p2a: airy scary
|-damage|p2a: airy scary|42/100
|move|p2a: airy scary|Defog|p1a: Scolipede
|-unboost|p1a: Scolipede|evasion|1
|-sideend|p2: pif|Spikes|[from] move: Defog|[of] p2a: airy scary
|
|-ability|p1a: Scolipede|Speed Boost|boost
|-boost|p1a: Scolipede|spe|1
|upkeep
|turn|6
|
|t:|1661005393
|move|p1a: Scolipede|Spikes|p2a: airy scary
|-sidestart|p2: pif|Spikes
|move|p2a: airy scary|Roost|p2a: airy scary
|-heal|p2a: airy scary|93/100
|-singleturn|p2a: airy scary|move: Roost
|
|-ability|p1a: Scolipede|Speed Boost|boost
|-boost|p1a: Scolipede|spe|1
|upkeep
|turn|7
|
|t:|1661005397
|move|p1a: Scolipede|Endeavor|p2a: airy scary
|-damage|p2a: airy scary|42/100
|move|p2a: airy scary|Defog|p1a: Scolipede
|-unboost|p1a: Scolipede|evasion|1
|-sideend|p2: pif|Spikes|[from] move: Defog|[of] p2a: airy scary
|
|-ability|p1a: Scolipede|Speed Boost|boost
|-boost|p1a: Scolipede|spe|1
|upkeep
|turn|8
|
|t:|1661005401
|move|p1a: Scolipede|Spikes|p2a: airy scary
|-sidestart|p2: pif|Spikes
|move|p2a: airy scary|Roost|p2a: airy scary
|-heal|p2a: airy scary|93/100
|-singleturn|p2a: airy scary|move: Roost
|
|-ability|p1a: Scolipede|Speed Boost|boost
|-boost|p1a: Scolipede|spe|1
|upkeep
|turn|9
|
|t:|1661005406
|move|p1a: Scolipede|Endeavor|p2a: airy scary
|-damage|p2a: airy scary|42/100
|move|p2a: airy scary|Defog|p1a: Scolipede
|-unboost|p1a: Scolipede|evasion|1
|-sideend|p2: pif|Spikes|[from] move: Defog|[of] p2a: airy scary
|
|upkeep
|turn|10
|
|t:|1661005411
|switch|p1a: Mamoswine|Mamoswine, M|51/100
|move|p2a: airy scary|Roost|p2a: airy scary
|-heal|p2a: airy scary|93/100
|-singleturn|p2a: airy scary|move: Roost
|
|upkeep
|turn|11
|
|t:|1661005423
|switch|p2a: punchy wunchy|Scizor, F|90/100
|move|p1a: Mamoswine|Ice Shard|p2a: punchy wunchy
|-resisted|p2a: punchy wunchy
|-damage|p2a: punchy wunchy|78/100
|-damage|p1a: Mamoswine|41/100|[from] item: Life Orb
|
|upkeep
|turn|12
|
|t:|1661005430
|switch|p1a: Keldeo|Keldeo-Resolute|100/100
|move|p2a: punchy wunchy|U-turn|p1a: Keldeo
|-resisted|p1a: Keldeo
|-damage|p1a: Keldeo|80/100
|
|t:|1661005433
|switch|p2a: seal that squeals|Primarina, F|100/100|[from]move: U-turn
|
|upkeep
|turn|13
|
|t:|1661005440
|switch|p1a: Scolipede|Scolipede, F, shiny|64/100
|move|p2a: seal that squeals|Moonblast|p1a: Scolipede
|-resisted|p1a: Scolipede
|-damage|p1a: Scolipede|0 fnt
|faint|p1a: Scolipede
|
|upkeep
|
|t:|1661005448
|switch|p1a: Scizor|Scizor, F, shiny|100/100
|turn|14
|
|t:|1661005465
|switch|p2a: inch by flinch|Jirachi|100/100
|move|p1a: Scizor|Swords Dance|p1a: Scizor
|-boost|p1a: Scizor|atk|2
|
|upkeep
|turn|15
|
|t:|1661005473
|move|p2a: inch by flinch|U-turn|p1a: Scizor
|-resisted|p1a: Scizor
|-damage|p1a: Scizor|91/100
|
|t:|1661005475
|switch|p2a: airy scary|Salamence, F|93/100|[from]move: U-turn
|-ability|p2a: airy scary|Intimidate|boost
|-unboost|p1a: Scizor|atk|1
|move|p1a: Scizor|Swords Dance|p1a: Scizor
|-boost|p1a: Scizor|atk|2
|
|upkeep
|turn|16
|
|t:|1661005481
|move|p1a: Scizor|Bullet Punch|p2a: airy scary
|-damage|p2a: airy scary|0 fnt
|faint|p2a: airy scary
|-damage|p1a: Scizor|81/100|[from] item: Life Orb
|
|upkeep
|
|t:|1661005502
|switch|p2a: funky monkey|Zarude|100/100
|turn|17
|
|t:|1661005507
|move|p1a: Scizor|Bullet Punch|p2a: funky monkey
|-damage|p2a: funky monkey|0 fnt
|faint|p2a: funky monkey
|-damage|p1a: Scizor|71/100|[from] item: Life Orb
|
|upkeep
|
|t:|1661005512
|switch|p2a: punchy wunchy|Scizor, F|78/100
|turn|18
|
|t:|1661005524
|move|p1a: Scizor|Dual Wingbeat|p2a: punchy wunchy
|-damage|p2a: punchy wunchy|19/100
|-damage|p2a: punchy wunchy|0 fnt
|faint|p2a: punchy wunchy
|-hitcount|p2: punchy wunchy|2
|-damage|p1a: Scizor|61/100|[from] item: Life Orb
|
|upkeep
|
|t:|1661005527
|switch|p2a: inch by flinch|Jirachi|100/100
|turn|19
|
|t:|1661005536
|switch|p1a: Keldeo|Keldeo-Resolute|80/100
|move|p2a: inch by flinch|Iron Head|p1a: Keldeo
|-resisted|p1a: Keldeo
|-damage|p1a: Keldeo|65/100
|
|upkeep
|turn|20
|
|t:|1661005541
|move|p2a: inch by flinch|Protect|p2a: inch by flinch
|-singleturn|p2a: inch by flinch|Protect
|move|p1a: Keldeo|Secret Sword|p2a: inch by flinch
|-activate|p2a: inch by flinch|move: Protect
|
|upkeep
|turn|21
|
|t:|1661005546
|move|p1a: Keldeo|Secret Sword|p2a: inch by flinch
|-damage|p2a: inch by flinch|46/100
|move|p2a: inch by flinch|Wish|p2a: inch by flinch
|
|-heal|p2a: inch by flinch|52/100|[from] item: Leftovers
|upkeep
|turn|22
|
|t:|1661005551
|move|p2a: inch by flinch|Protect|p2a: inch by flinch
|-singleturn|p2a: inch by flinch|Protect
|move|p1a: Keldeo|Secret Sword|p2a: inch by flinch
|-activate|p2a: inch by flinch|move: Protect
|
|-heal|p2a: inch by flinch|100/100|[from] move: Wish|[wisher] inch by flinch
|upkeep
|turn|23
|
|t:|1661005555
|move|p1a: Keldeo|Secret Sword|p2a: inch by flinch
|-damage|p2a: inch by flinch|45/100
|move|p2a: inch by flinch|Wish|p2a: inch by flinch
|
|-heal|p2a: inch by flinch|51/100|[from] item: Leftovers
|upkeep
|turn|24
|
|t:|1661005559
|move|p2a: inch by flinch|Protect|p2a: inch by flinch
|-singleturn|p2a: inch by flinch|Protect
|move|p1a: Keldeo|Secret Sword|p2a: inch by flinch
|-activate|p2a: inch by flinch|move: Protect
|
|-heal|p2a: inch by flinch|100/100|[from] move: Wish|[wisher] inch by flinch
|upkeep
|turn|25
|
|t:|1661005563
|move|p1a: Keldeo|Secret Sword|p2a: inch by flinch
|-crit|p2a: inch by flinch
|-damage|p2a: inch by flinch|18/100
|move|p2a: inch by flinch|Wish|p2a: inch by flinch
|
|-heal|p2a: inch by flinch|24/100|[from] item: Leftovers
|upkeep
|turn|26
|inactive|pif has 120 seconds left.
|
|t:|1661005596
|switch|p1a: Lycanroc|Lycanroc-Dusk, F|100/100
|move|p2a: inch by flinch|Protect||[still]
|-fail|p2a: inch by flinch
|
|-heal|p2a: inch by flinch|74/100|[from] move: Wish|[wisher] inch by flinch
|-heal|p2a: inch by flinch|80/100|[from] item: Leftovers
|upkeep
|turn|27
|
|t:|1661005602
|move|p2a: inch by flinch|Protect|p2a: inch by flinch
|-singleturn|p2a: inch by flinch|Protect
|move|p1a: Lycanroc|Close Combat|p2a: inch by flinch
|-activate|p2a: inch by flinch|move: Protect
|
|-heal|p2a: inch by flinch|87/100|[from] item: Leftovers
|upkeep
|turn|28
|
|t:|1661005607
|move|p1a: Lycanroc|Close Combat|p2a: inch by flinch
|-damage|p2a: inch by flinch|36/100
|-unboost|p1a: Lycanroc|def|1
|-unboost|p1a: Lycanroc|spd|1
|-damage|p1a: Lycanroc|91/100|[from] item: Life Orb
|move|p2a: inch by flinch|Iron Head|p1a: Lycanroc
|-supereffective|p1a: Lycanroc
|-damage|p1a: Lycanroc|0 fnt
|faint|p1a: Lycanroc
|
|-heal|p2a: inch by flinch|42/100|[from] item: Leftovers
|upkeep
|
|t:|1661005612
|switch|p1a: Keldeo|Keldeo-Resolute|65/100
|turn|29
|
|t:|1661005617
|move|p2a: inch by flinch|Protect|p2a: inch by flinch
|-singleturn|p2a: inch by flinch|Protect
|move|p1a: Keldeo|Secret Sword|p2a: inch by flinch
|-activate|p2a: inch by flinch|move: Protect
|
|-heal|p2a: inch by flinch|48/100|[from] item: Leftovers
|upkeep
|turn|30
|j| JustFranco‽
|
|t:|1661005625
|switch|p2a: queen of mean|Nidoqueen, F|100/100
|move|p1a: Keldeo|Secret Sword|p2a: queen of mean
|-resisted|p2a: queen of mean
|-damage|p2a: queen of mean|65/100
|
|upkeep
|turn|31
|
|t:|1661005634
|switch|p1a: Zarude|Zarude-Dada|100/100
|move|p2a: queen of mean|Sludge Wave|p1a: Zarude
|-supereffective|p1a: Zarude
|-damage|p1a: Zarude|0 fnt
|faint|p1a: Zarude
|
|upkeep
|
|t:|1661005639
|switch|p1a: Mamoswine|Mamoswine, M|41/100
|turn|32
|
|t:|1661005646
|move|p1a: Mamoswine|Earthquake|p2a: queen of mean
|-supereffective|p2a: queen of mean
|-crit|p2a: queen of mean
|-damage|p2a: queen of mean|0 fnt
|faint|p2a: queen of mean
|-damage|p1a: Mamoswine|31/100|[from] item: Life Orb
|
|upkeep
|
|t:|1661005649
|switch|p2a: inch by flinch|Jirachi|48/100
|turn|33
|
|t:|1661005655
|move|p2a: inch by flinch|Protect|p2a: inch by flinch
|-singleturn|p2a: inch by flinch|Protect
|move|p1a: Mamoswine|Earthquake|p2a: inch by flinch
|-activate|p2a: inch by flinch|move: Protect
|
|-heal|p2a: inch by flinch|54/100|[from] item: Leftovers
|upkeep
|turn|34
|
|t:|1661005660
|move|p2a: inch by flinch|Iron Head|p1a: Mamoswine
|-supereffective|p1a: Mamoswine
|-damage|p1a: Mamoswine|0 fnt
|faint|p1a: Mamoswine
|
|-heal|p2a: inch by flinch|61/100|[from] item: Leftovers
|upkeep
|
|t:|1661005665
|switch|p1a: Scizor|Scizor, F, shiny|61/100
|turn|35
|
|t:|1661005681
|move|p2a: inch by flinch|Iron Head|p1a: Scizor
|-resisted|p1a: Scizor
|-damage|p1a: Scizor|42/100
|move|p1a: Scizor|Superpower|p2a: inch by flinch
|-damage|p2a: inch by flinch|13/100
|-unboost|p1a: Scizor|atk|1
|-unboost|p1a: Scizor|def|1
|-damage|p1a: Scizor|33/100|[from] item: Life Orb
|
|-heal|p2a: inch by flinch|19/100|[from] item: Leftovers
|upkeep
|turn|36
|
|t:|1661005692
|switch|p1a: Keldeo|Keldeo-Resolute|65/100
|move|p2a: inch by flinch|Wish|p2a: inch by flinch
|
|-heal|p2a: inch by flinch|25/100|[from] item: Leftovers
|upkeep
|turn|37
|j| experimentalism
|
|t:|1661005702
|move|p2a: inch by flinch|Protect|p2a: inch by flinch
|-singleturn|p2a: inch by flinch|Protect
|move|p1a: Keldeo|Secret Sword|p2a: inch by flinch
|-activate|p2a: inch by flinch|move: Protect
|
|-heal|p2a: inch by flinch|75/100|[from] move: Wish|[wisher] inch by flinch
|-heal|p2a: inch by flinch|81/100|[from] item: Leftovers
|upkeep
|turn|38
|
|t:|1661005713
|switch|p1a: Scizor|Scizor, F, shiny|33/100
|move|p2a: inch by flinch|Wish|p2a: inch by flinch
|
|-heal|p2a: inch by flinch|87/100|[from] item: Leftovers
|upkeep
|turn|39
|
|t:|1661005717
|switch|p1a: Keldeo|Keldeo-Resolute|65/100
|move|p2a: inch by flinch|Iron Head|p1a: Keldeo
|-resisted|p1a: Keldeo
|-damage|p1a: Keldeo|50/100
|
|-heal|p2a: inch by flinch|100/100|[from] move: Wish|[wisher] inch by flinch
|upkeep
|turn|40
|
|t:|1661005731
|move|p2a: inch by flinch|Protect|p2a: inch by flinch
|-singleturn|p2a: inch by flinch|Protect
|move|p1a: Keldeo|Surf|p2a: inch by flinch
|-activate|p2a: inch by flinch|move: Protect
|
|upkeep
|turn|41
|
|t:|1661005741
|move|p1a: Keldeo|Surf|p2a: inch by flinch
|-damage|p2a: inch by flinch|45/100
|move|p2a: inch by flinch|Wish|p2a: inch by flinch
|
|-heal|p2a: inch by flinch|51/100|[from] item: Leftovers
|upkeep
|turn|42
|
|t:|1661005748
|move|p2a: inch by flinch|Protect|p2a: inch by flinch
|-singleturn|p2a: inch by flinch|Protect
|move|p1a: Keldeo|Surf|p2a: inch by flinch
|-activate|p2a: inch by flinch|move: Protect
|
|-heal|p2a: inch by flinch|100/100|[from] move: Wish|[wisher] inch by flinch
|upkeep
|turn|43
|
|t:|1661005754
|move|p1a: Keldeo|Surf|p2a: inch by flinch
|-damage|p2a: inch by flinch|42/100
|move|p2a: inch by flinch|U-turn|p1a: Keldeo
|-resisted|p1a: Keldeo
|-damage|p1a: Keldeo|42/100
|
|t:|1661005758
|switch|p2a: seal that squeals|Primarina, F|100/100|[from]move: U-turn
|
|upkeep
|turn|44
|
|t:|1661005767
|move|p1a: Keldeo|Surf|p2a: seal that squeals
|-resisted|p2a: seal that squeals
|-damage|p2a: seal that squeals|68/100
|move|p2a: seal that squeals|Moonblast|p1a: Keldeo
|-supereffective|p1a: Keldeo
|-damage|p1a: Keldeo|0 fnt
|faint|p1a: Keldeo
|
|upkeep
|
|t:|1661005771
|switch|p1a: Scizor|Scizor, F, shiny|33/100
|turn|45
|
|t:|1661005778
|switch|p2a: inch by flinch|Jirachi|42/100
|move|p1a: Scizor|Dual Wingbeat|p2a: inch by flinch
|-resisted|p2a: inch by flinch
|-damage|p2a: inch by flinch|30/100
|-resisted|p2a: inch by flinch
|-damage|p2a: inch by flinch|18/100
|-hitcount|p2a: inch by flinch|2
|-damage|p1a: Scizor|23/100|[from] item: Life Orb
|
|-heal|p2a: inch by flinch|25/100|[from] item: Leftovers
|upkeep
|turn|46
|
|t:|1661005792
|move|p1a: Scizor|Bullet Punch|p2a: inch by flinch
|-resisted|p2a: inch by flinch
|-damage|p2a: inch by flinch|4/100
|-damage|p1a: Scizor|13/100|[from] item: Life Orb
|move|p2a: inch by flinch|Iron Head|p1a: Scizor
|-resisted|p1a: Scizor
|-damage|p1a: Scizor|0 fnt
|faint|p1a: Scizor
|
|win|pif
|raw|The SD sweep's rating: 1715 &rarr; <strong>1696</strong><br />(-19 for losing)
|raw|pif's rating: 1724 &rarr; <strong>1743</strong><br />(+19 for winning)
|l|☆The SD sweep
|c|☆pif|gg
|l| JustFranco‽
||Ladder isn't responding, score probably updated but might not have (Request timeout).
