|j|☆thegreatestshowman
|j|☆Musty
|t:|1628294008
|gametype|singles
|player|p1|thegreatestshowman|pokemonranger|1425
|player|p2|Musty|giovanni|1430
|teamsize|p1|6
|teamsize|p2|6
|gen|8
|tier|[Gen 8] UU
|rated|
|rule|Sleep Clause Mod: Limit one foe put to sleep
|rule|Species Clause: Limit one of each Pokémon
|rule|OHKO Clause: OHKO moves are banned
|rule|Evasion Moves Clause: Evasion moves are banned
|rule|Endless Battle Clause: Forcing endless battles is banned
|rule|HP Percentage Mod: HP is shown in percentages
|rule|Dynamax Clause: You cannot dynamax
|clearpoke
|poke|p1|Suicune|
|poke|p1|Nihilego|
|poke|p1|Tangrowth, F|
|poke|p1|Salamence, M|
|poke|p1|Jirachi|
|poke|p1|Krookodile, F|
|poke|p2|Aegislash, M|
|poke|p2|Umbreon, M|
|poke|p2|Tangrowth, M|
|poke|p2|Chansey, F|
|poke|p2|Amoonguss, F|
|poke|p2|Cloyster, M|
|teampreview
|j| Mr Canvasback
|
|t:|1628294042
|start
|switch|p1a: Nihilego|Nihilego|100/100
|switch|p2a: Cloyster|Cloyster, M|100/100
|turn|1
|
|t:|1628294049
|switch|p2a: Amoonguss|Amoonguss, F|100/100
|move|p1a: Nihilego|Power Gem|p2a: Amoonguss
|-damage|p2a: Amoonguss|75/100
|
|-heal|p2a: Amoonguss|81/100|[from] item: Black Sludge
|upkeep
|turn|2
|
|t:|1628294063
|move|p1a: Nihilego|Toxic Spikes|p2a: Amoonguss
|-sidestart|p2: Musty|move: Toxic Spikes
|move|p2a: Amoonguss|Spore|p1a: Nihilego
|-status|p1a: Nihilego|slp|[from] move: Spore
|
|-heal|p2a: Amoonguss|87/100|[from] item: Black Sludge
|upkeep
|turn|3
|
|t:|1628294073
|switch|p1a: Tangrowth|Tangrowth, F|100/100
|move|p2a: Amoonguss|Giga Drain|p1a: Tangrowth
|-resisted|p1a: Tangrowth
|-damage|p1a: Tangrowth|93/100
|-heal|p2a: Amoonguss|91/100|[from] drain|[of] p1a: Tangrowth
|
|-heal|p2a: Amoonguss|97/100|[from] item: Black Sludge
|upkeep
|turn|4
|
|t:|1628294085
|switch|p1a: Jirachi|Jirachi|100/100
|move|p2a: Amoonguss|Sludge Bomb|p1a: Jirachi
|-immune|p1a: Jirachi
|
|-heal|p2a: Amoonguss|100/100|[from] item: Black Sludge
|upkeep
|turn|5
|
|t:|1628294092
|switch|p2a: Tangrowth|Tangrowth, M|100/100
|-status|p2a: Tangrowth|psn
|move|p1a: Jirachi|U-turn|p2a: Tangrowth
|-supereffective|p2a: Tangrowth
|-damage|p2a: Tangrowth|83/100 psn
|-damage|p1a: Jirachi|84/100|[from] item: Rocky Helmet|[of] p2a: Tangrowth
|
|t:|1628294099
|switch|p1a: Suicune|Suicune|100/100|[from]move: U-turn
|-ability|p1a: Suicune|Pressure
|
|-damage|p2a: Tangrowth|70/100 psn|[from] psn
|upkeep
|turn|6
|
|t:|1628294107
|switch|p2a: Amoonguss|Amoonguss, F|100/100
|-sideend|p2: Musty|move: Toxic Spikes|[of] p2a: Amoonguss
|move|p1a: Suicune|Calm Mind|p1a: Suicune
|-boost|p1a: Suicune|spa|1
|-boost|p1a: Suicune|spd|1
|
|upkeep
|turn|7
|
|t:|1628294115
|move|p1a: Suicune|Calm Mind|p1a: Suicune
|-boost|p1a: Suicune|spa|1
|-boost|p1a: Suicune|spd|1
|move|p2a: Amoonguss|Giga Drain|p1a: Suicune
|-supereffective|p1a: Suicune
|-damage|p1a: Suicune|84/100
|
|-heal|p1a: Suicune|90/100|[from] item: Leftovers
|upkeep
|turn|8
|
|t:|1628294122
|switch|p2a: Aegislash|Aegislash, M|100/100
|move|p1a: Suicune|Scald|p2a: Aegislash
|-damage|p2a: Aegislash|71/100
|
|-heal|p1a: Suicune|97/100|[from] item: Leftovers
|-heal|p2a: Aegislash|77/100|[from] item: Leftovers
|upkeep
|turn|9
|
|t:|1628294127
|move|p1a: Suicune|Calm Mind|p1a: Suicune
|-boost|p1a: Suicune|spa|1
|-boost|p1a: Suicune|spd|1
|move|p2a: Aegislash|Toxic|p1a: Suicune
|-status|p1a: Suicune|tox
|
|-heal|p1a: Suicune|100/100 tox|[from] item: Leftovers
|-heal|p2a: Aegislash|83/100|[from] item: Leftovers
|-damage|p1a: Suicune|94/100 tox|[from] psn
|upkeep
|turn|10
|
|t:|1628294137
|move|p1a: Suicune|Calm Mind|p1a: Suicune
|-boost|p1a: Suicune|spa|1
|-boost|p1a: Suicune|spd|1
|move|p2a: Aegislash|Substitute|p2a: Aegislash
|-start|p2a: Aegislash|Substitute
|-damage|p2a: Aegislash|58/100
|
|-heal|p1a: Suicune|100/100 tox|[from] item: Leftovers
|-heal|p2a: Aegislash|64/100|[from] item: Leftovers
|-damage|p1a: Suicune|88/100 tox|[from] psn
|upkeep
|turn|11
|
|t:|1628294142
|move|p2a: Aegislash|King's Shield|p2a: Aegislash
|-singleturn|p2a: Aegislash|Protect
|move|p1a: Suicune|Calm Mind|p1a: Suicune
|-boost|p1a: Suicune|spa|1
|-boost|p1a: Suicune|spd|1
|
|-heal|p1a: Suicune|94/100 tox|[from] item: Leftovers
|-heal|p2a: Aegislash|71/100|[from] item: Leftovers
|-damage|p1a: Suicune|76/100 tox|[from] psn
|upkeep
|turn|12
|
|t:|1628294145
|move|p1a: Suicune|Scald|p2a: Aegislash
|-end|p2a: Aegislash|Substitute
|move|p2a: Aegislash|Substitute|p2a: Aegislash
|-start|p2a: Aegislash|Substitute
|-damage|p2a: Aegislash|46/100
|
|-heal|p1a: Suicune|82/100 tox|[from] item: Leftovers
|-heal|p2a: Aegislash|52/100|[from] item: Leftovers
|-damage|p1a: Suicune|57/100 tox|[from] psn
|upkeep
|turn|13
|
|t:|1628294159
|move|p2a: Aegislash|King's Shield|p2a: Aegislash
|-singleturn|p2a: Aegislash|Protect
|move|p1a: Suicune|Rest|p1a: Suicune
|-status|p1a: Suicune|slp|[from] move: Rest
|-heal|p1a: Suicune|100/100 slp|[silent]
|
|-heal|p2a: Aegislash|58/100|[from] item: Leftovers
|upkeep
|turn|14
|
|t:|1628294168
|cant|p1a: Suicune|slp
|move|p1a: Suicune|Sleep Talk|p1a: Suicune
|move|p1a: Suicune|Rest||[from]move: Sleep Talk|[still]
|-fail|p1a: Suicune
|-formechange|p2a: Aegislash|Aegislash-Blade||[from] ability: Stance Change
|move|p2a: Aegislash|Flash Cannon|p1a: Suicune
|-resisted|p1a: Suicune
|-damage|p1a: Suicune|97/100 slp
|
|-heal|p1a: Suicune|100/100 slp|[from] item: Leftovers
|-heal|p2a: Aegislash|64/100|[from] item: Leftovers
|upkeep
|turn|15
|
|t:|1628294188
|switch|p2a: Umbreon|Umbreon, M|100/100
|cant|p1a: Suicune|slp
|
|upkeep
|turn|16
|
|t:|1628294194
|-curestatus|p1a: Suicune|slp|[msg]
|move|p1a: Suicune|Calm Mind|p1a: Suicune
|-boost|p1a: Suicune|spa|1
|-boost|p1a: Suicune|spd|1
|move|p2a: Umbreon|Heal Bell|p2a: Umbreon
|-activate|p2a: Umbreon|move: Heal Bell
|-curestatus|p2: Tangrowth|psn|[msg]
|
|upkeep
|turn|17
|
|t:|1628294202
|move|p2a: Umbreon|Protect|p2a: Umbreon
|-singleturn|p2a: Umbreon|Protect
|move|p1a: Suicune|Scald|p2a: Umbreon
|-activate|p2a: Umbreon|move: Protect
|
|upkeep
|turn|18
|
|t:|1628294209
|move|p1a: Suicune|Scald|p2a: Umbreon
|-damage|p2a: Umbreon|42/100
|-status|p2a: Umbreon|brn
|move|p2a: Umbreon|Wish|p2a: Umbreon
|
|-heal|p2a: Umbreon|48/100 brn|[from] item: Leftovers
|-damage|p2a: Umbreon|42/100 brn|[from] brn
|upkeep
|turn|19
|
|t:|1628294220
|move|p2a: Umbreon|Protect|p2a: Umbreon
|-singleturn|p2a: Umbreon|Protect
|move|p1a: Suicune|Scald|p2a: Umbreon
|-activate|p2a: Umbreon|move: Protect
|
|-heal|p2a: Umbreon|92/100 brn|[from] move: Wish|[wisher] Umbreon
|-heal|p2a: Umbreon|98/100 brn|[from] item: Leftovers
|-damage|p2a: Umbreon|92/100 brn|[from] brn
|upkeep
|turn|20
|
|t:|1628294233
|switch|p2a: Amoonguss|Amoonguss, F|100/100
|move|p1a: Suicune|Scald|p2a: Amoonguss
|-resisted|p2a: Amoonguss
|-damage|p2a: Amoonguss|68/100
|
|-heal|p2a: Amoonguss|75/100|[from] item: Black Sludge
|upkeep
|turn|21
|
|t:|1628294243
|move|p1a: Suicune|Scald|p2a: Amoonguss
|-resisted|p2a: Amoonguss
|-damage|p2a: Amoonguss|44/100
|move|p2a: Amoonguss|Giga Drain|p1a: Suicune
|-supereffective|p1a: Suicune
|-damage|p1a: Suicune|92/100
|-heal|p2a: Amoonguss|48/100|[from] drain|[of] p1a: Suicune
|
|-heal|p1a: Suicune|98/100|[from] item: Leftovers
|-heal|p2a: Amoonguss|54/100|[from] item: Black Sludge
|upkeep
|turn|22
|
|t:|1628294255
|move|p1a: Suicune|Scald|p2a: Amoonguss
|-resisted|p2a: Amoonguss
|-damage|p2a: Amoonguss|20/100
|move|p2a: Amoonguss|Toxic|p1a: Suicune
|-status|p1a: Suicune|tox
|
|-heal|p1a: Suicune|100/100 tox|[from] item: Leftovers
|-heal|p2a: Amoonguss|26/100|[from] item: Black Sludge
|-damage|p1a: Suicune|94/100 tox|[from] psn
|upkeep
|turn|23
|
|t:|1628294267
|switch|p2a: Chansey|Chansey, F|100/100
|move|p1a: Suicune|Scald|p2a: Chansey
|-damage|p2a: Chansey|68/100
|
|-heal|p1a: Suicune|100/100 tox|[from] item: Leftovers
|-damage|p1a: Suicune|88/100 tox|[from] psn
|upkeep
|turn|24
|
|t:|1628294280
|move|p1a: Suicune|Rest|p1a: Suicune
|-status|p1a: Suicune|slp|[from] move: Rest
|-heal|p1a: Suicune|100/100 slp|[silent]
|move|p2a: Chansey|Soft-Boiled|p2a: Chansey
|-heal|p2a: Chansey|100/100
|
|upkeep
|turn|25
|
|t:|1628294284
|cant|p1a: Suicune|slp
|move|p2a: Chansey|Stealth Rock|p1a: Suicune
|-sidestart|p1: thegreatestshowman|move: Stealth Rock
|
|upkeep
|turn|26
|
|t:|1628294293
|cant|p1a: Suicune|slp
|move|p2a: Chansey|Seismic Toss|p1a: Suicune
|-damage|p1a: Suicune|76/100 slp
|
|-heal|p1a: Suicune|82/100 slp|[from] item: Leftovers
|upkeep
|turn|27
|
|t:|1628294301
|-curestatus|p1a: Suicune|slp|[msg]
|move|p1a: Suicune|Calm Mind|p1a: Suicune
|-boost|p1a: Suicune|spa|0
|-boost|p1a: Suicune|spd|0
|move|p2a: Chansey|Seismic Toss|p1a: Suicune
|-damage|p1a: Suicune|57/100
|
|-heal|p1a: Suicune|63/100|[from] item: Leftovers
|upkeep
|turn|28
|
|t:|1628294306
|move|p1a: Suicune|Calm Mind|p1a: Suicune
|-boost|p1a: Suicune|spa|0
|-boost|p1a: Suicune|spd|0
|move|p2a: Chansey|Toxic|p1a: Suicune
|-status|p1a: Suicune|tox
|
|-heal|p1a: Suicune|70/100 tox|[from] item: Leftovers
|-damage|p1a: Suicune|63/100 tox|[from] psn
|upkeep
|turn|29
|
|t:|1628294317
|move|p1a: Suicune|Calm Mind|p1a: Suicune
|-boost|p1a: Suicune|spa|0
|-boost|p1a: Suicune|spd|0
|move|p2a: Chansey|Seismic Toss|p1a: Suicune
|-damage|p1a: Suicune|39/100 tox
|
|-heal|p1a: Suicune|45/100 tox|[from] item: Leftovers
|-damage|p1a: Suicune|32/100 tox|[from] psn
|upkeep
|turn|30
|j| Bacon Weave Entre
|
|t:|1628294327
|switch|p2a: Tangrowth|Tangrowth, M|100/100
|move|p1a: Suicune|Rest|p1a: Suicune
|-status|p1a: Suicune|slp|[from] move: Rest
|-heal|p1a: Suicune|100/100 slp|[silent]
|
|upkeep
|turn|31
|
|t:|1628294333
|cant|p1a: Suicune|slp
|move|p1a: Suicune|Sleep Talk|p1a: Suicune
|move|p1a: Suicune|Calm Mind|p1a: Suicune|[from]move: Sleep Talk
|-boost|p1a: Suicune|spa|0
|-boost|p1a: Suicune|spd|0
|move|p2a: Tangrowth|Leech Seed|p1a: Suicune
|-start|p1a: Suicune|move: Leech Seed
|
|-damage|p1a: Suicune|88/100 slp|[from] Leech Seed|[of] p2a: Tangrowth
|upkeep
|turn|32
|
|t:|1628294341
|switch|p1a: Tangrowth|Tangrowth, F|100/100
|-damage|p1a: Tangrowth|88/100|[from] Stealth Rock
|move|p2a: Tangrowth|Knock Off|p1a: Tangrowth
|-damage|p1a: Tangrowth|72/100
|-enditem|p1a: Tangrowth|Assault Vest|[from] move: Knock Off|[of] p2a: Tangrowth
|
|upkeep
|turn|33
|
|t:|1628294354
|move|p2a: Tangrowth|Toxic|p1a: Tangrowth
|-status|p1a: Tangrowth|tox
|move|p1a: Tangrowth|Knock Off|p2a: Tangrowth
|-damage|p2a: Tangrowth|88/100
|-damage|p1a: Tangrowth|55/100 tox|[from] item: Rocky Helmet|[of] p2a: Tangrowth
|-enditem|p2a: Tangrowth|Rocky Helmet|[from] move: Knock Off|[of] p1a: Tangrowth
|
|-damage|p1a: Tangrowth|49/100 tox|[from] psn
|upkeep
|turn|34
|
|t:|1628294366
|move|p1a: Tangrowth|Sludge Bomb|p2a: Tangrowth
|-supereffective|p2a: Tangrowth
|-damage|p2a: Tangrowth|27/100
|-status|p2a: Tangrowth|psn
|move|p2a: Tangrowth|Giga Drain|p1a: Tangrowth
|-resisted|p1a: Tangrowth
|-damage|p1a: Tangrowth|36/100 tox
|-heal|p2a: Tangrowth|34/100 psn|[from] drain|[of] p1a: Tangrowth
|
|-damage|p2a: Tangrowth|21/100 psn|[from] psn
|-damage|p1a: Tangrowth|24/100 tox|[from] psn
|upkeep
|turn|35
|
|t:|1628294379
|switch|p1a: Jirachi|Jirachi|84/100
|-damage|p1a: Jirachi|78/100|[from] Stealth Rock
|switch|p2a: Amoonguss|Amoonguss, F|59/100
|
|-heal|p1a: Jirachi|84/100|[from] item: Leftovers
|-heal|p2a: Amoonguss|65/100|[from] item: Black Sludge
|upkeep
|turn|36
|
|t:|1628294391
|switch|p2a: Tangrowth|Tangrowth, M|54/100 psn
|move|p1a: Jirachi|Stealth Rock|p2a: Tangrowth
|-sidestart|p2: Musty|move: Stealth Rock
|
|-heal|p1a: Jirachi|90/100|[from] item: Leftovers
|-damage|p2a: Tangrowth|42/100 psn|[from] psn
|upkeep
|turn|37
|
|t:|1628294401
|switch|p2a: Umbreon|Umbreon, M|92/100 brn
|-damage|p2a: Umbreon|79/100 brn|[from] Stealth Rock
|move|p1a: Jirachi|Iron Head|p2a: Umbreon
|-damage|p2a: Umbreon|62/100 brn
|
|-heal|p1a: Jirachi|96/100|[from] item: Leftovers
|-heal|p2a: Umbreon|69/100 brn|[from] item: Leftovers
|-damage|p2a: Umbreon|62/100 brn|[from] brn
|upkeep
|turn|38
|
|t:|1628294413
|move|p1a: Jirachi|U-turn|p2a: Umbreon
|-supereffective|p2a: Umbreon
|-damage|p2a: Umbreon|41/100 brn
|
|t:|1628294423
|switch|p1a: Tangrowth|Tangrowth, F|57/100 tox|[from]move: U-turn
|-damage|p1a: Tangrowth|45/100 tox|[from] Stealth Rock
|move|p2a: Umbreon|Heal Bell|p2a: Umbreon
|-activate|p2a: Umbreon|move: Heal Bell
|-curestatus|p2a: Umbreon|brn|[msg]
|-curestatus|p2: Tangrowth|psn|[msg]
|
|-heal|p2a: Umbreon|47/100|[from] item: Leftovers
|-damage|p1a: Tangrowth|38/100 tox|[from] psn
|upkeep
|turn|39
|
|t:|1628294437
|switch|p1a: Nihilego|Nihilego|100/100 slp
|-damage|p1a: Nihilego|88/100 slp|[from] Stealth Rock
|move|p2a: Umbreon|Protect||[still]
|-fail|p2a: Umbreon
|
|-heal|p1a: Nihilego|94/100 slp|[from] item: Black Sludge
|-heal|p2a: Umbreon|53/100|[from] item: Leftovers
|upkeep
|turn|40
|
|t:|1628294451
|cant|p1a: Nihilego|slp
|move|p2a: Umbreon|Wish|p2a: Umbreon
|
|-heal|p1a: Nihilego|100/100 slp|[from] item: Black Sludge
|-heal|p2a: Umbreon|59/100|[from] item: Leftovers
|upkeep
|turn|41
|
|t:|1628294459
|cant|p1a: Nihilego|slp
|move|p2a: Umbreon|Foul Play|p1a: Nihilego
|-damage|p1a: Nihilego|75/100 slp
|
|-heal|p2a: Umbreon|100/100|[from] move: Wish|[wisher] Umbreon
|-heal|p1a: Nihilego|81/100 slp|[from] item: Black Sludge
|upkeep
|turn|42
|
|t:|1628294469
|cant|p1a: Nihilego|slp
|move|p2a: Umbreon|Foul Play|p1a: Nihilego
|-damage|p1a: Nihilego|56/100 slp
|
|-heal|p1a: Nihilego|62/100 slp|[from] item: Black Sludge
|upkeep
|turn|43
|
|t:|1628294477
|-curestatus|p1a: Nihilego|slp|[msg]
|move|p1a: Nihilego|Thunder Wave|p2a: Umbreon
|-status|p2a: Umbreon|par
|move|p2a: Umbreon|Foul Play|p1a: Nihilego
|-damage|p1a: Nihilego|39/100
|
|-heal|p1a: Nihilego|45/100|[from] item: Black Sludge
|upkeep
|turn|44
|
|t:|1628294488
|move|p1a: Nihilego|Sludge Wave|p2a: Umbreon
|-damage|p2a: Umbreon|70/100 par
|move|p2a: Umbreon|Wish|p2a: Umbreon
|
|-heal|p1a: Nihilego|51/100|[from] item: Black Sludge
|-heal|p2a: Umbreon|76/100 par|[from] item: Leftovers
|upkeep
|turn|45
|
|t:|1628294497
|move|p1a: Nihilego|Toxic Spikes|p2a: Umbreon
|-sidestart|p2: Musty|move: Toxic Spikes
|move|p2a: Umbreon|Foul Play|p1a: Nihilego
|-damage|p1a: Nihilego|29/100
|
|-heal|p2a: Umbreon|100/100 par|[from] move: Wish|[wisher] Umbreon
|-heal|p1a: Nihilego|35/100|[from] item: Black Sludge
|upkeep
|turn|46
|
|t:|1628294514
|switch|p1a: Salamence|Salamence, M|100/100
|-ability|p1a: Salamence|Intimidate|boost
|-fail|p2a: Umbreon|unboost|Attack|[from] ability: Inner Focus|[of] p2a: Umbreon
|move|p2a: Umbreon|Foul Play|p1a: Salamence
|-damage|p1a: Salamence|64/100
|
|upkeep
|turn|47
|
|t:|1628294526
|move|p1a: Salamence|Flamethrower|p2a: Umbreon
|-damage|p2a: Umbreon|87/100 par
|cant|p2a: Umbreon|par
|
|-heal|p2a: Umbreon|93/100 par|[from] item: Leftovers
|upkeep
|turn|48
|
|t:|1628294534
|move|p1a: Salamence|Hurricane|p2a: Umbreon|[miss]
|-miss|p1a: Salamence|p2a: Umbreon
|cant|p2a: Umbreon|par
|
|-heal|p2a: Umbreon|99/100 par|[from] item: Leftovers
|upkeep
|turn|49
|
|t:|1628294543
|move|p1a: Salamence|Roost|p1a: Salamence
|-heal|p1a: Salamence|100/100
|-singleturn|p1a: Salamence|move: Roost
|move|p2a: Umbreon|Heal Bell|p2a: Umbreon
|-activate|p2a: Umbreon|move: Heal Bell
|-curestatus|p2a: Umbreon|par|[msg]
|
|-heal|p2a: Umbreon|100/100|[from] item: Leftovers
|upkeep
|turn|50
|
|t:|1628294554
|move|p1a: Salamence|Hurricane|p2a: Umbreon|[miss]
|-miss|p1a: Salamence|p2a: Umbreon
|move|p2a: Umbreon|Foul Play|p1a: Salamence
|-damage|p1a: Salamence|61/100
|
|upkeep
|turn|51
|
|t:|1628294561
|move|p1a: Salamence|Roost|p1a: Salamence
|-heal|p1a: Salamence|100/100
|-singleturn|p1a: Salamence|move: Roost
|move|p2a: Umbreon|Foul Play|p1a: Salamence
|-damage|p1a: Salamence|62/100
|
|upkeep
|turn|52
|
|t:|1628294564
|move|p1a: Salamence|Hurricane|p2a: Umbreon
|-damage|p2a: Umbreon|73/100
|-start|p2a: Umbreon|confusion
|-activate|p2a: Umbreon|confusion
|move|p2a: Umbreon|Foul Play|p1a: Salamence
|-damage|p1a: Salamence|23/100
|
|-heal|p2a: Umbreon|79/100|[from] item: Leftovers
|upkeep
|turn|53
|
|t:|1628294575
|switch|p2a: Amoonguss|Amoonguss, F|98/100
|-sideend|p2: Musty|move: Toxic Spikes|[of] p2a: Amoonguss
|-damage|p2a: Amoonguss|86/100|[from] Stealth Rock
|move|p1a: Salamence|Roost|p1a: Salamence
|-heal|p1a: Salamence|73/100
|-singleturn|p1a: Salamence|move: Roost
|
|-heal|p2a: Amoonguss|92/100|[from] item: Black Sludge
|upkeep
|turn|54
|
|t:|1628294587
|switch|p2a: Chansey|Chansey, F|100/100
|-damage|p2a: Chansey|88/100|[from] Stealth Rock
|move|p1a: Salamence|Hurricane|p2a: Chansey|[miss]
|-miss|p1a: Salamence|p2a: Chansey
|
|upkeep
|turn|55
|
|t:|1628294596
|switch|p1a: Jirachi|Jirachi|96/100
|-damage|p1a: Jirachi|90/100|[from] Stealth Rock
|move|p2a: Chansey|Seismic Toss|p1a: Jirachi
|-damage|p1a: Jirachi|65/100
|
|-heal|p1a: Jirachi|72/100|[from] item: Leftovers
|upkeep
|turn|56
|
|t:|1628294606
|switch|p2a: Tangrowth|Tangrowth, M|75/100
|-damage|p2a: Tangrowth|63/100|[from] Stealth Rock
|move|p1a: Jirachi|Iron Head|p2a: Tangrowth
|-damage|p2a: Tangrowth|48/100
|
|-heal|p1a: Jirachi|78/100|[from] item: Leftovers
|upkeep
|turn|57
|
|t:|1628294618
|move|p1a: Jirachi|U-turn|p2a: Tangrowth
|-supereffective|p2a: Tangrowth
|-damage|p2a: Tangrowth|31/100
|
|t:|1628294625
|switch|p1a: Tangrowth|Tangrowth, F|72/100 tox|[from]move: U-turn
|-damage|p1a: Tangrowth|59/100 tox|[from] Stealth Rock
|move|p2a: Tangrowth|Leech Seed|p1a: Tangrowth
|-immune|p1a: Tangrowth
|
|-damage|p1a: Tangrowth|53/100 tox|[from] psn
|upkeep
|turn|58
|
|t:|1628294635
|switch|p2a: Amoonguss|Amoonguss, F|100/100
|-damage|p2a: Amoonguss|88/100|[from] Stealth Rock
|move|p1a: Tangrowth|Knock Off|p2a: Amoonguss
|-damage|p2a: Amoonguss|64/100
|-enditem|p2a: Amoonguss|Black Sludge|[from] move: Knock Off|[of] p1a: Tangrowth
|
|-damage|p1a: Tangrowth|41/100 tox|[from] psn
|upkeep
|turn|59
|
|t:|1628294646
|switch|p1a: Salamence|Salamence, M|73/100
|-ability|p1a: Salamence|Intimidate|boost
|-unboost|p2a: Amoonguss|atk|1
|move|p2a: Amoonguss|Spore|p1a: Salamence
|-status|p1a: Salamence|slp|[from] move: Spore
|
|upkeep
|turn|60
|
|t:|1628294655
|switch|p1a: Jirachi|Jirachi|78/100
|-damage|p1a: Jirachi|72/100|[from] Stealth Rock
|switch|p2a: Cloyster|Cloyster, M|100/100
|
|-heal|p1a: Jirachi|78/100|[from] item: Leftovers
|upkeep
|turn|61
|
|t:|1628294666
|move|p1a: Jirachi|Iron Head|p2a: Cloyster
|-damage|p2a: Cloyster|85/100
|cant|p2a: Cloyster|flinch
|
|-heal|p1a: Jirachi|84/100|[from] item: Leftovers
|upkeep
|turn|62
|
|t:|1628294674
|move|p1a: Jirachi|Iron Head|p2a: Cloyster
|-damage|p2a: Cloyster|70/100
|cant|p2a: Cloyster|flinch
|
|-heal|p1a: Jirachi|90/100|[from] item: Leftovers
|upkeep
|turn|63
|
|t:|1628294682
|move|p1a: Jirachi|Iron Head|p2a: Cloyster
|-damage|p2a: Cloyster|55/100
|cant|p2a: Cloyster|flinch
|
|-heal|p1a: Jirachi|96/100|[from] item: Leftovers
|upkeep
|turn|64
|
|t:|1628294690
|move|p1a: Jirachi|Iron Head|p2a: Cloyster
|-damage|p2a: Cloyster|41/100
|move|p2a: Cloyster|Rapid Spin|p1a: Jirachi
|-resisted|p1a: Jirachi
|-damage|p1a: Jirachi|92/100
|-boost|p2a: Cloyster|spe|1
|-sideend|p2: Musty|Stealth Rock|[from] move: Rapid Spin|[of] p2a: Cloyster
|
|-heal|p1a: Jirachi|98/100|[from] item: Leftovers
|upkeep
|turn|65
|
|t:|1628294701
|switch|p2a: Umbreon|Umbreon, M|79/100
|move|p1a: Jirachi|Stealth Rock|p2a: Umbreon
|-sidestart|p2: Musty|move: Stealth Rock
|
|-heal|p1a: Jirachi|100/100|[from] item: Leftovers
|-heal|p2a: Umbreon|85/100|[from] item: Leftovers
|upkeep
|turn|66
|
|t:|1628294710
|move|p1a: Jirachi|U-turn|p2a: Umbreon
|-supereffective|p2a: Umbreon
|-damage|p2a: Umbreon|63/100
|
|t:|1628294714
|switch|p1a: Tangrowth|Tangrowth, F|74/100 tox|[from]move: U-turn
|-damage|p1a: Tangrowth|61/100 tox|[from] Stealth Rock
|move|p2a: Umbreon|Wish|p2a: Umbreon
|
|-heal|p2a: Umbreon|69/100|[from] item: Leftovers
|-damage|p1a: Tangrowth|55/100 tox|[from] psn
|upkeep
|turn|67
|
|t:|1628294726
|move|p2a: Umbreon|Protect|p2a: Umbreon
|-singleturn|p2a: Umbreon|Protect
|move|p1a: Tangrowth|Giga Drain|p2a: Umbreon
|-activate|p2a: Umbreon|move: Protect
|
|-heal|p2a: Umbreon|100/100|[from] move: Wish|[wisher] Umbreon
|-damage|p1a: Tangrowth|43/100 tox|[from] psn
|upkeep
|turn|68
|
|t:|1628294736
|switch|p2a: Amoonguss|Amoonguss, F|97/100
|-damage|p2a: Amoonguss|85/100|[from] Stealth Rock
|move|p1a: Tangrowth|Knock Off|p2a: Amoonguss
|-damage|p2a: Amoonguss|69/100
|
|-damage|p1a: Tangrowth|24/100 tox|[from] psn
|upkeep
|turn|69
|inactive|Battle timer is ON: inactive players will automatically lose when time's up. (requested by thegreatestshowman)
|
|t:|1628294752
|switch|p1a: Jirachi|Jirachi|100/100
|-damage|p1a: Jirachi|94/100|[from] Stealth Rock
|switch|p2a: Umbreon|Umbreon, M|100/100
|-damage|p2a: Umbreon|88/100|[from] Stealth Rock
|
|-heal|p1a: Jirachi|100/100|[from] item: Leftovers
|-heal|p2a: Umbreon|94/100|[from] item: Leftovers
|upkeep
|turn|70
|
|t:|1628294764
|move|p1a: Jirachi|U-turn|p2a: Umbreon
|-supereffective|p2a: Umbreon
|-damage|p2a: Umbreon|72/100
|
|t:|1628294769
|switch|p1a: Krookodile|Krookodile, F|100/100|[from]move: U-turn
|-damage|p1a: Krookodile|94/100|[from] Stealth Rock
|-ability|p1a: Krookodile|Intimidate|boost
|-fail|p2a: Umbreon|unboost|Attack|[from] ability: Inner Focus|[of] p2a: Umbreon
|move|p2a: Umbreon|Foul Play|p1a: Krookodile
|-resisted|p1a: Krookodile
|-damage|p1a: Krookodile|65/100
|
|-heal|p2a: Umbreon|78/100|[from] item: Leftovers
|upkeep
|turn|71
|
|t:|1628294781
|move|p2a: Umbreon|Protect|p2a: Umbreon
|-singleturn|p2a: Umbreon|Protect
|move|p1a: Krookodile|Knock Off|p2a: Umbreon
|-activate|p2a: Umbreon|move: Protect
|
|-heal|p2a: Umbreon|84/100|[from] item: Leftovers
|upkeep
|turn|72
|
|t:|1628294790
|switch|p1a: Jirachi|Jirachi|100/100
|-damage|p1a: Jirachi|94/100|[from] Stealth Rock
|switch|p2a: Tangrowth|Tangrowth, M|64/100
|-damage|p2a: Tangrowth|52/100|[from] Stealth Rock
|
|-heal|p1a: Jirachi|100/100|[from] item: Leftovers
|upkeep
|turn|73
|
|t:|1628294806
|switch|p2a: Umbreon|Umbreon, M|84/100
|-damage|p2a: Umbreon|72/100|[from] Stealth Rock
|move|p1a: Jirachi|Iron Head|p2a: Umbreon
|-damage|p2a: Umbreon|55/100
|
|-heal|p2a: Umbreon|61/100|[from] item: Leftovers
|upkeep
|turn|74
|
|t:|1628294816
|move|p1a: Jirachi|U-turn|p2a: Umbreon
|-supereffective|p2a: Umbreon
|-damage|p2a: Umbreon|40/100
|
|t:|1628294823
|switch|p1a: Krookodile|Krookodile, F|65/100|[from]move: U-turn
|-damage|p1a: Krookodile|59/100|[from] Stealth Rock
|-ability|p1a: Krookodile|Intimidate|boost
|-fail|p2a: Umbreon|unboost|Attack|[from] ability: Inner Focus|[of] p2a: Umbreon
|move|p2a: Umbreon|Wish|p2a: Umbreon
|
|-heal|p2a: Umbreon|46/100|[from] item: Leftovers
|upkeep
|turn|75
|l| Mr Canvasback
|
|t:|1628294837
|move|p2a: Umbreon|Protect|p2a: Umbreon
|-singleturn|p2a: Umbreon|Protect
|move|p1a: Krookodile|Knock Off|p2a: Umbreon
|-activate|p2a: Umbreon|move: Protect
|
|-heal|p2a: Umbreon|96/100|[from] move: Wish|[wisher] Umbreon
|-heal|p2a: Umbreon|100/100|[from] item: Leftovers
|upkeep
|turn|76
|
|t:|1628294848
|switch|p2a: Tangrowth|Tangrowth, M|85/100
|-damage|p2a: Tangrowth|73/100|[from] Stealth Rock
|move|p1a: Krookodile|Knock Off|p2a: Tangrowth
|-damage|p2a: Tangrowth|57/100
|
|upkeep
|turn|77
|
|t:|1628294857
|switch|p1a: Tangrowth|Tangrowth, F|57/100 tox
|-damage|p1a: Tangrowth|45/100 tox|[from] Stealth Rock
|move|p2a: Tangrowth|Giga Drain|p1a: Tangrowth
|-resisted|p1a: Tangrowth
|-damage|p1a: Tangrowth|32/100 tox
|-heal|p2a: Tangrowth|64/100|[from] drain|[of] p1a: Tangrowth
|
|-damage|p1a: Tangrowth|26/100 tox|[from] psn
|upkeep
|turn|78
|
|t:|1628294869
|switch|p2a: Amoonguss|Amoonguss, F|100/100
|-damage|p2a: Amoonguss|88/100|[from] Stealth Rock
|switch|p1a: Jirachi|Jirachi|100/100
|-damage|p1a: Jirachi|94/100|[from] Stealth Rock
|
|-heal|p1a: Jirachi|100/100|[from] item: Leftovers
|upkeep
|turn|79
|
|t:|1628294880
|switch|p1a: Tangrowth|Tangrowth, F|59/100 tox
|-damage|p1a: Tangrowth|47/100 tox|[from] Stealth Rock
|switch|p2a: Umbreon|Umbreon, M|100/100
|-damage|p2a: Umbreon|88/100|[from] Stealth Rock
|
|-heal|p2a: Umbreon|94/100|[from] item: Leftovers
|-damage|p1a: Tangrowth|40/100 tox|[from] psn
|upkeep
|turn|80
|
|t:|1628294892
|switch|p1a: Jirachi|Jirachi|100/100
|-damage|p1a: Jirachi|94/100|[from] Stealth Rock
|move|p2a: Umbreon|Protect||[still]
|-fail|p2a: Umbreon
|
|-heal|p1a: Jirachi|100/100|[from] item: Leftovers
|-heal|p2a: Umbreon|99/100|[from] item: Leftovers
|upkeep
|turn|81
|
|t:|1628294903
|move|p1a: Jirachi|U-turn|p2a: Umbreon
|-supereffective|p2a: Umbreon
|-damage|p2a: Umbreon|78/100
|
|t:|1628294905
|switch|p1a: Tangrowth|Tangrowth, F|74/100 tox|[from]move: U-turn
|-damage|p1a: Tangrowth|61/100 tox|[from] Stealth Rock
|move|p2a: Umbreon|Wish|p2a: Umbreon
|
|-heal|p2a: Umbreon|84/100|[from] item: Leftovers
|-damage|p1a: Tangrowth|55/100 tox|[from] psn
|upkeep
|turn|82
|
|t:|1628294916
|switch|p2a: Cloyster|Cloyster, M|41/100
|move|p1a: Tangrowth|Giga Drain|p2a: Cloyster
|-supereffective|p2a: Cloyster
|-damage|p2a: Cloyster|0 fnt
|-heal|p1a: Tangrowth|70/100 tox|[from] drain|[of] p2a: Cloyster
|faint|p2a: Cloyster
|
|-damage|p1a: Tangrowth|58/100 tox|[from] psn
|upkeep
|
|t:|1628294927
|switch|p2a: Aegislash|Aegislash, M|64/100
|-damage|p2a: Aegislash|58/100|[from] Stealth Rock
|turn|83
|
|t:|1628294937
|switch|p1a: Suicune|Suicune|88/100 slp
|-damage|p1a: Suicune|76/100 slp|[from] Stealth Rock
|-ability|p1a: Suicune|Pressure
|-formechange|p2a: Aegislash|Aegislash-Blade||[from] ability: Stance Change
|move|p2a: Aegislash|Flash Cannon|p1a: Suicune
|-resisted|p1a: Suicune
|-damage|p1a: Suicune|61/100 slp
|
|-heal|p1a: Suicune|67/100 slp|[from] item: Leftovers
|-heal|p2a: Aegislash|64/100|[from] item: Leftovers
|upkeep
|turn|84
|
|t:|1628294950
|switch|p2a: Tangrowth|Tangrowth, M|97/100
|-damage|p2a: Tangrowth|84/100|[from] Stealth Rock
|cant|p1a: Suicune|slp
|
|-heal|p1a: Suicune|73/100 slp|[from] item: Leftovers
|upkeep
|turn|85
|
|t:|1628294962
|switch|p1a: Tangrowth|Tangrowth, F|91/100 tox
|-damage|p1a: Tangrowth|79/100 tox|[from] Stealth Rock
|move|p2a: Tangrowth|Giga Drain|p1a: Tangrowth
|-resisted|p1a: Tangrowth
|-damage|p1a: Tangrowth|65/100 tox
|-heal|p2a: Tangrowth|91/100|[from] drain|[of] p1a: Tangrowth
|
|-damage|p1a: Tangrowth|59/100 tox|[from] psn
|upkeep
|turn|86
|j| tianyitest
|
|t:|1628294973
|move|p1a: Tangrowth|Sludge Bomb|p2a: Tangrowth
|-supereffective|p2a: Tangrowth
|-damage|p2a: Tangrowth|31/100
|-status|p2a: Tangrowth|psn
|move|p2a: Tangrowth|Giga Drain|p1a: Tangrowth
|-resisted|p1a: Tangrowth
|-damage|p1a: Tangrowth|46/100 tox
|-heal|p2a: Tangrowth|38/100 psn|[from] drain|[of] p1a: Tangrowth
|
|-damage|p2a: Tangrowth|25/100 psn|[from] psn
|-damage|p1a: Tangrowth|33/100 tox|[from] psn
|upkeep
|turn|87
|
|t:|1628294986
|switch|p2a: Amoonguss|Amoonguss, F|100/100
|-damage|p2a: Amoonguss|88/100|[from] Stealth Rock
|switch|p1a: Jirachi|Jirachi|100/100
|-damage|p1a: Jirachi|94/100|[from] Stealth Rock
|
|-heal|p1a: Jirachi|100/100|[from] item: Leftovers
|upkeep
|turn|88
|l| tianyitest
|
|t:|1628294997
|switch|p2a: Umbreon|Umbreon, M|84/100
|-damage|p2a: Umbreon|72/100|[from] Stealth Rock
|move|p1a: Jirachi|Iron Head|p2a: Umbreon
|-damage|p2a: Umbreon|55/100
|
|-heal|p2a: Umbreon|61/100|[from] item: Leftovers
|upkeep
|turn|89
|
|t:|1628295001
|move|p1a: Jirachi|U-turn|p2a: Umbreon
|-supereffective|p2a: Umbreon
|-damage|p2a: Umbreon|41/100
|
|t:|1628295009
|switch|p1a: Suicune|Suicune|73/100 slp|[from]move: U-turn
|-damage|p1a: Suicune|61/100 slp|[from] Stealth Rock
|-ability|p1a: Suicune|Pressure
|move|p2a: Umbreon|Wish|p2a: Umbreon
|
|-heal|p1a: Suicune|67/100 slp|[from] item: Leftovers
|-heal|p2a: Umbreon|47/100|[from] item: Leftovers
|upkeep
|turn|90
|
|t:|1628295019
|-curestatus|p1a: Suicune|slp|[msg]
|move|p1a: Suicune|Scald|p2a: Umbreon
|-damage|p2a: Umbreon|30/100
|move|p2a: Umbreon|Heal Bell|p2a: Umbreon
|-activate|p2a: Umbreon|move: Heal Bell
|-curestatus|p2: Tangrowth|psn|[msg]
|
|-heal|p2a: Umbreon|80/100|[from] move: Wish|[wisher] Umbreon
|-heal|p1a: Suicune|73/100|[from] item: Leftovers
|-heal|p2a: Umbreon|86/100|[from] item: Leftovers
|upkeep
|turn|91
|
|t:|1628295034
|switch|p2a: Tangrowth|Tangrowth, M|58/100
|-damage|p2a: Tangrowth|46/100|[from] Stealth Rock
|move|p1a: Suicune|Scald|p2a: Tangrowth
|-resisted|p2a: Tangrowth
|-damage|p2a: Tangrowth|28/100
|-status|p2a: Tangrowth|brn
|
|-heal|p1a: Suicune|79/100|[from] item: Leftovers
|-damage|p2a: Tangrowth|22/100 brn|[from] brn
|upkeep
|turn|92
|
|t:|1628295040
|switch|p2a: Chansey|Chansey, F|88/100
|-damage|p2a: Chansey|76/100|[from] Stealth Rock
|move|p1a: Suicune|Scald|p2a: Chansey
|-damage|p2a: Chansey|68/100
|-status|p2a: Chansey|brn
|
|-heal|p1a: Suicune|86/100|[from] item: Leftovers
|-damage|p2a: Chansey|62/100 brn|[from] brn
|upkeep
|turn|93
|
|t:|1628295044
|switch|p1a: Jirachi|Jirachi|100/100
|-damage|p1a: Jirachi|94/100|[from] Stealth Rock
|move|p2a: Chansey|Toxic|p1a: Jirachi
|-immune|p1a: Jirachi
|
|-heal|p1a: Jirachi|100/100|[from] item: Leftovers
|-damage|p2a: Chansey|56/100 brn|[from] brn
|upkeep
|turn|94
|
|t:|1628295054
|switch|p2a: Umbreon|Umbreon, M|86/100
|-damage|p2a: Umbreon|74/100|[from] Stealth Rock
|move|p1a: Jirachi|U-turn|p2a: Umbreon
|-supereffective|p2a: Umbreon
|-damage|p2a: Umbreon|52/100
|
|t:|1628295057
|switch|p1a: Krookodile|Krookodile, F|59/100|[from]move: U-turn
|-damage|p1a: Krookodile|53/100|[from] Stealth Rock
|-ability|p1a: Krookodile|Intimidate|boost
|-fail|p2a: Umbreon|unboost|Attack|[from] ability: Inner Focus|[of] p2a: Umbreon
|
|-heal|p2a: Umbreon|58/100|[from] item: Leftovers
|upkeep
|turn|95
|
|t:|1628295068
|move|p2a: Umbreon|Protect|p2a: Umbreon
|-singleturn|p2a: Umbreon|Protect
|move|p1a: Krookodile|Close Combat|p2a: Umbreon
|-activate|p2a: Umbreon|move: Protect
|
|-heal|p2a: Umbreon|64/100|[from] item: Leftovers
|upkeep
|turn|96
|
|t:|1628295079
|switch|p1a: Nihilego|Nihilego|35/100
|-damage|p1a: Nihilego|23/100|[from] Stealth Rock
|move|p2a: Umbreon|Wish|p2a: Umbreon
|
|-heal|p1a: Nihilego|29/100|[from] item: Black Sludge
|-heal|p2a: Umbreon|70/100|[from] item: Leftovers
|upkeep
|turn|97
|
|t:|1628295089
|move|p1a: Nihilego|Thunder Wave|p2a: Umbreon
|-status|p2a: Umbreon|par
|move|p2a: Umbreon|Foul Play|p1a: Nihilego
|-crit|p1a: Nihilego
|-damage|p1a: Nihilego|0 fnt
|faint|p1a: Nihilego
|
|-heal|p2a: Umbreon|100/100 par|[from] move: Wish|[wisher] Umbreon
|upkeep
|
|t:|1628295095
|switch|p1a: Krookodile|Krookodile, F|53/100
|-damage|p1a: Krookodile|47/100|[from] Stealth Rock
|-ability|p1a: Krookodile|Intimidate|boost
|-fail|p2a: Umbreon|unboost|Attack|[from] ability: Inner Focus|[of] p2a: Umbreon
|turn|98
|
|t:|1628295104
|cant|p2a: Umbreon|par
|move|p1a: Krookodile|Knock Off|p2a: Umbreon
|-resisted|p2a: Umbreon
|-damage|p2a: Umbreon|85/100 par
|-enditem|p2a: Umbreon|Leftovers|[from] move: Knock Off|[of] p1a: Krookodile
|
|upkeep
|turn|99
|
|t:|1628295113
|switch|p1a: Suicune|Suicune|86/100
|-damage|p1a: Suicune|73/100|[from] Stealth Rock
|-ability|p1a: Suicune|Pressure
|move|p2a: Umbreon|Heal Bell|p2a: Umbreon
|-activate|p2a: Umbreon|move: Heal Bell
|-curestatus|p2a: Umbreon|par|[msg]
|-curestatus|p2: Tangrowth|brn|[msg]
|
|-heal|p1a: Suicune|79/100|[from] item: Leftovers
|upkeep
|turn|100
|
|t:|1628295120
|switch|p2a: Chansey|Chansey, F|56/100
|-damage|p2a: Chansey|44/100|[from] Stealth Rock
|move|p1a: Suicune|Calm Mind|p1a: Suicune
|-boost|p1a: Suicune|spa|1
|-boost|p1a: Suicune|spd|1
|
|-heal|p1a: Suicune|86/100|[from] item: Leftovers
|upkeep
|turn|101
|
|t:|1628295126
|switch|p1a: Jirachi|Jirachi|100/100
|-damage|p1a: Jirachi|94/100|[from] Stealth Rock
|move|p2a: Chansey|Toxic|p1a: Jirachi
|-immune|p1a: Jirachi
|
|-heal|p1a: Jirachi|100/100|[from] item: Leftovers
|upkeep
|turn|102
|
|t:|1628295133
|switch|p2a: Umbreon|Umbreon, M|85/100
|-damage|p2a: Umbreon|73/100|[from] Stealth Rock
|move|p1a: Jirachi|Iron Head|p2a: Umbreon
|-damage|p2a: Umbreon|56/100
|
|upkeep
|turn|103
|
|t:|1628295136
|move|p1a: Jirachi|U-turn|p2a: Umbreon
|-supereffective|p2a: Umbreon
|-damage|p2a: Umbreon|35/100
|
|t:|1628295139
|switch|p1a: Suicune|Suicune|86/100|[from]move: U-turn
|-damage|p1a: Suicune|73/100|[from] Stealth Rock
|-ability|p1a: Suicune|Pressure
|move|p2a: Umbreon|Wish|p2a: Umbreon
|
|-heal|p1a: Suicune|79/100|[from] item: Leftovers
|upkeep
|turn|104
|
|t:|1628295149
|move|p1a: Suicune|Calm Mind|p1a: Suicune
|-boost|p1a: Suicune|spa|1
|-boost|p1a: Suicune|spd|1
|move|p2a: Umbreon|Foul Play|p1a: Suicune
|-damage|p1a: Suicune|67/100
|
|-heal|p2a: Umbreon|85/100|[from] move: Wish|[wisher] Umbreon
|-heal|p1a: Suicune|73/100|[from] item: Leftovers
|upkeep
|turn|105
|
|t:|1628295154
|move|p1a: Suicune|Scald|p2a: Umbreon
|-damage|p2a: Umbreon|60/100
|move|p2a: Umbreon|Wish|p2a: Umbreon
|
|-heal|p1a: Suicune|79/100|[from] item: Leftovers
|upkeep
|turn|106
|
|t:|1628295160
|switch|p2a: Tangrowth|Tangrowth, M|55/100
|-damage|p2a: Tangrowth|43/100|[from] Stealth Rock
|move|p1a: Suicune|Scald|p2a: Tangrowth
|-resisted|p2a: Tangrowth
|-damage|p2a: Tangrowth|16/100
|
|-heal|p2a: Tangrowth|65/100|[from] move: Wish|[wisher] Umbreon
|-heal|p1a: Suicune|85/100|[from] item: Leftovers
|upkeep
|turn|107
|
|t:|1628295166
|switch|p1a: Tangrowth|Tangrowth, F|66/100 tox
|-damage|p1a: Tangrowth|54/100 tox|[from] Stealth Rock
|move|p2a: Tangrowth|Leech Seed|p1a: Tangrowth
|-immune|p1a: Tangrowth
|
|-damage|p1a: Tangrowth|48/100 tox|[from] psn
|upkeep
|turn|108
|
|t:|1628295176
|switch|p2a: Umbreon|Umbreon, M|60/100
|-damage|p2a: Umbreon|47/100|[from] Stealth Rock
|switch|p1a: Jirachi|Jirachi|100/100
|-damage|p1a: Jirachi|94/100|[from] Stealth Rock
|
|-heal|p1a: Jirachi|100/100|[from] item: Leftovers
|upkeep
|turn|109
|
|t:|1628295179
|move|p1a: Jirachi|U-turn|p2a: Umbreon
|-supereffective|p2a: Umbreon
|-damage|p2a: Umbreon|26/100
|
|t:|1628295185
|switch|p1a: Suicune|Suicune|85/100|[from]move: U-turn
|-damage|p1a: Suicune|73/100|[from] Stealth Rock
|-ability|p1a: Suicune|Pressure
|move|p2a: Umbreon|Wish|p2a: Umbreon
|
|-heal|p1a: Suicune|79/100|[from] item: Leftovers
|upkeep
|turn|110
|
|t:|1628295201
|move|p2a: Umbreon|Protect|p2a: Umbreon
|-singleturn|p2a: Umbreon|Protect
|move|p1a: Suicune|Scald|p2a: Umbreon
|-activate|p2a: Umbreon|move: Protect
|
|-heal|p2a: Umbreon|76/100|[from] move: Wish|[wisher] Umbreon
|-heal|p1a: Suicune|85/100|[from] item: Leftovers
|upkeep
|turn|111
|
|t:|1628295205
|switch|p2a: Chansey|Chansey, F|44/100
|-damage|p2a: Chansey|31/100|[from] Stealth Rock
|move|p1a: Suicune|Calm Mind|p1a: Suicune
|-boost|p1a: Suicune|spa|1
|-boost|p1a: Suicune|spd|1
|
|-heal|p1a: Suicune|91/100|[from] item: Leftovers
|upkeep
|turn|112
|
|t:|1628295210
|switch|p1a: Jirachi|Jirachi|100/100
|-damage|p1a: Jirachi|94/100|[from] Stealth Rock
|move|p2a: Chansey|Soft-Boiled|p2a: Chansey
|-heal|p2a: Chansey|81/100
|
|-heal|p1a: Jirachi|100/100|[from] item: Leftovers
|upkeep
|turn|113
|
|t:|1628295222
|switch|p1a: Tangrowth|Tangrowth, F|81/100 tox
|-damage|p1a: Tangrowth|69/100 tox|[from] Stealth Rock
|switch|p2a: Aegislash|Aegislash, M|64/100
|-damage|p2a: Aegislash|58/100|[from] Stealth Rock
|
|-heal|p2a: Aegislash|64/100|[from] item: Leftovers
|-damage|p1a: Tangrowth|62/100 tox|[from] psn
|upkeep
|turn|114
|
|t:|1628295234
|switch|p1a: Jirachi|Jirachi|100/100
|-damage|p1a: Jirachi|94/100|[from] Stealth Rock
|-formechange|p2a: Aegislash|Aegislash-Blade||[from] ability: Stance Change
|move|p2a: Aegislash|Flash Cannon|p1a: Jirachi
|-resisted|p1a: Jirachi
|-damage|p1a: Jirachi|78/100
|
|-heal|p1a: Jirachi|85/100|[from] item: Leftovers
|-heal|p2a: Aegislash|70/100|[from] item: Leftovers
|upkeep
|turn|115
|
|t:|1628295247
|switch|p1a: Suicune|Suicune|91/100
|-damage|p1a: Suicune|79/100|[from] Stealth Rock
|-ability|p1a: Suicune|Pressure
|-formechange|p2a: Aegislash|Aegislash||[from] ability: Stance Change
|move|p2a: Aegislash|King's Shield||[still]
|-fail|p2a: Aegislash
|
|-heal|p1a: Suicune|85/100|[from] item: Leftovers
|-heal|p2a: Aegislash|76/100|[from] item: Leftovers
|upkeep
|turn|116
|
|t:|1628295252
|switch|p1a: Jirachi|Jirachi|85/100
|-damage|p1a: Jirachi|78/100|[from] Stealth Rock
|move|p2a: Aegislash|Toxic|p1a: Jirachi
|-immune|p1a: Jirachi
|
|-heal|p1a: Jirachi|85/100|[from] item: Leftovers
|-heal|p2a: Aegislash|83/100|[from] item: Leftovers
|upkeep
|turn|117
|
|t:|1628295258
|move|p2a: Aegislash|King's Shield|p2a: Aegislash
|-singleturn|p2a: Aegislash|Protect
|move|p1a: Jirachi|Stealth Rock||[still]
|-fail|p1a: Jirachi
|
|-heal|p1a: Jirachi|91/100|[from] item: Leftovers
|-heal|p2a: Aegislash|89/100|[from] item: Leftovers
|upkeep
|turn|118
|
|t:|1628295263
|move|p1a: Jirachi|U-turn|p2a: Aegislash
|-resisted|p2a: Aegislash
|-damage|p2a: Aegislash|86/100
|
|t:|1628295269
|switch|p1a: Suicune|Suicune|85/100|[from]move: U-turn
|-damage|p1a: Suicune|73/100|[from] Stealth Rock
|-ability|p1a: Suicune|Pressure
|-formechange|p2a: Aegislash|Aegislash-Blade||[from] ability: Stance Change
|move|p2a: Aegislash|Flash Cannon|p1a: Suicune
|-resisted|p1a: Suicune
|-crit|p1a: Suicune
|-damage|p1a: Suicune|53/100
|
|-heal|p1a: Suicune|60/100|[from] item: Leftovers
|-heal|p2a: Aegislash|92/100|[from] item: Leftovers
|upkeep
|turn|119
|
|t:|1628295274
|move|p1a: Suicune|Scald|p2a: Aegislash
|-damage|p2a: Aegislash|61/100
|move|p2a: Aegislash|Toxic|p1a: Suicune
|-status|p1a: Suicune|tox
|
|-heal|p1a: Suicune|66/100 tox|[from] item: Leftovers
|-heal|p2a: Aegislash|67/100|[from] item: Leftovers
|-damage|p1a: Suicune|60/100 tox|[from] psn
|upkeep
|turn|120
|
|t:|1628295285
|switch|p2a: Chansey|Chansey, F|81/100
|-damage|p2a: Chansey|69/100|[from] Stealth Rock
|move|p1a: Suicune|Calm Mind|p1a: Suicune
|-boost|p1a: Suicune|spa|1
|-boost|p1a: Suicune|spd|1
|
|-heal|p1a: Suicune|66/100 tox|[from] item: Leftovers
|-damage|p1a: Suicune|53/100 tox|[from] psn
|upkeep
|turn|121
|
|t:|1628295297
|move|p1a: Suicune|Rest|p1a: Suicune
|-status|p1a: Suicune|slp|[from] move: Rest
|-heal|p1a: Suicune|100/100 slp|[silent]
|move|p2a: Chansey|Seismic Toss|p1a: Suicune
|-damage|p1a: Suicune|76/100 slp
|
|-heal|p1a: Suicune|82/100 slp|[from] item: Leftovers
|upkeep
|turn|122
|
|t:|1628295305
|cant|p1a: Suicune|slp
|move|p2a: Chansey|Seismic Toss|p1a: Suicune
|-damage|p1a: Suicune|57/100 slp
|
|-heal|p1a: Suicune|63/100 slp|[from] item: Leftovers
|upkeep
|turn|123
|
|t:|1628295313
|cant|p1a: Suicune|slp
|move|p2a: Chansey|Seismic Toss|p1a: Suicune
|-damage|p1a: Suicune|39/100 slp
|
|-heal|p1a: Suicune|45/100 slp|[from] item: Leftovers
|upkeep
|turn|124
|
|t:|1628295323
|-curestatus|p1a: Suicune|slp|[msg]
|move|p1a: Suicune|Scald|p2a: Chansey
|-damage|p2a: Chansey|57/100
|move|p2a: Chansey|Seismic Toss|p1a: Suicune
|-damage|p1a: Suicune|20/100
|
|-heal|p1a: Suicune|26/100|[from] item: Leftovers
|upkeep
|turn|125
|
|t:|1628295330
|move|p1a: Suicune|Scald|p2a: Chansey
|-damage|p2a: Chansey|45/100
|move|p2a: Chansey|Seismic Toss|p1a: Suicune
|-damage|p1a: Suicune|1/100
|
|-heal|p1a: Suicune|8/100|[from] item: Leftovers
|upkeep
|turn|126
|
|t:|1628295340
|move|p1a: Suicune|Rest|p1a: Suicune
|-status|p1a: Suicune|slp|[from] move: Rest
|-heal|p1a: Suicune|100/100 slp|[silent]
|move|p2a: Chansey|Seismic Toss|p1a: Suicune
|-damage|p1a: Suicune|76/100 slp
|
|-heal|p1a: Suicune|82/100 slp|[from] item: Leftovers
|upkeep
|turn|127
|
|t:|1628295345
|switch|p1a: Jirachi|Jirachi|91/100
|-damage|p1a: Jirachi|85/100|[from] Stealth Rock
|move|p2a: Chansey|Soft-Boiled|p2a: Chansey
|-heal|p2a: Chansey|95/100
|
|-heal|p1a: Jirachi|91/100|[from] item: Leftovers
|upkeep
|turn|128
|
|t:|1628295360
|move|p1a: Jirachi|U-turn|p2a: Chansey
|-damage|p2a: Chansey|84/100
|
|t:|1628295364
|switch|p1a: Suicune|Suicune|82/100 slp|[from]move: U-turn
|-damage|p1a: Suicune|70/100 slp|[from] Stealth Rock
|-ability|p1a: Suicune|Pressure
|move|p2a: Chansey|Soft-Boiled|p2a: Chansey
|-heal|p2a: Chansey|100/100
|
|-heal|p1a: Suicune|76/100 slp|[from] item: Leftovers
|upkeep
|turn|129
|
|t:|1628295370
|switch|p1a: Jirachi|Jirachi|91/100
|-damage|p1a: Jirachi|85/100|[from] Stealth Rock
|move|p2a: Chansey|Seismic Toss|p1a: Jirachi
|-damage|p1a: Jirachi|60/100
|
|-heal|p1a: Jirachi|66/100|[from] item: Leftovers
|upkeep
|turn|130
|
|t:|1628295376
|move|p1a: Jirachi|Iron Head|p2a: Chansey
|-damage|p2a: Chansey|82/100
|cant|p2a: Chansey|flinch
|
|-heal|p1a: Jirachi|72/100|[from] item: Leftovers
|upkeep
|turn|131
|c| Bacon Weave Entre|classic
|
|t:|1628295383
|move|p1a: Jirachi|U-turn|p2a: Chansey
|-crit|p2a: Chansey
|-damage|p2a: Chansey|67/100
|
|t:|1628295386
|switch|p1a: Tangrowth|Tangrowth, F|96/100 tox|[from]move: U-turn
|-damage|p1a: Tangrowth|83/100 tox|[from] Stealth Rock
|move|p2a: Chansey|Seismic Toss|p1a: Tangrowth
|-damage|p1a: Tangrowth|58/100 tox
|
|-damage|p1a: Tangrowth|52/100 tox|[from] psn
|upkeep
|turn|132
|
|t:|1628295397
|switch|p2a: Umbreon|Umbreon, M|76/100
|-damage|p2a: Umbreon|63/100|[from] Stealth Rock
|move|p1a: Tangrowth|Knock Off|p2a: Umbreon
|-resisted|p2a: Umbreon
|-damage|p2a: Umbreon|58/100
|
|-damage|p1a: Tangrowth|40/100 tox|[from] psn
|upkeep
|turn|133
|j| pif
|
|t:|1628295408
|switch|p2a: Chansey|Chansey, F|67/100
|-damage|p2a: Chansey|54/100|[from] Stealth Rock
|switch|p1a: Suicune|Suicune|76/100 slp
|-damage|p1a: Suicune|63/100 slp|[from] Stealth Rock
|-ability|p1a: Suicune|Pressure
|
|-heal|p1a: Suicune|70/100 slp|[from] item: Leftovers
|upkeep
|turn|134
|
|t:|1628295413
|switch|p1a: Tangrowth|Tangrowth, F|73/100 tox
|-damage|p1a: Tangrowth|61/100 tox|[from] Stealth Rock
|move|p2a: Chansey|Seismic Toss|p1a: Tangrowth
|-damage|p1a: Tangrowth|36/100 tox
|
|-damage|p1a: Tangrowth|30/100 tox|[from] psn
|upkeep
|turn|135
|
|t:|1628295423
|switch|p2a: Umbreon|Umbreon, M|58/100
|-damage|p2a: Umbreon|46/100|[from] Stealth Rock
|switch|p1a: Jirachi|Jirachi|72/100
|-damage|p1a: Jirachi|66/100|[from] Stealth Rock
|
|-heal|p1a: Jirachi|72/100|[from] item: Leftovers
|upkeep
|turn|136
|
|t:|1628295427
|move|p1a: Jirachi|U-turn|p2a: Umbreon
|-supereffective|p2a: Umbreon
|-damage|p2a: Umbreon|25/100
|
|t:|1628295433
|switch|p1a: Tangrowth|Tangrowth, F|63/100 tox|[from]move: U-turn
|-damage|p1a: Tangrowth|50/100 tox|[from] Stealth Rock
|move|p2a: Umbreon|Wish|p2a: Umbreon
|
|-damage|p1a: Tangrowth|44/100 tox|[from] psn
|upkeep
|turn|137
|
|t:|1628295443
|move|p2a: Umbreon|Foul Play|p1a: Tangrowth
|-damage|p1a: Tangrowth|20/100 tox
|move|p1a: Tangrowth|Giga Drain|p2a: Umbreon
|-damage|p2a: Umbreon|8/100
|-heal|p1a: Tangrowth|28/100 tox|[from] drain|[of] p2a: Umbreon
|
|-heal|p2a: Umbreon|58/100|[from] move: Wish|[wisher] Umbreon
|-damage|p1a: Tangrowth|16/100 tox|[from] psn
|upkeep
|turn|138
|
|t:|1628295455
|switch|p1a: Suicune|Suicune|70/100 slp
|-damage|p1a: Suicune|57/100 slp|[from] Stealth Rock
|-ability|p1a: Suicune|Pressure
|move|p2a: Umbreon|Foul Play|p1a: Suicune
|-damage|p1a: Suicune|42/100 slp
|
|-heal|p1a: Suicune|49/100 slp|[from] item: Leftovers
|upkeep
|turn|139
|
|t:|1628295466
|switch|p2a: Amoonguss|Amoonguss, F|100/100
|-damage|p2a: Amoonguss|88/100|[from] Stealth Rock
|cant|p1a: Suicune|slp
|
|-heal|p1a: Suicune|55/100 slp|[from] item: Leftovers
|upkeep
|turn|140
|
|t:|1628295470
|switch|p1a: Jirachi|Jirachi|72/100
|-damage|p1a: Jirachi|66/100|[from] Stealth Rock
|move|p2a: Amoonguss|Giga Drain|p1a: Jirachi
|-resisted|p1a: Jirachi
|-damage|p1a: Jirachi|56/100
|-heal|p2a: Amoonguss|93/100|[from] drain|[of] p1a: Jirachi
|
|-heal|p1a: Jirachi|62/100|[from] item: Leftovers
|upkeep
|turn|141
|
|t:|1628295481
|switch|p2a: Tangrowth|Tangrowth, M|98/100
|-damage|p2a: Tangrowth|86/100|[from] Stealth Rock
|move|p1a: Jirachi|Iron Head|p2a: Tangrowth
|-damage|p2a: Tangrowth|70/100
|
|-heal|p1a: Jirachi|68/100|[from] item: Leftovers
|upkeep
|turn|142
|
|t:|1628295487
|move|p1a: Jirachi|U-turn|p2a: Tangrowth
|-supereffective|p2a: Tangrowth
|-damage|p2a: Tangrowth|54/100
|
|t:|1628295493
|switch|p1a: Salamence|Salamence, M|73/100 slp|[from]move: U-turn
|-ability|p1a: Salamence|Intimidate|boost
|-unboost|p2a: Tangrowth|atk|1
|move|p2a: Tangrowth|Giga Drain|p1a: Salamence
|-resisted|p1a: Salamence
|-damage|p1a: Salamence|66/100 slp
|-heal|p2a: Tangrowth|58/100|[from] drain|[of] p1a: Salamence
|
|upkeep
|turn|143
|
|t:|1628295507
|switch|p1a: Krookodile|Krookodile, F|47/100
|-damage|p1a: Krookodile|41/100|[from] Stealth Rock
|-ability|p1a: Krookodile|Intimidate|boost
|-unboost|p2a: Tangrowth|atk|1
|move|p2a: Tangrowth|Leech Seed|p1a: Krookodile
|-start|p1a: Krookodile|move: Leech Seed
|
|-damage|p1a: Krookodile|28/100|[from] Leech Seed|[of] p2a: Tangrowth
|-heal|p2a: Tangrowth|68/100|[silent]
|upkeep
|turn|144
|
|t:|1628295520
|switch|p1a: Tangrowth|Tangrowth, F|49/100 tox
|-damage|p1a: Tangrowth|37/100 tox|[from] Stealth Rock
|move|p2a: Tangrowth|Knock Off|p1a: Tangrowth
|-damage|p1a: Tangrowth|31/100 tox
|
|-damage|p1a: Tangrowth|25/100 tox|[from] psn
|upkeep
|turn|145
|
|t:|1628295533
|switch|p2a: Aegislash|Aegislash, M|67/100
|-damage|p2a: Aegislash|61/100|[from] Stealth Rock
|move|p1a: Tangrowth|Sludge Bomb|p2a: Aegislash
|-immune|p2a: Aegislash
|
|-heal|p2a: Aegislash|67/100|[from] item: Leftovers
|-damage|p1a: Tangrowth|12/100 tox|[from] psn
|upkeep
|turn|146
|
|t:|1628295544
|switch|p2a: Tangrowth|Tangrowth, M|100/100
|-damage|p2a: Tangrowth|88/100|[from] Stealth Rock
|switch|p1a: Jirachi|Jirachi|68/100
|-damage|p1a: Jirachi|62/100|[from] Stealth Rock
|
|-heal|p1a: Jirachi|68/100|[from] item: Leftovers
|upkeep
|turn|147
|inactive|Musty has 120 seconds left.
|
|t:|1628295555
|switch|p1a: Tangrowth|Tangrowth, F|46/100 tox
|-damage|p1a: Tangrowth|33/100 tox|[from] Stealth Rock
|move|p2a: Tangrowth|Knock Off|p1a: Tangrowth
|-damage|p1a: Tangrowth|23/100 tox
|
|-damage|p1a: Tangrowth|17/100 tox|[from] psn
|upkeep
|turn|148
|inactive|Musty has 120 seconds left.
|
|t:|1628295565
|switch|p1a: Jirachi|Jirachi|68/100
|-damage|p1a: Jirachi|62/100|[from] Stealth Rock
|move|p2a: Tangrowth|Knock Off|p1a: Jirachi
|-supereffective|p1a: Jirachi
|-damage|p1a: Jirachi|27/100
|-enditem|p1a: Jirachi|Leftovers|[from] move: Knock Off|[of] p2a: Tangrowth
|
|upkeep
|turn|149
|inactive|Musty has 120 seconds left.
|
|t:|1628295574
|move|p1a: Jirachi|U-turn|p2a: Tangrowth
|-supereffective|p2a: Tangrowth
|-damage|p2a: Tangrowth|72/100
|
|t:|1628295576
|switch|p1a: Krookodile|Krookodile, F|28/100|[from]move: U-turn
|-damage|p1a: Krookodile|22/100|[from] Stealth Rock
|-ability|p1a: Krookodile|Intimidate|boost
|-unboost|p2a: Tangrowth|atk|1
|move|p2a: Tangrowth|Knock Off|p1a: Krookodile
|-resisted|p1a: Krookodile
|-damage|p1a: Krookodile|13/100
|-enditem|p1a: Krookodile|Choice Scarf|[from] move: Knock Off|[of] p2a: Tangrowth
|
|upkeep
|turn|150
|inactive|Musty has 120 seconds left.
|
|t:|1628295587
|switch|p1a: Tangrowth|Tangrowth, F|50/100 tox
|-damage|p1a: Tangrowth|38/100 tox|[from] Stealth Rock
|move|p2a: Tangrowth|Giga Drain|p1a: Tangrowth
|-resisted|p1a: Tangrowth
|-crit|p1a: Tangrowth
|-damage|p1a: Tangrowth|18/100 tox
|-heal|p2a: Tangrowth|82/100|[from] drain|[of] p1a: Tangrowth
|
|-damage|p1a: Tangrowth|12/100 tox|[from] psn
|upkeep
|turn|151
|inactive|Musty has 120 seconds left.
|
|t:|1628295599
|switch|p1a: Salamence|Salamence, M|66/100 slp
|-ability|p1a: Salamence|Intimidate|boost
|-unboost|p2a: Tangrowth|atk|1
|move|p2a: Tangrowth|Knock Off|p1a: Salamence
|-damage|p1a: Salamence|54/100 slp
|-enditem|p1a: Salamence|Heavy-Duty Boots|[from] move: Knock Off|[of] p2a: Tangrowth
|
|upkeep
|turn|152
|
|t:|1628295608
|cant|p1a: Salamence|slp
|move|p2a: Tangrowth|Leech Seed|p1a: Salamence
|-start|p1a: Salamence|move: Leech Seed
|
|-damage|p1a: Salamence|41/100 slp|[from] Leech Seed|[of] p2a: Tangrowth
|-heal|p2a: Tangrowth|94/100|[silent]
|upkeep
|turn|153
|
|t:|1628295618
|switch|p1a: Jirachi|Jirachi|27/100
|-damage|p1a: Jirachi|21/100|[from] Stealth Rock
|switch|p2a: Umbreon|Umbreon, M|58/100
|-damage|p2a: Umbreon|46/100|[from] Stealth Rock
|
|upkeep
|turn|154
|
|t:|1628295624
|move|p1a: Jirachi|Healing Wish|p1a: Jirachi
|faint|p1a: Jirachi
|move|p2a: Umbreon|Wish|p2a: Umbreon
|
|upkeep
|
|t:|1628295626
|switch|p1a: Tangrowth|Tangrowth, F|45/100 tox
|-heal|p1a: Tangrowth|100/100|[from] move: Healing Wish
|-damage|p1a: Tangrowth|88/100|[from] Stealth Rock
|turn|155
|j| FOREST CAVE ????
|inactive|Musty has 120 seconds left.
|c|☆thegreatestshowman|why so many watchin
|c|☆thegreatestshowman|this is not exciting
|inactive|thegreatestshowman has 120 seconds left.
|
|t:|1628295659
|move|p2a: Umbreon|Foul Play|p1a: Tangrowth
|-damage|p1a: Tangrowth|67/100
|move|p1a: Tangrowth|Sludge Bomb|p2a: Umbreon
|-damage|p2a: Umbreon|32/100
|-status|p2a: Umbreon|psn
|
|-heal|p2a: Umbreon|82/100 psn|[from] move: Wish|[wisher] Umbreon
|-damage|p2a: Umbreon|69/100 psn|[from] psn
|upkeep
|turn|156
|inactive|Musty has 120 seconds left.
|
|t:|1628295668
|switch|p1a: Suicune|Suicune|55/100 slp
|-damage|p1a: Suicune|42/100 slp|[from] Stealth Rock
|-ability|p1a: Suicune|Pressure
|move|p2a: Umbreon|Heal Bell|p2a: Umbreon
|-activate|p2a: Umbreon|move: Heal Bell
|-curestatus|p2a: Umbreon|psn|[msg]
|
|-heal|p1a: Suicune|49/100 slp|[from] item: Leftovers
|upkeep
|turn|157
|inactive|Musty has 120 seconds left.
|
|t:|1628295674
|switch|p2a: Tangrowth|Tangrowth, M|100/100
|-damage|p2a: Tangrowth|88/100|[from] Stealth Rock
|cant|p1a: Suicune|slp
|
|-heal|p1a: Suicune|55/100 slp|[from] item: Leftovers
|upkeep
|turn|158
|inactive|Musty has 120 seconds left.
|
|t:|1628295687
|-curestatus|p1a: Suicune|slp|[msg]
|move|p1a: Suicune|Calm Mind|p1a: Suicune
|-boost|p1a: Suicune|spa|1
|-boost|p1a: Suicune|spd|1
|move|p2a: Tangrowth|Toxic|p1a: Suicune
|-status|p1a: Suicune|tox
|
|-heal|p1a: Suicune|61/100 tox|[from] item: Leftovers
|-damage|p1a: Suicune|55/100 tox|[from] psn
|upkeep
|turn|159
|
|t:|1628295695
|switch|p1a: Tangrowth|Tangrowth, F|99/100
|-damage|p1a: Tangrowth|88/100|[from] Stealth Rock
|move|p2a: Tangrowth|Leech Seed|p1a: Tangrowth
|-immune|p1a: Tangrowth
|
|upkeep
|turn|160
|
|t:|1628295700
|move|p1a: Tangrowth|Sludge Bomb|p2a: Tangrowth
|-supereffective|p2a: Tangrowth
|-damage|p2a: Tangrowth|28/100
|move|p2a: Tangrowth|Toxic|p1a: Tangrowth
|-status|p1a: Tangrowth|tox
|
|-damage|p1a: Tangrowth|82/100 tox|[from] psn
|upkeep
|turn|161
|l| FOREST CAVE ????
|
|t:|1628295710
|switch|p2a: Umbreon|Umbreon, M|69/100
|-damage|p2a: Umbreon|57/100|[from] Stealth Rock
|move|p1a: Tangrowth|Knock Off|p2a: Umbreon
|-resisted|p2a: Umbreon
|-damage|p2a: Umbreon|52/100
|
|-damage|p1a: Tangrowth|69/100 tox|[from] psn
|upkeep
|turn|162
|
|t:|1628295720
|switch|p1a: Suicune|Suicune|55/100 tox
|-damage|p1a: Suicune|42/100 tox|[from] Stealth Rock
|-ability|p1a: Suicune|Pressure
|move|p2a: Umbreon|Wish|p2a: Umbreon
|
|-heal|p1a: Suicune|49/100 tox|[from] item: Leftovers
|-damage|p1a: Suicune|42/100 tox|[from] psn
|upkeep
|turn|163
|
|t:|1628295728
|switch|p2a: Tangrowth|Tangrowth, M|61/100
|-damage|p2a: Tangrowth|49/100|[from] Stealth Rock
|move|p1a: Suicune|Calm Mind|p1a: Suicune
|-boost|p1a: Suicune|spa|1
|-boost|p1a: Suicune|spd|1
|
|-heal|p2a: Tangrowth|97/100|[from] move: Wish|[wisher] Umbreon
|-heal|p1a: Suicune|49/100 tox|[from] item: Leftovers
|-damage|p1a: Suicune|36/100 tox|[from] psn
|upkeep
|turn|164
|
|t:|1628295735
|move|p1a: Suicune|Rest|p1a: Suicune
|-status|p1a: Suicune|slp|[from] move: Rest
|-heal|p1a: Suicune|100/100 slp|[silent]
|move|p2a: Tangrowth|Giga Drain|p1a: Suicune
|-supereffective|p1a: Suicune
|-damage|p1a: Suicune|74/100 slp
|-heal|p2a: Tangrowth|100/100|[from] drain|[of] p1a: Suicune
|
|-heal|p1a: Suicune|80/100 slp|[from] item: Leftovers
|upkeep
|turn|165
|
|t:|1628295743
|cant|p1a: Suicune|slp
|move|p2a: Tangrowth|Leech Seed|p1a: Suicune
|-start|p1a: Suicune|move: Leech Seed
|
|-heal|p1a: Suicune|86/100 slp|[from] item: Leftovers
|-damage|p1a: Suicune|74/100 slp|[from] Leech Seed|[of] p2a: Tangrowth
|upkeep
|turn|166
|
|t:|1628295754
|switch|p1a: Tangrowth|Tangrowth, F|100/100 tox
|-damage|p1a: Tangrowth|88/100 tox|[from] Stealth Rock
|move|p2a: Tangrowth|Giga Drain|p1a: Tangrowth
|-resisted|p1a: Tangrowth
|-damage|p1a: Tangrowth|76/100 tox
|
|-damage|p1a: Tangrowth|70/100 tox|[from] psn
|upkeep
|turn|167
|
|t:|1628295766
|switch|p2a: Amoonguss|Amoonguss, F|100/100
|-damage|p2a: Amoonguss|88/100|[from] Stealth Rock
|move|p1a: Tangrowth|Knock Off|p2a: Amoonguss
|-damage|p2a: Amoonguss|72/100
|
|-damage|p1a: Tangrowth|57/100 tox|[from] psn
|upkeep
|turn|168
|
|t:|1628295780
|switch|p1a: Suicune|Suicune|74/100 slp
|-damage|p1a: Suicune|61/100 slp|[from] Stealth Rock
|-ability|p1a: Suicune|Pressure
|move|p2a: Amoonguss|Giga Drain|p1a: Suicune
|-supereffective|p1a: Suicune
|-damage|p1a: Suicune|26/100 slp
|-heal|p2a: Amoonguss|89/100|[from] drain|[of] p1a: Suicune
|
|-heal|p1a: Suicune|32/100 slp|[from] item: Leftovers
|upkeep
|turn|169
|inactive|Musty has 120 seconds left.
|
|t:|1628295792
|switch|p1a: Krookodile|Krookodile, F|13/100
|-damage|p1a: Krookodile|7/100|[from] Stealth Rock
|-ability|p1a: Krookodile|Intimidate|boost
|-unboost|p2a: Amoonguss|atk|1
|move|p2a: Amoonguss|Giga Drain|p1a: Krookodile
|-supereffective|p1a: Krookodile
|-damage|p1a: Krookodile|0 fnt
|-heal|p2a: Amoonguss|91/100|[from] drain|[of] p1a: Krookodile
|faint|p1a: Krookodile
|
|upkeep
|inactive|thegreatestshowman has 120 seconds left.
|
|t:|1628295804
|switch|p1a: Salamence|Salamence, M|41/100 slp
|-damage|p1a: Salamence|16/100 slp|[from] Stealth Rock
|-ability|p1a: Salamence|Intimidate|boost
|-unboost|p2a: Amoonguss|atk|1
|turn|170
|inactive|thegreatestshowman has 120 seconds left.
|
|t:|1628295811
|-curestatus|p1a: Salamence|slp|[msg]
|move|p1a: Salamence|Hurricane|p2a: Amoonguss|[miss]
|-miss|p1a: Salamence|p2a: Amoonguss
|move|p2a: Amoonguss|Sludge Bomb|p1a: Salamence
|-damage|p1a: Salamence|0 fnt
|faint|p1a: Salamence
|
|upkeep
|
|t:|1628295816
|switch|p1a: Suicune|Suicune|32/100 slp
|-damage|p1a: Suicune|20/100 slp|[from] Stealth Rock
|-ability|p1a: Suicune|Pressure
|turn|171
|c|☆thegreatestshowman|gg
|
|t:|1628295822
|cant|p1a: Suicune|slp
|move|p1a: Suicune|Sleep Talk|p1a: Suicune
|move|p1a: Suicune|Scald|p2a: Amoonguss|[from]move: Sleep Talk
|-resisted|p2a: Amoonguss
|-damage|p2a: Amoonguss|83/100
|-status|p2a: Amoonguss|brn
|move|p2a: Amoonguss|Giga Drain|p1a: Suicune
|-supereffective|p1a: Suicune
|-damage|p1a: Suicune|0 fnt
|-heal|p2a: Amoonguss|92/100 brn|[from] drain|[of] p1a: Suicune
|faint|p1a: Suicune
|
|-damage|p2a: Amoonguss|86/100 brn|[from] brn
|upkeep
|
|t:|1628295827
|switch|p1a: Tangrowth|Tangrowth, F|91/100 tox
|-damage|p1a: Tangrowth|78/100 tox|[from] Stealth Rock
|turn|172
|
|t:|1628295830
|move|p1a: Tangrowth|Sludge Bomb|p2a: Amoonguss
|-damage|p2a: Amoonguss|71/100 brn
|move|p2a: Amoonguss|Sludge Bomb|p1a: Tangrowth
|-supereffective|p1a: Tangrowth
|-damage|p1a: Tangrowth|24/100 tox
|
|-damage|p1a: Tangrowth|18/100 tox|[from] psn
|-damage|p2a: Amoonguss|65/100 brn|[from] brn
|upkeep
|turn|173
|
|t:|1628295836
|move|p1a: Tangrowth|Sludge Bomb|p2a: Amoonguss
|-damage|p2a: Amoonguss|49/100 brn
|move|p2a: Amoonguss|Sludge Bomb|p1a: Tangrowth
|-supereffective|p1a: Tangrowth
|-damage|p1a: Tangrowth|0 fnt
|faint|p1a: Tangrowth
|
|win|Musty
|raw|thegreatestshowman's rating: 1425 &rarr; <strong>1405</strong><br />(-20 for losing)
|raw|Musty's rating: 1430 &rarr; <strong>1450</strong><br />(+20 for winning)
|l|☆thegreatestshowman
