|html|<div class="broadcast-blue"><strong>[Gen 8] UU is currently suspecting Moltres-Galar! For information on how to participate check out the <a href="https://www.smogon.com/forums/threads/np-ss-uu-stage-12-get-lucky.3700621/">suspect thread</a>.</strong></div>
|j|☆Keslerr
|j|☆luc ario power
|t:|1651297186
|gametype|singles
|player|p1|Keslerr|lusamine-nihilego|1229
|player|p2|luc ario power|birdkeeper-gen4dp|1339
|teamsize|p1|6
|teamsize|p2|6
|gen|8
|tier|[Gen 8] UU
|rated|
|rule|Sleep Clause Mod: Limit one foe put to sleep
|rule|Species Clause: Limit one of each Pokémon
|rule|OHKO Clause: OHKO moves are banned
|rule|Evasion Moves Clause: Evasion moves are banned
|rule|Endless Battle Clause: Forcing endless battles is banned
|rule|HP Percentage Mod: HP is shown in percentages
|rule|Dynamax Clause: You cannot dynamax
|clearpoke
|poke|p1|Aegislash, M|
|poke|p1|Conkeldurr, F|
|poke|p1|Sylveon, M|
|poke|p1|Seismitoad, M|
|poke|p1|Rotom-Heat|
|poke|p1|Chansey, F|
|poke|p2|Aegislash, M|
|poke|p2|Rotom-Heat|
|poke|p2|Primarina, M|
|poke|p2|Mandibuzz, F|
|poke|p2|Conkeldurr, M|
|poke|p2|Krookodile, F|
|teampreview
|
|t:|1651297203
|start
|switch|p1a: Seismitoad|Seismitoad, M|100/100
|switch|p2a: krook|Krookodile, F|100/100
|-ability|p2a: krook|Intimidate|boost
|-unboost|p1a: Seismitoad|atk|1
|turn|1
|
|t:|1651297211
|move|p2a: krook|Knock Off|p1a: Seismitoad
|-damage|p1a: Seismitoad|66/100
|-enditem|p1a: Seismitoad|Leftovers|[from] move: Knock Off|[of] p2a: krook
|move|p1a: Seismitoad|Stealth Rock|p2a: krook
|-sidestart|p2: luc ario power|move: Stealth Rock
|
|upkeep
|turn|2
|
|t:|1651297228
|move|p2a: krook|Earthquake|p1a: Seismitoad
|-damage|p1a: Seismitoad|29/100
|move|p1a: Seismitoad|Knock Off|p2a: krook
|-resisted|p2a: krook
|-damage|p2a: krook|91/100
|-enditem|p2a: krook|Focus Sash|[from] move: Knock Off|[of] p1a: Seismitoad
|
|upkeep
|turn|3
|
|t:|1651297240
|switch|p1a: Rotom|Rotom-Heat|100/100
|move|p2a: krook|Earthquake|p1a: Rotom
|-immune|p1a: Rotom|[from] ability: Levitate
|
|upkeep
|turn|4
|
|t:|1651297248
|switch|p2a: easy-bake|Rotom-Heat|100/100
|move|p1a: Rotom|Nasty Plot|p1a: Rotom
|-boost|p1a: Rotom|spa|2
|
|upkeep
|turn|5
|
|t:|1651297285
|move|p1a: Rotom|Nasty Plot|p1a: Rotom
|-boost|p1a: Rotom|spa|2
|move|p2a: easy-bake|Defog|p1a: Rotom
|-unboost|p1a: Rotom|evasion|1
|-sideend|p2: luc ario power|Stealth Rock|[from] move: Defog|[of] p2a: easy-bake
|
|upkeep
|turn|6
|inactive|Battle timer is ON: inactive players will automatically lose when time's up. (requested by Keslerr)
|inactive|luc ario power has 120 seconds left.
|
|t:|1651297380
|move|p1a: Rotom|Discharge|p2a: easy-bake
|-resisted|p2a: easy-bake
|-damage|p2a: easy-bake|64/100
|move|p2a: easy-bake|Overheat|p1a: Rotom
|-resisted|p1a: Rotom
|-damage|p1a: Rotom|77/100
|-unboost|p2a: easy-bake|spa|2
|
|upkeep
|turn|7
|
|t:|1651297398
|move|p1a: Rotom|Nasty Plot|p1a: Rotom
|-boost|p1a: Rotom|spa|2
|move|p2a: easy-bake|Volt Switch|p1a: Rotom
|-resisted|p1a: Rotom
|-damage|p1a: Rotom|70/100
|
|t:|1651297411
|switch|p2a: krook|Krookodile, F|91/100|[from]move: Volt Switch
|-ability|p2a: krook|Intimidate|boost
|-unboost|p1a: Rotom|atk|1
|
|upkeep
|turn|8
|
|t:|1651297419
|move|p2a: krook|Knock Off|p1a: Rotom
|-damage|p1a: Rotom|19/100
|-enditem|p1a: Rotom|Heavy-Duty Boots|[from] move: Knock Off|[of] p2a: krook
|move|p1a: Rotom|Overheat|p2a: krook
|-damage|p2a: krook|0 fnt
|-unboost|p1a: Rotom|spa|2
|faint|p2a: krook
|
|upkeep
|
|t:|1651297427
|switch|p2a: Primarina|Primarina, M|100/100
|turn|9
|
|t:|1651297429
|move|p2a: Primarina|Psychic|p1a: Rotom
|-damage|p1a: Rotom|0 fnt
|faint|p1a: Rotom
|
|upkeep
|
|t:|1651297445
|switch|p1a: Aegislash|Aegislash, M|100/100
|turn|10
|
|t:|1651297449
|switch|p2a: birb|Mandibuzz, F|100/100
|move|p1a: Aegislash|Substitute|p1a: Aegislash
|-start|p1a: Aegislash|Substitute
|-damage|p1a: Aegislash|75/100
|
|-heal|p1a: Aegislash|82/100|[from] item: Leftovers
|upkeep
|turn|11
|
|t:|1651297456
|move|p2a: birb|Foul Play|p1a: Aegislash
|-supereffective|p1a: Aegislash
|-activate|p1a: Aegislash|move: Substitute|[damage]
|move|p1a: Aegislash|Toxic|p2a: birb
|-status|p2a: birb|tox
|
|-heal|p1a: Aegislash|88/100|[from] item: Leftovers
|-damage|p2a: birb|94/100 tox|[from] psn
|upkeep
|turn|12
|
|t:|1651297468
|switch|p2a: easy-bake|Rotom-Heat|64/100
|move|p1a: Aegislash|King's Shield||[still]
|-fail|p1a: Aegislash
|
|-heal|p1a: Aegislash|94/100|[from] item: Leftovers
|upkeep
|turn|13
|
|t:|1651297478
|move|p2a: easy-bake|Volt Switch|p1a: Aegislash
|-end|p1a: Aegislash|Substitute
|
|t:|1651297480
|switch|p2a: gramps|Conkeldurr, M|100/100|[from]move: Volt Switch
|move|p1a: Aegislash|Toxic|p2a: gramps
|-status|p2a: gramps|tox
|
|-heal|p1a: Aegislash|99/100|[from] item: Leftovers
|-damage|p2a: gramps|94/100 tox|[from] psn
|upkeep
|turn|14
|
|t:|1651297490
|move|p1a: Aegislash|King's Shield|p1a: Aegislash
|-singleturn|p1a: Aegislash|Protect
|move|p2a: gramps|Knock Off|p1a: Aegislash
|-activate|p1a: Aegislash|move: Protect
|-unboost|p2a: gramps|atk|1
|
|-heal|p1a: Aegislash|100/100|[from] item: Leftovers
|-damage|p2a: gramps|82/100 tox|[from] psn
|upkeep
|turn|15
|
|t:|1651297499
|switch|p1a: Sylveon|Sylveon, M|100/100
|move|p2a: gramps|Knock Off|p1a: Sylveon
|-resisted|p1a: Sylveon
|-damage|p1a: Sylveon|81/100
|-enditem|p1a: Sylveon|Leftovers|[from] move: Knock Off|[of] p2a: gramps
|
|-damage|p2a: gramps|64/100 tox|[from] psn
|upkeep
|turn|16
|
|t:|1651297514
|switch|p1a: Seismitoad|Seismitoad, M|29/100
|switch|p2a: eye of rhajat|Aegislash, M|100/100
|
|upkeep
|turn|17
|
|t:|1651297533
|switch|p2a: Primarina|Primarina, M|100/100
|move|p1a: Seismitoad|Scald|p2a: Primarina
|-resisted|p2a: Primarina
|-damage|p2a: Primarina|91/100
|-status|p2a: Primarina|brn
|
|-damage|p2a: Primarina|85/100 brn|[from] brn
|upkeep
|turn|18
|
|t:|1651297544
|switch|p1a: Chansey|Chansey, F|100/100
|move|p2a: Primarina|Moonblast|p1a: Chansey
|-damage|p1a: Chansey|85/100
|
|-damage|p2a: Primarina|79/100 brn|[from] brn
|upkeep
|turn|19
|
|t:|1651297560
|switch|p2a: easy-bake|Rotom-Heat|64/100
|move|p1a: Chansey|Teleport|p1a: Chansey
|
|t:|1651297583
|switch|p1a: Seismitoad|Seismitoad, M|29/100|[from]move: Teleport
|
|upkeep
|turn|20
|inactive|luc ario power has 120 seconds left.
|
|t:|1651297613
|move|p2a: easy-bake|Overheat|p1a: Seismitoad
|-resisted|p1a: Seismitoad
|-damage|p1a: Seismitoad|3/100
|-unboost|p2a: easy-bake|spa|2
|move|p1a: Seismitoad|Scald|p2a: easy-bake
|-supereffective|p2a: easy-bake
|-damage|p2a: easy-bake|28/100
|
|upkeep
|turn|21
|
|t:|1651297625
|move|p2a: easy-bake|Overheat|p1a: Seismitoad
|-resisted|p1a: Seismitoad
|-damage|p1a: Seismitoad|0 fnt
|-unboost|p2a: easy-bake|spa|2
|faint|p1a: Seismitoad
|
|upkeep
|inactive|Keslerr has 120 seconds left.
|
|t:|1651297658
|switch|p1a: Conkeldurr|Conkeldurr, F|100/100
|turn|22
|inactive|luc ario power has 120 seconds left.
|
|t:|1651297684
|switch|p2a: Primarina|Primarina, M|79/100 brn
|move|p1a: Conkeldurr|Knock Off|p2a: Primarina
|-resisted|p2a: Primarina
|-crit|p2a: Primarina
|-damage|p2a: Primarina|37/100 brn
|-enditem|p2a: Primarina|Choice Scarf|[from] move: Knock Off|[of] p1a: Conkeldurr
|
|-damage|p2a: Primarina|31/100 brn|[from] brn
|-status|p1a: Conkeldurr|brn|[from] item: Flame Orb
|upkeep
|turn|23
|inactive|luc ario power has 120 seconds left.
|
|t:|1651297696
|switch|p1a: Chansey|Chansey, F|85/100
|move|p2a: Primarina|Moonblast|p1a: Chansey
|-damage|p1a: Chansey|71/100
|-unboost|p1a: Chansey|spa|1
|
|-damage|p2a: Primarina|25/100 brn|[from] brn
|upkeep
|turn|24
|
|t:|1651297717
|move|p2a: Primarina|Flip Turn|p1a: Chansey
|-damage|p1a: Chansey|65/100
|
|t:|1651297731
|switch|p2a: eye of rhajat|Aegislash, M|100/100|[from]move: Flip Turn
|move|p1a: Chansey|Teleport|p1a: Chansey
|
|t:|1651297739
|switch|p1a: Aegislash|Aegislash, M|100/100|[from]move: Teleport
|
|upkeep
|turn|25
|inactive|luc ario power has 120 seconds left.
|
|t:|1651297770
|switch|p2a: birb|Mandibuzz, F|94/100 tox
|move|p1a: Aegislash|Substitute|p1a: Aegislash
|-start|p1a: Aegislash|Substitute
|-damage|p1a: Aegislash|75/100
|
|-heal|p2a: birb|100/100 tox|[from] item: Leftovers
|-heal|p1a: Aegislash|82/100|[from] item: Leftovers
|-damage|p2a: birb|94/100 tox|[from] psn
|upkeep
|turn|26
|
|t:|1651297782
|move|p2a: birb|Foul Play|p1a: Aegislash
|-supereffective|p1a: Aegislash
|-activate|p1a: Aegislash|move: Substitute|[damage]
|-formechange|p1a: Aegislash|Aegislash-Blade||[from] ability: Stance Change
|move|p1a: Aegislash|Shadow Ball|p2a: birb
|-resisted|p2a: birb
|-damage|p2a: birb|80/100 tox
|
|-heal|p2a: birb|86/100 tox|[from] item: Leftovers
|-heal|p1a: Aegislash|88/100|[from] item: Leftovers
|-damage|p2a: birb|74/100 tox|[from] psn
|upkeep
|turn|27
|
|t:|1651297803
|move|p2a: birb|Foul Play|p1a: Aegislash
|-supereffective|p1a: Aegislash
|-end|p1a: Aegislash|Substitute
|move|p1a: Aegislash|Shadow Ball|p2a: birb
|-resisted|p2a: birb
|-damage|p2a: birb|60/100 tox
|
|-heal|p2a: birb|66/100 tox|[from] item: Leftovers
|-heal|p1a: Aegislash|94/100|[from] item: Leftovers
|-damage|p2a: birb|48/100 tox|[from] psn
|upkeep
|turn|28
|
|t:|1651297813
|-formechange|p1a: Aegislash|Aegislash||[from] ability: Stance Change
|move|p1a: Aegislash|King's Shield|p1a: Aegislash
|-singleturn|p1a: Aegislash|Protect
|move|p2a: birb|Roost|p2a: birb
|-heal|p2a: birb|98/100 tox
|-singleturn|p2a: birb|move: Roost
|
|-heal|p2a: birb|100/100 tox|[from] item: Leftovers
|-heal|p1a: Aegislash|99/100|[from] item: Leftovers
|-damage|p2a: birb|76/100 tox|[from] psn
|upkeep
|turn|29
|inactive|luc ario power has 120 seconds left.
|
|t:|1651297844
|move|p2a: birb|Foul Play|p1a: Aegislash
|-supereffective|p1a: Aegislash
|-damage|p1a: Aegislash|80/100
|move|p1a: Aegislash|Substitute|p1a: Aegislash
|-start|p1a: Aegislash|Substitute
|-damage|p1a: Aegislash|55/100
|
|-heal|p2a: birb|82/100 tox|[from] item: Leftovers
|-heal|p1a: Aegislash|61/100|[from] item: Leftovers
|-damage|p2a: birb|51/100 tox|[from] psn
|upkeep
|turn|30
|
|t:|1651297855
|move|p2a: birb|Roost|p2a: birb
|-heal|p2a: birb|100/100 tox
|-singleturn|p2a: birb|move: Roost
|move|p1a: Aegislash|Substitute|p1a: Aegislash
|-fail|p1a: Aegislash|move: Substitute
|
|-heal|p1a: Aegislash|67/100|[from] item: Leftovers
|-damage|p2a: birb|64/100 tox|[from] psn
|upkeep
|turn|31
|inactive|Keslerr has 90 seconds left.
|inactive|luc ario power has 120 seconds left.
|
|t:|1651297876
|switch|p2a: gramps|Conkeldurr, M|64/100 tox
|move|p1a: Aegislash|Substitute|p1a: Aegislash
|-fail|p1a: Aegislash|move: Substitute
|
|-heal|p1a: Aegislash|73/100|[from] item: Leftovers
|-damage|p2a: gramps|58/100 tox|[from] psn
|upkeep
|turn|32
|
|t:|1651297884
|move|p1a: Aegislash|King's Shield|p1a: Aegislash
|-singleturn|p1a: Aegislash|Protect
|move|p2a: gramps|Knock Off|p1a: Aegislash
|-activate|p1a: Aegislash|move: Protect
|-unboost|p2a: gramps|atk|1
|
|-heal|p1a: Aegislash|80/100|[from] item: Leftovers
|-damage|p2a: gramps|46/100 tox|[from] psn
|upkeep
|turn|33
|
|t:|1651297893
|switch|p2a: birb|Mandibuzz, F|64/100 tox
|-formechange|p1a: Aegislash|Aegislash-Blade||[from] ability: Stance Change
|move|p1a: Aegislash|Shadow Ball|p2a: birb
|-resisted|p2a: birb
|-damage|p2a: birb|50/100 tox
|
|-heal|p2a: birb|56/100 tox|[from] item: Leftovers
|-heal|p1a: Aegislash|86/100|[from] item: Leftovers
|-damage|p2a: birb|50/100 tox|[from] psn
|upkeep
|turn|34
|
|t:|1651297910
|move|p2a: birb|Roost|p2a: birb
|-heal|p2a: birb|99/100 tox
|-singleturn|p2a: birb|move: Roost
|move|p1a: Aegislash|Substitute|p1a: Aegislash
|-fail|p1a: Aegislash|move: Substitute
|
|-heal|p2a: birb|100/100 tox|[from] item: Leftovers
|-heal|p1a: Aegislash|92/100|[from] item: Leftovers
|-damage|p2a: birb|88/100 tox|[from] psn
|upkeep
|turn|35
|
|t:|1651297919
|-formechange|p1a: Aegislash|Aegislash||[from] ability: Stance Change
|move|p1a: Aegislash|King's Shield|p1a: Aegislash
|-singleturn|p1a: Aegislash|Protect
|move|p2a: birb|U-turn|p1a: Aegislash
|-activate|p1a: Aegislash|move: Protect
|-unboost|p2a: birb|atk|1
|
|-heal|p2a: birb|94/100 tox|[from] item: Leftovers
|-heal|p1a: Aegislash|98/100|[from] item: Leftovers
|-damage|p2a: birb|76/100 tox|[from] psn
|upkeep
|turn|36
|
|t:|1651297930
|move|p2a: birb|Foul Play|p1a: Aegislash
|-supereffective|p1a: Aegislash
|-activate|p1a: Aegislash|move: Substitute|[damage]
|move|p1a: Aegislash|Toxic|p2a: birb
|-fail|p2a: birb|tox
|
|-heal|p2a: birb|82/100 tox|[from] item: Leftovers
|-heal|p1a: Aegislash|100/100|[from] item: Leftovers
|-damage|p2a: birb|57/100 tox|[from] psn
|upkeep
|turn|37
|inactive|luc ario power has 120 seconds left.
|
|t:|1651297966
|move|p2a: birb|U-turn|p1a: Aegislash
|-resisted|p1a: Aegislash
|-activate|p1a: Aegislash|move: Substitute|[damage]
|
|t:|1651297974
|switch|p2a: Primarina|Primarina, M|25/100 brn|[from]move: U-turn
|-formechange|p1a: Aegislash|Aegislash-Blade||[from] ability: Stance Change
|move|p1a: Aegislash|Shadow Ball|p2a: Primarina
|-damage|p2a: Primarina|0 fnt
|faint|p2a: Primarina
|
|upkeep
|inactive|luc ario power has 90 seconds left.
|inactive|luc ario power has 60 seconds left.
|
|t:|1651298043
|switch|p2a: birb|Mandibuzz, F|57/100 tox
|turn|38
|
|t:|1651298053
|-formechange|p1a: Aegislash|Aegislash||[from] ability: Stance Change
|move|p1a: Aegislash|King's Shield|p1a: Aegislash
|-singleturn|p1a: Aegislash|Protect
|move|p2a: birb|Roost|p2a: birb
|-heal|p2a: birb|100/100 tox
|-singleturn|p2a: birb|move: Roost
|
|-damage|p2a: birb|94/100 tox|[from] psn
|upkeep
|turn|39
|
|t:|1651298065
|move|p2a: birb|Foul Play|p1a: Aegislash
|-supereffective|p1a: Aegislash
|-end|p1a: Aegislash|Substitute
|move|p1a: Aegislash|Substitute|p1a: Aegislash
|-start|p1a: Aegislash|Substitute
|-damage|p1a: Aegislash|75/100
|
|-heal|p2a: birb|100/100 tox|[from] item: Leftovers
|-heal|p1a: Aegislash|82/100|[from] item: Leftovers
|-damage|p2a: birb|88/100 tox|[from] psn
|upkeep
|turn|40
|inactive|luc ario power has 60 seconds left.
|
|t:|1651298086
|move|p2a: birb|Foul Play|p1a: Aegislash
|-supereffective|p1a: Aegislash
|-activate|p1a: Aegislash|move: Substitute|[damage]
|-formechange|p1a: Aegislash|Aegislash-Blade||[from] ability: Stance Change
|move|p1a: Aegislash|Shadow Ball|p2a: birb
|-resisted|p2a: birb
|-damage|p2a: birb|74/100 tox
|
|-heal|p2a: birb|80/100 tox|[from] item: Leftovers
|-heal|p1a: Aegislash|88/100|[from] item: Leftovers
|-damage|p2a: birb|61/100 tox|[from] psn
|upkeep
|turn|41
|inactive|luc ario power has 60 seconds left.
|inactive|luc ario power has 30 seconds left.
|
|t:|1651298132
|move|p2a: birb|U-turn|p1a: Aegislash
|-resisted|p1a: Aegislash
|-end|p1a: Aegislash|Substitute
|inactive|luc ario power has 30 seconds left this turn.
|
|t:|1651298134
|switch|p2a: easy-bake|Rotom-Heat|28/100|[from]move: U-turn
|move|p1a: Aegislash|Shadow Ball|p2a: easy-bake
|-damage|p2a: easy-bake|0 fnt
|faint|p2a: easy-bake
|
|-heal|p1a: Aegislash|94/100|[from] item: Leftovers
|upkeep
|inactive|luc ario power has 30 seconds left.
|
|t:|1651298142
|switch|p2a: eye of rhajat|Aegislash, M|100/100
|turn|42
|
|t:|1651298146
|-formechange|p2a: eye of rhajat|Aegislash-Blade||[from] ability: Stance Change
|move|p2a: eye of rhajat|Shadow Ball|p1a: Aegislash
|-supereffective|p1a: Aegislash
|-damage|p1a: Aegislash|0 fnt
|faint|p1a: Aegislash
|
|upkeep
|inactive|Keslerr has 120 seconds left.
|
|t:|1651298156
|switch|p1a: Chansey|Chansey, F|65/100
|turn|43
|
|t:|1651298160
|move|p2a: eye of rhajat|Close Combat|p1a: Chansey
|-supereffective|p1a: Chansey
|-damage|p1a: Chansey|15/100
|-unboost|p2a: eye of rhajat|def|1
|-unboost|p2a: eye of rhajat|spd|1
|move|p1a: Chansey|Soft-Boiled|p1a: Chansey
|-heal|p1a: Chansey|65/100
|
|upkeep
|turn|44
|inactive|luc ario power has 60 seconds left.
|
|t:|1651298172
|switch|p1a: Sylveon|Sylveon, M|81/100
|move|p2a: eye of rhajat|Close Combat|p1a: Sylveon
|-resisted|p1a: Sylveon
|-damage|p1a: Sylveon|62/100
|-unboost|p2a: eye of rhajat|def|1
|-unboost|p2a: eye of rhajat|spd|1
|
|upkeep
|turn|45
|
|t:|1651298184
|-formechange|p2a: eye of rhajat|Aegislash||[from] ability: Stance Change
|move|p2a: eye of rhajat|King's Shield|p2a: eye of rhajat
|-singleturn|p2a: eye of rhajat|Protect
|move|p1a: Sylveon|Wish|p1a: Sylveon
|
|upkeep
|turn|46
|
|t:|1651298192
|-formechange|p2a: eye of rhajat|Aegislash-Blade||[from] ability: Stance Change
|move|p2a: eye of rhajat|Shadow Ball|p1a: Sylveon
|-damage|p1a: Sylveon|35/100
|move|p1a: Sylveon|Hyper Voice|p2a: eye of rhajat
|-resisted|p2a: eye of rhajat
|-damage|p2a: eye of rhajat|27/100
|
|-heal|p1a: Sylveon|85/100|[from] move: Wish|[wisher] Sylveon
|upkeep
|turn|47
|inactive|luc ario power has 60 seconds left.
|-message|luc ario power forfeited.
|
|win|Keslerr
|raw|Keslerr's rating: 1229 &rarr; <strong>1262</strong><br />(+33 for winning)
|raw|luc ario power's rating: 1339 &rarr; <strong>1313</strong><br />(-26 for losing)
|l|☆luc ario power
