|j|☆Corporate Donkey
|j|☆956o
|t:|1655581765
|gametype|singles
|player|p1|Corporate Donkey|ingo|1378
|player|p2|956o|2|1360
|teamsize|p1|6
|teamsize|p2|6
|gen|8
|tier|[Gen 8] UU
|rated|
|rule|Sleep Clause Mod: Limit one foe put to sleep
|rule|Species Clause: Limit one of each Pokémon
|rule|OHKO Clause: OHKO moves are banned
|rule|Evasion Moves Clause: Evasion moves are banned
|rule|Endless Battle Clause: Forcing endless battles is banned
|rule|HP Percentage Mod: HP is shown in percentages
|rule|Dynamax Clause: You cannot dynamax
|clearpoke
|poke|p1|Hippowdon, F|
|poke|p1|Skarmory, F|
|poke|p1|Hydreigon, M|
|poke|p1|Chandelure, M|
|poke|p1|Primarina, F|
|poke|p1|Tangrowth, M|
|poke|p2|Milotic, M|
|poke|p2|Skarmory, F|
|poke|p2|Thundurus-Therian, M|
|poke|p2|Chansey, F|
|poke|p2|Zygarde-10%|
|poke|p2|Zarude|
|teampreview
|c|☆Corporate Donkey|gl hf
|c|☆956o|u 2
|
|t:|1655581789
|start
|switch|p1a: Ricardo|Hydreigon, M|100/100
|switch|p2a: Thundurus|Thundurus-Therian, M|100/100
|turn|1
|c|☆Corporate Donkey|thanks
|
|t:|1655581798
|switch|p2a: Chansey|Chansey, F|100/100
|move|p1a: Ricardo|U-turn|p2a: Chansey
|-damage|p2a: Chansey|91/100
|
|t:|1655581800
|switch|p1a: Smokey|Chandelure, M|100/100|[from]move: U-turn
|
|upkeep
|turn|2
|
|t:|1655581806
|switch|p2a: Milotic|Milotic, M|100/100
|move|p1a: Smokey|Taunt|p2a: Milotic
|-start|p2a: Milotic|move: Taunt
|
|upkeep
|turn|3
|
|t:|1655581815
|move|p1a: Smokey|Toxic|p2a: Milotic
|-status|p2a: Milotic|tox
|move|p2a: Milotic|Ice Beam|p1a: Smokey
|-resisted|p1a: Smokey
|-damage|p1a: Smokey|79/100
|
|-damage|p2a: Milotic|94/100 tox|[from] psn
|upkeep
|turn|4
|
|t:|1655581819
|move|p1a: Smokey|Hex|p2a: Milotic
|-damage|p2a: Milotic|43/100 tox
|move|p2a: Milotic|Scald|p1a: Smokey
|-supereffective|p1a: Smokey
|-crit|p1a: Smokey
|-damage|p1a: Smokey|0 fnt
|faint|p1a: Smokey
|
|-damage|p2a: Milotic|31/100 tox|[from] psn
|-end|p2a: Milotic|move: Taunt
|upkeep
|
|t:|1655581838
|switch|p1a: Sirena|Primarina, F|100/100
|turn|5
|
|t:|1655581844
|switch|p2a: Chansey|Chansey, F|91/100
|move|p1a: Sirena|Moonblast|p2a: Chansey
|-damage|p2a: Chansey|68/100
|
|upkeep
|turn|6
|
|t:|1655581851
|switch|p1a: Skarmory|Skarmory, F|100/100
|move|p2a: Chansey|Stealth Rock|p1a: Skarmory
|-sidestart|p1: Corporate Donkey|move: Stealth Rock
|
|upkeep
|turn|7
|
|t:|1655581857
|switch|p2a: Skarmory|Skarmory, F|100/100
|move|p1a: Skarmory|Defog|p2a: Skarmory
|-unboost|p2a: Skarmory|evasion|1
|-sideend|p1: Corporate Donkey|Stealth Rock|[from] move: Defog|[of] p1a: Skarmory
|
|upkeep
|turn|8
|
|t:|1655581862
|move|p2a: Skarmory|Spikes|p1a: Skarmory
|-sidestart|p1: Corporate Donkey|Spikes
|move|p1a: Skarmory|Iron Defense|p1a: Skarmory
|-boost|p1a: Skarmory|def|2
|
|upkeep
|turn|9
|
|t:|1655581867
|switch|p2a: Thundurus|Thundurus-Therian, M|100/100
|move|p1a: Skarmory|Iron Defense|p1a: Skarmory
|-boost|p1a: Skarmory|def|2
|
|upkeep
|turn|10
|
|t:|1655581872
|switch|p1a: Boyardee|Tangrowth, M|100/100
|-damage|p1a: Boyardee|88/100|[from] Spikes
|move|p2a: Thundurus|Thunderbolt|p1a: Boyardee
|-resisted|p1a: Boyardee
|-damage|p1a: Boyardee|72/100
|
|upkeep
|turn|11
|
|t:|1655581883
|move|p2a: Thundurus|Volt Switch|p1a: Boyardee
|-resisted|p1a: Boyardee
|-damage|p1a: Boyardee|60/100
|
|t:|1655581886
|switch|p2a: Skarmory|Skarmory, F|100/100|[from]move: Volt Switch
|move|p1a: Boyardee|Knock Off|p2a: Skarmory
|-damage|p2a: Skarmory|88/100
|-damage|p1a: Boyardee|44/100|[from] item: Rocky Helmet|[of] p2a: Skarmory
|-enditem|p2a: Skarmory|Rocky Helmet|[from] move: Knock Off|[of] p1a: Boyardee
|
|upkeep
|turn|12
|
|t:|1655581890
|switch|p1a: Sirena|Primarina, F|100/100
|-damage|p1a: Sirena|88/100|[from] Spikes
|move|p2a: Skarmory|Spikes|p1a: Sirena
|-sidestart|p1: Corporate Donkey|Spikes
|
|upkeep
|turn|13
|
|t:|1655581896
|switch|p1a: Skarmory|Skarmory, F|100/100
|switch|p2a: Chansey|Chansey, F|68/100
|
|upkeep
|turn|14
|
|t:|1655581899
|switch|p2a: Milotic|Milotic, M|31/100 tox
|move|p1a: Skarmory|Defog|p2a: Milotic
|-unboost|p2a: Milotic|evasion|1
|-ability|p2a: Milotic|Competitive
|-boost|p2a: Milotic|spa|2
|-sideend|p1: Corporate Donkey|Spikes|[from] move: Defog|[of] p1a: Skarmory
|
|-damage|p2a: Milotic|25/100 tox|[from] psn
|upkeep
|turn|15
|
|t:|1655581906
|switch|p1a: Sirena|Primarina, F|88/100
|move|p2a: Milotic|Recover|p2a: Milotic
|-heal|p2a: Milotic|75/100 tox
|
|-damage|p2a: Milotic|63/100 tox|[from] psn
|upkeep
|turn|16
|
|t:|1655581910
|move|p1a: Sirena|Moonblast|p2a: Milotic
|-damage|p2a: Milotic|7/100 tox
|move|p2a: Milotic|Hydro Pump|p1a: Sirena
|-resisted|p1a: Sirena
|-damage|p1a: Sirena|25/100
|
|-damage|p2a: Milotic|0 fnt|[from] psn
|faint|p2a: Milotic
|upkeep
|
|t:|1655581916
|switch|p2a: Zygarde|Zygarde-10%|100/100
|-ability|p2a: Zygarde|Aura Break
|turn|17
|
|t:|1655581927
|switch|p1a: Donna|Hippowdon, F|100/100
|-weather|Sandstorm|[from] ability: Sand Stream|[of] p1a: Donna
|move|p2a: Zygarde|Thousand Arrows|p1a: Donna
|-damage|p1a: Donna|61/100
|
|-weather|Sandstorm|[upkeep]
|-heal|p1a: Donna|67/100|[from] item: Leftovers
|upkeep
|turn|18
|
|t:|1655581931
|move|p2a: Zygarde|Thousand Arrows|p1a: Donna
|-damage|p1a: Donna|28/100
|move|p1a: Donna|Slack Off|p1a: Donna
|-heal|p1a: Donna|79/100
|
|-weather|Sandstorm|[upkeep]
|-heal|p1a: Donna|85/100|[from] item: Leftovers
|upkeep
|turn|19
|
|t:|1655581939
|switch|p2a: Skarmory|Skarmory, F|88/100
|move|p1a: Donna|Toxic|p2a: Skarmory
|-immune|p2a: Skarmory
|
|-weather|Sandstorm|[upkeep]
|-heal|p1a: Donna|91/100|[from] item: Leftovers
|upkeep
|turn|20
|j| love starmie
|
|t:|1655581943
|switch|p1a: Sirena|Primarina, F|25/100
|move|p2a: Skarmory|Spikes|p1a: Sirena
|-sidestart|p1: Corporate Donkey|Spikes
|
|-weather|Sandstorm|[upkeep]
|-damage|p1a: Sirena|19/100|[from] Sandstorm
|upkeep
|turn|21
|
|t:|1655581949
|switch|p1a: Skarmory|Skarmory, F|100/100
|switch|p2a: Chansey|Chansey, F|68/100
|
|-weather|none
|upkeep
|turn|22
|
|t:|1655581954
|switch|p2a: Thundurus|Thundurus-Therian, M|100/100
|move|p1a: Skarmory|Defog|p2a: Thundurus
|-unboost|p2a: Thundurus|evasion|1
|-sideend|p1: Corporate Donkey|Spikes|[from] move: Defog|[of] p1a: Skarmory
|
|upkeep
|turn|23
|
|t:|1655581958
|switch|p1a: Boyardee|Tangrowth, M|77/100
|move|p2a: Thundurus|Thunderbolt|p1a: Boyardee
|-resisted|p1a: Boyardee
|-damage|p1a: Boyardee|60/100
|
|upkeep
|turn|24
|l| love starmie
|
|t:|1655581963
|switch|p1a: Ricardo|Hydreigon, M|100/100
|move|p2a: Thundurus|Volt Switch|p1a: Ricardo
|-resisted|p1a: Ricardo
|-damage|p1a: Ricardo|79/100
|
|t:|1655581968
|switch|p2a: Zarude|Zarude|100/100|[from]move: Volt Switch
|
|upkeep
|turn|25
|
|t:|1655581971
|move|p2a: Zarude|U-turn|p1a: Ricardo
|-supereffective|p1a: Ricardo
|-damage|p1a: Ricardo|27/100
|
|t:|1655581973
|switch|p2a: Chansey|Chansey, F|68/100|[from]move: U-turn
|move|p1a: Ricardo|U-turn|p2a: Chansey
|-damage|p2a: Chansey|58/100
|
|t:|1655581982
|switch|p1a: Boyardee|Tangrowth, M|94/100|[from]move: U-turn
|
|upkeep
|turn|26
|
|t:|1655581986
|switch|p2a: Skarmory|Skarmory, F|88/100
|move|p1a: Boyardee|Knock Off|p2a: Skarmory
|-damage|p2a: Skarmory|79/100
|
|upkeep
|turn|27
|
|t:|1655581989
|move|p2a: Skarmory|Spikes|p1a: Boyardee
|-sidestart|p1: Corporate Donkey|Spikes
|move|p1a: Boyardee|Focus Blast|p2a: Skarmory
|-damage|p2a: Skarmory|40/100
|
|upkeep
|turn|28
|
|t:|1655581996
|move|p2a: Skarmory|Roost|p2a: Skarmory
|-heal|p2a: Skarmory|90/100
|-singleturn|p2a: Skarmory|move: Roost
|move|p1a: Boyardee|Focus Blast|p2a: Skarmory|[miss]
|-miss|p1a: Boyardee|p2a: Skarmory
|
|upkeep
|turn|29
|
|t:|1655582001
|move|p2a: Skarmory|Spikes|p1a: Boyardee
|-sidestart|p1: Corporate Donkey|Spikes
|move|p1a: Boyardee|Focus Blast|p2a: Skarmory
|-damage|p2a: Skarmory|48/100
|
|upkeep
|turn|30
|
|t:|1655582010
|switch|p2a: Thundurus|Thundurus-Therian, M|100/100
|move|p1a: Boyardee|Focus Blast|p2a: Thundurus
|-resisted|p2a: Thundurus
|-crit|p2a: Thundurus
|-damage|p2a: Thundurus|72/100
|
|upkeep
|turn|31
|
|t:|1655582016
|move|p2a: Thundurus|Volt Switch|p1a: Boyardee
|-resisted|p1a: Boyardee
|-damage|p1a: Boyardee|82/100
|
|t:|1655582022
|switch|p2a: Skarmory|Skarmory, F|48/100|[from]move: Volt Switch
|move|p1a: Boyardee|Sludge Bomb|p2a: Skarmory
|-immune|p2a: Skarmory
|
|upkeep
|turn|32
|
|t:|1655582026
|move|p2a: Skarmory|Toxic|p1a: Boyardee
|-status|p1a: Boyardee|tox
|move|p1a: Boyardee|Focus Blast|p2a: Skarmory|[miss]
|-miss|p1a: Boyardee|p2a: Skarmory
|
|-damage|p1a: Boyardee|76/100 tox|[from] psn
|upkeep
|turn|33
|
|t:|1655582030
|switch|p1a: Skarmory|Skarmory, F|100/100
|move|p2a: Skarmory|Spikes|p1a: Skarmory
|-sidestart|p1: Corporate Donkey|Spikes
|
|upkeep
|turn|34
|
|t:|1655582033
|switch|p2a: Thundurus|Thundurus-Therian, M|72/100
|move|p1a: Skarmory|Defog|p2a: Thundurus
|-unboost|p2a: Thundurus|evasion|1
|-sideend|p1: Corporate Donkey|Spikes|[from] move: Defog|[of] p1a: Skarmory
|
|upkeep
|turn|35
|
|t:|1655582048
|switch|p1a: Donna|Hippowdon, F|91/100
|-weather|Sandstorm|[from] ability: Sand Stream|[of] p1a: Donna
|move|p2a: Thundurus|Volt Switch|p1a: Donna
|-immune|p1a: Donna
|
|-weather|Sandstorm|[upkeep]
|-damage|p2a: Thundurus|66/100|[from] Sandstorm
|-heal|p1a: Donna|97/100|[from] item: Leftovers
|upkeep
|turn|36
|
|t:|1655582061
|switch|p2a: Skarmory|Skarmory, F|48/100
|move|p1a: Donna|Toxic|p2a: Skarmory
|-immune|p2a: Skarmory
|
|-weather|Sandstorm|[upkeep]
|-heal|p1a: Donna|100/100|[from] item: Leftovers
|upkeep
|turn|37
|
|t:|1655582068
|switch|p1a: Skarmory|Skarmory, F|100/100
|move|p2a: Skarmory|Roost|p2a: Skarmory
|-heal|p2a: Skarmory|98/100
|-singleturn|p2a: Skarmory|move: Roost
|
|-weather|Sandstorm|[upkeep]
|upkeep
|turn|38
|
|t:|1655582074
|move|p2a: Skarmory|Spikes|p1a: Skarmory
|-sidestart|p1: Corporate Donkey|Spikes
|move|p1a: Skarmory|Body Press|p2a: Skarmory
|-damage|p2a: Skarmory|78/100
|
|-weather|Sandstorm|[upkeep]
|upkeep
|turn|39
|
|t:|1655582076
|switch|p2a: Thundurus|Thundurus-Therian, M|66/100
|move|p1a: Skarmory|Iron Defense|p1a: Skarmory
|-boost|p1a: Skarmory|def|2
|
|-weather|none
|upkeep
|turn|40
|
|t:|1655582083
|switch|p1a: Boyardee|Tangrowth, M|100/100 tox
|-damage|p1a: Boyardee|88/100 tox|[from] Spikes
|move|p2a: Thundurus|Volt Switch|p1a: Boyardee
|-resisted|p1a: Boyardee
|-damage|p1a: Boyardee|77/100 tox
|
|t:|1655582093
|switch|p2a: Zygarde|Zygarde-10%|100/100|[from]move: Volt Switch
|-ability|p2a: Zygarde|Aura Break
|
|-damage|p1a: Boyardee|71/100 tox|[from] psn
|upkeep
|turn|41
|
|t:|1655582097
|switch|p2a: Skarmory|Skarmory, F|78/100
|switch|p1a: Donna|Hippowdon, F|100/100
|-damage|p1a: Donna|88/100|[from] Spikes
|-weather|Sandstorm|[from] ability: Sand Stream|[of] p1a: Donna
|
|-weather|Sandstorm|[upkeep]
|-heal|p1a: Donna|94/100|[from] item: Leftovers
|upkeep
|turn|42
|
|t:|1655582102
|switch|p1a: Ricardo|Hydreigon, M|27/100
|move|p2a: Skarmory|Toxic|p1a: Ricardo
|-status|p1a: Ricardo|tox
|
|-weather|Sandstorm|[upkeep]
|-damage|p1a: Ricardo|20/100 tox|[from] Sandstorm
|-damage|p1a: Ricardo|14/100 tox|[from] psn
|upkeep
|turn|43
|
|t:|1655582105
|switch|p2a: Chansey|Chansey, F|58/100
|move|p1a: Ricardo|U-turn|p2a: Chansey
|-damage|p2a: Chansey|48/100
|
|t:|1655582108
|switch|p1a: Skarmory|Skarmory, F|100/100|[from]move: U-turn
|
|-weather|Sandstorm|[upkeep]
|-damage|p2a: Chansey|42/100|[from] Sandstorm
|upkeep
|turn|44
|
|t:|1655582115
|switch|p2a: Thundurus|Thundurus-Therian, M|66/100
|move|p1a: Skarmory|Iron Defense|p1a: Skarmory
|-boost|p1a: Skarmory|def|2
|
|-weather|Sandstorm|[upkeep]
|-damage|p2a: Thundurus|60/100|[from] Sandstorm
|upkeep
|turn|45
|
|t:|1655582121
|switch|p1a: Donna|Hippowdon, F|94/100
|-damage|p1a: Donna|82/100|[from] Spikes
|move|p2a: Thundurus|Volt Switch|p1a: Donna
|-immune|p1a: Donna
|
|-weather|none
|-heal|p1a: Donna|88/100|[from] item: Leftovers
|upkeep
|turn|46
|
|t:|1655582124
|switch|p2a: Skarmory|Skarmory, F|78/100
|switch|p1a: Skarmory|Skarmory, F|100/100
|
|upkeep
|turn|47
|
|t:|1655582133
|switch|p2a: Thundurus|Thundurus-Therian, M|60/100
|move|p1a: Skarmory|Body Press|p2a: Thundurus
|-resisted|p2a: Thundurus
|-damage|p2a: Thundurus|35/100
|
|upkeep
|turn|48
|
|t:|1655582140
|switch|p2a: Zarude|Zarude|100/100
|switch|p1a: Donna|Hippowdon, F|88/100
|-damage|p1a: Donna|76/100|[from] Spikes
|-weather|Sandstorm|[from] ability: Sand Stream|[of] p1a: Donna
|
|-weather|Sandstorm|[upkeep]
|-damage|p2a: Zarude|95/100|[from] Sandstorm
|-heal|p1a: Donna|82/100|[from] item: Leftovers
|upkeep
|turn|49
|
|t:|1655582147
|switch|p1a: Skarmory|Skarmory, F|100/100
|move|p2a: Zarude|Power Whip|p1a: Skarmory
|-resisted|p1a: Skarmory
|-damage|p1a: Skarmory|93/100
|-damage|p2a: Zarude|78/100|[from] item: Rocky Helmet|[of] p1a: Skarmory
|
|-weather|Sandstorm|[upkeep]
|-damage|p2a: Zarude|72/100|[from] Sandstorm
|upkeep
|turn|50
|
|t:|1655582153
|switch|p2a: Skarmory|Skarmory, F|78/100
|move|p1a: Skarmory|Body Press|p2a: Skarmory
|-damage|p2a: Skarmory|59/100
|
|-weather|Sandstorm|[upkeep]
|upkeep
|turn|51
|
|t:|1655582157
|move|p2a: Skarmory|Roost|p2a: Skarmory
|-heal|p2a: Skarmory|100/100
|-singleturn|p2a: Skarmory|move: Roost
|move|p1a: Skarmory|Iron Defense|p1a: Skarmory
|-boost|p1a: Skarmory|def|2
|
|-weather|Sandstorm|[upkeep]
|upkeep
|turn|52
|
|t:|1655582166
|move|p2a: Skarmory|Spikes|p1a: Skarmory
|-sidestart|p1: Corporate Donkey|Spikes
|move|p1a: Skarmory|Body Press|p2a: Skarmory
|-damage|p2a: Skarmory|64/100
|
|-weather|none
|upkeep
|turn|53
|
|t:|1655582171
|switch|p2a: Thundurus|Thundurus-Therian, M|35/100
|move|p1a: Skarmory|Body Press|p2a: Thundurus
|-resisted|p2a: Thundurus
|-damage|p2a: Thundurus|0 fnt
|faint|p2a: Thundurus
|
|upkeep
|
|t:|1655582177
|switch|p2a: Zygarde|Zygarde-10%|100/100
|-ability|p2a: Zygarde|Aura Break
|turn|54
|c|☆Corporate Donkey|gg
|
|t:|1655582181
|move|p2a: Zygarde|Thousand Arrows|p1a: Skarmory
|-damage|p1a: Skarmory|75/100
|-start|p1a: Skarmory|Smack Down
|move|p1a: Skarmory|Iron Defense|p1a: Skarmory
|-boost|p1a: Skarmory|def|2
|
|upkeep
|turn|55
|
|t:|1655582187
|move|p2a: Zygarde|Thousand Arrows|p1a: Skarmory
|-supereffective|p1a: Skarmory
|-damage|p1a: Skarmory|52/100
|move|p1a: Skarmory|Iron Defense|p1a: Skarmory
|-boost|p1a: Skarmory|def|2
|
|upkeep
|turn|56
|
|t:|1655582196
|move|p2a: Zygarde|Thousand Arrows|p1a: Skarmory
|-supereffective|p1a: Skarmory
|-damage|p1a: Skarmory|33/100
|move|p1a: Skarmory|Roost|p1a: Skarmory
|-heal|p1a: Skarmory|83/100
|-singleturn|p1a: Skarmory|move: Roost
|
|upkeep
|turn|57
|
|t:|1655582199
|move|p2a: Zygarde|Thousand Arrows|p1a: Skarmory
|-supereffective|p1a: Skarmory
|-damage|p1a: Skarmory|65/100
|move|p1a: Skarmory|Body Press|p2a: Zygarde
|-damage|p2a: Zygarde|0 fnt
|faint|p2a: Zygarde
|
|upkeep
|
|t:|1655582205
|switch|p2a: Zarude|Zarude|72/100
|turn|58
|
|t:|1655582210
|move|p2a: Zarude|Darkest Lariat|p1a: Skarmory
|-damage|p1a: Skarmory|41/100
|-damage|p2a: Zarude|55/100|[from] item: Rocky Helmet|[of] p1a: Skarmory
|move|p1a: Skarmory|Roost|p1a: Skarmory
|-heal|p1a: Skarmory|91/100
|-singleturn|p1a: Skarmory|move: Roost
|
|upkeep
|turn|59
|
|t:|1655582217
|switch|p2a: Chansey|Chansey, F|42/100
|move|p1a: Skarmory|Body Press|p2a: Chansey
|-supereffective|p2a: Chansey
|-damage|p2a: Chansey|0 fnt
|faint|p2a: Chansey
|
|upkeep
|
|t:|1655582218
|switch|p2a: Skarmory|Skarmory, F|64/100
|turn|60
|
|t:|1655582220
|move|p2a: Skarmory|Roost|p2a: Skarmory
|-heal|p2a: Skarmory|100/100
|-singleturn|p2a: Skarmory|move: Roost
|move|p1a: Skarmory|Body Press|p2a: Skarmory
|-supereffective|p2a: Skarmory
|-ability|p2a: Skarmory|Sturdy
|-damage|p2a: Skarmory|1/100
|
|upkeep
|turn|61
|
|t:|1655582229
|move|p2a: Skarmory|Roost|p2a: Skarmory
|-heal|p2a: Skarmory|51/100
|-singleturn|p2a: Skarmory|move: Roost
|move|p1a: Skarmory|Body Press|p2a: Skarmory
|-supereffective|p2a: Skarmory
|-damage|p2a: Skarmory|0 fnt
|faint|p2a: Skarmory
|
|upkeep
|
|t:|1655582231
|switch|p2a: Zarude|Zarude|55/100
|turn|62
|-message|956o forfeited.
|
|win|Corporate Donkey
|raw|Corporate Donkey's rating: 1378 &rarr; <strong>1397</strong><br />(+19 for winning)
|raw|956o's rating: 1360 &rarr; <strong>1341</strong><br />(-19 for losing)
|l|☆956o
||Ladder isn't responding, score probably updated but might not have (Request timeout).
