|j|☆Shades438
|j|☆jayeffun
|t:|1662767640
|gametype|singles
|player|p1|Shades438|brendan-gen3rs|1442
|player|p2|jayeffun|266|1401
|teamsize|p1|6
|teamsize|p2|6
|gen|8
|tier|[Gen 8] UU
|rated|
|rule|Sleep Clause Mod: Limit one foe put to sleep
|rule|Species Clause: Limit one of each Pokémon
|rule|OHKO Clause: OHKO moves are banned
|rule|Evasion Items Clause: Evasion items are banned
|rule|Evasion Moves Clause: Evasion moves are banned
|rule|Endless Battle Clause: Forcing endless battles is banned
|rule|HP Percentage Mod: HP is shown in percentages
|rule|Dynamax Clause: You cannot dynamax
|clearpoke
|poke|p1|Registeel|
|poke|p1|Zygarde-10%|
|poke|p1|Chansey, F|
|poke|p1|Amoonguss, F|
|poke|p1|Conkeldurr, M|
|poke|p1|Salamence, F|
|poke|p2|Hippowdon, F|
|poke|p2|Chansey, F|
|poke|p2|Mandibuzz, F|
|poke|p2|Primarina, F|
|poke|p2|Rotom-Wash|
|poke|p2|Darmanitan, M|
|teampreview
|inactive|Battle timer is ON: inactive players will automatically lose when time's up. (requested by Shades438)
|
|t:|1662767654
|start
|switch|p1a: Amoonguss|Amoonguss, F|100/100
|switch|p2a: Mandibuzz|Mandibuzz, F|100/100
|turn|1
|
|t:|1662767662
|move|p2a: Mandibuzz|Knock Off|p1a: Amoonguss
|-damage|p1a: Amoonguss|82/100
|-damage|p2a: Mandibuzz|84/100|[from] item: Rocky Helmet|[of] p1a: Amoonguss
|-enditem|p1a: Amoonguss|Rocky Helmet|[from] move: Knock Off|[of] p2a: Mandibuzz
|move|p1a: Amoonguss|Sludge Bomb|p2a: Mandibuzz
|-damage|p2a: Mandibuzz|60/100
|-status|p2a: Mandibuzz|psn
|
|-damage|p2a: Mandibuzz|48/100 psn|[from] psn
|upkeep
|turn|2
|
|t:|1662767672
|switch|p1a: Conkeldurr|Conkeldurr, M|100/100
|move|p2a: Mandibuzz|Roost|p2a: Mandibuzz
|-heal|p2a: Mandibuzz|98/100 psn
|-singleturn|p2a: Mandibuzz|move: Roost
|
|-damage|p2a: Mandibuzz|86/100 psn|[from] psn
|-status|p1a: Conkeldurr|brn|[from] item: Flame Orb
|upkeep
|turn|3
|
|t:|1662767681
|switch|p2a: Hippowdon|Hippowdon, F|100/100
|-weather|Sandstorm|[from] ability: Sand Stream|[of] p2a: Hippowdon
|move|p1a: Conkeldurr|Facade|p2a: Hippowdon
|-damage|p2a: Hippowdon|53/100
|
|-weather|Sandstorm|[upkeep]
|-damage|p1a: Conkeldurr|95/100 brn|[from] Sandstorm
|-heal|p2a: Hippowdon|59/100|[from] item: Leftovers
|-damage|p1a: Conkeldurr|89/100 brn|[from] brn
|upkeep
|turn|4
|
|t:|1662767694
|move|p1a: Conkeldurr|Facade|p2a: Hippowdon
|-damage|p2a: Hippowdon|17/100
|move|p2a: Hippowdon|Earthquake|p1a: Conkeldurr
|-damage|p1a: Conkeldurr|51/100 brn
|
|-weather|Sandstorm|[upkeep]
|-damage|p1a: Conkeldurr|45/100 brn|[from] Sandstorm
|-heal|p2a: Hippowdon|23/100|[from] item: Leftovers
|-damage|p1a: Conkeldurr|39/100 brn|[from] brn
|upkeep
|turn|5
|
|t:|1662767714
|move|p1a: Conkeldurr|Drain Punch|p2a: Hippowdon
|-damage|p2a: Hippowdon|0 fnt
|-heal|p1a: Conkeldurr|53/100 brn|[from] drain|[of] p2a: Hippowdon
|faint|p2a: Hippowdon
|
|-weather|Sandstorm|[upkeep]
|-damage|p1a: Conkeldurr|47/100 brn|[from] Sandstorm
|-damage|p1a: Conkeldurr|41/100 brn|[from] brn
|upkeep
|
|t:|1662767722
|switch|p2a: Primarina|Primarina, F|100/100
|turn|6
|
|t:|1662767728
|switch|p1a: Chansey|Chansey, F|100/100
|move|p2a: Primarina|Psychic|p1a: Chansey
|-damage|p1a: Chansey|90/100
|
|-weather|Sandstorm|[upkeep]
|-damage|p2a: Primarina|94/100|[from] Sandstorm
|-damage|p1a: Chansey|84/100|[from] Sandstorm
|-heal|p2a: Primarina|100/100|[from] item: Leftovers
|upkeep
|turn|7
|
|t:|1662767738
|switch|p2a: Chansey|Chansey, F|100/100
|move|p1a: Chansey|Teleport|p1a: Chansey
|
|t:|1662767742
|switch|p1a: Conkeldurr|Conkeldurr, M|41/100 brn|[from]move: Teleport
|
|-weather|none
|-damage|p1a: Conkeldurr|35/100 brn|[from] brn
|upkeep
|turn|8
|
|t:|1662767748
|switch|p2a: Primarina|Primarina, F|100/100
|move|p1a: Conkeldurr|Drain Punch|p2a: Primarina
|-resisted|p2a: Primarina
|-damage|p2a: Primarina|58/100
|-heal|p1a: Conkeldurr|57/100 brn|[from] drain|[of] p2a: Primarina
|
|-heal|p2a: Primarina|65/100|[from] item: Leftovers
|-damage|p1a: Conkeldurr|51/100 brn|[from] brn
|upkeep
|turn|9
|
|t:|1662767774
|switch|p1a: Chansey|Chansey, F|84/100
|move|p2a: Primarina|Draining Kiss|p1a: Chansey
|-damage|p1a: Chansey|75/100
|-heal|p2a: Primarina|77/100|[from] drain|[of] p1a: Chansey
|
|-heal|p2a: Primarina|83/100|[from] item: Leftovers
|upkeep
|turn|10
|
|t:|1662767782
|move|p2a: Primarina|Calm Mind|p2a: Primarina
|-boost|p2a: Primarina|spa|1
|-boost|p2a: Primarina|spd|1
|move|p1a: Chansey|Seismic Toss|p2a: Primarina
|-damage|p2a: Primarina|56/100
|
|-heal|p2a: Primarina|62/100|[from] item: Leftovers
|upkeep
|turn|11
|inactive|Shades438 has 120 seconds left.
|
|t:|1662767810
|move|p2a: Primarina|Draining Kiss|p1a: Chansey
|-damage|p1a: Chansey|63/100
|-heal|p2a: Primarina|80/100|[from] drain|[of] p1a: Chansey
|move|p1a: Chansey|Seismic Toss|p2a: Primarina
|-damage|p2a: Primarina|52/100
|
|-heal|p2a: Primarina|58/100|[from] item: Leftovers
|upkeep
|turn|12
|inactive|Shades438 has 120 seconds left.
|
|t:|1662767817
|move|p2a: Primarina|Draining Kiss|p1a: Chansey
|-damage|p1a: Chansey|50/100
|-heal|p2a: Primarina|77/100|[from] drain|[of] p1a: Chansey
|move|p1a: Chansey|Thunder Wave|p2a: Primarina
|-status|p2a: Primarina|par
|
|-heal|p2a: Primarina|83/100 par|[from] item: Leftovers
|upkeep
|turn|13
|
|t:|1662767825
|move|p1a: Chansey|Soft-Boiled|p1a: Chansey
|-heal|p1a: Chansey|99/100
|move|p2a: Primarina|Calm Mind|p2a: Primarina
|-boost|p2a: Primarina|spa|1
|-boost|p2a: Primarina|spd|1
|
|-heal|p2a: Primarina|89/100 par|[from] item: Leftovers
|upkeep
|turn|14
|
|t:|1662767833
|move|p1a: Chansey|Seismic Toss|p2a: Primarina
|-damage|p2a: Primarina|61/100 par
|move|p2a: Primarina|Draining Kiss|p1a: Chansey
|-damage|p1a: Chansey|82/100
|-heal|p2a: Primarina|88/100 par|[from] drain|[of] p1a: Chansey
|
|-heal|p2a: Primarina|94/100 par|[from] item: Leftovers
|upkeep
|turn|15
|
|t:|1662767843
|move|p2a: Primarina|Calm Mind|p2a: Primarina
|-boost|p2a: Primarina|spa|1
|-boost|p2a: Primarina|spd|1
|move|p1a: Chansey|Teleport|p1a: Chansey
|
|t:|1662767845
|switch|p1a: Conkeldurr|Conkeldurr, M|51/100 brn|[from]move: Teleport
|
|-heal|p2a: Primarina|100/100 par|[from] item: Leftovers
|-damage|p1a: Conkeldurr|45/100 brn|[from] brn
|upkeep
|turn|16
|
|t:|1662767852
|move|p1a: Conkeldurr|Facade|p2a: Primarina
|-damage|p2a: Primarina|0 fnt
|faint|p2a: Primarina
|
|-damage|p1a: Conkeldurr|39/100 brn|[from] brn
|upkeep
|-message|jayeffun forfeited.
|
|win|Shades438
|raw|Shades438's rating: 1442 &rarr; <strong>1460</strong><br />(+18 for winning)
|raw|jayeffun's rating: 1401 &rarr; <strong>1383</strong><br />(-18 for losing)
|l|☆jayeffun
