|j|☆Sneakyplanner
|j|☆gusbus
|t:|1665857274
|gametype|singles
|player|p1|Sneakyplanner|rocketgruntf|1502
|player|p2|gusbus|101|1523
|teamsize|p1|6
|teamsize|p2|6
|gen|8
|tier|[Gen 8] UU
|rated|
|rule|Sleep Clause Mod: Limit one foe put to sleep
|rule|Species Clause: Limit one of each Pokémon
|rule|OHKO Clause: OHKO moves are banned
|rule|Evasion Items Clause: Evasion items are banned
|rule|Evasion Moves Clause: Evasion moves are banned
|rule|Endless Battle Clause: Forcing endless battles is banned
|rule|HP Percentage Mod: HP is shown in percentages
|rule|Dynamax Clause: You cannot dynamax
|clearpoke
|poke|p1|Jirachi|
|poke|p1|Amoonguss, M|
|poke|p1|Lycanroc-Dusk, M|
|poke|p1|Mandibuzz, F|
|poke|p1|Salamence, M|
|poke|p1|Swampert, F|
|poke|p2|Crobat, M|
|poke|p2|Hippowdon, F|
|poke|p2|Primarina, M|
|poke|p2|Salamence, F|
|poke|p2|Scizor, F|
|poke|p2|Nihilego|
|teampreview
|j| Deadrise
|
|t:|1665857300
|start
|switch|p1a: Deluge|Swampert, F|100/100
|switch|p2a: Primarina|Primarina, M|100/100
|turn|1
|
|t:|1665857327
|move|p2a: Primarina|Psychic|p1a: Deluge
|-damage|p1a: Deluge|57/100
|move|p1a: Deluge|Stealth Rock|p2a: Primarina
|-sidestart|p2: gusbus|move: Stealth Rock
|
|-heal|p1a: Deluge|64/100|[from] item: Leftovers
|upkeep
|turn|2
|
|t:|1665857334
|switch|p2a: Crobat|Crobat, M|100/100
|switch|p1a: Jirachi|Jirachi|100/100
|
|upkeep
|turn|3
|
|t:|1665857343
|switch|p2a: Hippowdon|Hippowdon, F|100/100
|-damage|p2a: Hippowdon|94/100|[from] Stealth Rock
|-weather|Sandstorm|[from] ability: Sand Stream|[of] p2a: Hippowdon
|move|p1a: Jirachi|Iron Head|p2a: Hippowdon
|-crit|p2a: Hippowdon
|-damage|p2a: Hippowdon|56/100
|
|-weather|Sandstorm|[upkeep]
|-heal|p2a: Hippowdon|62/100|[from] item: Leftovers
|upkeep
|turn|4
|
|t:|1665857371
|move|p1a: Jirachi|Iron Head|p2a: Hippowdon
|-damage|p2a: Hippowdon|35/100
|cant|p2a: Hippowdon|flinch
|
|-weather|Sandstorm|[upkeep]
|-heal|p2a: Hippowdon|41/100|[from] item: Leftovers
|upkeep
|turn|5
|
|t:|1665857378
|move|p1a: Jirachi|Iron Head|p2a: Hippowdon
|-damage|p2a: Hippowdon|16/100
|move|p2a: Hippowdon|Slack Off|p2a: Hippowdon
|-heal|p2a: Hippowdon|66/100
|
|-weather|Sandstorm|[upkeep]
|-heal|p2a: Hippowdon|72/100|[from] item: Leftovers
|upkeep
|turn|6
|
|t:|1665857392
|switch|p1a: Breloomish|Amoonguss, M|100/100
|move|p2a: Hippowdon|Stealth Rock|p1a: Breloomish
|-sidestart|p1: Sneakyplanner|move: Stealth Rock
|
|-weather|Sandstorm|[upkeep]
|-damage|p1a: Breloomish|94/100|[from] Sandstorm
|-heal|p2a: Hippowdon|79/100|[from] item: Leftovers
|upkeep
|turn|7
|
|t:|1665857400
|switch|p2a: Salamence|Salamence, F|100/100
|-ability|p2a: Salamence|Intimidate|boost
|-unboost|p1a: Breloomish|atk|1
|move|p1a: Breloomish|Spore|p2a: Salamence
|-status|p2a: Salamence|slp|[from] move: Spore
|
|-weather|none
|upkeep
|turn|8
|
|t:|1665857410
|switch|p2a: Scizor|Scizor, F|100/100
|switch|p1a: Sunset|Lycanroc-Dusk, M|100/100
|-damage|p1a: Sunset|88/100|[from] Stealth Rock
|
|upkeep
|turn|9
|
|t:|1665857417
|switch|p1a: Breloomish|Amoonguss, M|100/100
|-damage|p1a: Breloomish|88/100|[from] Stealth Rock
|move|p2a: Scizor|Knock Off|p1a: Breloomish
|-damage|p1a: Breloomish|65/100
|-damage|p2a: Scizor|84/100|[from] item: Rocky Helmet|[of] p1a: Breloomish
|-enditem|p1a: Breloomish|Rocky Helmet|[from] move: Knock Off|[of] p2a: Scizor
|
|upkeep
|turn|10
|
|t:|1665857425
|move|p2a: Scizor|U-turn|p1a: Breloomish
|-damage|p1a: Breloomish|40/100
|
|t:|1665857430
|switch|p2a: Crobat|Crobat, M|100/100|[from]move: U-turn
|move|p1a: Breloomish|Foul Play|p2a: Crobat
|-damage|p2a: Crobat|72/100
|
|upkeep
|turn|11
|
|t:|1665857437
|switch|p1a: Jirachi|Jirachi|100/100
|-damage|p1a: Jirachi|94/100|[from] Stealth Rock
|move|p2a: Crobat|U-turn|p1a: Jirachi
|-damage|p1a: Jirachi|76/100
|
|t:|1665857443
|switch|p2a: Scizor|Scizor, F|84/100|[from]move: U-turn
|
|upkeep
|turn|12
|
|t:|1665857478
|switch|p2a: Salamence|Salamence, F|100/100 slp
|-ability|p2a: Salamence|Intimidate|boost
|-unboost|p1a: Jirachi|atk|1
|move|p1a: Jirachi|U-turn|p2a: Salamence
|-resisted|p2a: Salamence
|-damage|p2a: Salamence|95/100 slp
|
|t:|1665857485
|switch|p1a: Sunset|Lycanroc-Dusk, M|88/100|[from]move: U-turn
|-damage|p1a: Sunset|76/100|[from] Stealth Rock
|
|upkeep
|turn|13
|
|t:|1665857497
|switch|p2a: Scizor|Scizor, F|84/100
|move|p1a: Sunset|Close Combat|p2a: Scizor
|-damage|p2a: Scizor|22/100
|-unboost|p1a: Sunset|def|1
|-unboost|p1a: Sunset|spd|1
|-damage|p1a: Sunset|66/100|[from] item: Life Orb
|
|upkeep
|turn|14
|
|t:|1665857505
|move|p1a: Sunset|Accelerock|p2a: Scizor
|-damage|p2a: Scizor|0 fnt
|faint|p2a: Scizor
|-damage|p1a: Sunset|56/100|[from] item: Life Orb
|
|upkeep
|
|t:|1665857523
|switch|p2a: Hippowdon|Hippowdon, F|79/100
|-damage|p2a: Hippowdon|72/100|[from] Stealth Rock
|-weather|Sandstorm|[from] ability: Sand Stream|[of] p2a: Hippowdon
|turn|15
|
|t:|1665857531
|switch|p1a: Buzby|Mandibuzz, F|100/100
|move|p2a: Hippowdon|Earthquake|p1a: Buzby
|-immune|p1a: Buzby
|
|-weather|Sandstorm|[upkeep]
|-heal|p2a: Hippowdon|79/100|[from] item: Leftovers
|upkeep
|turn|16
|
|t:|1665857540
|move|p1a: Buzby|U-turn|p2a: Hippowdon
|-damage|p2a: Hippowdon|71/100
|
|t:|1665857543
|switch|p1a: Breloomish|Amoonguss, M|73/100|[from]move: U-turn
|-damage|p1a: Breloomish|60/100|[from] Stealth Rock
|move|p2a: Hippowdon|Toxic|p1a: Breloomish
|-immune|p1a: Breloomish
|
|-weather|Sandstorm|[upkeep]
|-damage|p1a: Breloomish|54/100|[from] Sandstorm
|-heal|p2a: Hippowdon|77/100|[from] item: Leftovers
|upkeep
|turn|17
|
|t:|1665857552
|switch|p2a: Nihilego|Nihilego|100/100
|-damage|p2a: Nihilego|88/100|[from] Stealth Rock
|move|p1a: Breloomish|Giga Drain|p2a: Nihilego
|-damage|p2a: Nihilego|78/100
|-heal|p1a: Breloomish|59/100|[from] drain|[of] p2a: Nihilego
|
|-weather|Sandstorm|[upkeep]
|-damage|p1a: Breloomish|53/100|[from] Sandstorm
|upkeep
|turn|18
|
|t:|1665857564
|switch|p1a: Jirachi|Jirachi|76/100
|-damage|p1a: Jirachi|70/100|[from] Stealth Rock
|move|p2a: Nihilego|Thunderbolt|p1a: Jirachi
|-damage|p1a: Jirachi|39/100
|
|-weather|Sandstorm|[upkeep]
|upkeep
|turn|19
|
|t:|1665857574
|switch|p2a: Salamence|Salamence, F|95/100 slp
|-ability|p2a: Salamence|Intimidate|boost
|-unboost|p1a: Jirachi|atk|1
|move|p1a: Jirachi|Iron Head|p2a: Salamence
|-damage|p2a: Salamence|75/100 slp
|
|-weather|none
|upkeep
|turn|20
|
|t:|1665857586
|switch|p1a: Buzby|Mandibuzz, F|100/100
|switch|p2a: Crobat|Crobat, M|72/100
|
|upkeep
|turn|21
|
|t:|1665857594
|move|p2a: Crobat|U-turn|p1a: Buzby
|-damage|p1a: Buzby|86/100
|
|t:|1665857597
|switch|p2a: Hippowdon|Hippowdon, F|77/100|[from]move: U-turn
|-damage|p2a: Hippowdon|71/100|[from] Stealth Rock
|-weather|Sandstorm|[from] ability: Sand Stream|[of] p2a: Hippowdon
|move|p1a: Buzby|Defog|p2a: Hippowdon
|-unboost|p2a: Hippowdon|evasion|1
|-sideend|p2: gusbus|Stealth Rock|[from] move: Defog|[of] p1a: Buzby
|-sideend|p1: Sneakyplanner|Stealth Rock|[from] move: Defog|[of] p1a: Buzby
|
|-weather|Sandstorm|[upkeep]
|-heal|p2a: Hippowdon|77/100|[from] item: Leftovers
|upkeep
|turn|22
|
|t:|1665857608
|move|p1a: Buzby|U-turn|p2a: Hippowdon
|-damage|p2a: Hippowdon|68/100
|
|t:|1665857611
|switch|p1a: Breloomish|Amoonguss, M|86/100|[from]move: U-turn
|move|p2a: Hippowdon|Stealth Rock|p1a: Breloomish
|-sidestart|p1: Sneakyplanner|move: Stealth Rock
|
|-weather|Sandstorm|[upkeep]
|-damage|p1a: Breloomish|80/100|[from] Sandstorm
|-heal|p2a: Hippowdon|75/100|[from] item: Leftovers
|upkeep
|turn|23
|
|t:|1665857624
|switch|p2a: Crobat|Crobat, M|72/100
|switch|p1a: Deluge|Swampert, F|64/100
|-damage|p1a: Deluge|57/100|[from] Stealth Rock
|
|-weather|Sandstorm|[upkeep]
|-damage|p2a: Crobat|66/100|[from] Sandstorm
|-heal|p1a: Deluge|64/100|[from] item: Leftovers
|upkeep
|turn|24
|
|t:|1665857638
|move|p2a: Crobat|Taunt|p1a: Deluge
|-start|p1a: Deluge|move: Taunt
|move|p1a: Deluge|Flip Turn|p2a: Crobat
|-damage|p2a: Crobat|38/100
|
|t:|1665857646
|switch|p1a: Abdul|Salamence, M|100/100|[from]move: Flip Turn
|-ability|p1a: Abdul|Intimidate|boost
|-unboost|p2a: Crobat|atk|1
|
|-weather|Sandstorm|[upkeep]
|-damage|p2a: Crobat|32/100|[from] Sandstorm
|-damage|p1a: Abdul|94/100|[from] Sandstorm
|upkeep
|turn|25
|
|t:|1665857653
|move|p2a: Crobat|U-turn|p1a: Abdul
|-resisted|p1a: Abdul
|-damage|p1a: Abdul|88/100
|
|t:|1665857656
|switch|p2a: Hippowdon|Hippowdon, F|75/100|[from]move: U-turn
|move|p1a: Abdul|Hurricane|p2a: Hippowdon|[miss]
|-miss|p1a: Abdul|p2a: Hippowdon
|
|-weather|none
|-heal|p2a: Hippowdon|81/100|[from] item: Leftovers
|upkeep
|turn|26
|
|t:|1665857663
|move|p1a: Abdul|Hurricane|p2a: Hippowdon
|-damage|p2a: Hippowdon|44/100
|-start|p2a: Hippowdon|confusion
|-activate|p2a: Hippowdon|confusion
|move|p2a: Hippowdon|Toxic|p1a: Abdul
|-status|p1a: Abdul|tox
|
|-heal|p2a: Hippowdon|50/100|[from] item: Leftovers
|-damage|p1a: Abdul|81/100 tox|[from] psn
|upkeep
|turn|27
|
|t:|1665857672
|move|p1a: Abdul|Draco Meteor|p2a: Hippowdon|[miss]
|-miss|p1a: Abdul|p2a: Hippowdon
|-end|p2a: Hippowdon|confusion
|move|p2a: Hippowdon|Slack Off|p2a: Hippowdon
|-heal|p2a: Hippowdon|99/100
|
|-heal|p2a: Hippowdon|100/100|[from] item: Leftovers
|-damage|p1a: Abdul|69/100 tox|[from] psn
|upkeep
|turn|28
|
|t:|1665857683
|switch|p1a: Breloomish|Amoonguss, M|100/100
|-damage|p1a: Breloomish|88/100|[from] Stealth Rock
|move|p2a: Hippowdon|Earthquake|p1a: Breloomish
|-damage|p1a: Breloomish|59/100
|
|upkeep
|turn|29
|
|t:|1665857690
|switch|p2a: Crobat|Crobat, M|32/100
|move|p1a: Breloomish|Foul Play|p2a: Crobat
|-damage|p2a: Crobat|2/100
|
|upkeep
|turn|30
|
|t:|1665857697
|move|p2a: Crobat|Roost|p2a: Crobat
|-heal|p2a: Crobat|52/100
|-singleturn|p2a: Crobat|move: Roost
|move|p1a: Breloomish|Foul Play|p2a: Crobat
|-damage|p2a: Crobat|24/100
|
|upkeep
|turn|31
|
|t:|1665857711
|switch|p1a: Deluge|Swampert, F|64/100
|-damage|p1a: Deluge|57/100|[from] Stealth Rock
|move|p2a: Crobat|Roost|p2a: Crobat
|-heal|p2a: Crobat|74/100
|-singleturn|p2a: Crobat|move: Roost
|
|-heal|p1a: Deluge|64/100|[from] item: Leftovers
|upkeep
|turn|32
|
|t:|1665857721
|move|p2a: Crobat|Taunt|p1a: Deluge
|-start|p1a: Deluge|move: Taunt
|cant|p1a: Deluge|move: Taunt|Stealth Rock
|
|-heal|p1a: Deluge|70/100|[from] item: Leftovers
|upkeep
|turn|33
|
|t:|1665857726
|move|p2a: Crobat|U-turn|p1a: Deluge
|-damage|p1a: Deluge|58/100
|
|t:|1665857730
|switch|p2a: Primarina|Primarina, M|100/100|[from]move: U-turn
|move|p1a: Deluge|Flip Turn|p2a: Primarina
|-resisted|p2a: Primarina
|-damage|p2a: Primarina|84/100
|inactive|Battle timer is ON: inactive players will automatically lose when time's up. (requested by gusbus)
|
|t:|1665857774
|switch|p1a: Jirachi|Jirachi|39/100|[from]move: Flip Turn
|-damage|p1a: Jirachi|33/100|[from] Stealth Rock
|
|upkeep
|turn|34
|
|t:|1665857780
|switch|p2a: Salamence|Salamence, F|75/100 slp
|-ability|p2a: Salamence|Intimidate|boost
|-unboost|p1a: Jirachi|atk|1
|move|p1a: Jirachi|Iron Head|p2a: Salamence
|-damage|p2a: Salamence|56/100 slp
|
|upkeep
|turn|35
|
|t:|1665857786
|switch|p2a: Hippowdon|Hippowdon, F|100/100
|-weather|Sandstorm|[from] ability: Sand Stream|[of] p2a: Hippowdon
|move|p1a: Jirachi|Iron Head|p2a: Hippowdon
|-damage|p2a: Hippowdon|83/100
|
|-weather|Sandstorm|[upkeep]
|-heal|p2a: Hippowdon|90/100|[from] item: Leftovers
|upkeep
|turn|36
|
|t:|1665857794
|switch|p1a: Deluge|Swampert, F|58/100
|-damage|p1a: Deluge|52/100|[from] Stealth Rock
|move|p2a: Hippowdon|Earthquake|p1a: Deluge
|-damage|p1a: Deluge|28/100
|
|-weather|Sandstorm|[upkeep]
|-heal|p1a: Deluge|35/100|[from] item: Leftovers
|-heal|p2a: Hippowdon|96/100|[from] item: Leftovers
|upkeep
|turn|37
|
|t:|1665857803
|move|p1a: Deluge|Toxic|p2a: Hippowdon
|-status|p2a: Hippowdon|tox
|move|p2a: Hippowdon|Toxic|p1a: Deluge
|-status|p1a: Deluge|tox
|
|-weather|Sandstorm|[upkeep]
|-heal|p1a: Deluge|41/100 tox|[from] item: Leftovers
|-heal|p2a: Hippowdon|100/100 tox|[from] item: Leftovers
|-damage|p1a: Deluge|35/100 tox|[from] psn
|-damage|p2a: Hippowdon|94/100 tox|[from] psn
|upkeep
|turn|38
|
|t:|1665857813
|move|p1a: Deluge|Stealth Rock|p2a: Hippowdon
|-sidestart|p2: gusbus|move: Stealth Rock
|move|p2a: Hippowdon|Earthquake|p1a: Deluge
|-damage|p1a: Deluge|8/100 tox
|
|-weather|Sandstorm|[upkeep]
|-heal|p1a: Deluge|14/100 tox|[from] item: Leftovers
|-heal|p2a: Hippowdon|100/100 tox|[from] item: Leftovers
|-damage|p1a: Deluge|1/100 tox|[from] psn
|-damage|p2a: Hippowdon|88/100 tox|[from] psn
|upkeep
|turn|39
|
|t:|1665857824
|switch|p2a: Salamence|Salamence, F|56/100 slp
|-ability|p2a: Salamence|Intimidate|boost
|-unboost|p1a: Deluge|atk|1
|move|p1a: Deluge|Flip Turn|p2a: Salamence
|-resisted|p2a: Salamence
|-damage|p2a: Salamence|46/100 slp
|
|t:|1665857837
|switch|p1a: Sunset|Lycanroc-Dusk, M|56/100|[from]move: Flip Turn
|-damage|p1a: Sunset|43/100|[from] Stealth Rock
|
|-weather|none
|upkeep
|turn|40
|
|t:|1665857844
|move|p1a: Sunset|Close Combat|p2a: Salamence
|-resisted|p2a: Salamence
|-damage|p2a: Salamence|22/100 slp
|-unboost|p1a: Sunset|def|1
|-unboost|p1a: Sunset|spd|1
|-damage|p1a: Sunset|33/100|[from] item: Life Orb
|cant|p2a: Salamence|slp
|
|upkeep
|turn|41
|
|t:|1665857852
|switch|p2a: Hippowdon|Hippowdon, F|88/100 tox
|-damage|p2a: Hippowdon|82/100 tox|[from] Stealth Rock
|-weather|Sandstorm|[from] ability: Sand Stream|[of] p2a: Hippowdon
|move|p1a: Sunset|Close Combat|p2a: Hippowdon
|-crit|p2a: Hippowdon
|-damage|p2a: Hippowdon|18/100 tox
|-unboost|p1a: Sunset|def|1
|-unboost|p1a: Sunset|spd|1
|-damage|p1a: Sunset|24/100|[from] item: Life Orb
|
|-weather|Sandstorm|[upkeep]
|-heal|p2a: Hippowdon|24/100 tox|[from] item: Leftovers
|-damage|p2a: Hippowdon|18/100 tox|[from] psn
|upkeep
|turn|42
|
|t:|1665857868
|move|p1a: Sunset|Psychic Fangs|p2a: Hippowdon
|-crit|p2a: Hippowdon
|-damage|p2a: Hippowdon|0 fnt
|faint|p2a: Hippowdon
|-damage|p1a: Sunset|14/100|[from] item: Life Orb
|
|-weather|Sandstorm|[upkeep]
|upkeep
|
|t:|1665857872
|switch|p2a: Primarina|Primarina, M|84/100
|-damage|p2a: Primarina|72/100|[from] Stealth Rock
|turn|43
|
|t:|1665857879
|switch|p1a: Breloomish|Amoonguss, M|93/100
|-damage|p1a: Breloomish|80/100|[from] Stealth Rock
|move|p2a: Primarina|Moonblast|p1a: Breloomish
|-resisted|p1a: Breloomish
|-damage|p1a: Breloomish|44/100
|
|-weather|Sandstorm|[upkeep]
|-damage|p2a: Primarina|66/100|[from] Sandstorm
|-damage|p1a: Breloomish|38/100|[from] Sandstorm
|upkeep
|turn|44
|
|t:|1665857889
|switch|p1a: Deluge|Swampert, F|1/100 tox
|-damage|p1a: Deluge|0 fnt|[from] Stealth Rock
|faint|p1a: Deluge
|move|p2a: Primarina|Moonblast|p1: Deluge|[notarget]
|-fail|p2a: Primarina
|
|-weather|Sandstorm|[upkeep]
|-damage|p2a: Primarina|60/100|[from] Sandstorm
|upkeep
|
|t:|1665857898
|switch|p1a: Jirachi|Jirachi|33/100
|-damage|p1a: Jirachi|27/100|[from] Stealth Rock
|turn|45
|
|t:|1665857903
|move|p1a: Jirachi|Healing Wish|p1a: Jirachi
|faint|p1a: Jirachi
|move|p2a: Primarina|Moonblast|p1: Jirachi|[notarget]
|-fail|p2a: Primarina
|
|-weather|none
|upkeep
|
|t:|1665857909
|switch|p1a: Sunset|Lycanroc-Dusk, M|14/100
|-heal|p1a: Sunset|100/100|[from] move: Healing Wish
|-damage|p1a: Sunset|88/100|[from] Stealth Rock
|turn|46
|
|t:|1665857918
|move|p1a: Sunset|Psychic Fangs|p2a: Primarina
|-damage|p2a: Primarina|0 fnt
|faint|p2a: Primarina
|-damage|p1a: Sunset|78/100|[from] item: Life Orb
|
|upkeep
|-message|gusbus forfeited.
|
|win|Sneakyplanner
|raw|Sneakyplanner's rating: 1502 &rarr; <strong>1523</strong><br />(+21 for winning)
|raw|gusbus's rating: 1523 &rarr; <strong>1502</strong><br />(-21 for losing)
|l|☆gusbus
||Ladder isn't responding, score probably updated but might not have (Request timeout).
