|raw|<div class="broadcast-blue"><strong>This battle is required to be public due to a player having a name starting with 'uult93j'.</div>
|j|☆UULT93J Glomerule
|j|☆pinkdragontamer
|t:|1653282422
|gametype|singles
|player|p1|UULT93J Glomerule|scientist-gen4dp|1679
|player|p2|pinkdragontamer|#scl1islanders|1621
|teamsize|p1|6
|teamsize|p2|6
|gen|8
|tier|[Gen 8] UU
|rated|
|rule|Sleep Clause Mod: Limit one foe put to sleep
|rule|Species Clause: Limit one of each Pokémon
|rule|OHKO Clause: OHKO moves are banned
|rule|Evasion Moves Clause: Evasion moves are banned
|rule|Endless Battle Clause: Forcing endless battles is banned
|rule|HP Percentage Mod: HP is shown in percentages
|rule|Dynamax Clause: You cannot dynamax
|clearpoke
|poke|p1|Hippowdon, F|
|poke|p1|Scizor, F|
|poke|p1|Hydreigon, M|
|poke|p1|Skarmory, M|
|poke|p1|Primarina, M|
|poke|p1|Raikou|
|poke|p2|Aegislash, F|
|poke|p2|Cobalion|
|poke|p2|Salazzle, F|
|poke|p2|Tapu Bulu|
|poke|p2|Swampert, F|
|poke|p2|Reuniclus, M|
|teampreview
|c|☆UULT93J Glomerule|oh boy
|c|☆UULT93J Glomerule|why
|c|☆pinkdragontamer|hf
|
|t:|1653282453
|start
|switch|p1a: Primarina|Primarina, M|100/100
|switch|p2a: Tapu Bulu|Tapu Bulu|100/100
|-fieldstart|move: Grassy Terrain|[from] ability: Grassy Surge|[of] p2a: Tapu Bulu
|turn|1
|
|t:|1653282464
|switch|p1a: Skarmory|Skarmory, M|100/100
|move|p2a: Tapu Bulu|Nature's Madness|p1a: Skarmory|[miss]
|-miss|p2a: Tapu Bulu|p1a: Skarmory
|
|upkeep
|turn|2
|
|t:|1653282474
|move|p2a: Tapu Bulu|Nature's Madness|p1a: Skarmory
|-damage|p1a: Skarmory|50/100
|move|p1a: Skarmory|Spikes|p2a: Tapu Bulu
|-sidestart|p2: pinkdragontamer|Spikes
|
|upkeep
|turn|3
|
|t:|1653282479
|switch|p1a: Scizor|Scizor, F|100/100
|move|p2a: Tapu Bulu|Taunt|p1a: Scizor
|-start|p1a: Scizor|move: Taunt
|
|upkeep
|turn|4
|
|t:|1653282486
|move|p1a: Scizor|Bullet Punch|p2a: Tapu Bulu
|-supereffective|p2a: Tapu Bulu
|-damage|p2a: Tapu Bulu|53/100
|-damage|p1a: Scizor|84/100|[from] item: Rocky Helmet|[of] p2a: Tapu Bulu
|move|p2a: Tapu Bulu|Nature's Madness|p1a: Scizor
|-damage|p1a: Scizor|42/100
|
|-heal|p2a: Tapu Bulu|59/100|[from] Grassy Terrain
|-heal|p1a: Scizor|48/100|[from] Grassy Terrain
|upkeep
|turn|5
|
|t:|1653282495
|switch|p2a: Cobalion|Cobalion|100/100
|-damage|p2a: Cobalion|88/100|[from] Spikes
|move|p1a: Scizor|Knock Off|p2a: Cobalion
|-resisted|p2a: Cobalion
|-damage|p2a: Cobalion|73/100
|-damage|p1a: Scizor|32/100|[from] item: Rocky Helmet|[of] p2a: Cobalion
|-ability|p2a: Cobalion|Justified|boost
|-boost|p2a: Cobalion|atk|1
|-enditem|p2a: Cobalion|Rocky Helmet|[from] move: Knock Off|[of] p1a: Scizor
|
|-heal|p2a: Cobalion|79/100|[from] Grassy Terrain
|-heal|p1a: Scizor|38/100|[from] Grassy Terrain
|-end|p1a: Scizor|move: Taunt
|-fieldend|move: Grassy Terrain
|upkeep
|turn|6
|j| sergent fantoche
|
|t:|1653282500
|switch|p1a: Hippowdon|Hippowdon, F|100/100
|move|p2a: Cobalion|Stealth Rock|p1a: Hippowdon
|-sidestart|p1: UULT93J Glomerule|move: Stealth Rock
|
|upkeep
|turn|7
|
|t:|1653282504
|move|p2a: Cobalion|Close Combat|p1a: Hippowdon
|-damage|p1a: Hippowdon|55/100
|-unboost|p2a: Cobalion|def|1
|-unboost|p2a: Cobalion|spd|1
|move|p1a: Hippowdon|Stealth Rock|p2a: Cobalion
|-sidestart|p2: pinkdragontamer|move: Stealth Rock
|
|-heal|p1a: Hippowdon|61/100|[from] item: Leftovers
|upkeep
|turn|8
|
|t:|1653282509
|move|p2a: Cobalion|Taunt|p1a: Hippowdon
|-start|p1a: Hippowdon|move: Taunt
|cant|p1a: Hippowdon|move: Taunt|Slack Off
|
|-heal|p1a: Hippowdon|67/100|[from] item: Leftovers
|upkeep
|turn|9
|
|t:|1653282514
|switch|p2a: Tapu Bulu|Tapu Bulu|59/100
|-damage|p2a: Tapu Bulu|46/100|[from] Spikes
|-damage|p2a: Tapu Bulu|34/100|[from] Stealth Rock
|-fieldstart|move: Grassy Terrain|[from] ability: Grassy Surge|[of] p2a: Tapu Bulu
|move|p1a: Hippowdon|Earthquake|p2a: Tapu Bulu
|-resisted|p2a: Tapu Bulu
|-damage|p2a: Tapu Bulu|27/100
|
|-heal|p2a: Tapu Bulu|33/100|[from] Grassy Terrain
|-heal|p1a: Hippowdon|73/100|[from] Grassy Terrain
|-heal|p1a: Hippowdon|80/100|[from] item: Leftovers
|upkeep
|turn|10
|
|t:|1653282522
|switch|p1a: Scizor|Scizor, F|38/100
|move|p2a: Tapu Bulu|Synthesis|p2a: Tapu Bulu
|-heal|p2a: Tapu Bulu|83/100
|
|-heal|p2a: Tapu Bulu|89/100|[from] Grassy Terrain
|-heal|p1a: Scizor|44/100|[from] Grassy Terrain
|upkeep
|turn|11
|
|t:|1653282525
|move|p2a: Tapu Bulu|Taunt|p1a: Scizor
|-start|p1a: Scizor|move: Taunt
|cant|p1a: Scizor|move: Taunt|Roost
|
|-heal|p2a: Tapu Bulu|95/100|[from] Grassy Terrain
|-heal|p1a: Scizor|50/100|[from] Grassy Terrain
|upkeep
|turn|12
|j| itsjustdrew
|
|t:|1653282534
|switch|p2a: Cobalion|Cobalion|79/100
|-damage|p2a: Cobalion|67/100|[from] Spikes
|-damage|p2a: Cobalion|64/100|[from] Stealth Rock
|switch|p1a: Hydreigon|Hydreigon, M|100/100
|-damage|p1a: Hydreigon|88/100|[from] Stealth Rock
|
|-heal|p2a: Cobalion|70/100|[from] Grassy Terrain
|upkeep
|turn|13
|
|t:|1653282542
|move|p1a: Hydreigon|U-turn|p2a: Cobalion
|-resisted|p2a: Cobalion
|-damage|p2a: Cobalion|67/100
|
|t:|1653282544
|switch|p1a: Hippowdon|Hippowdon, F|80/100|[from]move: U-turn
|-damage|p1a: Hippowdon|73/100|[from] Stealth Rock
|move|p2a: Cobalion|Close Combat|p1a: Hippowdon
|-damage|p1a: Hippowdon|42/100
|-unboost|p2a: Cobalion|def|1
|-unboost|p2a: Cobalion|spd|1
|
|-heal|p2a: Cobalion|73/100|[from] Grassy Terrain
|-heal|p1a: Hippowdon|48/100|[from] Grassy Terrain
|-heal|p1a: Hippowdon|54/100|[from] item: Leftovers
|-fieldend|move: Grassy Terrain
|upkeep
|turn|14
|j| Totem skarm
|
|t:|1653282557
|switch|p2a: Tapu Bulu|Tapu Bulu|95/100
|-damage|p2a: Tapu Bulu|83/100|[from] Spikes
|-damage|p2a: Tapu Bulu|70/100|[from] Stealth Rock
|-fieldstart|move: Grassy Terrain|[from] ability: Grassy Surge|[of] p2a: Tapu Bulu
|move|p1a: Hippowdon|Earthquake|p2a: Tapu Bulu
|-resisted|p2a: Tapu Bulu
|-damage|p2a: Tapu Bulu|63/100
|
|-heal|p2a: Tapu Bulu|69/100|[from] Grassy Terrain
|-heal|p1a: Hippowdon|60/100|[from] Grassy Terrain
|-heal|p1a: Hippowdon|66/100|[from] item: Leftovers
|upkeep
|turn|15
|
|t:|1653282568
|switch|p2a: Salazzle|Salazzle, F|100/100
|move|p1a: Hippowdon|Toxic|p2a: Salazzle|[miss]
|-miss|p1a: Hippowdon|p2a: Salazzle
|
|-heal|p1a: Hippowdon|73/100|[from] Grassy Terrain
|-heal|p1a: Hippowdon|79/100|[from] item: Leftovers
|upkeep
|turn|16
|
|t:|1653282585
|switch|p2a: Swampert|Swampert, F|100/100
|-damage|p2a: Swampert|88/100|[from] Spikes
|-damage|p2a: Swampert|82/100|[from] Stealth Rock
|move|p1a: Hippowdon|Earthquake|p2a: Swampert
|-damage|p2a: Swampert|63/100
|
|-heal|p2a: Swampert|70/100|[from] Grassy Terrain
|-heal|p2a: Swampert|76/100|[from] item: Leftovers
|-heal|p1a: Hippowdon|85/100|[from] Grassy Terrain
|-heal|p1a: Hippowdon|91/100|[from] item: Leftovers
|upkeep
|turn|17
|
|t:|1653282588
|move|p2a: Swampert|Flip Turn|p1a: Hippowdon
|-supereffective|p1a: Hippowdon
|-damage|p1a: Hippowdon|64/100
|
|t:|1653282595
|switch|p2a: Aegislash|Aegislash, F|100/100|[from]move: Flip Turn
|-damage|p2a: Aegislash|88/100|[from] Spikes
|-damage|p2a: Aegislash|82/100|[from] Stealth Rock
|move|p1a: Hippowdon|Toxic|p2a: Aegislash
|-immune|p2a: Aegislash
|
|-heal|p2a: Aegislash|88/100|[from] Grassy Terrain
|-heal|p2a: Aegislash|94/100|[from] item: Leftovers
|-heal|p1a: Hippowdon|70/100|[from] Grassy Terrain
|-heal|p1a: Hippowdon|76/100|[from] item: Leftovers
|upkeep
|turn|18
|
|t:|1653282601
|switch|p1a: Primarina|Primarina, M|100/100
|-damage|p1a: Primarina|88/100|[from] Stealth Rock
|move|p2a: Aegislash|Toxic|p1a: Primarina
|-status|p1a: Primarina|tox
|
|-heal|p2a: Aegislash|100/100|[from] Grassy Terrain
|-heal|p1a: Primarina|94/100 tox|[from] Grassy Terrain
|-heal|p1a: Primarina|99/100 tox|[from] item: Leftovers
|-damage|p1a: Primarina|94/100 tox|[from] psn
|-fieldend|move: Grassy Terrain
|upkeep
|turn|19
|
|t:|1653282608
|move|p2a: Aegislash|Substitute|p2a: Aegislash
|-start|p2a: Aegislash|Substitute
|-damage|p2a: Aegislash|76/100
|move|p1a: Primarina|Scald|p2a: Aegislash
|-activate|p2a: Aegislash|move: Substitute|[damage]
|
|-heal|p2a: Aegislash|82/100|[from] item: Leftovers
|-heal|p1a: Primarina|99/100 tox|[from] item: Leftovers
|-damage|p1a: Primarina|88/100 tox|[from] psn
|upkeep
|turn|20
|j| UULT93j Mantiss
|
|t:|1653282613
|-formechange|p2a: Aegislash|Aegislash-Blade||[from] ability: Stance Change
|move|p2a: Aegislash|Shadow Ball|p1a: Primarina
|-damage|p1a: Primarina|61/100 tox
|move|p1a: Primarina|Rest|p1a: Primarina
|-status|p1a: Primarina|slp|[from] move: Rest
|-heal|p1a: Primarina|100/100 slp|[silent]
|
|-heal|p2a: Aegislash|88/100|[from] item: Leftovers
|upkeep
|turn|21
|
|t:|1653282621
|move|p2a: Aegislash|Shadow Ball|p1a: Primarina
|-damage|p1a: Primarina|75/100 slp
|-unboost|p1a: Primarina|spd|1
|cant|p1a: Primarina|slp
|move|p1a: Primarina|Sleep Talk|p1a: Primarina
|move|p1a: Primarina|Rest||[from]move: Sleep Talk|[still]
|-fail|p1a: Primarina
|
|-heal|p2a: Aegislash|94/100|[from] item: Leftovers
|-heal|p1a: Primarina|81/100 slp|[from] item: Leftovers
|upkeep
|turn|22
|
|t:|1653282633
|switch|p1a: Hydreigon|Hydreigon, M|88/100
|-damage|p1a: Hydreigon|76/100|[from] Stealth Rock
|move|p2a: Aegislash|Shadow Ball|p1a: Hydreigon
|-resisted|p1a: Hydreigon
|-damage|p1a: Hydreigon|50/100
|-unboost|p1a: Hydreigon|spd|1
|
|-heal|p2a: Aegislash|100/100|[from] item: Leftovers
|upkeep
|turn|23
|
|t:|1653282637
|-formechange|p2a: Aegislash|Aegislash||[from] ability: Stance Change
|move|p2a: Aegislash|King's Shield|p2a: Aegislash
|-singleturn|p2a: Aegislash|Protect
|move|p1a: Hydreigon|Roost|p1a: Hydreigon
|-heal|p1a: Hydreigon|100/100
|-singleturn|p1a: Hydreigon|move: Roost
|
|upkeep
|turn|24
|
|t:|1653282642
|switch|p1a: Primarina|Primarina, M|81/100 slp
|-damage|p1a: Primarina|69/100 slp|[from] Stealth Rock
|-formechange|p2a: Aegislash|Aegislash-Blade||[from] ability: Stance Change
|move|p2a: Aegislash|Shadow Ball|p1a: Primarina
|-damage|p1a: Primarina|38/100 slp
|-unboost|p1a: Primarina|spd|1
|
|-heal|p1a: Primarina|44/100 slp|[from] item: Leftovers
|upkeep
|turn|25
|
|t:|1653282648
|switch|p1a: Hydreigon|Hydreigon, M|100/100
|-damage|p1a: Hydreigon|88/100|[from] Stealth Rock
|move|p2a: Aegislash|Shadow Ball|p1a: Hydreigon
|-resisted|p1a: Hydreigon
|-damage|p1a: Hydreigon|63/100
|
|upkeep
|turn|26
|
|t:|1653282652
|-formechange|p2a: Aegislash|Aegislash||[from] ability: Stance Change
|move|p2a: Aegislash|King's Shield|p2a: Aegislash
|-singleturn|p2a: Aegislash|Protect
|move|p1a: Hydreigon|Dark Pulse|p2a: Aegislash
|-activate|p2a: Aegislash|move: Protect
|
|upkeep
|turn|27
|
|t:|1653282658
|move|p1a: Hydreigon|Dark Pulse|p2a: Aegislash
|-supereffective|p2a: Aegislash
|-end|p2a: Aegislash|Substitute
|move|p2a: Aegislash|Toxic|p1a: Hydreigon
|-status|p1a: Hydreigon|tox
|
|-damage|p1a: Hydreigon|57/100 tox|[from] psn
|upkeep
|turn|28
|
|t:|1653282665
|move|p2a: Aegislash|King's Shield|p2a: Aegislash
|-singleturn|p2a: Aegislash|Protect
|move|p1a: Hydreigon|Dark Pulse|p2a: Aegislash
|-activate|p2a: Aegislash|move: Protect
|
|-damage|p1a: Hydreigon|45/100 tox|[from] psn
|upkeep
|turn|29
|
|t:|1653282680
|move|p1a: Hydreigon|Dark Pulse|p2a: Aegislash
|-supereffective|p2a: Aegislash
|-damage|p2a: Aegislash|44/100
|-formechange|p2a: Aegislash|Aegislash-Blade||[from] ability: Stance Change
|move|p2a: Aegislash|Shadow Ball|p1a: Hydreigon
|-resisted|p1a: Hydreigon
|-damage|p1a: Hydreigon|22/100 tox
|
|-heal|p2a: Aegislash|50/100|[from] item: Leftovers
|-damage|p1a: Hydreigon|4/100 tox|[from] psn
|upkeep
|turn|30
|
|t:|1653282689
|switch|p1a: Raikou|Raikou|100/100
|-formechange|p2a: Aegislash|Aegislash||[from] ability: Stance Change
|move|p2a: Aegislash|King's Shield||[still]
|-fail|p2a: Aegislash
|
|-heal|p2a: Aegislash|57/100|[from] item: Leftovers
|upkeep
|turn|31
|
|t:|1653282696
|switch|p2a: Swampert|Swampert, F|76/100
|-damage|p2a: Swampert|63/100|[from] Spikes
|-damage|p2a: Swampert|57/100|[from] Stealth Rock
|move|p1a: Raikou|Volt Switch|p2a: Swampert
|-immune|p2a: Swampert
|
|-heal|p2a: Swampert|63/100|[from] item: Leftovers
|upkeep
|turn|32
|j| Lancer Fr
|
|t:|1653282710
|move|p1a: Raikou|Scald|p2a: Swampert
|-damage|p2a: Swampert|47/100
|move|p2a: Swampert|Flip Turn|p1a: Raikou
|-damage|p1a: Raikou|71/100
|
|t:|1653282716
|switch|p2a: Tapu Bulu|Tapu Bulu|69/100|[from]move: Flip Turn
|-damage|p2a: Tapu Bulu|57/100|[from] Spikes
|-damage|p2a: Tapu Bulu|44/100|[from] Stealth Rock
|-fieldstart|move: Grassy Terrain|[from] ability: Grassy Surge|[of] p2a: Tapu Bulu
|
|-heal|p1a: Raikou|77/100|[from] Grassy Terrain
|-heal|p2a: Tapu Bulu|50/100|[from] Grassy Terrain
|upkeep
|turn|33
|
|t:|1653282733
|switch|p1a: Skarmory|Skarmory, M|50/100
|-damage|p1a: Skarmory|38/100|[from] Stealth Rock
|move|p2a: Tapu Bulu|Synthesis|p2a: Tapu Bulu
|-heal|p2a: Tapu Bulu|100/100
|
|upkeep
|turn|34
|
|t:|1653282740
|switch|p1a: Scizor|Scizor, F|50/100
|move|p2a: Tapu Bulu|Taunt|p1a: Scizor
|-start|p1a: Scizor|move: Taunt
|
|-heal|p1a: Scizor|56/100|[from] Grassy Terrain
|upkeep
|turn|35
|
|t:|1653282749
|switch|p2a: Cobalion|Cobalion|73/100
|-damage|p2a: Cobalion|61/100|[from] Spikes
|-damage|p2a: Cobalion|57/100|[from] Stealth Rock
|switch|p1a: Hippowdon|Hippowdon, F|76/100
|-damage|p1a: Hippowdon|70/100|[from] Stealth Rock
|
|-heal|p2a: Cobalion|64/100|[from] Grassy Terrain
|-heal|p1a: Hippowdon|76/100|[from] Grassy Terrain
|-heal|p1a: Hippowdon|82/100|[from] item: Leftovers
|upkeep
|turn|36
|
|t:|1653282767
|switch|p2a: Reuniclus|Reuniclus, M|100/100
|-enditem|p2a: Reuniclus|Grassy Seed
|-boost|p2a: Reuniclus|def|1|[from] item: Grassy Seed
|move|p1a: Hippowdon|Earthquake|p2a: Reuniclus
|-damage|p2a: Reuniclus|92/100
|
|-heal|p1a: Hippowdon|88/100|[from] Grassy Terrain
|-heal|p1a: Hippowdon|95/100|[from] item: Leftovers
|-heal|p2a: Reuniclus|98/100|[from] Grassy Terrain
|-fieldend|move: Grassy Terrain
|upkeep
|turn|37
|
|t:|1653282776
|switch|p1a: Skarmory|Skarmory, M|38/100
|-damage|p1a: Skarmory|26/100|[from] Stealth Rock
|move|p2a: Reuniclus|Calm Mind|p2a: Reuniclus
|-boost|p2a: Reuniclus|spa|1
|-boost|p2a: Reuniclus|spd|1
|
|upkeep
|turn|38
|
|t:|1653282781
|move|p1a: Skarmory|Roost|p1a: Skarmory
|-heal|p1a: Skarmory|76/100
|-singleturn|p1a: Skarmory|move: Roost
|move|p2a: Reuniclus|Stored Power|p1a: Skarmory
|-resisted|p1a: Skarmory
|-crit|p1a: Skarmory
|-damage|p1a: Skarmory|21/100
|
|upkeep
|turn|39
|
|t:|1653282784
|move|p1a: Skarmory|Roost|p1a: Skarmory
|-heal|p1a: Skarmory|71/100
|-singleturn|p1a: Skarmory|move: Roost
|move|p2a: Reuniclus|Focus Blast|p1a: Skarmory
|-supereffective|p1a: Skarmory
|-damage|p1a: Skarmory|0 fnt
|faint|p1a: Skarmory
|
|upkeep
|
|t:|1653282788
|switch|p1a: Scizor|Scizor, F|56/100
|turn|40
|
|t:|1653282796
|switch|p2a: Salazzle|Salazzle, F|100/100
|move|p1a: Scizor|Swords Dance|p1a: Scizor
|-boost|p1a: Scizor|atk|2
|
|upkeep
|turn|41
|
|t:|1653282800
|switch|p1a: Hippowdon|Hippowdon, F|95/100
|-damage|p1a: Hippowdon|88/100|[from] Stealth Rock
|move|p2a: Salazzle|Flamethrower|p1a: Hippowdon
|-damage|p1a: Hippowdon|53/100
|
|-heal|p1a: Hippowdon|60/100|[from] item: Leftovers
|upkeep
|turn|42
|
|t:|1653282807
|move|p2a: Salazzle|Toxic|p1a: Hippowdon
|-status|p1a: Hippowdon|tox
|move|p1a: Hippowdon|Earthquake|p2a: Salazzle
|-supereffective|p2a: Salazzle
|-damage|p2a: Salazzle|0 fnt
|faint|p2a: Salazzle
|
|-heal|p1a: Hippowdon|66/100 tox|[from] item: Leftovers
|-damage|p1a: Hippowdon|60/100 tox|[from] psn
|upkeep
|
|t:|1653282814
|switch|p2a: Swampert|Swampert, F|47/100
|-damage|p2a: Swampert|34/100|[from] Spikes
|-damage|p2a: Swampert|28/100|[from] Stealth Rock
|turn|43
|
|t:|1653282848
|switch|p1a: Hydreigon|Hydreigon, M|4/100 tox
|-damage|p1a: Hydreigon|0 fnt|[from] Stealth Rock
|faint|p1a: Hydreigon
|move|p2a: Swampert|Rest|p2a: Swampert
|-status|p2a: Swampert|slp|[from] move: Rest
|-heal|p2a: Swampert|100/100 slp|[silent]
|
|upkeep
|
|t:|1653282851
|switch|p1a: Scizor|Scizor, F|56/100
|turn|44
|
|t:|1653282855
|switch|p2a: Cobalion|Cobalion|64/100
|-damage|p2a: Cobalion|51/100|[from] Spikes
|-damage|p2a: Cobalion|48/100|[from] Stealth Rock
|move|p1a: Scizor|Swords Dance|p1a: Scizor
|-boost|p1a: Scizor|atk|2
|
|upkeep
|turn|45
|
|t:|1653282861
|move|p1a: Scizor|Bullet Punch|p2a: Cobalion
|-resisted|p2a: Cobalion
|-damage|p2a: Cobalion|23/100
|move|p2a: Cobalion|Close Combat|p1a: Scizor
|-damage|p1a: Scizor|5/100
|-unboost|p2a: Cobalion|def|1
|-unboost|p2a: Cobalion|spd|1
|
|upkeep
|turn|46
|
|t:|1653282874
|switch|p2a: Tapu Bulu|Tapu Bulu|100/100
|-damage|p2a: Tapu Bulu|88/100|[from] Spikes
|-damage|p2a: Tapu Bulu|75/100|[from] Stealth Rock
|-fieldstart|move: Grassy Terrain|[from] ability: Grassy Surge|[of] p2a: Tapu Bulu
|move|p1a: Scizor|Roost|p1a: Scizor
|-heal|p1a: Scizor|55/100
|-singleturn|p1a: Scizor|move: Roost
|
|-heal|p2a: Tapu Bulu|82/100|[from] Grassy Terrain
|-heal|p1a: Scizor|61/100|[from] Grassy Terrain
|upkeep
|turn|47
|c|☆UULT93J Glomerule|gg
|
|t:|1653282894
|move|p1a: Scizor|Bullet Punch|p2a: Tapu Bulu
|-supereffective|p2a: Tapu Bulu
|-damage|p2a: Tapu Bulu|0 fnt
|-damage|p1a: Scizor|45/100|[from] item: Rocky Helmet|[of] p2a: Tapu Bulu
|faint|p2a: Tapu Bulu
|
|-heal|p1a: Scizor|51/100|[from] Grassy Terrain
|upkeep
|
|t:|1653282898
|switch|p2a: Aegislash|Aegislash, F|57/100
|-damage|p2a: Aegislash|44/100|[from] Spikes
|-damage|p2a: Aegislash|38/100|[from] Stealth Rock
|turn|48
|
|t:|1653282902
|move|p2a: Aegislash|King's Shield|p2a: Aegislash
|-singleturn|p2a: Aegislash|Protect
|move|p1a: Scizor|Knock Off|p2a: Aegislash
|-activate|p2a: Aegislash|move: Protect
|-unboost|p1a: Scizor|atk|1
|
|-heal|p1a: Scizor|57/100|[from] Grassy Terrain
|-heal|p2a: Aegislash|44/100|[from] Grassy Terrain
|-heal|p2a: Aegislash|50/100|[from] item: Leftovers
|upkeep
|turn|49
|
|t:|1653282909
|switch|p2a: Swampert|Swampert, F|100/100 slp
|-damage|p2a: Swampert|88/100 slp|[from] Spikes
|-damage|p2a: Swampert|82/100 slp|[from] Stealth Rock
|move|p1a: Scizor|Knock Off|p2a: Swampert
|-damage|p2a: Swampert|39/100 slp
|-enditem|p2a: Swampert|Leftovers|[from] move: Knock Off|[of] p1a: Scizor
|
|-heal|p1a: Scizor|63/100|[from] Grassy Terrain
|-heal|p2a: Swampert|45/100 slp|[from] Grassy Terrain
|upkeep
|turn|50
|
|t:|1653282914
|move|p1a: Scizor|Swords Dance|p1a: Scizor
|-boost|p1a: Scizor|atk|2
|cant|p2a: Swampert|slp
|move|p2a: Swampert|Sleep Talk|p2a: Swampert
|move|p2a: Swampert|High Horsepower|p1a: Scizor|[from]move: Sleep Talk
|-damage|p1a: Scizor|26/100
|
|-heal|p1a: Scizor|32/100|[from] Grassy Terrain
|-heal|p2a: Swampert|51/100 slp|[from] Grassy Terrain
|-fieldend|move: Grassy Terrain
|upkeep
|turn|51
|
|t:|1653282917
|move|p1a: Scizor|Roost|p1a: Scizor
|-heal|p1a: Scizor|82/100
|-singleturn|p1a: Scizor|move: Roost
|cant|p2a: Swampert|slp
|move|p2a: Swampert|Sleep Talk|p2a: Swampert
|move|p2a: Swampert|Flip Turn|p1a: Scizor|[from]move: Sleep Talk
|-damage|p1a: Scizor|60/100
|c|☆pinkdragontamer|gg
|-message|pinkdragontamer forfeited.
|
|win|UULT93J Glomerule
|raw|UULT93J Glomerule's rating: 1679 &rarr; <strong>1696</strong><br />(+17 for winning)
|raw|pinkdragontamer's rating: 1621 &rarr; <strong>1604</strong><br />(-17 for losing)
|l| UULT93j Mantiss
|c|☆UULT93J Glomerule|only fitting you pay for drew's sins sis
|l|☆pinkdragontamer
|j|☆pinkdragontamer
|player|p2|pinkdragontamer|#scl1islanders
|l| Totem skarm
|l|☆pinkdragontamer
|player|p2|
