|j|☆big baz
|j|☆Grantdoc
|player|p1|big baz|ltsurge|1499
|player|p2|Grantdoc|ghetsis|1323
|teamsize|p1|6
|teamsize|p2|6
|gametype|singles
|gen|8
|tier|[Gen 8] UU
|rated|
|clearpoke
|poke|p1|Machamp, F|
|poke|p1|Tsareena, F|
|poke|p1|Weezing-Galar, M|
|poke|p1|Duraludon, F|
|poke|p1|Doublade, F|
|poke|p1|Umbreon, M|
|poke|p2|Diggersby, F|
|poke|p2|Polteageist|
|poke|p2|Haxorus, F|
|poke|p2|Boltund, F|
|poke|p2|Centiskorch, F|
|poke|p2|Lucario, M|
|rule|Sleep Clause Mod: Limit one foe put to sleep
|rule|Species Clause: Limit one of each Pokémon
|rule|OHKO Clause: OHKO moves are banned
|rule|Evasion Moves Clause: Evasion moves are banned
|rule|Endless Battle Clause: Forcing endless battles is banned
|rule|HP Percentage Mod: HP is shown in percentages
|rule|Dynamax Clause: You cannot dynamax
|teampreview
|
|start
|switch|p1a: Duraludon|Duraludon, F|100/100
|switch|p2a: Haxorus|Haxorus, F|100/100
|-ability|p2a: Haxorus|Mold Breaker
|turn|1
|
|switch|p2a: Centiskorch|Centiskorch, F|100/100
|move|p1a: Duraludon|Draco Meteor|p2a: Centiskorch
|-damage|p2a: Centiskorch|30/100
|-unboost|p1a: Duraludon|spa|2
|
|upkeep
|turn|2
|
|move|p2a: Centiskorch|Fire Lash|p1a: Duraludon
|-damage|p1a: Duraludon|62/100
|-unboost|p1a: Duraludon|def|1
|move|p1a: Duraludon|Draco Meteor|p2a: Centiskorch
|-damage|p2a: Centiskorch|0 fnt
|-unboost|p1a: Duraludon|spa|2
|faint|p2a: Centiskorch
|
|-heal|p1a: Duraludon|68/100|[from] item: Leftovers
|upkeep
|
|switch|p2a: Haxorus|Haxorus, F|100/100
|-ability|p2a: Haxorus|Mold Breaker
|turn|3
|
|move|p1a: Duraludon|Draco Meteor|p2a: Haxorus
|-supereffective|p2a: Haxorus
|-damage|p2a: Haxorus|39/100
|-unboost|p1a: Duraludon|spa|2
|move|p2a: Haxorus|Dragon Dance|p2a: Haxorus
|-boost|p2a: Haxorus|atk|1
|-boost|p2a: Haxorus|spe|1
|
|-heal|p1a: Duraludon|74/100|[from] item: Leftovers
|upkeep
|turn|4
|c|☆Grantdoc|GG kid
|
|switch|p1a: Tsareena|Tsareena, F|100/100
|move|p2a: Haxorus|Earthquake|p1a: Tsareena
|-resisted|p1a: Tsareena
|-damage|p1a: Tsareena|59/100
|
|upkeep
|turn|5
|
|move|p2a: Haxorus|Poison Jab|p1a: Tsareena
|-supereffective|p1a: Tsareena
|-damage|p1a: Tsareena|0 fnt
|faint|p1a: Tsareena
|
|upkeep
|
|switch|p1a: Doublade|Doublade, F|100/100
|turn|6
|c|☆Grantdoc|Oof
|
|move|p2a: Haxorus|Earthquake|p1a: Doublade
|-supereffective|p1a: Doublade
|-damage|p1a: Doublade|42/100
|move|p1a: Doublade|Iron Head|p2a: Haxorus
|-damage|p2a: Haxorus|0 fnt
|faint|p2a: Haxorus
|
|upkeep
|
|switch|p2a: Boltund|Boltund, F|100/100
|turn|7
|
|switch|p1a: Weezing|Weezing-Galar, M|100/100
|move|p2a: Boltund|Crunch|p1a: Weezing
|-resisted|p1a: Weezing
|-damage|p1a: Weezing|91/100
|
|-heal|p1a: Weezing|97/100|[from] item: Black Sludge
|upkeep
|turn|8
|
|move|p2a: Boltund|Psychic Fangs|p1a: Weezing
|-supereffective|p1a: Weezing
|-damage|p1a: Weezing|53/100
|move|p1a: Weezing|Will-O-Wisp|p2a: Boltund
|-status|p2a: Boltund|brn
|
|-heal|p1a: Weezing|59/100|[from] item: Black Sludge
|-damage|p2a: Boltund|94/100 brn|[from] brn
|upkeep
|turn|9
|
|switch|p1a: Umbreon|Umbreon, M|100/100
|move|p2a: Boltund|Nuzzle||[still]
|-damage|p1a: Umbreon|97/100
|-status|p1a: Umbreon|par
|-activate|p1a: Umbreon|ability: Synchronize
|-fail|p1a: Umbreon
|
|-heal|p1a: Umbreon|100/100 par|[from] item: Leftovers
|-damage|p2a: Boltund|88/100 brn|[from] brn
|upkeep
|turn|10
|
|move|p2a: Boltund|Thunder Fang|p1a: Umbreon
|-damage|p1a: Umbreon|85/100 par
|move|p1a: Umbreon|Wish|p1a: Umbreon
|
|-heal|p1a: Umbreon|91/100 par|[from] item: Leftovers
|-damage|p2a: Boltund|82/100 brn|[from] brn
|upkeep
|turn|11
|
|switch|p1a: Doublade|Doublade, F|42/100
|move|p2a: Boltund|Thunder Fang|p1a: Doublade
|-damage|p1a: Doublade|33/100
|
|-heal|p1a: Doublade|94/100|[from] move: Wish|[wisher] Umbreon
|-damage|p2a: Boltund|76/100 brn|[from] brn
|upkeep
|turn|12
|
|move|p2a: Boltund|Nuzzle|p1a: Doublade
|-damage|p1a: Doublade|92/100
|-status|p1a: Doublade|par
|move|p1a: Doublade|Close Combat|p2a: Boltund
|-damage|p2a: Boltund|3/100 brn
|-unboost|p1a: Doublade|def|1
|-unboost|p1a: Doublade|spd|1
|
|-damage|p2a: Boltund|0 fnt|[from] brn
|faint|p2a: Boltund
|upkeep
|
|switch|p2a: Polteageist|Polteageist|100/100
|turn|13
|
|switch|p1a: Umbreon|Umbreon, M|91/100 par
|move|p2a: Polteageist|Shadow Ball|p1a: Umbreon
|-resisted|p1a: Umbreon
|-damage|p1a: Umbreon|80/100 par
|
|-heal|p1a: Umbreon|86/100 par|[from] item: Leftovers
|upkeep
|turn|14
|
|switch|p2a: Lucario|Lucario, M|100/100
|switch|p1a: Machamp|Machamp, F|100/100
|
|-status|p1a: Machamp|brn|[from] item: Flame Orb
|upkeep
|turn|15
|
|move|p2a: Lucario|Aura Sphere|p1a: Machamp
|-damage|p1a: Machamp|31/100 brn
|move|p1a: Machamp|Close Combat|p2a: Lucario
|-supereffective|p2a: Lucario
|-damage|p2a: Lucario|0 fnt
|-unboost|p1a: Machamp|def|1
|-unboost|p1a: Machamp|spd|1
|faint|p2a: Lucario
|
|-damage|p1a: Machamp|25/100 brn|[from] brn
|upkeep
|
|switch|p2a: Polteageist|Polteageist|100/100
|turn|16
|
|move|p2a: Polteageist|Shell Smash|p2a: Polteageist
|-unboost|p2a: Polteageist|def|1
|-unboost|p2a: Polteageist|spd|1
|-boost|p2a: Polteageist|atk|2
|-boost|p2a: Polteageist|spa|2
|-boost|p2a: Polteageist|spe|2
|move|p1a: Machamp|Knock Off|p2a: Polteageist
|-supereffective|p2a: Polteageist
|-enditem|p2a: Polteageist|Focus Sash
|-damage|p2a: Polteageist|1/100
|-ability|p2a: Polteageist|Weak Armor|boost
|-unboost|p2a: Polteageist|def|1
|-boost|p2a: Polteageist|spe|2
|
|-damage|p1a: Machamp|19/100 brn|[from] brn
|upkeep
|turn|17
|
|move|p2a: Polteageist|Giga Drain|p1a: Machamp
|-damage|p1a: Machamp|0 fnt
|-heal|p2a: Polteageist|13/100|[from] drain|[of] p1a: Machamp
|faint|p1a: Machamp
|
|upkeep
|
|switch|p1a: Doublade|Doublade, F|92/100 par
|turn|18
|
|move|p1a: Doublade|Shadow Sneak|p2a: Polteageist
|-supereffective|p2a: Polteageist
|-damage|p2a: Polteageist|0 fnt
|faint|p2a: Polteageist
|
|upkeep
|
|switch|p2a: Diggersby|Diggersby, F|100/100
|turn|19
|
|move|p2a: Diggersby|Body Slam|p1a: Doublade
|-immune|p1a: Doublade
|move|p1a: Doublade|Close Combat|p2a: Diggersby
|-supereffective|p2a: Diggersby
|-damage|p2a: Diggersby|0 fnt
|-unboost|p1a: Doublade|def|1
|-unboost|p1a: Doublade|spd|1
|faint|p2a: Diggersby
|
|win|big baz
|l|☆Grantdoc
|c|☆big baz|gg kid
|raw|big baz's rating: 1518 &rarr; <strong>1528</strong><br />(+10 for winning)
|raw|Grantdoc's rating: 1323 &rarr; <strong>1313</strong><br />(-10 for losing)
