|j|☆Ichindar2
|j|☆Liz Angeles
|t:|1666721740
|gametype|singles
|player|p1|Ichindar2|clerk|1412
|player|p2|Liz Angeles|marley|1595
|teamsize|p1|6
|teamsize|p2|6
|gen|8
|tier|[Gen 8] UU
|rated|
|rule|Sleep Clause Mod: Limit one foe put to sleep
|rule|Species Clause: Limit one of each Pokémon
|rule|OHKO Clause: OHKO moves are banned
|rule|Evasion Items Clause: Evasion items are banned
|rule|Evasion Moves Clause: Evasion moves are banned
|rule|Endless Battle Clause: Forcing endless battles is banned
|rule|HP Percentage Mod: HP is shown in percentages
|rule|Dynamax Clause: You cannot dynamax
|clearpoke
|poke|p1|Chansey, F|
|poke|p1|Tapu Bulu|
|poke|p1|Krookodile, M|
|poke|p1|Regieleki|
|poke|p1|Suicune|
|poke|p1|Sirfetch’d, F|
|poke|p2|Excadrill, F|
|poke|p2|Polteageist|
|poke|p2|Azumarill, F|
|poke|p2|Celesteela|
|poke|p2|Salamence, M|
|poke|p2|Thundurus-Therian, M|
|teampreview
|inactive|Battle timer is ON: inactive players will automatically lose when time's up. (requested by Liz Angeles)
|
|t:|1666721762
|start
|switch|p1a: Suicune|Suicune|100/100
|switch|p2a: Excadrill|Excadrill, F|100/100
|-ability|p2a: Excadrill|Mold Breaker
|-ability|p1a: Suicune|Pressure
|turn|1
|
|t:|1666721770
|move|p2a: Excadrill|Stealth Rock|p1a: Suicune
|-sidestart|p1: Ichindar2|move: Stealth Rock
|move|p1a: Suicune|Scald|p2a: Excadrill
|-supereffective|p2a: Excadrill
|-damage|p2a: Excadrill|27/100
|-status|p2a: Excadrill|brn
|
|-damage|p2a: Excadrill|21/100 brn|[from] brn
|upkeep
|turn|2
|
|t:|1666721782
|move|p2a: Excadrill|Rock Tomb|p1a: Suicune
|-damage|p1a: Suicune|93/100
|-unboost|p1a: Suicune|spe|1
|move|p1a: Suicune|Calm Mind|p1a: Suicune
|-boost|p1a: Suicune|spa|1
|-boost|p1a: Suicune|spd|1
|
|-heal|p1a: Suicune|99/100|[from] item: Leftovers
|-damage|p2a: Excadrill|15/100 brn|[from] brn
|upkeep
|turn|3
|
|t:|1666721792
|move|p2a: Excadrill|Earthquake|p1a: Suicune
|-damage|p1a: Suicune|83/100
|move|p1a: Suicune|Substitute|p1a: Suicune
|-start|p1a: Suicune|Substitute
|-damage|p1a: Suicune|58/100
|
|-heal|p1a: Suicune|64/100|[from] item: Leftovers
|-damage|p2a: Excadrill|9/100 brn|[from] brn
|upkeep
|turn|4
|
|t:|1666721801
|switch|p2a: Salamence|Salamence, M|100/100
|move|p1a: Suicune|Calm Mind|p1a: Suicune
|-boost|p1a: Suicune|spa|1
|-boost|p1a: Suicune|spd|1
|
|-heal|p1a: Suicune|70/100|[from] item: Leftovers
|upkeep
|turn|5
|
|t:|1666721809
|move|p2a: Salamence|Dual Wingbeat|p1a: Suicune
|-activate|p1a: Suicune|move: Substitute|[damage]
|-end|p1a: Suicune|Substitute
|-hitcount|p1a: Suicune|2
|move|p1a: Suicune|Scald|p2a: Salamence
|-resisted|p2a: Salamence
|-damage|p2a: Salamence|62/100
|
|-heal|p1a: Suicune|77/100|[from] item: Leftovers
|upkeep
|turn|6
|
|t:|1666721819
|move|p2a: Salamence|Dragon Dance|p2a: Salamence
|-boost|p2a: Salamence|atk|1
|-boost|p2a: Salamence|spe|1
|move|p1a: Suicune|Scald|p2a: Salamence
|-resisted|p2a: Salamence
|-damage|p2a: Salamence|28/100
|
|-heal|p1a: Suicune|83/100|[from] item: Leftovers
|upkeep
|turn|7
|
|t:|1666721826
|move|p2a: Salamence|Outrage|p1a: Suicune
|-damage|p1a: Suicune|16/100
|move|p1a: Suicune|Scald|p2a: Salamence
|-resisted|p2a: Salamence
|-damage|p2a: Salamence|0 fnt
|faint|p2a: Salamence
|
|-heal|p1a: Suicune|22/100|[from] item: Leftovers
|upkeep
|inactive|Liz Angeles has 120 seconds left.
|
|t:|1666721882
|switch|p2a: Thundurus|Thundurus-Therian, M|100/100
|turn|8
|
|t:|1666721887
|move|p2a: Thundurus|Thunderbolt|p1a: Suicune
|-supereffective|p1a: Suicune
|-damage|p1a: Suicune|0 fnt
|faint|p1a: Suicune
|
|upkeep
|
|t:|1666721893
|switch|p1a: Chansey|Chansey, F|100/100
|-damage|p1a: Chansey|88/100|[from] Stealth Rock
|turn|9
|inactive|Liz Angeles has 90 seconds left.
|
|t:|1666721926
|move|p2a: Thundurus|Nasty Plot|p2a: Thundurus
|-boost|p2a: Thundurus|spa|2
|move|p1a: Chansey|Seismic Toss|p2a: Thundurus
|-damage|p2a: Thundurus|67/100
|
|upkeep
|turn|10
|
|t:|1666721932
|move|p2a: Thundurus|Focus Blast|p1a: Chansey
|-supereffective|p1a: Chansey
|-damage|p1a: Chansey|27/100
|move|p1a: Chansey|Seismic Toss|p2a: Thundurus
|-damage|p2a: Thundurus|34/100
|
|upkeep
|turn|11
|
|t:|1666721940
|move|p2a: Thundurus|Thunderbolt|p1a: Chansey
|-crit|p1a: Chansey
|-damage|p1a: Chansey|0 fnt
|faint|p1a: Chansey
|
|upkeep
|
|t:|1666721945
|switch|p1a: Regieleki|Regieleki|100/100
|-damage|p1a: Regieleki|88/100|[from] Stealth Rock
|turn|12
|
|t:|1666721949
|move|p1a: Regieleki|Extreme Speed|p2a: Thundurus
|-damage|p2a: Thundurus|0 fnt
|faint|p2a: Thundurus
|-damage|p1a: Regieleki|78/100|[from] item: Life Orb
|
|upkeep
|
|t:|1666721961
|switch|p2a: Polteageist|Polteageist|100/100
|turn|13
|
|t:|1666721966
|move|p1a: Regieleki|Volt Switch|p2a: Polteageist
|-damage|p2a: Polteageist|27/100
|-damage|p1a: Regieleki|68/100|[from] item: Life Orb
|
|t:|1666721971
|switch|p1a: Sirfetch’d|Sirfetch’d, F|100/100|[from]move: Volt Switch
|-damage|p1a: Sirfetch’d|94/100|[from] Stealth Rock
|move|p2a: Polteageist|Shell Smash|p2a: Polteageist
|-unboost|p2a: Polteageist|def|1
|-unboost|p2a: Polteageist|spd|1
|-boost|p2a: Polteageist|atk|2
|-boost|p2a: Polteageist|spa|2
|-boost|p2a: Polteageist|spe|2
|
|upkeep
|turn|14
|
|t:|1666721980
|switch|p2a: Celesteela|Celesteela|100/100
|move|p1a: Sirfetch’d|First Impression|p2a: Celesteela
|-resisted|p2a: Celesteela
|-damage|p2a: Celesteela|87/100
|
|upkeep
|turn|15
|
|t:|1666721990
|switch|p1a: Krookodile|Krookodile, M|100/100
|-damage|p1a: Krookodile|94/100|[from] Stealth Rock
|-ability|p1a: Krookodile|Intimidate|boost
|-unboost|p2a: Celesteela|atk|1
|move|p2a: Celesteela|Meteor Beam||[still]
|-prepare|p2a: Celesteela|Meteor Beam
|-boost|p2a: Celesteela|spa|1
|-enditem|p2a: Celesteela|Power Herb
|-anim|p2a: Celesteela|Meteor Beam|p1a: Krookodile
|-resisted|p1a: Krookodile
|-damage|p1a: Krookodile|60/100
|
|-heal|p1a: Krookodile|67/100|[from] item: Leftovers
|upkeep
|turn|16
|inactive|Liz Angeles has 120 seconds left.
|
|t:|1666722024
|move|p1a: Krookodile|Taunt|p2a: Celesteela
|-start|p2a: Celesteela|move: Taunt
|cant|p2a: Celesteela|move: Taunt|Autotomize
|
|-heal|p1a: Krookodile|73/100|[from] item: Leftovers
|upkeep
|turn|17
|
|t:|1666722033
|move|p1a: Krookodile|Knock Off|p2a: Celesteela
|-damage|p2a: Celesteela|52/100
|move|p2a: Celesteela|Air Slash|p1a: Krookodile
|-damage|p1a: Krookodile|5/100
|
|-heal|p1a: Krookodile|12/100|[from] item: Leftovers
|upkeep
|turn|18
|
|t:|1666722039
|move|p1a: Krookodile|Knock Off|p2a: Celesteela
|-damage|p2a: Celesteela|15/100
|move|p2a: Celesteela|Air Slash|p1a: Krookodile
|-damage|p1a: Krookodile|0 fnt
|faint|p1a: Krookodile
|-ability|p2a: Celesteela|Beast Boost|boost
|-boost|p2a: Celesteela|spa|1
|
|-end|p2a: Celesteela|move: Taunt
|upkeep
|
|t:|1666722048
|switch|p1a: Regieleki|Regieleki|68/100
|-damage|p1a: Regieleki|56/100|[from] Stealth Rock
|turn|19
|
|t:|1666722055
|switch|p2a: Excadrill|Excadrill, F|9/100 brn
|-ability|p2a: Excadrill|Mold Breaker
|move|p1a: Regieleki|Thunderbolt|p2a: Excadrill
|-immune|p2a: Excadrill
|
|-damage|p2a: Excadrill|2/100 brn|[from] brn
|upkeep
|turn|20
|
|t:|1666722067
|move|p1a: Regieleki|Extreme Speed|p2a: Excadrill
|-resisted|p2a: Excadrill
|-damage|p2a: Excadrill|0 fnt
|faint|p2a: Excadrill
|-damage|p1a: Regieleki|46/100|[from] item: Life Orb
|
|upkeep
|
|t:|1666722072
|switch|p2a: Azumarill|Azumarill, F|100/100
|turn|21
|
|t:|1666722088
|switch|p1a: Tapu Bulu|Tapu Bulu|100/100
|-damage|p1a: Tapu Bulu|88/100|[from] Stealth Rock
|-fieldstart|move: Grassy Terrain|[from] ability: Grassy Surge|[of] p1a: Tapu Bulu
|move|p2a: Azumarill|Aqua Jet|p1a: Tapu Bulu
|-resisted|p1a: Tapu Bulu
|-damage|p1a: Tapu Bulu|78/100
|-damage|p2a: Azumarill|84/100|[from] item: Rocky Helmet|[of] p1a: Tapu Bulu
|
|-heal|p1a: Tapu Bulu|84/100|[from] Grassy Terrain
|-heal|p2a: Azumarill|90/100|[from] Grassy Terrain
|upkeep
|turn|22
|
|t:|1666722099
|switch|p2a: Polteageist|Polteageist|27/100
|move|p1a: Tapu Bulu|Bulk Up|p1a: Tapu Bulu
|-boost|p1a: Tapu Bulu|atk|1
|-boost|p1a: Tapu Bulu|def|1
|
|-heal|p2a: Polteageist|33/100|[from] Grassy Terrain
|-heal|p1a: Tapu Bulu|91/100|[from] Grassy Terrain
|upkeep
|turn|23
|
|t:|1666722107
|move|p2a: Polteageist|Shadow Ball|p1a: Tapu Bulu
|-damage|p1a: Tapu Bulu|43/100
|move|p1a: Tapu Bulu|Horn Leech|p2a: Polteageist
|-damage|p2a: Polteageist|0 fnt
|-heal|p1a: Tapu Bulu|56/100|[from] drain|[of] p2a: Polteageist
|faint|p2a: Polteageist
|
|-heal|p1a: Tapu Bulu|62/100|[from] Grassy Terrain
|upkeep
|
|t:|1666722111
|switch|p2a: Celesteela|Celesteela|15/100
|turn|24
|
|t:|1666722127
|switch|p1a: Sirfetch’d|Sirfetch’d, F|94/100
|-damage|p1a: Sirfetch’d|88/100|[from] Stealth Rock
|move|p2a: Celesteela|Air Slash|p1a: Sirfetch’d
|-supereffective|p1a: Sirfetch’d
|-damage|p1a: Sirfetch’d|0 fnt
|faint|p1a: Sirfetch’d
|-ability|p2a: Celesteela|Beast Boost|boost
|-boost|p2a: Celesteela|spa|1
|
|upkeep
|
|t:|1666722136
|switch|p1a: Regieleki|Regieleki|46/100
|-damage|p1a: Regieleki|34/100|[from] Stealth Rock
|turn|25
|
|t:|1666722153
|move|p1a: Regieleki|Volt Switch|p2a: Celesteela
|-supereffective|p2a: Celesteela
|-damage|p2a: Celesteela|0 fnt
|faint|p2a: Celesteela
|-damage|p1a: Regieleki|24/100|[from] item: Life Orb
|-message|Liz Angeles forfeited.
|
|win|Ichindar2
|raw|Ichindar2's rating: 1412 &rarr; <strong>1441</strong><br />(+29 for winning)
|raw|Liz Angeles's rating: 1574 &rarr; <strong>1545</strong><br />(-29 for losing)
|l|☆Liz Angeles
|c|☆Ichindar2|gg
||Ladder isn't responding, score probably updated but might not have (Request timeout).
