|j|☆GerrytheHeeHo
|j|☆Bamarah
|player|p1|GerrytheHeeHo|roxie|1307
|player|p2|Bamarah|eusine-gen2|1313
|teamsize|p1|6
|teamsize|p2|6
|gametype|singles
|gen|8
|tier|[Gen 8] UU
|rated|
|clearpoke
|poke|p1|Scolipede, M|
|poke|p1|Skarmory, M|
|poke|p1|Starmie|
|poke|p1|Cobalion|
|poke|p1|Chandelure, M|
|poke|p1|Blissey, F|
|poke|p2|Gengar, M|
|poke|p2|Keldeo-Resolute|
|poke|p2|Darmanitan, M|
|poke|p2|Skarmory, M|
|poke|p2|Tyranitar, M|
|poke|p2|Blissey, F|
|rule|Sleep Clause Mod: Limit one foe put to sleep
|rule|Species Clause: Limit one of each Pokémon
|rule|OHKO Clause: OHKO moves are banned
|rule|Evasion Moves Clause: Evasion moves are banned
|rule|Endless Battle Clause: Forcing endless battles is banned
|rule|HP Percentage Mod: HP is shown in percentages
|rule|Dynamax Clause: You cannot dynamax
|teampreview
|inactive|Battle timer is ON: inactive players will automatically lose when time's up. (requested by Bamarah)
|
|start
|switch|p1a: Starmie|Starmie|100/100
|switch|p2a: Darmanitan|Darmanitan, M, shiny|100/100
|turn|1
|
|move|p2a: Darmanitan|U-turn|p1a: Starmie
|-supereffective|p1a: Starmie
|-crit|p1a: Starmie
|-damage|p1a: Starmie|3/100
|
|switch|p2a: Tyranitar|Tyranitar, M, shiny|100/100|[from]move: U-turn
|-weather|Sandstorm|[from] ability: Sand Stream|[of] p2a: Tyranitar
|move|p1a: Starmie|Flip Turn|p2a: Tyranitar
|-supereffective|p2a: Tyranitar
|-damage|p2a: Tyranitar|75/100
|
|switch|p1a: Cobalion|Cobalion|100/100|[from]move: Flip Turn
|
|-weather|Sandstorm|[upkeep]
|upkeep
|turn|2
|
|switch|p2a: Gengar|Gengar, M, shiny|100/100
|move|p1a: Cobalion|Iron Head|p2a: Gengar
|-damage|p2a: Gengar|37/100
|-start|p1a: Cobalion|Disable|Iron Head|[from] ability: Cursed Body|[of] p2a: Gengar
|
|-weather|Sandstorm|[upkeep]
|-damage|p2a: Gengar|31/100|[from] Sandstorm
|upkeep
|turn|3
|
|move|p2a: Gengar|Shadow Ball|p1a: Cobalion
|-damage|p1a: Cobalion|22/100
|-unboost|p1a: Cobalion|spd|1
|move|p1a: Cobalion|Volt Switch|p2a: Gengar
|-damage|p2a: Gengar|9/100
|
|switch|p1a: Blissey|Blissey, F|100/100|[from]move: Volt Switch
|
|-weather|Sandstorm|[upkeep]
|-damage|p2a: Gengar|3/100|[from] Sandstorm
|-damage|p1a: Blissey|94/100|[from] Sandstorm
|-heal|p1a: Blissey|100/100|[from] item: Leftovers
|upkeep
|turn|4
|
|switch|p2a: Tyranitar|Tyranitar, M, shiny|75/100
|move|p1a: Blissey|Teleport|p1a: Blissey
|
|switch|p1a: Cobalion|Cobalion|22/100|[from]move: Teleport
|
|-weather|Sandstorm|[upkeep]
|-heal|p1a: Cobalion|28/100|[from] item: Leftovers
|upkeep
|turn|5
|
|switch|p2a: Gengar|Gengar, M, shiny|3/100
|move|p1a: Cobalion|Brick Break|p2a: Gengar
|-immune|p2a: Gengar
|
|-weather|none
|-heal|p1a: Cobalion|34/100|[from] item: Leftovers
|upkeep
|turn|6
|
|switch|p1a: Blissey|Blissey, F|100/100
|move|p2a: Gengar|Psychic|p1a: Blissey
|-damage|p1a: Blissey|84/100
|
|-heal|p1a: Blissey|90/100|[from] item: Leftovers
|upkeep
|turn|7
|
|switch|p2a: Darmanitan|Darmanitan, M, shiny|100/100
|move|p1a: Blissey|Teleport|p1a: Blissey
|
|switch|p1a: Skarmory|Skarmory, M|100/100|[from]move: Teleport
|
|upkeep
|turn|8
|
|switch|p1a: Chandelure|Chandelure, M|100/100
|move|p2a: Darmanitan|Flare Blitz|p1a: Chandelure
|-start|p1a: Chandelure|ability: Flash Fire
|
|upkeep
|turn|9
|
|switch|p2a: Tyranitar|Tyranitar, M, shiny|75/100
|-weather|Sandstorm|[from] ability: Sand Stream|[of] p2a: Tyranitar
|move|p1a: Chandelure|Fire Blast|p2a: Tyranitar
|-resisted|p2a: Tyranitar
|-damage|p2a: Tyranitar|48/100
|
|-weather|Sandstorm|[upkeep]
|-damage|p1a: Chandelure|94/100|[from] Sandstorm
|upkeep
|turn|10
|
|move|p1a: Chandelure|Fire Blast|p2a: Tyranitar
|-resisted|p2a: Tyranitar
|-damage|p2a: Tyranitar|22/100
|-status|p2a: Tyranitar|brn
|move|p2a: Tyranitar|Crunch|p1a: Chandelure
|-supereffective|p1a: Chandelure
|-damage|p1a: Chandelure|0 fnt
|faint|p1a: Chandelure
|
|-weather|Sandstorm|[upkeep]
|-damage|p2a: Tyranitar|16/100 brn|[from] brn
|upkeep
|
|switch|p1a: Cobalion|Cobalion|34/100
|turn|11
|
|switch|p2a: Gengar|Gengar, M, shiny|3/100
|move|p1a: Cobalion|Volt Switch|p2a: Gengar
|-damage|p2a: Gengar|0 fnt
|-start|p1a: Cobalion|Disable|Volt Switch|[from] ability: Cursed Body|[of] p2a: Gengar
|faint|p2a: Gengar
|
|switch|p1a: Blissey|Blissey, F|90/100|[from]move: Volt Switch
|
|-weather|Sandstorm|[upkeep]
|-damage|p1a: Blissey|84/100|[from] Sandstorm
|-heal|p1a: Blissey|90/100|[from] item: Leftovers
|upkeep
|
|switch|p2a: Keldeo|Keldeo-Resolute|100/100
|turn|12
|
|move|p2a: Keldeo|Secret Sword|p1a: Blissey
|-supereffective|p1a: Blissey
|-damage|p1a: Blissey|0 fnt
|-damage|p2a: Keldeo|91/100|[from] item: Life Orb
|faint|p1a: Blissey
|
|-weather|Sandstorm|[upkeep]
|-damage|p2a: Keldeo|84/100|[from] Sandstorm
|upkeep
|
|switch|p1a: Starmie|Starmie|3/100
|turn|13
|
|move|p2a: Keldeo|Aqua Jet|p1a: Starmie
|-resisted|p1a: Starmie
|-damage|p1a: Starmie|0 fnt
|-damage|p2a: Keldeo|74/100|[from] item: Life Orb
|faint|p1a: Starmie
|
|-weather|none
|upkeep
|
|switch|p1a: Skarmory|Skarmory, M|100/100
|turn|14
|
|move|p2a: Keldeo|Surf|p1a: Skarmory
|-damage|p1a: Skarmory|20/100
|-damage|p2a: Keldeo|65/100|[from] item: Life Orb
|move|p1a: Skarmory|Spikes|p2a: Keldeo
|-sidestart|p2: Bamarah|Spikes
|
|-heal|p1a: Skarmory|26/100|[from] item: Leftovers
|upkeep
|turn|15
|
|move|p2a: Keldeo|Surf|p1a: Skarmory
|-damage|p1a: Skarmory|0 fnt
|-damage|p2a: Keldeo|55/100|[from] item: Life Orb
|faint|p1a: Skarmory
|
|upkeep
|
|switch|p1a: Cobalion|Cobalion|34/100
|turn|16
|
|switch|p2a: Tyranitar|Tyranitar, M, shiny|16/100 brn
|-damage|p2a: Tyranitar|3/100 brn|[from] Spikes
|-weather|Sandstorm|[from] ability: Sand Stream|[of] p2a: Tyranitar
|move|p1a: Cobalion|Brick Break|p2a: Tyranitar
|-supereffective|p2a: Tyranitar
|-damage|p2a: Tyranitar|0 fnt
|faint|p2a: Tyranitar
|
|-weather|Sandstorm|[upkeep]
|-heal|p1a: Cobalion|40/100|[from] item: Leftovers
|upkeep
|
|switch|p2a: Darmanitan|Darmanitan, M, shiny|100/100
|-damage|p2a: Darmanitan|88/100|[from] Spikes
|turn|17
|
|move|p2a: Darmanitan|Earthquake|p1a: Cobalion
|-supereffective|p1a: Cobalion
|-crit|p1a: Cobalion
|-damage|p1a: Cobalion|0 fnt
|faint|p1a: Cobalion
|
|-weather|Sandstorm|[upkeep]
|-damage|p2a: Darmanitan|82/100|[from] Sandstorm
|upkeep
|
|switch|p1a: Scolipede|Scolipede, M|100/100
|turn|18
|
|move|p2a: Darmanitan|Earthquake|p1a: Scolipede
|-damage|p1a: Scolipede|52/100
|move|p1a: Scolipede|Swords Dance|p1a: Scolipede
|-boost|p1a: Scolipede|atk|2
|
|-weather|Sandstorm|[upkeep]
|-damage|p2a: Darmanitan|75/100|[from] Sandstorm
|-damage|p1a: Scolipede|46/100|[from] Sandstorm
|-ability|p1a: Scolipede|Speed Boost|boost
|-boost|p1a: Scolipede|spe|1
|upkeep
|turn|19
|
|move|p1a: Scolipede|Earthquake|p2a: Darmanitan
|-supereffective|p2a: Darmanitan
|-damage|p2a: Darmanitan|0 fnt
|faint|p2a: Darmanitan
|
|-weather|Sandstorm|[upkeep]
|-damage|p1a: Scolipede|40/100|[from] Sandstorm
|-ability|p1a: Scolipede|Speed Boost|boost
|-boost|p1a: Scolipede|spe|1
|upkeep
|
|switch|p2a: Skarmory|Skarmory, M, shiny|100/100
|turn|20
|
|move|p1a: Scolipede|Megahorn|p2a: Skarmory
|-resisted|p2a: Skarmory
|-damage|p2a: Skarmory|82/100
|move|p2a: Skarmory|Iron Defense|p2a: Skarmory
|-boost|p2a: Skarmory|def|2
|
|-weather|none
|-ability|p1a: Scolipede|Speed Boost|boost
|-boost|p1a: Scolipede|spe|1
|upkeep
|turn|21
|
|move|p1a: Scolipede|Swords Dance|p1a: Scolipede
|-boost|p1a: Scolipede|atk|2
|move|p2a: Skarmory|Body Press|p1a: Scolipede
|-resisted|p1a: Scolipede
|-damage|p1a: Scolipede|17/100
|
|-ability|p1a: Scolipede|Speed Boost|boost
|-boost|p1a: Scolipede|spe|1
|upkeep
|turn|22
|
|move|p1a: Scolipede|Megahorn|p2a: Skarmory|[miss]
|-miss|p1a: Scolipede|p2a: Skarmory
|move|p2a: Skarmory|Body Press|p1a: Scolipede
|-resisted|p1a: Scolipede
|-damage|p1a: Scolipede|0 fnt
|faint|p1a: Scolipede
|
|win|Bamarah
|c|☆GerrytheHeeHo|gg
