|j|☆joliemome
|j|☆pif
|t:|1641424597
|gametype|singles
|player|p1|joliemome|falkner|1318
|player|p2|pif|#uutrio2ladder|1718
|teamsize|p1|6
|teamsize|p2|6
|gen|8
|tier|[Gen 8] UU
|rated|
|rule|Sleep Clause Mod: Limit one foe put to sleep
|rule|Species Clause: Limit one of each Pokémon
|rule|OHKO Clause: OHKO moves are banned
|rule|Evasion Moves Clause: Evasion moves are banned
|rule|Endless Battle Clause: Forcing endless battles is banned
|rule|HP Percentage Mod: HP is shown in percentages
|rule|Dynamax Clause: You cannot dynamax
|clearpoke
|poke|p1|Nihilego|
|poke|p1|Darmanitan, M|
|poke|p1|Swampert, M|
|poke|p1|Tapu Bulu|
|poke|p1|Mandibuzz, F|
|poke|p1|Celesteela|
|poke|p2|Raichu-Alola, M|
|poke|p2|Swampert, F|
|poke|p2|Sylveon, M|
|poke|p2|Amoonguss, M|
|poke|p2|Mandibuzz, F|
|poke|p2|Skarmory, F|
|teampreview
|c|☆joliemome|oh no pif
|j| inouctyxxt
|inactive|Battle timer is ON: inactive players will automatically lose when time's up. (requested by joliemome)
|j| 85percent
|c|☆joliemome|i loose
|j| BoldKnock
|inactive|pif has 120 seconds left.
|j| Bob the Bro
|c|☆pif|or you win
|c|☆pif|or we draw
|inactiveoff|Battle timer is now OFF.
|c|☆pif|#things
|
|t:|1641424672
|start
|switch|p1a: Mandibuzz|Mandibuzz, F|100/100
|switch|p2a: stompy swampy|Swampert, F|100/100
|turn|1
|j| calair
|
|t:|1641424680
|switch|p2a: shroomy woomy|Amoonguss, M|100/100
|move|p1a: Mandibuzz|Taunt|p2a: shroomy woomy
|-start|p2a: shroomy woomy|move: Taunt
|
|upkeep
|turn|2
|j| SuloTheBoi!❄
|
|t:|1641424689
|switch|p1a: Celesteela|Celesteela|100/100
|move|p2a: shroomy woomy|Foul Play|p1a: Celesteela
|-damage|p1a: Celesteela|72/100
|
|upkeep
|turn|3
|j| Exi_Dudi
|
|t:|1641424699
|move|p1a: Celesteela|Heavy Slam|p2a: shroomy woomy
|-damage|p2a: shroomy woomy|33/100
|-enditem|p2a: shroomy woomy|Eject Button
|l| Exi_Dudi
|j| hariyana grande
|
|t:|1641424725
|switch|p2a: stompy swampy|Swampert, F|100/100
|
|upkeep
|turn|4
|
|t:|1641424736
|move|p1a: Celesteela|Heavy Slam|p2a: stompy swampy
|-resisted|p2a: stompy swampy
|-damage|p2a: stompy swampy|61/100
|move|p2a: stompy swampy|Stealth Rock|p1a: Celesteela
|-sidestart|p1: joliemome|move: Stealth Rock
|
|-heal|p2a: stompy swampy|68/100|[from] item: Leftovers
|upkeep
|turn|5
|j|+stresh
|
|t:|1641424743
|switch|p2a: sturdy birdy|Skarmory, F|100/100
|move|p1a: Celesteela|Heavy Slam|p2a: sturdy birdy
|-resisted|p2a: sturdy birdy
|-damage|p2a: sturdy birdy|73/100
|-damage|p1a: Celesteela|55/100|[from] item: Rocky Helmet|[of] p2a: sturdy birdy
|
|upkeep
|turn|6
|j| Arxtric
|j| Dunoks
|inactive|Battle timer is ON: inactive players will automatically lose when time's up. (requested by joliemome)
|
|t:|1641424784
|switch|p1a: Mandibuzz|Mandibuzz, F|100/100
|move|p2a: sturdy birdy|Roost|p2a: sturdy birdy
|-heal|p2a: sturdy birdy|100/100
|-singleturn|p2a: sturdy birdy|move: Roost
|
|upkeep
|turn|7
|
|t:|1641424794
|move|p2a: sturdy birdy|Body Press|p1a: Mandibuzz
|-damage|p1a: Mandibuzz|78/100
|move|p1a: Mandibuzz|Taunt|p2a: sturdy birdy
|-start|p2a: sturdy birdy|move: Taunt
|
|upkeep
|turn|8
|
|t:|1641424800
|switch|p2a: shroomy woomy|Amoonguss, M|66/100
|move|p1a: Mandibuzz|Defog|p2a: shroomy woomy
|-unboost|p2a: shroomy woomy|evasion|1
|-sideend|p1: joliemome|Stealth Rock|[from] move: Defog|[of] p1a: Mandibuzz
|
|upkeep
|turn|9
|
|t:|1641424809
|switch|p1a: Celesteela|Celesteela|55/100
|move|p2a: shroomy woomy|Sludge Bomb|p1a: Celesteela
|-immune|p1a: Celesteela
|
|upkeep
|turn|10
|
|t:|1641424816
|switch|p2a: peck ur neck|Mandibuzz, F|100/100
|move|p1a: Celesteela|Heavy Slam|p2a: peck ur neck
|-damage|p2a: peck ur neck|47/100
|
|upkeep
|turn|11
|
|t:|1641424823
|switch|p2a: sturdy birdy|Skarmory, F|100/100
|move|p1a: Celesteela|Heavy Slam|p2a: sturdy birdy
|-resisted|p2a: sturdy birdy
|-damage|p2a: sturdy birdy|73/100
|-damage|p1a: Celesteela|39/100|[from] item: Rocky Helmet|[of] p2a: sturdy birdy
|
|upkeep
|turn|12
|
|t:|1641424835
|switch|p1a: Mandibuzz|Mandibuzz, F|78/100
|move|p2a: sturdy birdy|Spikes|p1a: Mandibuzz
|-sidestart|p1: joliemome|Spikes
|
|upkeep
|turn|13
|
|t:|1641424842
|move|p1a: Mandibuzz|Taunt|p2a: sturdy birdy
|-start|p2a: sturdy birdy|move: Taunt
|cant|p2a: sturdy birdy|move: Taunt|Roost
|
|upkeep
|turn|14
|
|t:|1641424857
|switch|p2a: stompy swampy|Swampert, F|68/100
|move|p1a: Mandibuzz|Defog|p2a: stompy swampy
|-unboost|p2a: stompy swampy|evasion|1
|-sideend|p1: joliemome|Spikes|[from] move: Defog|[of] p1a: Mandibuzz
|
|-heal|p2a: stompy swampy|74/100|[from] item: Leftovers
|upkeep
|turn|15
|
|t:|1641424880
|switch|p2a: shroomy woomy|Amoonguss, M|99/100
|move|p1a: Mandibuzz|Taunt|p2a: shroomy woomy
|-start|p2a: shroomy woomy|move: Taunt
|
|upkeep
|turn|16
|
|t:|1641424886
|switch|p1a: jolie??|Darmanitan, M|100/100
|move|p2a: shroomy woomy|Sludge Bomb|p1a: jolie??
|-damage|p1a: jolie??|60/100
|
|upkeep
|turn|17
|j| 467 11 11p
|c|☆pif|jolie
|inactive|pif has 120 seconds left.
|c|☆joliemome|im a girl
|c|☆pif|no the darm is a boy
|
|t:|1641424934
|switch|p2a: peck ur neck|Mandibuzz, F|47/100
|move|p1a: jolie??|Trick|p2a: peck ur neck
|-activate|p1a: jolie??|move: Trick|[of] p2a: peck ur neck
|-item|p2a: peck ur neck|Choice Scarf|[from] move: Trick
|-item|p1a: jolie??|Heavy-Duty Boots|[from] move: Trick
|
|upkeep
|turn|18
|c|☆joliemome|he is beathiful boy
|
|t:|1641424948
|move|p2a: peck ur neck|Foul Play|p1a: jolie??
|-damage|p1a: jolie??|0 fnt
|faint|p1a: jolie??
|
|upkeep
|
|t:|1641424953
|switch|p1a: jolie méduse|Nihilego|100/100
|turn|19
|
|t:|1641424972
|switch|p2a: stompy swampy|Swampert, F|74/100
|move|p1a: jolie méduse|Meteor Beam||[still]
|-prepare|p1a: jolie méduse|Meteor Beam
|-boost|p1a: jolie méduse|spa|1
|-enditem|p1a: jolie méduse|Power Herb
|-anim|p1a: jolie méduse|Meteor Beam|p2a: stompy swampy
|-resisted|p2a: stompy swampy
|-damage|p2a: stompy swampy|46/100
|
|-heal|p2a: stompy swampy|52/100|[from] item: Leftovers
|upkeep
|turn|20
|
|t:|1641424982
|switch|p1a: Mandibuzz|Mandibuzz, F|78/100
|switch|p2a: shroomy woomy|Amoonguss, M|100/100
|
|upkeep
|turn|21
|inactive|pif has 90 seconds left.
|
|t:|1641425008
|move|p1a: Mandibuzz|Taunt|p2a: shroomy woomy
|-start|p2a: shroomy woomy|move: Taunt
|move|p2a: shroomy woomy|Sludge Bomb|p1a: Mandibuzz
|-damage|p1a: Mandibuzz|61/100
|
|upkeep
|turn|22
|
|t:|1641425019
|switch|p1a: Celesteela|Celesteela|39/100
|move|p2a: shroomy woomy|Sludge Bomb|p1a: Celesteela
|-immune|p1a: Celesteela
|
|upkeep
|turn|23
|
|t:|1641425026
|switch|p1a: jolie méduse|Nihilego|100/100
|move|p2a: shroomy woomy|Foul Play|p1a: jolie méduse
|-damage|p1a: jolie méduse|80/100
|
|-end|p2a: shroomy woomy|move: Taunt
|upkeep
|turn|24
|
|t:|1641425035
|switch|p2a: stompy swampy|Swampert, F|52/100
|move|p1a: jolie méduse|Power Gem|p2a: stompy swampy
|-resisted|p2a: stompy swampy
|-damage|p2a: stompy swampy|40/100
|
|-heal|p2a: stompy swampy|46/100|[from] item: Leftovers
|upkeep
|turn|25
|inactive|pif has 120 seconds left.
|
|t:|1641425044
|move|p1a: jolie méduse|Knock Off|p2a: stompy swampy
|-damage|p2a: stompy swampy|34/100
|-enditem|p2a: stompy swampy|Leftovers|[from] move: Knock Off|[of] p1a: jolie méduse
|move|p2a: stompy swampy|Stealth Rock|p1a: jolie méduse
|-sidestart|p1: joliemome|move: Stealth Rock
|
|upkeep
|turn|26
|
|t:|1641425052
|switch|p1a: Mandibuzz|Mandibuzz, F|61/100
|move|p2a: stompy swampy|Flip Turn|p1a: Mandibuzz
|-damage|p1a: Mandibuzz|42/100
|
|t:|1641425060
|switch|p2a: singy thingy|Sylveon, M|100/100|[from]move: Flip Turn
|
|upkeep
|turn|27
|
|t:|1641425064
|move|p1a: Mandibuzz|Defog|p2a: singy thingy
|-unboost|p2a: singy thingy|evasion|1
|-sideend|p1: joliemome|Stealth Rock|[from] move: Defog|[of] p1a: Mandibuzz
|move|p2a: singy thingy|Hyper Voice|p1a: Mandibuzz
|-supereffective|p1a: Mandibuzz
|-damage|p1a: Mandibuzz|0 fnt
|faint|p1a: Mandibuzz
|
|upkeep
|
|t:|1641425074
|switch|p1a: jolie méduse|Nihilego|80/100
|turn|28
|
|t:|1641425082
|move|p1a: jolie méduse|Power Gem|p2a: singy thingy
|-damage|p2a: singy thingy|75/100
|move|p2a: singy thingy|Wish|p2a: singy thingy
|
|-heal|p2a: singy thingy|81/100|[from] item: Leftovers
|upkeep
|turn|29
|c|☆joliemome|oh no
|j| Exi_Dudi
|
|t:|1641425106
|switch|p2a: stompy swampy|Swampert, F|34/100
|move|p1a: jolie méduse|Sludge Wave|p2a: stompy swampy
|-resisted|p2a: stompy swampy
|-damage|p2a: stompy swampy|20/100
|
|-heal|p2a: stompy swampy|69/100|[from] move: Wish|[wisher] singy thingy
|upkeep
|turn|30
|c|☆joliemome|gg
|-message|joliemome forfeited.
|
|win|pif
|raw|joliemome's rating: 1318 &rarr; <strong>1314</strong><br />(-4 for losing)
|raw|pif's rating: 1718 &rarr; <strong>1722</strong><br />(+4 for winning)
|c|☆pif|gg
|l|+stresh
|l|☆joliemome
|l| inouctyxxt
||Ladder isn't responding, score probably updated but might not have (Request timeout).
