|j|☆Poloremplo
|j|☆UULT2 taxi
|player|p1|Poloremplo|#moutemoute|1543
|player|p2|UULT2 taxi|marshal|1391
|teamsize|p1|6
|teamsize|p2|6
|gametype|singles
|gen|8
|tier|[Gen 8] UU
|rated|
|clearpoke
|poke|p1|Dugtrio-Alola, F|
|poke|p1|Espeon, F|
|poke|p1|Barbaracle, F|
|poke|p1|Haxorus, M|
|poke|p1|Linoone, M|
|poke|p1|Toxtricity, M|
|poke|p2|Rotom-Wash|
|poke|p2|Darmanitan, F|
|poke|p2|Ferroseed, F|
|poke|p2|Noivern, F|
|poke|p2|Sylveon, F|
|poke|p2|Necrozma|
|rule|Sleep Clause Mod: Limit one foe put to sleep
|rule|Species Clause: Limit one of each Pokémon
|rule|OHKO Clause: OHKO moves are banned
|rule|Evasion Moves Clause: Evasion moves are banned
|rule|Endless Battle Clause: Forcing endless battles is banned
|rule|HP Percentage Mod: HP is shown in percentages
|rule|Dynamax Clause: You cannot dynamax
|teampreview
|c|☆UULT2 taxi|hf
|c|☆Poloremplo|hf
|
|start
|switch|p1a: Dugtrio|Dugtrio-Alola, F|100/100
|switch|p2a: Rotom|Rotom-Wash|100/100
|turn|1
|
|move|p1a: Dugtrio|Stealth Rock|p2a: Rotom
|-sidestart|p2: UULT2 taxi|move: Stealth Rock
|move|p2a: Rotom|Hydro Pump|p1a: Dugtrio|[miss]
|-miss|p2a: Rotom|p1a: Dugtrio
|
|upkeep
|turn|2
|
|move|p1a: Dugtrio|Iron Head|p2a: Rotom
|-resisted|p2a: Rotom
|-damage|p2a: Rotom|93/100
|move|p2a: Rotom|Volt Switch|p1a: Dugtrio
|-immune|p1a: Dugtrio
|
|-heal|p2a: Rotom|99/100|[from] item: Leftovers
|upkeep
|turn|3
|
|move|p1a: Dugtrio|Memento|p2a: Rotom
|-unboost|p2a: Rotom|atk|2
|-unboost|p2a: Rotom|spa|2
|faint|p1a: Dugtrio
|move|p2a: Rotom|Hydro Pump|p1: Dugtrio|[notarget]
|-fail|p2a: Rotom
|
|-heal|p2a: Rotom|100/100|[from] item: Leftovers
|upkeep
|
|switch|p1a: Haxorus|Haxorus, M|100/100
|-ability|p1a: Haxorus|Mold Breaker
|turn|4
|
|move|p1a: Haxorus|Dragon Dance|p1a: Haxorus
|-boost|p1a: Haxorus|atk|1
|-boost|p1a: Haxorus|spe|1
|move|p2a: Rotom|Will-O-Wisp|p1a: Haxorus
|-status|p1a: Haxorus|brn
|
|-damage|p1a: Haxorus|94/100 brn|[from] brn
|upkeep
|turn|5
|
|switch|p2a: Ferroseed|Ferroseed, F|100/100
|-damage|p2a: Ferroseed|94/100|[from] Stealth Rock
|move|p1a: Haxorus|Dragon Dance|p1a: Haxorus
|-boost|p1a: Haxorus|atk|1
|-boost|p1a: Haxorus|spe|1
|
|-damage|p1a: Haxorus|88/100 brn|[from] brn
|upkeep
|turn|6
|
|move|p1a: Haxorus|Earthquake|p2a: Ferroseed
|-damage|p2a: Ferroseed|66/100
|-damage|p1a: Haxorus|78/100 brn|[from] item: Life Orb
|move|p2a: Ferroseed|Gyro Ball|p1a: Haxorus
|-damage|p1a: Haxorus|44/100 brn
|
|-damage|p1a: Haxorus|37/100 brn|[from] brn
|upkeep
|turn|7
|
|move|p1a: Haxorus|Earthquake|p2a: Ferroseed
|-damage|p2a: Ferroseed|34/100
|-damage|p1a: Haxorus|27/100 brn|[from] item: Life Orb
|move|p2a: Ferroseed|Spikes|p1a: Haxorus
|-sidestart|p1: Poloremplo|Spikes
|
|-damage|p1a: Haxorus|21/100 brn|[from] brn
|upkeep
|turn|8
|
|move|p1a: Haxorus|Earthquake|p2a: Ferroseed
|-damage|p2a: Ferroseed|6/100
|-damage|p1a: Haxorus|11/100 brn|[from] item: Life Orb
|move|p2a: Ferroseed|Gyro Ball|p1a: Haxorus
|-damage|p1a: Haxorus|0 fnt
|faint|p1a: Haxorus
|
|upkeep
|
|switch|p1a: Toxtricity|Toxtricity, M|100/100
|-damage|p1a: Toxtricity|88/100|[from] Spikes
|turn|9
|
|move|p1a: Toxtricity|Shift Gear|p1a: Toxtricity
|-boost|p1a: Toxtricity|spe|2
|-boost|p1a: Toxtricity|atk|1
|move|p2a: Ferroseed|Knock Off|p1a: Toxtricity
|-damage|p1a: Toxtricity|69/100
|-enditem|p1a: Toxtricity|Throat Spray|[from] move: Knock Off|[of] p2a: Ferroseed
|
|upkeep
|turn|10
|j| UULT2 Adrift
|
|move|p1a: Toxtricity|Boomburst|p2a: Ferroseed
|-resisted|p2a: Ferroseed
|-damage|p2a: Ferroseed|0 fnt
|faint|p2a: Ferroseed
|
|upkeep
|
|switch|p2a: Necrozma|Necrozma|100/100
|-damage|p2a: Necrozma|88/100|[from] Stealth Rock
|turn|11
|
|move|p1a: Toxtricity|Boomburst|p2a: Necrozma
|-damage|p2a: Necrozma|22/100
|move|p2a: Necrozma|Earth Power|p1a: Toxtricity
|-supereffective|p1a: Toxtricity
|-damage|p1a: Toxtricity|0 fnt
|faint|p1a: Toxtricity
|
|-heal|p2a: Necrozma|28/100|[from] item: Leftovers
|upkeep
|
|switch|p1a: Linoone|Linoone, M|100/100
|-damage|p1a: Linoone|88/100|[from] Spikes
|turn|12
|
|move|p2a: Necrozma|Photon Geyser|p1a: Linoone
|-damage|p1a: Linoone|10/100
|-enditem|p1a: Linoone|Figy Berry|[eat]
|-heal|p1a: Linoone|43/100|[from] item: Figy Berry
|move|p1a: Linoone|Belly Drum||[still]
|-fail|p1a: Linoone
|
|-heal|p2a: Necrozma|34/100|[from] item: Leftovers
|upkeep
|turn|13
|
|move|p1a: Linoone|Extreme Speed|p2a: Necrozma
|-damage|p2a: Necrozma|4/100
|move|p2a: Necrozma|Photon Geyser|p1a: Linoone
|-damage|p1a: Linoone|0 fnt
|faint|p1a: Linoone
|
|-heal|p2a: Necrozma|10/100|[from] item: Leftovers
|upkeep
|
|switch|p1a: Espeon|Espeon, F|100/100
|-damage|p1a: Espeon|88/100|[from] Spikes
|turn|14
|j| UULT2 Misaa
|
|move|p1a: Espeon|Light Screen|p1a: Espeon
|-sidestart|p1: Poloremplo|move: Light Screen
|move|p2a: Necrozma|Earth Power|p1a: Espeon
|-damage|p1a: Espeon|72/100
|
|-heal|p2a: Necrozma|16/100|[from] item: Leftovers
|upkeep
|turn|15
|
|move|p1a: Espeon|Psychic|p2a: Necrozma
|-resisted|p2a: Necrozma
|-damage|p2a: Necrozma|0 fnt
|faint|p2a: Necrozma
|
|upkeep
|
|switch|p2a: Noivern|Noivern, F|100/100
|turn|16
|j| Odd Della Robbia
|
|move|p2a: Noivern|U-turn|p1a: Espeon
|-supereffective|p1a: Espeon
|-damage|p1a: Espeon|41/100
|
|switch|p2a: Darmanitan|Darmanitan, F|100/100|[from]move: U-turn
|move|p1a: Espeon|Psychic|p2a: Darmanitan
|-damage|p2a: Darmanitan|43/100
|
|upkeep
|turn|17
|c|☆UULT2 taxi|woah
|
|move|p1a: Espeon|Reflect|p1a: Espeon
|-sidestart|p1: Poloremplo|Reflect
|move|p2a: Darmanitan|U-turn|p1a: Espeon
|-supereffective|p1a: Espeon
|-damage|p1a: Espeon|0 fnt
|faint|p1a: Espeon
|
|switch|p2a: Rotom|Rotom-Wash|100/100|[from]move: U-turn
|-damage|p2a: Rotom|88/100|[from] Stealth Rock
|
|-heal|p2a: Rotom|94/100|[from] item: Leftovers
|upkeep
|
|switch|p1a: Barbaracle|Barbaracle, F|100/100
|-damage|p1a: Barbaracle|88/100|[from] Spikes
|turn|18
|
|move|p1a: Barbaracle|Shell Smash|p1a: Barbaracle
|-unboost|p1a: Barbaracle|def|1
|-unboost|p1a: Barbaracle|spd|1
|-boost|p1a: Barbaracle|atk|2
|-boost|p1a: Barbaracle|spa|2
|-boost|p1a: Barbaracle|spe|2
|move|p2a: Rotom|Will-O-Wisp|p1a: Barbaracle
|-status|p1a: Barbaracle|brn
|
|-heal|p2a: Rotom|99/100|[from] item: Leftovers
|-damage|p1a: Barbaracle|82/100 brn|[from] brn
|upkeep
|turn|19
|
|move|p1a: Barbaracle|Rock Blast|p2a: Rotom
|-damage|p2a: Rotom|87/100
|-damage|p2a: Rotom|74/100
|-hitcount|p2a: Rotom|2
|-damage|p1a: Barbaracle|72/100 brn|[from] item: Life Orb
|move|p2a: Rotom|Volt Switch|p1a: Barbaracle
|-supereffective|p1a: Barbaracle
|-crit|p1a: Barbaracle
|-damage|p1a: Barbaracle|0 fnt
|faint|p1a: Barbaracle
|
|win|UULT2 taxi
|c|☆UULT2 taxi|gg
