|j|☆Whole Lotta Bread
|j|☆Springerk
|t:|1654536066
|gametype|singles
|player|p1|Whole Lotta Bread|roughneck-gen4|1327
|player|p2|Springerk|tuberf|1422
|teamsize|p1|6
|teamsize|p2|6
|gen|8
|tier|[Gen 8] UU
|rated|
|rule|Sleep Clause Mod: Limit one foe put to sleep
|rule|Species Clause: Limit one of each Pokémon
|rule|OHKO Clause: OHKO moves are banned
|rule|Evasion Moves Clause: Evasion moves are banned
|rule|Endless Battle Clause: Forcing endless battles is banned
|rule|HP Percentage Mod: HP is shown in percentages
|rule|Dynamax Clause: You cannot dynamax
|clearpoke
|poke|p1|Hippowdon, M|
|poke|p1|Amoonguss, M|
|poke|p1|Excadrill, M|
|poke|p1|Slowking, F|
|poke|p1|Conkeldurr, F|
|poke|p1|Hydreigon, M|
|poke|p2|Slowbro-Galar, M|
|poke|p2|Lycanroc-Dusk, F|
|poke|p2|Mandibuzz, F|
|poke|p2|Zarude|
|poke|p2|Jirachi|
|poke|p2|Darmanitan, M|
|teampreview
|inactive|Battle timer is ON: inactive players will automatically lose when time's up. (requested by Whole Lotta Bread)
|inactive|Springerk has 120 seconds left.
|
|t:|1654536106
|start
|switch|p1a: Hippowdon|Hippowdon, M|100/100
|switch|p2a: Darmanitan|Darmanitan, M|100/100
|-weather|Sandstorm|[from] ability: Sand Stream|[of] p1a: Hippowdon
|turn|1
|
|t:|1654536118
|move|p2a: Darmanitan|U-turn|p1a: Hippowdon
|-damage|p1a: Hippowdon|83/100
|
|t:|1654536127
|switch|p2a: Zarude|Zarude|100/100|[from]move: U-turn
|move|p1a: Hippowdon|Earthquake|p2a: Zarude
|-resisted|p2a: Zarude
|-damage|p2a: Zarude|83/100
|
|-weather|Sandstorm|[upkeep]
|-damage|p2a: Zarude|77/100|[from] Sandstorm
|-heal|p1a: Hippowdon|89/100|[from] item: Leftovers
|upkeep
|turn|2
|
|t:|1654536134
|move|p2a: Zarude|U-turn|p1a: Hippowdon
|-damage|p1a: Hippowdon|73/100
|
|t:|1654536150
|switch|p2a: Jirachi|Jirachi|100/100|[from]move: U-turn
|move|p1a: Hippowdon|Stealth Rock|p2a: Jirachi
|-sidestart|p2: Springerk|move: Stealth Rock
|
|-weather|Sandstorm|[upkeep]
|-heal|p1a: Hippowdon|80/100|[from] item: Leftovers
|upkeep
|turn|3
|
|t:|1654536157
|switch|p2a: Zarude|Zarude|77/100
|move|p1a: Hippowdon|Earthquake|p2a: Zarude
|-resisted|p2a: Zarude
|-damage|p2a: Zarude|58/100
|
|-weather|Sandstorm|[upkeep]
|-damage|p2a: Zarude|52/100|[from] Sandstorm
|-heal|p1a: Hippowdon|86/100|[from] item: Leftovers
|upkeep
|turn|4
|
|t:|1654536167
|switch|p1a: Amoonguss|Amoonguss, M|100/100
|move|p2a: Zarude|U-turn|p1a: Amoonguss
|-damage|p1a: Amoonguss|82/100
|-damage|p2a: Zarude|35/100|[from] item: Rocky Helmet|[of] p1a: Amoonguss
|
|t:|1654536173
|switch|p2a: Mandibuzz|Mandibuzz, F|100/100|[from]move: U-turn
|
|-weather|Sandstorm|[upkeep]
|-damage|p1a: Amoonguss|76/100|[from] Sandstorm
|upkeep
|turn|5
|
|t:|1654536178
|move|p2a: Mandibuzz|Defog|p1a: Amoonguss
|-unboost|p1a: Amoonguss|evasion|1
|-sideend|p2: Springerk|Stealth Rock|[from] move: Defog|[of] p2a: Mandibuzz
|move|p1a: Amoonguss|Sludge Bomb|p2a: Mandibuzz
|-damage|p2a: Mandibuzz|79/100
|-status|p2a: Mandibuzz|psn
|
|-weather|none
|-damage|p2a: Mandibuzz|67/100 psn|[from] psn
|upkeep
|turn|6
|
|t:|1654536188
|move|p2a: Mandibuzz|Knock Off|p1a: Amoonguss
|-damage|p1a: Amoonguss|57/100
|-damage|p2a: Mandibuzz|50/100 psn|[from] item: Rocky Helmet|[of] p1a: Amoonguss
|-enditem|p1a: Amoonguss|Rocky Helmet|[from] move: Knock Off|[of] p2a: Mandibuzz
|move|p1a: Amoonguss|Sludge Bomb|p2a: Mandibuzz
|-damage|p2a: Mandibuzz|29/100 psn
|
|-damage|p2a: Mandibuzz|16/100 psn|[from] psn
|upkeep
|turn|7
|
|t:|1654536197
|switch|p2a: Jirachi|Jirachi|100/100
|switch|p1a: Conkeldurr|Conkeldurr, F|100/100
|
|-status|p1a: Conkeldurr|brn|[from] item: Flame Orb
|upkeep
|turn|8
|
|t:|1654536204
|move|p2a: Jirachi|Iron Head|p1a: Conkeldurr
|-damage|p1a: Conkeldurr|72/100 brn
|move|p1a: Conkeldurr|Knock Off|p2a: Jirachi
|-supereffective|p2a: Jirachi
|-damage|p2a: Jirachi|0 fnt
|-enditem|p2a: Jirachi|Leftovers|[from] move: Knock Off|[of] p1a: Conkeldurr
|faint|p2a: Jirachi
|
|-damage|p1a: Conkeldurr|66/100 brn|[from] brn
|upkeep
|c|☆Whole Lotta Bread|lol
|
|t:|1654536224
|switch|p2a: Darmanitan|Darmanitan, M|100/100
|turn|9
|
|t:|1654536239
|switch|p1a: Slowking|Slowking, F|100/100
|move|p2a: Darmanitan|Flare Blitz|p1a: Slowking
|-resisted|p1a: Slowking
|-damage|p1a: Slowking|71/100
|-damage|p2a: Darmanitan|89/100|[from] Recoil
|
|upkeep
|turn|10
|
|t:|1654536246
|switch|p2a: Zarude|Zarude|35/100
|move|p1a: Slowking|Teleport|p1a: Slowking
|
|t:|1654536254
|switch|p1a: Amoonguss|Amoonguss, M|90/100|[from]move: Teleport
|
|upkeep
|turn|11
|
|t:|1654536261
|move|p2a: Zarude|U-turn|p1a: Amoonguss
|-damage|p1a: Amoonguss|73/100
|
|t:|1654536264
|switch|p2a: Slowbro|Slowbro-Galar, M|100/100|[from]move: U-turn
|move|p1a: Amoonguss|Spore|p2a: Slowbro
|-status|p2a: Slowbro|slp|[from] move: Spore
|
|upkeep
|turn|12
|
|t:|1654536273
|switch|p1a: Hydreigon|Hydreigon, M|100/100
|switch|p2a: Zarude|Zarude|35/100
|
|upkeep
|turn|13
|
|t:|1654536279
|move|p2a: Zarude|Jungle Healing|p2a: Zarude
|-heal|p2a: Zarude|60/100
|move|p1a: Hydreigon|Roost||[still]
|-fail|p1a: Hydreigon|heal
|
|upkeep
|turn|14
|
|t:|1654536286
|move|p2a: Zarude|U-turn|p1a: Hydreigon
|-supereffective|p1a: Hydreigon
|-damage|p1a: Hydreigon|49/100
|
|t:|1654536294
|switch|p2a: Mandibuzz|Mandibuzz, F|16/100 psn|[from]move: U-turn
|move|p1a: Hydreigon|Draco Meteor|p2a: Mandibuzz
|-damage|p2a: Mandibuzz|0 fnt
|-unboost|p1a: Hydreigon|spa|2
|faint|p2a: Mandibuzz
|-damage|p1a: Hydreigon|40/100|[from] item: Life Orb
|
|upkeep
|
|t:|1654536308
|switch|p2a: Lycanroc|Lycanroc-Dusk, F|100/100
|turn|15
|
|t:|1654536322
|switch|p1a: Hippowdon|Hippowdon, M|86/100
|-weather|Sandstorm|[from] ability: Sand Stream|[of] p1a: Hippowdon
|move|p2a: Lycanroc|Swords Dance|p2a: Lycanroc
|-boost|p2a: Lycanroc|atk|2
|
|-weather|Sandstorm|[upkeep]
|-heal|p1a: Hippowdon|92/100|[from] item: Leftovers
|upkeep
|turn|16
|
|t:|1654536330
|move|p2a: Lycanroc|Close Combat|p1a: Hippowdon
|-damage|p1a: Hippowdon|0 fnt
|-unboost|p2a: Lycanroc|def|1
|-unboost|p2a: Lycanroc|spd|1
|faint|p1a: Hippowdon
|-damage|p2a: Lycanroc|91/100|[from] item: Life Orb
|
|-weather|Sandstorm|[upkeep]
|upkeep
|
|t:|1654536334
|switch|p1a: Excadrill|Excadrill, M|100/100
|turn|17
|
|t:|1654536341
|switch|p2a: Zarude|Zarude|60/100
|move|p1a: Excadrill|Earthquake|p2a: Zarude
|-resisted|p2a: Zarude
|-damage|p2a: Zarude|37/100
|
|-weather|Sandstorm|[upkeep]
|-damage|p2a: Zarude|31/100|[from] Sandstorm
|upkeep
|turn|18
|
|t:|1654536346
|switch|p2a: Slowbro|Slowbro-Galar, M|100/100 slp
|move|p1a: Excadrill|Iron Head|p2a: Slowbro
|-damage|p2a: Slowbro|61/100 slp
|
|-weather|Sandstorm|[upkeep]
|-damage|p2a: Slowbro|55/100 slp|[from] Sandstorm
|upkeep
|turn|19
|
|t:|1654536359
|switch|p2a: Zarude|Zarude|31/100
|move|p1a: Excadrill|Rapid Spin|p2a: Zarude
|-damage|p2a: Zarude|13/100
|-boost|p1a: Excadrill|spe|1
|
|-weather|none
|upkeep
|turn|20
|
|t:|1654536373
|move|p1a: Excadrill|Rapid Spin|p2a: Zarude
|-damage|p2a: Zarude|0 fnt
|-boost|p1a: Excadrill|spe|1
|faint|p2a: Zarude
|
|upkeep
|
|t:|1654536383
|switch|p2a: Darmanitan|Darmanitan, M|89/100
|turn|21
|
|t:|1654536386
|move|p1a: Excadrill|Earthquake|p2a: Darmanitan
|-supereffective|p2a: Darmanitan
|-damage|p2a: Darmanitan|0 fnt
|faint|p2a: Darmanitan
|
|upkeep
|-message|Springerk forfeited.
|
|win|Whole Lotta Bread
|raw|Whole Lotta Bread's rating: 1327 &rarr; <strong>1352</strong><br />(+25 for winning)
|raw|Springerk's rating: 1422 &rarr; <strong>1397</strong><br />(-25 for losing)
|l|☆Springerk
|c|☆Whole Lotta Bread|gg
||Ladder isn't responding, score probably updated but might not have (Request timeout).
