|j|☆gijion chilli
|j|☆jarring
|player|p1|gijion chilli|2|1373
|player|p2|jarring|birdkeeper-gen4dp|1379
|teamsize|p1|6
|teamsize|p2|6
|gametype|singles
|gen|8
|tier|[Gen 8] UU
|rated|
|clearpoke
|poke|p1|Tsareena, F|
|poke|p1|Jellicent, M|
|poke|p1|Gigalith, F|
|poke|p1|Durant, M|
|poke|p1|Weezing-Galar, M|
|poke|p1|Diggersby, F|
|poke|p2|Golisopod, F|
|poke|p2|Bronzong|
|poke|p2|Noivern, F|
|poke|p2|Haxorus, M|
|poke|p2|Gardevoir, F|
|poke|p2|Heliolisk, M|
|rule|Sleep Clause Mod: Limit one foe put to sleep
|rule|Species Clause: Limit one of each Pokémon
|rule|OHKO Clause: OHKO moves are banned
|rule|Evasion Moves Clause: Evasion moves are banned
|rule|Endless Battle Clause: Forcing endless battles is banned
|rule|HP Percentage Mod: HP is shown in percentages
|rule|Dynamax Clause: You cannot dynamax
|teampreview
|inactive|Battle timer is ON: inactive players will automatically lose when time's up. (requested by jarring)
|
|start
|switch|p1a: Durant|Durant, M|100/100
|switch|p2a: Noivern|Noivern, F|100/100
|-item|p1a: Durant|Choice Band|[from] ability: Frisk|[of] p2a: Noivern|[identify]
|turn|1
|
|switch|p1a: Gigalith|Gigalith, F|100/100
|-weather|Sandstorm|[from] ability: Sand Stream|[of] p1a: Gigalith
|move|p2a: Noivern|Draco Meteor|p1a: Gigalith
|-damage|p1a: Gigalith|75/100
|-unboost|p2a: Noivern|spa|2
|
|-weather|Sandstorm|[upkeep]
|-damage|p2a: Noivern|94/100|[from] Sandstorm
|-heal|p1a: Gigalith|81/100|[from] item: Leftovers
|upkeep
|turn|2
|j| Big Black Chungus
|
|move|p2a: Noivern|U-turn|p1a: Gigalith
|-damage|p1a: Gigalith|74/100
|
|switch|p2a: Bronzong|Bronzong|100/100|[from]move: U-turn
|move|p1a: Gigalith|Stealth Rock|p2a: Bronzong
|-sidestart|p2: jarring|move: Stealth Rock
|
|-weather|Sandstorm|[upkeep]
|-heal|p1a: Gigalith|80/100|[from] item: Leftovers
|upkeep
|turn|3
|l| Big Black Chungus
|
|switch|p1a: Durant|Durant, M|100/100
|move|p2a: Bronzong|Stealth Rock|p1a: Durant
|-sidestart|p1: gijion chilli|move: Stealth Rock
|
|-weather|Sandstorm|[upkeep]
|upkeep
|turn|4
|
|move|p2a: Bronzong|Protect|p2a: Bronzong
|-singleturn|p2a: Bronzong|Protect
|move|p1a: Durant|Crunch|p2a: Bronzong
|-activate|p2a: Bronzong|move: Protect
|
|-weather|Sandstorm|[upkeep]
|upkeep
|turn|5
|
|move|p1a: Durant|Crunch|p2a: Bronzong
|-supereffective|p2a: Bronzong
|-enditem|p2a: Bronzong|Colbur Berry|[eat]
|-enditem|p2a: Bronzong|Colbur Berry|[weaken]
|-damage|p2a: Bronzong|56/100
|-unboost|p2a: Bronzong|def|1
|move|p2a: Bronzong|Body Press|p1a: Durant
|-damage|p1a: Durant|81/100
|
|-weather|none
|upkeep
|turn|6
|
|switch|p2a: Noivern|Noivern, F|94/100
|-item|p1a: Durant|Choice Band|[from] ability: Frisk|[of] p2a: Noivern|[identify]
|move|p1a: Durant|Crunch|p2a: Noivern
|-damage|p2a: Noivern|30/100
|
|upkeep
|turn|7
|
|switch|p1a: Gigalith|Gigalith, F|80/100
|-damage|p1a: Gigalith|68/100|[from] Stealth Rock
|-weather|Sandstorm|[from] ability: Sand Stream|[of] p1a: Gigalith
|move|p2a: Noivern|Roost|p2a: Noivern
|-heal|p2a: Noivern|80/100
|-singleturn|p2a: Noivern|move: Roost
|
|-weather|Sandstorm|[upkeep]
|-damage|p2a: Noivern|74/100|[from] Sandstorm
|-heal|p1a: Gigalith|74/100|[from] item: Leftovers
|upkeep
|turn|8
|
|move|p2a: Noivern|U-turn|p1a: Gigalith
|-damage|p1a: Gigalith|66/100
|
|switch|p2a: Bronzong|Bronzong|56/100|[from]move: U-turn
|-damage|p2a: Bronzong|49/100|[from] Stealth Rock
|move|p1a: Gigalith|Stone Edge|p2a: Bronzong
|-resisted|p2a: Bronzong
|-damage|p2a: Bronzong|32/100
|
|-weather|Sandstorm|[upkeep]
|-heal|p1a: Gigalith|72/100|[from] item: Leftovers
|upkeep
|turn|9
|
|switch|p1a: Weezing|Weezing-Galar, M|100/100
|-damage|p1a: Weezing|88/100|[from] Stealth Rock
|move|p2a: Bronzong|Body Press|p1a: Weezing
|-resisted|p1a: Weezing
|-damage|p1a: Weezing|85/100
|
|-weather|Sandstorm|[upkeep]
|-damage|p1a: Weezing|79/100|[from] Sandstorm
|-heal|p1a: Weezing|85/100|[from] item: Black Sludge
|upkeep
|turn|10
|
|switch|p1a: Durant|Durant, M|81/100
|-damage|p1a: Durant|69/100|[from] Stealth Rock
|move|p2a: Bronzong|Protect||[still]
|-fail|p2a: Bronzong
|
|-weather|Sandstorm|[upkeep]
|upkeep
|turn|11
|
|move|p2a: Bronzong|Protect|p2a: Bronzong
|-singleturn|p2a: Bronzong|Protect
|move|p1a: Durant|Crunch|p2a: Bronzong
|-activate|p2a: Bronzong|move: Protect
|
|-weather|none
|upkeep
|turn|12
|
|switch|p2a: Noivern|Noivern, F|74/100
|-item|p1a: Durant|Choice Band|[from] ability: Frisk|[of] p2a: Noivern|[identify]
|move|p1a: Durant|Crunch|p2a: Noivern
|-damage|p2a: Noivern|9/100
|
|upkeep
|turn|13
|
|switch|p1a: Gigalith|Gigalith, F|72/100
|-damage|p1a: Gigalith|59/100|[from] Stealth Rock
|-weather|Sandstorm|[from] ability: Sand Stream|[of] p1a: Gigalith
|move|p2a: Noivern|Draco Meteor|p1a: Gigalith
|-damage|p1a: Gigalith|33/100
|-unboost|p2a: Noivern|spa|2
|
|-weather|Sandstorm|[upkeep]
|-damage|p2a: Noivern|3/100|[from] Sandstorm
|-heal|p1a: Gigalith|40/100|[from] item: Leftovers
|upkeep
|turn|14
|
|move|p2a: Noivern|U-turn|p1a: Gigalith
|-damage|p1a: Gigalith|31/100
|
|switch|p2a: Bronzong|Bronzong|32/100|[from]move: U-turn
|-damage|p2a: Bronzong|25/100|[from] Stealth Rock
|move|p1a: Gigalith|Stone Edge|p2a: Bronzong|[miss]
|-miss|p1a: Gigalith|p2a: Bronzong
|
|-weather|Sandstorm|[upkeep]
|-heal|p1a: Gigalith|37/100|[from] item: Leftovers
|upkeep
|turn|15
|
|switch|p2a: Heliolisk|Heliolisk, M|100/100
|-damage|p2a: Heliolisk|88/100|[from] Stealth Rock
|switch|p1a: Weezing|Weezing-Galar, M|85/100
|-damage|p1a: Weezing|72/100|[from] Stealth Rock
|
|-weather|Sandstorm|[upkeep]
|-damage|p2a: Heliolisk|82/100|[from] Sandstorm
|-damage|p1a: Weezing|66/100|[from] Sandstorm
|-heal|p1a: Weezing|72/100|[from] item: Black Sludge
|upkeep
|turn|16
|
|switch|p1a: Gigalith|Gigalith, F|37/100
|-damage|p1a: Gigalith|25/100|[from] Stealth Rock
|move|p2a: Heliolisk|Thunderbolt|p1a: Gigalith
|-damage|p1a: Gigalith|0 fnt
|faint|p1a: Gigalith
|
|-weather|Sandstorm|[upkeep]
|-damage|p2a: Heliolisk|76/100|[from] Sandstorm
|upkeep
|
|switch|p1a: Tsareena|Tsareena, F|100/100
|turn|17
|
|move|p2a: Heliolisk|Hyper Voice|p1a: Tsareena
|-damage|p1a: Tsareena|52/100
|move|p1a: Tsareena|Rapid Spin|p2a: Heliolisk
|-crit|p2a: Heliolisk
|-damage|p2a: Heliolisk|20/100
|-boost|p1a: Tsareena|spe|1
|-sideend|p1: gijion chilli|Stealth Rock|[from] move: Rapid Spin|[of] p1a: Tsareena
|
|-weather|none
|upkeep
|turn|18
|
|switch|p2a: Bronzong|Bronzong|25/100
|-damage|p2a: Bronzong|19/100|[from] Stealth Rock
|move|p1a: Tsareena|Rapid Spin|p2a: Bronzong
|-resisted|p2a: Bronzong
|-damage|p2a: Bronzong|12/100
|-boost|p1a: Tsareena|spe|1
|
|upkeep
|turn|19
|
|move|p1a: Tsareena|Knock Off|p2a: Bronzong
|-supereffective|p2a: Bronzong
|-damage|p2a: Bronzong|0 fnt
|faint|p2a: Bronzong
|
|upkeep
|
|switch|p2a: Haxorus|Haxorus, M|100/100
|-damage|p2a: Haxorus|88/100|[from] Stealth Rock
|-ability|p2a: Haxorus|Mold Breaker
|turn|20
|
|move|p1a: Tsareena|U-turn|p2a: Haxorus
|-damage|p2a: Haxorus|59/100
|
|switch|p1a: Durant|Durant, M|69/100|[from]move: U-turn
|move|p2a: Haxorus|Dragon Claw|p1a: Durant
|-resisted|p1a: Durant
|-damage|p1a: Durant|30/100
|
|upkeep
|turn|21
|inactive|jarring has 120 seconds left.
|
|switch|p2a: Golisopod|Golisopod, F|100/100
|move|p1a: Durant|Crunch|p2a: Golisopod
|-damage|p2a: Golisopod|56/100
|-unboost|p2a: Golisopod|def|1
|
|upkeep
|turn|22
|inactive|jarring has 120 seconds left.
|
|switch|p1a: Tsareena|Tsareena, F|52/100
|move|p2a: Golisopod|Aqua Jet||[still]
|cant|p1a: Tsareena|ability: Queenly Majesty|Aqua Jet|[of] p2a: Golisopod
|
|upkeep
|turn|23
|
|move|p1a: Tsareena|Rapid Spin|p2a: Golisopod
|-damage|p2a: Golisopod|37/100
|-boost|p1a: Tsareena|spe|1
|-activate|p2a: Golisopod|ability: Emergency Exit
|
|switch|p2a: Noivern|Noivern, F|3/100
|-item|p1a: Tsareena|Heavy-Duty Boots|[from] ability: Frisk|[of] p2a: Noivern|[identify]
|
|upkeep
|turn|24
|
|move|p1a: Tsareena|Rapid Spin|p2a: Noivern
|-damage|p2a: Noivern|0 fnt
|-boost|p1a: Tsareena|spe|1
|faint|p2a: Noivern
|
|upkeep
|c|☆jarring|gg
|c|☆jarring|wp with the spins
|-message|jarring forfeited.
|
|win|gijion chilli
|l|☆jarring
