|j|☆theidkshow
|j|☆MobiMolle
|t:|1664322200
|gametype|singles
|player|p1|theidkshow|unknown|1428
|player|p2|MobiMolle|1|1555
|teamsize|p1|6
|teamsize|p2|6
|gen|8
|tier|[Gen 8] UU
|rated|
|rule|Sleep Clause Mod: Limit one foe put to sleep
|rule|Species Clause: Limit one of each Pokémon
|rule|OHKO Clause: OHKO moves are banned
|rule|Evasion Items Clause: Evasion items are banned
|rule|Evasion Moves Clause: Evasion moves are banned
|rule|Endless Battle Clause: Forcing endless battles is banned
|rule|HP Percentage Mod: HP is shown in percentages
|rule|Dynamax Clause: You cannot dynamax
|clearpoke
|poke|p1|Obstagoon, M|
|poke|p1|Scolipede, F|
|poke|p1|Mamoswine, M|
|poke|p1|Azelf|
|poke|p1|Rotom-Wash|
|poke|p1|Celesteela|
|poke|p2|Nihilego|
|poke|p2|Excadrill, M|
|poke|p2|Azumarill, M|
|poke|p2|Salamence, M|
|poke|p2|Rotom-Heat|
|poke|p2|Conkeldurr, M|
|teampreview
|inactive|Battle timer is ON: inactive players will automatically lose when time's up. (requested by MobiMolle)
|c|☆MobiMolle|Hf
|
|t:|1664322218
|start
|switch|p1a: Scolipede|Scolipede, F|100/100
|switch|p2a: Kamina|Excadrill, M, shiny|100/100
|-ability|p2a: Kamina|Mold Breaker
|turn|1
|
|t:|1664322226
|move|p1a: Scolipede|Earthquake|p2a: Kamina
|-supereffective|p2a: Kamina
|-damage|p2a: Kamina|20/100
|move|p2a: Kamina|Earthquake|p1a: Scolipede
|-damage|p1a: Scolipede|17/100
|
|-ability|p1a: Scolipede|Speed Boost|boost
|-boost|p1a: Scolipede|spe|1
|upkeep
|turn|2
|
|t:|1664322235
|switch|p2a: Virus|Rotom-Heat|100/100
|move|p1a: Scolipede|Spikes|p2a: Virus
|-sidestart|p2: MobiMolle|Spikes
|
|-ability|p1a: Scolipede|Speed Boost|boost
|-boost|p1a: Scolipede|spe|1
|upkeep
|turn|3
|
|t:|1664322243
|move|p1a: Scolipede|Endeavor|p2a: Virus
|-damage|p2a: Virus|18/100
|move|p2a: Virus|Volt Switch|p1a: Scolipede
|-damage|p1a: Scolipede|0 fnt
|faint|p1a: Scolipede
|
|t:|1664322263
|switch|p2a: Hashira|Conkeldurr, M|100/100|[from]move: Volt Switch
|-damage|p2a: Hashira|88/100|[from] Spikes
|
|-status|p2a: Hashira|brn|[from] item: Flame Orb
|upkeep
|
|t:|1664322270
|switch|p1a: Azelf|Azelf|100/100
|turn|4
|
|t:|1664322281
|move|p1a: Azelf|Psyshock|p2a: Hashira
|-supereffective|p2a: Hashira
|-damage|p2a: Hashira|0 fnt
|faint|p2a: Hashira
|
|upkeep
|
|t:|1664322297
|switch|p2a: Nexus|Azumarill, M, shiny|100/100
|-damage|p2a: Nexus|88/100|[from] Spikes
|turn|5
|
|t:|1664322307
|move|p1a: Azelf|Energy Ball|p2a: Nexus
|-supereffective|p2a: Nexus
|-damage|p2a: Nexus|13/100
|-enditem|p2a: Nexus|Sitrus Berry|[eat]
|-heal|p2a: Nexus|37/100|[from] item: Sitrus Berry
|move|p2a: Nexus|Play Rough|p1a: Azelf
|-damage|p1a: Azelf|17/100
|
|upkeep
|turn|6
|c|☆MobiMolle|Expert belt???
|c|☆theidkshow|ye
|inactive|theidkshow has 120 seconds left.
|
|t:|1664322352
|move|p2a: Nexus|Aqua Jet|p1a: Azelf
|-damage|p1a: Azelf|0 fnt
|faint|p1a: Azelf
|
|upkeep
|
|t:|1664322354
|switch|p1a: Rotom|Rotom-Wash|100/100
|turn|7
|inactive|theidkshow has 120 seconds left.
|
|t:|1664322365
|switch|p2a: Kamina|Excadrill, M, shiny|20/100
|-damage|p2a: Kamina|7/100|[from] Spikes
|-ability|p2a: Kamina|Mold Breaker
|move|p1a: Rotom|Volt Switch|p2a: Kamina
|-immune|p2a: Kamina
|
|upkeep
|turn|8
|
|t:|1664322374
|switch|p1a: Celesteela|Celesteela|100/100
|move|p2a: Kamina|Rapid Spin|p1a: Celesteela
|-resisted|p1a: Celesteela
|-damage|p1a: Celesteela|91/100
|-boost|p2a: Kamina|spe|1
|-sideend|p2: MobiMolle|Spikes|[from] move: Rapid Spin|[of] p2a: Kamina
|
|upkeep
|turn|9
|
|t:|1664322387
|switch|p2a: Storm-9|Nihilego|100/100
|move|p1a: Celesteela|Autotomize|p1a: Celesteela
|-boost|p1a: Celesteela|spe|2
|-start|p1a: Celesteela|Autotomize
|
|upkeep
|turn|10
|
|t:|1664322395
|move|p1a: Celesteela|Meteor Beam||[still]
|-prepare|p1a: Celesteela|Meteor Beam
|-boost|p1a: Celesteela|spa|1
|-enditem|p1a: Celesteela|Power Herb
|-anim|p1a: Celesteela|Meteor Beam|p2a: Storm-9
|-damage|p2a: Storm-9|55/100
|move|p2a: Storm-9|Meteor Beam||[still]
|-prepare|p2a: Storm-9|Meteor Beam
|-boost|p2a: Storm-9|spa|1
|-enditem|p2a: Storm-9|Power Herb
|-anim|p2a: Storm-9|Meteor Beam|p1a: Celesteela
|-damage|p1a: Celesteela|10/100
|
|upkeep
|turn|11
|
|t:|1664322420
|move|p1a: Celesteela|Air Slash|p2a: Storm-9
|-resisted|p2a: Storm-9
|-damage|p2a: Storm-9|35/100
|move|p2a: Storm-9|Power Gem|p1a: Celesteela
|-damage|p1a: Celesteela|0 fnt
|faint|p1a: Celesteela
|-ability|p2a: Storm-9|Beast Boost|boost
|-boost|p2a: Storm-9|spe|1
|
|upkeep
|
|t:|1664322425
|switch|p1a: Mamoswine|Mamoswine, M|100/100
|turn|12
|
|t:|1664322437
|move|p1a: Mamoswine|Ice Shard|p2a: Storm-9
|-damage|p2a: Storm-9|0 fnt
|faint|p2a: Storm-9
|-damage|p1a: Mamoswine|91/100|[from] item: Life Orb
|
|upkeep
|
|t:|1664322449
|switch|p2a: Nexus|Azumarill, M, shiny|37/100
|turn|13
|
|t:|1664322477
|switch|p1a: Rotom|Rotom-Wash|100/100
|move|p2a: Nexus|Aqua Jet|p1a: Rotom
|-resisted|p1a: Rotom
|-damage|p1a: Rotom|88/100
|
|upkeep
|turn|14
|
|t:|1664322490
|switch|p2a: Kamina|Excadrill, M, shiny|7/100
|-ability|p2a: Kamina|Mold Breaker
|move|p1a: Rotom|Hydro Pump|p2a: Kamina
|-supereffective|p2a: Kamina
|-damage|p2a: Kamina|0 fnt
|faint|p2a: Kamina
|
|upkeep
|
|t:|1664322515
|switch|p2a: Soar|Salamence, M|100/100
|turn|15
|
|t:|1664322526
|switch|p1a: Obstagoon|Obstagoon, M|100/100
|move|p2a: Soar|Outrage|p1a: Obstagoon
|-damage|p1a: Obstagoon|28/100
|
|-status|p1a: Obstagoon|brn|[from] item: Flame Orb
|upkeep
|turn|16
|
|t:|1664322534
|move|p2a: Soar|Outrage|p1a: Obstagoon|[from]lockedmove
|-damage|p1a: Obstagoon|0 fnt
|faint|p1a: Obstagoon
|-ability|p2a: Soar|Moxie|boost
|-boost|p2a: Soar|atk|1
|
|upkeep
|
|t:|1664322537
|switch|p1a: Mamoswine|Mamoswine, M|91/100
|turn|17
|
|t:|1664322543
|move|p1a: Mamoswine|Ice Shard|p2a: Soar
|-supereffective|p2a: Soar
|-damage|p2a: Soar|0 fnt
|faint|p2a: Soar
|-damage|p1a: Mamoswine|81/100|[from] item: Life Orb
|
|upkeep
|
|t:|1664322556
|switch|p2a: Virus|Rotom-Heat|18/100
|turn|18
|
|t:|1664322559
|move|p1a: Mamoswine|Ice Shard|p2a: Virus
|-resisted|p2a: Virus
|-damage|p2a: Virus|0 fnt
|faint|p2a: Virus
|-damage|p1a: Mamoswine|71/100|[from] item: Life Orb
|
|upkeep
|
|t:|1664322565
|switch|p2a: Nexus|Azumarill, M, shiny|37/100
|turn|19
|
|t:|1664322572
|move|p2a: Nexus|Aqua Jet|p1a: Mamoswine
|-supereffective|p1a: Mamoswine
|-damage|p1a: Mamoswine|9/100
|move|p1a: Mamoswine|Earthquake|p2a: Nexus
|-damage|p2a: Nexus|0 fnt
|faint|p2a: Nexus
|-damage|p1a: Mamoswine|0 fnt|[from] item: Life Orb
|faint|p1a: Mamoswine
|
|win|theidkshow
|raw|theidkshow's rating: 1428 &rarr; <strong>1455</strong><br />(+27 for winning)
|raw|MobiMolle's rating: 1555 &rarr; <strong>1528</strong><br />(-27 for losing)
|c|☆MobiMolle|Gg
|c|☆theidkshow|gg
|l|☆MobiMolle
||Ladder isn't responding, score probably updated but might not have (Request timeout).
