|j|☆Maractus-4-UU
|j|☆5 pia to the top
|t:|1660357401
|gametype|singles
|player|p1|Maractus-4-UU|may-gen3rs|1349
|player|p2|5 pia to the top|#uutrio2ladder|1635
|teamsize|p1|6
|teamsize|p2|5
|gen|8
|tier|[Gen 8] UU
|rated|
|rule|Sleep Clause Mod: Limit one foe put to sleep
|rule|Species Clause: Limit one of each Pokémon
|rule|OHKO Clause: OHKO moves are banned
|rule|Evasion Items Clause: Evasion items are banned
|rule|Evasion Moves Clause: Evasion moves are banned
|rule|Endless Battle Clause: Forcing endless battles is banned
|rule|HP Percentage Mod: HP is shown in percentages
|rule|Dynamax Clause: You cannot dynamax
|clearpoke
|poke|p1|Swampert, F|
|poke|p1|Goodra, F|
|poke|p1|Ribombee, F|
|poke|p1|Azumarill, F|
|poke|p1|Maractus, F|
|poke|p1|Polteageist|
|poke|p2|Salamence, F|
|poke|p2|Chansey, F|
|poke|p2|Umbreon, M|
|poke|p2|Quagsire, M|
|poke|p2|Tangrowth, M|
|teampreview
|c|☆5 pia to the top|oh my god
|
|t:|1660357423
|start
|switch|p1a: Merina|Swampert, F|100/100
|switch|p2a: scary airy|Salamence, F|100/100
|-ability|p2a: scary airy|Intimidate|boost
|-unboost|p1a: Merina|atk|1
|turn|1
|
|t:|1660357434
|switch|p2a: megan the eggin|Chansey, F|100/100
|move|p1a: Merina|Yawn|p2a: megan the eggin
|-start|p2a: megan the eggin|move: Yawn|[of] p1a: Merina
|
|upkeep
|turn|2
|
|t:|1660357442
|move|p1a: Merina|Stealth Rock|p2a: megan the eggin
|-sidestart|p2: 5 pia to the top|move: Stealth Rock
|move|p2a: megan the eggin|Stealth Rock|p1a: Merina
|-sidestart|p1: Maractus-4-UU|move: Stealth Rock
|
|-end|p2a: megan the eggin|move: Yawn|[silent]
|-status|p2a: megan the eggin|slp
|upkeep
|turn|3
|j| Queen of Bean ✿
|
|t:|1660357456
|-curestatus|p2a: megan the eggin|slp|[from] ability: Natural Cure
|switch|p2a: tang ur wang|Tangrowth, M|100/100
|-damage|p2a: tang ur wang|88/100|[from] Stealth Rock
|move|p1a: Merina|Ice Punch|p2a: tang ur wang
|-supereffective|p2a: tang ur wang
|-damage|p2a: tang ur wang|70/100
|
|upkeep
|turn|4
|c|☆5 pia to the top|hi shelley
|c| Queen of Bean ✿|go shelley!!!
|
|t:|1660357476
|switch|p1a: Shelley|Goodra, F|100/100
|-damage|p1a: Shelley|88/100|[from] Stealth Rock
|move|p2a: tang ur wang|Knock Off|p1a: Shelley
|-damage|p1a: Shelley|71/100
|-enditem|p1a: Shelley|Assault Vest|[from] move: Knock Off|[of] p2a: tang ur wang
|
|upkeep
|turn|5
|
|t:|1660357491
|switch|p2a: megan the eggin|Chansey, F|100/100
|-damage|p2a: megan the eggin|88/100|[from] Stealth Rock
|move|p1a: Shelley|Fire Blast|p2a: megan the eggin
|-damage|p2a: megan the eggin|80/100
|
|upkeep
|turn|6
|j| amogusroxyrrrr
|c| Queen of Bean ✿|sorry pif but its marnela
|
|t:|1660357518
|switch|p1a: Merina|Swampert, F|100/100
|-damage|p1a: Merina|94/100|[from] Stealth Rock
|move|p2a: megan the eggin|Toxic|p1a: Merina
|-status|p1a: Merina|tox
|
|-heal|p1a: Merina|100/100 tox|[from] item: Leftovers
|-damage|p1a: Merina|94/100 tox|[from] psn
|upkeep
|turn|7
|c| Queen of Bean ✿|i have to cheer for marenla
|
|t:|1660357530
|move|p1a: Merina|Earthquake|p2a: megan the eggin
|-damage|p2a: megan the eggin|55/100
|move|p2a: megan the eggin|Soft-Boiled|p2a: megan the eggin
|-heal|p2a: megan the eggin|100/100
|
|-heal|p1a: Merina|100/100 tox|[from] item: Leftovers
|-damage|p1a: Merina|88/100 tox|[from] psn
|upkeep
|turn|8
|
|t:|1660357543
|move|p1a: Merina|Yawn|p2a: megan the eggin
|-start|p2a: megan the eggin|move: Yawn|[of] p1a: Merina
|move|p2a: megan the eggin|Seismic Toss|p1a: Merina
|-damage|p1a: Merina|63/100 tox
|
|-heal|p1a: Merina|70/100 tox|[from] item: Leftovers
|-damage|p1a: Merina|51/100 tox|[from] psn
|upkeep
|turn|9
|
|t:|1660357553
|switch|p1a: Anabel|Ribombee, F, shiny|100/100
|switch|p2a: tang ur wang|Tangrowth, M|100/100
|-damage|p2a: tang ur wang|88/100|[from] Stealth Rock
|
|upkeep
|turn|10
|
|t:|1660357561
|switch|p2a: megan the eggin|Chansey, F|100/100
|-damage|p2a: megan the eggin|88/100|[from] Stealth Rock
|move|p1a: Anabel|Bug Buzz|p2a: megan the eggin
|-damage|p2a: megan the eggin|76/100
|
|upkeep
|turn|11
|
|t:|1660357568
|move|p1a: Anabel|Defog|p2a: megan the eggin
|-unboost|p2a: megan the eggin|evasion|1
|-sideend|p2: 5 pia to the top|Stealth Rock|[from] move: Defog|[of] p1a: Anabel
|-sideend|p1: Maractus-4-UU|Stealth Rock|[from] move: Defog|[of] p1a: Anabel
|move|p2a: megan the eggin|Toxic|p1a: Anabel
|-status|p1a: Anabel|tox
|
|-damage|p1a: Anabel|94/100 tox|[from] psn
|upkeep
|turn|12
|
|t:|1660357583
|switch|p1a: Marnela|Maractus, F|100/100
|move|p2a: megan the eggin|Stealth Rock|p1a: Marnela
|-sidestart|p1: Maractus-4-UU|move: Stealth Rock
|
|upkeep
|turn|13
|
|t:|1660357592
|move|p1a: Marnela|Spikes|p2a: megan the eggin
|-sidestart|p2: 5 pia to the top|Spikes
|move|p2a: megan the eggin|Toxic|p1a: Marnela
|-status|p1a: Marnela|tox
|
|-damage|p1a: Marnela|94/100 tox|[from] psn
|upkeep
|turn|14
|
|t:|1660357598
|switch|p2a: scary airy|Salamence, F|100/100
|-ability|p2a: scary airy|Intimidate|boost
|-unboost|p1a: Marnela|atk|1
|move|p1a: Marnela|Spikes|p2a: scary airy
|-sidestart|p2: 5 pia to the top|Spikes
|
|-damage|p1a: Marnela|82/100 tox|[from] psn
|upkeep
|turn|15
|
|t:|1660357616
|move|p2a: scary airy|Defog|p1a: Marnela
|-unboost|p1a: Marnela|evasion|1
|-sideend|p1: Maractus-4-UU|Stealth Rock|[from] move: Defog|[of] p2a: scary airy
|-sideend|p2: 5 pia to the top|Spikes|[from] move: Defog|[of] p2a: scary airy
|move|p1a: Marnela|Spikes|p2a: scary airy
|-sidestart|p2: 5 pia to the top|Spikes
|
|-damage|p1a: Marnela|63/100 tox|[from] psn
|upkeep
|turn|16
|j| ramoloST
|c| ramoloST|wow winning
|
|t:|1660357636
|switch|p1a: Bubbles|Azumarill, F|100/100
|move|p2a: scary airy|Defog|p1a: Bubbles
|-unboost|p1a: Bubbles|evasion|1
|-sideend|p2: 5 pia to the top|Spikes|[from] move: Defog|[of] p2a: scary airy
|
|upkeep
|turn|17
|c|☆5 pia to the top|why are u awake
|
|t:|1660357643
|move|p2a: scary airy|Toxic|p1a: Bubbles
|-status|p1a: Bubbles|tox
|move|p1a: Bubbles|Knock Off|p2a: scary airy
|-damage|p2a: scary airy|64/100
|-enditem|p2a: scary airy|Heavy-Duty Boots|[from] move: Knock Off|[of] p1a: Bubbles
|
|-damage|p1a: Bubbles|94/100 tox|[from] psn
|upkeep
|turn|18
|c| amogusroxyrrrr|LOL
|c| Queen of Bean ✿|lol!!1
|c| ramoloST|sorry dad
|
|t:|1660357658
|switch|p2a: tang ur wang|Tangrowth, M|100/100
|move|p1a: Bubbles|Play Rough|p2a: tang ur wang
|-damage|p2a: tang ur wang|59/100
|
|-damage|p1a: Bubbles|82/100 tox|[from] psn
|upkeep
|turn|19
|
|t:|1660357684
|switch|p1a: Marnela|Maractus, F|63/100 tox
|move|p2a: tang ur wang|Power Whip|p1a: Marnela
|-resisted|p1a: Marnela
|-crit|p1a: Marnela
|-damage|p1a: Marnela|10/100 tox
|
|-damage|p1a: Marnela|4/100 tox|[from] psn
|upkeep
|turn|20
|
|t:|1660357699
|move|p1a: Marnela|Endeavor|p2a: tang ur wang
|-damage|p2a: tang ur wang|3/100
|move|p2a: tang ur wang|Sludge Bomb|p1a: Marnela
|-supereffective|p1a: Marnela
|-damage|p1a: Marnela|0 fnt
|faint|p1a: Marnela
|
|upkeep
|
|t:|1660357713
|switch|p1a: Bubbles|Azumarill, F|82/100 tox
|turn|21
|
|t:|1660357723
|switch|p2a: scary airy|Salamence, F|64/100
|-ability|p2a: scary airy|Intimidate|boost
|-unboost|p1a: Bubbles|atk|1
|move|p1a: Bubbles|Play Rough|p2a: scary airy
|-supereffective|p2a: scary airy
|-damage|p2a: scary airy|0 fnt
|faint|p2a: scary airy
|
|-damage|p1a: Bubbles|76/100 tox|[from] psn
|upkeep
|
|t:|1660357730
|switch|p2a: tang ur wang|Tangrowth, M|36/100
|turn|22
|
|t:|1660357736
|move|p2a: tang ur wang|Sludge Bomb|p1a: Bubbles
|-supereffective|p1a: Bubbles
|-damage|p1a: Bubbles|36/100 tox
|-enditem|p1a: Bubbles|Sitrus Berry|[eat]
|-heal|p1a: Bubbles|61/100 tox|[from] item: Sitrus Berry
|move|p1a: Bubbles|Knock Off|p2a: tang ur wang
|-damage|p2a: tang ur wang|17/100
|-enditem|p2a: tang ur wang|Assault Vest|[from] move: Knock Off|[of] p1a: Bubbles
|
|-damage|p1a: Bubbles|48/100 tox|[from] psn
|upkeep
|turn|23
|
|t:|1660357757
|switch|p1a: Shelley|Goodra, F|71/100
|move|p2a: tang ur wang|Power Whip|p1a: Shelley
|-ability|p1a: Shelley|Sap Sipper|boost
|-boost|p1a: Shelley|atk|1
|
|upkeep
|turn|24
|
|t:|1660357769
|switch|p2a: megan the eggin|Chansey, F|76/100
|move|p1a: Shelley|Power Whip|p2a: megan the eggin
|-damage|p2a: megan the eggin|48/100
|
|upkeep
|turn|25
|j|+Rosa ☽
|
|t:|1660357780
|switch|p1a: Bubbles|Azumarill, F|48/100 tox
|move|p2a: megan the eggin|Soft-Boiled|p2a: megan the eggin
|-heal|p2a: megan the eggin|98/100
|
|-damage|p1a: Bubbles|42/100 tox|[from] psn
|upkeep
|turn|26
|
|t:|1660357791
|switch|p2a: tang ur wang|Tangrowth, M|50/100
|move|p1a: Bubbles|Knock Off|p2a: tang ur wang
|-damage|p2a: tang ur wang|31/100
|
|-damage|p1a: Bubbles|30/100 tox|[from] psn
|upkeep
|turn|27
|
|t:|1660357800
|move|p2a: tang ur wang|Sludge Bomb|p1a: Bubbles
|-supereffective|p1a: Bubbles
|-crit|p1a: Bubbles
|-damage|p1a: Bubbles|0 fnt
|faint|p1a: Bubbles
|
|upkeep
|
|t:|1660357807
|switch|p1a: Blinky|Polteageist, shiny|100/100
|turn|28
|
|t:|1660357813
|switch|p1a: Anabel|Ribombee, F, shiny|94/100 tox
|move|p2a: tang ur wang|Knock Off|p1a: Anabel
|-resisted|p1a: Anabel
|-damage|p1a: Anabel|74/100 tox
|-enditem|p1a: Anabel|Heavy-Duty Boots|[from] move: Knock Off|[of] p2a: tang ur wang
|
|-damage|p1a: Anabel|68/100 tox|[from] psn
|upkeep
|turn|29
|
|t:|1660357817
|switch|p2a: megan the eggin|Chansey, F|98/100
|move|p1a: Anabel|Bug Buzz|p2a: megan the eggin
|-damage|p2a: megan the eggin|87/100
|-unboost|p2a: megan the eggin|spd|1
|
|-damage|p1a: Anabel|56/100 tox|[from] psn
|upkeep
|turn|30
|
|t:|1660357831
|switch|p1a: Blinky|Polteageist, shiny|100/100
|move|p2a: megan the eggin|Stealth Rock|p1a: Blinky
|-sidestart|p1: Maractus-4-UU|move: Stealth Rock
|
|upkeep
|turn|31
|
|t:|1660357843
|move|p1a: Blinky|Shadow Ball|p2a: megan the eggin
|-immune|p2a: megan the eggin
|move|p2a: megan the eggin|Toxic|p1a: Blinky
|-status|p1a: Blinky|tox
|
|-damage|p1a: Blinky|95/100 tox|[from] psn
|upkeep
|turn|32
|l|+Rosa ☽
|
|t:|1660357858
|switch|p2a: umby wumby|Umbreon, M|100/100
|move|p1a: Blinky|Shell Smash|p1a: Blinky
|-unboost|p1a: Blinky|def|1
|-unboost|p1a: Blinky|spd|1
|-boost|p1a: Blinky|atk|2
|-boost|p1a: Blinky|spa|2
|-boost|p1a: Blinky|spe|2
|-enditem|p1a: Blinky|White Herb
|-clearnegativeboost|p1a: Blinky|[silent]
|
|-damage|p1a: Blinky|83/100 tox|[from] psn
|upkeep
|turn|33
|
|t:|1660357862
|switch|p1a: Anabel|Ribombee, F, shiny|56/100 tox
|-damage|p1a: Anabel|31/100 tox|[from] Stealth Rock
|move|p2a: umby wumby|Foul Play|p1a: Anabel
|-resisted|p1a: Anabel
|-damage|p1a: Anabel|16/100 tox
|
|-damage|p1a: Anabel|10/100 tox|[from] psn
|upkeep
|turn|34
|
|t:|1660357869
|switch|p1a: Blinky|Polteageist, shiny|83/100 tox
|-damage|p1a: Blinky|70/100 tox|[from] Stealth Rock
|move|p2a: umby wumby|Protect||[still]
|-fail|p2a: umby wumby
|
|-damage|p1a: Blinky|64/100 tox|[from] psn
|upkeep
|turn|35
|
|t:|1660357884
|move|p1a: Blinky|Giga Drain|p2a: umby wumby
|-damage|p2a: umby wumby|83/100
|-heal|p1a: Blinky|77/100 tox|[from] drain|[of] p2a: umby wumby
|move|p2a: umby wumby|Foul Play|p1a: Blinky
|-supereffective|p1a: Blinky
|-damage|p1a: Blinky|23/100 tox
|
|-heal|p2a: umby wumby|89/100|[from] item: Leftovers
|-damage|p1a: Blinky|11/100 tox|[from] psn
|upkeep
|turn|36
|
|t:|1660357896
|switch|p1a: Merina|Swampert, F|51/100 tox
|-damage|p1a: Merina|45/100 tox|[from] Stealth Rock
|move|p2a: umby wumby|Wish|p2a: umby wumby
|
|-heal|p2a: umby wumby|95/100|[from] item: Leftovers
|-heal|p1a: Merina|51/100 tox|[from] item: Leftovers
|-damage|p1a: Merina|45/100 tox|[from] psn
|upkeep
|turn|37
|
|t:|1660357904
|move|p2a: umby wumby|Foul Play|p1a: Merina
|-damage|p1a: Merina|20/100 tox
|move|p1a: Merina|Yawn|p2a: umby wumby
|-start|p2a: umby wumby|move: Yawn|[of] p1a: Merina
|
|-heal|p2a: umby wumby|100/100|[from] move: Wish|[wisher] umby wumby
|-heal|p1a: Merina|26/100 tox|[from] item: Leftovers
|-damage|p1a: Merina|13/100 tox|[from] psn
|upkeep
|turn|38
|
|t:|1660357910
|switch|p2a: megan the eggin|Chansey, F|87/100
|move|p1a: Merina|Ice Punch|p2a: megan the eggin
|-damage|p2a: megan the eggin|75/100
|
|-heal|p1a: Merina|20/100 tox|[from] item: Leftovers
|-damage|p1a: Merina|1/100 tox|[from] psn
|upkeep
|turn|39
|
|t:|1660357915
|move|p1a: Merina|Yawn|p2a: megan the eggin
|-start|p2a: megan the eggin|move: Yawn|[of] p1a: Merina
|move|p2a: megan the eggin|Soft-Boiled|p2a: megan the eggin
|-heal|p2a: megan the eggin|100/100
|
|-heal|p1a: Merina|7/100 tox|[from] item: Leftovers
|-damage|p1a: Merina|0 fnt|[from] psn
|faint|p1a: Merina
|upkeep
|
|t:|1660357922
|switch|p1a: Shelley|Goodra, F|71/100
|-damage|p1a: Shelley|59/100|[from] Stealth Rock
|turn|40
|
|t:|1660357927
|move|p1a: Shelley|Power Whip|p2a: megan the eggin
|-damage|p2a: megan the eggin|83/100
|move|p2a: megan the eggin|Seismic Toss|p1a: Shelley
|-damage|p1a: Shelley|33/100
|
|-end|p2a: megan the eggin|move: Yawn|[silent]
|-status|p2a: megan the eggin|slp
|upkeep
|turn|41
|
|t:|1660357931
|-curestatus|p2a: megan the eggin|slp|[from] ability: Natural Cure
|switch|p2a: umby wumby|Umbreon, M|100/100
|move|p1a: Shelley|Power Whip|p2a: umby wumby
|-damage|p2a: umby wumby|84/100
|
|-heal|p2a: umby wumby|90/100|[from] item: Leftovers
|upkeep
|turn|42
|
|t:|1660357935
|move|p1a: Shelley|Power Whip|p2a: umby wumby
|-damage|p2a: umby wumby|75/100
|move|p2a: umby wumby|Foul Play|p1a: Shelley
|-damage|p1a: Shelley|6/100
|
|-heal|p2a: umby wumby|81/100|[from] item: Leftovers
|upkeep
|turn|43
|
|t:|1660357939
|move|p1a: Shelley|Power Whip|p2a: umby wumby
|-damage|p2a: umby wumby|66/100
|move|p2a: umby wumby|Foul Play|p1a: Shelley
|-damage|p1a: Shelley|0 fnt
|faint|p1a: Shelley
|
|-heal|p2a: umby wumby|72/100|[from] item: Leftovers
|upkeep
|
|t:|1660357943
|switch|p1a: Anabel|Ribombee, F, shiny|10/100 tox
|-damage|p1a: Anabel|0 fnt|[from] Stealth Rock
|faint|p1a: Anabel
|
|t:|1660357945
|switch|p1a: Blinky|Polteageist, shiny|11/100 tox
|-damage|p1a: Blinky|0 fnt|[from] Stealth Rock
|faint|p1a: Blinky
|
|win|5 pia to the top
|raw|Maractus-4-UU's rating: 1349 &rarr; <strong>1343</strong><br />(-6 for losing)
|raw|5 pia to the top's rating: 1635 &rarr; <strong>1641</strong><br />(+6 for winning)
|c|☆5 pia to the top|gg
|l|☆Maractus-4-UU
|l| amogusroxyrrrr
||Ladder isn't responding, score probably updated but might not have (Request timeout).
