|j|☆Low Ladder Terror
|j|☆Eric Jiang234
|t:|1607104182
|player|p1|Low Ladder Terror|teamrocket|
|player|p2|Eric Jiang234|skier|
|teamsize|p1|6
|teamsize|p2|6
|gametype|singles
|gen|8
|tier|[Gen 8] UU
|rated|Tournament battle
|clearpoke
|poke|p1|Zapdos-Galar|
|poke|p1|Tentacruel, F|
|poke|p1|Rhyperior, M|
|poke|p1|Latias, F|
|poke|p1|Klefki, M|
|poke|p1|Bisharp, M|
|poke|p2|Staraptor, F|
|poke|p2|Zapdos-Galar|
|poke|p2|Blaziken, F|
|poke|p2|Mamoswine, F|
|poke|p2|Grimmsnarl, M|
|poke|p2|Latias, F|
|rule|Sleep Clause Mod: Limit one foe put to sleep
|rule|Species Clause: Limit one of each Pokémon
|rule|OHKO Clause: OHKO moves are banned
|rule|Evasion Moves Clause: Evasion moves are banned
|rule|Endless Battle Clause: Forcing endless battles is banned
|rule|HP Percentage Mod: HP is shown in percentages
|rule|Dynamax Clause: You cannot dynamax
|teampreview
|inactive|Battle timer is ON: inactive players will automatically lose when time's up. (requested by Low Ladder Terror)
|j| john1917
|j|@ANGER MANAGEMENT
|j| ReeceHughes
|
|t:|1607104212
|start
|switch|p1a: Tentacruel|Tentacruel, F|100/100
|switch|p2a: Mamoswine|Mamoswine, F|100/100
|turn|1
|l| ReeceHughes
|
|t:|1607104221
|move|p1a: Tentacruel|Scald|p2a: Mamoswine
|-supereffective|p2a: Mamoswine
|-damage|p2a: Mamoswine|8/100
|move|p2a: Mamoswine|Earthquake|p1a: Tentacruel
|-supereffective|p1a: Tentacruel
|-damage|p1a: Tentacruel|0 fnt
|faint|p1a: Tentacruel
|
|upkeep
|j| ReeceHughes
|j| jubgi
|j| am unlucky
|inactive|Low Ladder Terror has 120 seconds left.
|
|t:|1607104256
|switch|p1a: Latias|Latias, F|100/100
|turn|2
|
|t:|1607104265
|move|p2a: Mamoswine|Ice Shard|p1a: Latias
|-supereffective|p1a: Latias
|-damage|p1a: Latias|40/100
|move|p1a: Latias|Mystical Fire|p2a: Mamoswine
|-supereffective|p2a: Mamoswine
|-damage|p2a: Mamoswine|0 fnt
|-damage|p1a: Latias|30/100|[from] item: Life Orb
|faint|p2a: Mamoswine
|
|upkeep
|
|t:|1607104271
|switch|p2a: Grimmsnarl|Grimmsnarl, M|100/100
|turn|3
|
|t:|1607104283
|switch|p1a: Bisharp|Bisharp, M|100/100
|move|p2a: Grimmsnarl|Reflect|p2a: Grimmsnarl
|-sidestart|p2: Eric Jiang234|Reflect
|
|upkeep
|turn|4
|
|t:|1607104298
|switch|p2a: Staraptor|Staraptor, F|100/100
|move|p1a: Bisharp|Swords Dance|p1a: Bisharp
|-boost|p1a: Bisharp|atk|2
|
|upkeep
|turn|5
|c| jubgi|is that
|
|t:|1607104314
|switch|p1a: Zapdos|Zapdos-Galar|100/100
|move|p2a: Staraptor|U-turn|p1a: Zapdos
|-resisted|p1a: Zapdos
|-damage|p1a: Zapdos|91/100
|j|%Avarice
|c| jubgi|not prankster
|
|t:|1607104328
|switch|p2a: Latias|Latias, F|100/100|[from]move: U-turn
|
|upkeep
|turn|6
|c|☆Eric Jiang234|?
|l|%Avarice
|
|t:|1607104335
|move|p1a: Zapdos|U-turn|p2a: Latias
|-supereffective|p2a: Latias
|-damage|p2a: Latias|77/100
|
|t:|1607104342
|switch|p1a: Klefki|Klefki, M|100/100|[from]move: U-turn
|move|p2a: Latias|Calm Mind|p2a: Latias
|-boost|p2a: Latias|spa|1
|-boost|p2a: Latias|spd|1
|
|-heal|p2a: Latias|83/100|[from] item: Leftovers
|upkeep
|turn|7
|
|t:|1607104350
|move|p1a: Klefki|Thunder Wave|p2a: Latias
|-status|p2a: Latias|par
|move|p2a: Latias|Mystical Fire|p1a: Klefki
|-supereffective|p1a: Klefki
|-damage|p1a: Klefki|39/100
|-unboost|p1a: Klefki|spa|1
|
|-heal|p2a: Latias|89/100 par|[from] item: Leftovers
|upkeep
|turn|8
|
|t:|1607104363
|switch|p1a: Zapdos|Zapdos-Galar|91/100
|move|p2a: Latias|Mystical Fire|p1a: Zapdos
|-damage|p1a: Zapdos|58/100
|-unboost|p1a: Zapdos|spa|1
|-ability|p1a: Zapdos|Defiant
|-boost|p1a: Zapdos|atk|2
|
|-heal|p2a: Latias|95/100 par|[from] item: Leftovers
|upkeep
|turn|9
|
|t:|1607104380
|move|p1a: Zapdos|U-turn|p2a: Latias
|-supereffective|p2a: Latias
|-damage|p2a: Latias|49/100 par
|j| TheManWithaPlan64
|
|t:|1607104384
|switch|p1a: Bisharp|Bisharp, M|100/100|[from]move: U-turn
|move|p2a: Latias|Psychic|p1a: Bisharp
|-immune|p1a: Bisharp
|
|-heal|p2a: Latias|55/100 par|[from] item: Leftovers
|upkeep
|turn|10
|
|t:|1607104393
|move|p1a: Bisharp|Knock Off|p2a: Latias
|-supereffective|p2a: Latias
|-damage|p2a: Latias|0 fnt
|-enditem|p2a: Latias|Leftovers|[from] move: Knock Off|[of] p1a: Bisharp
|faint|p2a: Latias
|
|-sideend|p2: Eric Jiang234|Reflect
|upkeep
|
|t:|1607104396
|switch|p2a: Blaziken|Blaziken, F|100/100
|turn|11
|j| OUTB Hydreigon
|c| OUTB Hydreigon|darmanitan 2.0
|c| OUTB Hydreigon|go
|c| OUTB Hydreigon|i choose u
|
|t:|1607104421
|switch|p1a: Latias|Latias, F|30/100
|move|p2a: Blaziken|Blaze Kick|p1a: Latias
|-resisted|p1a: Latias
|-damage|p1a: Latias|0 fnt
|-damage|p2a: Blaziken|91/100|[from] item: Life Orb
|faint|p1a: Latias
|
|-ability|p2a: Blaziken|Speed Boost|boost
|-boost|p2a: Blaziken|spe|1
|upkeep
|
|t:|1607104426
|switch|p1a: Klefki|Klefki, M|39/100
|turn|12
|
|t:|1607104430
|switch|p2a: Grimmsnarl|Grimmsnarl, M|100/100
|move|p1a: Klefki|Switcheroo|p2a: Grimmsnarl
|-hint|Since gen 7, Dark is immune to Prankster moves.
|-immune|p2a: Grimmsnarl
|
|upkeep
|turn|13
|
|t:|1607104439
|move|p2a: Grimmsnarl|Reflect|p2a: Grimmsnarl
|-sidestart|p2: Eric Jiang234|Reflect
|move|p1a: Klefki|Spikes|p2a: Grimmsnarl
|-sidestart|p2: Eric Jiang234|Spikes
|
|upkeep
|turn|14
|
|t:|1607104447
|switch|p2a: Staraptor|Staraptor, F|100/100
|move|p1a: Klefki|Spikes|p2a: Staraptor
|-sidestart|p2: Eric Jiang234|Spikes
|
|upkeep
|turn|15
|
|t:|1607104458
|switch|p1a: Rhyperior|Rhyperior, M|100/100
|move|p2a: Staraptor|Brave Bird|p1a: Rhyperior
|-resisted|p1a: Rhyperior
|-damage|p1a: Rhyperior|66/100
|-damage|p2a: Staraptor|84/100|[from] Recoil
|
|-heal|p1a: Rhyperior|72/100|[from] item: Leftovers
|upkeep
|turn|16
|
|t:|1607104476
|switch|p2a: Zapdos|Zapdos-Galar|100/100
|move|p1a: Rhyperior|Stealth Rock|p2a: Zapdos
|-sidestart|p2: Eric Jiang234|move: Stealth Rock
|
|-heal|p1a: Rhyperior|78/100|[from] item: Leftovers
|upkeep
|turn|17
|
|t:|1607104482
|move|p2a: Zapdos|Close Combat|p1a: Rhyperior
|-supereffective|p1a: Rhyperior
|-damage|p1a: Rhyperior|18/100
|-unboost|p2a: Zapdos|def|1
|-unboost|p2a: Zapdos|spd|1
|move|p1a: Rhyperior|Rock Blast|p2a: Zapdos
|-damage|p2a: Zapdos|89/100
|-damage|p2a: Zapdos|78/100
|-hitcount|p2a: Zapdos|2
|
|-heal|p1a: Rhyperior|24/100|[from] item: Leftovers
|upkeep
|turn|18
|l| TheManWithaPlan64
|
|t:|1607104493
|move|p2a: Zapdos|Close Combat|p1a: Rhyperior
|-supereffective|p1a: Rhyperior
|-damage|p1a: Rhyperior|0 fnt
|-unboost|p2a: Zapdos|def|1
|-unboost|p2a: Zapdos|spd|1
|faint|p1a: Rhyperior
|
|upkeep
|
|t:|1607104505
|switch|p1a: Zapdos|Zapdos-Galar|58/100
|turn|19
|
|t:|1607104524
|switch|p2a: Staraptor|Staraptor, F|84/100
|-damage|p2a: Staraptor|60/100|[from] Stealth Rock
|move|p1a: Zapdos|Brave Bird|p2a: Staraptor
|-damage|p2a: Staraptor|14/100
|-damage|p1a: Zapdos|43/100|[from] Recoil
|
|upkeep
|turn|20
|
|t:|1607104530
|move|p2a: Staraptor|Quick Attack|p1a: Zapdos
|-damage|p1a: Zapdos|6/100
|move|p1a: Zapdos|Brave Bird|p2a: Staraptor
|-damage|p2a: Staraptor|0 fnt
|-damage|p1a: Zapdos|2/100|[from] Recoil
|faint|p2a: Staraptor
|
|-sideend|p2: Eric Jiang234|Reflect
|upkeep
|
|t:|1607104541
|switch|p2a: Grimmsnarl|Grimmsnarl, M|100/100
|-damage|p2a: Grimmsnarl|88/100|[from] Stealth Rock
|-damage|p2a: Grimmsnarl|72/100|[from] Spikes
|turn|21
|
|t:|1607104547
|switch|p1a: Bisharp|Bisharp, M|100/100
|move|p2a: Grimmsnarl|Reflect|p2a: Grimmsnarl
|-sidestart|p2: Eric Jiang234|Reflect
|
|upkeep
|turn|22
|
|t:|1607104555
|switch|p2a: Zapdos|Zapdos-Galar|78/100
|-damage|p2a: Zapdos|66/100|[from] Stealth Rock
|move|p1a: Bisharp|Swords Dance|p1a: Bisharp
|-boost|p1a: Bisharp|atk|2
|
|upkeep
|turn|23
|inactive|Low Ladder Terror has 120 seconds left.
|inactive|Low Ladder Terror has 90 seconds left.
|j| Haffling
|
|t:|1607104636
|switch|p1a: Klefki|Klefki, M|39/100
|move|p2a: Zapdos|Close Combat|p1a: Klefki
|-damage|p1a: Klefki|0 fnt
|-unboost|p2a: Zapdos|def|1
|-unboost|p2a: Zapdos|spd|1
|faint|p1a: Klefki
|
|upkeep
|l| ReeceHughes
|
|t:|1607104643
|switch|p1a: Zapdos|Zapdos-Galar|2/100
|turn|24
|inactive|Low Ladder Terror has 60 seconds left.
|
|t:|1607104668
|move|p2a: Zapdos|Close Combat|p1a: Zapdos
|-resisted|p1a: Zapdos
|-damage|p1a: Zapdos|0 fnt
|-unboost|p2a: Zapdos|def|1
|-unboost|p2a: Zapdos|spd|1
|faint|p1a: Zapdos
|
|upkeep
|
|t:|1607104671
|switch|p1a: Bisharp|Bisharp, M|100/100
|turn|25
|
|t:|1607104674
|move|p1a: Bisharp|Sucker Punch|p2a: Zapdos
|-resisted|p2a: Zapdos
|-damage|p2a: Zapdos|39/100
|move|p2a: Zapdos|Close Combat|p1a: Bisharp
|-supereffective|p1a: Bisharp
|-crit|p1a: Bisharp
|-damage|p1a: Bisharp|0 fnt
|-unboost|p2a: Zapdos|def|1
|-unboost|p2a: Zapdos|spd|1
|faint|p1a: Bisharp
|
|win|Eric Jiang234
|n|☆Low Ladder Terror|lowladderterror
|n|☆Eric Jiang234|ericjiang234
|n| john1917|john1917
|n| ANGER MANAGEMENT|angermanagement
|n| jubgi|jubgi
|n| am unlucky|amunlucky
|n| OUTB Hydreigon|outbhydreigon
|n| Haffling|haffling
