|j|☆sneer
|j|☆basaninho
|t:|1619046349
|gametype|singles
|player|p1|sneer|dawn-gen4pt|
|player|p2|basaninho|kiawe|
|teamsize|p1|6
|teamsize|p2|6
|gen|8
|tier|[Gen 8] UU
|clearpoke
|poke|p1|Suicune|
|poke|p1|Chansey, F|
|poke|p1|Amoonguss, F|
|poke|p1|Quagsire, M|
|poke|p1|Mew|
|poke|p1|Moltres|
|poke|p2|Slowbro-Galar, F|
|poke|p2|Moltres|
|poke|p2|Krookodile, M|
|poke|p2|Rotom-Wash|
|poke|p2|Jirachi|
|poke|p2|Tangrowth, M|
|rule|Sleep Clause Mod: Limit one foe put to sleep
|rule|Species Clause: Limit one of each Pokémon
|rule|OHKO Clause: OHKO moves are banned
|rule|Evasion Moves Clause: Evasion moves are banned
|rule|Endless Battle Clause: Forcing endless battles is banned
|rule|HP Percentage Mod: HP is shown in percentages
|rule|Dynamax Clause: You cannot dynamax
|teampreview
|inactive|Battle timer is ON: inactive players will automatically lose when time's up. (requested by basaninho)
|c|☆basaninho|hf
|c|☆sneer|hf
|inactive|basaninho has 270 seconds left.
|
|t:|1619046389
|start
|switch|p1a: Amoonguss|Amoonguss, F|100/100
|switch|p2a: Moltres|Moltres, shiny|100/100
|-ability|p2a: Moltres|Pressure
|turn|1
|j| TDNT
|
|t:|1619046398
|switch|p1a: Chansey|Chansey, F|100/100
|move|p2a: Moltres|Substitute|p2a: Moltres
|-start|p2a: Moltres|Substitute
|-damage|p2a: Moltres|76/100
|
|upkeep
|turn|2
|
|t:|1619046402
|move|p2a: Moltres|Toxic|p1a: Chansey
|-status|p1a: Chansey|tox
|move|p1a: Chansey|Seismic Toss|p2a: Moltres
|-end|p2a: Moltres|Substitute
|
|-damage|p1a: Chansey|94/100 tox|[from] psn
|upkeep
|turn|3
|
|t:|1619046412
|switch|p2a: Jirachi|Jirachi|100/100
|move|p1a: Chansey|Teleport|p1a: Chansey
|
|t:|1619046415
|switch|p1a: Moltres|Moltres|100/100|[from]move: Teleport
|-ability|p1a: Moltres|Pressure
|
|upkeep
|turn|4
|
|t:|1619046420
|switch|p2a: Rotom|Rotom-Wash|100/100
|move|p1a: Moltres|Flamethrower|p2a: Rotom
|-resisted|p2a: Rotom
|-damage|p2a: Rotom|81/100
|
|-heal|p2a: Rotom|87/100|[from] item: Leftovers
|upkeep
|turn|5
|j| lnui Takumi
|
|t:|1619046425
|switch|p1a: Amoonguss|Amoonguss, F|100/100
|move|p2a: Rotom|Volt Switch|p1a: Amoonguss
|-resisted|p1a: Amoonguss
|-damage|p1a: Amoonguss|93/100
|
|t:|1619046441
|switch|p2a: Tangrowth|Tangrowth, M|100/100|[from]move: Volt Switch
|
|upkeep
|turn|6
|
|t:|1619046447
|move|p2a: Tangrowth|Knock Off|p1a: Amoonguss
|-damage|p1a: Amoonguss|78/100
|-enditem|p1a: Amoonguss|Assault Vest|[from] move: Knock Off|[of] p2a: Tangrowth
|move|p1a: Amoonguss|Sludge Bomb|p2a: Tangrowth
|-supereffective|p2a: Tangrowth
|-damage|p2a: Tangrowth|64/100
|
|upkeep
|turn|7
|
|t:|1619046454
|switch|p2a: Slowbro|Slowbro-Galar, F|100/100
|move|p1a: Amoonguss|Sludge Bomb|p2a: Slowbro
|-resisted|p2a: Slowbro
|-crit|p2a: Slowbro
|-damage|p2a: Slowbro|77/100
|
|upkeep
|turn|8
|
|t:|1619046460
|switch|p1a: Quagsire|Quagsire, M|100/100
|move|p2a: Slowbro|Scald|p1a: Quagsire
|-crit|p1a: Quagsire
|-damage|p1a: Quagsire|65/100
|-status|p1a: Quagsire|brn
|
|-damage|p1a: Quagsire|59/100 brn|[from] brn
|upkeep
|turn|9
|
|t:|1619046473
|move|p1a: Quagsire|Recover|p1a: Quagsire
|-heal|p1a: Quagsire|100/100 brn
|move|p2a: Slowbro|Calm Mind|p2a: Slowbro
|-boost|p2a: Slowbro|spa|1
|-boost|p2a: Slowbro|spd|1
|
|-damage|p1a: Quagsire|94/100 brn|[from] brn
|upkeep
|turn|10
|
|t:|1619046477
|switch|p1a: Mew|Mew|100/100
|move|p2a: Slowbro|Scald|p1a: Mew
|-damage|p1a: Mew|79/100
|
|upkeep
|turn|11
|j| Sahki
|
|t:|1619046485
|switch|p2a: Jirachi|Jirachi|100/100
|move|p1a: Mew|Trick|p2a: Jirachi
|-activate|p1a: Mew|move: Trick|[of] p2a: Jirachi
|-item|p2a: Jirachi|Choice Scarf|[from] move: Trick
|-item|p1a: Mew|Leftovers|[from] move: Trick
|
|-heal|p1a: Mew|85/100|[from] item: Leftovers
|upkeep
|turn|12
|
|t:|1619046493
|switch|p1a: Quagsire|Quagsire, M|94/100 brn
|move|p2a: Jirachi|Toxic||[still]
|-fail|p2a: Jirachi
|
|-damage|p1a: Quagsire|88/100 brn|[from] brn
|upkeep
|turn|13
|j| Beraldinhoo
|
|t:|1619046501
|switch|p2a: Slowbro|Slowbro-Galar, F|100/100
|switch|p1a: Mew|Mew|85/100
|
|-heal|p1a: Mew|91/100|[from] item: Leftovers
|upkeep
|turn|14
|
|t:|1619046510
|switch|p2a: Jirachi|Jirachi|100/100
|move|p1a: Mew|Heal Bell|p1a: Mew
|-activate|p1a: Mew|move: Heal Bell
|-curestatus|p1: Quagsire|brn|[msg]
|
|-heal|p1a: Mew|98/100|[from] item: Leftovers
|upkeep
|turn|15
|
|t:|1619046522
|switch|p2a: Krookodile|Krookodile, M|100/100
|-ability|p2a: Krookodile|Intimidate|boost
|-unboost|p1a: Mew|atk|1
|switch|p1a: Amoonguss|Amoonguss, F|100/100
|
|upkeep
|turn|16
|
|t:|1619046526
|move|p2a: Krookodile|Stealth Rock|p1a: Amoonguss
|-sidestart|p1: sneer|move: Stealth Rock
|move|p1a: Amoonguss|Giga Drain|p2a: Krookodile
|-supereffective|p2a: Krookodile
|-damage|p2a: Krookodile|35/100
|
|upkeep
|turn|17
|
|t:|1619046533
|switch|p2a: Slowbro|Slowbro-Galar, F|100/100
|move|p1a: Amoonguss|Foul Play|p2a: Slowbro
|-supereffective|p2a: Slowbro
|-damage|p2a: Slowbro|77/100
|
|upkeep
|turn|18
|
|t:|1619046546
|switch|p1a: Moltres|Moltres|100/100
|-ability|p1a: Moltres|Pressure
|move|p2a: Slowbro|Scald|p1a: Moltres
|-supereffective|p1a: Moltres
|-damage|p1a: Moltres|71/100
|
|upkeep
|turn|19
|
|t:|1619046553
|move|p1a: Moltres|Defog|p2a: Slowbro
|-unboost|p2a: Slowbro|evasion|1
|-sideend|p1: sneer|Stealth Rock|[from] move: Defog|[of] p1a: Moltres
|move|p2a: Slowbro|Calm Mind|p2a: Slowbro
|-boost|p2a: Slowbro|spa|1
|-boost|p2a: Slowbro|spd|1
|
|upkeep
|turn|20
|
|t:|1619046558
|switch|p1a: Quagsire|Quagsire, M|88/100
|move|p2a: Slowbro|Scald|p1a: Quagsire
|-damage|p1a: Quagsire|68/100
|
|upkeep
|turn|21
|
|t:|1619046569
|move|p1a: Quagsire|Toxic|p2a: Slowbro
|-immune|p2a: Slowbro
|move|p2a: Slowbro|Scald|p1a: Quagsire
|-damage|p1a: Quagsire|48/100
|
|upkeep
|turn|22
|
|t:|1619046578
|switch|p2a: Jirachi|Jirachi|100/100
|move|p1a: Quagsire|Recover|p1a: Quagsire
|-heal|p1a: Quagsire|98/100
|
|upkeep
|turn|23
|
|t:|1619046588
|switch|p1a: Amoonguss|Amoonguss, F|100/100
|move|p2a: Jirachi|Toxic|p1a: Amoonguss
|-immune|p1a: Amoonguss
|
|upkeep
|turn|24
|l| lnui Takumi
|l| Sahki
|
|t:|1619046595
|switch|p2a: Slowbro|Slowbro-Galar, F|100/100
|switch|p1a: Chansey|Chansey, F|94/100
|
|upkeep
|turn|25
|
|t:|1619046599
|move|p2a: Slowbro|Calm Mind|p2a: Slowbro
|-boost|p2a: Slowbro|spa|1
|-boost|p2a: Slowbro|spd|1
|move|p1a: Chansey|Teleport|p1a: Chansey
|
|t:|1619046609
|switch|p1a: Quagsire|Quagsire, M|98/100|[from]move: Teleport
|
|upkeep
|turn|26
|
|t:|1619046615
|move|p1a: Quagsire|Earthquake|p2a: Slowbro
|-supereffective|p2a: Slowbro
|-damage|p2a: Slowbro|62/100
|move|p2a: Slowbro|Calm Mind|p2a: Slowbro
|-boost|p2a: Slowbro|spa|1
|-boost|p2a: Slowbro|spd|1
|
|upkeep
|turn|27
|
|t:|1619046620
|move|p1a: Quagsire|Earthquake|p2a: Slowbro
|-supereffective|p2a: Slowbro
|-damage|p2a: Slowbro|27/100
|move|p2a: Slowbro|Slack Off|p2a: Slowbro
|-heal|p2a: Slowbro|77/100
|
|upkeep
|turn|28
|
|t:|1619046629
|switch|p1a: Chansey|Chansey, F|94/100
|move|p2a: Slowbro|Scald|p1a: Chansey
|-damage|p1a: Chansey|83/100
|
|upkeep
|turn|29
|
|t:|1619046633
|move|p2a: Slowbro|Calm Mind|p2a: Slowbro
|-boost|p2a: Slowbro|spa|1
|-boost|p2a: Slowbro|spd|1
|move|p1a: Chansey|Teleport|p1a: Chansey
|
|t:|1619046636
|switch|p1a: Quagsire|Quagsire, M|98/100|[from]move: Teleport
|
|upkeep
|turn|30
|
|t:|1619046641
|move|p1a: Quagsire|Haze|p1a: Quagsire
|-clearallboost
|move|p2a: Slowbro|Scald|p1a: Quagsire
|-damage|p1a: Quagsire|76/100
|
|upkeep
|turn|31
|
|t:|1619046649
|switch|p1a: Chansey|Chansey, F|83/100
|switch|p2a: Tangrowth|Tangrowth, M|98/100
|
|upkeep
|turn|32
|
|t:|1619046654
|switch|p2a: Moltres|Moltres, shiny|76/100
|-ability|p2a: Moltres|Pressure
|move|p1a: Chansey|Toxic|p2a: Moltres
|-status|p2a: Moltres|tox
|
|-damage|p2a: Moltres|70/100 tox|[from] psn
|upkeep
|turn|33
|
|t:|1619046660
|move|p2a: Moltres|Flamethrower|p1a: Chansey
|-damage|p1a: Chansey|71/100
|move|p1a: Chansey|Teleport|p1a: Chansey
|j| Boulicrok
|
|t:|1619046674
|switch|p1a: Mew|Mew|98/100|[from]move: Teleport
|
|-heal|p1a: Mew|100/100|[from] item: Leftovers
|-damage|p2a: Moltres|58/100 tox|[from] psn
|upkeep
|turn|34
|
|t:|1619046680
|switch|p1a: Chansey|Chansey, F|71/100
|move|p2a: Moltres|Toxic|p1a: Chansey
|-status|p1a: Chansey|tox
|
|-damage|p2a: Moltres|40/100 tox|[from] psn
|-damage|p1a: Chansey|65/100 tox|[from] psn
|upkeep
|turn|35
|
|t:|1619046685
|move|p2a: Moltres|Roost|p2a: Moltres
|-heal|p2a: Moltres|90/100 tox
|-singleturn|p2a: Moltres|move: Roost
|move|p1a: Chansey|Teleport|p1a: Chansey
|
|t:|1619046687
|-curestatus|p1a: Chansey|tox|[from] ability: Natural Cure
|switch|p1a: Mew|Mew|100/100|[from]move: Teleport
|
|-damage|p2a: Moltres|66/100 tox|[from] psn
|upkeep
|turn|36
|
|t:|1619046692
|switch|p2a: Jirachi|Jirachi|100/100
|move|p1a: Mew|Trick|p2a: Jirachi
|-activate|p1a: Mew|move: Trick|[of] p2a: Jirachi
|-item|p2a: Jirachi|Leftovers|[from] move: Trick
|-item|p1a: Mew|Choice Scarf|[from] move: Trick
|
|upkeep
|turn|37
|
|t:|1619046700
|switch|p2a: Tangrowth|Tangrowth, M|100/100
|move|p1a: Mew|Trick|p2a: Tangrowth
|-activate|p1a: Mew|move: Trick|[of] p2a: Tangrowth
|-item|p2a: Tangrowth|Choice Scarf|[from] move: Trick
|-item|p1a: Mew|Assault Vest|[from] move: Trick
|
|upkeep
|turn|38
|
|t:|1619046709
|switch|p2a: Jirachi|Jirachi|100/100
|move|p1a: Mew|Psychic|p2a: Jirachi
|-resisted|p2a: Jirachi
|-crit|p2a: Jirachi
|-damage|p2a: Jirachi|92/100
|
|-heal|p2a: Jirachi|98/100|[from] item: Leftovers
|upkeep
|turn|39
|
|t:|1619046712
|switch|p1a: Amoonguss|Amoonguss, F|100/100
|move|p2a: Jirachi|Substitute|p2a: Jirachi
|-start|p2a: Jirachi|Substitute
|-damage|p2a: Jirachi|73/100
|
|-heal|p2a: Jirachi|79/100|[from] item: Leftovers
|upkeep
|turn|40
|n| Sleigh Beggy|tdnt
|
|t:|1619046720
|move|p2a: Jirachi|Toxic|p1a: Amoonguss
|-immune|p1a: Amoonguss
|move|p1a: Amoonguss|Foul Play|p2a: Jirachi
|-supereffective|p2a: Jirachi
|-end|p2a: Jirachi|Substitute
|
|-heal|p2a: Jirachi|85/100|[from] item: Leftovers
|upkeep
|turn|41
|
|t:|1619046739
|switch|p2a: Slowbro|Slowbro-Galar, F|100/100
|move|p1a: Amoonguss|Sludge Bomb|p2a: Slowbro
|-resisted|p2a: Slowbro
|-damage|p2a: Slowbro|85/100
|
|upkeep
|turn|42
|
|t:|1619046749
|switch|p1a: Chansey|Chansey, F|65/100
|move|p2a: Slowbro|Calm Mind|p2a: Slowbro
|-boost|p2a: Slowbro|spa|1
|-boost|p2a: Slowbro|spd|1
|
|upkeep
|turn|43
|
|t:|1619046754
|move|p1a: Chansey|Soft-Boiled|p1a: Chansey
|-heal|p1a: Chansey|100/100
|move|p2a: Slowbro|Calm Mind|p2a: Slowbro
|-boost|p2a: Slowbro|spa|1
|-boost|p2a: Slowbro|spd|1
|
|upkeep
|turn|44
|
|t:|1619046758
|move|p2a: Slowbro|Calm Mind|p2a: Slowbro
|-boost|p2a: Slowbro|spa|1
|-boost|p2a: Slowbro|spd|1
|move|p1a: Chansey|Teleport|p1a: Chansey
|
|t:|1619046761
|switch|p1a: Quagsire|Quagsire, M|76/100|[from]move: Teleport
|
|upkeep
|turn|45
|j| Shakurr
|inactive|basaninho has 270 seconds left.
|l| Beraldinhoo
|j| Beraldinhoo
|
|t:|1619046805
|switch|p2a: Tangrowth|Tangrowth, M|100/100
|move|p1a: Quagsire|Toxic|p2a: Tangrowth
|-status|p2a: Tangrowth|tox
|
|-damage|p2a: Tangrowth|94/100 tox|[from] psn
|upkeep
|turn|46
|l| Beraldinhoo
|
|t:|1619046813
|switch|p1a: Amoonguss|Amoonguss, F|100/100
|move|p2a: Tangrowth|Knock Off|p1a: Amoonguss
|-damage|p1a: Amoonguss|89/100
|
|-damage|p2a: Tangrowth|82/100 tox|[from] psn
|upkeep
|turn|47
|
|t:|1619046820
|switch|p2a: Slowbro|Slowbro-Galar, F|100/100
|switch|p1a: Mew|Mew|100/100
|
|upkeep
|turn|48
|
|t:|1619046827
|switch|p1a: Quagsire|Quagsire, M|76/100
|switch|p2a: Jirachi|Jirachi|85/100
|
|-heal|p2a: Jirachi|91/100|[from] item: Leftovers
|upkeep
|turn|49
|
|t:|1619046838
|switch|p1a: Amoonguss|Amoonguss, F|100/100
|move|p2a: Jirachi|Substitute|p2a: Jirachi
|-start|p2a: Jirachi|Substitute
|-damage|p2a: Jirachi|66/100
|
|-heal|p2a: Jirachi|73/100|[from] item: Leftovers
|upkeep
|turn|50
|
|t:|1619046842
|move|p2a: Jirachi|Iron Head|p1a: Amoonguss
|-damage|p1a: Amoonguss|82/100
|cant|p1a: Amoonguss|flinch
|
|-heal|p2a: Jirachi|79/100|[from] item: Leftovers
|upkeep
|turn|51
|
|t:|1619046845
|move|p2a: Jirachi|Iron Head|p1a: Amoonguss
|-damage|p1a: Amoonguss|60/100
|move|p1a: Amoonguss|Foul Play|p2a: Jirachi
|-supereffective|p2a: Jirachi
|-end|p2a: Jirachi|Substitute
|
|-heal|p2a: Jirachi|85/100|[from] item: Leftovers
|upkeep
|turn|52
|
|t:|1619046850
|move|p2a: Jirachi|Fire Punch|p1a: Amoonguss
|-supereffective|p1a: Amoonguss
|-damage|p1a: Amoonguss|34/100
|-status|p1a: Amoonguss|brn
|move|p1a: Amoonguss|Foul Play|p2a: Jirachi
|-supereffective|p2a: Jirachi
|-damage|p2a: Jirachi|66/100
|
|-heal|p2a: Jirachi|72/100|[from] item: Leftovers
|-damage|p1a: Amoonguss|28/100 brn|[from] brn
|upkeep
|turn|53
|
|t:|1619046859
|switch|p1a: Mew|Mew|100/100
|move|p2a: Jirachi|Substitute|p2a: Jirachi
|-start|p2a: Jirachi|Substitute
|-damage|p2a: Jirachi|47/100
|
|-heal|p2a: Jirachi|53/100|[from] item: Leftovers
|upkeep
|turn|54
|
|t:|1619046866
|switch|p1a: Moltres|Moltres|71/100
|-ability|p1a: Moltres|Pressure
|move|p2a: Jirachi|Toxic|p1a: Moltres
|-status|p1a: Moltres|tox
|
|-heal|p2a: Jirachi|60/100|[from] item: Leftovers
|-damage|p1a: Moltres|65/100 tox|[from] psn
|upkeep
|turn|55
|
|t:|1619046871
|move|p2a: Jirachi|Iron Head|p1a: Moltres
|-resisted|p1a: Moltres
|-damage|p1a: Moltres|52/100 tox
|cant|p1a: Moltres|flinch
|
|-heal|p2a: Jirachi|66/100|[from] item: Leftovers
|-damage|p1a: Moltres|40/100 tox|[from] psn
|upkeep
|turn|56
|
|t:|1619046876
|move|p2a: Jirachi|Iron Head|p1a: Moltres
|-resisted|p1a: Moltres
|-damage|p1a: Moltres|27/100 tox
|cant|p1a: Moltres|flinch
|
|-heal|p2a: Jirachi|72/100|[from] item: Leftovers
|-damage|p1a: Moltres|9/100 tox|[from] psn
|upkeep
|turn|57
|j| ziloXX
|
|t:|1619046886
|move|p2a: Jirachi|Iron Head|p1a: Moltres
|-resisted|p1a: Moltres
|-crit|p1a: Moltres
|-damage|p1a: Moltres|0 fnt
|faint|p1a: Moltres
|
|-heal|p2a: Jirachi|78/100|[from] item: Leftovers
|upkeep
|
|t:|1619046892
|switch|p1a: Suicune|Suicune|100/100
|-ability|p1a: Suicune|Pressure
|turn|58
|
|t:|1619046896
|move|p1a: Suicune|Protect|p1a: Suicune
|-singleturn|p1a: Suicune|Protect
|move|p2a: Jirachi|Toxic|p1a: Suicune
|-activate|p1a: Suicune|move: Protect
|
|-heal|p2a: Jirachi|84/100|[from] item: Leftovers
|upkeep
|turn|59
|
|t:|1619046902
|switch|p1a: Amoonguss|Amoonguss, F|61/100 brn
|move|p2a: Jirachi|Toxic||[still]
|-fail|p2a: Jirachi
|
|-heal|p2a: Jirachi|91/100|[from] item: Leftovers
|-damage|p1a: Amoonguss|55/100 brn|[from] brn
|upkeep
|turn|60
|l| ziloXX
|
|t:|1619046909
|switch|p1a: Quagsire|Quagsire, M|76/100
|move|p2a: Jirachi|Fire Punch|p1a: Quagsire
|-resisted|p1a: Quagsire
|-damage|p1a: Quagsire|70/100
|-damage|p2a: Jirachi|74/100|[from] item: Rocky Helmet|[of] p1a: Quagsire
|
|-heal|p2a: Jirachi|80/100|[from] item: Leftovers
|upkeep
|turn|61
|
|t:|1619046927
|switch|p1a: Amoonguss|Amoonguss, F|88/100 brn
|move|p2a: Jirachi|Fire Punch|p1a: Amoonguss
|-supereffective|p1a: Amoonguss
|-damage|p1a: Amoonguss|62/100 brn
|
|-heal|p2a: Jirachi|86/100|[from] item: Leftovers
|-damage|p1a: Amoonguss|56/100 brn|[from] brn
|upkeep
|turn|62
|
|t:|1619046937
|move|p2a: Jirachi|Fire Punch|p1a: Amoonguss
|-supereffective|p1a: Amoonguss
|-damage|p1a: Amoonguss|28/100 brn
|move|p1a: Amoonguss|Synthesis|p1a: Amoonguss
|-heal|p1a: Amoonguss|78/100 brn
|
|-heal|p2a: Jirachi|93/100|[from] item: Leftovers
|-damage|p1a: Amoonguss|72/100 brn|[from] brn
|upkeep
|turn|63
|
|t:|1619046948
|switch|p1a: Quagsire|Quagsire, M|70/100
|move|p2a: Jirachi|Iron Head|p1a: Quagsire
|-resisted|p1a: Quagsire
|-damage|p1a: Quagsire|59/100
|-damage|p2a: Jirachi|76/100|[from] item: Rocky Helmet|[of] p1a: Quagsire
|
|-heal|p2a: Jirachi|82/100|[from] item: Leftovers
|upkeep
|turn|64
|
|t:|1619046956
|switch|p1a: Amoonguss|Amoonguss, F|100/100 brn
|move|p2a: Jirachi|Toxic||[still]
|-fail|p2a: Jirachi
|
|-heal|p2a: Jirachi|88/100|[from] item: Leftovers
|-damage|p1a: Amoonguss|94/100 brn|[from] brn
|upkeep
|turn|65
|l| Shakurr
|
|t:|1619046964
|switch|p1a: Quagsire|Quagsire, M|59/100
|move|p2a: Jirachi|Iron Head|p1a: Quagsire
|-resisted|p1a: Quagsire
|-damage|p1a: Quagsire|50/100
|-damage|p2a: Jirachi|72/100|[from] item: Rocky Helmet|[of] p1a: Quagsire
|
|-heal|p2a: Jirachi|78/100|[from] item: Leftovers
|upkeep
|turn|66
|
|t:|1619046972
|move|p2a: Jirachi|Toxic|p1a: Quagsire
|-status|p1a: Quagsire|tox
|move|p1a: Quagsire|Recover|p1a: Quagsire
|-heal|p1a: Quagsire|99/100 tox
|
|-heal|p2a: Jirachi|84/100|[from] item: Leftovers
|-damage|p1a: Quagsire|94/100 tox|[from] psn
|upkeep
|turn|67
|inactive|basaninho has 270 seconds left.
|
|t:|1619047006
|switch|p2a: Krookodile|Krookodile, M|35/100
|-ability|p2a: Krookodile|Intimidate|boost
|-unboost|p1a: Quagsire|atk|1
|switch|p1a: Amoonguss|Amoonguss, F|100/100 brn
|
|-damage|p1a: Amoonguss|94/100 brn|[from] brn
|upkeep
|turn|68
|
|t:|1619047011
|move|p2a: Krookodile|Stealth Rock|p1a: Amoonguss
|-sidestart|p1: sneer|move: Stealth Rock
|move|p1a: Amoonguss|Giga Drain|p2a: Krookodile
|-supereffective|p2a: Krookodile
|-damage|p2a: Krookodile|0 fnt
|-heal|p1a: Amoonguss|100/100 brn|[from] drain|[of] p2a: Krookodile
|faint|p2a: Krookodile
|
|-damage|p1a: Amoonguss|94/100 brn|[from] brn
|upkeep
|inactive|basaninho has 270 seconds left.
|j| FC MIKU HATSUNE
|l| FC MIKU HATSUNE
|
|t:|1619047047
|switch|p2a: Jirachi|Jirachi|84/100
|turn|69
|
|t:|1619047052
|switch|p1a: Quagsire|Quagsire, M|94/100 tox
|-damage|p1a: Quagsire|88/100 tox|[from] Stealth Rock
|move|p2a: Jirachi|Substitute|p2a: Jirachi
|-start|p2a: Jirachi|Substitute
|-damage|p2a: Jirachi|59/100
|
|-heal|p2a: Jirachi|65/100|[from] item: Leftovers
|-damage|p1a: Quagsire|81/100 tox|[from] psn
|upkeep
|turn|70
|
|t:|1619047064
|switch|p2a: Moltres|Moltres, shiny|66/100 tox
|-ability|p2a: Moltres|Pressure
|move|p1a: Quagsire|Earthquake|p2a: Moltres
|-immune|p2a: Moltres
|
|-damage|p2a: Moltres|60/100 tox|[from] psn
|-damage|p1a: Quagsire|69/100 tox|[from] psn
|upkeep
|turn|71
|
|t:|1619047077
|switch|p1a: Chansey|Chansey, F|100/100
|-damage|p1a: Chansey|88/100|[from] Stealth Rock
|move|p2a: Moltres|Roost|p2a: Moltres
|-heal|p2a: Moltres|100/100 tox
|-singleturn|p2a: Moltres|move: Roost
|
|-damage|p2a: Moltres|88/100 tox|[from] psn
|upkeep
|turn|72
|j| Judgement cut end
|inactive|basaninho has 270 seconds left.
|
|t:|1619047085
|switch|p2a: Slowbro|Slowbro-Galar, F|100/100
|move|p1a: Chansey|Seismic Toss|p2a: Slowbro
|-damage|p2a: Slowbro|75/100
|
|upkeep
|turn|73
|
|t:|1619047088
|move|p2a: Slowbro|Calm Mind|p2a: Slowbro
|-boost|p2a: Slowbro|spa|1
|-boost|p2a: Slowbro|spd|1
|move|p1a: Chansey|Teleport|p1a: Chansey
|
|t:|1619047100
|switch|p1a: Quagsire|Quagsire, M|69/100 tox|[from]move: Teleport
|-damage|p1a: Quagsire|63/100 tox|[from] Stealth Rock
|
|-damage|p1a: Quagsire|57/100 tox|[from] psn
|upkeep
|turn|74
|
|t:|1619047108
|switch|p2a: Moltres|Moltres, shiny|88/100 tox
|-ability|p2a: Moltres|Pressure
|move|p1a: Quagsire|Haze|p1a: Quagsire
|-clearallboost
|
|-damage|p2a: Moltres|82/100 tox|[from] psn
|-damage|p1a: Quagsire|45/100 tox|[from] psn
|upkeep
|turn|75
|
|t:|1619047116
|move|p2a: Moltres|Flamethrower|p1a: Quagsire
|-resisted|p1a: Quagsire
|-damage|p1a: Quagsire|25/100 tox
|move|p1a: Quagsire|Recover|p1a: Quagsire
|-heal|p1a: Quagsire|75/100 tox
|
|-damage|p2a: Moltres|70/100 tox|[from] psn
|-damage|p1a: Quagsire|56/100 tox|[from] psn
|upkeep
|turn|76
|
|t:|1619047120
|move|p2a: Moltres|Flamethrower|p1a: Quagsire
|-resisted|p1a: Quagsire
|-damage|p1a: Quagsire|36/100 tox
|move|p1a: Quagsire|Recover|p1a: Quagsire
|-heal|p1a: Quagsire|86/100 tox
|
|-damage|p2a: Moltres|52/100 tox|[from] psn
|-damage|p1a: Quagsire|62/100 tox|[from] psn
|upkeep
|turn|77
|
|t:|1619047125
|switch|p2a: Slowbro|Slowbro-Galar, F|100/100
|switch|p1a: Chansey|Chansey, F|88/100
|-damage|p1a: Chansey|75/100|[from] Stealth Rock
|
|upkeep
|turn|78
|
|t:|1619047128
|move|p1a: Chansey|Seismic Toss|p2a: Slowbro
|-damage|p2a: Slowbro|75/100
|move|p2a: Slowbro|Calm Mind|p2a: Slowbro
|-boost|p2a: Slowbro|spa|1
|-boost|p2a: Slowbro|spd|1
|
|upkeep
|turn|79
|
|t:|1619047130
|move|p2a: Slowbro|Calm Mind|p2a: Slowbro
|-boost|p2a: Slowbro|spa|1
|-boost|p2a: Slowbro|spd|1
|move|p1a: Chansey|Teleport|p1a: Chansey
|
|t:|1619047132
|switch|p1a: Quagsire|Quagsire, M|62/100 tox|[from]move: Teleport
|-damage|p1a: Quagsire|56/100 tox|[from] Stealth Rock
|
|-damage|p1a: Quagsire|50/100 tox|[from] psn
|upkeep
|turn|80
|
|t:|1619047138
|move|p1a: Quagsire|Haze|p1a: Quagsire
|-clearallboost
|move|p2a: Slowbro|Slack Off|p2a: Slowbro
|-heal|p2a: Slowbro|100/100
|
|-damage|p1a: Quagsire|38/100 tox|[from] psn
|upkeep
|turn|81
|
|t:|1619047144
|move|p1a: Quagsire|Recover|p1a: Quagsire
|-heal|p1a: Quagsire|88/100 tox
|move|p2a: Slowbro|Scald|p1a: Quagsire
|-damage|p1a: Quagsire|67/100 tox
|
|-damage|p1a: Quagsire|49/100 tox|[from] psn
|upkeep
|turn|82
|
|t:|1619047149
|move|p1a: Quagsire|Earthquake|p2a: Slowbro
|-supereffective|p2a: Slowbro
|-damage|p2a: Slowbro|66/100
|move|p2a: Slowbro|Calm Mind|p2a: Slowbro
|-boost|p2a: Slowbro|spa|1
|-boost|p2a: Slowbro|spd|1
|
|-damage|p1a: Quagsire|25/100 tox|[from] psn
|upkeep
|turn|83
|
|t:|1619047155
|move|p1a: Quagsire|Haze|p1a: Quagsire
|-clearallboost
|move|p2a: Slowbro|Calm Mind|p2a: Slowbro
|-boost|p2a: Slowbro|spa|1
|-boost|p2a: Slowbro|spd|1
|
|-damage|p1a: Quagsire|0 fnt|[from] psn
|faint|p1a: Quagsire
|upkeep
|
|t:|1619047157
|switch|p1a: Suicune|Suicune|100/100
|-damage|p1a: Suicune|88/100|[from] Stealth Rock
|-ability|p1a: Suicune|Pressure
|turn|84
|
|t:|1619047161
|move|p1a: Suicune|Calm Mind|p1a: Suicune
|-boost|p1a: Suicune|spa|1
|-boost|p1a: Suicune|spd|1
|move|p2a: Slowbro|Calm Mind|p2a: Slowbro
|-boost|p2a: Slowbro|spa|1
|-boost|p2a: Slowbro|spd|1
|
|-heal|p1a: Suicune|94/100|[from] item: Leftovers
|upkeep
|turn|85
|
|t:|1619047165
|move|p1a: Suicune|Substitute|p1a: Suicune
|-start|p1a: Suicune|Substitute
|-damage|p1a: Suicune|69/100
|move|p2a: Slowbro|Calm Mind|p2a: Slowbro
|-boost|p2a: Slowbro|spa|1
|-boost|p2a: Slowbro|spd|1
|
|-heal|p1a: Suicune|75/100|[from] item: Leftovers
|upkeep
|turn|86
|
|t:|1619047169
|move|p1a: Suicune|Calm Mind|p1a: Suicune
|-boost|p1a: Suicune|spa|1
|-boost|p1a: Suicune|spd|1
|move|p2a: Slowbro|Calm Mind|p2a: Slowbro
|-boost|p2a: Slowbro|spa|1
|-boost|p2a: Slowbro|spd|1
|
|-heal|p1a: Suicune|82/100|[from] item: Leftovers
|upkeep
|turn|87
|
|t:|1619047173
|move|p1a: Suicune|Calm Mind|p1a: Suicune
|-boost|p1a: Suicune|spa|1
|-boost|p1a: Suicune|spd|1
|move|p2a: Slowbro|Calm Mind|p2a: Slowbro
|-boost|p2a: Slowbro|spa|1
|-boost|p2a: Slowbro|spd|1
|
|-heal|p1a: Suicune|88/100|[from] item: Leftovers
|upkeep
|turn|88
|
|t:|1619047178
|move|p1a: Suicune|Calm Mind|p1a: Suicune
|-boost|p1a: Suicune|spa|1
|-boost|p1a: Suicune|spd|1
|move|p2a: Slowbro|Calm Mind|p2a: Slowbro
|-boost|p2a: Slowbro|spa|1
|-boost|p2a: Slowbro|spd|1
|
|-heal|p1a: Suicune|94/100|[from] item: Leftovers
|upkeep
|turn|89
|
|t:|1619047182
|move|p1a: Suicune|Protect|p1a: Suicune
|-singleturn|p1a: Suicune|Protect
|move|p2a: Slowbro|Slack Off|p2a: Slowbro
|-heal|p2a: Slowbro|100/100
|
|-heal|p1a: Suicune|99/100|[from] item: Leftovers
|upkeep
|turn|90
|
|t:|1619047185
|move|p1a: Suicune|Calm Mind|p1a: Suicune
|-boost|p1a: Suicune|spa|1
|-boost|p1a: Suicune|spd|1
|move|p2a: Slowbro|Psyshock|p1a: Suicune
|-end|p1a: Suicune|Substitute
|
|-heal|p1a: Suicune|100/100|[from] item: Leftovers
|upkeep
|turn|91
|
|t:|1619047191
|move|p1a: Suicune|Substitute|p1a: Suicune
|-start|p1a: Suicune|Substitute
|-damage|p1a: Suicune|75/100
|move|p2a: Slowbro|Scald|p1a: Suicune
|-resisted|p1a: Suicune
|-activate|p1a: Suicune|move: Substitute|[damage]
|
|-heal|p1a: Suicune|82/100|[from] item: Leftovers
|upkeep
|turn|92
|
|t:|1619047198
|move|p1a: Suicune|Protect|p1a: Suicune
|-singleturn|p1a: Suicune|Protect
|move|p2a: Slowbro|Slack Off||[still]
|-fail|p2a: Slowbro|heal
|
|-heal|p1a: Suicune|88/100|[from] item: Leftovers
|upkeep
|turn|93
|
|t:|1619047204
|move|p1a: Suicune|Calm Mind|p1a: Suicune
|-boost|p1a: Suicune|spa|1
|-boost|p1a: Suicune|spd|1
|move|p2a: Slowbro|Psyshock|p1a: Suicune
|-end|p1a: Suicune|Substitute
|
|-heal|p1a: Suicune|94/100|[from] item: Leftovers
|upkeep
|turn|94
|
|t:|1619047209
|move|p1a: Suicune|Protect|p1a: Suicune
|-singleturn|p1a: Suicune|Protect
|move|p2a: Slowbro|Psyshock|p1a: Suicune
|-activate|p1a: Suicune|move: Protect
|
|-heal|p1a: Suicune|99/100|[from] item: Leftovers
|upkeep
|turn|95
|
|t:|1619047215
|move|p1a: Suicune|Substitute|p1a: Suicune
|-start|p1a: Suicune|Substitute
|-damage|p1a: Suicune|75/100
|move|p2a: Slowbro|Psyshock|p1a: Suicune
|-end|p1a: Suicune|Substitute
|
|-heal|p1a: Suicune|81/100|[from] item: Leftovers
|upkeep
|turn|96
|
|t:|1619047222
|switch|p2a: Jirachi|Jirachi|65/100
|move|p1a: Suicune|Substitute|p1a: Suicune
|-start|p1a: Suicune|Substitute
|-damage|p1a: Suicune|56/100
|
|-heal|p2a: Jirachi|72/100|[from] item: Leftovers
|-heal|p1a: Suicune|63/100|[from] item: Leftovers
|upkeep
|turn|97
|
|t:|1619047233
|switch|p2a: Rotom|Rotom-Wash|87/100
|move|p1a: Suicune|Scald|p2a: Rotom
|-resisted|p2a: Rotom
|-damage|p2a: Rotom|36/100
|-status|p2a: Rotom|brn
|
|-heal|p1a: Suicune|69/100|[from] item: Leftovers
|-heal|p2a: Rotom|42/100 brn|[from] item: Leftovers
|-damage|p2a: Rotom|36/100 brn|[from] brn
|upkeep
|turn|98
|
|t:|1619047238
|move|p1a: Suicune|Protect|p1a: Suicune
|-singleturn|p1a: Suicune|Protect
|move|p2a: Rotom|Volt Switch|p1a: Suicune
|-activate|p1a: Suicune|move: Protect
|
|-heal|p1a: Suicune|75/100|[from] item: Leftovers
|-heal|p2a: Rotom|42/100 brn|[from] item: Leftovers
|-damage|p2a: Rotom|36/100 brn|[from] brn
|upkeep
|turn|99
|
|t:|1619047242
|move|p1a: Suicune|Scald|p2a: Rotom
|-resisted|p2a: Rotom
|-damage|p2a: Rotom|0 fnt
|faint|p2a: Rotom
|
|-heal|p1a: Suicune|81/100|[from] item: Leftovers
|upkeep
|
|t:|1619047267
|switch|p2a: Tangrowth|Tangrowth, M|100/100 tox
|turn|100
|
|t:|1619047272
|move|p1a: Suicune|Protect|p1a: Suicune
|-singleturn|p1a: Suicune|Protect
|move|p2a: Tangrowth|Giga Drain|p1a: Suicune
|-activate|p1a: Suicune|move: Protect
|
|-heal|p1a: Suicune|87/100|[from] item: Leftovers
|-damage|p2a: Tangrowth|94/100 tox|[from] psn
|upkeep
|turn|101
|
|t:|1619047279
|move|p1a: Suicune|Scald|p2a: Tangrowth
|-resisted|p2a: Tangrowth
|-damage|p2a: Tangrowth|41/100 tox
|move|p2a: Tangrowth|Giga Drain|p1a: Suicune
|-supereffective|p1a: Suicune
|-activate|p1a: Suicune|move: Substitute|[damage]
|-heal|p2a: Tangrowth|46/100 tox|[from] drain|[of] p1a: Suicune
|
|-heal|p1a: Suicune|94/100|[from] item: Leftovers
|-damage|p2a: Tangrowth|34/100 tox|[from] psn
|upkeep
|turn|102
|
|t:|1619047285
|move|p1a: Suicune|Scald|p2a: Tangrowth
|-resisted|p2a: Tangrowth
|-crit|p2a: Tangrowth
|-damage|p2a: Tangrowth|0 fnt
|faint|p2a: Tangrowth
|
|-heal|p1a: Suicune|99/100|[from] item: Leftovers
|upkeep
|
|t:|1619047295
|switch|p2a: Moltres|Moltres, shiny|52/100 tox
|-ability|p2a: Moltres|Pressure
|turn|103
|
|t:|1619047297
|move|p2a: Moltres|Flamethrower|p1a: Suicune
|-resisted|p1a: Suicune
|-activate|p1a: Suicune|move: Substitute|[damage]
|move|p1a: Suicune|Substitute|p1a: Suicune
|-fail|p1a: Suicune|move: Substitute
|
|-heal|p1a: Suicune|100/100|[from] item: Leftovers
|-damage|p2a: Moltres|46/100 tox|[from] psn
|upkeep
|turn|104
|
|t:|1619047309
|move|p2a: Moltres|Flamethrower|p1a: Suicune
|-resisted|p1a: Suicune
|-activate|p1a: Suicune|move: Substitute|[damage]
|move|p1a: Suicune|Substitute|p1a: Suicune
|-fail|p1a: Suicune|move: Substitute
|
|-damage|p2a: Moltres|34/100 tox|[from] psn
|upkeep
|turn|105
|
|t:|1619047316
|move|p2a: Moltres|Roost|p2a: Moltres
|-heal|p2a: Moltres|85/100 tox
|-singleturn|p2a: Moltres|move: Roost
|move|p1a: Suicune|Scald|p2a: Moltres
|-supereffective|p2a: Moltres
|-damage|p2a: Moltres|0 fnt
|faint|p2a: Moltres
|
|upkeep
|
|t:|1619047327
|switch|p2a: Jirachi|Jirachi|72/100
|turn|106
|
|t:|1619047330
|move|p2a: Jirachi|Iron Head|p1a: Suicune
|-resisted|p1a: Suicune
|-end|p1a: Suicune|Substitute
|move|p1a: Suicune|Scald|p2a: Jirachi
|-damage|p2a: Jirachi|0 fnt
|faint|p2a: Jirachi
|
|upkeep
|
|t:|1619047335
|switch|p2a: Slowbro|Slowbro-Galar, F|100/100
|turn|107
|j| abejas
|inactive|basaninho has 270 seconds left.
|l| Boulicrok
|inactive|basaninho has 240 seconds left.
|c|☆basaninho|gg
|
|t:|1619047400
|move|p1a: Suicune|Substitute|p1a: Suicune
|-start|p1a: Suicune|Substitute
|-damage|p1a: Suicune|75/100
|move|p2a: Slowbro|Psyshock|p1a: Suicune
|-activate|p1a: Suicune|move: Substitute|[damage]
|
|-heal|p1a: Suicune|82/100|[from] item: Leftovers
|upkeep
|turn|108
|c|☆sneer|tbh i didnt mean to load this LOL
|c|☆sneer|gg
|
|t:|1619047412
|move|p1a: Suicune|Scald|p2a: Slowbro
|-damage|p2a: Slowbro|0 fnt
|faint|p2a: Slowbro
|
|win|sneer
