|html|<div class="broadcast-blue"><strong>[Gen 8] UU is currently suspecting Thundurus-T! For information on how to participate check out the <a href="https://www.smogon.com/forums/threads/np-ss-uu-stage-11-boom-clap.3696000/">suspect thread</a>.</strong></div>
|j|☆pif
|j|☆thegreatestshowman
|t:|1642734261
|gametype|singles
|player|p1|pif|#uutrio2ladder|1737
|player|p2|thegreatestshowman|n|1616
|teamsize|p1|6
|teamsize|p2|6
|gen|8
|tier|[Gen 8] UU
|rated|
|rule|Sleep Clause Mod: Limit one foe put to sleep
|rule|Species Clause: Limit one of each Pokémon
|rule|OHKO Clause: OHKO moves are banned
|rule|Evasion Moves Clause: Evasion moves are banned
|rule|Endless Battle Clause: Forcing endless battles is banned
|rule|HP Percentage Mod: HP is shown in percentages
|rule|Dynamax Clause: You cannot dynamax
|clearpoke
|poke|p1|Regidrago|
|poke|p1|Crawdaunt, M|
|poke|p1|Amoonguss, M|
|poke|p1|Swampert, M|
|poke|p1|Jirachi|
|poke|p1|Mantine, F|
|poke|p2|Aegislash, M|
|poke|p2|Zygarde-10%|
|poke|p2|Nihilego|
|poke|p2|Mandibuzz, F|
|poke|p2|Amoonguss, F|
|poke|p2|Primarina, F|
|teampreview
|inactive|Battle timer is ON: inactive players will automatically lose when time's up. (requested by thegreatestshowman)
|j| UnzipsCrogre
|c|☆thegreatestshowman|bro i was searching for ur entire battle
|j| Corporate Donkey
|inactive|pif has 120 seconds left.
|inactive|thegreatestshowman has 120 seconds left.
|c|☆pif|yes
|j| Adrift and Alone
|j| Y1theking100
|c|☆pif|our ladder is very alive
|c| Corporate Donkey|hello again pif
|c|☆pif|hello
|j| Snow Jiniri
|inactive|thegreatestshowman has 90 seconds left.
|
|t:|1642734327
|start
|switch|p1a: muddy buddy|Swampert, M|100/100
|switch|p2a: Aegislash|Aegislash, M|100/100
|turn|1
|c|☆pif|why am i running this shit swampert set
|j| haxlolo
|c|☆pif|my ass was like
|j| nioubiyvu
|c|☆pif|lets use the sleeping move on swampert
|c|☆pif|instead of amoong
|c|☆pif|bc ???
|c|☆pif|profit
|inactive|pif has 120 seconds left.
|
|t:|1642734363
|move|p1a: muddy buddy|Stealth Rock|p2a: Aegislash
|-sidestart|p2: thegreatestshowman|move: Stealth Rock
|move|p2a: Aegislash|Toxic|p1a: muddy buddy
|-status|p1a: muddy buddy|tox
|
|-damage|p1a: muddy buddy|94/100 tox|[from] psn
|upkeep
|turn|2
|
|t:|1642734371
|move|p2a: Aegislash|King's Shield|p2a: Aegislash
|-singleturn|p2a: Aegislash|Protect
|move|p1a: muddy buddy|Yawn|p2a: Aegislash
|-start|p2a: Aegislash|move: Yawn|[of] p1a: muddy buddy
|
|-heal|p1a: muddy buddy|100/100 tox|[from] item: Leftovers
|-damage|p1a: muddy buddy|88/100 tox|[from] psn
|upkeep
|turn|3
|c| Corporate Donkey|wait, you mean you ran giga shit over spore?
|c|☆pif|dude
|inactive|pif has 120 seconds left.
|c|☆pif|at least i beat the cloyster lead guy
|j| SuloTheBoi!@!
|c| Corporate Donkey|yeah true
|
|t:|1642734400
|switch|p2a: Amoonguss|Amoonguss, F|100/100
|-damage|p2a: Amoonguss|88/100|[from] Stealth Rock
|move|p1a: muddy buddy|Yawn|p2a: Amoonguss
|-start|p2a: Amoonguss|move: Yawn|[of] p1a: muddy buddy
|
|-heal|p1a: muddy buddy|94/100 tox|[from] item: Leftovers
|-damage|p1a: muddy buddy|76/100 tox|[from] psn
|upkeep
|turn|4
|c|☆pif|actually yawn is not bad there
|j|+Sage
|c|☆pif|you know
|j|+TSR
|
|t:|1642734414
|switch|p2a: Primarina|Primarina, F|100/100
|-damage|p2a: Primarina|88/100|[from] Stealth Rock
|move|p1a: muddy buddy|Flip Turn|p2a: Primarina
|-resisted|p2a: Primarina
|-crit|p2a: Primarina
|-damage|p2a: Primarina|71/100
|inactive|pif has 120 seconds left.
|c|☆pif|okay maybe it was bad
|c| Corporate Donkey|yeah I use yawn on swampert
|
|t:|1642734440
|switch|p1a: shroom of doom|Amoonguss, M|100/100|[from]move: Flip Turn
|
|-heal|p2a: Primarina|77/100|[from] item: Leftovers
|upkeep
|turn|5
|
|t:|1642734451
|switch|p2a: Nihilego|Nihilego|100/100
|-damage|p2a: Nihilego|88/100|[from] Stealth Rock
|move|p1a: shroom of doom|Sludge Bomb|p2a: Nihilego
|-resisted|p2a: Nihilego
|-damage|p2a: Nihilego|83/100
|
|-heal|p2a: Nihilego|89/100|[from] item: Black Sludge
|upkeep
|turn|6
|
|t:|1642734456
|move|p2a: Nihilego|Stealth Rock|p1a: shroom of doom
|-sidestart|p1: pif|move: Stealth Rock
|move|p1a: shroom of doom|Giga Drain|p2a: Nihilego
|-damage|p2a: Nihilego|73/100
|
|-heal|p2a: Nihilego|79/100|[from] item: Black Sludge
|upkeep
|turn|7
|l|+Sage
|
|t:|1642734464
|move|p2a: Nihilego|Knock Off|p1a: shroom of doom
|-damage|p1a: shroom of doom|92/100
|-enditem|p1a: shroom of doom|Eject Button|[from] move: Knock Off|[of] p2a: Nihilego
|move|p1a: shroom of doom|Giga Drain|p2a: Nihilego
|-damage|p2a: Nihilego|62/100
|-heal|p1a: shroom of doom|99/100|[from] drain|[of] p2a: Nihilego
|
|-heal|p2a: Nihilego|68/100|[from] item: Black Sludge
|upkeep
|turn|8
|c|☆pif|delcious 16% chip
|
|t:|1642734471
|move|p2a: Nihilego|Sludge Bomb|p1a: shroom of doom
|-damage|p1a: shroom of doom|54/100
|move|p1a: shroom of doom|Giga Drain|p2a: Nihilego
|-damage|p2a: Nihilego|50/100
|-heal|p1a: shroom of doom|62/100|[from] drain|[of] p2a: Nihilego
|
|-heal|p2a: Nihilego|56/100|[from] item: Black Sludge
|upkeep
|turn|9
|
|t:|1642734478
|move|p2a: Nihilego|Power Gem|p1a: shroom of doom
|-damage|p1a: shroom of doom|23/100
|move|p1a: shroom of doom|Synthesis|p1a: shroom of doom
|-heal|p1a: shroom of doom|73/100
|
|-heal|p2a: Nihilego|62/100|[from] item: Black Sludge
|upkeep
|turn|10
|
|t:|1642734482
|switch|p1a: flinchy winchy|Jirachi|100/100
|-damage|p1a: flinchy winchy|94/100|[from] Stealth Rock
|move|p2a: Nihilego|Power Gem|p1a: flinchy winchy
|-resisted|p1a: flinchy winchy
|-damage|p1a: flinchy winchy|75/100
|
|-heal|p2a: Nihilego|69/100|[from] item: Black Sludge
|-heal|p1a: flinchy winchy|82/100|[from] item: Leftovers
|upkeep
|turn|11
|
|t:|1642734487
|switch|p2a: Aegislash|Aegislash, M|100/100
|-damage|p2a: Aegislash|94/100|[from] Stealth Rock
|move|p1a: flinchy winchy|U-turn|p2a: Aegislash
|-resisted|p2a: Aegislash
|-crit|p2a: Aegislash
|-damage|p2a: Aegislash|90/100
|
|t:|1642734492
|switch|p1a: flaunt the daunt|Crawdaunt, M|100/100|[from]move: U-turn
|-damage|p1a: flaunt the daunt|88/100|[from] Stealth Rock
|
|-heal|p2a: Aegislash|96/100|[from] item: Leftovers
|upkeep
|turn|12
|j| BoldKnock
|
|t:|1642734498
|move|p2a: Aegislash|King's Shield|p2a: Aegislash
|-singleturn|p2a: Aegislash|Protect
|move|p1a: flaunt the daunt|Sludge Wave|p2a: Aegislash
|-activate|p2a: Aegislash|move: Protect
|
|-heal|p2a: Aegislash|100/100|[from] item: Leftovers
|upkeep
|turn|13
|c|☆pif|drop: avoidded
|
|t:|1642734517
|switch|p2a: Mandibuzz|Mandibuzz, F|100/100
|move|p1a: flaunt the daunt|Knock Off|p2a: Mandibuzz
|-resisted|p2a: Mandibuzz
|-damage|p2a: Mandibuzz|73/100
|-enditem|p2a: Mandibuzz|Heavy-Duty Boots|[from] move: Knock Off|[of] p1a: flaunt the daunt
|-damage|p1a: flaunt the daunt|78/100|[from] item: Life Orb
|
|upkeep
|turn|14
|
|t:|1642734523
|move|p1a: flaunt the daunt|Crabhammer|p2a: Mandibuzz|[miss]
|-miss|p1a: flaunt the daunt|p2a: Mandibuzz
|move|p2a: Mandibuzz|Roost|p2a: Mandibuzz
|-heal|p2a: Mandibuzz|100/100
|-singleturn|p2a: Mandibuzz|move: Roost
|
|upkeep
|turn|15
|l|+TSR
|c|☆pif|perdemos
|
|t:|1642734530
|move|p1a: flaunt the daunt|Crabhammer|p2a: Mandibuzz
|-damage|p2a: Mandibuzz|44/100
|-damage|p1a: flaunt the daunt|69/100|[from] item: Life Orb
|move|p2a: Mandibuzz|Roost|p2a: Mandibuzz
|-heal|p2a: Mandibuzz|94/100
|-singleturn|p2a: Mandibuzz|move: Roost
|
|upkeep
|turn|16
|l| UnzipsCrogre
|
|t:|1642734535
|switch|p2a: Amoonguss|Amoonguss, F|100/100
|-damage|p2a: Amoonguss|88/100|[from] Stealth Rock
|move|p1a: flaunt the daunt|Crabhammer|p2a: Amoonguss
|-resisted|p2a: Amoonguss
|-damage|p2a: Amoonguss|57/100
|-damage|p1a: flaunt the daunt|52/100|[from] item: Rocky Helmet|[of] p2a: Amoonguss
|-damage|p1a: flaunt the daunt|42/100|[from] item: Life Orb
|
|upkeep
|turn|17
|
|t:|1642734546
|switch|p2a: Mandibuzz|Mandibuzz, F|94/100
|-damage|p2a: Mandibuzz|69/100|[from] Stealth Rock
|move|p1a: flaunt the daunt|Crabhammer|p2a: Mandibuzz
|-damage|p2a: Mandibuzz|15/100
|-damage|p1a: flaunt the daunt|33/100|[from] item: Life Orb
|
|upkeep
|turn|18
|c|☆pif|ganhamos
|
|t:|1642734561
|move|p1a: flaunt the daunt|Knock Off|p2a: Mandibuzz
|-resisted|p2a: Mandibuzz
|-damage|p2a: Mandibuzz|0 fnt
|faint|p2a: Mandibuzz
|-damage|p1a: flaunt the daunt|23/100|[from] item: Life Orb
|
|upkeep
|
|t:|1642734566
|switch|p2a: Zygarde|Zygarde-10%|100/100
|-damage|p2a: Zygarde|94/100|[from] Stealth Rock
|-ability|p2a: Zygarde|Aura Break
|turn|19
|j| hariyana grande
|
|t:|1642734577
|switch|p1a: shroom of doom|Amoonguss, M|100/100
|-damage|p1a: shroom of doom|88/100|[from] Stealth Rock
|move|p2a: Zygarde|Extreme Speed|p1a: shroom of doom
|-damage|p1a: shroom of doom|63/100
|
|upkeep
|turn|20
|
|t:|1642734588
|switch|p2a: Amoonguss|Amoonguss, F|90/100
|-damage|p2a: Amoonguss|78/100|[from] Stealth Rock
|move|p1a: shroom of doom|Giga Drain|p2a: Amoonguss
|-resisted|p2a: Amoonguss
|-damage|p2a: Amoonguss|73/100
|-heal|p1a: shroom of doom|65/100|[from] drain|[of] p2a: Amoonguss
|
|upkeep
|turn|21
|
|t:|1642734592
|switch|p2a: Nihilego|Nihilego|69/100
|-damage|p2a: Nihilego|56/100|[from] Stealth Rock
|move|p1a: shroom of doom|Sludge Bomb|p2a: Nihilego
|-resisted|p2a: Nihilego
|-damage|p2a: Nihilego|51/100
|
|-heal|p2a: Nihilego|57/100|[from] item: Black Sludge
|upkeep
|turn|22
|
|t:|1642734597
|switch|p1a: flinchy winchy|Jirachi|82/100
|-damage|p1a: flinchy winchy|75/100|[from] Stealth Rock
|move|p2a: Nihilego|Power Gem|p1a: flinchy winchy
|-resisted|p1a: flinchy winchy
|-damage|p1a: flinchy winchy|59/100
|
|-heal|p2a: Nihilego|63/100|[from] item: Black Sludge
|-heal|p1a: flinchy winchy|66/100|[from] item: Leftovers
|upkeep
|turn|23
|c|☆pif|god
|
|t:|1642734614
|switch|p2a: Amoonguss|Amoonguss, F|100/100
|-damage|p2a: Amoonguss|88/100|[from] Stealth Rock
|move|p1a: flinchy winchy|Wish|p1a: flinchy winchy
|
|-heal|p1a: flinchy winchy|72/100|[from] item: Leftovers
|upkeep
|turn|24
|
|t:|1642734623
|move|p1a: flinchy winchy|Protect|p1a: flinchy winchy
|-singleturn|p1a: flinchy winchy|Protect
|move|p2a: Amoonguss|Sludge Bomb|p1a: flinchy winchy
|-activate|p1a: flinchy winchy|move: Protect
|
|-heal|p1a: flinchy winchy|100/100|[from] move: Wish|[wisher] flinchy winchy
|upkeep
|turn|25
|j| Aqua8Jet
|
|t:|1642734632
|switch|p1a: shroom of doom|Amoonguss, M|98/100
|-damage|p1a: shroom of doom|86/100|[from] Stealth Rock
|move|p2a: Amoonguss|Sludge Bomb|p1a: shroom of doom
|-damage|p1a: shroom of doom|62/100
|
|upkeep
|turn|26
|
|t:|1642734639
|move|p1a: shroom of doom|Sludge Bomb|p2a: Amoonguss
|-damage|p2a: Amoonguss|62/100
|move|p2a: Amoonguss|Sludge Bomb|p1a: shroom of doom
|-damage|p1a: shroom of doom|35/100
|
|upkeep
|turn|27
|
|t:|1642734646
|switch|p2a: Nihilego|Nihilego|63/100
|-damage|p2a: Nihilego|51/100|[from] Stealth Rock
|move|p1a: shroom of doom|Synthesis|p1a: shroom of doom
|-heal|p1a: shroom of doom|85/100
|
|-heal|p2a: Nihilego|57/100|[from] item: Black Sludge
|upkeep
|turn|28
|c|☆pif|amoonguss: the tier
|
|t:|1642734656
|move|p2a: Nihilego|Power Gem|p1a: shroom of doom
|-damage|p1a: shroom of doom|43/100
|move|p1a: shroom of doom|Giga Drain|p2a: Nihilego
|-damage|p2a: Nihilego|40/100
|-heal|p1a: shroom of doom|50/100|[from] drain|[of] p2a: Nihilego
|
|-heal|p2a: Nihilego|46/100|[from] item: Black Sludge
|upkeep
|turn|29
|
|t:|1642734667
|move|p2a: Nihilego|Knock Off|p1a: shroom of doom
|-damage|p1a: shroom of doom|44/100
|move|p1a: shroom of doom|Synthesis|p1a: shroom of doom
|-heal|p1a: shroom of doom|94/100
|
|-heal|p2a: Nihilego|52/100|[from] item: Black Sludge
|upkeep
|turn|30
|
|t:|1642734672
|move|p2a: Nihilego|Power Gem|p1a: shroom of doom
|-damage|p1a: shroom of doom|57/100
|move|p1a: shroom of doom|Giga Drain|p2a: Nihilego
|-damage|p2a: Nihilego|36/100
|-heal|p1a: shroom of doom|63/100|[from] drain|[of] p2a: Nihilego
|
|-heal|p2a: Nihilego|42/100|[from] item: Black Sludge
|upkeep
|turn|31
|
|t:|1642734676
|move|p2a: Nihilego|Knock Off|p1a: shroom of doom
|-damage|p1a: shroom of doom|57/100
|move|p1a: shroom of doom|Synthesis|p1a: shroom of doom
|-heal|p1a: shroom of doom|100/100
|
|-heal|p2a: Nihilego|49/100|[from] item: Black Sludge
|upkeep
|turn|32
|
|t:|1642734679
|move|p2a: Nihilego|Sludge Bomb|p1a: shroom of doom
|-damage|p1a: shroom of doom|54/100
|move|p1a: shroom of doom|Giga Drain|p2a: Nihilego
|-damage|p2a: Nihilego|30/100
|-heal|p1a: shroom of doom|62/100|[from] drain|[of] p2a: Nihilego
|
|-heal|p2a: Nihilego|36/100|[from] item: Black Sludge
|upkeep
|turn|33
|
|t:|1642734682
|switch|p1a: flinchy winchy|Jirachi|100/100
|-damage|p1a: flinchy winchy|94/100|[from] Stealth Rock
|move|p2a: Nihilego|Sludge Bomb|p1a: flinchy winchy
|-immune|p1a: flinchy winchy
|
|-heal|p2a: Nihilego|42/100|[from] item: Black Sludge
|-heal|p1a: flinchy winchy|100/100|[from] item: Leftovers
|upkeep
|turn|34
|
|t:|1642734692
|switch|p2a: Amoonguss|Amoonguss, F|95/100
|-damage|p2a: Amoonguss|83/100|[from] Stealth Rock
|move|p1a: flinchy winchy|Iron Head|p2a: Amoonguss
|-damage|p2a: Amoonguss|63/100
|-damage|p1a: flinchy winchy|84/100|[from] item: Rocky Helmet|[of] p2a: Amoonguss
|
|-heal|p1a: flinchy winchy|90/100|[from] item: Leftovers
|upkeep
|turn|35
|
|t:|1642734699
|move|p1a: flinchy winchy|Protect|p1a: flinchy winchy
|-singleturn|p1a: flinchy winchy|Protect
|move|p2a: Amoonguss|Foul Play|p1a: flinchy winchy
|-activate|p1a: flinchy winchy|move: Protect
|
|-heal|p1a: flinchy winchy|96/100|[from] item: Leftovers
|upkeep
|turn|36
|
|t:|1642734706
|switch|p1a: shroom of doom|Amoonguss, M|95/100
|-damage|p1a: shroom of doom|82/100|[from] Stealth Rock
|move|p2a: Amoonguss|Sludge Bomb|p1a: shroom of doom
|-damage|p1a: shroom of doom|57/100
|
|upkeep
|turn|37
|
|t:|1642734719
|move|p1a: shroom of doom|Sludge Bomb|p2a: Amoonguss
|-damage|p2a: Amoonguss|41/100
|move|p2a: Amoonguss|Sludge Bomb|p1a: shroom of doom
|-damage|p1a: shroom of doom|32/100
|
|upkeep
|turn|38
|
|t:|1642734725
|switch|p2a: Aegislash|Aegislash, M|100/100
|-damage|p2a: Aegislash|94/100|[from] Stealth Rock
|move|p1a: shroom of doom|Synthesis|p1a: shroom of doom
|-heal|p1a: shroom of doom|82/100
|
|-heal|p2a: Aegislash|100/100|[from] item: Leftovers
|upkeep
|turn|39
|
|t:|1642734729
|switch|p2a: Amoonguss|Amoonguss, F|74/100
|-damage|p2a: Amoonguss|61/100|[from] Stealth Rock
|move|p1a: shroom of doom|Foul Play|p2a: Amoonguss
|-damage|p2a: Amoonguss|51/100
|-damage|p1a: shroom of doom|66/100|[from] item: Rocky Helmet|[of] p2a: Amoonguss
|
|upkeep
|turn|40
|l| Aqua8Jet
|
|t:|1642734734
|switch|p2a: Aegislash|Aegislash, M|100/100
|-damage|p2a: Aegislash|94/100|[from] Stealth Rock
|move|p1a: shroom of doom|Sludge Bomb|p2a: Aegislash
|-immune|p2a: Aegislash
|
|-heal|p2a: Aegislash|100/100|[from] item: Leftovers
|upkeep
|turn|41
|
|t:|1642734741
|switch|p2a: Amoonguss|Amoonguss, F|84/100
|-damage|p2a: Amoonguss|72/100|[from] Stealth Rock
|move|p1a: shroom of doom|Foul Play|p2a: Amoonguss
|-damage|p2a: Amoonguss|61/100
|-damage|p1a: shroom of doom|49/100|[from] item: Rocky Helmet|[of] p2a: Amoonguss
|
|upkeep
|turn|42
|
|t:|1642734751
|move|p1a: shroom of doom|Synthesis|p1a: shroom of doom
|-heal|p1a: shroom of doom|99/100
|move|p2a: Amoonguss|Sludge Bomb|p1a: shroom of doom
|-damage|p1a: shroom of doom|71/100
|
|upkeep
|turn|43
|c|☆pif|i am irritated
|
|t:|1642734756
|switch|p2a: Aegislash|Aegislash, M|100/100
|-damage|p2a: Aegislash|94/100|[from] Stealth Rock
|move|p1a: shroom of doom|Sludge Bomb|p2a: Aegislash
|-immune|p2a: Aegislash
|
|-heal|p2a: Aegislash|100/100|[from] item: Leftovers
|upkeep
|turn|44
|c|☆pif|and sad
|
|t:|1642734762
|move|p2a: Aegislash|King's Shield|p2a: Aegislash
|-singleturn|p2a: Aegislash|Protect
|move|p1a: shroom of doom|Sludge Bomb|p2a: Aegislash
|-activate|p2a: Aegislash|move: Protect
|
|upkeep
|turn|45
|
|t:|1642734767
|switch|p2a: Amoonguss|Amoonguss, F|95/100
|-damage|p2a: Amoonguss|82/100|[from] Stealth Rock
|move|p1a: shroom of doom|Sludge Bomb|p2a: Amoonguss
|-damage|p2a: Amoonguss|56/100
|
|upkeep
|turn|46
|
|t:|1642734772
|move|p1a: shroom of doom|Foul Play|p2a: Amoonguss
|-damage|p2a: Amoonguss|45/100
|-damage|p1a: shroom of doom|54/100|[from] item: Rocky Helmet|[of] p2a: Amoonguss
|move|p2a: Amoonguss|Sludge Bomb|p1a: shroom of doom
|-damage|p1a: shroom of doom|28/100
|
|upkeep
|turn|47
|
|t:|1642734779
|move|p1a: shroom of doom|Synthesis|p1a: shroom of doom
|-heal|p1a: shroom of doom|78/100
|move|p2a: Amoonguss|Sludge Bomb|p1a: shroom of doom
|-damage|p1a: shroom of doom|52/100
|
|upkeep
|turn|48
|c|☆thegreatestshowman|how much speed u got
|c|☆pif|im scarf
|
|t:|1642734797
|move|p1a: shroom of doom|Foul Play|p2a: Amoonguss
|-damage|p2a: Amoonguss|34/100
|-damage|p1a: shroom of doom|35/100|[from] item: Rocky Helmet|[of] p2a: Amoonguss
|move|p2a: Amoonguss|Synthesis|p2a: Amoonguss
|-heal|p2a: Amoonguss|84/100
|
|upkeep
|turn|49
|c|☆pif|AUGHHH
|c|☆thegreatestshowman|oh word
|
|t:|1642734809
|switch|p2a: Aegislash|Aegislash, M|100/100
|-damage|p2a: Aegislash|94/100|[from] Stealth Rock
|move|p1a: shroom of doom|Synthesis|p1a: shroom of doom
|-heal|p1a: shroom of doom|85/100
|
|-heal|p2a: Aegislash|100/100|[from] item: Leftovers
|upkeep
|turn|50
|
|t:|1642734816
|switch|p2a: Amoonguss|Amoonguss, F|100/100
|-damage|p2a: Amoonguss|88/100|[from] Stealth Rock
|move|p1a: shroom of doom|Sludge Bomb|p2a: Amoonguss
|-damage|p2a: Amoonguss|65/100
|
|upkeep
|turn|51
|
|t:|1642734823
|switch|p1a: manta bae|Mantine, F|100/100
|move|p2a: Amoonguss|Sludge Bomb|p1a: manta bae
|-damage|p1a: manta bae|83/100
|
|upkeep
|turn|52
|
|t:|1642734831
|move|p1a: manta bae|Scald|p2a: Amoonguss
|-resisted|p2a: Amoonguss
|-damage|p2a: Amoonguss|54/100
|move|p2a: Amoonguss|Sludge Bomb|p1a: manta bae
|-damage|p1a: manta bae|65/100
|
|upkeep
|turn|53
|
|t:|1642734835
|move|p1a: manta bae|Scald|p2a: Amoonguss
|-resisted|p2a: Amoonguss
|-damage|p2a: Amoonguss|43/100
|move|p2a: Amoonguss|Sludge Bomb|p1a: manta bae
|-damage|p1a: manta bae|47/100
|
|upkeep
|turn|54
|
|t:|1642734842
|move|p1a: manta bae|Scald|p2a: Amoonguss
|-resisted|p2a: Amoonguss
|-damage|p2a: Amoonguss|33/100
|-status|p2a: Amoonguss|brn
|move|p2a: Amoonguss|Sludge Bomb|p1a: manta bae
|-damage|p1a: manta bae|30/100
|
|-damage|p2a: Amoonguss|27/100 brn|[from] brn
|upkeep
|turn|55
|c|☆pif|society
|
|t:|1642734850
|move|p1a: manta bae|Roost|p1a: manta bae
|-heal|p1a: manta bae|80/100
|-singleturn|p1a: manta bae|move: Roost
|move|p2a: Amoonguss|Synthesis|p2a: Amoonguss
|-heal|p2a: Amoonguss|77/100 brn
|
|-damage|p2a: Amoonguss|71/100 brn|[from] brn
|upkeep
|turn|56
|
|t:|1642734857
|switch|p1a: flinchy winchy|Jirachi|96/100
|-damage|p1a: flinchy winchy|90/100|[from] Stealth Rock
|move|p2a: Amoonguss|Spore|p1a: flinchy winchy
|-status|p1a: flinchy winchy|slp|[from] move: Spore
|
|-heal|p1a: flinchy winchy|96/100 slp|[from] item: Leftovers
|-damage|p2a: Amoonguss|65/100 brn|[from] brn
|upkeep
|turn|57
|
|t:|1642734864
|switch|p1a: shroom of doom|Amoonguss, M|100/100
|-damage|p1a: shroom of doom|88/100|[from] Stealth Rock
|switch|p2a: Aegislash|Aegislash, M|100/100
|-damage|p2a: Aegislash|94/100|[from] Stealth Rock
|
|-heal|p2a: Aegislash|100/100|[from] item: Leftovers
|upkeep
|turn|58
|
|t:|1642734875
|move|p2a: Aegislash|King's Shield|p2a: Aegislash
|-singleturn|p2a: Aegislash|Protect
|move|p1a: shroom of doom|Foul Play|p2a: Aegislash
|-activate|p2a: Aegislash|move: Protect
|-unboost|p1a: shroom of doom|atk|1
|
|upkeep
|turn|59
|
|t:|1642734879
|switch|p1a: flinchy winchy|Jirachi|96/100 slp
|-damage|p1a: flinchy winchy|90/100 slp|[from] Stealth Rock
|-formechange|p2a: Aegislash|Aegislash-Blade||[from] ability: Stance Change
|move|p2a: Aegislash|Shadow Ball|p1a: flinchy winchy
|-supereffective|p1a: flinchy winchy
|-damage|p1a: flinchy winchy|5/100 slp
|
|-heal|p1a: flinchy winchy|12/100 slp|[from] item: Leftovers
|upkeep
|turn|60
|c|☆pif|wkjvrkjv
|c|☆pif|whomst
|
|t:|1642734889
|switch|p1a: manta bae|Mantine, F|80/100
|move|p2a: Aegislash|Shadow Ball|p1a: manta bae
|-damage|p1a: manta bae|50/100
|
|upkeep
|turn|61
|
|t:|1642734894
|move|p1a: manta bae|Scald|p2a: Aegislash
|-damage|p2a: Aegislash|61/100
|move|p2a: Aegislash|Toxic|p1a: manta bae
|-status|p1a: manta bae|tox
|
|-heal|p2a: Aegislash|67/100|[from] item: Leftovers
|-damage|p1a: manta bae|44/100 tox|[from] psn
|upkeep
|turn|62
|
|t:|1642734900
|move|p1a: manta bae|Roost|p1a: manta bae
|-heal|p1a: manta bae|94/100 tox
|-singleturn|p1a: manta bae|move: Roost
|move|p2a: Aegislash|Shadow Ball|p1a: manta bae
|-damage|p1a: manta bae|64/100 tox
|
|-heal|p2a: Aegislash|73/100|[from] item: Leftovers
|-damage|p1a: manta bae|51/100 tox|[from] psn
|upkeep
|turn|63
|
|t:|1642734904
|-formechange|p2a: Aegislash|Aegislash||[from] ability: Stance Change
|move|p2a: Aegislash|King's Shield|p2a: Aegislash
|-singleturn|p2a: Aegislash|Protect
|move|p1a: manta bae|Roost|p1a: manta bae
|-heal|p1a: manta bae|100/100 tox
|-singleturn|p1a: manta bae|move: Roost
|
|-heal|p2a: Aegislash|79/100|[from] item: Leftovers
|-damage|p1a: manta bae|82/100 tox|[from] psn
|upkeep
|turn|64
|
|t:|1642734909
|switch|p2a: Amoonguss|Amoonguss, F|98/100 brn
|-damage|p2a: Amoonguss|85/100 brn|[from] Stealth Rock
|move|p1a: manta bae|Scald|p2a: Amoonguss
|-resisted|p2a: Amoonguss
|-damage|p2a: Amoonguss|76/100 brn
|
|-damage|p1a: manta bae|57/100 tox|[from] psn
|-damage|p2a: Amoonguss|69/100 brn|[from] brn
|upkeep
|turn|65
|
|t:|1642734923
|switch|p1a: shroom of doom|Amoonguss, M|100/100
|-damage|p1a: shroom of doom|88/100|[from] Stealth Rock
|move|p2a: Amoonguss|Foul Play|p1a: shroom of doom
|-damage|p1a: shroom of doom|82/100
|
|-damage|p2a: Amoonguss|63/100 brn|[from] brn
|upkeep
|turn|66
|
|t:|1642734933
|switch|p1a: flinchy winchy|Jirachi|12/100 slp
|-damage|p1a: flinchy winchy|5/100 slp|[from] Stealth Rock
|switch|p2a: Aegislash|Aegislash, M|79/100
|-damage|p2a: Aegislash|73/100|[from] Stealth Rock
|
|-heal|p1a: flinchy winchy|12/100 slp|[from] item: Leftovers
|-heal|p2a: Aegislash|79/100|[from] item: Leftovers
|upkeep
|turn|67
|
|t:|1642734941
|switch|p1a: shroom of doom|Amoonguss, M|100/100
|-damage|p1a: shroom of doom|88/100|[from] Stealth Rock
|-formechange|p2a: Aegislash|Aegislash-Blade||[from] ability: Stance Change
|move|p2a: Aegislash|Shadow Ball|p1a: shroom of doom
|-damage|p1a: shroom of doom|39/100
|
|-heal|p2a: Aegislash|85/100|[from] item: Leftovers
|upkeep
|turn|68
|
|t:|1642734947
|switch|p1a: manta bae|Mantine, F|57/100 tox
|move|p2a: Aegislash|Shadow Ball|p1a: manta bae
|-damage|p1a: manta bae|29/100 tox
|
|-heal|p2a: Aegislash|92/100|[from] item: Leftovers
|-damage|p1a: manta bae|23/100 tox|[from] psn
|upkeep
|turn|69
|
|t:|1642734951
|move|p1a: manta bae|Roost|p1a: manta bae
|-heal|p1a: manta bae|73/100 tox
|-singleturn|p1a: manta bae|move: Roost
|move|p2a: Aegislash|Shadow Ball|p1a: manta bae
|-damage|p1a: manta bae|43/100 tox
|
|-heal|p2a: Aegislash|98/100|[from] item: Leftovers
|-damage|p1a: manta bae|31/100 tox|[from] psn
|upkeep
|turn|70
|
|t:|1642734956
|switch|p2a: Primarina|Primarina, F|77/100
|-damage|p2a: Primarina|65/100|[from] Stealth Rock
|move|p1a: manta bae|Scald|p2a: Primarina
|-resisted|p2a: Primarina
|-damage|p2a: Primarina|57/100
|-status|p2a: Primarina|brn
|
|-heal|p2a: Primarina|63/100 brn|[from] item: Leftovers
|-damage|p1a: manta bae|12/100 tox|[from] psn
|-damage|p2a: Primarina|57/100 brn|[from] brn
|upkeep
|turn|71
|
|t:|1642734960
|move|p1a: manta bae|Roost|p1a: manta bae
|-heal|p1a: manta bae|62/100 tox
|-singleturn|p1a: manta bae|move: Roost
|move|p2a: Primarina|Calm Mind|p2a: Primarina
|-boost|p2a: Primarina|spa|1
|-boost|p2a: Primarina|spd|1
|
|-heal|p2a: Primarina|63/100 brn|[from] item: Leftovers
|-damage|p1a: manta bae|37/100 tox|[from] psn
|-damage|p2a: Primarina|57/100 brn|[from] brn
|upkeep
|turn|72
|
|t:|1642734975
|switch|p1a: shroom of doom|Amoonguss, M|72/100
|-damage|p1a: shroom of doom|60/100|[from] Stealth Rock
|move|p2a: Primarina|Rest|p2a: Primarina
|-status|p2a: Primarina|slp|[from] move: Rest
|-heal|p2a: Primarina|100/100 slp|[silent]
|
|upkeep
|turn|73
|
|t:|1642734981
|switch|p1a: manta bae|Mantine, F|37/100 tox
|cant|p2a: Primarina|slp
|move|p2a: Primarina|Snore|p1a: manta bae
|-heal|p1a: manta bae|62/100 tox|[from] ability: Water Absorb|[of] p2a: Primarina
|
|-damage|p1a: manta bae|56/100 tox|[from] psn
|upkeep
|turn|74
|
|t:|1642734988
|move|p1a: manta bae|Haze|p1a: manta bae
|-clearallboost
|cant|p2a: Primarina|slp
|
|-damage|p1a: manta bae|43/100 tox|[from] psn
|upkeep
|turn|75
|
|t:|1642734997
|move|p1a: manta bae|Roost|p1a: manta bae
|-heal|p1a: manta bae|93/100 tox
|-singleturn|p1a: manta bae|move: Roost
|-curestatus|p2a: Primarina|slp|[msg]
|move|p2a: Primarina|Calm Mind|p2a: Primarina
|-boost|p2a: Primarina|spa|1
|-boost|p2a: Primarina|spd|1
|
|-damage|p1a: manta bae|75/100 tox|[from] psn
|upkeep
|turn|76
|
|t:|1642735001
|switch|p1a: shroom of doom|Amoonguss, M|93/100
|-damage|p1a: shroom of doom|81/100|[from] Stealth Rock
|move|p2a: Primarina|Moonblast|p1a: shroom of doom
|-resisted|p1a: shroom of doom
|-damage|p1a: shroom of doom|52/100
|-unboost|p1a: shroom of doom|spa|1
|
|upkeep
|turn|77
|
|t:|1642735017
|move|p2a: Primarina|Moonblast|p1a: shroom of doom
|-resisted|p1a: shroom of doom
|-damage|p1a: shroom of doom|22/100
|move|p1a: shroom of doom|Sludge Bomb|p2a: Primarina
|-supereffective|p2a: Primarina
|-damage|p2a: Primarina|83/100
|-status|p2a: Primarina|psn
|
|-heal|p2a: Primarina|90/100 psn|[from] item: Leftovers
|-damage|p2a: Primarina|77/100 psn|[from] psn
|upkeep
|turn|78
|inactive|pif has 120 seconds left.
|
|t:|1642735046
|switch|p1a: flinchy winchy|Jirachi|12/100 slp
|-damage|p1a: flinchy winchy|5/100 slp|[from] Stealth Rock
|move|p2a: Primarina|Moonblast|p1a: flinchy winchy
|-resisted|p1a: flinchy winchy
|-damage|p1a: flinchy winchy|0 fnt
|faint|p1a: flinchy winchy
|
|-heal|p2a: Primarina|83/100 psn|[from] item: Leftovers
|-damage|p2a: Primarina|71/100 psn|[from] psn
|upkeep
|inactive|pif has 120 seconds left.
|
|t:|1642735065
|switch|p1a: flaunt the daunt|Crawdaunt, M|23/100
|-damage|p1a: flaunt the daunt|11/100|[from] Stealth Rock
|turn|79
|
|t:|1642735071
|switch|p2a: Amoonguss|Amoonguss, F|97/100 brn
|-damage|p2a: Amoonguss|84/100 brn|[from] Stealth Rock
|move|p1a: flaunt the daunt|Knock Off|p2a: Amoonguss
|-damage|p2a: Amoonguss|22/100 brn
|-damage|p1a: flaunt the daunt|0 fnt|[from] item: Rocky Helmet|[of] p2a: Amoonguss
|faint|p1a: flaunt the daunt
|
|-damage|p2a: Amoonguss|15/100 brn|[from] brn
|upkeep
|
|t:|1642735076
|switch|p1a: muddy buddy|Swampert, M|76/100 tox
|-damage|p1a: muddy buddy|70/100 tox|[from] Stealth Rock
|turn|80
|inactive|thegreatestshowman has 120 seconds left.
|
|t:|1642735118
|switch|p2a: Zygarde|Zygarde-10%|94/100
|-damage|p2a: Zygarde|88/100|[from] Stealth Rock
|-ability|p2a: Zygarde|Aura Break
|move|p1a: muddy buddy|Earthquake|p2a: Zygarde
|-damage|p2a: Zygarde|16/100
|
|-heal|p1a: muddy buddy|76/100 tox|[from] item: Leftovers
|-damage|p1a: muddy buddy|70/100 tox|[from] psn
|upkeep
|turn|81
|
|t:|1642735132
|move|p2a: Zygarde|Outrage|p1a: muddy buddy
|-damage|p1a: muddy buddy|7/100 tox
|move|p1a: muddy buddy|Flip Turn|p2a: Zygarde
|-damage|p2a: Zygarde|0 fnt
|faint|p2a: Zygarde
|inactive|pif has 120 seconds left.
|
|t:|1642735148
|switch|p1a: suck my maws|Regidrago|100/100|[from]move: Flip Turn
|-damage|p1a: suck my maws|88/100|[from] Stealth Rock
|
|upkeep
|inactive|thegreatestshowman has 120 seconds left.
|
|t:|1642735154
|switch|p2a: Aegislash|Aegislash, M|98/100
|-damage|p2a: Aegislash|92/100|[from] Stealth Rock
|turn|82
|
|t:|1642735161
|switch|p1a: manta bae|Mantine, F|75/100 tox
|move|p2a: Aegislash|King's Shield||[still]
|-fail|p2a: Aegislash
|
|-heal|p2a: Aegislash|98/100|[from] item: Leftovers
|-damage|p1a: manta bae|69/100 tox|[from] psn
|upkeep
|turn|83
|j| Aqua8Jet
|
|t:|1642735167
|switch|p2a: Amoonguss|Amoonguss, F|49/100 brn
|-damage|p2a: Amoonguss|36/100 brn|[from] Stealth Rock
|move|p1a: manta bae|Roost|p1a: manta bae
|-heal|p1a: manta bae|100/100 tox
|-singleturn|p1a: manta bae|move: Roost
|
|-damage|p1a: manta bae|88/100 tox|[from] psn
|-damage|p2a: Amoonguss|30/100 brn|[from] brn
|upkeep
|turn|84
|
|t:|1642735175
|switch|p2a: Primarina|Primarina, F|71/100 psn
|-damage|p2a: Primarina|58/100 psn|[from] Stealth Rock
|move|p1a: manta bae|Defog|p2a: Primarina
|-unboost|p2a: Primarina|evasion|1
|-sideend|p2: thegreatestshowman|Stealth Rock|[from] move: Defog|[of] p1a: manta bae
|-sideend|p1: pif|Stealth Rock|[from] move: Defog|[of] p1a: manta bae
|
|-heal|p2a: Primarina|65/100 psn|[from] item: Leftovers
|-damage|p1a: manta bae|69/100 tox|[from] psn
|-damage|p2a: Primarina|52/100 psn|[from] psn
|upkeep
|turn|85
|
|t:|1642735182
|switch|p1a: shroom of doom|Amoonguss, M|55/100
|move|p2a: Primarina|Rest|p2a: Primarina
|-status|p2a: Primarina|slp|[from] move: Rest
|-heal|p2a: Primarina|100/100 slp|[silent]
|
|upkeep
|turn|86
|c| SuloTheBoi!|turn 86
|c| SuloTheBoi!|awesome!
|c|☆pif|im hanging in there
|c|☆thegreatestshowman|that aint that many
|
|t:|1642735203
|switch|p2a: Nihilego|Nihilego|42/100
|move|p1a: shroom of doom|Giga Drain|p2a: Nihilego
|-damage|p2a: Nihilego|26/100
|-heal|p1a: shroom of doom|62/100|[from] drain|[of] p2a: Nihilego
|
|-heal|p2a: Nihilego|32/100|[from] item: Black Sludge
|upkeep
|turn|87
|
|t:|1642735216
|move|p2a: Nihilego|Sludge Bomb|p1a: shroom of doom
|-damage|p1a: shroom of doom|15/100
|move|p1a: shroom of doom|Foul Play|p2a: Nihilego
|-damage|p2a: Nihilego|13/100
|
|-heal|p2a: Nihilego|19/100|[from] item: Black Sludge
|upkeep
|turn|88
|c| SuloTheBoi!|its a bit on the longer side but yea its not that long
|
|t:|1642735221
|switch|p1a: suck my maws|Regidrago|88/100
|move|p2a: Nihilego|Power Gem|p1a: suck my maws
|-damage|p1a: suck my maws|44/100
|
|-heal|p2a: Nihilego|25/100|[from] item: Black Sludge
|upkeep
|turn|89
|
|t:|1642735226
|switch|p1a: shroom of doom|Amoonguss, M|48/100
|switch|p2a: Aegislash|Aegislash, M|98/100
|
|-heal|p2a: Aegislash|100/100|[from] item: Leftovers
|upkeep
|turn|90
|
|t:|1642735236
|switch|p2a: Nihilego|Nihilego|25/100
|move|p1a: shroom of doom|Foul Play|p2a: Nihilego
|-damage|p2a: Nihilego|6/100
|
|-heal|p2a: Nihilego|12/100|[from] item: Black Sludge
|upkeep
|turn|91
|
|t:|1642735244
|switch|p2a: Amoonguss|Amoonguss, F|63/100 brn
|move|p1a: shroom of doom|Giga Drain|p2a: Amoonguss
|-resisted|p2a: Amoonguss
|-damage|p2a: Amoonguss|58/100 brn
|-heal|p1a: shroom of doom|51/100|[from] drain|[of] p2a: Amoonguss
|
|-damage|p2a: Amoonguss|52/100 brn|[from] brn
|upkeep
|turn|92
|n| SuloTheBoi!|sulotheboi
|
|t:|1642735250
|move|p1a: shroom of doom|Sludge Bomb|p2a: Amoonguss
|-damage|p2a: Amoonguss|29/100 brn
|move|p2a: Amoonguss|Sludge Bomb|p1a: shroom of doom
|-damage|p1a: shroom of doom|25/100
|
|-damage|p2a: Amoonguss|23/100 brn|[from] brn
|upkeep
|turn|93
|
|t:|1642735267
|switch|p1a: muddy buddy|Swampert, M|7/100 tox
|switch|p2a: Aegislash|Aegislash, M|100/100
|
|-heal|p1a: muddy buddy|13/100 tox|[from] item: Leftovers
|-damage|p1a: muddy buddy|7/100 tox|[from] psn
|upkeep
|turn|94
|
|t:|1642735276
|switch|p2a: Nihilego|Nihilego|12/100
|move|p1a: muddy buddy|Stealth Rock|p2a: Nihilego
|-sidestart|p2: thegreatestshowman|move: Stealth Rock
|
|-heal|p2a: Nihilego|18/100|[from] item: Black Sludge
|-heal|p1a: muddy buddy|13/100 tox|[from] item: Leftovers
|-damage|p1a: muddy buddy|1/100 tox|[from] psn
|upkeep
|turn|95
|
|t:|1642735285
|move|p2a: Nihilego|Sludge Bomb|p1a: muddy buddy
|-resisted|p1a: muddy buddy
|-damage|p1a: muddy buddy|0 fnt
|faint|p1a: muddy buddy
|-ability|p2a: Nihilego|Beast Boost|boost
|-boost|p2a: Nihilego|spa|1
|
|-heal|p2a: Nihilego|24/100|[from] item: Black Sludge
|upkeep
|
|t:|1642735287
|switch|p1a: suck my maws|Regidrago|44/100
|turn|96
|
|t:|1642735293
|switch|p1a: shroom of doom|Amoonguss, M|58/100
|switch|p2a: Primarina|Primarina, F|100/100 slp
|-damage|p2a: Primarina|88/100 slp|[from] Stealth Rock
|
|-heal|p2a: Primarina|94/100 slp|[from] item: Leftovers
|upkeep
|turn|97
|
|t:|1642735303
|switch|p2a: Aegislash|Aegislash, M|100/100
|-damage|p2a: Aegislash|94/100|[from] Stealth Rock
|move|p1a: shroom of doom|Sludge Bomb|p2a: Aegislash
|-immune|p2a: Aegislash
|
|-heal|p2a: Aegislash|100/100|[from] item: Leftovers
|upkeep
|turn|98
|
|t:|1642735309
|switch|p2a: Amoonguss|Amoonguss, F|56/100 brn
|-damage|p2a: Amoonguss|44/100 brn|[from] Stealth Rock
|move|p1a: shroom of doom|Foul Play|p2a: Amoonguss
|-damage|p2a: Amoonguss|33/100 brn
|-damage|p1a: shroom of doom|41/100|[from] item: Rocky Helmet|[of] p2a: Amoonguss
|
|-damage|p2a: Amoonguss|27/100 brn|[from] brn
|upkeep
|turn|99
|
|t:|1642735315
|switch|p1a: suck my maws|Regidrago|44/100
|switch|p2a: Nihilego|Nihilego|24/100
|-damage|p2a: Nihilego|12/100|[from] Stealth Rock
|
|-heal|p2a: Nihilego|18/100|[from] item: Black Sludge
|upkeep
|turn|100
|
|t:|1642735322
|switch|p1a: shroom of doom|Amoonguss, M|75/100
|move|p2a: Nihilego|Stealth Rock|p1a: shroom of doom
|-sidestart|p1: pif|move: Stealth Rock
|
|-heal|p2a: Nihilego|24/100|[from] item: Black Sludge
|upkeep
|turn|101
|
|t:|1642735329
|move|p2a: Nihilego|Sludge Bomb|p1a: shroom of doom
|-damage|p1a: shroom of doom|34/100
|move|p1a: shroom of doom|Giga Drain|p2a: Nihilego
|-damage|p2a: Nihilego|6/100
|-heal|p1a: shroom of doom|42/100|[from] drain|[of] p2a: Nihilego
|
|-heal|p2a: Nihilego|12/100|[from] item: Black Sludge
|upkeep
|turn|102
|
|t:|1642735338
|move|p2a: Nihilego|Sludge Bomb|p1a: shroom of doom
|-damage|p1a: shroom of doom|0 fnt
|faint|p1a: shroom of doom
|-ability|p2a: Nihilego|Beast Boost|boost
|-boost|p2a: Nihilego|spa|1
|
|-heal|p2a: Nihilego|18/100|[from] item: Black Sludge
|upkeep
|c|☆pif|gg
|c|☆thegreatestshowman|gg
|-message|pif forfeited.
|
|win|thegreatestshowman
|raw|pif's rating: 1737 &rarr; <strong>1710</strong><br />(-27 for losing)
|raw|thegreatestshowman's rating: 1616 &rarr; <strong>1643</strong><br />(+27 for winning)
|c|☆pif|okay
|l| SuloTheBoi!
|c|☆pif|so i kind of made it closer at the end
|c|☆pif|key mistake
|c|☆pif|giving jirachi away
|c|☆pif|very nice predicition
|c|☆pif|by balling the amoonger
|c|☆pif|i think thats the main thing
|l| Adrift and Alone
|c| Corporate Donkey|yeah
