|j|☆Meow Tse Tung
|j|☆Lilburr
|player|p1|Meow Tse Tung|preschooler|
|player|p2|Lilburr|parasollady-gen3|
|teamsize|p1|6
|teamsize|p2|6
|gametype|singles
|gen|8
|tier|[Gen 8] UU
|clearpoke
|poke|p1|Doublade, F|
|poke|p1|Krookodile, M|
|poke|p1|Slowking, F|
|poke|p1|Weezing-Galar, F|
|poke|p1|Blissey, F|
|poke|p1|Keldeo-Resolute|
|poke|p2|Crawdaunt, M|
|poke|p2|Kingler, F|
|poke|p2|Noivern, F|
|poke|p2|Krookodile, F|
|poke|p2|Jirachi|
|poke|p2|Mimikyu, M|
|rule|Sleep Clause Mod: Limit one foe put to sleep
|rule|Species Clause: Limit one of each Pokémon
|rule|OHKO Clause: OHKO moves are banned
|rule|Evasion Moves Clause: Evasion moves are banned
|rule|Endless Battle Clause: Forcing endless battles is banned
|rule|HP Percentage Mod: HP is shown in percentages
|rule|Dynamax Clause: You cannot dynamax
|teampreview
|c|☆Lilburr|hf
|c|☆Meow Tse Tung|i have slain your guardian friends...................
|c|☆Meow Tse Tung|only 1 remains
|c|☆Meow Tse Tung|gl!!!!
|c|☆Meow Tse Tung|double krab...
|c|☆Lilburr|obama is gone
|j| juuno
|c| juuno|wtf
|j| Mionda
|inactive|Battle timer is ON: inactive players will automatically lose when time's up. (requested by Meow Tse Tung)
|
|start
|switch|p1a: pouty snouty|Krookodile, M|100/100
|switch|p2a: Noivern|Noivern, F|100/100
|-ability|p1a: pouty snouty|Intimidate|boost
|-unboost|p2a: Noivern|atk|1
|turn|1
|c|☆Meow Tse Tung|are u guys in like a uu lagoon chat
|c| juuno|we are in a uu chat but not a uu lagoon chat
|
|switch|p1a: think PINK|Slowking, F|100/100
|move|p2a: Noivern|Hurricane|p1a: think PINK|[miss]
|-miss|p2a: Noivern|p1a: think PINK
|
|upkeep
|turn|2
|
|move|p2a: Noivern|Hurricane|p1a: think PINK|[miss]
|-miss|p2a: Noivern|p1a: think PINK
|move|p1a: think PINK|Scald|p2a: Noivern
|-resisted|p2a: Noivern
|-damage|p2a: Noivern|77/100
|-status|p2a: Noivern|brn
|
|-damage|p2a: Noivern|71/100 brn|[from] brn
|upkeep
|turn|3
|
|move|p2a: Noivern|U-turn|p1a: think PINK
|-supereffective|p1a: think PINK
|-damage|p1a: think PINK|93/100
|
|switch|p2a: Crawdaunt|Crawdaunt, M|100/100|[from]move: U-turn
|move|p1a: think PINK|Future Sight|p2a: Crawdaunt
|-start|p1a: think PINK|move: Future Sight
|
|upkeep
|turn|4
|
|switch|p1a: unihorny|Keldeo-Resolute|100/100
|move|p2a: Crawdaunt|Knock Off|p1a: unihorny
|-resisted|p1a: unihorny
|-damage|p1a: unihorny|62/100
|-damage|p2a: Crawdaunt|84/100|[from] item: Rocky Helmet|[of] p1a: unihorny
|-ability|p1a: unihorny|Justified|boost
|-boost|p1a: unihorny|atk|1
|-enditem|p1a: unihorny|Rocky Helmet|[from] move: Knock Off|[of] p2a: Crawdaunt
|-damage|p2a: Crawdaunt|74/100|[from] item: Life Orb
|
|upkeep
|turn|5
|j| hydreigon specs
|inactive|Lilburr has 270 seconds left.
|
|switch|p2a: Jirachi|Jirachi|100/100
|move|p1a: unihorny|Scald|p2a: Jirachi
|-crit|p2a: Jirachi
|-damage|p2a: Jirachi|48/100
|
|-end|p2a: Jirachi|move: Future Sight
|-resisted|p2a: Jirachi
|-crit|p2a: Jirachi
|-damage|p2a: Jirachi|26/100
|upkeep
|turn|6
|c|☆Lilburr|stop that
|c|☆Lilburr|what the fuck
|c| Mionda|LOL
|inactive|Lilburr has 270 seconds left.
|c| Mionda|what are
|c| Mionda|the odds
|c| juuno|:peepo:
|c| Mionda|like ok they aren't
|c| Mionda|hard to calc
|c|☆Meow Tse Tung|i think that was the first time in my 10 year career of mons i crit twice in the same turn
|c|☆Meow Tse Tung|i never played doubles
|inactive|Meow Tse Tung has 270 seconds left.
|
|switch|p1a: pouty snouty|Krookodile, M|100/100
|-ability|p1a: pouty snouty|Intimidate|boost
|-unboost|p2a: Jirachi|atk|1
|move|p2a: Jirachi|U-turn|p1a: pouty snouty
|-supereffective|p1a: pouty snouty
|-damage|p1a: pouty snouty|68/100
|
|switch|p2a: Kingler|Kingler, F|100/100|[from]move: U-turn
|
|-heal|p1a: pouty snouty|74/100|[from] item: Leftovers
|upkeep
|turn|7
|j|+Accelgor
|c|☆Lilburr|crab time.
|inactive|Meow Tse Tung has 270 seconds left.
|c|+Accelgor|who do i root for
|c|☆Lilburr|the one with two crabs
|j| scarf lanturn
|c| hydreigon specs|4 me
|c|+Accelgor|the grandmaster or uu's newest agent
|
|move|p1a: pouty snouty|Knock Off|p2a: Kingler
|-damage|p2a: Kingler|46/100
|-enditem|p2a: Kingler|Life Orb|[from] move: Knock Off|[of] p1a: pouty snouty
|move|p2a: Kingler|Agility|p2a: Kingler
|-boost|p2a: Kingler|spe|2
|
|-heal|p1a: pouty snouty|80/100|[from] item: Leftovers
|upkeep
|turn|8
|inactive|Meow Tse Tung has 240 seconds left.
|inactive|Meow Tse Tung has 210 seconds left.
|
|switch|p1a: think PINK|Slowking, F|100/100
|move|p2a: Kingler|Liquidation|p1a: think PINK
|-resisted|p1a: think PINK
|-damage|p1a: think PINK|71/100
|
|upkeep
|turn|9
|inactive|Meow Tse Tung has 180 seconds left.
|inactive|Meow Tse Tung has 150 seconds left.
|
|switch|p1a: pouty snouty|Krookodile, M|80/100
|-ability|p1a: pouty snouty|Intimidate|boost
|-unboost|p2a: Kingler|atk|1
|move|p2a: Kingler|Swords Dance|p2a: Kingler
|-boost|p2a: Kingler|atk|2
|
|-heal|p1a: pouty snouty|86/100|[from] item: Leftovers
|upkeep
|turn|10
|j|+AVERARDO
|inactive|Meow Tse Tung has 150 seconds left.
|c|+Accelgor|how
|inactive|Meow Tse Tung has 120 seconds left.
|
|move|p2a: Kingler|Liquidation|p1a: pouty snouty
|-supereffective|p1a: pouty snouty
|-damage|p1a: pouty snouty|0 fnt
|faint|p1a: pouty snouty
|
|upkeep
|
|switch|p1a: stinkin lincoln|Weezing-Galar, F|100/100
|turn|11
|
|move|p2a: Kingler|Liquidation|p1a: stinkin lincoln
|-damage|p1a: stinkin lincoln|23/100
|move|p1a: stinkin lincoln|Strange Steam|p2a: Kingler
|-damage|p2a: Kingler|0 fnt
|faint|p2a: Kingler
|
|-heal|p1a: stinkin lincoln|29/100|[from] item: Leftovers
|upkeep
|c|☆Meow Tse Tung|one crab down
|c|☆Meow Tse Tung|one to go
|
|switch|p2a: Crawdaunt|Crawdaunt, M|74/100
|turn|12
|c|☆Meow Tse Tung|-_-
|c|☆Lilburr|mmhm
|
|switch|p1a: unihorny|Keldeo-Resolute|62/100
|move|p2a: Crawdaunt|Liquidation|p1a: unihorny
|-resisted|p1a: unihorny
|-damage|p1a: unihorny|28/100
|-damage|p2a: Crawdaunt|65/100|[from] item: Life Orb
|
|upkeep
|turn|13
|inactive|Meow Tse Tung has 150 seconds left.
|
|switch|p2a: Noivern|Noivern, F|71/100 brn
|move|p1a: unihorny|Rest|p1a: unihorny
|-status|p1a: unihorny|slp|[from] move: Rest
|-heal|p1a: unihorny|100/100 slp|[silent]
|
|-damage|p2a: Noivern|65/100 brn|[from] brn
|upkeep
|turn|14
|inactive|Meow Tse Tung has 150 seconds left.
|
|switch|p1a: fancy chansey|Blissey, F|100/100
|move|p2a: Noivern|U-turn|p1a: fancy chansey
|-damage|p1a: fancy chansey|96/100
|
|switch|p2a: Krookodile|Krookodile, F|100/100|[from]move: U-turn
|-ability|p2a: Krookodile|Intimidate|boost
|-unboost|p1a: fancy chansey|atk|1
|
|-heal|p1a: fancy chansey|100/100|[from] item: Leftovers
|upkeep
|turn|15
|
|move|p2a: Krookodile|Knock Off|p1a: fancy chansey
|-damage|p1a: fancy chansey|58/100
|-enditem|p1a: fancy chansey|Leftovers|[from] move: Knock Off|[of] p2a: Krookodile
|move|p1a: fancy chansey|Toxic|p2a: Krookodile
|-status|p2a: Krookodile|tox
|
|-damage|p2a: Krookodile|94/100 tox|[from] psn
|upkeep
|turn|16
|
|move|p2a: Krookodile|Stealth Rock|p1a: fancy chansey
|-sidestart|p1: Meow Tse Tung|move: Stealth Rock
|move|p1a: fancy chansey|Wish|p1a: fancy chansey
|
|-damage|p2a: Krookodile|82/100 tox|[from] psn
|upkeep
|turn|17
|
|move|p2a: Krookodile|Knock Off|p1a: fancy chansey
|-damage|p1a: fancy chansey|32/100
|move|p1a: fancy chansey|Toxic|p2a: Krookodile
|-fail|p2a: Krookodile|tox
|
|-heal|p1a: fancy chansey|82/100|[from] move: Wish|[wisher] fancy chansey
|-damage|p2a: Krookodile|64/100 tox|[from] psn
|upkeep
|turn|18
|
|move|p2a: Krookodile|Earthquake|p1a: fancy chansey
|-damage|p1a: fancy chansey|39/100
|move|p1a: fancy chansey|Wish|p1a: fancy chansey
|
|-damage|p2a: Krookodile|40/100 tox|[from] psn
|upkeep
|turn|19
|
|switch|p2a: Jirachi|Jirachi|26/100
|move|p1a: fancy chansey|Protect||[still]
|-fail|p1a: fancy chansey
|
|-heal|p1a: fancy chansey|89/100|[from] move: Wish|[wisher] fancy chansey
|upkeep
|turn|20
|
|move|p1a: fancy chansey|Protect|p1a: fancy chansey
|-singleturn|p1a: fancy chansey|Protect
|move|p2a: Jirachi|Trick|p1a: fancy chansey
|-activate|p1a: fancy chansey|move: Protect
|
|upkeep
|turn|21
|inactive|Meow Tse Tung has 180 seconds left.
|
|switch|p2a: Mimikyu|Mimikyu, M|100/100
|switch|p1a: think PINK|Slowking, F|100/100
|
|upkeep
|turn|22
|j| estarossa
|c| estarossa|lefties weezing
|
|move|p2a: Mimikyu|Swords Dance|p2a: Mimikyu
|-boost|p2a: Mimikyu|atk|2
|move|p1a: think PINK|Scald|p2a: Mimikyu
|-activate|p2a: Mimikyu|ability: Disguise
|-damage|p2a: Mimikyu|100/100
|detailschange|p2a: Mimikyu|Mimikyu-Busted, M
|-damage|p2a: Mimikyu|88/100|[from] pokemon: Mimikyu-Busted
|
|upkeep
|turn|23
|c| estarossa|peepotoilet
|inactive|Meow Tse Tung has 180 seconds left.
|c| hydreigon specs|ye
|c| hydreigon specs|cuz if obstagoon tricks it
|
|move|p2a: Mimikyu|Shadow Claw|p1a: think PINK
|-supereffective|p1a: think PINK
|-damage|p1a: think PINK|0 fnt
|-damage|p2a: Mimikyu|78/100|[from] item: Life Orb
|faint|p1a: think PINK
|
|upkeep
|c| hydreigon specs|it gets lefties and not black sludge
|c| juuno|._.
|
|switch|p1a: stabby wabby|Doublade, F|100/100
|-damage|p1a: stabby wabby|95/100|[from] Stealth Rock
|turn|24
|c| hydreigon specs|pif always thinking about his opponent....
|inactive|Meow Tse Tung has 150 seconds left.
|
|move|p2a: Mimikyu|Shadow Claw|p1a: stabby wabby
|-supereffective|p1a: stabby wabby
|-damage|p1a: stabby wabby|16/100
|-damage|p2a: Mimikyu|68/100|[from] item: Life Orb
|move|p1a: stabby wabby|Iron Head|p2a: Mimikyu
|-supereffective|p2a: Mimikyu
|-damage|p2a: Mimikyu|0 fnt
|faint|p2a: Mimikyu
|
|upkeep
|inactive|Lilburr has 270 seconds left.
|c| scarf lanturn|m*mikyu
|c| juuno|m*mikyu
|
|switch|p2a: Krookodile|Krookodile, F|40/100 tox
|-ability|p2a: Krookodile|Intimidate|boost
|-unboost|p1a: stabby wabby|atk|1
|turn|25
|inactive|Meow Tse Tung has 150 seconds left.
|inactive|Meow Tse Tung has 120 seconds left.
|
|move|p1a: stabby wabby|Shadow Sneak|p2a: Krookodile
|-resisted|p2a: Krookodile
|-damage|p2a: Krookodile|32/100 tox
|move|p2a: Krookodile|Knock Off|p1a: stabby wabby
|-supereffective|p1a: stabby wabby
|-damage|p1a: stabby wabby|0 fnt
|-enditem|p1a: stabby wabby|Eviolite|[from] move: Knock Off|[of] p2a: Krookodile
|faint|p1a: stabby wabby
|
|-damage|p2a: Krookodile|26/100 tox|[from] psn
|upkeep
|
|switch|p1a: fancy chansey|Blissey, F|89/100
|-damage|p1a: fancy chansey|77/100|[from] Stealth Rock
|turn|26
|
|move|p2a: Krookodile|Taunt|p1a: fancy chansey
|-start|p1a: fancy chansey|move: Taunt
|cant|p1a: fancy chansey|move: Taunt|Wish
|
|-damage|p2a: Krookodile|14/100 tox|[from] psn
|upkeep
|turn|27
|
|switch|p2a: Noivern|Noivern, F|65/100 brn
|switch|p1a: stinkin lincoln|Weezing-Galar, F|29/100
|-damage|p1a: stinkin lincoln|17/100|[from] Stealth Rock
|
|-heal|p1a: stinkin lincoln|23/100|[from] item: Leftovers
|-damage|p2a: Noivern|59/100 brn|[from] brn
|upkeep
|turn|28
|
|switch|p1a: fancy chansey|Blissey, F|77/100
|-damage|p1a: fancy chansey|64/100|[from] Stealth Rock
|move|p2a: Noivern|Hurricane|p1a: fancy chansey
|-damage|p1a: fancy chansey|48/100
|-start|p1a: fancy chansey|confusion
|
|-damage|p2a: Noivern|53/100 brn|[from] brn
|upkeep
|turn|29
|
|move|p2a: Noivern|U-turn|p1a: fancy chansey
|-damage|p1a: fancy chansey|43/100
|
|switch|p2a: Crawdaunt|Crawdaunt, M|65/100|[from]move: U-turn
|-activate|p1a: fancy chansey|confusion
|move|p1a: fancy chansey|Wish|p1a: fancy chansey
|
|upkeep
|turn|30
|inactive|Meow Tse Tung has 150 seconds left.
|
|switch|p1a: unihorny|Keldeo-Resolute|100/100 slp
|-damage|p1a: unihorny|94/100 slp|[from] Stealth Rock
|move|p2a: Crawdaunt|Swords Dance|p2a: Crawdaunt
|-boost|p2a: Crawdaunt|atk|2
|
|-heal|p1a: unihorny|100/100 slp|[from] move: Wish|[wisher] fancy chansey
|upkeep
|turn|31
|j| thele
|c| scarf lanturn|in
|
|cant|p1a: unihorny|slp
|move|p1a: unihorny|Sleep Talk|p1a: unihorny
|move|p1a: unihorny|Scald|p2a: Crawdaunt|[from]Sleep Talk
|-resisted|p2a: Crawdaunt
|-damage|p2a: Crawdaunt|32/100
|move|p2a: Crawdaunt|Liquidation|p1a: unihorny
|-resisted|p1a: unihorny
|-damage|p1a: unihorny|30/100 slp
|-damage|p2a: Crawdaunt|23/100|[from] item: Life Orb
|
|upkeep
|turn|32
|
|move|p2a: Crawdaunt|Aqua Jet|p1a: unihorny
|-resisted|p1a: unihorny
|-damage|p1a: unihorny|0 fnt
|-damage|p2a: Crawdaunt|13/100|[from] item: Life Orb
|faint|p1a: unihorny
|
|upkeep
|-message|Meow Tse Tung forfeited.
|
|win|Lilburr
|l|☆Meow Tse Tung
|c|☆Lilburr|gg
|j|☆Meow Tse Tung
|player|p1|Meow Tse Tung|preschooler
|l| juuno
|c|☆Meow Tse Tung|gg
|l| thele
|l|☆Meow Tse Tung
|player|p1|
|l| Mionda
|c| scarf lanturn|lilburr is so good
|l|+AVERARDO
|c| scarf lanturn|oml
|l| scarf lanturn
