|raw|<div class="broadcast-blue"><strong>This battle is required to be public due to a player having a name starting with 'uult91w'.</div>
|j|☆pokemonisfun
|j|☆UULT91w TT
|t:|1652060060
|gametype|singles
|player|p1|pokemonisfun|#uutrio2ladder|1739
|player|p2|UULT91w TT|cynthia|1566
|teamsize|p1|6
|teamsize|p2|6
|gen|8
|tier|[Gen 8] UU
|rated|
|rule|Sleep Clause Mod: Limit one foe put to sleep
|rule|Species Clause: Limit one of each Pokémon
|rule|OHKO Clause: OHKO moves are banned
|rule|Evasion Moves Clause: Evasion moves are banned
|rule|Endless Battle Clause: Forcing endless battles is banned
|rule|HP Percentage Mod: HP is shown in percentages
|rule|Dynamax Clause: You cannot dynamax
|clearpoke
|poke|p1|Zygarde-10%|
|poke|p1|Primarina, F|
|poke|p1|Scizor, M|
|poke|p1|Slowking, M|
|poke|p1|Krookodile, M|
|poke|p1|Rotom-Heat|
|poke|p2|Scizor, F|
|poke|p2|Hydreigon, F|
|poke|p2|Thundurus-Therian, M|
|poke|p2|Starmie|
|poke|p2|Hippowdon, F|
|poke|p2|Amoonguss, M|
|teampreview
|j| Juno
|j| UULT91w Sir
|
|t:|1652060076
|start
|switch|p1a: think PINK|Slowking, M|100/100
|switch|p2a: Thundurus|Thundurus-Therian, M|100/100
|turn|1
|j| UULT91wdragonitenb
|inactive|Battle timer is ON: inactive players will automatically lose when time's up. (requested by UULT91w TT)
|
|t:|1652060082
|move|p2a: Thundurus|Volt Switch|p1a: think PINK
|-supereffective|p1a: think PINK
|-damage|p1a: think PINK|39/100
|
|t:|1652060086
|switch|p2a: Hydreigon|Hydreigon, F|100/100|[from]move: Volt Switch
|move|p1a: think PINK|Teleport|p1a: think PINK
|l| Juno
|
|t:|1652060089
|switch|p1a: seal that squeals|Primarina, F|100/100|[from]move: Teleport
|
|upkeep
|turn|2
|j| Juno
|l| UULT91wdragonitenb
|
|t:|1652060105
|move|p2a: Hydreigon|U-turn|p1a: seal that squeals
|-resisted|p1a: seal that squeals
|-damage|p1a: seal that squeals|91/100
|
|t:|1652060108
|switch|p2a: Amoonguss|Amoonguss, M|100/100|[from]move: U-turn
|move|p1a: seal that squeals|Psychic|p2a: Amoonguss
|-supereffective|p2a: Amoonguss
|-damage|p2a: Amoonguss|12/100
|-unboost|p2a: Amoonguss|spd|1
|
|upkeep
|turn|3
|j| youke
|
|t:|1652060120
|switch|p1a: think PINK|Slowking, M|72/100
|switch|p2a: Hydreigon|Hydreigon, F|100/100
|
|upkeep
|turn|4
|
|t:|1652060132
|move|p2a: Hydreigon|Dark Pulse|p1a: think PINK
|-supereffective|p1a: think PINK
|-crit|p1a: think PINK
|-enditem|p1a: think PINK|Colbur Berry|[eat]
|-enditem|p1a: think PINK|Colbur Berry|[weaken]
|-damage|p1a: think PINK|20/100
|cant|p1a: think PINK|flinch
|
|upkeep
|turn|5
|j| Draftkings
|
|t:|1652060141
|switch|p2a: Starmie|Starmie|100/100
|switch|p1a: mitey bitey|Krookodile, M|100/100
|-ability|p1a: mitey bitey|Intimidate|boost
|-unboost|p2a: Starmie|atk|1
|
|upkeep
|turn|6
|
|t:|1652060146
|switch|p1a: think PINK|Slowking, M|53/100
|move|p2a: Starmie|Hydro Pump|p1a: think PINK|[miss]
|-miss|p2a: Starmie|p1a: think PINK
|
|upkeep
|turn|7
|
|t:|1652060153
|switch|p1a: Zygarde-10% off|Zygarde-10%|100/100
|-ability|p1a: Zygarde-10% off|Aura Break
|move|p2a: Starmie|Hydro Pump|p1a: Zygarde-10% off
|-damage|p1a: Zygarde-10% off|0 fnt
|faint|p1a: Zygarde-10% off
|-damage|p2a: Starmie|91/100|[from] item: Life Orb
|
|upkeep
|
|t:|1652060166
|switch|p1a: seal that squeals|Primarina, F|91/100
|turn|8
|
|t:|1652060170
|move|p2a: Starmie|Thunderbolt|p1a: seal that squeals
|-supereffective|p1a: seal that squeals
|-damage|p1a: seal that squeals|20/100
|-damage|p2a: Starmie|81/100|[from] item: Life Orb
|move|p1a: seal that squeals|Moonblast|p2a: Starmie
|-crit|p2a: Starmie
|-damage|p2a: Starmie|0 fnt
|faint|p2a: Starmie
|
|upkeep
|
|t:|1652060186
|switch|p2a: Thundurus|Thundurus-Therian, M|100/100
|turn|9
|
|t:|1652060191
|switch|p1a: shakey bakey|Rotom-Heat|100/100
|move|p2a: Thundurus|Focus Blast|p1a: shakey bakey|[miss]
|-miss|p2a: Thundurus|p1a: shakey bakey
|
|upkeep
|turn|10
|
|t:|1652060200
|move|p2a: Thundurus|Volt Switch|p1a: shakey bakey
|-resisted|p1a: shakey bakey
|-damage|p1a: shakey bakey|81/100
|
|t:|1652060202
|switch|p2a: Hippowdon|Hippowdon, F|100/100|[from]move: Volt Switch
|-weather|Sandstorm|[from] ability: Sand Stream|[of] p2a: Hippowdon
|move|p1a: shakey bakey|Pain Split|p2a: Hippowdon
|-sethp|p2a: Hippowdon|79/100|[from] move: Pain Split|[silent]
|-sethp|p1a: shakey bakey|100/100|[from] move: Pain Split
|
|-weather|Sandstorm|[upkeep]
|-damage|p1a: shakey bakey|95/100|[from] Sandstorm
|-heal|p2a: Hippowdon|85/100|[from] item: Leftovers
|upkeep
|turn|11
|
|t:|1652060212
|switch|p1a: seal that squeals|Primarina, F|20/100
|move|p2a: Hippowdon|Earthquake|p1a: seal that squeals
|-damage|p1a: seal that squeals|0 fnt
|faint|p1a: seal that squeals
|
|-weather|Sandstorm|[upkeep]
|-heal|p2a: Hippowdon|92/100|[from] item: Leftovers
|upkeep
|
|t:|1652060224
|switch|p1a: mitey bitey|Krookodile, M|100/100
|-ability|p1a: mitey bitey|Intimidate|boost
|-unboost|p2a: Hippowdon|atk|1
|turn|12
|
|t:|1652060233
|switch|p2a: Scizor|Scizor, F|100/100
|move|p1a: mitey bitey|Stealth Rock|p2a: Scizor
|-sidestart|p2: UULT91w TT|move: Stealth Rock
|
|-weather|Sandstorm|[upkeep]
|upkeep
|turn|13
|j| joey milktank
|
|t:|1652060249
|switch|p1a: shakey bakey|Rotom-Heat|95/100
|move|p2a: Scizor|U-turn|p1a: shakey bakey
|-resisted|p1a: shakey bakey
|-damage|p1a: shakey bakey|72/100
|
|t:|1652060251
|switch|p2a: Amoonguss|Amoonguss, M|45/100|[from]move: U-turn
|-damage|p2a: Amoonguss|33/100|[from] Stealth Rock
|
|-weather|Sandstorm|[upkeep]
|-damage|p1a: shakey bakey|66/100|[from] Sandstorm
|-damage|p2a: Amoonguss|27/100|[from] Sandstorm
|upkeep
|turn|14
|
|t:|1652060261
|switch|p1a: chuggy buggy|Scizor, M|100/100
|switch|p2a: Hydreigon|Hydreigon, F|100/100
|-damage|p2a: Hydreigon|88/100|[from] Stealth Rock
|
|-weather|none
|upkeep
|turn|15
|
|t:|1652060266
|switch|p1a: think PINK|Slowking, M|86/100
|move|p2a: Hydreigon|Dark Pulse|p1a: think PINK
|-supereffective|p1a: think PINK
|-damage|p1a: think PINK|21/100
|
|upkeep
|turn|16
|
|t:|1652060272
|switch|p2a: Amoonguss|Amoonguss, M|60/100
|-damage|p2a: Amoonguss|47/100|[from] Stealth Rock
|switch|p1a: mitey bitey|Krookodile, M|100/100
|-ability|p1a: mitey bitey|Intimidate|boost
|-unboost|p2a: Amoonguss|atk|1
|
|upkeep
|turn|17
|
|t:|1652060281
|switch|p2a: Hydreigon|Hydreigon, F|88/100
|-damage|p2a: Hydreigon|76/100|[from] Stealth Rock
|move|p1a: mitey bitey|Knock Off|p2a: Hydreigon
|-resisted|p2a: Hydreigon
|-damage|p2a: Hydreigon|49/100
|-enditem|p2a: Hydreigon|Choice Scarf|[from] move: Knock Off|[of] p1a: mitey bitey
|
|upkeep
|turn|18
|
|t:|1652060289
|move|p1a: mitey bitey|Knock Off|p2a: Hydreigon
|-resisted|p2a: Hydreigon
|-damage|p2a: Hydreigon|31/100
|move|p2a: Hydreigon|Draco Meteor|p1a: mitey bitey
|-damage|p1a: mitey bitey|5/100
|-unboost|p2a: Hydreigon|spa|2
|
|-heal|p1a: mitey bitey|11/100|[from] item: Leftovers
|upkeep
|turn|19
|
|t:|1652060303
|move|p1a: mitey bitey|Knock Off|p2a: Hydreigon
|-resisted|p2a: Hydreigon
|-damage|p2a: Hydreigon|14/100
|move|p2a: Hydreigon|U-turn|p1a: mitey bitey
|-supereffective|p1a: mitey bitey
|-damage|p1a: mitey bitey|0 fnt
|faint|p1a: mitey bitey
|
|t:|1652060309
|switch|p2a: Thundurus|Thundurus-Therian, M|100/100|[from]move: U-turn
|
|upkeep
|
|t:|1652060313
|switch|p1a: shakey bakey|Rotom-Heat|66/100
|turn|20
|
|t:|1652060322
|move|p2a: Thundurus|Psychic|p1a: shakey bakey
|-crit|p1a: shakey bakey
|-damage|p1a: shakey bakey|9/100
|move|p1a: shakey bakey|Overheat|p2a: Thundurus
|-damage|p2a: Thundurus|38/100
|-unboost|p1a: shakey bakey|spa|2
|
|upkeep
|turn|21
|
|t:|1652060330
|switch|p1a: think PINK|Slowking, M|54/100
|move|p2a: Thundurus|Psychic|p1a: think PINK
|-resisted|p1a: think PINK
|-damage|p1a: think PINK|41/100
|
|upkeep
|turn|22
|
|t:|1652060334
|move|p2a: Thundurus|Volt Switch|p1a: think PINK
|-supereffective|p1a: think PINK
|-damage|p1a: think PINK|0 fnt
|faint|p1a: think PINK
|
|t:|1652060341
|switch|p2a: Amoonguss|Amoonguss, M|81/100|[from]move: Volt Switch
|-damage|p2a: Amoonguss|68/100|[from] Stealth Rock
|
|upkeep
|
|t:|1652060346
|switch|p1a: chuggy buggy|Scizor, M|100/100
|turn|23
|
|t:|1652060349
|switch|p1a: shakey bakey|Rotom-Heat|9/100
|move|p2a: Amoonguss|Spore|p1a: shakey bakey
|-status|p1a: shakey bakey|slp|[from] move: Spore
|
|upkeep
|turn|24
|
|t:|1652060353
|switch|p1a: chuggy buggy|Scizor, M|100/100
|move|p2a: Amoonguss|Foul Play|p1a: chuggy buggy
|-damage|p1a: chuggy buggy|81/100
|
|upkeep
|turn|25
|
|t:|1652060365
|move|p1a: chuggy buggy|Knock Off|p2a: Amoonguss
|-damage|p2a: Amoonguss|48/100
|-damage|p1a: chuggy buggy|65/100|[from] item: Rocky Helmet|[of] p2a: Amoonguss
|-enditem|p2a: Amoonguss|Rocky Helmet|[from] move: Knock Off|[of] p1a: chuggy buggy
|move|p2a: Amoonguss|Foul Play|p1a: chuggy buggy
|-damage|p1a: chuggy buggy|44/100
|
|upkeep
|turn|26
|
|t:|1652060369
|switch|p2a: Thundurus|Thundurus-Therian, M|38/100
|move|p1a: chuggy buggy|Roost|p1a: chuggy buggy
|-heal|p1a: chuggy buggy|94/100
|-singleturn|p1a: chuggy buggy|move: Roost
|
|upkeep
|turn|27
|inactive|pokemonisfun has 120 seconds left.
|
|t:|1652060415
|move|p2a: Thundurus|Volt Switch|p1a: chuggy buggy
|-damage|p1a: chuggy buggy|50/100
|
|t:|1652060419
|switch|p2a: Amoonguss|Amoonguss, M|81/100|[from]move: Volt Switch
|-damage|p2a: Amoonguss|69/100|[from] Stealth Rock
|move|p1a: chuggy buggy|Swords Dance|p1a: chuggy buggy
|-boost|p1a: chuggy buggy|atk|2
|
|upkeep
|turn|28
|
|t:|1652060422
|move|p1a: chuggy buggy|Roost|p1a: chuggy buggy
|-heal|p1a: chuggy buggy|99/100
|-singleturn|p1a: chuggy buggy|move: Roost
|move|p2a: Amoonguss|Foul Play|p1a: chuggy buggy
|-damage|p1a: chuggy buggy|59/100
|
|upkeep
|turn|29
|
|t:|1652060429
|move|p1a: chuggy buggy|Bullet Punch|p2a: Amoonguss
|-damage|p2a: Amoonguss|31/100
|move|p2a: Amoonguss|Foul Play|p1a: chuggy buggy
|-damage|p1a: chuggy buggy|18/100
|
|upkeep
|turn|30
|
|t:|1652060445
|move|p1a: chuggy buggy|Roost|p1a: chuggy buggy
|-heal|p1a: chuggy buggy|68/100
|-singleturn|p1a: chuggy buggy|move: Roost
|move|p2a: Amoonguss|Foul Play|p1a: chuggy buggy
|-damage|p1a: chuggy buggy|28/100
|
|upkeep
|turn|31
|
|t:|1652060458
|switch|p2a: Hydreigon|Hydreigon, F|14/100
|-damage|p2a: Hydreigon|1/100|[from] Stealth Rock
|move|p1a: chuggy buggy|Roost|p1a: chuggy buggy
|-heal|p1a: chuggy buggy|78/100
|-singleturn|p1a: chuggy buggy|move: Roost
|
|upkeep
|turn|32
|
|t:|1652060470
|move|p1a: chuggy buggy|Bullet Punch|p2a: Hydreigon
|-damage|p2a: Hydreigon|0 fnt
|faint|p2a: Hydreigon
|
|upkeep
|
|t:|1652060473
|switch|p2a: Thundurus|Thundurus-Therian, M|38/100
|turn|33
|
|t:|1652060493
|move|p1a: chuggy buggy|Bullet Punch|p2a: Thundurus
|-resisted|p2a: Thundurus
|-damage|p2a: Thundurus|0 fnt
|faint|p2a: Thundurus
|
|upkeep
|
|t:|1652060498
|switch|p2a: Scizor|Scizor, F|100/100
|-damage|p2a: Scizor|88/100|[from] Stealth Rock
|turn|34
|inactive|pokemonisfun has 120 seconds left.
|
|t:|1652060545
|move|p2a: Scizor|U-turn|p1a: chuggy buggy
|-resisted|p1a: chuggy buggy
|-damage|p1a: chuggy buggy|63/100
|
|t:|1652060556
|switch|p2a: Hippowdon|Hippowdon, F|92/100|[from]move: U-turn
|-damage|p2a: Hippowdon|85/100|[from] Stealth Rock
|-weather|Sandstorm|[from] ability: Sand Stream|[of] p2a: Hippowdon
|move|p1a: chuggy buggy|Knock Off|p2a: Hippowdon
|-damage|p2a: Hippowdon|52/100
|-enditem|p2a: Hippowdon|Leftovers|[from] move: Knock Off|[of] p1a: chuggy buggy
|
|-weather|Sandstorm|[upkeep]
|upkeep
|turn|35
|
|t:|1652060565
|switch|p2a: Amoonguss|Amoonguss, M|64/100
|-damage|p2a: Amoonguss|52/100|[from] Stealth Rock
|move|p1a: chuggy buggy|Roost|p1a: chuggy buggy
|-heal|p1a: chuggy buggy|100/100
|-singleturn|p1a: chuggy buggy|move: Roost
|
|-weather|Sandstorm|[upkeep]
|-damage|p2a: Amoonguss|46/100|[from] Sandstorm
|upkeep
|turn|36
|
|t:|1652060571
|switch|p2a: Scizor|Scizor, F|88/100
|-damage|p2a: Scizor|76/100|[from] Stealth Rock
|move|p1a: chuggy buggy|Bullet Punch|p2a: Scizor
|-resisted|p2a: Scizor
|-damage|p2a: Scizor|47/100
|
|-weather|Sandstorm|[upkeep]
|upkeep
|turn|37
|inactive|pokemonisfun has 120 seconds left.
|
|t:|1652060579
|move|p2a: Scizor|Roost|p2a: Scizor
|-heal|p2a: Scizor|98/100
|-singleturn|p2a: Scizor|move: Roost
|move|p1a: chuggy buggy|Knock Off|p2a: Scizor
|-damage|p2a: Scizor|34/100
|-enditem|p2a: Scizor|Protective Pads|[from] move: Knock Off|[of] p1a: chuggy buggy
|
|-weather|Sandstorm|[upkeep]
|upkeep
|turn|38
|
|t:|1652060586
|move|p2a: Scizor|U-turn|p1a: chuggy buggy
|-resisted|p1a: chuggy buggy
|-damage|p1a: chuggy buggy|86/100
|
|t:|1652060590
|switch|p2a: Amoonguss|Amoonguss, M|79/100|[from]move: U-turn
|-damage|p2a: Amoonguss|66/100|[from] Stealth Rock
|move|p1a: chuggy buggy|Knock Off|p2a: Amoonguss
|-damage|p2a: Amoonguss|38/100
|
|-weather|none
|upkeep
|turn|39
|
|t:|1652060596
|switch|p2a: Hippowdon|Hippowdon, F|52/100
|-damage|p2a: Hippowdon|46/100|[from] Stealth Rock
|-weather|Sandstorm|[from] ability: Sand Stream|[of] p2a: Hippowdon
|move|p1a: chuggy buggy|Bullet Punch|p2a: Hippowdon
|-damage|p2a: Hippowdon|12/100
|
|-weather|Sandstorm|[upkeep]
|upkeep
|turn|40
|
|t:|1652060601
|move|p1a: chuggy buggy|Bullet Punch|p2a: Hippowdon
|-damage|p2a: Hippowdon|0 fnt
|faint|p2a: Hippowdon
|
|-weather|Sandstorm|[upkeep]
|upkeep
|
|t:|1652060603
|switch|p2a: Amoonguss|Amoonguss, M|71/100
|-damage|p2a: Amoonguss|59/100|[from] Stealth Rock
|turn|41
|
|t:|1652060608
|move|p1a: chuggy buggy|Bullet Punch|p2a: Amoonguss
|-damage|p2a: Amoonguss|21/100
|move|p2a: Amoonguss|Foul Play|p1a: chuggy buggy
|-damage|p1a: chuggy buggy|48/100
|
|-weather|Sandstorm|[upkeep]
|-damage|p2a: Amoonguss|15/100|[from] Sandstorm
|upkeep
|turn|42
|
|t:|1652060614
|move|p1a: chuggy buggy|Bullet Punch|p2a: Amoonguss
|-damage|p2a: Amoonguss|0 fnt
|faint|p2a: Amoonguss
|
|-weather|Sandstorm|[upkeep]
|upkeep
|
|t:|1652060616
|switch|p2a: Scizor|Scizor, F|34/100
|-damage|p2a: Scizor|21/100|[from] Stealth Rock
|turn|43
|c|☆pokemonisfun|sciziety
|
|t:|1652060622
|move|p1a: chuggy buggy|Bullet Punch|p2a: Scizor
|-resisted|p2a: Scizor
|-damage|p2a: Scizor|0 fnt
|faint|p2a: Scizor
|
|win|pokemonisfun
|raw|pokemonisfun's rating: 1739 &rarr; <strong>1751</strong><br />(+12 for winning)
|raw|UULT91w TT's rating: 1588 &rarr; <strong>1576</strong><br />(-12 for losing)
|c|☆pokemonisfun|gg
|l| Juno
|l| Draftkings
|c|☆UULT91w TT|gg
||Ladder isn't responding, score probably updated but might not have (Request timeout).
