|j|☆gijion chilli
|j|☆Mygrein ㋡
|player|p1|gijion chilli|twins-gen4dp|1673
|player|p2|Mygrein ㋡|blue-gen3champion|1376
|teamsize|p1|6
|teamsize|p2|6
|gametype|singles
|gen|8
|tier|[Gen 8] UU
|rated|
|clearpoke
|poke|p1|Machamp, M|
|poke|p1|Weavile, M|
|poke|p1|Duraludon, F|
|poke|p1|Weezing-Galar, F|
|poke|p1|Doublade, F|
|poke|p1|Gardevoir, F|
|poke|p2|Mamoswine, F|
|poke|p2|Gigalith, F|
|poke|p2|Dhelmise|
|poke|p2|Vaporeon, M|
|poke|p2|Haxorus, M|
|poke|p2|Durant, M|
|rule|Sleep Clause Mod: Limit one foe put to sleep
|rule|Species Clause: Limit one of each Pokémon
|rule|OHKO Clause: OHKO moves are banned
|rule|Evasion Moves Clause: Evasion moves are banned
|rule|Endless Battle Clause: Forcing endless battles is banned
|rule|HP Percentage Mod: HP is shown in percentages
|rule|Dynamax Clause: You cannot dynamax
|teampreview
|c|☆Mygrein ㋡|im really regretting this now
|c|☆Mygrein ㋡|PAK
|c|☆gijion chilli|It’s not pak
|c|☆gijion chilli|:/
|c|☆Mygrein ㋡|wtf
|
|start
|switch|p1a: Duraludon|Duraludon, F|100/100
|switch|p2a: Durant|Durant, M|100/100
|turn|1
|
|move|p2a: Durant|Superpower|p1a: Duraludon|[miss]
|-miss|p2a: Durant|p1a: Duraludon
|move|p1a: Duraludon|Thunder Wave|p2a: Durant
|-status|p2a: Durant|par
|
|upkeep
|turn|2
|c|☆Mygrein ㋡|FUUUUUUUUUUUUUUUUUUUUUUUUUUUUUUUUUUUUUUUUUUUUUUUUUUUUUUUUUUUUUUUUUUUUUUUUUUUUUUUUUUUUUUUUUUUUUUUUUUUUUUUUUUUUUUUUUUUUUUUUUUUUUUUUUUUUUUUUUUUUUUUUUUUUUUUUUUUUUUUUUUUUUUUUUUUUUUUUUUUUUUUUUUUUUUUUUUUUUUUUUUUUUUUUUUUUUUUUUUUUUUUU
|
|move|p1a: Duraludon|Stealth Rock|p2a: Durant
|-sidestart|p2: Mygrein ㋡|move: Stealth Rock
|move|p2a: Durant|Superpower|p1a: Duraludon
|-supereffective|p1a: Duraludon
|-enditem|p1a: Duraludon|Focus Sash
|-damage|p1a: Duraludon|1/100
|-unboost|p2a: Durant|atk|1
|-unboost|p2a: Durant|def|1
|
|upkeep
|turn|3
|
|switch|p2a: Dhelmise|Dhelmise|100/100
|-damage|p2a: Dhelmise|88/100|[from] Stealth Rock
|move|p1a: Duraludon|Flash Cannon|p2a: Dhelmise
|-damage|p2a: Dhelmise|58/100
|-unboost|p2a: Dhelmise|spd|1
|
|upkeep
|turn|4
|c|☆Mygrein ㋡|,
|
|switch|p1a: Doublade|Doublade, F|100/100
|move|p2a: Dhelmise|Rapid Spin|p1a: Doublade
|-immune|p1a: Doublade
|
|upkeep
|turn|5
|
|move|p2a: Dhelmise|Knock Off|p1a: Doublade
|-supereffective|p1a: Doublade
|-damage|p1a: Doublade|64/100
|-enditem|p1a: Doublade|Eviolite|[from] move: Knock Off|[of] p2a: Dhelmise
|move|p1a: Doublade|Shadow Claw|p2a: Dhelmise
|-supereffective|p2a: Dhelmise
|-damage|p2a: Dhelmise|0 fnt
|faint|p2a: Dhelmise
|
|upkeep
|
|switch|p2a: Durant|Durant, M|100/100 par
|-damage|p2a: Durant|88/100 par|[from] Stealth Rock
|turn|6
|
|switch|p1a: Machamp|Machamp, M|100/100
|move|p2a: Durant|Crunch|p1a: Machamp|[miss]
|-miss|p2a: Durant|p1a: Machamp
|
|-status|p1a: Machamp|brn|[from] item: Flame Orb
|upkeep
|turn|7
|c|☆Mygrein ㋡|this game is just fun
|
|move|p1a: Machamp|Close Combat|p2a: Durant
|-damage|p2a: Durant|0 fnt
|-unboost|p1a: Machamp|def|1
|-unboost|p1a: Machamp|spd|1
|faint|p2a: Durant
|
|-damage|p1a: Machamp|94/100 brn|[from] brn
|upkeep
|
|switch|p2a: Haxorus|Haxorus, M|100/100
|-damage|p2a: Haxorus|88/100|[from] Stealth Rock
|-ability|p2a: Haxorus|Mold Breaker
|turn|8
|
|switch|p1a: Doublade|Doublade, F|64/100
|move|p2a: Haxorus|Dragon Dance|p2a: Haxorus
|-boost|p2a: Haxorus|atk|1
|-boost|p2a: Haxorus|spe|1
|
|upkeep
|turn|9
|
|move|p1a: Doublade|Shadow Sneak|p2a: Haxorus
|-damage|p2a: Haxorus|64/100
|move|p2a: Haxorus|Earthquake|p1a: Doublade
|-supereffective|p1a: Doublade
|-damage|p1a: Doublade|0 fnt
|-damage|p2a: Haxorus|54/100|[from] item: Life Orb
|faint|p1a: Doublade
|
|upkeep
|
|switch|p1a: Weavile|Weavile, M|100/100
|-ability|p1a: Weavile|Pressure
|turn|10
|
|move|p1a: Weavile|Ice Shard|p2a: Haxorus
|-supereffective|p2a: Haxorus
|-damage|p2a: Haxorus|0 fnt
|-damage|p1a: Weavile|91/100|[from] item: Life Orb
|faint|p2a: Haxorus
|
|upkeep
|
|switch|p2a: Gigalith|Gigalith, F|100/100
|-damage|p2a: Gigalith|88/100|[from] Stealth Rock
|-weather|Sandstorm|[from] ability: Sand Stream|[of] p2a: Gigalith
|turn|11
|
|switch|p1a: Machamp|Machamp, M|94/100 brn
|move|p2a: Gigalith|Heavy Slam|p1a: Machamp
|-damage|p1a: Machamp|77/100 brn
|
|-weather|Sandstorm|[upkeep]
|-damage|p1a: Machamp|71/100 brn|[from] Sandstorm
|-heal|p2a: Gigalith|94/100|[from] item: Leftovers
|-damage|p1a: Machamp|65/100 brn|[from] brn
|upkeep
|turn|12
|
|move|p1a: Machamp|Close Combat|p2a: Gigalith
|-supereffective|p2a: Gigalith
|-damage|p2a: Gigalith|0 fnt
|-unboost|p1a: Machamp|def|1
|-unboost|p1a: Machamp|spd|1
|faint|p2a: Gigalith
|
|-weather|Sandstorm|[upkeep]
|-damage|p1a: Machamp|59/100 brn|[from] Sandstorm
|-damage|p1a: Machamp|53/100 brn|[from] brn
|upkeep
|
|switch|p2a: Mamoswine|Mamoswine, F|100/100
|-damage|p2a: Mamoswine|88/100|[from] Stealth Rock
|turn|13
|
|switch|p1a: Duraludon|Duraludon, F|1/100
|move|p2a: Mamoswine|Icicle Crash|p1a: Duraludon
|-damage|p1a: Duraludon|0 fnt
|faint|p1a: Duraludon
|
|-weather|Sandstorm|[upkeep]
|upkeep
|
|switch|p1a: Weavile|Weavile, M|91/100
|-ability|p1a: Weavile|Pressure
|turn|14
|
|move|p2a: Mamoswine|Icicle Crash|p1a: Weavile
|-resisted|p1a: Weavile
|-damage|p1a: Weavile|51/100
|cant|p1a: Weavile|flinch
|
|-weather|Sandstorm|[upkeep]
|-damage|p1a: Weavile|45/100|[from] Sandstorm
|upkeep
|turn|15
|
|move|p2a: Mamoswine|Icicle Crash|p1a: Weavile
|-resisted|p1a: Weavile
|-damage|p1a: Weavile|1/100
|cant|p1a: Weavile|flinch
|
|-weather|none
|upkeep
|turn|16
|
|move|p1a: Weavile|Ice Shard|p2a: Mamoswine
|-damage|p2a: Mamoswine|75/100
|-damage|p1a: Weavile|0 fnt|[from] item: Life Orb
|faint|p1a: Weavile
|move|p2a: Mamoswine|Icicle Crash|p1: Weavile|[notarget]
|-fail|p2a: Mamoswine
|
|upkeep
|
|switch|p1a: Gardevoir|Gardevoir, F|100/100
|-ability|p1a: Gardevoir|Thick Fat|[from] ability: Trace|[of] p2a: Mamoswine
|turn|17
|
|switch|p2a: Vaporeon|Vaporeon, M|100/100
|-damage|p2a: Vaporeon|88/100|[from] Stealth Rock
|move|p1a: Gardevoir|Moonblast|p2a: Vaporeon
|-damage|p2a: Vaporeon|50/100
|
|-heal|p2a: Vaporeon|57/100|[from] item: Leftovers
|upkeep
|turn|18
|
|move|p1a: Gardevoir|Moonblast|p2a: Vaporeon
|-damage|p2a: Vaporeon|17/100
|move|p2a: Vaporeon|Wish|p2a: Vaporeon
|
|-heal|p2a: Vaporeon|23/100|[from] item: Leftovers
|upkeep
|turn|19
|
|switch|p1a: Machamp|Machamp, M|53/100 brn
|move|p2a: Vaporeon|Scald|p1a: Machamp
|-crit|p1a: Machamp
|-damage|p1a: Machamp|0 fnt
|faint|p1a: Machamp
|
|-heal|p2a: Vaporeon|73/100|[from] move: Wish|[wisher] Vaporeon
|-heal|p2a: Vaporeon|80/100|[from] item: Leftovers
|upkeep
|c|☆Mygrein ㋡|,
|c|☆gijion chilli|Sigh
|
|switch|p1a: Weezing|Weezing-Galar, F|100/100
|turn|20
|
|move|p1a: Weezing|Toxic|p2a: Vaporeon
|-status|p2a: Vaporeon|tox
|move|p2a: Vaporeon|Wish|p2a: Vaporeon
|
|-heal|p2a: Vaporeon|86/100 tox|[from] item: Leftovers
|-damage|p2a: Vaporeon|80/100 tox|[from] psn
|upkeep
|turn|21
|
|move|p1a: Weezing|Strange Steam|p2a: Vaporeon
|-damage|p2a: Vaporeon|52/100 tox
|-start|p2a: Vaporeon|confusion
|-activate|p2a: Vaporeon|confusion
|move|p2a: Vaporeon|Scald|p1a: Weezing
|-damage|p1a: Weezing|52/100
|
|-heal|p2a: Vaporeon|100/100 tox|[from] move: Wish|[wisher] Vaporeon
|-heal|p1a: Weezing|58/100|[from] item: Black Sludge
|-damage|p2a: Vaporeon|88/100 tox|[from] psn
|upkeep
|turn|22
|
|move|p1a: Weezing|Strange Steam|p2a: Vaporeon
|-damage|p2a: Vaporeon|56/100 tox
|-activate|p2a: Vaporeon|confusion
|-damage|p2a: Vaporeon|53/100 tox|[from] confusion
|
|-heal|p1a: Weezing|64/100|[from] item: Black Sludge
|-heal|p2a: Vaporeon|59/100 tox|[from] item: Leftovers
|-damage|p2a: Vaporeon|41/100 tox|[from] psn
|upkeep
|turn|23
|c|☆Mygrein ㋡|,
|
|move|p1a: Weezing|Strange Steam|p2a: Vaporeon
|-damage|p2a: Vaporeon|9/100 tox
|-end|p2a: Vaporeon|confusion
|move|p2a: Vaporeon|Wish|p2a: Vaporeon
|
|-heal|p1a: Weezing|71/100|[from] item: Black Sludge
|-heal|p2a: Vaporeon|15/100 tox|[from] item: Leftovers
|-damage|p2a: Vaporeon|0 fnt|[from] psn
|faint|p2a: Vaporeon
|upkeep
|
|switch|p2a: Mamoswine|Mamoswine, F|75/100
|-damage|p2a: Mamoswine|62/100|[from] Stealth Rock
|turn|24
|
|move|p2a: Mamoswine|Icicle Crash|p1a: Weezing
|-damage|p1a: Weezing|19/100
|cant|p1a: Weezing|flinch
|
|-heal|p2a: Mamoswine|100/100|[from] move: Wish|[wisher] Vaporeon
|-heal|p1a: Weezing|25/100|[from] item: Black Sludge
|upkeep
|turn|25
|c|☆Mygrein ㋡|lmao this is just luck the game
|
|move|p2a: Mamoswine|Icicle Crash|p1a: Weezing
|-damage|p1a: Weezing|0 fnt
|faint|p1a: Weezing
|
|upkeep
|
|switch|p1a: Gardevoir|Gardevoir, F|100/100
|-ability|p1a: Gardevoir|Thick Fat|[from] ability: Trace|[of] p2a: Mamoswine
|turn|26
|
|move|p1a: Gardevoir|Moonblast|p2a: Mamoswine
|-damage|p2a: Mamoswine|33/100
|move|p2a: Mamoswine|Icicle Crash|p1a: Gardevoir
|-damage|p1a: Gardevoir|60/100
|
|upkeep
|turn|27
|
|move|p1a: Gardevoir|Moonblast|p2a: Mamoswine
|-damage|p2a: Mamoswine|0 fnt
|faint|p2a: Mamoswine
|
|win|gijion chilli
|c|☆gijion chilli|Gg
|raw|gijion chilli's rating: 1673 &rarr; <strong>1679</strong><br />(+6 for winning)
|raw|Mygrein ㋡'s rating: 1377 &rarr; <strong>1371</strong><br />(-6 for losing)
