|j|☆ok now i see ya
|j|☆Skip the drip
|t:|1602358310
|player|p1|ok now i see ya|brendan-gen3rs|1564
|player|p2|Skip the drip|waitress-gen4|1597
|teamsize|p1|6
|teamsize|p2|6
|gametype|singles
|gen|8
|tier|[Gen 8] UU
|rated|
|clearpoke
|poke|p1|Slowbro, M|
|poke|p1|Cobalion|
|poke|p1|Mamoswine, M|
|poke|p1|Chandelure, F|
|poke|p1|Zarude|
|poke|p1|Weezing-Galar, M|
|poke|p2|Umbreon, F|
|poke|p2|Weezing-Galar, F|
|poke|p2|Heracross, M|
|poke|p2|Steelix, F|
|poke|p2|Slowking, M|
|poke|p2|Rotom-Mow|
|rule|Sleep Clause Mod: Limit one foe put to sleep
|rule|Species Clause: Limit one of each Pokémon
|rule|OHKO Clause: OHKO moves are banned
|rule|Evasion Moves Clause: Evasion moves are banned
|rule|Endless Battle Clause: Forcing endless battles is banned
|rule|HP Percentage Mod: HP is shown in percentages
|rule|Dynamax Clause: You cannot dynamax
|teampreview
|inactive|Battle timer is ON: inactive players will automatically lose when time's up. (requested by ok now i see ya)
|
|t:|1602358318
|start
|switch|p1a: Mojo Jojo|Zarude|100/100
|switch|p2a: Heracross|Heracross, M|100/100
|turn|1
|
|t:|1602358323
|move|p1a: Mojo Jojo|U-turn|p2a: Heracross
|-resisted|p2a: Heracross
|-damage|p2a: Heracross|85/100
|
|t:|1602358326
|switch|p1a: Bong|Weezing-Galar, M|100/100|[from]move: U-turn
|move|p2a: Heracross|Knock Off|p1a: Bong
|-resisted|p1a: Bong
|-damage|p1a: Bong|81/100
|-enditem|p1a: Bong|Black Sludge|[from] move: Knock Off|[of] p2a: Heracross
|
|upkeep
|turn|2
|
|t:|1602358332
|switch|p2a: Slowking|Slowking, M, shiny|100/100
|switch|p1a: Dope|Slowbro, M|100/100
|
|upkeep
|turn|3
|
|t:|1602358336
|move|p2a: Slowking|Future Sight|p1a: Dope
|-start|p2a: Slowking|move: Future Sight
|move|p1a: Dope|Future Sight|p2a: Slowking
|-start|p1a: Dope|move: Future Sight
|
|upkeep
|turn|4
|j| Arenophile
|
|t:|1602358339
|move|p1a: Dope|Teleport|p1a: Dope
|
|t:|1602358347
|switch|p1a: Koba Leon|Cobalion|100/100|[from]move: Teleport
|move|p2a: Slowking|Teleport|p2a: Slowking
|
|t:|1602358360
|switch|p2a: Steelix|Steelix, F|100/100|[from]move: Teleport
|
|upkeep
|turn|5
|
|t:|1602358366
|switch|p1a: Dope|Slowbro, M|100/100
|move|p2a: Steelix|Stealth Rock|p1a: Dope
|-sidestart|p1: ok now i see ya|move: Stealth Rock
|
|-end|p1a: Dope|move: Future Sight
|-resisted|p1a: Dope
|-damage|p1a: Dope|79/100
|-end|p2a: Steelix|move: Future Sight
|-resisted|p2a: Steelix
|-damage|p2a: Steelix|81/100
|-heal|p2a: Steelix|87/100|[from] item: Leftovers
|upkeep
|turn|6
|
|t:|1602358372
|switch|p2a: Slowking|Slowking, M, shiny|100/100
|move|p1a: Dope|Future Sight|p2a: Slowking
|-start|p1a: Dope|move: Future Sight
|
|upkeep
|turn|7
|
|t:|1602358377
|move|p2a: Slowking|Teleport|p2a: Slowking
|
|t:|1602358378
|switch|p2a: Umbreon|Umbreon, F, shiny|100/100|[from]move: Teleport
|move|p1a: Dope|Teleport|p1a: Dope
|
|t:|1602358381
|switch|p1a: Bong|Weezing-Galar, M|81/100|[from]move: Teleport
|-damage|p1a: Bong|69/100|[from] Stealth Rock
|
|upkeep
|turn|8
|
|t:|1602358386
|move|p1a: Bong|Defog|p2a: Umbreon
|-unboost|p2a: Umbreon|evasion|1
|-sideend|p1: ok now i see ya|Stealth Rock|[from] move: Defog|[of] p1a: Bong
|move|p2a: Umbreon|Foul Play|p1a: Bong
|-resisted|p1a: Bong
|-damage|p1a: Bong|60/100
|
|-end|p2a: Umbreon|move: Future Sight
|-immune|p2a: Umbreon
|upkeep
|turn|9
|
|t:|1602358395
|switch|p1a: Dope|Slowbro, M|100/100
|switch|p2a: Slowking|Slowking, M, shiny|100/100
|
|upkeep
|turn|10
|
|t:|1602358398
|move|p2a: Slowking|Future Sight|p1a: Dope
|-start|p2a: Slowking|move: Future Sight
|move|p1a: Dope|Future Sight|p2a: Slowking
|-start|p1a: Dope|move: Future Sight
|
|upkeep
|turn|11
|
|t:|1602358402
|move|p1a: Dope|Teleport|p1a: Dope
|
|t:|1602358415
|switch|p1a: Koba Leon|Cobalion|100/100|[from]move: Teleport
|move|p2a: Slowking|Teleport|p2a: Slowking
|
|t:|1602358417
|switch|p2a: Steelix|Steelix, F|87/100|[from]move: Teleport
|
|-heal|p2a: Steelix|93/100|[from] item: Leftovers
|upkeep
|turn|12
|
|t:|1602358424
|switch|p1a: Dope|Slowbro, M|100/100
|move|p2a: Steelix|Body Press|p1a: Dope
|-resisted|p1a: Dope
|-damage|p1a: Dope|89/100
|
|-end|p2a: Steelix|move: Future Sight
|-resisted|p2a: Steelix
|-damage|p2a: Steelix|71/100
|-end|p1a: Dope|move: Future Sight
|-resisted|p1a: Dope
|-damage|p1a: Dope|69/100
|-heal|p2a: Steelix|78/100|[from] item: Leftovers
|upkeep
|turn|13
|
|t:|1602358430
|switch|p2a: Slowking|Slowking, M, shiny|100/100
|move|p1a: Dope|Scald|p2a: Slowking
|-resisted|p2a: Slowking
|-damage|p2a: Slowking|91/100
|
|upkeep
|turn|14
|j| alexdevi
|
|t:|1602358434
|move|p2a: Slowking|Future Sight|p1a: Dope
|-start|p2a: Slowking|move: Future Sight
|move|p1a: Dope|Future Sight|p2a: Slowking
|-start|p1a: Dope|move: Future Sight
|
|upkeep
|turn|15
|
|t:|1602358437
|move|p2a: Slowking|Teleport|p2a: Slowking
|
|t:|1602358441
|switch|p2a: Umbreon|Umbreon, F, shiny|100/100|[from]move: Teleport
|move|p1a: Dope|Teleport|p1a: Dope
|
|t:|1602358444
|switch|p1a: Koba Leon|Cobalion|100/100|[from]move: Teleport
|
|upkeep
|turn|16
|
|t:|1602358449
|switch|p2a: Steelix|Steelix, F|78/100
|move|p1a: Koba Leon|Close Combat|p2a: Steelix
|-supereffective|p2a: Steelix
|-damage|p2a: Steelix|32/100
|-unboost|p1a: Koba Leon|def|1
|-unboost|p1a: Koba Leon|spd|1
|
|-end|p2a: Steelix|move: Future Sight
|-resisted|p2a: Steelix
|-damage|p2a: Steelix|10/100
|-end|p1a: Koba Leon|move: Future Sight
|-damage|p1a: Koba Leon|8/100
|-heal|p2a: Steelix|16/100|[from] item: Leftovers
|upkeep
|turn|17
|
|t:|1602358462
|move|p1a: Koba Leon|Stealth Rock|p2a: Steelix
|-sidestart|p2: Skip the drip|move: Stealth Rock
|move|p2a: Steelix|Stealth Rock|p1a: Koba Leon
|-sidestart|p1: ok now i see ya|move: Stealth Rock
|
|-heal|p2a: Steelix|23/100|[from] item: Leftovers
|upkeep
|turn|18
|
|t:|1602358467
|switch|p2a: Slowking|Slowking, M, shiny|100/100
|move|p1a: Koba Leon|Volt Switch|p2a: Slowking
|-supereffective|p2a: Slowking
|-damage|p2a: Slowking|82/100
|
|t:|1602358475
|switch|p1a: Dope|Slowbro, M|100/100|[from]move: Volt Switch
|
|upkeep
|turn|19
|
|t:|1602358478
|move|p2a: Slowking|Future Sight|p1a: Dope
|-start|p2a: Slowking|move: Future Sight
|move|p1a: Dope|Future Sight|p2a: Slowking
|-start|p1a: Dope|move: Future Sight
|
|upkeep
|turn|20
|
|t:|1602358482
|move|p2a: Slowking|Teleport|p2a: Slowking
|
|t:|1602358485
|switch|p2a: Umbreon|Umbreon, F, shiny|100/100|[from]move: Teleport
|move|p1a: Dope|Teleport|p1a: Dope
|
|t:|1602358500
|switch|p1a: Mojo Jojo|Zarude|100/100|[from]move: Teleport
|
|upkeep
|turn|21
|
|t:|1602358507
|move|p1a: Mojo Jojo|Power Whip|p2a: Umbreon
|-damage|p2a: Umbreon|52/100
|move|p2a: Umbreon|Wish|p2a: Umbreon
|
|-end|p1a: Mojo Jojo|move: Future Sight
|-immune|p1a: Mojo Jojo
|-end|p2a: Umbreon|move: Future Sight
|-immune|p2a: Umbreon
|upkeep
|turn|22
|
|t:|1602358514
|move|p1a: Mojo Jojo|Power Whip|p2a: Umbreon
|-damage|p2a: Umbreon|4/100
|move|p2a: Umbreon|Foul Play|p1a: Mojo Jojo
|-resisted|p1a: Mojo Jojo
|-crit|p1a: Mojo Jojo
|-damage|p1a: Mojo Jojo|71/100
|
|-heal|p2a: Umbreon|54/100|[from] move: Wish|[wisher] Umbreon
|upkeep
|turn|23
|
|t:|1602358519
|move|p1a: Mojo Jojo|U-turn|p2a: Umbreon
|-supereffective|p2a: Umbreon
|-damage|p2a: Umbreon|18/100
|
|t:|1602358548
|switch|p1a: Icy Boi|Mamoswine, M|100/100|[from]move: U-turn
|-damage|p1a: Icy Boi|88/100|[from] Stealth Rock
|move|p2a: Umbreon|Wish|p2a: Umbreon
|
|upkeep
|turn|24
|
|t:|1602358554
|move|p2a: Umbreon|Protect|p2a: Umbreon
|-singleturn|p2a: Umbreon|Protect
|move|p1a: Icy Boi|Earthquake|p2a: Umbreon
|-activate|p2a: Umbreon|move: Protect
|
|-heal|p2a: Umbreon|68/100|[from] move: Wish|[wisher] Umbreon
|upkeep
|turn|25
|
|t:|1602358559
|move|p1a: Icy Boi|Icicle Crash|p2a: Umbreon
|-damage|p2a: Umbreon|18/100
|-damage|p1a: Icy Boi|78/100|[from] item: Life Orb
|move|p2a: Umbreon|Wish|p2a: Umbreon
|
|upkeep
|turn|26
|
|t:|1602358565
|move|p2a: Umbreon|Protect|p2a: Umbreon
|-singleturn|p2a: Umbreon|Protect
|move|p1a: Icy Boi|Earthquake|p2a: Umbreon
|-activate|p2a: Umbreon|move: Protect
|
|-heal|p2a: Umbreon|68/100|[from] move: Wish|[wisher] Umbreon
|upkeep
|turn|27
|
|t:|1602358589
|switch|p2a: Slowking|Slowking, M, shiny|100/100
|move|p1a: Icy Boi|Knock Off|p2a: Slowking
|-supereffective|p2a: Slowking
|-damage|p2a: Slowking|22/100
|-enditem|p2a: Slowking|Heavy-Duty Boots|[from] move: Knock Off|[of] p1a: Icy Boi
|-damage|p1a: Icy Boi|68/100|[from] item: Life Orb
|
|upkeep
|turn|28
|
|t:|1602358599
|switch|p2a: Steelix|Steelix, F|23/100
|-damage|p2a: Steelix|19/100|[from] Stealth Rock
|move|p1a: Icy Boi|Icicle Crash|p2a: Steelix|[miss]
|-miss|p1a: Icy Boi|p2a: Steelix
|
|-heal|p2a: Steelix|26/100|[from] item: Leftovers
|upkeep
|turn|29
|j| solonor24@!
|
|t:|1602358607
|move|p1a: Icy Boi|Knock Off|p2a: Steelix
|-damage|p2a: Steelix|4/100
|-enditem|p2a: Steelix|Leftovers|[from] move: Knock Off|[of] p1a: Icy Boi
|-damage|p1a: Icy Boi|58/100|[from] item: Life Orb
|move|p2a: Steelix|Body Press|p1a: Icy Boi
|-supereffective|p1a: Icy Boi
|-damage|p1a: Icy Boi|0 fnt
|faint|p1a: Icy Boi
|
|upkeep
|-message|ok now i see ya forfeited.
|
|win|Skip the drip
|l|☆ok now i see ya
|raw|ok now i see ya's rating: 1564 &rarr; <strong>1546</strong><br />(-18 for losing)
|raw|Skip the drip's rating: 1597 &rarr; <strong>1615</strong><br />(+18 for winning)
