|j|☆vive macron
|j|☆chi core
|t:|1612896112
|player|p1|vive macron|tuber|1436
|player|p2|chi core|170|1477
|teamsize|p1|6
|teamsize|p2|6
|gametype|singles
|gen|8
|tier|[Gen 8] UU
|rated|
|clearpoke
|poke|p1|Scizor, M|
|poke|p1|Slowking, M|
|poke|p1|Kommo-o, F|
|poke|p1|Ditto|
|poke|p1|Nihilego|
|poke|p1|Rotom-Heat|
|poke|p2|Alakazam, F|
|poke|p2|Azelf|
|poke|p2|Victini|
|poke|p2|Tapu Bulu|
|poke|p2|Zeraora|
|poke|p2|Azumarill, M|
|rule|Sleep Clause Mod: Limit one foe put to sleep
|rule|Species Clause: Limit one of each Pokémon
|rule|OHKO Clause: OHKO moves are banned
|rule|Evasion Moves Clause: Evasion moves are banned
|rule|Endless Battle Clause: Forcing endless battles is banned
|rule|HP Percentage Mod: HP is shown in percentages
|rule|Dynamax Clause: You cannot dynamax
|teampreview
|
|t:|1612896129
|start
|switch|p1a: Ditto|Ditto|100/100
|switch|p2a: Napoleon|Azelf|100/100
|-transform|p1a: Ditto|p2a: Napoleon|[from] ability: Imposter
|turn|1
|
|t:|1612896139
|move|p1a: Ditto|Taunt|p2a: Napoleon
|-start|p2a: Napoleon|move: Taunt
|cant|p2a: Napoleon|move: Taunt|Stealth Rock
|
|upkeep
|turn|2
|
|t:|1612896152
|switch|p1a: Scizor|Scizor, M|100/100
|switch|p2a: Mister V|Victini|100/100
|
|upkeep
|turn|3
|
|t:|1612896161
|switch|p1a: Slowking|Slowking, M|100/100
|move|p2a: Mister V|U-turn|p1a: Slowking
|-supereffective|p1a: Slowking
|-damage|p1a: Slowking|73/100
|-damage|p2a: Mister V|84/100|[from] item: Rocky Helmet|[of] p1a: Slowking
|
|t:|1612896174
|switch|p2a: Napoleon|Azelf|100/100|[from]move: U-turn
|
|upkeep
|turn|4
|
|t:|1612896180
|move|p2a: Napoleon|Stealth Rock|p1a: Slowking
|-sidestart|p1: vive macron|move: Stealth Rock
|move|p1a: Slowking|Future Sight|p2a: Napoleon
|-start|p1a: Slowking|move: Future Sight
|
|upkeep
|turn|5
|
|t:|1612896185
|move|p2a: Napoleon|Shadow Ball|p1a: Slowking
|-supereffective|p1a: Slowking
|-crit|p1a: Slowking
|-damage|p1a: Slowking|16/100
|move|p1a: Slowking|Scald|p2a: Napoleon
|-damage|p2a: Napoleon|53/100
|-status|p2a: Napoleon|brn
|
|-damage|p2a: Napoleon|47/100 brn|[from] brn
|upkeep
|turn|6
|
|t:|1612896197
|switch|p1a: Scizor|Scizor, M|100/100
|-damage|p1a: Scizor|88/100|[from] Stealth Rock
|move|p2a: Napoleon|Explosion|p1a: Scizor
|-resisted|p1a: Scizor
|-damage|p1a: Scizor|69/100
|faint|p2a: Napoleon
|
|-hint|Future Sight did not hit because the target is fainted.
|upkeep
|
|t:|1612896211
|switch|p2a: Mister V|Victini|84/100
|turn|7
|
|t:|1612896218
|switch|p1a: Kommo-o|Kommo-o, F|100/100
|-damage|p1a: Kommo-o|94/100|[from] Stealth Rock
|move|p2a: Mister V|V-create|p1a: Kommo-o
|-resisted|p1a: Kommo-o
|-damage|p1a: Kommo-o|69/100
|-unboost|p2a: Mister V|spe|1
|-unboost|p2a: Mister V|def|1
|-unboost|p2a: Mister V|spd|1
|
|-heal|p1a: Kommo-o|75/100|[from] item: Leftovers
|upkeep
|turn|8
|
|t:|1612896237
|switch|p2a: Coco|Azumarill, M|100/100
|move|p1a: Kommo-o|Toxic|p2a: Coco
|-status|p2a: Coco|tox
|
|-heal|p1a: Kommo-o|81/100|[from] item: Leftovers
|-damage|p2a: Coco|94/100 tox|[from] psn
|upkeep
|turn|9
|
|t:|1612896250
|switch|p1a: Ditto|Ditto|100/100
|-damage|p1a: Ditto|88/100|[from] Stealth Rock
|-transform|p1a: Ditto|p2a: Coco|[from] ability: Imposter
|move|p2a: Coco|Knock Off|p1a: Ditto
|-resisted|p1a: Ditto
|-damage|p1a: Ditto|59/100
|-enditem|p1a: Ditto|Choice Scarf|[from] move: Knock Off|[of] p2a: Coco
|
|-damage|p2a: Coco|82/100 tox|[from] psn
|upkeep
|turn|10
|
|t:|1612896266
|move|p1a: Ditto|Play Rough|p2a: Coco
|-damage|p2a: Coco|15/100 tox
|-enditem|p2a: Coco|Sitrus Berry|[eat]
|-heal|p2a: Coco|40/100 tox|[from] item: Sitrus Berry
|move|p2a: Coco|Play Rough|p1a: Ditto
|-damage|p1a: Ditto|0 fnt
|faint|p1a: Ditto
|
|-damage|p2a: Coco|22/100 tox|[from] psn
|upkeep
|
|t:|1612896284
|switch|p1a: Scizor|Scizor, M|69/100
|-damage|p1a: Scizor|57/100|[from] Stealth Rock
|turn|11
|
|t:|1612896288
|move|p2a: Coco|Aqua Jet|p1a: Scizor
|-damage|p1a: Scizor|36/100
|move|p1a: Scizor|Bullet Punch|p2a: Coco
|-damage|p2a: Coco|0 fnt
|-damage|p1a: Scizor|26/100|[from] item: Life Orb
|faint|p2a: Coco
|
|upkeep
|
|t:|1612896297
|switch|p2a: ORAORAORAORA|Zeraora|100/100
|turn|12
|
|t:|1612896305
|switch|p1a: Kommo-o|Kommo-o, F|81/100
|-damage|p1a: Kommo-o|75/100|[from] Stealth Rock
|move|p2a: ORAORAORAORA|Plasma Fists|p1a: Kommo-o
|-resisted|p1a: Kommo-o
|-damage|p1a: Kommo-o|59/100
|-fieldactivate|move: Ion Deluge
|
|-heal|p1a: Kommo-o|66/100|[from] item: Leftovers
|upkeep
|turn|13
|
|t:|1612896315
|move|p2a: ORAORAORAORA|Play Rough|p1a: Kommo-o
|-supereffective|p1a: Kommo-o
|-damage|p1a: Kommo-o|0 fnt
|faint|p1a: Kommo-o
|
|upkeep
|
|t:|1612896325
|switch|p1a: Rotom|Rotom-Heat|100/100
|turn|14
|
|t:|1612896330
|switch|p2a: Mister V|Victini|84/100
|move|p1a: Rotom|Defog|p2a: Mister V
|-unboost|p2a: Mister V|evasion|1
|-sideend|p1: vive macron|Stealth Rock|[from] move: Defog|[of] p1a: Rotom
|
|upkeep
|turn|15
|
|t:|1612896341
|move|p2a: Mister V|V-create|p1a: Rotom
|-resisted|p1a: Rotom
|-damage|p1a: Rotom|63/100
|-unboost|p2a: Mister V|spe|1
|-unboost|p2a: Mister V|def|1
|-unboost|p2a: Mister V|spd|1
|move|p1a: Rotom|Volt Switch|p2a: Mister V
|-crit|p2a: Mister V
|-damage|p2a: Mister V|22/100
|
|t:|1612896349
|switch|p1a: Nihilego|Nihilego|100/100|[from]move: Volt Switch
|
|upkeep
|turn|16
|
|t:|1612896359
|move|p1a: Nihilego|Power Gem|p2a: Mister V
|-supereffective|p2a: Mister V
|-damage|p2a: Mister V|0 fnt
|faint|p2a: Mister V
|-ability|p1a: Nihilego|Beast Boost|boost
|-boost|p1a: Nihilego|spe|1
|
|upkeep
|
|t:|1612896365
|switch|p2a: Staline|Alakazam, F|100/100
|turn|17
|
|t:|1612896368
|move|p1a: Nihilego|Meteor Beam||[still]
|-prepare|p1a: Nihilego|Meteor Beam
|-boost|p1a: Nihilego|spa|1
|-enditem|p1a: Nihilego|Power Herb
|-anim|p1a: Nihilego|Meteor Beam|p2a: Staline
|-enditem|p2a: Staline|Focus Sash
|-damage|p2a: Staline|1/100
|move|p2a: Staline|Psychic|p1a: Nihilego
|-supereffective|p1a: Nihilego
|-damage|p1a: Nihilego|38/100
|
|upkeep
|turn|18
|
|t:|1612896382
|move|p1a: Nihilego|Sludge Wave|p2a: Staline
|-damage|p2a: Staline|0 fnt
|faint|p2a: Staline
|-ability|p1a: Nihilego|Beast Boost|boost
|-boost|p1a: Nihilego|spe|1
|
|upkeep
|
|t:|1612896387
|switch|p2a: ORAORAORAORA|Zeraora|100/100
|turn|19
|
|t:|1612896392
|move|p1a: Nihilego|Sludge Wave|p2a: ORAORAORAORA
|-damage|p2a: ORAORAORAORA|10/100
|move|p2a: ORAORAORAORA|Plasma Fists|p1a: Nihilego
|-damage|p1a: Nihilego|0 fnt
|-fieldactivate|move: Ion Deluge
|faint|p1a: Nihilego
|
|-heal|p2a: ORAORAORAORA|16/100|[from] item: Leftovers
|upkeep
|c|☆vive macron|gg
|
|t:|1612896405
|switch|p1a: Scizor|Scizor, M|26/100
|turn|20
|c|☆chi core|gg
|j| Tupac_alive_2021
|
|t:|1612896415
|move|p1a: Scizor|Bullet Punch|p2a: ORAORAORAORA
|-resisted|p2a: ORAORAORAORA
|-damage|p2a: ORAORAORAORA|0 fnt
|-damage|p1a: Scizor|16/100|[from] item: Life Orb
|faint|p2a: ORAORAORAORA
|
|upkeep
|
|t:|1612896420
|switch|p2a: Bodybuilder|Tapu Bulu|100/100
|-fieldstart|move: Grassy Terrain|[from] ability: Grassy Surge|[of] p2a: Bodybuilder
|turn|21
|
|t:|1612896429
|move|p1a: Scizor|Bullet Punch|p2a: Bodybuilder
|-supereffective|p2a: Bodybuilder
|-damage|p2a: Bodybuilder|16/100
|-damage|p1a: Scizor|6/100|[from] item: Life Orb
|move|p2a: Bodybuilder|Stone Edge|p1a: Scizor
|-damage|p1a: Scizor|0 fnt
|faint|p1a: Scizor
|
|-heal|p2a: Bodybuilder|22/100|[from] Grassy Terrain
|upkeep
|
|t:|1612896440
|switch|p1a: Rotom|Rotom-Heat|63/100
|turn|22
|
|t:|1612896444
|move|p2a: Bodybuilder|Stone Edge|p1a: Rotom
|-supereffective|p1a: Rotom
|-damage|p1a: Rotom|0 fnt
|faint|p1a: Rotom
|
|-heal|p2a: Bodybuilder|28/100|[from] Grassy Terrain
|upkeep
|
|t:|1612896450
|switch|p1a: Slowking|Slowking, M|49/100
|turn|23
|
|t:|1612896456
|move|p2a: Bodybuilder|Stone Edge|p1a: Slowking
|-damage|p1a: Slowking|23/100
|move|p1a: Slowking|Psyshock|p2a: Bodybuilder
|-damage|p2a: Bodybuilder|0 fnt
|faint|p2a: Bodybuilder
|
|win|vive macron
|c|☆vive macron|scarf
|c|☆vive macron|ouh
|l| Tupac_alive_2021
||Ladder (probably) updated, but score could not be retrieved (Request timeout).
