|raw|<div class="broadcast-blue"><strong>This battle is required to be public due to a player having a name starting with 'uult92q'.</div>
|j|☆Sillicon-Valley
|j|☆UULT92q Ava
|t:|1652309886
|gametype|singles
|player|p1|Sillicon-Valley|1|1428
|player|p2|UULT92q Ava|#avarice|1449
|teamsize|p1|6
|teamsize|p2|6
|gen|8
|tier|[Gen 8] UU
|rated|
|rule|Sleep Clause Mod: Limit one foe put to sleep
|rule|Species Clause: Limit one of each Pokémon
|rule|OHKO Clause: OHKO moves are banned
|rule|Evasion Moves Clause: Evasion moves are banned
|rule|Endless Battle Clause: Forcing endless battles is banned
|rule|HP Percentage Mod: HP is shown in percentages
|rule|Dynamax Clause: You cannot dynamax
|clearpoke
|poke|p1|Suicune|
|poke|p1|Cobalion|
|poke|p1|Slowking, M|
|poke|p1|Mandibuzz, F|
|poke|p1|Entei|
|poke|p1|Zygarde-10%|
|poke|p2|Hippowdon, M|
|poke|p2|Amoonguss, M|
|poke|p2|Chandelure, M|
|poke|p2|Rotom-Wash|
|poke|p2|Hatterene, F|
|poke|p2|Excadrill, F|
|teampreview
|inactive|Battle timer is ON: inactive players will automatically lose when time's up. (requested by UULT92q Ava)
|j| ironx98
|
|t:|1652309909
|start
|switch|p1a: Entei|Entei|100/100
|switch|p2a: Chandelure|Chandelure, M|100/100
|-ability|p1a: Entei|Pressure
|turn|1
|
|t:|1652309913
|move|p1a: Entei|Protect|p1a: Entei
|-singleturn|p1a: Entei|Protect
|move|p2a: Chandelure|Trick|p1a: Entei
|-activate|p1a: Entei|move: Protect
|
|upkeep
|turn|2
|
|t:|1652309924
|switch|p2a: Rotom|Rotom-Wash|100/100
|switch|p1a: Zygarde|Zygarde-10%|100/100
|-ability|p1a: Zygarde|Aura Break
|
|upkeep
|turn|3
|
|t:|1652309928
|switch|p2a: Hippowdon|Hippowdon, M|100/100
|-weather|Sandstorm|[from] ability: Sand Stream|[of] p2a: Hippowdon
|move|p1a: Zygarde|Thousand Arrows|p2a: Hippowdon
|-damage|p2a: Hippowdon|56/100
|
|-weather|Sandstorm|[upkeep]
|upkeep
|turn|4
|
|t:|1652309942
|move|p1a: Zygarde|Thousand Arrows|p2a: Hippowdon
|-damage|p2a: Hippowdon|15/100
|move|p2a: Hippowdon|Slack Off|p2a: Hippowdon
|-heal|p2a: Hippowdon|65/100
|
|-weather|Sandstorm|[upkeep]
|upkeep
|turn|5
|
|t:|1652309946
|switch|p1a: Suicune|Suicune|100/100
|-ability|p1a: Suicune|Pressure
|move|p2a: Hippowdon|Slack Off|p2a: Hippowdon
|-heal|p2a: Hippowdon|100/100
|
|-weather|Sandstorm|[upkeep]
|-damage|p1a: Suicune|94/100|[from] Sandstorm
|-heal|p1a: Suicune|100/100|[from] item: Leftovers
|upkeep
|turn|6
|
|t:|1652309949
|move|p1a: Suicune|Calm Mind|p1a: Suicune
|-boost|p1a: Suicune|spa|1
|-boost|p1a: Suicune|spd|1
|move|p2a: Hippowdon|Stealth Rock|p1a: Suicune
|-sidestart|p1: Sillicon-Valley|move: Stealth Rock
|
|-weather|Sandstorm|[upkeep]
|-damage|p1a: Suicune|94/100|[from] Sandstorm
|-heal|p1a: Suicune|100/100|[from] item: Leftovers
|upkeep
|turn|7
|
|t:|1652309958
|switch|p2a: Chandelure|Chandelure, M|100/100
|move|p1a: Suicune|Scald|p2a: Chandelure
|-supereffective|p2a: Chandelure
|-damage|p2a: Chandelure|0 fnt
|faint|p2a: Chandelure
|
|-weather|Sandstorm|[upkeep]
|-damage|p1a: Suicune|94/100|[from] Sandstorm
|-heal|p1a: Suicune|100/100|[from] item: Leftovers
|upkeep
|
|t:|1652309966
|switch|p2a: Rotom|Rotom-Wash|100/100
|turn|8
|
|t:|1652309973
|move|p2a: Rotom|Volt Switch|p1a: Suicune
|-supereffective|p1a: Suicune
|-damage|p1a: Suicune|73/100
|
|t:|1652309978
|switch|p2a: Amoonguss|Amoonguss, M|100/100|[from]move: Volt Switch
|move|p1a: Suicune|Calm Mind|p1a: Suicune
|-boost|p1a: Suicune|spa|1
|-boost|p1a: Suicune|spd|1
|
|-weather|Sandstorm|[upkeep]
|-damage|p1a: Suicune|67/100|[from] Sandstorm
|-damage|p2a: Amoonguss|94/100|[from] Sandstorm
|-heal|p1a: Suicune|73/100|[from] item: Leftovers
|upkeep
|turn|9
|
|t:|1652309980
|switch|p2a: Rotom|Rotom-Wash|100/100
|move|p1a: Suicune|Ice Beam|p2a: Rotom
|-resisted|p2a: Rotom
|-damage|p2a: Rotom|76/100
|
|-weather|Sandstorm|[upkeep]
|-damage|p2a: Rotom|70/100|[from] Sandstorm
|-damage|p1a: Suicune|67/100|[from] Sandstorm
|-heal|p2a: Rotom|76/100|[from] item: Leftovers
|-heal|p1a: Suicune|73/100|[from] item: Leftovers
|upkeep
|turn|10
|
|t:|1652309983
|move|p2a: Rotom|Volt Switch|p1a: Suicune
|-supereffective|p1a: Suicune
|-damage|p1a: Suicune|54/100
|
|t:|1652309986
|switch|p2a: Amoonguss|Amoonguss, M|100/100|[from]move: Volt Switch
|move|p1a: Suicune|Calm Mind|p1a: Suicune
|-boost|p1a: Suicune|spa|1
|-boost|p1a: Suicune|spd|1
|
|-weather|none
|-heal|p1a: Suicune|60/100|[from] item: Leftovers
|upkeep
|turn|11
|j| frankenstein2421
|
|t:|1652309999
|switch|p2a: Rotom|Rotom-Wash|76/100
|move|p1a: Suicune|Scald|p2a: Rotom
|-resisted|p2a: Rotom
|-damage|p2a: Rotom|39/100
|
|-heal|p2a: Rotom|45/100|[from] item: Leftovers
|-heal|p1a: Suicune|66/100|[from] item: Leftovers
|upkeep
|turn|12
|
|t:|1652310003
|move|p2a: Rotom|Volt Switch|p1a: Suicune
|-supereffective|p1a: Suicune
|-damage|p1a: Suicune|48/100
|
|t:|1652310007
|switch|p2a: Amoonguss|Amoonguss, M|100/100|[from]move: Volt Switch
|move|p1a: Suicune|Ice Beam|p2a: Amoonguss
|-supereffective|p2a: Amoonguss
|-damage|p2a: Amoonguss|11/100
|
|-heal|p1a: Suicune|55/100|[from] item: Leftovers
|upkeep
|turn|13
|
|t:|1652310019
|switch|p2a: Rotom|Rotom-Wash|45/100
|move|p1a: Suicune|Scald|p2a: Rotom
|-resisted|p2a: Rotom
|-damage|p2a: Rotom|8/100
|-status|p2a: Rotom|brn
|
|-heal|p2a: Rotom|14/100 brn|[from] item: Leftovers
|-heal|p1a: Suicune|61/100|[from] item: Leftovers
|-damage|p2a: Rotom|8/100 brn|[from] brn
|upkeep
|turn|14
|
|t:|1652310023
|move|p2a: Rotom|Pain Split|p1a: Suicune
|-sethp|p1a: Suicune|33/100|[from] move: Pain Split|[silent]
|-sethp|p2a: Rotom|50/100 brn|[from] move: Pain Split
|move|p1a: Suicune|Calm Mind|p1a: Suicune
|-boost|p1a: Suicune|spa|1
|-boost|p1a: Suicune|spd|1
|
|-heal|p2a: Rotom|56/100 brn|[from] item: Leftovers
|-heal|p1a: Suicune|39/100|[from] item: Leftovers
|-damage|p2a: Rotom|50/100 brn|[from] brn
|upkeep
|turn|15
|
|t:|1652310028
|move|p2a: Rotom|Volt Switch|p1a: Suicune
|-supereffective|p1a: Suicune
|-damage|p1a: Suicune|24/100
|
|t:|1652310030
|switch|p2a: Amoonguss|Amoonguss, M|44/100|[from]move: Volt Switch
|move|p1a: Suicune|Scald|p2a: Amoonguss
|-resisted|p2a: Amoonguss
|-damage|p2a: Amoonguss|11/100
|
|-heal|p1a: Suicune|30/100|[from] item: Leftovers
|upkeep
|turn|16
|
|t:|1652310040
|switch|p2a: Rotom|Rotom-Wash|50/100 brn
|move|p1a: Suicune|Scald|p2a: Rotom
|-resisted|p2a: Rotom
|-damage|p2a: Rotom|3/100 brn
|
|-heal|p2a: Rotom|9/100 brn|[from] item: Leftovers
|-heal|p1a: Suicune|36/100|[from] item: Leftovers
|-damage|p2a: Rotom|3/100 brn|[from] brn
|upkeep
|turn|17
|
|t:|1652310045
|move|p2a: Rotom|Pain Split|p1a: Suicune
|-sethp|p1a: Suicune|19/100|[from] move: Pain Split|[silent]
|-sethp|p2a: Rotom|29/100 brn|[from] move: Pain Split
|move|p1a: Suicune|Scald|p2a: Rotom
|-resisted|p2a: Rotom
|-damage|p2a: Rotom|0 fnt
|faint|p2a: Rotom
|
|-heal|p1a: Suicune|25/100|[from] item: Leftovers
|upkeep
|
|t:|1652310048
|switch|p2a: Excadrill|Excadrill, F|100/100
|turn|18
|
|t:|1652310060
|switch|p1a: Mandibuzz|Mandibuzz, F|100/100
|move|p2a: Excadrill|Earthquake|p1a: Mandibuzz
|-immune|p1a: Mandibuzz
|
|upkeep
|turn|19
|
|t:|1652310063
|switch|p2a: Hippowdon|Hippowdon, M|100/100
|-weather|Sandstorm|[from] ability: Sand Stream|[of] p2a: Hippowdon
|move|p1a: Mandibuzz|Defog|p2a: Hippowdon
|-unboost|p2a: Hippowdon|evasion|1
|-sideend|p1: Sillicon-Valley|Stealth Rock|[from] move: Defog|[of] p1a: Mandibuzz
|
|-weather|Sandstorm|[upkeep]
|upkeep
|turn|20
|
|t:|1652310068
|switch|p1a: Suicune|Suicune|25/100
|-ability|p1a: Suicune|Pressure
|move|p2a: Hippowdon|Stealth Rock|p1a: Suicune
|-sidestart|p1: Sillicon-Valley|move: Stealth Rock
|
|-weather|Sandstorm|[upkeep]
|-damage|p1a: Suicune|19/100|[from] Sandstorm
|-heal|p1a: Suicune|25/100|[from] item: Leftovers
|upkeep
|turn|21
|
|t:|1652310073
|switch|p2a: Excadrill|Excadrill, F|100/100
|move|p1a: Suicune|Rest|p1a: Suicune
|-status|p1a: Suicune|slp|[from] move: Rest
|-heal|p1a: Suicune|100/100 slp|[silent]
|
|-weather|Sandstorm|[upkeep]
|-damage|p1a: Suicune|94/100 slp|[from] Sandstorm
|-heal|p1a: Suicune|100/100 slp|[from] item: Leftovers
|upkeep
|turn|22
|
|t:|1652310077
|switch|p1a: Mandibuzz|Mandibuzz, F|100/100
|move|p2a: Excadrill|Swords Dance|p2a: Excadrill
|-boost|p2a: Excadrill|atk|2
|
|-weather|Sandstorm|[upkeep]
|upkeep
|turn|23
|
|t:|1652310100
|move|p2a: Excadrill|Iron Head|p1a: Mandibuzz
|-damage|p1a: Mandibuzz|45/100
|cant|p1a: Mandibuzz|flinch
|
|-weather|Sandstorm|[upkeep]
|upkeep
|turn|24
|
|t:|1652310104
|move|p2a: Excadrill|Iron Head|p1a: Mandibuzz
|-damage|p1a: Mandibuzz|0 fnt
|faint|p1a: Mandibuzz
|
|-weather|Sandstorm|[upkeep]
|upkeep
|
|t:|1652310119
|switch|p1a: Entei|Entei|100/100
|-damage|p1a: Entei|76/100|[from] Stealth Rock
|-ability|p1a: Entei|Pressure
|turn|25
|
|t:|1652310122
|move|p1a: Entei|Protect|p1a: Entei
|-singleturn|p1a: Entei|Protect
|move|p2a: Excadrill|Earthquake|p1a: Entei
|-activate|p1a: Entei|move: Protect
|
|-weather|Sandstorm|[upkeep]
|-damage|p1a: Entei|70/100|[from] Sandstorm
|-heal|p1a: Entei|76/100|[from] item: Leftovers
|upkeep
|turn|26
|inactive|Sillicon-Valley has 120 seconds left.
|
|t:|1652310154
|move|p2a: Excadrill|Earthquake|p1a: Entei
|-supereffective|p1a: Entei
|-damage|p1a: Entei|0 fnt
|faint|p1a: Entei
|
|-weather|none
|upkeep
|
|t:|1652310158
|switch|p1a: Zygarde|Zygarde-10%|100/100
|-damage|p1a: Zygarde|94/100|[from] Stealth Rock
|-ability|p1a: Zygarde|Aura Break
|turn|27
|
|t:|1652310164
|switch|p1a: Suicune|Suicune|100/100 slp
|-damage|p1a: Suicune|88/100 slp|[from] Stealth Rock
|-ability|p1a: Suicune|Pressure
|switch|p2a: Hippowdon|Hippowdon, M|100/100
|-weather|Sandstorm|[from] ability: Sand Stream|[of] p2a: Hippowdon
|
|-weather|Sandstorm|[upkeep]
|-damage|p1a: Suicune|82/100 slp|[from] Sandstorm
|-heal|p1a: Suicune|88/100 slp|[from] item: Leftovers
|upkeep
|turn|28
|
|t:|1652310170
|switch|p2a: Amoonguss|Amoonguss, M|45/100
|cant|p1a: Suicune|slp
|
|-weather|Sandstorm|[upkeep]
|-damage|p1a: Suicune|82/100 slp|[from] Sandstorm
|-damage|p2a: Amoonguss|38/100|[from] Sandstorm
|-heal|p1a: Suicune|88/100 slp|[from] item: Leftovers
|upkeep
|turn|29
|
|t:|1652310173
|cant|p1a: Suicune|slp
|move|p2a: Amoonguss|Giga Drain|p1a: Suicune
|-supereffective|p1a: Suicune
|-damage|p1a: Suicune|53/100 slp
|-heal|p2a: Amoonguss|55/100|[from] drain|[of] p1a: Suicune
|
|-weather|Sandstorm|[upkeep]
|-damage|p1a: Suicune|47/100 slp|[from] Sandstorm
|-damage|p2a: Amoonguss|48/100|[from] Sandstorm
|-heal|p1a: Suicune|53/100 slp|[from] item: Leftovers
|upkeep
|turn|30
|
|t:|1652310177
|-curestatus|p1a: Suicune|slp|[msg]
|move|p1a: Suicune|Calm Mind|p1a: Suicune
|-boost|p1a: Suicune|spa|1
|-boost|p1a: Suicune|spd|1
|move|p2a: Amoonguss|Spore|p1a: Suicune
|-status|p1a: Suicune|slp|[from] move: Spore
|
|-weather|Sandstorm|[upkeep]
|-damage|p1a: Suicune|47/100 slp|[from] Sandstorm
|-damage|p2a: Amoonguss|42/100|[from] Sandstorm
|-heal|p1a: Suicune|53/100 slp|[from] item: Leftovers
|upkeep
|turn|31
|
|t:|1652310180
|switch|p2a: Excadrill|Excadrill, F|100/100
|cant|p1a: Suicune|slp
|
|-weather|Sandstorm|[upkeep]
|-damage|p1a: Suicune|47/100 slp|[from] Sandstorm
|-heal|p1a: Suicune|53/100 slp|[from] item: Leftovers
|upkeep
|turn|32
|
|t:|1652310192
|move|p2a: Excadrill|Swords Dance|p2a: Excadrill
|-boost|p2a: Excadrill|atk|2
|cant|p1a: Suicune|slp
|
|-weather|Sandstorm|[upkeep]
|-damage|p1a: Suicune|47/100 slp|[from] Sandstorm
|-heal|p1a: Suicune|53/100 slp|[from] item: Leftovers
|upkeep
|turn|33
|
|t:|1652310196
|move|p2a: Excadrill|Earthquake|p1a: Suicune
|-damage|p1a: Suicune|0 fnt
|faint|p1a: Suicune
|
|-weather|Sandstorm|[upkeep]
|upkeep
|-message|Sillicon-Valley forfeited.
|
|win|UULT92q Ava
|raw|Sillicon-Valley's rating: 1428 &rarr; <strong>1409</strong><br />(-19 for losing)
|raw|UULT92q Ava's rating: 1449 &rarr; <strong>1468</strong><br />(+19 for winning)
|l|☆Sillicon-Valley
