|j|☆Upward Trend
|j|☆pif
|t:|1646707655
|gametype|singles
|player|p1|Upward Trend|1|1405
|player|p2|pif|#uutrio2ladder|1713
|teamsize|p1|6
|teamsize|p2|6
|gen|8
|tier|[Gen 8] UU
|rated|
|rule|Sleep Clause Mod: Limit one foe put to sleep
|rule|Species Clause: Limit one of each Pokémon
|rule|OHKO Clause: OHKO moves are banned
|rule|Evasion Moves Clause: Evasion moves are banned
|rule|Endless Battle Clause: Forcing endless battles is banned
|rule|HP Percentage Mod: HP is shown in percentages
|rule|Dynamax Clause: You cannot dynamax
|clearpoke
|poke|p1|Zygarde-10%|
|poke|p1|Keldeo-Resolute|
|poke|p1|Slowbro-Galar, F|
|poke|p1|Zarude-Dada|
|poke|p1|Excadrill, F|
|poke|p1|Mandibuzz, F|
|poke|p2|Scrafty, M|
|poke|p2|Zygarde-10%|
|poke|p2|Slowking, M|
|poke|p2|Celebi|
|poke|p2|Moltres|
|poke|p2|Registeel|
|teampreview
|j| Arxtric
|inactive|Battle timer is ON: inactive players will automatically lose when time's up. (requested by Upward Trend)
|j| itsjustdrew
|j| speedest sonic
|c| speedest sonic|hi
|c| speedest sonic|i am back again
|inactive|pif has 120 seconds left.
|c|☆pif|hi
|l| itsjustdrew
|c|☆pif|again
|c| speedest sonic|wow
|j| Corporate Donkey
|
|t:|1646707709
|start
|switch|p1a: Zygarde|Zygarde-10%|100/100
|switch|p2a: hissy wissy|Scrafty, M|100/100
|-ability|p1a: Zygarde|Aura Break
|turn|1
|c|☆Upward Trend|Is ramo or pif playing on this rn
|j| u're not alone
|c| speedest sonic|the dog thing so op?
|c|☆pif|how can we be mixed up
|c| speedest sonic|zagrade 10%
|c|☆Upward Trend|Because he plays on your account lmfao
|inactive|Upward Trend has 120 seconds left.
|c| speedest sonic|is that op
|
|t:|1646707742
|switch|p1a: Mandibuzz|Mandibuzz, F|100/100
|switch|p2a: think PINK|Slowking, M|100/100
|
|upkeep
|turn|2
|c|☆pif|i am better than ramo
|c| u're not alone|idk about that
|c|☆Upward Trend|Nah
|c|☆pif|;
|c|☆Upward Trend|ramo better than you
|inactive|pif has 120 seconds left.
|c|☆pif|this chat is not a safe place
|j| SpacialRendevous
|c|☆Upward Trend|Ramoat
|
|t:|1646707773
|move|p1a: Mandibuzz|U-turn|p2a: think PINK
|-supereffective|p2a: think PINK
|-damage|p2a: think PINK|83/100
|
|t:|1646707776
|switch|p1a: Slowbro|Slowbro-Galar, F|100/100|[from]move: U-turn
|move|p2a: think PINK|Scald|p1a: Slowbro
|-damage|p1a: Slowbro|86/100
|
|upkeep
|turn|3
|inactive|pif has 120 seconds left.
|j| itsjustdrew
|
|t:|1646707784
|move|p1a: Slowbro|Shell Side Arm|p2a: think PINK|[anim] Shell Side Arm Special
|-damage|p2a: think PINK|55/100
|-hint|Special Shell Side Arm
|move|p2a: think PINK|Scald|p1a: Slowbro
|-damage|p1a: Slowbro|71/100
|
|upkeep
|turn|4
|j| gringa lover
|
|t:|1646707789
|switch|p2a: hissy wissy|Scrafty, M|100/100
|move|p1a: Slowbro|Shell Side Arm|p2a: hissy wissy|[anim] Shell Side Arm Physical
|-damage|p2a: hissy wissy|70/100
|-hint|Physical Shell Side Arm
|
|-heal|p2a: hissy wissy|76/100|[from] item: Leftovers
|upkeep
|turn|5
|l| itsjustdrew
|
|t:|1646707795
|switch|p1a: Mandibuzz|Mandibuzz, F|100/100
|move|p2a: hissy wissy|Knock Off|p1a: Mandibuzz
|-resisted|p1a: Mandibuzz
|-damage|p1a: Mandibuzz|91/100
|-enditem|p1a: Mandibuzz|Heavy-Duty Boots|[from] move: Knock Off|[of] p2a: hissy wissy
|
|-heal|p2a: hissy wissy|82/100|[from] item: Leftovers
|upkeep
|turn|6
|c| speedest sonic|zygarde good?
|
|t:|1646707803
|move|p1a: Mandibuzz|U-turn|p2a: hissy wissy
|-damage|p2a: hissy wissy|71/100
|
|t:|1646707805
|switch|p1a: Excadrill|Excadrill, F|100/100|[from]move: U-turn
|-ability|p1a: Excadrill|Mold Breaker
|move|p2a: hissy wissy|Drain Punch|p1a: Excadrill
|-supereffective|p1a: Excadrill
|-damage|p1a: Excadrill|35/100
|-heal|p2a: hissy wissy|100/100|[from] drain|[of] p1a: Excadrill
|
|-heal|p1a: Excadrill|41/100|[from] item: Leftovers
|upkeep
|turn|7
|
|t:|1646707810
|move|p1a: Excadrill|Stealth Rock|p2a: hissy wissy
|-sidestart|p2: pif|move: Stealth Rock
|move|p2a: hissy wissy|Drain Punch|p1a: Excadrill
|-supereffective|p1a: Excadrill
|-damage|p1a: Excadrill|0 fnt
|faint|p1a: Excadrill
|
|upkeep
|
|t:|1646707813
|switch|p1a: Keldeo|Keldeo-Resolute|100/100
|turn|8
|
|t:|1646707817
|switch|p2a: funion onion|Celebi|100/100
|-damage|p2a: funion onion|88/100|[from] Stealth Rock
|move|p1a: Keldeo|Secret Sword|p2a: funion onion
|-resisted|p2a: funion onion
|-damage|p2a: funion onion|66/100
|
|-heal|p2a: funion onion|72/100|[from] item: Leftovers
|upkeep
|turn|9
|
|t:|1646707823
|move|p1a: Keldeo|Flip Turn|p2a: funion onion
|-resisted|p2a: funion onion
|-damage|p2a: funion onion|65/100
|l| speedest sonic
|
|t:|1646707824
|switch|p1a: Zarude|Zarude-Dada|100/100|[from]move: Flip Turn
|move|p2a: funion onion|Stealth Rock|p1a: Zarude
|-sidestart|p1: Upward Trend|move: Stealth Rock
|
|-heal|p2a: funion onion|71/100|[from] item: Leftovers
|upkeep
|turn|10
|
|t:|1646707829
|switch|p1a: Zygarde|Zygarde-10%|100/100
|-damage|p1a: Zygarde|94/100|[from] Stealth Rock
|-ability|p1a: Zygarde|Aura Break
|switch|p2a: moltres leche|Moltres|100/100
|
|upkeep
|turn|11
|
|t:|1646707835
|move|p1a: Zygarde|Thousand Arrows|p2a: moltres leche
|-damage|p2a: moltres leche|44/100
|-start|p2a: moltres leche|Smack Down
|move|p2a: moltres leche|Roost|p2a: moltres leche
|-heal|p2a: moltres leche|94/100
|-singleturn|p2a: moltres leche|move: Roost
|
|upkeep
|turn|12
|
|t:|1646707842
|switch|p2a: funion onion|Celebi|71/100
|-damage|p2a: funion onion|59/100|[from] Stealth Rock
|move|p1a: Zygarde|Thousand Arrows|p2a: funion onion
|-resisted|p2a: funion onion
|-crit|p2a: funion onion
|-damage|p2a: funion onion|14/100
|
|-heal|p2a: funion onion|20/100|[from] item: Leftovers
|upkeep
|turn|13
|j| suloxiv ♫
|c| u're not alone|funyun
|
|t:|1646707856
|move|p1a: Zygarde|Thousand Arrows|p2a: funion onion
|-resisted|p2a: funion onion
|-damage|p2a: funion onion|0 fnt
|faint|p2a: funion onion
|
|upkeep
|
|t:|1646707868
|switch|p2a: hissy wissy|Scrafty, M|100/100
|-damage|p2a: hissy wissy|95/100|[from] Stealth Rock
|turn|14
|
|t:|1646707874
|switch|p1a: Keldeo|Keldeo-Resolute|100/100
|-damage|p1a: Keldeo|94/100|[from] Stealth Rock
|move|p2a: hissy wissy|Knock Off|p1a: Keldeo
|-resisted|p1a: Keldeo
|-damage|p1a: Keldeo|78/100
|-ability|p1a: Keldeo|Justified|boost
|-boost|p1a: Keldeo|atk|1
|-enditem|p1a: Keldeo|Leftovers|[from] move: Knock Off|[of] p2a: hissy wissy
|
|-heal|p2a: hissy wissy|100/100|[from] item: Leftovers
|upkeep
|turn|15
|
|t:|1646707882
|switch|p2a: think PINK|Slowking, M|88/100
|-damage|p2a: think PINK|76/100|[from] Stealth Rock
|move|p1a: Keldeo|Secret Sword|p2a: think PINK
|-resisted|p2a: think PINK
|-damage|p2a: think PINK|61/100
|
|upkeep
|turn|16
|
|t:|1646707885
|move|p1a: Keldeo|Toxic|p2a: think PINK
|-status|p2a: think PINK|tox
|move|p2a: think PINK|Psychic|p1a: Keldeo
|-supereffective|p1a: Keldeo
|-damage|p1a: Keldeo|11/100
|
|-damage|p2a: think PINK|55/100 tox|[from] psn
|upkeep
|turn|17
|
|t:|1646707892
|move|p1a: Keldeo|Flip Turn|p2a: think PINK
|-resisted|p2a: think PINK
|-damage|p2a: think PINK|47/100 tox
|
|t:|1646707896
|switch|p1a: Zygarde|Zygarde-10%|94/100|[from]move: Flip Turn
|-damage|p1a: Zygarde|88/100|[from] Stealth Rock
|-ability|p1a: Zygarde|Aura Break
|move|p2a: think PINK|Teleport|p2a: think PINK
|
|t:|1646707900
|switch|p2a: hissy wissy|Scrafty, M|100/100|[from]move: Teleport
|-damage|p2a: hissy wissy|95/100|[from] Stealth Rock
|
|-heal|p2a: hissy wissy|100/100|[from] item: Leftovers
|upkeep
|turn|18
|
|t:|1646707908
|move|p1a: Zygarde|Outrage|p2a: hissy wissy
|-damage|p2a: hissy wissy|24/100
|move|p2a: hissy wissy|Drain Punch|p1a: Zygarde
|-damage|p1a: Zygarde|46/100
|-heal|p2a: hissy wissy|40/100|[from] drain|[of] p1a: Zygarde
|
|-heal|p2a: hissy wissy|46/100|[from] item: Leftovers
|upkeep
|turn|19
|
|t:|1646707919
|switch|p2a: stanky clanky|Registeel|100/100
|-damage|p2a: stanky clanky|94/100|[from] Stealth Rock
|move|p1a: Zygarde|Outrage|p2a: stanky clanky|[from]lockedmove
|-resisted|p2a: stanky clanky
|-damage|p2a: stanky clanky|74/100
|-start|p1a: Zygarde|confusion|[fatigue]
|
|upkeep
|turn|20
|
|t:|1646707923
|switch|p1a: Slowbro|Slowbro-Galar, F|100/100
|-damage|p1a: Slowbro|88/100|[from] Stealth Rock
|move|p2a: stanky clanky|Iron Defense|p2a: stanky clanky
|-boost|p2a: stanky clanky|def|2
|
|upkeep
|turn|21
|
|t:|1646707928
|move|p2a: stanky clanky|Amnesia|p2a: stanky clanky
|-boost|p2a: stanky clanky|spd|2
|move|p1a: Slowbro|Flamethrower|p2a: stanky clanky
|-supereffective|p2a: stanky clanky
|-damage|p2a: stanky clanky|60/100
|
|upkeep
|turn|22
|
|t:|1646707932
|move|p2a: stanky clanky|Amnesia|p2a: stanky clanky
|-boost|p2a: stanky clanky|spd|2
|move|p1a: Slowbro|Flamethrower|p2a: stanky clanky
|-supereffective|p2a: stanky clanky
|-crit|p2a: stanky clanky
|-damage|p2a: stanky clanky|10/100
|
|upkeep
|turn|23
|
|t:|1646707936
|move|p2a: stanky clanky|Rest|p2a: stanky clanky
|-status|p2a: stanky clanky|slp|[from] move: Rest
|-heal|p2a: stanky clanky|100/100 slp|[silent]
|-enditem|p2a: stanky clanky|Chesto Berry|[eat]
|-curestatus|p2a: stanky clanky|slp|[msg]
|move|p1a: Slowbro|Flamethrower|p2a: stanky clanky
|-supereffective|p2a: stanky clanky
|-damage|p2a: stanky clanky|90/100
|
|upkeep
|turn|24
|
|t:|1646707940
|move|p2a: stanky clanky|Iron Defense|p2a: stanky clanky
|-boost|p2a: stanky clanky|def|2
|move|p1a: Slowbro|Flamethrower|p2a: stanky clanky
|-supereffective|p2a: stanky clanky
|-damage|p2a: stanky clanky|80/100
|
|upkeep
|turn|25
|
|t:|1646707943
|move|p2a: stanky clanky|Iron Defense|p2a: stanky clanky
|-boost|p2a: stanky clanky|def|2
|move|p1a: Slowbro|Flamethrower|p2a: stanky clanky
|-supereffective|p2a: stanky clanky
|-damage|p2a: stanky clanky|70/100
|
|upkeep
|turn|26
|
|t:|1646707946
|move|p2a: stanky clanky|Amnesia|p2a: stanky clanky
|-boost|p2a: stanky clanky|spd|2
|move|p1a: Slowbro|Flamethrower|p2a: stanky clanky
|-supereffective|p2a: stanky clanky
|-damage|p2a: stanky clanky|61/100
|
|upkeep
|turn|27
|
|t:|1646707949
|move|p2a: stanky clanky|Body Press|p1a: Slowbro
|-resisted|p1a: Slowbro
|-damage|p1a: Slowbro|58/100
|move|p1a: Slowbro|Flamethrower|p2a: stanky clanky
|-supereffective|p2a: stanky clanky
|-damage|p2a: stanky clanky|53/100
|
|upkeep
|turn|28
|
|t:|1646707954
|move|p2a: stanky clanky|Rest|p2a: stanky clanky
|-status|p2a: stanky clanky|slp|[from] move: Rest
|-heal|p2a: stanky clanky|100/100 slp|[silent]
|move|p1a: Slowbro|Flamethrower|p2a: stanky clanky
|-supereffective|p2a: stanky clanky
|-damage|p2a: stanky clanky|93/100 slp
|
|upkeep
|turn|29
|
|t:|1646707958
|switch|p1a: Zarude|Zarude-Dada|100/100
|cant|p2a: stanky clanky|slp
|
|upkeep
|turn|30
|
|t:|1646707960
|move|p1a: Zarude|Darkest Lariat|p2a: stanky clanky
|-damage|p2a: stanky clanky|72/100 slp
|cant|p2a: stanky clanky|slp
|
|upkeep
|turn|31
|
|t:|1646707963
|move|p1a: Zarude|U-turn|p2a: stanky clanky
|-resisted|p2a: stanky clanky
|-damage|p2a: stanky clanky|70/100 slp
|
|t:|1646707967
|switch|p1a: Slowbro|Slowbro-Galar, F|91/100|[from]move: U-turn
|-damage|p1a: Slowbro|78/100|[from] Stealth Rock
|-curestatus|p2a: stanky clanky|slp|[msg]
|move|p2a: stanky clanky|Body Press|p1a: Slowbro
|-resisted|p1a: Slowbro
|-damage|p1a: Slowbro|49/100
|
|upkeep
|turn|32
|
|t:|1646707970
|move|p2a: stanky clanky|Body Press|p1a: Slowbro
|-resisted|p1a: Slowbro
|-damage|p1a: Slowbro|17/100
|move|p1a: Slowbro|Flamethrower|p2a: stanky clanky
|-supereffective|p2a: stanky clanky
|-damage|p2a: stanky clanky|62/100
|
|upkeep
|turn|33
|
|t:|1646707973
|switch|p1a: Mandibuzz|Mandibuzz, F|91/100
|-damage|p1a: Mandibuzz|66/100|[from] Stealth Rock
|move|p2a: stanky clanky|Body Press|p1a: Mandibuzz
|-crit|p1a: Mandibuzz
|-damage|p1a: Mandibuzz|0 fnt
|faint|p1a: Mandibuzz
|
|upkeep
|
|t:|1646707976
|switch|p1a: Zygarde|Zygarde-10%|46/100
|-damage|p1a: Zygarde|40/100|[from] Stealth Rock
|-ability|p1a: Zygarde|Aura Break
|turn|34
|
|t:|1646707980
|move|p1a: Zygarde|Thousand Arrows|p2a: stanky clanky
|-supereffective|p2a: stanky clanky
|-damage|p2a: stanky clanky|46/100
|move|p2a: stanky clanky|Body Press|p1a: Zygarde
|-damage|p1a: Zygarde|0 fnt
|faint|p1a: Zygarde
|
|upkeep
|
|t:|1646707982
|switch|p1a: Slowbro|Slowbro-Galar, F|50/100
|-damage|p1a: Slowbro|38/100|[from] Stealth Rock
|turn|35
|
|t:|1646707985
|move|p2a: stanky clanky|Body Press|p1a: Slowbro
|-resisted|p1a: Slowbro
|-damage|p1a: Slowbro|6/100
|move|p1a: Slowbro|Flamethrower|p2a: stanky clanky
|-supereffective|p2a: stanky clanky
|-damage|p2a: stanky clanky|38/100
|
|upkeep
|turn|36
|
|t:|1646707988
|move|p2a: stanky clanky|Body Press|p1a: Slowbro
|-resisted|p1a: Slowbro
|-damage|p1a: Slowbro|0 fnt
|faint|p1a: Slowbro
|
|upkeep
|
|t:|1646707989
|switch|p1a: Keldeo|Keldeo-Resolute|11/100
|-damage|p1a: Keldeo|5/100|[from] Stealth Rock
|turn|37
|
|t:|1646707991
|move|p1a: Keldeo|Secret Sword|p2a: stanky clanky
|-supereffective|p2a: stanky clanky
|-damage|p2a: stanky clanky|25/100
|move|p2a: stanky clanky|Body Press|p1a: Keldeo
|-damage|p1a: Keldeo|0 fnt
|faint|p1a: Keldeo
|
|upkeep
|
|t:|1646707993
|switch|p1a: Zarude|Zarude-Dada|100/100
|turn|38
|l| SpacialRendevous
|
|t:|1646707995
|move|p1a: Zarude|Darkest Lariat|p2a: stanky clanky
|-damage|p2a: stanky clanky|4/100
|move|p2a: stanky clanky|Body Press|p1a: Zarude
|-supereffective|p1a: Zarude
|-damage|p1a: Zarude|0 fnt
|faint|p1a: Zarude
|
|win|pif
|raw|Upward Trend's rating: 1405 &rarr; <strong>1399</strong><br />(-6 for losing)
|raw|pif's rating: 1713 &rarr; <strong>1719</strong><br />(+6 for winning)
|c|☆pif|gg
|l|☆Upward Trend
|l| suloxiv ♫
|l| u're not alone
||Ladder isn't responding, score probably updated but might not have (Request timeout).
