|j|☆boeniman
|j|☆SSRW26 Swoosh
|t:|1609884812
|player|p1|boeniman|linebacker|1097
|player|p2|SSRW26 Swoosh|korrina|1134
|teamsize|p1|6
|teamsize|p2|6
|gametype|singles
|gen|8
|tier|[Gen 8] UU
|rated|
|clearpoke
|poke|p1|Tangrowth, F|
|poke|p1|Chansey, F|
|poke|p1|Togekiss, M|
|poke|p1|Celesteela|
|poke|p1|Pyukumuku, F|
|poke|p1|Mew|
|poke|p2|Ninetales-Alola, F|
|poke|p2|Thundurus, M|
|poke|p2|Krookodile, F|
|poke|p2|Gyarados, M|
|poke|p2|Haxorus, F|
|poke|p2|Scizor, F|
|rule|Sleep Clause Mod: Limit one foe put to sleep
|rule|Species Clause: Limit one of each Pokémon
|rule|OHKO Clause: OHKO moves are banned
|rule|Evasion Moves Clause: Evasion moves are banned
|rule|Endless Battle Clause: Forcing endless battles is banned
|rule|HP Percentage Mod: HP is shown in percentages
|rule|Dynamax Clause: You cannot dynamax
|teampreview
|inactive|Battle timer is ON: inactive players will automatically lose when time's up. (requested by SSRW26 Swoosh)
|
|t:|1609884832
|start
|switch|p1a: Mew|Mew|100/100
|switch|p2a: Krookodile|Krookodile, F|100/100
|-ability|p2a: Krookodile|Intimidate|boost
|-unboost|p1a: Mew|atk|1
|turn|1
|
|t:|1609884844
|switch|p1a: Tangrowth|Tangrowth, F|100/100
|move|p2a: Krookodile|Taunt|p1a: Tangrowth
|-start|p1a: Tangrowth|move: Taunt
|
|upkeep
|turn|2
|
|t:|1609884853
|switch|p2a: Scizor|Scizor, F|100/100
|move|p1a: Tangrowth|Knock Off|p2a: Scizor
|-damage|p2a: Scizor|76/100
|-enditem|p2a: Scizor|Metal Coat|[from] move: Knock Off|[of] p1a: Tangrowth
|
|upkeep
|turn|3
|
|t:|1609884864
|switch|p1a: Pyukumuku|Pyukumuku, F|100/100
|move|p2a: Scizor|Knock Off|p1a: Pyukumuku
|-damage|p1a: Pyukumuku|72/100
|-enditem|p1a: Pyukumuku|Leftovers|[from] move: Knock Off|[of] p2a: Scizor
|
|upkeep
|turn|4
|
|t:|1609884872
|switch|p2a: Krookodile|Krookodile, F|100/100
|-ability|p2a: Krookodile|Intimidate|boost
|-unboost|p1a: Pyukumuku|atk|1
|move|p1a: Pyukumuku|Counter||[still]
|-fail|p1a: Pyukumuku
|
|upkeep
|turn|5
|
|t:|1609884876
|move|p2a: Krookodile|Stealth Rock|p1a: Pyukumuku
|-sidestart|p1: boeniman|move: Stealth Rock
|move|p1a: Pyukumuku|Toxic|p2a: Krookodile
|-status|p2a: Krookodile|tox
|
|-damage|p2a: Krookodile|94/100 tox|[from] psn
|upkeep
|turn|6
|
|t:|1609884881
|move|p2a: Krookodile|Knock Off|p1a: Pyukumuku
|-damage|p1a: Pyukumuku|45/100
|move|p1a: Pyukumuku|Swagger|p2a: Krookodile
|-boost|p2a: Krookodile|atk|2
|-start|p2a: Krookodile|confusion
|
|-damage|p2a: Krookodile|82/100 tox|[from] psn
|upkeep
|turn|7
|
|t:|1609884887
|-activate|p2a: Krookodile|confusion
|move|p2a: Krookodile|Taunt|p1a: Pyukumuku
|-start|p1a: Pyukumuku|move: Taunt
|move|p1a: Pyukumuku|Counter||[still]
|-fail|p1a: Pyukumuku
|
|-damage|p2a: Krookodile|64/100 tox|[from] psn
|upkeep
|turn|8
|
|t:|1609884894
|switch|p2a: Thundurus|Thundurus, M, shiny|100/100
|move|p1a: Pyukumuku|Counter||[still]
|-fail|p1a: Pyukumuku
|
|upkeep
|turn|9
|
|t:|1609884908
|switch|p2a: Haxorus|Haxorus, F, shiny|100/100
|-ability|p2a: Haxorus|Mold Breaker
|switch|p1a: Tangrowth|Tangrowth, F|100/100
|-damage|p1a: Tangrowth|88/100|[from] Stealth Rock
|
|upkeep
|turn|10
|
|t:|1609884925
|switch|p2a: Ninetales|Ninetales-Alola, F, shiny|100/100
|-weather|Hail|[from] ability: Snow Warning|[of] p2a: Ninetales
|move|p1a: Tangrowth|Leech Seed|p2a: Ninetales
|-start|p2a: Ninetales|move: Leech Seed
|
|-weather|Hail|[upkeep]
|-damage|p1a: Tangrowth|82/100|[from] Hail
|-damage|p2a: Ninetales|88/100|[from] Leech Seed|[of] p1a: Tangrowth
|-heal|p1a: Tangrowth|93/100|[silent]
|upkeep
|turn|11
|
|t:|1609884946
|switch|p1a: Chansey|Chansey, F|100/100
|-damage|p1a: Chansey|88/100|[from] Stealth Rock
|move|p2a: Ninetales|Aurora Veil|p2a: Ninetales
|-sidestart|p2: SSRW26 Swoosh|move: Aurora Veil
|
|-weather|Hail|[upkeep]
|-damage|p1a: Chansey|82/100|[from] Hail
|-damage|p2a: Ninetales|76/100|[from] Leech Seed|[of] p1a: Chansey
|-heal|p1a: Chansey|88/100|[silent]
|upkeep
|turn|12
|
|t:|1609884952
|move|p2a: Ninetales|Hypnosis|p1a: Chansey
|-status|p1a: Chansey|slp|[from] move: Hypnosis
|cant|p1a: Chansey|slp
|
|-weather|Hail|[upkeep]
|-damage|p1a: Chansey|82/100 slp|[from] Hail
|-damage|p2a: Ninetales|64/100|[from] Leech Seed|[of] p1a: Chansey
|-heal|p1a: Chansey|88/100 slp|[silent]
|upkeep
|turn|13
|
|t:|1609884955
|switch|p2a: Haxorus|Haxorus, F, shiny|100/100
|-ability|p2a: Haxorus|Mold Breaker
|cant|p1a: Chansey|slp
|
|-weather|Hail|[upkeep]
|-damage|p2a: Haxorus|94/100|[from] Hail
|-damage|p1a: Chansey|82/100 slp|[from] Hail
|upkeep
|turn|14
|
|t:|1609884962
|switch|p1a: Togekiss|Togekiss, M|100/100
|move|p2a: Haxorus|Swords Dance|p2a: Haxorus
|-boost|p2a: Haxorus|atk|2
|
|-weather|none
|upkeep
|turn|15
|
|t:|1609884974
|move|p2a: Haxorus|Swords Dance|p2a: Haxorus
|-boost|p2a: Haxorus|atk|2
|move|p1a: Togekiss|Defog|p2a: Haxorus
|-unboost|p2a: Haxorus|evasion|1
|-sideend|p2: SSRW26 Swoosh|move: Aurora Veil
|-sideend|p1: boeniman|Stealth Rock|[from] move: Defog|[of] p1a: Togekiss
|
|upkeep
|turn|16
|
|t:|1609884978
|switch|p1a: Pyukumuku|Pyukumuku, F|45/100
|move|p2a: Haxorus|Poison Jab|p1a: Pyukumuku
|-damage|p1a: Pyukumuku|0 fnt
|faint|p1a: Pyukumuku
|
|upkeep
|
|t:|1609884986
|switch|p1a: Celesteela|Celesteela|100/100
|turn|17
|
|t:|1609884988
|move|p2a: Haxorus|Close Combat|p1a: Celesteela
|-damage|p1a: Celesteela|0 fnt
|-unboost|p2a: Haxorus|def|1
|-unboost|p2a: Haxorus|spd|1
|faint|p1a: Celesteela
|
|upkeep
|
|t:|1609884995
|switch|p1a: Tangrowth|Tangrowth, F|100/100
|turn|18
|
|t:|1609884999
|move|p2a: Haxorus|Poison Jab|p1a: Tangrowth
|-supereffective|p1a: Tangrowth
|-damage|p1a: Tangrowth|6/100
|-damage|p2a: Haxorus|78/100|[from] item: Rocky Helmet|[of] p1a: Tangrowth
|move|p1a: Tangrowth|Leech Seed|p2a: Haxorus
|-start|p2a: Haxorus|move: Leech Seed
|
|-damage|p2a: Haxorus|66/100|[from] Leech Seed|[of] p1a: Tangrowth
|-heal|p1a: Tangrowth|15/100|[silent]
|upkeep
|turn|19
|-message|boeniman forfeited.
|
|win|SSRW26 Swoosh
|l|☆boeniman
