|j|☆TheFlawlessWin
|j|☆uult81x lily
|t:|1621605664
|gametype|singles
|player|p1|TheFlawlessWin|lance|1720
|player|p2|uult81x lily|unknownf|1747
|teamsize|p1|6
|teamsize|p2|6
|gen|8
|tier|[Gen 8] UU
|rated|
|rule|Sleep Clause Mod: Limit one foe put to sleep
|rule|Species Clause: Limit one of each Pokémon
|rule|OHKO Clause: OHKO moves are banned
|rule|Evasion Moves Clause: Evasion moves are banned
|rule|Endless Battle Clause: Forcing endless battles is banned
|rule|HP Percentage Mod: HP is shown in percentages
|rule|Dynamax Clause: You cannot dynamax
|clearpoke
|poke|p1|Tentacruel, F|
|poke|p1|Zarude|
|poke|p1|Kommo-o, M|
|poke|p1|Rotom-Heat|
|poke|p1|Aegislash, M|
|poke|p1|Mamoswine, F|
|poke|p2|Lycanroc-Dusk, M|
|poke|p2|Mew|
|poke|p2|Aegislash, M|
|poke|p2|Zarude-Dada|
|poke|p2|Moltres|
|poke|p2|Nihilego|
|teampreview
|j| UULT81xNalgasUUer
|j| 467 11 11p
|j| uult81x sh
|
|t:|1621605703
|start
|switch|p1a: Aegislash|Aegislash, M|100/100
|switch|p2a: Moltres|Moltres|100/100
|turn|1
|
|t:|1621605711
|switch|p2a: Nihilego|Nihilego|100/100
|switch|p1a: Rotom|Rotom-Heat|100/100
|
|upkeep
|turn|2
|
|t:|1621605718
|switch|p1a: Aegislash|Aegislash, M|100/100
|move|p2a: Nihilego|Stealth Rock|p1a: Aegislash
|-sidestart|p1: TheFlawlessWin|move: Stealth Rock
|
|upkeep
|turn|3
|
|t:|1621605726
|switch|p2a: Zarude|Zarude-Dada|100/100
|-formechange|p1a: Aegislash|Aegislash-Blade||[from] ability: Stance Change
|move|p1a: Aegislash|Close Combat|p2a: Zarude
|-supereffective|p2a: Zarude
|-damage|p2a: Zarude|32/100
|-unboost|p1a: Aegislash|def|1
|-unboost|p1a: Aegislash|spd|1
|
|upkeep
|turn|4
|
|t:|1621605735
|switch|p2a: Moltres|Moltres|100/100
|switch|p1a: Kommo-o|Kommo-o, M|100/100
|-damage|p1a: Kommo-o|94/100|[from] Stealth Rock
|
|upkeep
|turn|5
|
|t:|1621605738
|switch|p1a: Rotom|Rotom-Heat|100/100
|move|p2a: Moltres|Hurricane|p1a: Rotom
|-resisted|p1a: Rotom
|-damage|p1a: Rotom|69/100
|
|upkeep
|turn|6
|
|t:|1621605747
|switch|p2a: Nihilego|Nihilego|100/100
|move|p1a: Rotom|Volt Switch|p2a: Nihilego
|-damage|p2a: Nihilego|82/100
|
|t:|1621605758
|switch|p1a: Aegislash|Aegislash, M|100/100|[from]move: Volt Switch
|-damage|p1a: Aegislash|94/100|[from] Stealth Rock
|
|-heal|p2a: Nihilego|88/100|[from] item: Black Sludge
|-heal|p1a: Aegislash|100/100|[from] item: Leftovers
|upkeep
|turn|7
|
|t:|1621605761
|move|p2a: Nihilego|Protect|p2a: Nihilego
|-singleturn|p2a: Nihilego|Protect
|-formechange|p1a: Aegislash|Aegislash-Blade||[from] ability: Stance Change
|move|p1a: Aegislash|Shadow Ball|p2a: Nihilego
|-activate|p2a: Nihilego|move: Protect
|
|-heal|p2a: Nihilego|94/100|[from] item: Black Sludge
|upkeep
|turn|8
|j| davvip
|
|t:|1621605768
|switch|p2a: Moltres|Moltres|100/100
|-formechange|p1a: Aegislash|Aegislash||[from] ability: Stance Change
|move|p1a: Aegislash|King's Shield||[still]
|-fail|p1a: Aegislash
|
|upkeep
|turn|9
|
|t:|1621605781
|switch|p1a: Rotom|Rotom-Heat|69/100
|move|p2a: Moltres|Flamethrower|p1a: Rotom
|-resisted|p1a: Rotom
|-damage|p1a: Rotom|45/100
|
|upkeep
|turn|10
|j| impactx
|
|t:|1621605787
|switch|p2a: Nihilego|Nihilego|94/100
|move|p1a: Rotom|Pain Split|p2a: Nihilego
|-sethp|p2a: Nihilego|66/100|[from] move: Pain Split|[silent]
|-sethp|p1a: Rotom|78/100|[from] move: Pain Split
|
|-heal|p2a: Nihilego|72/100|[from] item: Black Sludge
|upkeep
|turn|11
|
|t:|1621605802
|switch|p1a: Aegislash|Aegislash, M|100/100
|-damage|p1a: Aegislash|94/100|[from] Stealth Rock
|move|p2a: Nihilego|Power Gem|p1a: Aegislash
|-resisted|p1a: Aegislash
|-damage|p1a: Aegislash|78/100
|
|-heal|p2a: Nihilego|78/100|[from] item: Black Sludge
|-heal|p1a: Aegislash|84/100|[from] item: Leftovers
|upkeep
|turn|12
|
|t:|1621605806
|switch|p2a: Moltres|Moltres|100/100
|switch|p1a: Kommo-o|Kommo-o, M|94/100
|-damage|p1a: Kommo-o|88/100|[from] Stealth Rock
|
|upkeep
|turn|13
|
|t:|1621605811
|switch|p1a: Rotom|Rotom-Heat|78/100
|move|p2a: Moltres|Hurricane|p1a: Rotom|[miss]
|-miss|p2a: Moltres|p1a: Rotom
|
|upkeep
|turn|14
|
|t:|1621605818
|switch|p2a: Nihilego|Nihilego|78/100
|move|p1a: Rotom|Volt Switch|p2a: Nihilego
|-damage|p2a: Nihilego|58/100
|
|t:|1621605823
|switch|p1a: Kommo-o|Kommo-o, M|88/100|[from]move: Volt Switch
|-damage|p1a: Kommo-o|82/100|[from] Stealth Rock
|
|-heal|p2a: Nihilego|64/100|[from] item: Black Sludge
|upkeep
|turn|15
|j|+Drreuniclus3
|
|t:|1621605828
|move|p2a: Nihilego|Sludge Wave|p1a: Kommo-o
|-damage|p1a: Kommo-o|31/100
|move|p1a: Kommo-o|Stealth Rock|p2a: Nihilego
|-sidestart|p2: uult81x lily|move: Stealth Rock
|
|-heal|p2a: Nihilego|70/100|[from] item: Black Sludge
|upkeep
|turn|16
|
|t:|1621605834
|switch|p1a: Aegislash|Aegislash, M|84/100
|-damage|p1a: Aegislash|78/100|[from] Stealth Rock
|move|p2a: Nihilego|Power Gem|p1a: Aegislash
|-resisted|p1a: Aegislash
|-damage|p1a: Aegislash|62/100
|
|-heal|p2a: Nihilego|77/100|[from] item: Black Sludge
|-heal|p1a: Aegislash|69/100|[from] item: Leftovers
|upkeep
|turn|17
|j| uu8 abc
|
|t:|1621605838
|switch|p2a: Moltres|Moltres|100/100
|-formechange|p1a: Aegislash|Aegislash-Blade||[from] ability: Stance Change
|move|p1a: Aegislash|Shadow Ball|p2a: Moltres
|-damage|p2a: Moltres|37/100
|
|-heal|p1a: Aegislash|75/100|[from] item: Leftovers
|upkeep
|turn|18
|j| Can'tFight
|
|t:|1621605847
|switch|p1a: Tentacruel|Tentacruel, F|100/100
|-damage|p1a: Tentacruel|88/100|[from] Stealth Rock
|move|p2a: Moltres|Roost|p2a: Moltres
|-heal|p2a: Moltres|87/100
|-singleturn|p2a: Moltres|move: Roost
|
|-heal|p1a: Tentacruel|94/100|[from] item: Black Sludge
|upkeep
|turn|19
|
|t:|1621605856
|switch|p2a: Aegislash|Aegislash, M|100/100
|-damage|p2a: Aegislash|94/100|[from] Stealth Rock
|move|p1a: Tentacruel|Scald|p2a: Aegislash
|-damage|p2a: Aegislash|80/100
|-status|p2a: Aegislash|brn
|
|-heal|p1a: Tentacruel|99/100|[from] item: Black Sludge
|-heal|p2a: Aegislash|87/100 brn|[from] item: Leftovers
|-damage|p2a: Aegislash|80/100 brn|[from] brn
|upkeep
|turn|20
|
|t:|1621605877
|switch|p1a: Zarude|Zarude|100/100
|-damage|p1a: Zarude|88/100|[from] Stealth Rock
|-formechange|p2a: Aegislash|Aegislash-Blade||[from] ability: Stance Change
|move|p2a: Aegislash|Shadow Ball|p1a: Zarude
|-resisted|p1a: Zarude
|-damage|p1a: Zarude|69/100
|-unboost|p1a: Zarude|spd|1
|
|-heal|p2a: Aegislash|87/100 brn|[from] item: Leftovers
|-damage|p2a: Aegislash|80/100 brn|[from] brn
|upkeep
|turn|21
|
|t:|1621605883
|switch|p1a: Mamoswine|Mamoswine, F|100/100
|-damage|p1a: Mamoswine|88/100|[from] Stealth Rock
|-formechange|p2a: Aegislash|Aegislash||[from] ability: Stance Change
|move|p2a: Aegislash|King's Shield||[still]
|-fail|p2a: Aegislash
|
|-heal|p2a: Aegislash|87/100 brn|[from] item: Leftovers
|-damage|p2a: Aegislash|80/100 brn|[from] brn
|upkeep
|turn|22
|
|t:|1621605898
|switch|p2a: Mew|Mew|100/100
|move|p1a: Mamoswine|Icicle Crash|p2a: Mew
|-damage|p2a: Mew|49/100
|-damage|p1a: Mamoswine|78/100|[from] item: Life Orb
|
|upkeep
|turn|23
|
|t:|1621605905
|move|p2a: Mew|Soft-Boiled|p2a: Mew
|-heal|p2a: Mew|99/100
|move|p1a: Mamoswine|Knock Off|p2a: Mew
|-supereffective|p2a: Mew
|-damage|p2a: Mew|19/100
|-enditem|p2a: Mew|Heavy-Duty Boots|[from] move: Knock Off|[of] p1a: Mamoswine
|-damage|p1a: Mamoswine|68/100|[from] item: Life Orb
|
|upkeep
|turn|24
|
|t:|1621605913
|move|p1a: Mamoswine|Ice Shard|p2a: Mew
|-damage|p2a: Mew|0 fnt
|faint|p2a: Mew
|-damage|p1a: Mamoswine|58/100|[from] item: Life Orb
|
|upkeep
|l| UULT81xNalgasUUer
|
|t:|1621605962
|switch|p2a: Nihilego|Nihilego|77/100
|-damage|p2a: Nihilego|64/100|[from] Stealth Rock
|turn|25
|
|t:|1621605982
|switch|p1a: Aegislash|Aegislash, M|75/100
|-damage|p1a: Aegislash|69/100|[from] Stealth Rock
|move|p2a: Nihilego|Power Gem|p1a: Aegislash
|-resisted|p1a: Aegislash
|-damage|p1a: Aegislash|53/100
|
|-heal|p2a: Nihilego|70/100|[from] item: Black Sludge
|-heal|p1a: Aegislash|60/100|[from] item: Leftovers
|upkeep
|turn|26
|n| osijdfosji|drreuniclus3
|
|t:|1621605990
|switch|p2a: Zarude|Zarude-Dada|32/100
|-formechange|p1a: Aegislash|Aegislash-Blade||[from] ability: Stance Change
|move|p1a: Aegislash|Shadow Ball|p2a: Zarude
|-resisted|p2a: Zarude
|-damage|p2a: Zarude|6/100
|
|-heal|p1a: Aegislash|66/100|[from] item: Leftovers
|upkeep
|turn|27
|
|t:|1621606012
|switch|p1a: Kommo-o|Kommo-o, M|31/100
|-damage|p1a: Kommo-o|25/100|[from] Stealth Rock
|move|p2a: Zarude|Jungle Healing|p2a: Zarude
|-heal|p2a: Zarude|31/100
|
|upkeep
|turn|28
|
|t:|1621606019
|switch|p2a: Moltres|Moltres|87/100
|move|p1a: Kommo-o|Toxic|p2a: Moltres
|-status|p2a: Moltres|tox
|
|-damage|p2a: Moltres|81/100 tox|[from] psn
|upkeep
|turn|29
|
|t:|1621606032
|switch|p1a: Rotom|Rotom-Heat|78/100
|move|p2a: Moltres|Flamethrower|p1a: Rotom
|-resisted|p1a: Rotom
|-damage|p1a: Rotom|54/100
|
|-damage|p2a: Moltres|68/100 tox|[from] psn
|upkeep
|turn|30
|
|t:|1621606039
|move|p2a: Moltres|Roost|p2a: Moltres
|-heal|p2a: Moltres|100/100 tox
|-singleturn|p2a: Moltres|move: Roost
|move|p1a: Rotom|Volt Switch|p2a: Moltres
|-damage|p2a: Moltres|69/100 tox
|
|t:|1621606046
|switch|p1a: Tentacruel|Tentacruel, F|99/100|[from]move: Volt Switch
|-damage|p1a: Tentacruel|88/100|[from] Stealth Rock
|
|-heal|p1a: Tentacruel|94/100|[from] item: Black Sludge
|-damage|p2a: Moltres|50/100 tox|[from] psn
|upkeep
|turn|31
|
|t:|1621606052
|switch|p2a: Aegislash|Aegislash, M|80/100 brn
|-damage|p2a: Aegislash|74/100 brn|[from] Stealth Rock
|move|p1a: Tentacruel|Scald|p2a: Aegislash
|-damage|p2a: Aegislash|60/100 brn
|
|-heal|p1a: Tentacruel|99/100|[from] item: Black Sludge
|-heal|p2a: Aegislash|66/100 brn|[from] item: Leftovers
|-damage|p2a: Aegislash|60/100 brn|[from] brn
|upkeep
|turn|32
|
|t:|1621606060
|switch|p1a: Kommo-o|Kommo-o, M|25/100
|-damage|p1a: Kommo-o|19/100|[from] Stealth Rock
|-formechange|p2a: Aegislash|Aegislash-Blade||[from] ability: Stance Change
|move|p2a: Aegislash|Shadow Ball|p1a: Kommo-o
|-immune|p1a: Kommo-o|[from] ability: Bulletproof
|
|-heal|p2a: Aegislash|66/100 brn|[from] item: Leftovers
|-damage|p2a: Aegislash|60/100 brn|[from] brn
|upkeep
|turn|33
|j|+gorex
|
|t:|1621606072
|switch|p2a: Moltres|Moltres|50/100 tox
|move|p1a: Kommo-o|Earthquake|p2a: Moltres
|-immune|p2a: Moltres
|
|-damage|p2a: Moltres|44/100 tox|[from] psn
|upkeep
|turn|34
|c|+gorex|hey lily!
|
|t:|1621606077
|switch|p1a: Tentacruel|Tentacruel, F|99/100
|-damage|p1a: Tentacruel|88/100|[from] Stealth Rock
|move|p2a: Moltres|Hurricane|p1a: Tentacruel
|-damage|p1a: Tentacruel|44/100
|
|-heal|p1a: Tentacruel|50/100|[from] item: Black Sludge
|-damage|p2a: Moltres|31/100 tox|[from] psn
|upkeep
|turn|35
|
|t:|1621606086
|switch|p2a: Aegislash|Aegislash, M|60/100 brn
|-damage|p2a: Aegislash|54/100 brn|[from] Stealth Rock
|move|p1a: Tentacruel|Scald|p2a: Aegislash
|-damage|p2a: Aegislash|38/100 brn
|
|-heal|p1a: Tentacruel|56/100|[from] item: Black Sludge
|-heal|p2a: Aegislash|44/100 brn|[from] item: Leftovers
|-damage|p2a: Aegislash|38/100 brn|[from] brn
|upkeep
|turn|36
|
|t:|1621606096
|switch|p1a: Kommo-o|Kommo-o, M|19/100
|-damage|p1a: Kommo-o|13/100|[from] Stealth Rock
|-formechange|p2a: Aegislash|Aegislash-Blade||[from] ability: Stance Change
|move|p2a: Aegislash|Flash Cannon|p1a: Kommo-o
|-damage|p1a: Kommo-o|0 fnt
|faint|p1a: Kommo-o
|
|-heal|p2a: Aegislash|44/100 brn|[from] item: Leftovers
|-damage|p2a: Aegislash|38/100 brn|[from] brn
|upkeep
|c| osijdfosji|gorex r u ru council
|
|t:|1621606104
|switch|p1a: Mamoswine|Mamoswine, F|58/100
|-damage|p1a: Mamoswine|46/100|[from] Stealth Rock
|turn|37
|c|+gorex|no ._.
|c| osijdfosji|or just mod
|c| osijdfosji|ok
|c| 467 11 11p|.-.
|c| 467 11 11p|gonoob
|c|+gorex|fatniel!
|c| 467 11 11p|:heart:
|c| osijdfosji|I was going to tell you to ban screens
|
|t:|1621606128
|move|p1a: Mamoswine|Earthquake|p2a: Aegislash
|-supereffective|p2a: Aegislash
|-damage|p2a: Aegislash|0 fnt
|faint|p2a: Aegislash
|-damage|p1a: Mamoswine|36/100|[from] item: Life Orb
|
|upkeep
|c|+gorex|:heart:
|c|+gorex|yea screens is annoying
|
|t:|1621606149
|switch|p2a: Nihilego|Nihilego|70/100
|-damage|p2a: Nihilego|58/100|[from] Stealth Rock
|turn|38
|
|t:|1621606158
|switch|p1a: Aegislash|Aegislash, M|66/100
|-damage|p1a: Aegislash|60/100|[from] Stealth Rock
|move|p2a: Nihilego|Power Gem|p1a: Aegislash
|-resisted|p1a: Aegislash
|-damage|p1a: Aegislash|43/100
|
|-heal|p2a: Nihilego|64/100|[from] item: Black Sludge
|-heal|p1a: Aegislash|49/100|[from] item: Leftovers
|upkeep
|turn|39
|
|t:|1621606168
|move|p2a: Nihilego|Power Gem|p1a: Aegislash
|-resisted|p1a: Aegislash
|-damage|p1a: Aegislash|33/100
|-formechange|p1a: Aegislash|Aegislash-Blade||[from] ability: Stance Change
|move|p1a: Aegislash|Shadow Ball|p2a: Nihilego
|-damage|p2a: Nihilego|30/100
|-unboost|p2a: Nihilego|spd|1
|
|-heal|p2a: Nihilego|36/100|[from] item: Black Sludge
|-heal|p1a: Aegislash|39/100|[from] item: Leftovers
|upkeep
|turn|40
|
|t:|1621606174
|switch|p2a: Zarude|Zarude-Dada|31/100
|move|p1a: Aegislash|Shadow Ball|p2a: Zarude
|-resisted|p2a: Zarude
|-crit|p2a: Zarude
|-damage|p2a: Zarude|0 fnt
|faint|p2a: Zarude
|
|-heal|p1a: Aegislash|45/100|[from] item: Leftovers
|upkeep
|
|t:|1621606177
|switch|p2a: Moltres|Moltres|31/100 tox
|turn|41
|c| uult81x sh|omg gorex
|c| uult81x sh|big fan
|
|t:|1621606191
|switch|p1a: Tentacruel|Tentacruel, F|56/100
|-damage|p1a: Tentacruel|44/100|[from] Stealth Rock
|move|p2a: Moltres|Roost|p2a: Moltres
|-heal|p2a: Moltres|81/100 tox
|-singleturn|p2a: Moltres|move: Roost
|
|-heal|p1a: Tentacruel|50/100|[from] item: Black Sludge
|-damage|p2a: Moltres|75/100 tox|[from] psn
|upkeep
|turn|42
|
|t:|1621606196
|move|p1a: Tentacruel|Rapid Spin|p2a: Moltres
|-damage|p2a: Moltres|66/100 tox
|-boost|p1a: Tentacruel|spe|1
|-sideend|p1: TheFlawlessWin|Stealth Rock|[from] move: Rapid Spin|[of] p1a: Tentacruel
|move|p2a: Moltres|Hurricane|p1a: Tentacruel|[miss]
|-miss|p2a: Moltres|p1a: Tentacruel
|
|-heal|p1a: Tentacruel|56/100|[from] item: Black Sludge
|-damage|p2a: Moltres|54/100 tox|[from] psn
|upkeep
|turn|43
|
|t:|1621606203
|move|p1a: Tentacruel|Scald|p2a: Moltres
|-supereffective|p2a: Moltres
|-damage|p2a: Moltres|0 fnt
|faint|p2a: Moltres
|
|-heal|p1a: Tentacruel|62/100|[from] item: Black Sludge
|upkeep
|
|t:|1621606214
|switch|p2a: Lycanroc|Lycanroc-Dusk, M|100/100
|-damage|p2a: Lycanroc|88/100|[from] Stealth Rock
|turn|44
|
|t:|1621606218
|move|p2a: Lycanroc|Accelerock|p1a: Tentacruel
|-damage|p1a: Tentacruel|20/100
|-damage|p2a: Lycanroc|78/100|[from] item: Life Orb
|move|p1a: Tentacruel|Scald|p2a: Lycanroc
|-supereffective|p2a: Lycanroc
|-damage|p2a: Lycanroc|4/100
|
|-heal|p1a: Tentacruel|26/100|[from] item: Black Sludge
|upkeep
|turn|45
|-message|uult81x lily forfeited.
|
|win|TheFlawlessWin
|l|☆uult81x lily
|raw|TheFlawlessWin's rating: 1720 &rarr; <strong>1742</strong><br />(+22 for winning)
|raw|uult81x lily's rating: 1747 &rarr; <strong>1725</strong><br />(-22 for losing)
|l| impactx
|j| NastyPlotAmoongus
|l| osijdfosji
|l| davvip
|l| uu8 abc
|l|+gorex
||Ladder isn't responding, score probably updated but might not have (Request timeout).
