|j|☆Ramolost
|j|☆naviii 1
|t:|1602581137
|player|p1|Ramolost|266|1799
|player|p2|naviii 1|brendan-gen3rs|1707
|teamsize|p1|6
|teamsize|p2|6
|gametype|singles
|gen|8
|tier|[Gen 8] UU
|rated|
|clearpoke
|poke|p1|Heliolisk, M|
|poke|p1|Cobalion|
|poke|p1|Slowbro-Galar, M|
|poke|p1|Sylveon, M|
|poke|p1|Incineroar, M|
|poke|p1|Golisopod, F|
|poke|p2|Barbaracle, M|
|poke|p2|Slowbro-Galar, M|
|poke|p2|Sharpedo, M|
|poke|p2|Mimikyu, M|
|poke|p2|Noivern, M|
|poke|p2|Necrozma|
|rule|Sleep Clause Mod: Limit one foe put to sleep
|rule|Species Clause: Limit one of each Pokémon
|rule|OHKO Clause: OHKO moves are banned
|rule|Evasion Moves Clause: Evasion moves are banned
|rule|Endless Battle Clause: Forcing endless battles is banned
|rule|HP Percentage Mod: HP is shown in percentages
|rule|Dynamax Clause: You cannot dynamax
|teampreview
|inactive|Battle timer is ON: inactive players will automatically lose when time's up. (requested by naviii 1)
|j| Andresa<3
|c|☆Ramolost|hf
|c|☆naviii 1|hf
|inactive|Ramolost has 120 seconds left.
|inactive|naviii 1 has 120 seconds left.
|c| Andresa<3|Now this is a game I want to see
|c|☆Ramolost|lol this is what i used for snake
|c|☆Ramolost|isnt it
|c|☆naviii 1|idk
|c|☆naviii 1|i saw christo using it
|c|☆Ramolost|y
|inactive|naviii 1 has 90 seconds left.
|
|t:|1602581204
|start
|switch|p1a: L'Homme Invisible|Heliolisk, M|100/100
|switch|p2a: Purp|Noivern, M|100/100
|turn|1
|c| Andresa<3|When is next tour ? Can I participate ?
|c|☆naviii 1|isk
|c|☆naviii 1|idk*
|
|t:|1602581230
|switch|p1a: Les Pays Lointains|Slowbro-Galar, M, shiny|100/100
|move|p2a: Purp|U-turn|p1a: Les Pays Lointains
|-damage|p1a: Les Pays Lointains|91/100
|inactive|naviii 1 has 120 seconds left.
|c|☆Ramolost|you shouldnt steal teams tho stolen teams are never as good as the original teams
|inactive|naviii 1 has 90 seconds left.
|c|☆naviii 1|seemed like a fun team
|inactive|naviii 1 has 60 seconds left.
|
|t:|1602581314
|switch|p2a: Yogurt|Slowbro-Galar, M|100/100|[from]move: U-turn
|
|upkeep
|turn|2
|
|t:|1602581322
|switch|p1a: Mon Coeur Balance|Incineroar, M|100/100
|-ability|p1a: Mon Coeur Balance|Intimidate|boost
|-unboost|p2a: Yogurt|atk|1
|move|p2a: Yogurt|Nasty Plot|p2a: Yogurt
|-boost|p2a: Yogurt|spa|2
|
|upkeep
|turn|3
|c|☆Ramolost|its a fun team
|inactive|naviii 1 has 60 seconds left.
|
|t:|1602581339
|move|p1a: Mon Coeur Balance|Knock Off|p2a: Yogurt
|-supereffective|p2a: Yogurt
|-damage|p2a: Yogurt|33/100
|-enditem|p2a: Yogurt|Quick Claw|[from] move: Knock Off|[of] p1a: Mon Coeur Balance
|move|p2a: Yogurt|Sludge Bomb|p1a: Mon Coeur Balance
|-damage|p1a: Mon Coeur Balance|35/100
|
|upkeep
|turn|4
|inactive|naviii 1 has 60 seconds left.
|
|t:|1602581346
|move|p1a: Mon Coeur Balance|Knock Off|p2a: Yogurt
|-supereffective|p2a: Yogurt
|-damage|p2a: Yogurt|0 fnt
|faint|p2a: Yogurt
|
|upkeep
|inactive|naviii 1 has 60 seconds left.
|
|t:|1602581351
|switch|p2a: Monstrosity|Barbaracle, M|100/100
|turn|5
|
|t:|1602581358
|move|p2a: Monstrosity|Earthquake|p1a: Mon Coeur Balance
|-supereffective|p1a: Mon Coeur Balance
|-damage|p1a: Mon Coeur Balance|0 fnt
|faint|p1a: Mon Coeur Balance
|
|upkeep
|
|t:|1602581361
|switch|p1a: L'Homme Invisible|Heliolisk, M|100/100
|turn|6
|
|t:|1602581372
|move|p1a: L'Homme Invisible|Volt Switch|p2a: Monstrosity
|-supereffective|p2a: Monstrosity
|-damage|p2a: Monstrosity|5/100
|
|t:|1602581379
|switch|p1a: Copenhague|Golisopod, F|100/100|[from]move: Volt Switch
|move|p2a: Monstrosity|Stone Edge|p1a: Copenhague|[miss]
|-miss|p2a: Monstrosity|p1a: Copenhague
|
|upkeep
|turn|7
|c|☆naviii 1|lol
|
|t:|1602581388
|switch|p2a: Purp|Noivern, M|100/100
|move|p1a: Copenhague|First Impression|p2a: Purp
|-resisted|p2a: Purp
|-damage|p2a: Purp|69/100
|
|upkeep
|turn|8
|j| Sniiivyyyy❤❤❤
|
|t:|1602581393
|switch|p1a: Les Pays Lointains|Slowbro-Galar, M, shiny|100/100
|move|p2a: Purp|U-turn|p1a: Les Pays Lointains
|-damage|p1a: Les Pays Lointains|91/100
|inactive|naviii 1 has 90 seconds left.
|
|t:|1602581414
|switch|p2a: Chrome|Necrozma|100/100|[from]move: U-turn
|
|upkeep
|turn|9
|
|t:|1602581431
|move|p2a: Chrome|Dragon Dance|p2a: Chrome
|-boost|p2a: Chrome|atk|1
|-boost|p2a: Chrome|spe|1
|move|p1a: Les Pays Lointains|Shell Side Arm|p2a: Chrome
|-damage|p2a: Chrome|60/100
|-hint|Special Shell Side Arm
|
|upkeep
|turn|10
|inactive|naviii 1 has 90 seconds left.
|
|t:|1602581454
|move|p2a: Chrome|Earthquake|p1a: Les Pays Lointains
|-supereffective|p1a: Les Pays Lointains
|-damage|p1a: Les Pays Lointains|10/100
|move|p1a: Les Pays Lointains|Shell Side Arm|p2a: Chrome
|-crit|p2a: Chrome
|-damage|p2a: Chrome|3/100
|-hint|Special Shell Side Arm
|
|upkeep
|turn|11
|
|t:|1602581466
|move|p2a: Chrome|Photon Geyser|p1a: Les Pays Lointains
|-damage|p1a: Les Pays Lointains|0 fnt
|faint|p1a: Les Pays Lointains
|
|upkeep
|
|t:|1602581471
|switch|p1a: Copenhague|Golisopod, F|100/100
|turn|12
|
|t:|1602581490
|move|p1a: Copenhague|First Impression|p2a: Chrome
|-supereffective|p2a: Chrome
|-damage|p2a: Chrome|0 fnt
|faint|p2a: Chrome
|
|upkeep
|
|t:|1602581495
|switch|p2a: Purp|Noivern, M|69/100
|turn|13
|
|t:|1602581498
|switch|p1a: Le Jardin Anglais|Sylveon, M, shiny|100/100
|move|p2a: Purp|U-turn|p1a: Le Jardin Anglais
|-resisted|p1a: Le Jardin Anglais
|-damage|p1a: Le Jardin Anglais|94/100
|
|t:|1602581517
|switch|p2a: Fears|Mimikyu, M|100/100|[from]move: U-turn
|
|-heal|p1a: Le Jardin Anglais|99/100|[from] item: Leftovers
|upkeep
|turn|14
|inactive|naviii 1 has 90 seconds left.
|
|t:|1602581541
|switch|p2a: Purp|Noivern, M|69/100
|switch|p1a: Entre Nous|Cobalion|100/100
|
|upkeep
|turn|15
|
|t:|1602581547
|switch|p1a: Le Jardin Anglais|Sylveon, M, shiny|99/100
|move|p2a: Purp|Hurricane|p1a: Le Jardin Anglais
|-damage|p1a: Le Jardin Anglais|42/100
|-start|p1a: Le Jardin Anglais|confusion
|
|-heal|p1a: Le Jardin Anglais|48/100|[from] item: Leftovers
|upkeep
|turn|16
|
|t:|1602581552
|move|p2a: Purp|Hurricane|p1a: Le Jardin Anglais
|-damage|p1a: Le Jardin Anglais|0 fnt
|faint|p1a: Le Jardin Anglais
|
|upkeep
|
|t:|1602581554
|switch|p1a: L'Homme Invisible|Heliolisk, M|100/100
|turn|17
|
|t:|1602581558
|switch|p2a: Monstrosity|Barbaracle, M|5/100
|move|p1a: L'Homme Invisible|Glare|p2a: Monstrosity
|-status|p2a: Monstrosity|par
|
|upkeep
|turn|18
|
|t:|1602581568
|move|p1a: L'Homme Invisible|Hyper Voice|p2a: Monstrosity
|-resisted|p2a: Monstrosity
|-damage|p2a: Monstrosity|0 fnt
|faint|p2a: Monstrosity
|
|upkeep
|inactive|naviii 1 has 120 seconds left.
|inactive|naviii 1 has 90 seconds left.
|inactive|naviii 1 has 60 seconds left.
|
|t:|1602581642
|switch|p2a: Purp|Noivern, M|69/100
|turn|19
|inactive|naviii 1 has 60 seconds left.
|
|t:|1602581653
|switch|p1a: Copenhague|Golisopod, F|100/100
|move|p2a: Purp|Draco Meteor|p1a: Copenhague
|-damage|p1a: Copenhague|8/100
|-unboost|p2a: Purp|spa|2
|-activate|p1a: Copenhague|ability: Emergency Exit
|
|t:|1602581656
|switch|p1a: L'Homme Invisible|Heliolisk, M|100/100
|
|upkeep
|turn|20
|
|t:|1602581661
|switch|p2a: Fears|Mimikyu, M|100/100
|move|p1a: L'Homme Invisible|Volt Switch|p2a: Fears
|-activate|p2a: Fears|ability: Disguise
|-damage|p2a: Fears|100/100
|detailschange|p2a: Fears|Mimikyu-Busted, M
|-damage|p2a: Fears|88/100|[from] pokemon: Mimikyu-Busted
|
|t:|1602581671
|switch|p1a: Entre Nous|Cobalion|100/100|[from]move: Volt Switch
|
|upkeep
|turn|21
|
|t:|1602581675
|move|p2a: Fears|Shadow Sneak|p1a: Entre Nous
|-damage|p1a: Entre Nous|81/100
|-damage|p2a: Fears|78/100|[from] item: Life Orb
|move|p1a: Entre Nous|Stealth Rock|p2a: Fears
|-sidestart|p2: naviii 1|move: Stealth Rock
|
|upkeep
|turn|22
|
|t:|1602581680
|move|p2a: Fears|Shadow Sneak|p1a: Entre Nous
|-damage|p1a: Entre Nous|63/100
|-damage|p2a: Fears|68/100|[from] item: Life Orb
|move|p1a: Entre Nous|Iron Head|p2a: Fears
|-supereffective|p2a: Fears
|-damage|p2a: Fears|0 fnt
|faint|p2a: Fears
|
|upkeep
|c|☆Ramolost|gg
|inactive|naviii 1 has 90 seconds left.
|c|☆naviii 1|i cant remember
|c|☆naviii 1|if u were chople
|c|☆Ramolost|i am
|inactive|naviii 1 has 60 seconds left.
|inactive|naviii 1 has 30 seconds left.
|
|t:|1602581762
|switch|p2a: JAWS|Sharpedo, M|100/100
|-damage|p2a: JAWS|88/100|[from] Stealth Rock
|turn|23
|inactive|naviii 1 has 30 seconds left.
|
|t:|1602581767
|move|p2a: JAWS|Protect|p2a: JAWS
|-singleturn|p2a: JAWS|Protect
|move|p1a: Entre Nous|Close Combat|p2a: JAWS
|-activate|p2a: JAWS|move: Protect
|
|-ability|p2a: JAWS|Speed Boost|boost
|-boost|p2a: JAWS|spe|1
|upkeep
|turn|24
|
|t:|1602581771
|move|p2a: JAWS|Close Combat|p1a: Entre Nous
|-supereffective|p1a: Entre Nous
|-damage|p1a: Entre Nous|0 fnt
|-unboost|p2a: JAWS|def|1
|-unboost|p2a: JAWS|spd|1
|-damage|p2a: JAWS|78/100|[from] item: Life Orb
|faint|p1a: Entre Nous
|
|-ability|p2a: JAWS|Speed Boost|boost
|-boost|p2a: JAWS|spe|1
|upkeep
|c|☆naviii 1|gg
|-message|Ramolost forfeited.
|
|win|naviii 1
|l|☆Ramolost
|raw|Ramolost's rating: 1799 &rarr; <strong>1774</strong><br />(-25 for losing)
|raw|naviii 1's rating: 1707 &rarr; <strong>1733</strong><br />(+26 for winning)
