|j|☆Temporelranger
|j|☆gogole2021
|t:|1632936371
|gametype|singles
|player|p1|Temporelranger|99|1335
|player|p2|gogole2021|rood|1277
|teamsize|p1|6
|teamsize|p2|6
|gen|8
|tier|[Gen 8] UU
|rated|
|rule|Sleep Clause Mod: Limit one foe put to sleep
|rule|Species Clause: Limit one of each Pokémon
|rule|OHKO Clause: OHKO moves are banned
|rule|Evasion Moves Clause: Evasion moves are banned
|rule|Endless Battle Clause: Forcing endless battles is banned
|rule|HP Percentage Mod: HP is shown in percentages
|rule|Dynamax Clause: You cannot dynamax
|clearpoke
|poke|p1|Torkoal, M|
|poke|p1|Volcanion|
|poke|p1|Leafeon, M|
|poke|p1|Venusaur, F|
|poke|p1|Darmanitan, F|
|poke|p1|Incineroar, M|
|poke|p2|Mamoswine, F|
|poke|p2|Keldeo-Resolute|
|poke|p2|Rotom-Heat|
|poke|p2|Roserade, F|
|poke|p2|Jirachi|
|poke|p2|Tapu Bulu|
|teampreview
|c|☆gogole2021|oh sun
|c|☆gogole2021|gl
|c|☆Temporelranger|glhf
|
|t:|1632936410
|start
|switch|p1a: Torkoal|Torkoal, M|100/100
|switch|p2a: Mamoswine|Mamoswine, F|100/100
|-weather|SunnyDay|[from] ability: Drought|[of] p1a: Torkoal
|turn|1
|
|t:|1632936416
|move|p2a: Mamoswine|Earthquake|p1a: Torkoal
|-supereffective|p1a: Torkoal
|-damage|p1a: Torkoal|0 fnt
|faint|p1a: Torkoal
|-damage|p2a: Mamoswine|91/100|[from] item: Life Orb
|
|-weather|SunnyDay|[upkeep]
|upkeep
|
|t:|1632936423
|switch|p1a: Venusaur|Venusaur, F|100/100
|turn|2
|
|t:|1632936430
|move|p1a: Venusaur|Weather Ball|p2a: Mamoswine
|-supereffective|p2a: Mamoswine
|-damage|p2a: Mamoswine|18/100
|move|p2a: Mamoswine|Icicle Crash|p1a: Venusaur|[miss]
|-miss|p2a: Mamoswine|p1a: Venusaur
|
|-weather|SunnyDay|[upkeep]
|upkeep
|turn|3
|
|t:|1632936438
|switch|p2a: Rotom|Rotom-Heat|100/100
|move|p1a: Venusaur|Giga Drain|p2a: Rotom
|-resisted|p2a: Rotom
|-damage|p2a: Rotom|82/100
|
|-weather|SunnyDay|[upkeep]
|upkeep
|turn|4
|
|t:|1632936447
|switch|p1a: Incineroar|Incineroar, M|100/100
|-ability|p1a: Incineroar|Intimidate|boost
|-unboost|p2a: Rotom|atk|1
|move|p2a: Rotom|Overheat|p1a: Incineroar
|-resisted|p1a: Incineroar
|-damage|p1a: Incineroar|66/100
|-unboost|p2a: Rotom|spa|2
|
|-weather|SunnyDay|[upkeep]
|upkeep
|turn|5
|
|t:|1632936463
|move|p2a: Rotom|Volt Switch|p1a: Incineroar
|-damage|p1a: Incineroar|55/100
|
|t:|1632936469
|switch|p2a: Mamoswine|Mamoswine, F|18/100|[from]move: Volt Switch
|move|p1a: Incineroar|Parting Shot|p2a: Mamoswine
|-unboost|p2a: Mamoswine|atk|1
|-unboost|p2a: Mamoswine|spa|1
|
|t:|1632936474
|switch|p1a: Darmanitan|Darmanitan, F|100/100|[from]move: Parting Shot
|
|-weather|SunnyDay|[upkeep]
|upkeep
|turn|6
|
|t:|1632936492
|move|p2a: Mamoswine|Ice Shard|p1a: Darmanitan
|-resisted|p1a: Darmanitan
|-damage|p1a: Darmanitan|85/100
|-damage|p2a: Mamoswine|8/100|[from] item: Life Orb
|move|p1a: Darmanitan|Flare Blitz|p2a: Mamoswine
|-supereffective|p2a: Mamoswine
|-damage|p2a: Mamoswine|0 fnt
|faint|p2a: Mamoswine
|-damage|p1a: Darmanitan|82/100|[from] Recoil
|
|-weather|SunnyDay|[upkeep]
|upkeep
|
|t:|1632936501
|switch|p2a: Keldeo|Keldeo-Resolute|100/100
|turn|7
|
|t:|1632936505
|move|p1a: Darmanitan|Flare Blitz|p2a: Keldeo
|-resisted|p2a: Keldeo
|-damage|p2a: Keldeo|17/100
|-damage|p1a: Darmanitan|57/100|[from] Recoil
|move|p2a: Keldeo|Scald|p1a: Darmanitan
|-supereffective|p1a: Darmanitan
|-damage|p1a: Darmanitan|0 fnt
|faint|p1a: Darmanitan
|-damage|p2a: Keldeo|7/100|[from] item: Life Orb
|
|-weather|SunnyDay|[upkeep]
|upkeep
|
|t:|1632936512
|switch|p1a: Venusaur|Venusaur, F|100/100
|turn|8
|
|t:|1632936518
|move|p1a: Venusaur|Weather Ball|p2a: Keldeo
|-resisted|p2a: Keldeo
|-damage|p2a: Keldeo|0 fnt
|faint|p2a: Keldeo
|
|-weather|none
|upkeep
|
|t:|1632936526
|switch|p2a: Rotom|Rotom-Heat|82/100
|turn|9
|
|t:|1632936531
|move|p2a: Rotom|Volt Switch|p1a: Venusaur
|-resisted|p1a: Venusaur
|-damage|p1a: Venusaur|87/100
|
|t:|1632936534
|switch|p2a: Roserade|Roserade, F|100/100|[from]move: Volt Switch
|move|p1a: Venusaur|Sludge Bomb|p2a: Roserade
|-damage|p2a: Roserade|69/100
|
|-heal|p1a: Venusaur|93/100|[from] item: Black Sludge
|upkeep
|turn|10
|
|t:|1632936544
|move|p1a: Venusaur|Growth|p1a: Venusaur
|-boost|p1a: Venusaur|atk|1
|-boost|p1a: Venusaur|spa|1
|move|p2a: Roserade|Sludge Bomb|p1a: Venusaur
|-damage|p1a: Venusaur|35/100
|
|-heal|p1a: Venusaur|41/100|[from] item: Black Sludge
|upkeep
|turn|11
|
|t:|1632936554
|move|p1a: Venusaur|Sludge Bomb|p2a: Roserade
|-damage|p2a: Roserade|24/100
|move|p2a: Roserade|Sludge Bomb|p1a: Venusaur
|-damage|p1a: Venusaur|0 fnt
|faint|p1a: Venusaur
|
|upkeep
|
|t:|1632936562
|switch|p1a: Incineroar|Incineroar, M|55/100
|-ability|p1a: Incineroar|Intimidate|boost
|-unboost|p2a: Roserade|atk|1
|turn|12
|
|t:|1632936569
|move|p1a: Incineroar|Fake Out|p2a: Roserade
|-damage|p2a: Roserade|4/100
|cant|p2a: Roserade|flinch
|
|upkeep
|turn|13
|
|t:|1632936575
|move|p2a: Roserade|Sludge Bomb|p1a: Incineroar
|-damage|p1a: Incineroar|7/100
|-status|p1a: Incineroar|psn
|move|p1a: Incineroar|Parting Shot|p2a: Roserade
|-unboost|p2a: Roserade|atk|1
|-unboost|p2a: Roserade|spa|1
|
|t:|1632936582
|switch|p1a: Leafeon|Leafeon, M|100/100|[from]move: Parting Shot
|
|upkeep
|turn|14
|
|t:|1632936586
|move|p1a: Leafeon|Knock Off|p2a: Roserade
|-damage|p2a: Roserade|0 fnt
|-enditem|p2a: Roserade|Assault Vest|[from] move: Knock Off|[of] p1a: Leafeon
|faint|p2a: Roserade
|-damage|p1a: Leafeon|91/100|[from] item: Life Orb
|
|upkeep
|
|t:|1632936597
|switch|p2a: Rotom|Rotom-Heat|82/100
|turn|15
|
|t:|1632936601
|switch|p1a: Incineroar|Incineroar, M|7/100 psn
|-ability|p1a: Incineroar|Intimidate|boost
|-unboost|p2a: Rotom|atk|1
|move|p2a: Rotom|Volt Switch|p1a: Incineroar
|-damage|p1a: Incineroar|0 fnt
|faint|p1a: Incineroar
|
|t:|1632936620
|switch|p2a: Tapu Bulu|Tapu Bulu|100/100|[from]move: Volt Switch
|-fieldstart|move: Grassy Terrain|[from] ability: Grassy Surge|[of] p2a: Tapu Bulu
|
|upkeep
|
|t:|1632936626
|switch|p1a: Volcanion|Volcanion|100/100
|turn|16
|
|t:|1632936630
|move|p2a: Tapu Bulu|Horn Leech|p1a: Volcanion
|-damage|p1a: Volcanion|64/100
|move|p1a: Volcanion|Sludge Wave|p2a: Tapu Bulu
|-supereffective|p2a: Tapu Bulu
|-crit|p2a: Tapu Bulu
|-damage|p2a: Tapu Bulu|0 fnt
|faint|p2a: Tapu Bulu
|
|-heal|p1a: Volcanion|70/100|[from] Grassy Terrain
|upkeep
|
|t:|1632936639
|switch|p2a: Rotom|Rotom-Heat|82/100
|turn|17
|
|t:|1632936645
|move|p2a: Rotom|Volt Switch|p1a: Volcanion
|-supereffective|p1a: Volcanion
|-damage|p1a: Volcanion|21/100
|
|t:|1632936649
|switch|p2a: Jirachi|Jirachi|100/100|[from]move: Volt Switch
|move|p1a: Volcanion|Steam Eruption|p2a: Jirachi
|-damage|p2a: Jirachi|37/100
|
|-heal|p2a: Jirachi|43/100|[from] Grassy Terrain
|-heal|p1a: Volcanion|27/100|[from] Grassy Terrain
|upkeep
|turn|18
|
|t:|1632936661
|move|p2a: Jirachi|Iron Head|p1a: Volcanion
|-resisted|p1a: Volcanion
|-damage|p1a: Volcanion|20/100
|move|p1a: Volcanion|Steam Eruption|p2a: Jirachi
|-crit|p2a: Jirachi
|-damage|p2a: Jirachi|0 fnt
|faint|p2a: Jirachi
|
|-heal|p1a: Volcanion|26/100|[from] Grassy Terrain
|upkeep
|
|t:|1632936670
|switch|p2a: Rotom|Rotom-Heat|82/100
|turn|19
|
|t:|1632936673
|switch|p1a: Leafeon|Leafeon, M|91/100
|move|p2a: Rotom|Volt Switch|p1a: Leafeon
|-resisted|p1a: Leafeon
|-damage|p1a: Leafeon|69/100
|
|-heal|p1a: Leafeon|75/100|[from] Grassy Terrain
|-fieldend|move: Grassy Terrain
|upkeep
|turn|20
|
|t:|1632936685
|move|p1a: Leafeon|Knock Off|p2a: Rotom
|-damage|p2a: Rotom|43/100
|-enditem|p2a: Rotom|Heavy-Duty Boots|[from] move: Knock Off|[of] p1a: Leafeon
|-damage|p1a: Leafeon|65/100|[from] item: Life Orb
|move|p2a: Rotom|Overheat|p1a: Leafeon
|-supereffective|p1a: Leafeon
|-damage|p1a: Leafeon|0 fnt
|-unboost|p2a: Rotom|spa|2
|faint|p1a: Leafeon
|
|upkeep
|
|t:|1632936707
|switch|p1a: Volcanion|Volcanion|26/100
|turn|21
|
|t:|1632936710
|move|p2a: Rotom|Volt Switch|p1a: Volcanion
|-supereffective|p1a: Volcanion
|-damage|p1a: Volcanion|0 fnt
|faint|p1a: Volcanion
|
|win|gogole2021
|raw|Temporelranger's rating: 1335 &rarr; <strong>1312</strong><br />(-23 for losing)
|raw|gogole2021's rating: 1277 &rarr; <strong>1306</strong><br />(+29 for winning)
|l|☆Temporelranger
|c|☆gogole2021|gg
||Ladder isn't responding, score probably updated but might not have (Request timeout).
