|j|☆CarbonLifeform456
|j|☆esqimo589
|t:|1655582337
|gametype|singles
|player|p1|CarbonLifeform456|guzma|1396
|player|p2|esqimo589|n|1352
|teamsize|p1|6
|teamsize|p2|6
|gen|8
|tier|[Gen 8] UU
|rated|
|rule|Sleep Clause Mod: Limit one foe put to sleep
|rule|Species Clause: Limit one of each Pokémon
|rule|OHKO Clause: OHKO moves are banned
|rule|Evasion Moves Clause: Evasion moves are banned
|rule|Endless Battle Clause: Forcing endless battles is banned
|rule|HP Percentage Mod: HP is shown in percentages
|rule|Dynamax Clause: You cannot dynamax
|clearpoke
|poke|p1|Hatterene, F|
|poke|p1|Azelf|
|poke|p1|Cobalion|
|poke|p1|Moltres|
|poke|p1|Tangrowth, M|
|poke|p1|Rotom-Wash|
|poke|p2|Skarmory, M|
|poke|p2|Starmie|
|poke|p2|Excadrill, M|
|poke|p2|Hydreigon, M|
|poke|p2|Tangrowth, F|
|poke|p2|Nihilego|
|teampreview
|inactive|Battle timer is ON: inactive players will automatically lose when time's up. (requested by esqimo589)
|inactive|CarbonLifeform456 also wants the timer to be on.
|c|☆CarbonLifeform456|hf
|inactive|CarbonLifeform456 has 120 seconds left.
|
|t:|1655582381
|start
|switch|p1a: Cobalion|Cobalion|100/100
|switch|p2a: dragon my balls|Hydreigon, M|100/100
|turn|1
|
|t:|1655582387
|switch|p1a: Rotom|Rotom-Wash|100/100
|move|p2a: dragon my balls|U-turn|p1a: Rotom
|-damage|p1a: Rotom|85/100
|
|t:|1655582397
|switch|p2a: spin|Excadrill, M|100/100|[from]move: U-turn
|-ability|p2a: spin|Mold Breaker
|
|upkeep
|turn|2
|
|t:|1655582404
|switch|p1a: Moltres|Moltres|100/100
|switch|p2a: tangrussy|Tangrowth, F|100/100
|
|upkeep
|turn|3
|
|t:|1655582411
|move|p1a: Moltres|U-turn|p2a: tangrussy
|-supereffective|p2a: tangrussy
|-damage|p2a: tangrussy|81/100
|
|t:|1655582419
|switch|p1a: Cobalion|Cobalion|100/100|[from]move: U-turn
|move|p2a: tangrussy|Knock Off|p1a: Cobalion
|-resisted|p1a: Cobalion
|-damage|p1a: Cobalion|90/100
|-damage|p2a: tangrussy|64/100|[from] item: Rocky Helmet|[of] p1a: Cobalion
|-ability|p1a: Cobalion|Justified|boost
|-boost|p1a: Cobalion|atk|1
|-enditem|p1a: Cobalion|Rocky Helmet|[from] move: Knock Off|[of] p2a: tangrussy
|
|upkeep
|turn|4
|
|t:|1655582427
|switch|p2a: im hard|Skarmory, M|100/100
|move|p1a: Cobalion|Stealth Rock|p2a: im hard
|-sidestart|p2: esqimo589|move: Stealth Rock
|
|upkeep
|turn|5
|
|t:|1655582432
|move|p1a: Cobalion|Volt Switch|p2a: im hard
|-supereffective|p2a: im hard
|-damage|p2a: im hard|62/100
|
|t:|1655582437
|switch|p1a: Moltres|Moltres|100/100|[from]move: Volt Switch
|move|p2a: im hard|Body Press|p1a: Moltres
|-resisted|p1a: Moltres
|-damage|p1a: Moltres|84/100
|
|upkeep
|turn|6
|
|t:|1655582444
|switch|p2a: boost that beasts|Nihilego|100/100
|-damage|p2a: boost that beasts|88/100|[from] Stealth Rock
|move|p1a: Moltres|U-turn|p2a: boost that beasts
|-resisted|p2a: boost that beasts
|-damage|p2a: boost that beasts|75/100
|
|t:|1655582450
|switch|p1a: Cobalion|Cobalion|90/100|[from]move: U-turn
|
|-heal|p2a: boost that beasts|81/100|[from] item: Black Sludge
|upkeep
|turn|7
|
|t:|1655582458
|switch|p2a: tangrussy|Tangrowth, F|97/100
|-damage|p2a: tangrussy|85/100|[from] Stealth Rock
|move|p1a: Cobalion|Volt Switch|p2a: tangrussy
|-resisted|p2a: tangrussy
|-crit|p2a: tangrussy
|-damage|p2a: tangrussy|78/100
|j| sachalenul
|
|t:|1655582465
|switch|p1a: Moltres|Moltres|84/100|[from]move: Volt Switch
|
|upkeep
|turn|8
|
|t:|1655582473
|move|p1a: Moltres|U-turn|p2a: tangrussy
|-supereffective|p2a: tangrussy
|-damage|p2a: tangrussy|58/100
|
|t:|1655582477
|switch|p1a: Cobalion|Cobalion|90/100|[from]move: U-turn
|move|p2a: tangrussy|Earthquake|p1a: Cobalion
|-supereffective|p1a: Cobalion
|-damage|p1a: Cobalion|52/100
|
|upkeep
|turn|9
|
|t:|1655582485
|move|p1a: Cobalion|Volt Switch|p2a: tangrussy
|-resisted|p2a: tangrussy
|-damage|p2a: tangrussy|54/100
|
|t:|1655582490
|switch|p1a: Tangrowth|Tangrowth, M|100/100|[from]move: Volt Switch
|move|p2a: tangrussy|Earthquake|p1a: Tangrowth
|-resisted|p1a: Tangrowth
|-damage|p1a: Tangrowth|92/100
|
|upkeep
|turn|10
|
|t:|1655582495
|switch|p2a: spin|Excadrill, M|100/100
|-damage|p2a: spin|97/100|[from] Stealth Rock
|-ability|p2a: spin|Mold Breaker
|move|p1a: Tangrowth|Sludge Bomb|p2a: spin
|-immune|p2a: spin
|
|-heal|p2a: spin|100/100|[from] item: Leftovers
|upkeep
|turn|11
|
|t:|1655582508
|move|p2a: spin|Rapid Spin|p1a: Tangrowth
|-damage|p1a: Tangrowth|82/100
|-boost|p2a: spin|spe|1
|-sideend|p2: esqimo589|Stealth Rock|[from] move: Rapid Spin|[of] p2a: spin
|move|p1a: Tangrowth|Knock Off|p2a: spin
|-damage|p2a: spin|69/100
|-enditem|p2a: spin|Leftovers|[from] move: Knock Off|[of] p1a: Tangrowth
|
|upkeep
|turn|12
|
|t:|1655582516
|move|p2a: spin|Toxic|p1a: Tangrowth
|-status|p1a: Tangrowth|tox
|move|p1a: Tangrowth|Knock Off|p2a: spin
|-damage|p2a: spin|47/100
|
|-damage|p1a: Tangrowth|76/100 tox|[from] psn
|upkeep
|turn|13
|
|t:|1655582528
|switch|p2a: im hard|Skarmory, M|62/100
|move|p1a: Tangrowth|Earthquake|p2a: im hard
|-immune|p2a: im hard
|
|-damage|p1a: Tangrowth|64/100 tox|[from] psn
|upkeep
|turn|14
|
|t:|1655582535
|switch|p1a: Hatterene|Hatterene, F|100/100
|move|p2a: im hard|Roost|p2a: im hard
|-heal|p2a: im hard|100/100
|-singleturn|p2a: im hard|move: Roost
|
|upkeep
|turn|15
|
|t:|1655582547
|switch|p2a: boost that beasts|Nihilego|81/100
|move|p1a: Hatterene|Psyshock|p2a: boost that beasts
|-supereffective|p2a: boost that beasts
|-damage|p2a: boost that beasts|0 fnt
|faint|p2a: boost that beasts
|
|upkeep
|
|t:|1655582550
|switch|p2a: spin|Excadrill, M|47/100
|-ability|p2a: spin|Mold Breaker
|turn|16
|
|t:|1655582561
|switch|p1a: Moltres|Moltres|84/100
|move|p2a: spin|Toxic|p1a: Moltres
|-status|p1a: Moltres|tox
|
|-damage|p1a: Moltres|78/100 tox|[from] psn
|upkeep
|turn|17
|
|t:|1655582569
|switch|p2a: tangrussy|Tangrowth, F|87/100
|move|p1a: Moltres|U-turn|p2a: tangrussy
|-supereffective|p2a: tangrussy
|-damage|p2a: tangrussy|68/100
|
|t:|1655582577
|switch|p1a: Tangrowth|Tangrowth, M|97/100 tox|[from]move: U-turn
|
|-damage|p1a: Tangrowth|91/100 tox|[from] psn
|upkeep
|turn|18
|
|t:|1655582583
|move|p1a: Tangrowth|Knock Off|p2a: tangrussy
|-damage|p2a: tangrussy|51/100
|-enditem|p2a: tangrussy|Assault Vest|[from] move: Knock Off|[of] p1a: Tangrowth
|move|p2a: tangrussy|Sludge Bomb|p1a: Tangrowth
|-supereffective|p1a: Tangrowth
|-damage|p1a: Tangrowth|65/100 tox
|
|-damage|p1a: Tangrowth|52/100 tox|[from] psn
|upkeep
|turn|19
|
|t:|1655582595
|switch|p2a: im hard|Skarmory, M|100/100
|move|p1a: Tangrowth|Earthquake|p2a: im hard
|-immune|p2a: im hard
|
|-damage|p1a: Tangrowth|34/100 tox|[from] psn
|upkeep
|turn|20
|
|t:|1655582602
|switch|p1a: Hatterene|Hatterene, F|100/100
|move|p2a: im hard|Spikes|p1a: Hatterene
|move|p1a: Hatterene|Spikes|p2a: im hard|[from]ability: Magic Bounce
|-sidestart|p2: esqimo589|Spikes
|
|upkeep
|turn|21
|
|t:|1655582609
|switch|p2a: tangrussy|Tangrowth, F|85/100
|-damage|p2a: tangrussy|72/100|[from] Spikes
|move|p1a: Hatterene|Mystical Fire|p2a: tangrussy
|-supereffective|p2a: tangrussy
|-damage|p2a: tangrussy|30/100
|-unboost|p2a: tangrussy|spa|1
|
|upkeep
|turn|22
|
|t:|1655582617
|switch|p2a: spin|Excadrill, M|47/100
|-damage|p2a: spin|35/100|[from] Spikes
|-ability|p2a: spin|Mold Breaker
|switch|p1a: Tangrowth|Tangrowth, M|67/100 tox
|
|-damage|p1a: Tangrowth|61/100 tox|[from] psn
|upkeep
|turn|23
|
|t:|1655582626
|switch|p2a: im hard|Skarmory, M|100/100
|move|p1a: Tangrowth|Earthquake|p2a: im hard
|-immune|p2a: im hard
|
|-damage|p1a: Tangrowth|48/100 tox|[from] psn
|upkeep
|turn|24
|
|t:|1655582632
|switch|p2a: spin|Excadrill, M|35/100
|-damage|p2a: spin|22/100|[from] Spikes
|-ability|p2a: spin|Mold Breaker
|switch|p1a: Hatterene|Hatterene, F|100/100
|
|upkeep
|turn|25
|
|t:|1655582640
|switch|p1a: Cobalion|Cobalion|52/100
|move|p2a: spin|Rapid Spin|p1a: Cobalion
|-resisted|p1a: Cobalion
|-damage|p1a: Cobalion|46/100
|-boost|p2a: spin|spe|1
|-sideend|p2: esqimo589|Spikes|[from] move: Rapid Spin|[of] p2a: spin
|
|upkeep
|turn|26
|
|t:|1655582658
|switch|p2a: a fishy star|Starmie|100/100
|switch|p1a: Moltres|Moltres|78/100 tox
|
|-damage|p1a: Moltres|72/100 tox|[from] psn
|upkeep
|turn|27
|
|t:|1655582666
|switch|p1a: Rotom|Rotom-Wash|85/100
|move|p2a: a fishy star|Hydro Pump|p1a: Rotom
|-resisted|p1a: Rotom
|-damage|p1a: Rotom|43/100
|-damage|p2a: a fishy star|91/100|[from] item: Life Orb
|
|upkeep
|turn|28
|
|t:|1655582676
|switch|p2a: tangrussy|Tangrowth, F|63/100
|move|p1a: Rotom|Hydro Pump|p2a: tangrussy
|-resisted|p2a: tangrussy
|-damage|p2a: tangrussy|44/100
|
|upkeep
|turn|29
|
|t:|1655582685
|switch|p1a: Tangrowth|Tangrowth, M|81/100 tox
|move|p2a: tangrussy|Knock Off|p1a: Tangrowth
|-damage|p1a: Tangrowth|65/100 tox
|-enditem|p1a: Tangrowth|Assault Vest|[from] move: Knock Off|[of] p2a: tangrussy
|
|-damage|p1a: Tangrowth|59/100 tox|[from] psn
|upkeep
|turn|30
|
|t:|1655582697
|switch|p2a: im hard|Skarmory, M|100/100
|switch|p1a: Hatterene|Hatterene, F|100/100
|
|upkeep
|turn|31
|
|t:|1655582713
|switch|p2a: dragon my balls|Hydreigon, M|100/100
|move|p1a: Hatterene|Calm Mind|p1a: Hatterene
|-boost|p1a: Hatterene|spa|1
|-boost|p1a: Hatterene|spd|1
|
|upkeep
|turn|32
|
|t:|1655582720
|move|p2a: dragon my balls|U-turn|p1a: Hatterene
|-damage|p1a: Hatterene|87/100
|
|t:|1655582726
|switch|p2a: im hard|Skarmory, M|100/100|[from]move: U-turn
|move|p1a: Hatterene|Draining Kiss|p2a: im hard
|-resisted|p2a: im hard
|-damage|p2a: im hard|76/100
|-heal|p1a: Hatterene|100/100|[from] drain|[of] p2a: im hard
|-damage|p1a: Hatterene|84/100|[from] item: Rocky Helmet|[of] p2a: im hard
|
|-heal|p1a: Hatterene|90/100|[from] item: Leftovers
|upkeep
|turn|33
|
|t:|1655582745
|switch|p2a: tangrussy|Tangrowth, F|77/100
|move|p1a: Hatterene|Mystical Fire|p2a: tangrussy
|-supereffective|p2a: tangrussy
|-damage|p2a: tangrussy|11/100
|-unboost|p2a: tangrussy|spa|1
|
|-heal|p1a: Hatterene|96/100|[from] item: Leftovers
|upkeep
|turn|34
|
|t:|1655582757
|switch|p1a: Cobalion|Cobalion|46/100
|move|p2a: tangrussy|Knock Off|p1a: Cobalion
|-resisted|p1a: Cobalion
|-damage|p1a: Cobalion|40/100
|-ability|p1a: Cobalion|Justified|boost
|-boost|p1a: Cobalion|atk|1
|
|upkeep
|turn|35
|
|t:|1655582763
|switch|p2a: im hard|Skarmory, M|76/100
|move|p1a: Cobalion|Close Combat|p2a: im hard
|-damage|p2a: im hard|29/100
|-unboost|p1a: Cobalion|def|1
|-unboost|p1a: Cobalion|spd|1
|-damage|p1a: Cobalion|23/100|[from] item: Rocky Helmet|[of] p2a: im hard
|
|upkeep
|turn|36
|
|t:|1655582771
|switch|p2a: spin|Excadrill, M|22/100
|-ability|p2a: spin|Mold Breaker
|move|p1a: Cobalion|Stealth Rock|p2a: spin
|-sidestart|p2: esqimo589|move: Stealth Rock
|
|upkeep
|turn|37
|
|t:|1655582777
|switch|p2a: a fishy star|Starmie|91/100
|-damage|p2a: a fishy star|78/100|[from] Stealth Rock
|move|p1a: Cobalion|Close Combat|p2a: a fishy star
|-resisted|p2a: a fishy star
|-damage|p2a: a fishy star|22/100
|-unboost|p1a: Cobalion|def|1
|-unboost|p1a: Cobalion|spd|1
|
|upkeep
|turn|38
|
|t:|1655582785
|move|p2a: a fishy star|Thunderbolt|p1a: Cobalion
|-damage|p1a: Cobalion|0 fnt
|faint|p1a: Cobalion
|-damage|p2a: a fishy star|12/100|[from] item: Life Orb
|
|upkeep
|
|t:|1655582791
|switch|p1a: Rotom|Rotom-Wash|43/100
|turn|39
|
|t:|1655582797
|switch|p2a: spin|Excadrill, M|22/100
|-damage|p2a: spin|19/100|[from] Stealth Rock
|-ability|p2a: spin|Mold Breaker
|move|p1a: Rotom|Hydro Pump|p2a: spin
|-supereffective|p2a: spin
|-damage|p2a: spin|0 fnt
|faint|p2a: spin
|
|upkeep
|
|t:|1655582800
|switch|p2a: a fishy star|Starmie|12/100
|-damage|p2a: a fishy star|0 fnt|[from] Stealth Rock
|faint|p2a: a fishy star
|
|t:|1655582804
|switch|p2a: dragon my balls|Hydreigon, M|100/100
|-damage|p2a: dragon my balls|88/100|[from] Stealth Rock
|turn|40
|
|t:|1655582815
|move|p2a: dragon my balls|U-turn|p1a: Rotom
|-damage|p1a: Rotom|26/100
|-message|esqimo589 forfeited.
|
|win|CarbonLifeform456
|raw|CarbonLifeform456's rating: 1396 &rarr; <strong>1413</strong><br />(+17 for winning)
|raw|esqimo589's rating: 1352 &rarr; <strong>1335</strong><br />(-17 for losing)
|l|☆esqimo589
||Ladder isn't responding, score probably updated but might not have (Request timeout).
