|raw|<div class="broadcast-blue"><strong>This battle is required to be public due to a player having a name starting with 'UULT81x'.</div>
|j|☆big baz
|j|☆UULT81x Alolachy
|t:|1621719402
|gametype|singles
|player|p1|big baz|ltsurge|1495
|player|p2|UULT81x Alolachy|morty|1648
|teamsize|p1|6
|teamsize|p2|6
|gen|8
|tier|[Gen 8] UU
|rated|
|rule|Sleep Clause Mod: Limit one foe put to sleep
|rule|Species Clause: Limit one of each Pokémon
|rule|OHKO Clause: OHKO moves are banned
|rule|Evasion Moves Clause: Evasion moves are banned
|rule|Endless Battle Clause: Forcing endless battles is banned
|rule|HP Percentage Mod: HP is shown in percentages
|rule|Dynamax Clause: You cannot dynamax
|clearpoke
|poke|p1|Tyrantrum, M|
|poke|p1|Ribombee, M|
|poke|p1|Obstagoon, M|
|poke|p1|Hatterene, F|
|poke|p1|Volcanion|
|poke|p1|Zygarde-10%|
|poke|p2|Sharpedo, F|
|poke|p2|Cobalion|
|poke|p2|Mew|
|poke|p2|Zygarde-10%|
|poke|p2|Scizor, F|
|poke|p2|Azumarill, M|
|teampreview
|
|t:|1621719422
|start
|switch|p1a: Tyrantrum|Tyrantrum, M|100/100
|switch|p2a: Mew|Mew|100/100
|turn|1
|inactive|Battle timer is ON: inactive players will automatically lose when time's up. (requested by UULT81x Alolachy)
|
|t:|1621719427
|move|p2a: Mew|Taunt|p1a: Tyrantrum
|-start|p1a: Tyrantrum|move: Taunt
|move|p1a: Tyrantrum|Head Smash|p2a: Mew
|-damage|p2a: Mew|4/100
|-enditem|p2a: Mew|Red Card|[of] p1a: Tyrantrum
|drag|p1a: Volcanion|Volcanion|100/100
|
|upkeep
|turn|2
|
|t:|1621719432
|move|p2a: Mew|Stealth Rock|p1a: Volcanion
|-sidestart|p1: big baz|move: Stealth Rock
|move|p1a: Volcanion|Flamethrower|p2a: Mew
|-damage|p2a: Mew|0 fnt
|faint|p2a: Mew
|
|upkeep
|
|t:|1621719440
|switch|p2a: Zygarde|Zygarde-10%|100/100
|-ability|p2a: Zygarde|Aura Break
|turn|3
|
|t:|1621719443
|switch|p1a: Ribombee|Ribombee, M|100/100
|-damage|p1a: Ribombee|76/100|[from] Stealth Rock
|move|p2a: Zygarde|Thousand Arrows|p1a: Ribombee
|-resisted|p1a: Ribombee
|-damage|p1a: Ribombee|21/100
|
|upkeep
|turn|4
|
|t:|1621719450
|move|p1a: Ribombee|Sticky Web|p2a: Zygarde
|-sidestart|p2: UULT81x Alolachy|move: Sticky Web
|move|p2a: Zygarde|Thousand Arrows|p1a: Ribombee
|-resisted|p1a: Ribombee
|-damage|p1a: Ribombee|0 fnt
|faint|p1a: Ribombee
|
|upkeep
|j| UULT81x Drei
|
|t:|1621719453
|switch|p1a: Hatterene|Hatterene, F|100/100
|-damage|p1a: Hatterene|88/100|[from] Stealth Rock
|turn|5
|
|t:|1621719457
|move|p2a: Zygarde|Thousand Arrows|p1a: Hatterene
|-damage|p1a: Hatterene|42/100
|move|p1a: Hatterene|Mystical Fire|p2a: Zygarde
|-resisted|p2a: Zygarde
|-damage|p2a: Zygarde|84/100
|-unboost|p2a: Zygarde|spa|1
|
|-heal|p1a: Hatterene|48/100|[from] item: Leftovers
|upkeep
|turn|6
|
|t:|1621719461
|move|p2a: Zygarde|Thousand Arrows|p1a: Hatterene
|-damage|p1a: Hatterene|0 fnt
|faint|p1a: Hatterene
|
|upkeep
|
|t:|1621719464
|switch|p1a: Obstagoon|Obstagoon, M|100/100
|-damage|p1a: Obstagoon|88/100|[from] Stealth Rock
|turn|7
|
|t:|1621719470
|switch|p2a: Cobalion|Cobalion|100/100
|-activate|p2a: Cobalion|move: Sticky Web
|-unboost|p2a: Cobalion|spe|1
|move|p1a: Obstagoon|Double-Edge|p2a: Cobalion
|-resisted|p2a: Cobalion
|-damage|p2a: Cobalion|81/100
|-damage|p1a: Obstagoon|82/100|[from] Recoil
|
|upkeep
|turn|8
|
|t:|1621719474
|switch|p1a: Tyrantrum|Tyrantrum, M|100/100
|-damage|p1a: Tyrantrum|88/100|[from] Stealth Rock
|move|p2a: Cobalion|Close Combat|p1a: Tyrantrum
|-supereffective|p1a: Tyrantrum
|-damage|p1a: Tyrantrum|0 fnt
|-unboost|p2a: Cobalion|def|1
|-unboost|p2a: Cobalion|spd|1
|faint|p1a: Tyrantrum
|
|upkeep
|
|t:|1621719479
|switch|p1a: Zygarde|Zygarde-10%|100/100
|-damage|p1a: Zygarde|94/100|[from] Stealth Rock
|-ability|p1a: Zygarde|Aura Break
|turn|9
|
|t:|1621719489
|switch|p2a: Zygarde|Zygarde-10%|84/100
|-activate|p2a: Zygarde|move: Sticky Web
|-unboost|p2a: Zygarde|spe|1
|-ability|p2a: Zygarde|Aura Break
|move|p1a: Zygarde|Thousand Waves|p2a: Zygarde
|-damage|p2a: Zygarde|0 fnt
|faint|p2a: Zygarde
|
|upkeep
|
|t:|1621719501
|switch|p2a: Scizor|Scizor, F|100/100
|-activate|p2a: Scizor|move: Sticky Web
|-unboost|p2a: Scizor|spe|1
|turn|10
|
|t:|1621719507
|switch|p1a: Obstagoon|Obstagoon, M|82/100
|-damage|p1a: Obstagoon|70/100|[from] Stealth Rock
|move|p2a: Scizor|Knock Off|p1a: Obstagoon
|-resisted|p1a: Obstagoon
|-damage|p1a: Obstagoon|46/100
|-enditem|p1a: Obstagoon|Choice Scarf|[from] move: Knock Off|[of] p2a: Scizor
|-damage|p2a: Scizor|91/100|[from] item: Life Orb
|
|upkeep
|turn|11
|
|t:|1621719514
|move|p2a: Scizor|Bullet Punch|p1a: Obstagoon
|-damage|p1a: Obstagoon|0 fnt
|faint|p1a: Obstagoon
|-damage|p2a: Scizor|81/100|[from] item: Life Orb
|
|upkeep
|
|t:|1621719516
|switch|p1a: Volcanion|Volcanion|100/100
|-damage|p1a: Volcanion|76/100|[from] Stealth Rock
|turn|12
|
|t:|1621719519
|move|p1a: Volcanion|Flamethrower|p2a: Scizor
|-supereffective|p2a: Scizor
|-damage|p2a: Scizor|0 fnt
|faint|p2a: Scizor
|
|-heal|p1a: Volcanion|82/100|[from] item: Leftovers
|upkeep
|
|t:|1621719525
|switch|p2a: Azumarill|Azumarill, M|100/100
|-activate|p2a: Azumarill|move: Sticky Web
|-unboost|p2a: Azumarill|spe|1
|turn|13
|
|t:|1621719532
|move|p1a: Volcanion|Sludge Wave|p2a: Azumarill
|-supereffective|p2a: Azumarill
|-damage|p2a: Azumarill|19/100
|-enditem|p2a: Azumarill|Sitrus Berry|[eat]
|-heal|p2a: Azumarill|44/100|[from] item: Sitrus Berry
|move|p2a: Azumarill|Knock Off|p1a: Volcanion
|-damage|p1a: Volcanion|39/100
|-enditem|p1a: Volcanion|Leftovers|[from] move: Knock Off|[of] p2a: Azumarill
|
|upkeep
|turn|14
|
|t:|1621719555
|move|p1a: Volcanion|Sludge Wave|p2a: Azumarill
|-supereffective|p2a: Azumarill
|-damage|p2a: Azumarill|0 fnt
|faint|p2a: Azumarill
|
|upkeep
|
|t:|1621719557
|switch|p2a: Sharpedo|Sharpedo, F|100/100
|-activate|p2a: Sharpedo|move: Sticky Web
|-unboost|p2a: Sharpedo|spe|1
|turn|15
|
|t:|1621719561
|move|p1a: Volcanion|Sludge Wave|p2a: Sharpedo
|-damage|p2a: Sharpedo|4/100
|move|p2a: Sharpedo|Dark Pulse|p1a: Volcanion
|-damage|p1a: Volcanion|0 fnt
|faint|p1a: Volcanion
|-damage|p2a: Sharpedo|0 fnt|[from] item: Life Orb
|faint|p2a: Sharpedo
|
|upkeep
|
|t:|1621719564
|switch|p2a: Cobalion|Cobalion|81/100
|switch|p1a: Zygarde|Zygarde-10%|94/100
|-damage|p1a: Zygarde|88/100|[from] Stealth Rock
|-ability|p1a: Zygarde|Aura Break
|-activate|p2a: Cobalion|move: Sticky Web
|-unboost|p2a: Cobalion|spe|1
|turn|16
|
|t:|1621719568
|move|p1a: Zygarde|Thousand Waves|p2a: Cobalion
|-supereffective|p2a: Cobalion
|-crit|p2a: Cobalion
|-damage|p2a: Cobalion|0 fnt
|faint|p2a: Cobalion
|
|win|big baz
|raw|big baz's rating: 1495 &rarr; <strong>1523</strong><br />(+28 for winning)
|raw|UULT81x Alolachy's rating: 1648 &rarr; <strong>1620</strong><br />(-28 for losing)
|c|☆big baz|gg
|c|☆UULT81x Alolachy|gg
|l|☆UULT81x Alolachy
