|html|<div class="broadcast-blue"><strong>[Gen 8] UU is currently suspecting Scizor! For information on how to participate check out the <a href="https://www.smogon.com/forums/threads/ss-uu-stage-12-2-spider-dance.3704866/">suspect thread</a>.</strong></div>
|j|☆SubNegative
|j|☆5 pia to the top
|t:|1659232133
|gametype|singles
|player|p1|SubNegative|burglar|1071
|player|p2|5 pia to the top|#uutrio2ladder|1170
|teamsize|p1|6
|teamsize|p2|5
|gen|8
|tier|[Gen 8] UU
|rated|
|rule|Sleep Clause Mod: Limit one foe put to sleep
|rule|Species Clause: Limit one of each Pokémon
|rule|OHKO Clause: OHKO moves are banned
|rule|Evasion Moves Clause: Evasion moves are banned
|rule|Endless Battle Clause: Forcing endless battles is banned
|rule|HP Percentage Mod: HP is shown in percentages
|rule|Dynamax Clause: You cannot dynamax
|clearpoke
|poke|p1|Amoonguss, F|
|poke|p1|Tentacruel, M|
|poke|p1|Excadrill, F|
|poke|p1|Salamence, M|
|poke|p1|Zarude|
|poke|p1|Scizor, F|
|poke|p2|Articuno|
|poke|p2|Umbreon, M|
|poke|p2|Quagsire, F|
|poke|p2|Skarmory, F|
|poke|p2|Nihilego|
|teampreview
|inactive|Battle timer is ON: inactive players will automatically lose when time's up. (requested by SubNegative)
|j| Pif has garf
|inactive|5 pia to the top has 120 seconds left.
|
|t:|1659232177
|start
|switch|p1a: Scizor|Scizor, F|100/100
|switch|p2a: stingy thingy|Nihilego|100/100
|turn|1
|
|t:|1659232184
|switch|p2a: sturdy birdy|Skarmory, F|100/100
|move|p1a: Scizor|Bullet Punch|p2a: sturdy birdy
|-resisted|p2a: sturdy birdy
|-damage|p2a: sturdy birdy|91/100
|-damage|p1a: Scizor|84/100|[from] item: Rocky Helmet|[of] p2a: sturdy birdy
|
|-heal|p1a: Scizor|90/100|[from] item: Leftovers
|upkeep
|turn|2
|j| beautifications
|
|t:|1659232205
|move|p2a: sturdy birdy|Body Press|p1a: Scizor
|-damage|p1a: Scizor|62/100
|move|p1a: Scizor|U-turn|p2a: sturdy birdy
|-resisted|p2a: sturdy birdy
|-damage|p2a: sturdy birdy|86/100
|-damage|p1a: Scizor|45/100|[from] item: Rocky Helmet|[of] p2a: sturdy birdy
|
|t:|1659232214
|switch|p1a: Salamence|Salamence, M|100/100|[from]move: U-turn
|-ability|p1a: Salamence|Intimidate|boost
|-unboost|p2a: sturdy birdy|atk|1
|
|upkeep
|turn|3
|
|t:|1659232220
|switch|p2a: stingy thingy|Nihilego|100/100
|move|p1a: Salamence|Flamethrower|p2a: stingy thingy
|-resisted|p2a: stingy thingy
|-damage|p2a: stingy thingy|89/100
|
|-heal|p2a: stingy thingy|95/100|[from] item: Black Sludge
|upkeep
|turn|4
|
|t:|1659232226
|switch|p1a: Tentacruel|Tentacruel, M|100/100
|move|p2a: stingy thingy|Knock Off|p1a: Tentacruel
|-damage|p1a: Tentacruel|87/100
|-enditem|p1a: Tentacruel|Black Sludge|[from] move: Knock Off|[of] p2a: stingy thingy
|
|-heal|p2a: stingy thingy|100/100|[from] item: Black Sludge
|upkeep
|turn|5
|
|t:|1659232233
|switch|p2a: freezey vreezey|Articuno|100/100
|-ability|p2a: freezey vreezey|Pressure
|move|p1a: Tentacruel|Knock Off|p2a: freezey vreezey
|-damage|p2a: freezey vreezey|87/100
|-enditem|p2a: freezey vreezey|Heavy-Duty Boots|[from] move: Knock Off|[of] p1a: Tentacruel
|
|upkeep
|turn|6
|
|t:|1659232247
|move|p1a: Tentacruel|Sludge Bomb|p2a: freezey vreezey
|-damage|p2a: freezey vreezey|73/100
|-status|p2a: freezey vreezey|psn
|move|p2a: freezey vreezey|Freeze-Dry|p1a: Tentacruel
|-supereffective|p1a: Tentacruel
|-crit|p1a: Tentacruel
|-damage|p1a: Tentacruel|27/100
|
|-damage|p2a: freezey vreezey|60/100 psn|[from] psn
|upkeep
|turn|7
|l| beautifications
|
|t:|1659232257
|switch|p1a: Scizor|Scizor, F|45/100
|move|p2a: freezey vreezey|Roost|p2a: freezey vreezey
|-heal|p2a: freezey vreezey|100/100 psn
|-singleturn|p2a: freezey vreezey|move: Roost
|
|-heal|p1a: Scizor|52/100|[from] item: Leftovers
|-damage|p2a: freezey vreezey|88/100 psn|[from] psn
|upkeep
|turn|8
|j| Shelley_Swampert
|
|t:|1659232263
|switch|p2a: sturdy birdy|Skarmory, F|86/100
|move|p1a: Scizor|Roost|p1a: Scizor
|-heal|p1a: Scizor|100/100
|-singleturn|p1a: Scizor|move: Roost
|
|upkeep
|turn|9
|
|t:|1659232269
|move|p2a: sturdy birdy|Body Press|p1a: Scizor
|-damage|p1a: Scizor|71/100
|move|p1a: Scizor|U-turn|p2a: sturdy birdy
|-resisted|p2a: sturdy birdy
|-damage|p2a: sturdy birdy|82/100
|-damage|p1a: Scizor|54/100|[from] item: Rocky Helmet|[of] p2a: sturdy birdy
|
|t:|1659232277
|switch|p1a: Salamence|Salamence, M|100/100|[from]move: U-turn
|-ability|p1a: Salamence|Intimidate|boost
|-unboost|p2a: sturdy birdy|atk|1
|
|upkeep
|turn|10
|
|t:|1659232286
|switch|p2a: stingy thingy|Nihilego|100/100
|move|p1a: Salamence|Draco Meteor|p2a: stingy thingy
|-damage|p2a: stingy thingy|56/100
|-unboost|p1a: Salamence|spa|2
|
|-heal|p2a: stingy thingy|62/100|[from] item: Black Sludge
|upkeep
|turn|11
|
|t:|1659232299
|switch|p1a: Tentacruel|Tentacruel, M|27/100
|move|p2a: stingy thingy|Stealth Rock|p1a: Tentacruel
|-sidestart|p1: SubNegative|move: Stealth Rock
|
|-heal|p2a: stingy thingy|68/100|[from] item: Black Sludge
|upkeep
|turn|12
|
|t:|1659232304
|move|p2a: stingy thingy|Power Gem|p1a: Tentacruel
|-damage|p1a: Tentacruel|0 fnt
|faint|p1a: Tentacruel
|-ability|p2a: stingy thingy|Beast Boost|boost
|-boost|p2a: stingy thingy|spa|1
|
|-heal|p2a: stingy thingy|74/100|[from] item: Black Sludge
|upkeep
|
|t:|1659232317
|switch|p1a: Scizor|Scizor, F|54/100
|-damage|p1a: Scizor|42/100|[from] Stealth Rock
|turn|13
|
|t:|1659232321
|switch|p2a: sturdy birdy|Skarmory, F|82/100
|move|p1a: Scizor|Bullet Punch|p2a: sturdy birdy
|-resisted|p2a: sturdy birdy
|-damage|p2a: sturdy birdy|72/100
|-damage|p1a: Scizor|26/100|[from] item: Rocky Helmet|[of] p2a: sturdy birdy
|
|-heal|p1a: Scizor|32/100|[from] item: Leftovers
|upkeep
|turn|14
|
|t:|1659232329
|move|p2a: sturdy birdy|Body Press|p1a: Scizor
|-damage|p1a: Scizor|0 fnt
|faint|p1a: Scizor
|
|upkeep
|
|t:|1659232338
|switch|p1a: Excadrill|Excadrill, F|100/100
|-damage|p1a: Excadrill|97/100|[from] Stealth Rock
|-ability|p1a: Excadrill|Mold Breaker
|turn|15
|
|t:|1659232343
|move|p1a: Excadrill|Stealth Rock|p2a: sturdy birdy
|-sidestart|p2: 5 pia to the top|move: Stealth Rock
|move|p2a: sturdy birdy|Body Press|p1a: Excadrill
|-supereffective|p1a: Excadrill
|-damage|p1a: Excadrill|0 fnt
|faint|p1a: Excadrill
|
|upkeep
|
|t:|1659232349
|switch|p1a: Salamence|Salamence, M|100/100
|-ability|p1a: Salamence|Intimidate|boost
|-unboost|p2a: sturdy birdy|atk|1
|turn|16
|
|t:|1659232355
|switch|p2a: umby wumby|Umbreon, M|100/100
|-damage|p2a: umby wumby|88/100|[from] Stealth Rock
|move|p1a: Salamence|Flamethrower|p2a: umby wumby
|-damage|p2a: umby wumby|70/100
|
|-heal|p2a: umby wumby|76/100|[from] item: Leftovers
|upkeep
|turn|17
|
|t:|1659232363
|move|p1a: Salamence|Hurricane|p2a: umby wumby
|-damage|p2a: umby wumby|41/100
|move|p2a: umby wumby|Heal Bell|p2a: umby wumby
|-activate|p2a: umby wumby|move: Heal Bell
|-curestatus|p2: freezey vreezey|psn|[msg]
|
|-heal|p2a: umby wumby|47/100|[from] item: Leftovers
|upkeep
|turn|18
|j|+Mengy ㋛
|
|t:|1659232381
|move|p1a: Salamence|Draco Meteor|p2a: umby wumby
|-damage|p2a: umby wumby|8/100
|-unboost|p1a: Salamence|spa|2
|move|p2a: umby wumby|Wish|p2a: umby wumby
|
|-heal|p2a: umby wumby|14/100|[from] item: Leftovers
|upkeep
|turn|19
|c|+Mengy ㋛|pif I'm kinda tired
|c|+Mengy ㋛|gonna go to sleep soon
|c|☆5 pia to the top|ok
|c|☆5 pia to the top|im stopping at 1200
|c|+Mengy ㋛|are you going to ladder with this acc on future streams
|c|☆5 pia to the top|yes
|c|+Mengy ㋛|I'm rooting for pia to the top
|
|t:|1659232408
|switch|p1a: Zarude|Zarude|100/100
|-damage|p1a: Zarude|88/100|[from] Stealth Rock
|move|p2a: umby wumby|Protect||[still]
|-fail|p2a: umby wumby
|
|-heal|p2a: umby wumby|64/100|[from] move: Wish|[wisher] umby wumby
|-heal|p2a: umby wumby|70/100|[from] item: Leftovers
|upkeep
|turn|20
|
|t:|1659232417
|move|p1a: Zarude|U-turn|p2a: umby wumby
|-supereffective|p2a: umby wumby
|-damage|p2a: umby wumby|44/100
|
|t:|1659232420
|switch|p1a: Salamence|Salamence, M|100/100|[from]move: U-turn
|-ability|p1a: Salamence|Intimidate|boost
|-unboost|p2a: umby wumby|atk|1
|move|p2a: umby wumby|Wish|p2a: umby wumby
|
|-heal|p2a: umby wumby|50/100|[from] item: Leftovers
|upkeep
|turn|21
|
|t:|1659232429
|move|p2a: umby wumby|Protect|p2a: umby wumby
|-singleturn|p2a: umby wumby|Protect
|move|p1a: Salamence|Hurricane|p2a: umby wumby
|-activate|p2a: umby wumby|move: Protect
|
|-heal|p2a: umby wumby|99/100|[from] move: Wish|[wisher] umby wumby
|-heal|p2a: umby wumby|100/100|[from] item: Leftovers
|upkeep
|turn|22
|
|t:|1659232433
|move|p1a: Salamence|Hurricane|p2a: umby wumby|[miss]
|-miss|p1a: Salamence|p2a: umby wumby
|move|p2a: umby wumby|Wish|p2a: umby wumby
|
|upkeep
|turn|23
|-message|SubNegative forfeited.
|
|win|5 pia to the top
|raw|SubNegative's rating: 1071 &rarr; <strong>1056</strong><br />(-15 for losing)
|raw|5 pia to the top's rating: 1170 &rarr; <strong>1188</strong><br />(+18 for winning)
|l|☆SubNegative
||Ladder isn't responding, score probably updated but might not have (Request timeout).
