|j|☆Shades438
|j|☆ItalianMafiaMan7
|t:|1662591865
|gametype|singles
|player|p1|Shades438|brendan-gen3rs|1379
|player|p2|ItalianMafiaMan7|ghetsis-gen5bw|1241
|teamsize|p1|6
|teamsize|p2|6
|gen|8
|tier|[Gen 8] UU
|rated|
|rule|Sleep Clause Mod: Limit one foe put to sleep
|rule|Species Clause: Limit one of each Pokémon
|rule|OHKO Clause: OHKO moves are banned
|rule|Evasion Items Clause: Evasion items are banned
|rule|Evasion Moves Clause: Evasion moves are banned
|rule|Endless Battle Clause: Forcing endless battles is banned
|rule|HP Percentage Mod: HP is shown in percentages
|rule|Dynamax Clause: You cannot dynamax
|clearpoke
|poke|p1|Conkeldurr, F|
|poke|p1|Amoonguss, F|
|poke|p1|Azumarill, F|
|poke|p1|Thundurus-Therian, M|
|poke|p1|Celesteela|
|poke|p1|Excadrill, M|
|poke|p2|Conkeldurr, M|
|poke|p2|Tapu Bulu|
|poke|p2|Skarmory, F|
|poke|p2|Slowking, M|
|poke|p2|Necrozma|
|poke|p2|Thundurus-Therian, M|
|teampreview
|inactive|Battle timer is ON: inactive players will automatically lose when time's up. (requested by Shades438)
|
|t:|1662591887
|start
|switch|p1a: Amoonguss|Amoonguss, F|100/100
|switch|p2a: Starscream|Skarmory, F|100/100
|turn|1
|
|t:|1662591892
|move|p2a: Starscream|Spikes|p1a: Amoonguss
|-sidestart|p1: Shades438|Spikes
|move|p1a: Amoonguss|Spore|p2a: Starscream
|-status|p2a: Starscream|slp|[from] move: Spore
|
|upkeep
|turn|2
|
|t:|1662591899
|switch|p2a: VoiD|Necrozma|100/100
|switch|p1a: Thundurus|Thundurus-Therian, M|100/100
|
|upkeep
|turn|3
|
|t:|1662591917
|move|p1a: Thundurus|Thunderbolt|p2a: VoiD
|-damage|p2a: VoiD|36/100
|move|p2a: VoiD|Dragon Dance|p2a: VoiD
|-boost|p2a: VoiD|atk|1
|-boost|p2a: VoiD|spe|1
|
|upkeep
|turn|4
|
|t:|1662591929
|switch|p1a: Celesteela|Celesteela|100/100
|move|p2a: VoiD|Photon Geyser|p1a: Celesteela
|-resisted|p1a: Celesteela
|-damage|p1a: Celesteela|68/100
|
|-heal|p1a: Celesteela|74/100|[from] item: Leftovers
|upkeep
|turn|5
|
|t:|1662591939
|move|p2a: VoiD|Heat Wave|p1a: Celesteela|[miss]
|-miss|p2a: VoiD|p1a: Celesteela
|move|p1a: Celesteela|Heavy Slam|p2a: VoiD
|-crit|p2a: VoiD
|-damage|p2a: VoiD|0 fnt
|faint|p2a: VoiD
|-ability|p1a: Celesteela|Beast Boost|boost
|-boost|p1a: Celesteela|spd|1
|
|-heal|p1a: Celesteela|80/100|[from] item: Leftovers
|upkeep
|
|t:|1662591949
|switch|p2a: Livid|Thundurus-Therian, M|100/100
|turn|6
|
|t:|1662591965
|move|p2a: Livid|Focus Blast|p1a: Celesteela
|-damage|p1a: Celesteela|55/100
|move|p1a: Celesteela|Leech Seed|p2a: Livid
|-start|p2a: Livid|move: Leech Seed
|
|-heal|p1a: Celesteela|61/100|[from] item: Leftovers
|-damage|p2a: Livid|88/100|[from] Leech Seed|[of] p1a: Celesteela
|-heal|p1a: Celesteela|70/100|[silent]
|upkeep
|turn|7
|
|t:|1662591974
|switch|p2a: Bozo|Conkeldurr, M|100/100
|move|p1a: Celesteela|Flamethrower|p2a: Bozo
|-damage|p2a: Bozo|75/100
|
|-heal|p1a: Celesteela|76/100|[from] item: Leftovers
|-status|p2a: Bozo|brn|[from] item: Flame Orb
|upkeep
|turn|8
|
|t:|1662591978
|move|p1a: Celesteela|Leech Seed|p2a: Bozo|[miss]
|-miss|p1a: Celesteela|p2a: Bozo
|move|p2a: Bozo|Knock Off|p1a: Celesteela
|-damage|p1a: Celesteela|24/100
|-enditem|p1a: Celesteela|Leftovers|[from] move: Knock Off|[of] p2a: Bozo
|
|-damage|p2a: Bozo|69/100 brn|[from] brn
|upkeep
|turn|9
|
|t:|1662591982
|move|p1a: Celesteela|Protect|p1a: Celesteela
|-singleturn|p1a: Celesteela|Protect
|move|p2a: Bozo|Drain Punch|p1a: Celesteela
|-activate|p1a: Celesteela|move: Protect
|
|-damage|p2a: Bozo|63/100 brn|[from] brn
|upkeep
|turn|10
|
|t:|1662591985
|switch|p1a: Amoonguss|Amoonguss, F|100/100
|-damage|p1a: Amoonguss|88/100|[from] Spikes
|move|p2a: Bozo|Drain Punch|p1a: Amoonguss
|-resisted|p1a: Amoonguss
|-damage|p1a: Amoonguss|62/100
|-heal|p2a: Bozo|77/100 brn|[from] drain|[of] p1a: Amoonguss
|-damage|p2a: Bozo|60/100 brn|[from] item: Rocky Helmet|[of] p1a: Amoonguss
|
|-damage|p2a: Bozo|54/100 brn|[from] brn
|upkeep
|turn|11
|
|t:|1662591990
|move|p2a: Bozo|Knock Off|p1a: Amoonguss
|-damage|p1a: Amoonguss|18/100
|-damage|p2a: Bozo|38/100 brn|[from] item: Rocky Helmet|[of] p1a: Amoonguss
|-enditem|p1a: Amoonguss|Rocky Helmet|[from] move: Knock Off|[of] p2a: Bozo
|move|p1a: Amoonguss|Sludge Bomb|p2a: Bozo
|-damage|p2a: Bozo|4/100 brn
|
|-damage|p2a: Bozo|0 fnt|[from] brn
|faint|p2a: Bozo
|upkeep
|
|t:|1662592010
|switch|p2a: Brodie|Tapu Bulu, shiny|100/100
|-fieldstart|move: Grassy Terrain|[from] ability: Grassy Surge|[of] p2a: Brodie
|turn|12
|
|t:|1662592025
|switch|p1a: Celesteela|Celesteela|24/100
|move|p2a: Brodie|Zen Headbutt|p1a: Celesteela
|-resisted|p1a: Celesteela
|-damage|p1a: Celesteela|8/100
|-damage|p2a: Brodie|91/100|[from] item: Life Orb
|
|-heal|p2a: Brodie|97/100|[from] Grassy Terrain
|upkeep
|turn|13
|
|t:|1662592037
|move|p2a: Brodie|Horn Leech|p1a: Celesteela
|-resisted|p1a: Celesteela
|-damage|p1a: Celesteela|0 fnt
|-heal|p2a: Brodie|100/100|[from] drain|[of] p1a: Celesteela
|faint|p1a: Celesteela
|-damage|p2a: Brodie|91/100|[from] item: Life Orb
|
|-heal|p2a: Brodie|97/100|[from] Grassy Terrain
|upkeep
|
|t:|1662592053
|switch|p1a: Amoonguss|Amoonguss, F|51/100
|-damage|p1a: Amoonguss|39/100|[from] Spikes
|turn|14
|
|t:|1662592058
|switch|p1a: Excadrill|Excadrill, M|100/100
|-damage|p1a: Excadrill|88/100|[from] Spikes
|-ability|p1a: Excadrill|Mold Breaker
|move|p2a: Brodie|Zen Headbutt|p1a: Excadrill
|-resisted|p1a: Excadrill
|-crit|p1a: Excadrill
|-damage|p1a: Excadrill|46/100
|-damage|p2a: Brodie|87/100|[from] item: Life Orb
|
|-heal|p1a: Excadrill|52/100|[from] Grassy Terrain
|-heal|p1a: Excadrill|58/100|[from] item: Leftovers
|-heal|p2a: Brodie|93/100|[from] Grassy Terrain
|upkeep
|turn|15
|
|t:|1662592064
|switch|p1a: Amoonguss|Amoonguss, F|72/100
|-damage|p1a: Amoonguss|60/100|[from] Spikes
|move|p2a: Brodie|Horn Leech|p1a: Amoonguss
|-resisted|p1a: Amoonguss
|-damage|p1a: Amoonguss|46/100
|-heal|p2a: Brodie|100/100|[from] drain|[of] p1a: Amoonguss
|-damage|p2a: Brodie|91/100|[from] item: Life Orb
|
|-heal|p2a: Brodie|97/100|[from] Grassy Terrain
|-heal|p1a: Amoonguss|52/100|[from] Grassy Terrain
|upkeep
|turn|16
|
|t:|1662592068
|switch|p1a: Excadrill|Excadrill, M|58/100
|-damage|p1a: Excadrill|46/100|[from] Spikes
|-ability|p1a: Excadrill|Mold Breaker
|move|p2a: Brodie|Zen Headbutt|p1a: Excadrill|[miss]
|-miss|p2a: Brodie|p1a: Excadrill
|
|-heal|p1a: Excadrill|52/100|[from] Grassy Terrain
|-heal|p1a: Excadrill|58/100|[from] item: Leftovers
|-heal|p2a: Brodie|100/100|[from] Grassy Terrain
|-fieldend|move: Grassy Terrain
|upkeep
|turn|17
|
|t:|1662592075
|switch|p1a: Amoonguss|Amoonguss, F|86/100
|-damage|p1a: Amoonguss|73/100|[from] Spikes
|move|p2a: Brodie|Horn Leech|p1a: Amoonguss
|-resisted|p1a: Amoonguss
|-damage|p1a: Amoonguss|62/100
|-damage|p2a: Brodie|91/100|[from] item: Life Orb
|
|upkeep
|turn|18
|
|t:|1662592085
|switch|p1a: Excadrill|Excadrill, M|58/100
|-damage|p1a: Excadrill|45/100|[from] Spikes
|-ability|p1a: Excadrill|Mold Breaker
|move|p2a: Brodie|Zen Headbutt|p1a: Excadrill
|-resisted|p1a: Excadrill
|-damage|p1a: Excadrill|17/100
|-damage|p2a: Brodie|81/100|[from] item: Life Orb
|
|-heal|p1a: Excadrill|23/100|[from] item: Leftovers
|upkeep
|turn|19
|
|t:|1662592093
|move|p1a: Excadrill|Rapid Spin|p2a: Brodie
|-damage|p2a: Brodie|62/100
|-boost|p1a: Excadrill|spe|1
|-sideend|p1: Shades438|Spikes|[from] move: Rapid Spin|[of] p1a: Excadrill
|move|p2a: Brodie|Zen Headbutt|p1a: Excadrill
|-resisted|p1a: Excadrill
|-damage|p1a: Excadrill|0 fnt
|faint|p1a: Excadrill
|-damage|p2a: Brodie|52/100|[from] item: Life Orb
|
|upkeep
|
|t:|1662592102
|switch|p1a: Thundurus|Thundurus-Therian, M|100/100
|turn|20
|
|t:|1662592105
|switch|p2a: Livid|Thundurus-Therian, M|88/100
|move|p1a: Thundurus|Nasty Plot|p1a: Thundurus
|-boost|p1a: Thundurus|spa|2
|
|upkeep
|turn|21
|
|t:|1662592109
|move|p1a: Thundurus|Psychic|p2a: Livid
|-damage|p2a: Livid|0 fnt
|faint|p2a: Livid
|
|upkeep
|
|t:|1662592114
|switch|p2a: Bolt|Slowking, M, shiny|100/100
|turn|22
|
|t:|1662592117
|move|p1a: Thundurus|Thunderbolt|p2a: Bolt
|-supereffective|p2a: Bolt
|-damage|p2a: Bolt|0 fnt
|faint|p2a: Bolt
|
|upkeep
|inactive|ItalianMafiaMan7 has 120 seconds left.
|
|t:|1662592156
|switch|p2a: Brodie|Tapu Bulu, shiny|52/100
|-fieldstart|move: Grassy Terrain|[from] ability: Grassy Surge|[of] p2a: Brodie
|turn|23
|
|t:|1662592161
|move|p1a: Thundurus|Psychic|p2a: Brodie
|-damage|p2a: Brodie|0 fnt
|faint|p2a: Brodie
|
|upkeep
|
|t:|1662592164
|switch|p2a: Starscream|Skarmory, F|100/100 slp
|turn|24
|
|t:|1662592167
|move|p1a: Thundurus|Thunderbolt|p2a: Starscream
|-supereffective|p2a: Starscream
|-ability|p2a: Starscream|Sturdy
|-damage|p2a: Starscream|1/100 slp
|cant|p2a: Starscream|slp
|
|upkeep
|turn|25
|
|t:|1662592172
|move|p1a: Thundurus|Thunderbolt|p2a: Starscream
|-supereffective|p2a: Starscream
|-damage|p2a: Starscream|0 fnt
|faint|p2a: Starscream
|
|win|Shades438
|raw|Shades438's rating: 1379 &rarr; <strong>1391</strong><br />(+12 for winning)
|raw|ItalianMafiaMan7's rating: 1241 &rarr; <strong>1225</strong><br />(-16 for losing)
