|j|☆NoahDeKnight
|j|☆pif
|t:|1645653924
|gametype|singles
|player|p1|NoahDeKnight|wikstrom|1451
|player|p2|pif|169|1739
|teamsize|p1|6
|teamsize|p2|6
|gen|8
|tier|[Gen 8] UU
|rated|
|rule|Sleep Clause Mod: Limit one foe put to sleep
|rule|Species Clause: Limit one of each Pokémon
|rule|OHKO Clause: OHKO moves are banned
|rule|Evasion Moves Clause: Evasion moves are banned
|rule|Endless Battle Clause: Forcing endless battles is banned
|rule|HP Percentage Mod: HP is shown in percentages
|rule|Dynamax Clause: You cannot dynamax
|clearpoke
|poke|p1|Nihilego|
|poke|p1|Azumarill, F|
|poke|p1|Lycanroc-Dusk, M|
|poke|p1|Moltres-Galar|
|poke|p1|Salamence, F|
|poke|p1|Excadrill, M|
|poke|p2|Regidrago|
|poke|p2|Crawdaunt, F|
|poke|p2|Jirachi|
|poke|p2|Rotom-Wash|
|poke|p2|Amoonguss, F|
|poke|p2|Seismitoad, M|
|teampreview
|c|☆NoahDeKnight|oh hi pif
|c|☆pif|hi there
|c|☆pif|hf
|c|☆NoahDeKnight|hf
|
|t:|1645653955
|start
|switch|p1a: ADCARRY|Excadrill, M|100/100
|switch|p2a: pinchy winchy|Crawdaunt, F|100/100
|-ability|p1a: ADCARRY|Mold Breaker
|turn|1
|
|t:|1645653961
|move|p1a: ADCARRY|Stealth Rock|p2a: pinchy winchy
|-sidestart|p2: pif|move: Stealth Rock
|move|p2a: pinchy winchy|Knock Off|p1a: ADCARRY
|-enditem|p1a: ADCARRY|Focus Sash
|-damage|p1a: ADCARRY|1/100
|
|upkeep
|turn|2
|
|t:|1645653967
|switch|p2a: shroom of doom|Amoonguss, F|100/100
|-damage|p2a: shroom of doom|88/100|[from] Stealth Rock
|move|p1a: ADCARRY|Earthquake|p2a: shroom of doom
|-damage|p2a: shroom of doom|48/100
|-enditem|p2a: shroom of doom|Eject Button
|
|t:|1645653972
|switch|p2a: flinchy winchy|Jirachi|100/100
|-damage|p2a: flinchy winchy|94/100|[from] Stealth Rock
|
|-heal|p2a: flinchy winchy|100/100|[from] item: Leftovers
|upkeep
|turn|3
|
|t:|1645653978
|move|p2a: flinchy winchy|U-turn|p1a: ADCARRY
|-resisted|p1a: ADCARRY
|-damage|p1a: ADCARRY|0 fnt
|faint|p1a: ADCARRY
|
|t:|1645653984
|switch|p2a: soggy froggy|Seismitoad, M|100/100|[from]move: U-turn
|-damage|p2a: soggy froggy|94/100|[from] Stealth Rock
|
|-heal|p2a: soggy froggy|100/100|[from] item: Leftovers
|upkeep
|
|t:|1645653990
|switch|p1a: Blu|Azumarill, F|100/100
|turn|4
|
|t:|1645653995
|move|p2a: soggy froggy|Earthquake|p1a: Blu
|-damage|p1a: Blu|41/100
|-enditem|p1a: Blu|Sitrus Berry|[eat]
|-heal|p1a: Blu|66/100|[from] item: Sitrus Berry
|move|p1a: Blu|Belly Drum|p1a: Blu
|-damage|p1a: Blu|16/100
|-setboost|p1a: Blu|atk|6|[from] move: Belly Drum
|
|upkeep
|turn|5
|
|t:|1645654005
|move|p1a: Blu|Aqua Jet|p2a: soggy froggy
|-immune|p2a: soggy froggy|[from] ability: Water Absorb
|move|p2a: soggy froggy|Liquidation|p1a: Blu
|-resisted|p1a: Blu
|-damage|p1a: Blu|0 fnt
|faint|p1a: Blu
|
|upkeep
|
|t:|1645654012
|switch|p1a: Mence|Salamence, F|100/100
|-ability|p1a: Mence|Intimidate|boost
|-unboost|p2a: soggy froggy|atk|1
|turn|6
|c|☆NoahDeKnight|wp
|
|t:|1645654019
|move|p1a: Mence|Dragon Dance|p1a: Mence
|-boost|p1a: Mence|atk|1
|-boost|p1a: Mence|spe|1
|move|p2a: soggy froggy|Ice Punch|p1a: Mence
|-supereffective|p1a: Mence
|-damage|p1a: Mence|30/100
|
|upkeep
|turn|7
|
|t:|1645654026
|move|p1a: Mence|Outrage|p2a: soggy froggy
|-damage|p2a: soggy froggy|0 fnt
|faint|p2a: soggy froggy
|
|upkeep
|
|t:|1645654034
|switch|p2a: flinchy winchy|Jirachi|100/100
|-damage|p2a: flinchy winchy|94/100|[from] Stealth Rock
|turn|8
|
|t:|1645654038
|move|p1a: Mence|Outrage|p2a: flinchy winchy|[from]lockedmove
|-resisted|p2a: flinchy winchy
|-damage|p2a: flinchy winchy|51/100
|move|p2a: flinchy winchy|Iron Head|p1a: Mence
|-damage|p1a: Mence|0 fnt
|faint|p1a: Mence
|
|-heal|p2a: flinchy winchy|57/100|[from] item: Leftovers
|upkeep
|
|t:|1645654045
|switch|p1a: Failure|Moltres-Galar|100/100
|turn|9
|
|t:|1645654052
|move|p2a: flinchy winchy|U-turn|p1a: Failure
|-damage|p1a: Failure|83/100
|
|t:|1645654055
|switch|p2a: regi whacko|Regidrago|100/100|[from]move: U-turn
|-damage|p2a: regi whacko|88/100|[from] Stealth Rock
|move|p1a: Failure|Agility|p1a: Failure
|-boost|p1a: Failure|spe|2
|
|upkeep
|turn|10
|
|t:|1645654067
|move|p1a: Failure|Nasty Plot|p1a: Failure
|-boost|p1a: Failure|spa|2
|move|p2a: regi whacko|Dragon Energy|p1a: Failure
|-damage|p1a: Failure|8/100
|-ability|p1a: Failure|Berserk|boost
|-boost|p1a: Failure|spa|1
|
|upkeep
|turn|11
|
|t:|1645654074
|move|p1a: Failure|Fiery Wrath|p2a: regi whacko
|-damage|p2a: regi whacko|0 fnt
|faint|p2a: regi whacko
|
|upkeep
|
|t:|1645654077
|switch|p2a: pinchy winchy|Crawdaunt, F|100/100
|-damage|p2a: pinchy winchy|88/100|[from] Stealth Rock
|turn|12
|
|t:|1645654080
|move|p2a: pinchy winchy|Aqua Jet|p1a: Failure
|-damage|p1a: Failure|0 fnt
|faint|p1a: Failure
|
|upkeep
|
|t:|1645654084
|switch|p1a: Dusker|Lycanroc-Dusk, M|100/100
|turn|13
|
|t:|1645654088
|move|p2a: pinchy winchy|Aqua Jet|p1a: Dusker
|-supereffective|p1a: Dusker
|-damage|p1a: Dusker|0 fnt
|faint|p1a: Dusker
|
|upkeep
|
|t:|1645654090
|switch|p1a: Lusamine|Nihilego|100/100
|turn|14
|
|t:|1645654092
|move|p2a: pinchy winchy|Aqua Jet|p1a: Lusamine
|-supereffective|p1a: Lusamine
|-damage|p1a: Lusamine|0 fnt
|faint|p1a: Lusamine
|
|win|pif
|raw|NoahDeKnight's rating: 1451 &rarr; <strong>1445</strong><br />(-6 for losing)
|raw|pif's rating: 1739 &rarr; <strong>1745</strong><br />(+6 for winning)
|c|☆pif|gg
|c|☆NoahDeKnight|ggwp
|l|☆pif
|j|☆pif
|player|p2|pif|169
