|j|☆robster09
|j|☆vive macron
|t:|1612907824
|player|p1|robster09|169|1492
|player|p2|vive macron|tuber|1410
|teamsize|p1|6
|teamsize|p2|6
|gametype|singles
|gen|8
|tier|[Gen 8] UU
|rated|
|clearpoke
|poke|p1|Azumarill, M|
|poke|p1|Victini|
|poke|p1|Moltres-Galar|
|poke|p1|Kyurem|
|poke|p1|Zeraora|
|poke|p1|Nidoqueen, F|
|poke|p2|Scizor, M|
|poke|p2|Slowking, F|
|poke|p2|Kommo-o, M|
|poke|p2|Ditto|
|poke|p2|Nihilego|
|poke|p2|Rotom-Heat|
|rule|Sleep Clause Mod: Limit one foe put to sleep
|rule|Species Clause: Limit one of each Pokémon
|rule|OHKO Clause: OHKO moves are banned
|rule|Evasion Moves Clause: Evasion moves are banned
|rule|Endless Battle Clause: Forcing endless battles is banned
|rule|HP Percentage Mod: HP is shown in percentages
|rule|Dynamax Clause: You cannot dynamax
|teampreview
|inactive|Battle timer is ON: inactive players will automatically lose when time's up. (requested by robster09)
|c|☆vive macron|again
|
|t:|1612907850
|start
|switch|p1a: Nidoqueen|Nidoqueen, F|100/100
|switch|p2a: Scizor|Scizor, M|100/100
|turn|1
|
|t:|1612907856
|move|p1a: Nidoqueen|Stealth Rock|p2a: Scizor
|-sidestart|p2: vive macron|move: Stealth Rock
|move|p2a: Scizor|Knock Off|p1a: Nidoqueen
|-damage|p1a: Nidoqueen|56/100
|-damage|p2a: Scizor|84/100|[from] item: Rocky Helmet|[of] p1a: Nidoqueen
|-enditem|p1a: Nidoqueen|Rocky Helmet|[from] move: Knock Off|[of] p2a: Scizor
|-damage|p2a: Scizor|74/100|[from] item: Life Orb
|
|upkeep
|turn|2
|
|t:|1612907865
|move|p2a: Scizor|Bullet Punch|p1a: Nidoqueen
|-damage|p1a: Nidoqueen|17/100
|-damage|p2a: Scizor|64/100|[from] item: Life Orb
|move|p1a: Nidoqueen|Toxic Spikes|p2a: Scizor
|-sidestart|p2: vive macron|move: Toxic Spikes
|
|upkeep
|turn|3
|
|t:|1612907874
|switch|p1a: Victini|Victini|100/100
|move|p2a: Scizor|Bullet Punch|p1a: Victini
|-resisted|p1a: Victini
|-damage|p1a: Victini|82/100
|-damage|p2a: Scizor|54/100|[from] item: Life Orb
|
|upkeep
|turn|4
|
|t:|1612907883
|switch|p2a: Slowking|Slowking, F|100/100
|-damage|p2a: Slowking|88/100|[from] Stealth Rock
|-status|p2a: Slowking|psn
|move|p1a: Victini|V-create|p2a: Slowking
|-resisted|p2a: Slowking
|-damage|p2a: Slowking|45/100 psn
|-unboost|p1a: Victini|spe|1
|-unboost|p1a: Victini|def|1
|-unboost|p1a: Victini|spd|1
|-damage|p1a: Victini|65/100|[from] item: Rocky Helmet|[of] p2a: Slowking
|
|-damage|p2a: Slowking|33/100 psn|[from] psn
|upkeep
|turn|5
|
|t:|1612907896
|switch|p2a: Rotom|Rotom-Heat|100/100
|move|p1a: Victini|V-create|p2a: Rotom
|-resisted|p2a: Rotom
|-damage|p2a: Rotom|38/100
|-unboost|p1a: Victini|spe|1
|-unboost|p1a: Victini|def|1
|-unboost|p1a: Victini|spd|1
|
|upkeep
|turn|6
|
|t:|1612907904
|switch|p1a: Nidoqueen|Nidoqueen, F|17/100
|move|p2a: Rotom|Overheat|p1a: Nidoqueen
|-damage|p1a: Nidoqueen|0 fnt
|-unboost|p2a: Rotom|spa|2
|faint|p1a: Nidoqueen
|
|upkeep
|
|t:|1612907914
|switch|p1a: Moltres|Moltres-Galar|100/100
|turn|7
|
|t:|1612907920
|move|p2a: Rotom|Defog|p1a: Moltres
|-unboost|p1a: Moltres|evasion|1
|-sideend|p2: vive macron|Toxic Spikes|[from] move: Defog|[of] p2a: Rotom
|-sideend|p2: vive macron|Stealth Rock|[from] move: Defog|[of] p2a: Rotom
|move|p1a: Moltres|Agility|p1a: Moltres
|-boost|p1a: Moltres|spe|2
|
|upkeep
|turn|8
|
|t:|1612907930
|move|p1a: Moltres|Fiery Wrath|p2a: Rotom
|-crit|p2a: Rotom
|-damage|p2a: Rotom|0 fnt
|faint|p2a: Rotom
|
|upkeep
|
|t:|1612907935
|switch|p2a: Nihilego|Nihilego|100/100
|turn|9
|
|t:|1612907944
|move|p1a: Moltres|Fiery Wrath|p2a: Nihilego
|-damage|p2a: Nihilego|68/100
|move|p2a: Nihilego|Meteor Beam||[still]
|-prepare|p2a: Nihilego|Meteor Beam
|-boost|p2a: Nihilego|spa|1
|-enditem|p2a: Nihilego|Power Herb
|-anim|p2a: Nihilego|Meteor Beam|p1a: Moltres
|-supereffective|p1a: Moltres
|-damage|p1a: Moltres|0 fnt
|faint|p1a: Moltres
|-ability|p2a: Nihilego|Beast Boost|boost
|-boost|p2a: Nihilego|spe|1
|
|upkeep
|
|t:|1612907957
|switch|p1a: Azumarill|Azumarill, M|100/100
|turn|10
|
|t:|1612907960
|move|p1a: Azumarill|Aqua Jet|p2a: Nihilego
|-supereffective|p2a: Nihilego
|-damage|p2a: Nihilego|0 fnt
|faint|p2a: Nihilego
|
|upkeep
|
|t:|1612907971
|switch|p2a: Scizor|Scizor, M|54/100
|turn|11
|
|t:|1612907975
|move|p2a: Scizor|Roost|p2a: Scizor
|-heal|p2a: Scizor|100/100
|-singleturn|p2a: Scizor|move: Roost
|move|p1a: Azumarill|Superpower|p2a: Scizor
|-damage|p2a: Scizor|59/100
|-unboost|p1a: Azumarill|atk|1
|-unboost|p1a: Azumarill|def|1
|
|upkeep
|turn|12
|
|t:|1612907984
|switch|p1a: Victini|Victini|65/100
|move|p2a: Scizor|Knock Off|p1a: Victini
|-supereffective|p1a: Victini
|-crit|p1a: Victini
|-damage|p1a: Victini|0 fnt
|-enditem|p1a: Victini|Choice Band|[from] move: Knock Off|[of] p2a: Scizor
|-damage|p2a: Scizor|49/100|[from] item: Life Orb
|faint|p1a: Victini
|
|upkeep
|
|t:|1612907993
|switch|p1a: Zeraora|Zeraora|100/100
|turn|13
|
|t:|1612908009
|switch|p2a: Slowking|Slowking, F|66/100 psn
|move|p1a: Zeraora|Knock Off|p2a: Slowking
|-supereffective|p2a: Slowking
|-damage|p2a: Slowking|0 fnt
|-damage|p1a: Zeraora|84/100|[from] item: Rocky Helmet|[of] p2a: Slowking
|-enditem|p2a: Slowking|Rocky Helmet|[from] move: Knock Off|[of] p1a: Zeraora
|faint|p2a: Slowking
|
|upkeep
|j| mystik22
|
|t:|1612908020
|switch|p2a: Ditto|Ditto|100/100
|-transform|p2a: Ditto|p1a: Zeraora|[from] ability: Imposter
|turn|14
|
|t:|1612908031
|move|p2a: Ditto|Knock Off|p1a: Zeraora
|-damage|p1a: Zeraora|42/100
|-enditem|p1a: Zeraora|Choice Band|[from] move: Knock Off|[of] p2a: Ditto
|move|p1a: Zeraora|Knock Off|p2a: Ditto
|-damage|p2a: Ditto|55/100
|-enditem|p2a: Ditto|Choice Scarf|[from] move: Knock Off|[of] p1a: Zeraora
|
|upkeep
|turn|15
|
|t:|1612908041
|move|p1a: Zeraora|Close Combat|p2a: Ditto
|-damage|p2a: Ditto|5/100
|-unboost|p1a: Zeraora|def|1
|-unboost|p1a: Zeraora|spd|1
|move|p2a: Ditto|Close Combat|p1a: Zeraora
|-damage|p1a: Zeraora|0 fnt
|-unboost|p2a: Ditto|def|1
|-unboost|p2a: Ditto|spd|1
|faint|p1a: Zeraora
|
|upkeep
|l| mystik22
|
|t:|1612908052
|switch|p1a: Azumarill|Azumarill, M|100/100
|turn|16
|
|t:|1612908057
|move|p1a: Azumarill|Aqua Jet|p2a: Ditto
|-damage|p2a: Ditto|0 fnt
|faint|p2a: Ditto
|
|upkeep
|
|t:|1612908061
|switch|p2a: Scizor|Scizor, M|49/100
|turn|17
|
|t:|1612908073
|move|p1a: Azumarill|Aqua Jet|p2a: Scizor
|-damage|p2a: Scizor|26/100
|move|p2a: Scizor|Roost|p2a: Scizor
|-heal|p2a: Scizor|76/100
|-singleturn|p2a: Scizor|move: Roost
|
|upkeep
|turn|18
|
|t:|1612908081
|switch|p1a: Kyurem|Kyurem|100/100
|-ability|p1a: Kyurem|Pressure
|move|p2a: Scizor|Roost|p2a: Scizor
|-heal|p2a: Scizor|100/100
|-singleturn|p2a: Scizor|move: Roost
|
|upkeep
|turn|19
|
|t:|1612908091
|move|p2a: Scizor|Bullet Punch|p1a: Kyurem
|-supereffective|p1a: Kyurem
|-damage|p1a: Kyurem|21/100
|-damage|p2a: Scizor|91/100|[from] item: Life Orb
|move|p1a: Kyurem|Earth Power|p2a: Scizor
|-damage|p2a: Scizor|50/100
|
|-heal|p1a: Kyurem|27/100|[from] item: Leftovers
|upkeep
|turn|20
|
|t:|1612908118
|switch|p2a: Kommo-o|Kommo-o, M|100/100
|move|p1a: Kyurem|Earth Power|p2a: Kommo-o
|-damage|p2a: Kommo-o|69/100
|
|-heal|p1a: Kyurem|33/100|[from] item: Leftovers
|-heal|p2a: Kommo-o|75/100|[from] item: Leftovers
|upkeep
|turn|21
|
|t:|1612908127
|move|p1a: Kyurem|Draco Meteor|p2a: Kommo-o
|-supereffective|p2a: Kommo-o
|-damage|p2a: Kommo-o|0 fnt
|-unboost|p1a: Kyurem|spa|2
|faint|p2a: Kommo-o
|
|-heal|p1a: Kyurem|39/100|[from] item: Leftovers
|upkeep
|
|t:|1612908134
|switch|p2a: Scizor|Scizor, M|50/100
|turn|22
|
|t:|1612908137
|move|p1a: Kyurem|Earth Power|p2a: Scizor
|-damage|p2a: Scizor|30/100
|move|p2a: Scizor|Roost|p2a: Scizor
|-heal|p2a: Scizor|80/100
|-singleturn|p2a: Scizor|move: Roost
|
|-heal|p1a: Kyurem|45/100|[from] item: Leftovers
|upkeep
|turn|23
|
|t:|1612908146
|move|p2a: Scizor|Bullet Punch|p1a: Kyurem
|-supereffective|p1a: Kyurem
|-damage|p1a: Kyurem|0 fnt
|-damage|p2a: Scizor|70/100|[from] item: Life Orb
|faint|p1a: Kyurem
|
|upkeep
|
|t:|1612908151
|switch|p1a: Azumarill|Azumarill, M|100/100
|turn|24
|
|t:|1612908155
|move|p2a: Scizor|Roost|p2a: Scizor
|-heal|p2a: Scizor|100/100
|-singleturn|p2a: Scizor|move: Roost
|move|p1a: Azumarill|Belly Drum|p1a: Azumarill
|-damage|p1a: Azumarill|50/100
|-setboost|p1a: Azumarill|atk|6|[from] move: Belly Drum
|-enditem|p1a: Azumarill|Sitrus Berry|[eat]
|-heal|p1a: Azumarill|75/100|[from] item: Sitrus Berry
|
|upkeep
|turn|25
|
|t:|1612908163
|move|p2a: Scizor|Bullet Punch|p1a: Azumarill
|-damage|p1a: Azumarill|31/100
|-damage|p2a: Scizor|91/100|[from] item: Life Orb
|move|p1a: Azumarill|Aqua Jet|p2a: Scizor
|-damage|p2a: Scizor|5/100
|
|upkeep
|turn|26
|
|t:|1612908170
|move|p2a: Scizor|Bullet Punch|p1a: Azumarill
|-crit|p1a: Azumarill
|-damage|p1a: Azumarill|0 fnt
|-damage|p2a: Scizor|0 fnt|[from] item: Life Orb
|faint|p1a: Azumarill
|faint|p2a: Scizor
|
|win|vive macron
|l|☆robster09
|c|☆vive macron|gg
||Ladder (probably) updated, but score could not be retrieved (Request timeout).
