|j|☆ekless
|j|☆Liz Angeles
|t:|1666193987
|gametype|singles
|player|p1|ekless|clerk|1445
|player|p2|Liz Angeles|marley|1635
|teamsize|p1|6
|teamsize|p2|6
|gen|8
|tier|[Gen 8] UU
|rated|
|rule|Sleep Clause Mod: Limit one foe put to sleep
|rule|Species Clause: Limit one of each Pokémon
|rule|OHKO Clause: OHKO moves are banned
|rule|Evasion Items Clause: Evasion items are banned
|rule|Evasion Moves Clause: Evasion moves are banned
|rule|Endless Battle Clause: Forcing endless battles is banned
|rule|HP Percentage Mod: HP is shown in percentages
|rule|Dynamax Clause: You cannot dynamax
|clearpoke
|poke|p1|Conkeldurr, F|
|poke|p1|Chansey, F|
|poke|p1|Reuniclus, M|
|poke|p1|Regieleki|
|poke|p1|Tapu Bulu|
|poke|p1|Krookodile, F|
|poke|p2|Quagsire, F|
|poke|p2|Chansey, F|
|poke|p2|Skarmory, F|
|poke|p2|Umbreon, M|
|poke|p2|Dhelmise|
|poke|p2|Weezing-Galar, M|
|teampreview
|c|☆ekless|fuck
|inactive|Battle timer is ON: inactive players will automatically lose when time's up. (requested by ekless)
|
|t:|1666194031
|start
|switch|p1a: Tapu Bulu|Tapu Bulu|100/100
|switch|p2a: Chansey|Chansey, F|100/100
|-fieldstart|move: Grassy Terrain|[from] ability: Grassy Surge|[of] p1a: Tapu Bulu
|turn|1
|
|t:|1666194046
|move|p1a: Tapu Bulu|Taunt|p2a: Chansey
|-start|p2a: Chansey|move: Taunt
|cant|p2a: Chansey|move: Taunt|Toxic
|
|upkeep
|turn|2
|
|t:|1666194054
|switch|p1a: Krookodile|Krookodile, F|100/100
|-ability|p1a: Krookodile|Intimidate|boost
|-unboost|p2a: Chansey|atk|1
|switch|p2a: Dhelmise|Dhelmise|100/100
|
|upkeep
|turn|3
|
|t:|1666194064
|switch|p2a: Skarmory|Skarmory, F|100/100
|move|p1a: Krookodile|Knock Off|p2a: Skarmory
|-damage|p2a: Skarmory|71/100
|-damage|p1a: Krookodile|84/100|[from] item: Rocky Helmet|[of] p2a: Skarmory
|-enditem|p2a: Skarmory|Rocky Helmet|[from] move: Knock Off|[of] p1a: Krookodile
|
|-heal|p1a: Krookodile|90/100|[from] Grassy Terrain
|-heal|p1a: Krookodile|96/100|[from] item: Leftovers
|upkeep
|turn|4
|inactive|Liz Angeles has 120 seconds left.
|
|t:|1666194097
|switch|p1a: Conkeldurr|Conkeldurr, F|100/100
|move|p2a: Skarmory|Spikes|p1a: Conkeldurr
|-sidestart|p1: ekless|Spikes
|
|-status|p1a: Conkeldurr|brn|[from] item: Flame Orb
|upkeep
|turn|5
|
|t:|1666194105
|switch|p2a: Weezing|Weezing-Galar, M|100/100
|-ability|p2a: Weezing|Neutralizing Gas
|move|p1a: Conkeldurr|Ice Punch|p2a: Weezing
|-damage|p2a: Weezing|91/100
|
|-heal|p2a: Weezing|97/100|[from] Grassy Terrain
|-heal|p2a: Weezing|100/100|[from] item: Black Sludge
|-damage|p1a: Conkeldurr|94/100 brn|[from] brn
|-fieldend|move: Grassy Terrain
|upkeep
|turn|6
|
|t:|1666194119
|switch|p1a: Chansey|Chansey, F|100/100
|-damage|p1a: Chansey|88/100|[from] Spikes
|move|p2a: Weezing|Taunt|p1a: Chansey
|-start|p1a: Chansey|move: Taunt
|
|upkeep
|turn|7
|
|t:|1666194126
|-end|p2a: Weezing|ability: Neutralizing Gas
|switch|p2a: Dhelmise|Dhelmise|100/100
|move|p1a: Chansey|Seismic Toss|p2a: Dhelmise
|-immune|p2a: Dhelmise
|
|upkeep
|turn|8
|
|t:|1666194141
|switch|p1a: Tapu Bulu|Tapu Bulu|100/100
|-damage|p1a: Tapu Bulu|88/100|[from] Spikes
|-fieldstart|move: Grassy Terrain|[from] ability: Grassy Surge|[of] p1a: Tapu Bulu
|move|p2a: Dhelmise|Knock Off|p1a: Tapu Bulu
|-resisted|p1a: Tapu Bulu
|-damage|p1a: Tapu Bulu|79/100
|-damage|p2a: Dhelmise|84/100|[from] item: Rocky Helmet|[of] p1a: Tapu Bulu
|-enditem|p1a: Tapu Bulu|Rocky Helmet|[from] move: Knock Off|[of] p2a: Dhelmise
|
|-heal|p1a: Tapu Bulu|85/100|[from] Grassy Terrain
|-heal|p2a: Dhelmise|90/100|[from] Grassy Terrain
|upkeep
|turn|9
|
|t:|1666194153
|switch|p2a: Skarmory|Skarmory, F|71/100
|move|p1a: Tapu Bulu|Taunt|p2a: Skarmory
|-start|p2a: Skarmory|move: Taunt
|
|-heal|p1a: Tapu Bulu|91/100|[from] Grassy Terrain
|upkeep
|turn|10
|
|t:|1666194162
|switch|p1a: Reuniclus|Reuniclus, M|100/100
|-enditem|p1a: Reuniclus|Grassy Seed
|-boost|p1a: Reuniclus|def|1|[from] item: Grassy Seed
|switch|p2a: Dhelmise|Dhelmise|90/100
|
|-heal|p2a: Dhelmise|96/100|[from] Grassy Terrain
|upkeep
|turn|11
|
|t:|1666194171
|switch|p2a: Quagsire|Quagsire, F|100/100
|move|p1a: Reuniclus|Calm Mind|p1a: Reuniclus
|-boost|p1a: Reuniclus|spa|1
|-boost|p1a: Reuniclus|spd|1
|
|upkeep
|turn|12
|
|t:|1666194177
|move|p2a: Quagsire|Toxic|p1a: Reuniclus
|-status|p1a: Reuniclus|tox
|move|p1a: Reuniclus|Calm Mind|p1a: Reuniclus
|-boost|p1a: Reuniclus|spa|1
|-boost|p1a: Reuniclus|spd|1
|
|-fieldend|move: Grassy Terrain
|upkeep
|turn|13
|
|t:|1666194184
|move|p2a: Quagsire|Earthquake|p1a: Reuniclus
|-damage|p1a: Reuniclus|81/100 tox
|move|p1a: Reuniclus|Calm Mind|p1a: Reuniclus
|-boost|p1a: Reuniclus|spa|1
|-boost|p1a: Reuniclus|spd|1
|
|upkeep
|turn|14
|
|t:|1666194191
|move|p2a: Quagsire|Earthquake|p1a: Reuniclus
|-damage|p1a: Reuniclus|60/100 tox
|move|p1a: Reuniclus|Calm Mind|p1a: Reuniclus
|-boost|p1a: Reuniclus|spa|1
|-boost|p1a: Reuniclus|spd|1
|
|upkeep
|turn|15
|
|t:|1666194197
|move|p2a: Quagsire|Earthquake|p1a: Reuniclus
|-damage|p1a: Reuniclus|39/100 tox
|move|p1a: Reuniclus|Recover|p1a: Reuniclus
|-heal|p1a: Reuniclus|89/100 tox
|
|upkeep
|turn|16
|
|t:|1666194206
|move|p2a: Quagsire|Earthquake|p1a: Reuniclus
|-damage|p1a: Reuniclus|67/100 tox
|move|p1a: Reuniclus|Calm Mind|p1a: Reuniclus
|-boost|p1a: Reuniclus|spa|1
|-boost|p1a: Reuniclus|spd|1
|
|upkeep
|turn|17
|
|t:|1666194212
|move|p2a: Quagsire|Earthquake|p1a: Reuniclus
|-damage|p1a: Reuniclus|44/100 tox
|move|p1a: Reuniclus|Recover|p1a: Reuniclus
|-heal|p1a: Reuniclus|94/100 tox
|
|upkeep
|turn|18
|
|t:|1666194220
|move|p2a: Quagsire|Earthquake|p1a: Reuniclus
|-damage|p1a: Reuniclus|73/100 tox
|move|p1a: Reuniclus|Calm Mind|p1a: Reuniclus
|-boost|p1a: Reuniclus|spa|1
|-boost|p1a: Reuniclus|spd|1
|
|upkeep
|turn|19
|
|t:|1666194226
|move|p2a: Quagsire|Scald|p1a: Reuniclus
|-damage|p1a: Reuniclus|57/100 tox
|move|p1a: Reuniclus|Recover|p1a: Reuniclus
|-heal|p1a: Reuniclus|100/100 tox
|
|upkeep
|turn|20
|
|t:|1666194232
|move|p2a: Quagsire|Scald|p1a: Reuniclus
|-damage|p1a: Reuniclus|84/100 tox
|move|p1a: Reuniclus|Stored Power|p2a: Quagsire
|-damage|p2a: Quagsire|0 fnt
|faint|p2a: Quagsire
|
|upkeep
|
|t:|1666194243
|switch|p2a: Umbreon|Umbreon, M|100/100
|turn|21
|
|t:|1666194246
|move|p2a: Umbreon|Protect|p2a: Umbreon
|-singleturn|p2a: Umbreon|Protect
|move|p1a: Reuniclus|Focus Blast|p2a: Umbreon
|-activate|p2a: Umbreon|move: Protect
|
|upkeep
|turn|22
|
|t:|1666194257
|switch|p2a: Weezing|Weezing-Galar, M|100/100
|-ability|p2a: Weezing|Neutralizing Gas
|move|p1a: Reuniclus|Stored Power|p2a: Weezing
|-supereffective|p2a: Weezing
|-damage|p2a: Weezing|0 fnt
|faint|p2a: Weezing
|-end|p2a: Weezing|ability: Neutralizing Gas
|
|upkeep
|-message|Liz Angeles forfeited.
|
|win|ekless
|raw|ekless's rating: 1445 &rarr; <strong>1476</strong><br />(+31 for winning)
|raw|Liz Angeles's rating: 1652 &rarr; <strong>1621</strong><br />(-31 for losing)
|l|☆Liz Angeles
|c|☆ekless|justice
||Ladder isn't responding, score probably updated but might not have (Request timeout).
