|j|☆Zephyyyr
|j|☆Ineedaonetype
|t:|1656786597
|gametype|singles
|player|p1|Zephyyyr|richboy|1541
|player|p2|Ineedaonetype|2|1537
|teamsize|p1|6
|teamsize|p2|6
|gen|8
|tier|[Gen 8] UU
|rated|
|rule|Sleep Clause Mod: Limit one foe put to sleep
|rule|Species Clause: Limit one of each Pokémon
|rule|OHKO Clause: OHKO moves are banned
|rule|Evasion Moves Clause: Evasion moves are banned
|rule|Endless Battle Clause: Forcing endless battles is banned
|rule|HP Percentage Mod: HP is shown in percentages
|rule|Dynamax Clause: You cannot dynamax
|clearpoke
|poke|p1|Azumarill, F|
|poke|p1|Thundurus-Therian, M|
|poke|p1|Tangrowth, M|
|poke|p1|Salamence, M|
|poke|p1|Cobalion|
|poke|p1|Krookodile, F|
|poke|p2|Stakataka|
|poke|p2|Hatterene, F|
|poke|p2|Heracross, M|
|poke|p2|Cresselia, F|
|poke|p2|Azumarill, M|
|poke|p2|Marowak-Alola, F|
|teampreview
|
|t:|1656786633
|start
|switch|p1a: Azumarill|Azumarill, F|100/100
|switch|p2a: Hatterene|Hatterene, F|100/100
|turn|1
|
|t:|1656786640
|move|p1a: Azumarill|Play Rough|p2a: Hatterene
|-damage|p2a: Hatterene|5/100
|move|p2a: Hatterene|Trick Room|p2a: Hatterene
|-fieldstart|move: Trick Room|[of] p2a: Hatterene
|
|upkeep
|turn|2
|
|t:|1656786645
|switch|p1a: Tangrowth|Tangrowth, M|100/100
|move|p2a: Hatterene|Misty Explosion|p1a: Tangrowth
|-damage|p1a: Tangrowth|65/100
|faint|p2a: Hatterene
|
|upkeep
|
|t:|1656786679
|switch|p2a: Marowak|Marowak-Alola, F|100/100
|turn|3
|
|t:|1656786691
|switch|p1a: Krookodile|Krookodile, F|100/100
|-ability|p1a: Krookodile|Intimidate|boost
|-unboost|p2a: Marowak|atk|1
|move|p2a: Marowak|Flare Blitz|p1a: Krookodile
|-crit|p1a: Krookodile
|-damage|p1a: Krookodile|0 fnt
|faint|p1a: Krookodile
|-damage|p2a: Marowak|67/100|[from] Recoil
|
|upkeep
|
|t:|1656786693
|switch|p1a: Azumarill|Azumarill, F|100/100
|turn|4
|j| AJisawesome
|inactive|Battle timer is ON: inactive players will automatically lose when time's up. (requested by Zephyyyr)
|
|t:|1656786704
|move|p1a: Azumarill|Aqua Jet|p2a: Marowak
|-supereffective|p2a: Marowak
|-damage|p2a: Marowak|0 fnt
|faint|p2a: Marowak
|
|upkeep
|
|t:|1656786712
|switch|p2a: Stakataka|Stakataka|100/100
|turn|5
|
|t:|1656786729
|switch|p1a: Cobalion|Cobalion, shiny|100/100
|move|p2a: Stakataka|Gyro Ball|p1a: Cobalion
|-resisted|p1a: Cobalion
|-damage|p1a: Cobalion|55/100
|-damage|p2a: Stakataka|84/100|[from] item: Rocky Helmet|[of] p1a: Cobalion
|-damage|p2a: Stakataka|74/100|[from] item: Life Orb
|
|-fieldend|move: Trick Room
|upkeep
|turn|6
|
|t:|1656786742
|move|p1a: Cobalion|Volt Switch|p2a: Stakataka
|-damage|p2a: Stakataka|61/100
|
|t:|1656786746
|switch|p1a: Tangrowth|Tangrowth, M|99/100|[from]move: Volt Switch
|move|p2a: Stakataka|Trick Room|p2a: Stakataka
|-fieldstart|move: Trick Room|[of] p2a: Stakataka
|
|upkeep
|turn|7
|
|t:|1656786763
|move|p2a: Stakataka|Stone Edge|p1a: Tangrowth
|-crit|p1a: Tangrowth
|-damage|p1a: Tangrowth|18/100
|-damage|p2a: Stakataka|51/100|[from] item: Life Orb
|move|p1a: Tangrowth|Earthquake|p2a: Stakataka
|-supereffective|p2a: Stakataka
|-damage|p2a: Stakataka|2/100
|
|upkeep
|turn|8
|
|t:|1656786771
|switch|p1a: Cobalion|Cobalion, shiny|55/100
|move|p2a: Stakataka|Body Press|p1a: Cobalion
|-supereffective|p1a: Cobalion
|-damage|p1a: Cobalion|0 fnt
|-damage|p2a: Stakataka|0 fnt|[from] item: Rocky Helmet|[of] p1a: Cobalion
|faint|p1a: Cobalion
|faint|p2a: Stakataka
|
|upkeep
|
|t:|1656786794
|switch|p2a: Heracross|Heracross, M|100/100
|switch|p1a: Tangrowth|Tangrowth, M|51/100
|turn|9
|
|t:|1656786801
|switch|p1a: Salamence|Salamence, M|100/100
|-ability|p1a: Salamence|Intimidate|boost
|-unboost|p2a: Heracross|atk|1
|move|p2a: Heracross|Close Combat|p1a: Salamence
|-resisted|p1a: Salamence
|-damage|p1a: Salamence|66/100
|-unboost|p2a: Heracross|def|1
|-unboost|p2a: Heracross|spd|1
|
|upkeep
|turn|10
|inactive|Ineedaonetype has 120 seconds left.
|
|t:|1656786834
|switch|p2a: Cresselia|Cresselia, F|100/100
|move|p1a: Salamence|Roost|p1a: Salamence
|-heal|p1a: Salamence|100/100
|-singleturn|p1a: Salamence|move: Roost
|
|-fieldend|move: Trick Room
|upkeep
|turn|11
|
|t:|1656786838
|move|p1a: Salamence|Toxic|p2a: Cresselia
|-status|p2a: Cresselia|tox
|move|p2a: Cresselia|Trick Room|p2a: Cresselia
|-fieldstart|move: Trick Room|[of] p2a: Cresselia
|
|-damage|p2a: Cresselia|94/100 tox|[from] psn
|upkeep
|turn|12
|
|t:|1656786843
|switch|p1a: Tangrowth|Tangrowth, M|85/100
|move|p2a: Cresselia|Ice Beam|p1a: Tangrowth
|-supereffective|p1a: Tangrowth
|-damage|p1a: Tangrowth|65/100
|
|-damage|p2a: Cresselia|82/100 tox|[from] psn
|upkeep
|turn|13
|
|t:|1656786846
|switch|p2a: Azumarill|Azumarill, M|100/100
|move|p1a: Tangrowth|Knock Off|p2a: Azumarill
|-resisted|p2a: Azumarill
|-damage|p2a: Azumarill|90/100
|-enditem|p2a: Azumarill|Sitrus Berry|[from] move: Knock Off|[of] p1a: Tangrowth
|
|upkeep
|turn|14
|
|t:|1656786851
|switch|p2a: Heracross|Heracross, M|100/100
|move|p1a: Tangrowth|Power Whip|p2a: Heracross|[miss]
|-miss|p1a: Tangrowth|p2a: Heracross
|
|upkeep
|turn|15
|
|t:|1656786859
|switch|p1a: Salamence|Salamence, M|100/100
|-ability|p1a: Salamence|Intimidate|boost
|-unboost|p2a: Heracross|atk|1
|move|p2a: Heracross|Facade|p1a: Salamence
|-damage|p1a: Salamence|73/100
|
|-fieldend|move: Trick Room
|upkeep
|turn|16
|
|t:|1656786867
|switch|p1a: Azumarill|Azumarill, F|100/100
|switch|p2a: Azumarill|Azumarill, M|90/100
|
|upkeep
|turn|17
|
|t:|1656786884
|move|p1a: Azumarill|Play Rough|p2a: Azumarill
|-damage|p2a: Azumarill|0 fnt
|faint|p2a: Azumarill
|
|upkeep
|inactive|Ineedaonetype has 120 seconds left.
|-message|Ineedaonetype forfeited.
|
|win|Zephyyyr
|raw|Zephyyyr's rating: 1541 &rarr; <strong>1561</strong><br />(+20 for winning)
|raw|Ineedaonetype's rating: 1537 &rarr; <strong>1517</strong><br />(-20 for losing)
|l|☆Ineedaonetype
|l| AJisawesome
||Ladder isn't responding, score probably updated but might not have (Request timeout).
