|j|☆Fousfull
|j|☆Hydreigon > Latias
|t:|1665504162
|gametype|singles
|player|p1|Fousfull|blackbelt-gen4|1582
|player|p2|Hydreigon > Latias|guitarist|1483
|teamsize|p1|6
|teamsize|p2|6
|gen|8
|tier|[Gen 8] UU
|rated|
|rule|Sleep Clause Mod: Limit one foe put to sleep
|rule|Species Clause: Limit one of each Pokémon
|rule|OHKO Clause: OHKO moves are banned
|rule|Evasion Items Clause: Evasion items are banned
|rule|Evasion Moves Clause: Evasion moves are banned
|rule|Endless Battle Clause: Forcing endless battles is banned
|rule|HP Percentage Mod: HP is shown in percentages
|rule|Dynamax Clause: You cannot dynamax
|clearpoke
|poke|p1|Cobalion|
|poke|p1|Chansey, F|
|poke|p1|Crobat, M|
|poke|p1|Zygarde-10%|
|poke|p1|Thundurus-Therian, M|
|poke|p1|Slowking, F|
|poke|p2|Chansey, F|
|poke|p2|Salamence, M|
|poke|p2|Cobalion|
|poke|p2|Mamoswine, F|
|poke|p2|Zarude|
|poke|p2|Slowking, M|
|teampreview
|
|t:|1665504180
|start
|switch|p1a: Cobalion|Cobalion|100/100
|switch|p2a: Slowking|Slowking, M|100/100
|turn|1
|
|t:|1665504195
|move|p1a: Cobalion|Stealth Rock|p2a: Slowking
|-sidestart|p2: Hydreigon > Latias|move: Stealth Rock
|move|p2a: Slowking|Scald|p1a: Cobalion
|-damage|p1a: Cobalion|64/100
|
|upkeep
|turn|2
|
|t:|1665504198
|switch|p1a: Slowking|Slowking, F|100/100
|move|p2a: Slowking|Future Sight|p1a: Slowking
|-start|p2a: Slowking|move: Future Sight
|
|upkeep
|turn|3
|
|t:|1665504212
|move|p1a: Slowking|Future Sight|p2a: Slowking
|-start|p1a: Slowking|move: Future Sight
|move|p2a: Slowking|Teleport|p2a: Slowking
|
|t:|1665504215
|switch|p2a: Zarude|Zarude|100/100|[from]move: Teleport
|-damage|p2a: Zarude|88/100|[from] Stealth Rock
|
|upkeep
|turn|4
|
|t:|1665504236
|move|p2a: Zarude|Power Whip|p1a: Slowking
|-supereffective|p1a: Slowking
|-damage|p1a: Slowking|21/100
|move|p1a: Slowking|Teleport|p1a: Slowking
|
|t:|1665504241
|switch|p1a: Chansey|Chansey, F|100/100|[from]move: Teleport
|
|-end|p1a: Chansey|move: Future Sight
|-damage|p1a: Chansey|87/100
|upkeep
|turn|5
|
|t:|1665504245
|switch|p2a: Chansey|Chansey, F|100/100
|-damage|p2a: Chansey|88/100|[from] Stealth Rock
|move|p1a: Chansey|Teleport|p1a: Chansey
|
|t:|1665504273
|switch|p1a: Cobalion|Cobalion|64/100|[from]move: Teleport
|
|-end|p2a: Chansey|move: Future Sight
|-damage|p2a: Chansey|75/100
|upkeep
|turn|6
|
|t:|1665504284
|switch|p2a: Slowking|Slowking, M|100/100
|move|p1a: Cobalion|Swords Dance|p1a: Cobalion
|-boost|p1a: Cobalion|atk|2
|
|upkeep
|turn|7
|
|t:|1665504290
|switch|p2a: Salamence|Salamence, M|100/100
|-ability|p2a: Salamence|Intimidate|boost
|-unboost|p1a: Cobalion|atk|1
|move|p1a: Cobalion|Iron Head|p2a: Salamence
|-damage|p2a: Salamence|65/100
|
|upkeep
|turn|8
|
|t:|1665504297
|switch|p1a: Thundurus|Thundurus-Therian, M|100/100
|move|p2a: Salamence|Roost|p2a: Salamence
|-heal|p2a: Salamence|100/100
|-singleturn|p2a: Salamence|move: Roost
|
|upkeep
|turn|9
|
|t:|1665504305
|move|p1a: Thundurus|Volt Switch|p2a: Salamence
|-damage|p2a: Salamence|61/100
|
|t:|1665504308
|switch|p1a: Zygarde|Zygarde-10%|100/100|[from]move: Volt Switch
|-ability|p1a: Zygarde|Aura Break
|move|p2a: Salamence|Flamethrower|p1a: Zygarde
|-resisted|p1a: Zygarde
|-damage|p1a: Zygarde|83/100
|
|upkeep
|turn|10
|
|t:|1665504318
|move|p1a: Zygarde|Toxic|p2a: Salamence
|-status|p2a: Salamence|tox
|move|p2a: Salamence|Roost|p2a: Salamence
|-heal|p2a: Salamence|100/100 tox
|-singleturn|p2a: Salamence|move: Roost
|
|-damage|p2a: Salamence|94/100 tox|[from] psn
|upkeep
|turn|11
|
|t:|1665504321
|switch|p1a: Slowking|Slowking, F|54/100
|move|p2a: Salamence|Hurricane|p1a: Slowking
|-damage|p1a: Slowking|22/100
|-start|p1a: Slowking|confusion
|
|-damage|p2a: Salamence|82/100 tox|[from] psn
|upkeep
|turn|12
|
|t:|1665504326
|switch|p2a: Cobalion|Cobalion|100/100
|-damage|p2a: Cobalion|97/100|[from] Stealth Rock
|switch|p1a: Chansey|Chansey, F|87/100
|
|upkeep
|turn|13
|
|t:|1665504329
|move|p2a: Cobalion|Stealth Rock|p1a: Chansey
|-sidestart|p1: Fousfull|move: Stealth Rock
|move|p1a: Chansey|Thunder Wave|p2a: Cobalion
|-status|p2a: Cobalion|par
|
|upkeep
|turn|14
|
|t:|1665504335
|switch|p1a: Slowking|Slowking, F|55/100
|move|p2a: Cobalion|Close Combat|p1a: Slowking
|-resisted|p1a: Slowking
|-damage|p1a: Slowking|37/100
|-unboost|p2a: Cobalion|def|1
|-unboost|p2a: Cobalion|spd|1
|
|upkeep
|turn|15
|
|t:|1665504340
|switch|p2a: Slowking|Slowking, M|100/100
|move|p1a: Slowking|Slack Off|p1a: Slowking
|-heal|p1a: Slowking|87/100
|
|upkeep
|turn|16
|
|t:|1665504342
|move|p2a: Slowking|Future Sight|p1a: Slowking
|-start|p2a: Slowking|move: Future Sight
|move|p1a: Slowking|Future Sight|p2a: Slowking
|-start|p1a: Slowking|move: Future Sight
|
|upkeep
|turn|17
|
|t:|1665504345
|move|p1a: Slowking|Scald|p2a: Slowking
|-resisted|p2a: Slowking
|-damage|p2a: Slowking|90/100
|move|p2a: Slowking|Teleport|p2a: Slowking
|
|t:|1665504349
|switch|p2a: Zarude|Zarude|88/100|[from]move: Teleport
|-damage|p2a: Zarude|76/100|[from] Stealth Rock
|
|upkeep
|turn|18
|
|t:|1665504353
|switch|p1a: Cobalion|Cobalion|64/100
|-damage|p1a: Cobalion|61/100|[from] Stealth Rock
|move|p2a: Zarude|Power Whip|p1a: Cobalion
|-resisted|p1a: Cobalion
|-damage|p1a: Cobalion|36/100
|-damage|p2a: Zarude|59/100|[from] item: Rocky Helmet|[of] p1a: Cobalion
|
|-end|p1a: Cobalion|move: Future Sight
|-damage|p1a: Cobalion|0 fnt
|faint|p1a: Cobalion
|-end|p2a: Zarude|move: Future Sight
|-immune|p2a: Zarude
|upkeep
|
|t:|1665504355
|switch|p1a: Crobat|Crobat, M|100/100
|turn|19
|
|t:|1665504359
|switch|p2a: Slowking|Slowking, M|100/100
|move|p1a: Crobat|Brave Bird|p2a: Slowking
|-damage|p2a: Slowking|62/100
|-damage|p1a: Crobat|84/100|[from] Recoil
|
|upkeep
|turn|20
|
|t:|1665504362
|move|p1a: Crobat|Taunt|p2a: Slowking
|-start|p2a: Slowking|move: Taunt
|cant|p2a: Slowking|move: Taunt|Slack Off
|
|upkeep
|turn|21
|
|t:|1665504364
|move|p1a: Crobat|U-turn|p2a: Slowking
|-supereffective|p2a: Slowking
|-damage|p2a: Slowking|36/100
|
|t:|1665504368
|switch|p1a: Thundurus|Thundurus-Therian, M|100/100|[from]move: U-turn
|move|p2a: Slowking|Scald|p1a: Thundurus
|-damage|p1a: Thundurus|64/100
|
|upkeep
|turn|22
|
|t:|1665504446
|switch|p2a: Chansey|Chansey, F|75/100
|-damage|p2a: Chansey|63/100|[from] Stealth Rock
|move|p1a: Thundurus|Grass Knot|p2a: Chansey
|-damage|p2a: Chansey|56/100
|
|upkeep
|turn|23
|
|t:|1665504452
|move|p1a: Thundurus|Volt Switch|p2a: Chansey
|-damage|p2a: Chansey|44/100
|
|t:|1665504458
|switch|p1a: Slowking|Slowking, F|100/100|[from]move: Volt Switch
|move|p2a: Chansey|Soft-Boiled|p2a: Chansey
|-heal|p2a: Chansey|94/100
|
|upkeep
|turn|24
|
|t:|1665504461
|move|p2a: Chansey|Thunder Wave|p1a: Slowking
|-status|p1a: Slowking|par
|move|p1a: Slowking|Future Sight|p2a: Chansey
|-start|p1a: Slowking|move: Future Sight
|
|upkeep
|turn|25
|
|t:|1665504490
|move|p2a: Chansey|Seismic Toss|p1a: Slowking
|-damage|p1a: Slowking|75/100 par
|move|p1a: Slowking|Scald|p2a: Chansey
|-damage|p2a: Chansey|85/100
|
|upkeep
|turn|26
|
|t:|1665504495
|move|p2a: Chansey|Teleport|p2a: Chansey
|
|t:|1665504500
|switch|p2a: Slowking|Slowking, M|69/100|[from]move: Teleport
|move|p1a: Slowking|Teleport|p1a: Slowking
|
|t:|1665504505
|switch|p1a: Zygarde|Zygarde-10%|83/100|[from]move: Teleport
|-damage|p1a: Zygarde|77/100|[from] Stealth Rock
|-ability|p1a: Zygarde|Aura Break
|
|-end|p2a: Slowking|move: Future Sight
|-resisted|p2a: Slowking
|-crit|p2a: Slowking
|-damage|p2a: Slowking|43/100
|upkeep
|turn|27
|
|t:|1665504510
|switch|p2a: Salamence|Salamence, M|82/100 tox
|-ability|p2a: Salamence|Intimidate|boost
|-unboost|p1a: Zygarde|atk|1
|move|p1a: Zygarde|Thousand Arrows|p2a: Salamence
|-damage|p2a: Salamence|53/100 tox
|-start|p2a: Salamence|Smack Down
|
|-damage|p2a: Salamence|47/100 tox|[from] psn
|upkeep
|turn|28
|
|t:|1665504514
|move|p1a: Zygarde|Thousand Arrows|p2a: Salamence
|-crit|p2a: Salamence
|-damage|p2a: Salamence|0 fnt
|faint|p2a: Salamence
|
|upkeep
|
|t:|1665504518
|switch|p2a: Mamoswine|Mamoswine, F|100/100
|-damage|p2a: Mamoswine|88/100|[from] Stealth Rock
|turn|29
|
|t:|1665504521
|switch|p1a: Slowking|Slowking, F|100/100 par
|move|p2a: Mamoswine|Knock Off|p1a: Slowking
|-supereffective|p1a: Slowking
|-damage|p1a: Slowking|49/100 par
|-enditem|p1a: Slowking|Heavy-Duty Boots|[from] move: Knock Off|[of] p2a: Mamoswine
|
|upkeep
|turn|30
|
|t:|1665504528
|move|p2a: Mamoswine|Earthquake|p1a: Slowking
|-damage|p1a: Slowking|10/100 par
|cant|p1a: Slowking|par
|
|upkeep
|turn|31
|
|t:|1665504533
|move|p2a: Mamoswine|Icicle Crash|p1a: Slowking|[miss]
|-miss|p2a: Mamoswine|p1a: Slowking
|cant|p1a: Slowking|par
|
|upkeep
|turn|32
|
|t:|1665504537
|switch|p1a: Chansey|Chansey, F|87/100
|-damage|p1a: Chansey|74/100|[from] Stealth Rock
|move|p2a: Mamoswine|Knock Off|p1a: Chansey
|-damage|p1a: Chansey|52/100
|-enditem|p1a: Chansey|Eviolite|[from] move: Knock Off|[of] p2a: Mamoswine
|
|upkeep
|turn|33
|
|t:|1665504540
|move|p2a: Mamoswine|Icicle Crash|p1a: Chansey|[miss]
|-miss|p2a: Mamoswine|p1a: Chansey
|move|p1a: Chansey|Soft-Boiled|p1a: Chansey
|-heal|p1a: Chansey|100/100
|
|upkeep
|turn|34
|
|t:|1665504544
|move|p2a: Mamoswine|Icicle Crash|p1a: Chansey
|-damage|p1a: Chansey|45/100
|move|p1a: Chansey|Teleport|p1a: Chansey
|
|t:|1665504547
|switch|p1a: Slowking|Slowking, F|43/100 par|[from]move: Teleport
|-damage|p1a: Slowking|31/100 par|[from] Stealth Rock
|
|upkeep
|turn|35
|
|t:|1665504551
|switch|p1a: Chansey|Chansey, F|45/100
|-damage|p1a: Chansey|33/100|[from] Stealth Rock
|move|p2a: Mamoswine|Knock Off|p1a: Chansey
|-damage|p1a: Chansey|8/100
|
|upkeep
|turn|36
|
|t:|1665504555
|move|p2a: Mamoswine|Knock Off|p1a: Chansey
|-damage|p1a: Chansey|0 fnt
|faint|p1a: Chansey
|
|upkeep
|
|t:|1665504558
|switch|p1a: Slowking|Slowking, F|64/100 par
|-damage|p1a: Slowking|52/100 par|[from] Stealth Rock
|turn|37
|
|t:|1665504561
|switch|p2a: Zarude|Zarude|59/100
|-damage|p2a: Zarude|47/100|[from] Stealth Rock
|move|p1a: Slowking|Slack Off|p1a: Slowking
|-heal|p1a: Slowking|100/100 par
|
|upkeep
|turn|38
|
|t:|1665504565
|move|p2a: Zarude|Darkest Lariat|p1a: Slowking
|-supereffective|p1a: Slowking
|-damage|p1a: Slowking|39/100 par
|move|p1a: Slowking|Teleport|p1a: Slowking
|
|t:|1665504567
|switch|p1a: Crobat|Crobat, M|84/100|[from]move: Teleport
|
|upkeep
|turn|39
|
|t:|1665504572
|switch|p2a: Slowking|Slowking, M|76/100
|move|p1a: Crobat|Brave Bird|p2a: Slowking
|-damage|p2a: Slowking|40/100
|-damage|p1a: Crobat|69/100|[from] Recoil
|
|upkeep
|turn|40
|
|t:|1665504578
|switch|p2a: Mamoswine|Mamoswine, F|88/100
|-damage|p2a: Mamoswine|76/100|[from] Stealth Rock
|move|p1a: Crobat|Brave Bird|p2a: Mamoswine
|-damage|p2a: Mamoswine|24/100
|-damage|p1a: Crobat|50/100|[from] Recoil
|
|upkeep
|turn|41
|
|t:|1665504581
|switch|p1a: Slowking|Slowking, F|73/100 par
|-damage|p1a: Slowking|60/100 par|[from] Stealth Rock
|move|p2a: Mamoswine|Ice Shard|p1a: Slowking
|-resisted|p1a: Slowking
|-damage|p1a: Slowking|51/100 par
|
|upkeep
|turn|42
|
|t:|1665504587
|switch|p2a: Zarude|Zarude|47/100
|-damage|p2a: Zarude|35/100|[from] Stealth Rock
|cant|p1a: Slowking|par
|
|upkeep
|turn|43
|
|t:|1665504592
|switch|p1a: Thundurus|Thundurus-Therian, M|64/100
|move|p2a: Zarude|Darkest Lariat|p1a: Thundurus
|-damage|p1a: Thundurus|0 fnt
|faint|p1a: Thundurus
|
|upkeep
|
|t:|1665504597
|switch|p1a: Zygarde|Zygarde-10%|77/100
|-damage|p1a: Zygarde|71/100|[from] Stealth Rock
|-ability|p1a: Zygarde|Aura Break
|turn|44
|
|t:|1665504606
|switch|p2a: Cobalion|Cobalion|97/100 par
|-damage|p2a: Cobalion|94/100 par|[from] Stealth Rock
|move|p1a: Zygarde|Thousand Arrows|p2a: Cobalion
|-supereffective|p2a: Cobalion
|-damage|p2a: Cobalion|0 fnt
|faint|p2a: Cobalion
|
|upkeep
|
|t:|1665504609
|switch|p2a: Mamoswine|Mamoswine, F|24/100
|-damage|p2a: Mamoswine|12/100|[from] Stealth Rock
|turn|45
|
|t:|1665504612
|switch|p1a: Crobat|Crobat, M|50/100
|move|p2a: Mamoswine|Ice Shard|p1a: Crobat
|-supereffective|p1a: Crobat
|-damage|p1a: Crobat|0 fnt
|faint|p1a: Crobat
|
|upkeep
|
|t:|1665504618
|switch|p1a: Zygarde|Zygarde-10%|71/100
|-damage|p1a: Zygarde|65/100|[from] Stealth Rock
|-ability|p1a: Zygarde|Aura Break
|turn|46
|j| amogusroxyrrrr
|
|t:|1665504655
|switch|p2a: Slowking|Slowking, M|73/100
|move|p1a: Zygarde|Extreme Speed|p2a: Slowking
|-damage|p2a: Slowking|46/100
|
|upkeep
|turn|47
|
|t:|1665504663
|move|p1a: Zygarde|Extreme Speed|p2a: Slowking
|-damage|p2a: Slowking|23/100
|move|p2a: Slowking|Slack Off|p2a: Slowking
|-heal|p2a: Slowking|73/100
|
|upkeep
|turn|48
|
|t:|1665504666
|switch|p1a: Slowking|Slowking, F|84/100 par
|-damage|p1a: Slowking|72/100 par|[from] Stealth Rock
|move|p2a: Slowking|Teleport|p2a: Slowking
|
|t:|1665504668
|switch|p2a: Zarude|Zarude|35/100|[from]move: Teleport
|-damage|p2a: Zarude|23/100|[from] Stealth Rock
|
|upkeep
|turn|49
|
|t:|1665504671
|move|p2a: Zarude|Power Whip|p1a: Slowking
|-supereffective|p1a: Slowking
|-damage|p1a: Slowking|0 fnt
|faint|p1a: Slowking
|
|upkeep
|
|t:|1665504673
|switch|p1a: Zygarde|Zygarde-10%|65/100
|-damage|p1a: Zygarde|59/100|[from] Stealth Rock
|-ability|p1a: Zygarde|Aura Break
|turn|50
|
|t:|1665504675
|move|p2a: Zarude|Power Whip|p1a: Zygarde
|-damage|p1a: Zygarde|0 fnt
|faint|p1a: Zygarde
|
|win|Hydreigon > Latias
|raw|Fousfull's rating: 1588 &rarr; <strong>1562</strong><br />(-26 for losing)
|raw|Hydreigon &gt; Latias's rating: 1483 &rarr; <strong>1509</strong><br />(+26 for winning)
|c|☆Fousfull|Gg
|l| amogusroxyrrrr
||Ladder isn't responding, score probably updated but might not have (Request timeout).
