|j|☆PlasticPinnochio
|j|☆MonaLise
|t:|1665673053
|gametype|singles
|player|p1|PlasticPinnochio|policeman-gen4|1526
|player|p2|MonaLise|acetrainercouple|1469
|teamsize|p1|6
|teamsize|p2|6
|gen|8
|tier|[Gen 8] UU
|rated|
|rule|Sleep Clause Mod: Limit one foe put to sleep
|rule|Species Clause: Limit one of each Pokémon
|rule|OHKO Clause: OHKO moves are banned
|rule|Evasion Items Clause: Evasion items are banned
|rule|Evasion Moves Clause: Evasion moves are banned
|rule|Endless Battle Clause: Forcing endless battles is banned
|rule|HP Percentage Mod: HP is shown in percentages
|rule|Dynamax Clause: You cannot dynamax
|clearpoke
|poke|p1|Tornadus, M|
|poke|p1|Zarude|
|poke|p1|Hippowdon, M|
|poke|p1|Rotom-Wash|
|poke|p1|Scizor, F|
|poke|p1|Raikou|
|poke|p2|Hippowdon, F|
|poke|p2|Excadrill, M|
|poke|p2|Tangrowth, M|
|poke|p2|Rotom-Wash|
|poke|p2|Mandibuzz, F|
|poke|p2|Slowbro-Galar, M|
|teampreview
|inactive|Battle timer is ON: inactive players will automatically lose when time's up. (requested by MonaLise)
|
|t:|1665673077
|start
|switch|p1a: Scizor|Scizor, F|100/100
|switch|p2a: Slowbro|Slowbro-Galar, M, shiny|100/100
|turn|1
|
|t:|1665673088
|move|p1a: Scizor|U-turn|p2a: Slowbro
|-damage|p2a: Slowbro|77/100
|
|t:|1665673091
|switch|p1a: Hippowdon|Hippowdon, M|100/100|[from]move: U-turn
|-weather|Sandstorm|[from] ability: Sand Stream|[of] p1a: Hippowdon
|move|p2a: Slowbro|Flamethrower|p1a: Hippowdon
|-damage|p1a: Hippowdon|84/100
|
|-weather|Sandstorm|[upkeep]
|-damage|p2a: Slowbro|71/100|[from] Sandstorm
|-heal|p1a: Hippowdon|90/100|[from] item: Leftovers
|upkeep
|turn|2
|
|t:|1665673105
|move|p1a: Hippowdon|Stealth Rock|p2a: Slowbro
|-sidestart|p2: MonaLise|move: Stealth Rock
|move|p2a: Slowbro|Future Sight|p1a: Hippowdon
|-start|p2a: Slowbro|move: Future Sight
|
|-weather|Sandstorm|[upkeep]
|-damage|p2a: Slowbro|64/100|[from] Sandstorm
|-heal|p1a: Hippowdon|97/100|[from] item: Leftovers
|upkeep
|turn|3
|
|t:|1665673111
|switch|p2a: Rotom|Rotom-Wash|100/100
|-damage|p2a: Rotom|88/100|[from] Stealth Rock
|move|p1a: Hippowdon|Whirlwind|p2a: Rotom
|drag|p2a: Hippowdon|Hippowdon, F|100/100
|-damage|p2a: Hippowdon|94/100|[from] Stealth Rock
|
|-weather|Sandstorm|[upkeep]
|-heal|p1a: Hippowdon|100/100|[from] item: Leftovers
|upkeep
|turn|4
|
|t:|1665673116
|switch|p1a: Zarude|Zarude|100/100
|move|p2a: Hippowdon|Stealth Rock|p1a: Zarude
|-sidestart|p1: PlasticPinnochio|move: Stealth Rock
|
|-weather|Sandstorm|[upkeep]
|-damage|p1a: Zarude|95/100|[from] Sandstorm
|-end|p1a: Zarude|move: Future Sight
|-immune|p1a: Zarude
|upkeep
|turn|5
|
|t:|1665673121
|switch|p2a: Tangrowth|Tangrowth, M|100/100
|-damage|p2a: Tangrowth|88/100|[from] Stealth Rock
|move|p1a: Zarude|U-turn|p2a: Tangrowth
|-supereffective|p2a: Tangrowth
|-damage|p2a: Tangrowth|62/100
|-damage|p1a: Zarude|78/100|[from] item: Rocky Helmet|[of] p2a: Tangrowth
|
|t:|1665673126
|switch|p1a: Tornadus|Tornadus, M|100/100|[from]move: U-turn
|
|-weather|none
|upkeep
|turn|6
|
|t:|1665673133
|switch|p2a: Rotom|Rotom-Wash|88/100
|-damage|p2a: Rotom|76/100|[from] Stealth Rock
|move|p1a: Tornadus|Knock Off|p2a: Rotom
|-damage|p2a: Rotom|42/100
|-enditem|p2a: Rotom|Leftovers|[from] move: Knock Off|[of] p1a: Tornadus
|
|upkeep
|turn|7
|
|t:|1665673136
|move|p1a: Tornadus|U-turn|p2a: Rotom
|-damage|p2a: Rotom|18/100
|
|t:|1665673140
|switch|p1a: Zarude|Zarude|78/100|[from]move: U-turn
|move|p2a: Rotom|Pain Split|p1a: Zarude
|-sethp|p1a: Zarude|45/100|[from] move: Pain Split|[silent]
|-sethp|p2a: Rotom|66/100|[from] move: Pain Split
|
|upkeep
|turn|8
|
|t:|1665673146
|switch|p1a: Tornadus|Tornadus, M|100/100
|switch|p2a: Tangrowth|Tangrowth, M|96/100
|-damage|p2a: Tangrowth|83/100|[from] Stealth Rock
|
|upkeep
|turn|9
|inactive|MonaLise has 120 seconds left.
|
|t:|1665673181
|switch|p2a: Hippowdon|Hippowdon, F|94/100
|-damage|p2a: Hippowdon|88/100|[from] Stealth Rock
|-weather|Sandstorm|[from] ability: Sand Stream|[of] p2a: Hippowdon
|move|p1a: Tornadus|Hurricane|p2a: Hippowdon|[miss]
|-miss|p1a: Tornadus|p2a: Hippowdon
|
|-weather|Sandstorm|[upkeep]
|-damage|p1a: Tornadus|94/100|[from] Sandstorm
|upkeep
|turn|10
|
|t:|1665673187
|move|p1a: Tornadus|U-turn|p2a: Hippowdon
|-damage|p2a: Hippowdon|77/100
|
|t:|1665673190
|switch|p1a: Zarude|Zarude|45/100|[from]move: U-turn
|move|p2a: Hippowdon|Toxic|p1a: Zarude
|-status|p1a: Zarude|tox
|
|-weather|Sandstorm|[upkeep]
|-damage|p1a: Zarude|39/100 tox|[from] Sandstorm
|-damage|p1a: Zarude|33/100 tox|[from] psn
|upkeep
|turn|11
|
|t:|1665673199
|switch|p2a: Tangrowth|Tangrowth, M|100/100
|-damage|p2a: Tangrowth|88/100|[from] Stealth Rock
|move|p1a: Zarude|Jungle Healing|p1a: Zarude
|-heal|p1a: Zarude|58/100 tox
|-curestatus|p1a: Zarude|tox|[msg]
|
|-weather|Sandstorm|[upkeep]
|-damage|p1a: Zarude|52/100|[from] Sandstorm
|-damage|p2a: Tangrowth|82/100|[from] Sandstorm
|upkeep
|turn|12
|
|t:|1665673203
|switch|p1a: Scizor|Scizor, F|100/100
|-damage|p1a: Scizor|88/100|[from] Stealth Rock
|move|p2a: Tangrowth|Knock Off|p1a: Scizor
|-damage|p1a: Scizor|73/100
|-damage|p2a: Tangrowth|65/100|[from] item: Rocky Helmet|[of] p1a: Scizor
|-enditem|p1a: Scizor|Rocky Helmet|[from] move: Knock Off|[of] p2a: Tangrowth
|
|-weather|Sandstorm|[upkeep]
|-damage|p2a: Tangrowth|59/100|[from] Sandstorm
|upkeep
|turn|13
|
|t:|1665673209
|move|p1a: Scizor|U-turn|p2a: Tangrowth
|-supereffective|p2a: Tangrowth
|-damage|p2a: Tangrowth|27/100
|-damage|p1a: Scizor|56/100|[from] item: Rocky Helmet|[of] p2a: Tangrowth
|
|t:|1665673214
|switch|p1a: Zarude|Zarude|52/100|[from]move: U-turn
|move|p2a: Tangrowth|Sleep Powder|p1a: Zarude
|-immune|p1a: Zarude
|
|-weather|Sandstorm|[upkeep]
|-damage|p1a: Zarude|46/100|[from] Sandstorm
|-damage|p2a: Tangrowth|21/100|[from] Sandstorm
|upkeep
|turn|14
|
|t:|1665673227
|switch|p2a: Mandibuzz|Mandibuzz, F|100/100
|move|p1a: Zarude|U-turn|p2a: Mandibuzz
|-damage|p2a: Mandibuzz|88/100
|
|t:|1665673230
|switch|p1a: Raikou|Raikou|100/100|[from]move: U-turn
|-ability|p1a: Raikou|Pressure
|
|-weather|Sandstorm|[upkeep]
|-damage|p1a: Raikou|94/100|[from] Sandstorm
|upkeep
|turn|15
|
|t:|1665673236
|switch|p2a: Slowbro|Slowbro-Galar, M, shiny|98/100
|-damage|p2a: Slowbro|85/100|[from] Stealth Rock
|move|p1a: Raikou|Scald|p2a: Slowbro
|-damage|p2a: Slowbro|71/100
|-status|p2a: Slowbro|brn
|
|-weather|Sandstorm|[upkeep]
|-damage|p1a: Raikou|88/100|[from] Sandstorm
|-damage|p2a: Slowbro|65/100 brn|[from] Sandstorm
|-damage|p2a: Slowbro|59/100 brn|[from] brn
|upkeep
|turn|16
|
|t:|1665673239
|move|p1a: Raikou|Volt Switch|p2a: Slowbro
|-damage|p2a: Slowbro|40/100 brn
|
|t:|1665673242
|switch|p1a: Hippowdon|Hippowdon, M|100/100|[from]move: Volt Switch
|-damage|p1a: Hippowdon|94/100|[from] Stealth Rock
|move|p2a: Slowbro|Future Sight|p1a: Hippowdon
|-start|p2a: Slowbro|move: Future Sight
|
|-weather|none
|-heal|p1a: Hippowdon|100/100|[from] item: Leftovers
|-damage|p2a: Slowbro|33/100 brn|[from] brn
|upkeep
|turn|17
|
|t:|1665673252
|switch|p2a: Rotom|Rotom-Wash|66/100
|-damage|p2a: Rotom|53/100|[from] Stealth Rock
|move|p1a: Hippowdon|Whirlwind|p2a: Rotom
|drag|p2a: Hippowdon|Hippowdon, F|77/100
|-damage|p2a: Hippowdon|70/100|[from] Stealth Rock
|-weather|Sandstorm|[from] ability: Sand Stream|[of] p2a: Hippowdon
|
|-weather|Sandstorm|[upkeep]
|upkeep
|turn|18
|
|t:|1665673266
|switch|p1a: Zarude|Zarude|46/100
|switch|p2a: Excadrill|Excadrill, M|100/100
|-damage|p2a: Excadrill|97/100|[from] Stealth Rock
|
|-weather|Sandstorm|[upkeep]
|-damage|p1a: Zarude|40/100|[from] Sandstorm
|-end|p1a: Zarude|move: Future Sight
|-immune|p1a: Zarude
|upkeep
|turn|19
|inactive|PlasticPinnochio has 120 seconds left.
|
|t:|1665673299
|switch|p1a: Rotom|Rotom-Wash|100/100
|-damage|p1a: Rotom|88/100|[from] Stealth Rock
|move|p2a: Excadrill|Iron Head|p1a: Rotom
|-resisted|p1a: Rotom
|-damage|p1a: Rotom|72/100
|-damage|p2a: Excadrill|87/100|[from] item: Life Orb
|
|-weather|Sandstorm|[upkeep]
|-damage|p1a: Rotom|66/100|[from] Sandstorm
|-heal|p1a: Rotom|72/100|[from] item: Leftovers
|upkeep
|turn|20
|inactive|MonaLise has 120 seconds left.
|
|t:|1665673332
|switch|p2a: Slowbro|Slowbro-Galar, M, shiny|67/100 brn
|-damage|p2a: Slowbro|54/100 brn|[from] Stealth Rock
|move|p1a: Rotom|Volt Switch|p2a: Slowbro
|-damage|p2a: Slowbro|41/100 brn
|
|t:|1665673338
|switch|p1a: Zarude|Zarude|40/100|[from]move: Volt Switch
|
|-weather|Sandstorm|[upkeep]
|-damage|p1a: Zarude|34/100|[from] Sandstorm
|-damage|p2a: Slowbro|35/100 brn|[from] Sandstorm
|-damage|p2a: Slowbro|28/100 brn|[from] brn
|upkeep
|turn|21
|inactive|MonaLise has 120 seconds left.
|inactive|PlasticPinnochio has 120 seconds left.
|
|t:|1665673361
|switch|p2a: Tangrowth|Tangrowth, M|54/100
|-damage|p2a: Tangrowth|42/100|[from] Stealth Rock
|move|p1a: Zarude|Darkest Lariat|p2a: Tangrowth
|-damage|p2a: Tangrowth|19/100
|-damage|p1a: Zarude|18/100|[from] item: Rocky Helmet|[of] p2a: Tangrowth
|
|-weather|Sandstorm|[upkeep]
|-damage|p1a: Zarude|12/100|[from] Sandstorm
|-damage|p2a: Tangrowth|13/100|[from] Sandstorm
|upkeep
|turn|22
|inactive|MonaLise has 120 seconds left.
|
|t:|1665673370
|switch|p2a: Mandibuzz|Mandibuzz, F|88/100
|move|p1a: Zarude|Jungle Healing|p1a: Zarude
|-heal|p1a: Zarude|37/100
|
|-weather|Sandstorm|[upkeep]
|-damage|p1a: Zarude|31/100|[from] Sandstorm
|upkeep
|turn|23
|
|t:|1665673377
|move|p1a: Zarude|U-turn|p2a: Mandibuzz
|-damage|p2a: Mandibuzz|75/100
|
|t:|1665673379
|switch|p1a: Raikou|Raikou|88/100|[from]move: U-turn
|-ability|p1a: Raikou|Pressure
|move|p2a: Mandibuzz|U-turn|p1a: Raikou
|-damage|p1a: Raikou|73/100
|
|t:|1665673387
|switch|p2a: Excadrill|Excadrill, M|87/100|[from]move: U-turn
|-damage|p2a: Excadrill|84/100|[from] Stealth Rock
|
|-weather|Sandstorm|[upkeep]
|-damage|p1a: Raikou|67/100|[from] Sandstorm
|upkeep
|turn|24
|
|t:|1665673397
|switch|p1a: Rotom|Rotom-Wash|72/100
|-damage|p1a: Rotom|60/100|[from] Stealth Rock
|move|p2a: Excadrill|Rock Slide|p1a: Rotom
|-damage|p1a: Rotom|18/100
|-damage|p2a: Excadrill|74/100|[from] item: Life Orb
|
|-weather|none
|-heal|p1a: Rotom|24/100|[from] item: Leftovers
|upkeep
|turn|25
|
|t:|1665673404
|switch|p2a: Rotom|Rotom-Wash|53/100
|-damage|p2a: Rotom|41/100|[from] Stealth Rock
|move|p1a: Rotom|Hydro Pump|p2a: Rotom
|-resisted|p2a: Rotom
|-damage|p2a: Rotom|13/100
|
|-heal|p1a: Rotom|30/100|[from] item: Leftovers
|upkeep
|turn|26
|
|t:|1665673417
|move|p2a: Rotom|Thunderbolt|p1a: Rotom
|-damage|p1a: Rotom|0 fnt
|faint|p1a: Rotom
|
|upkeep
|
|t:|1665673424
|switch|p1a: Zarude|Zarude|31/100
|turn|27
|
|t:|1665673433
|move|p1a: Zarude|U-turn|p2a: Rotom
|-damage|p2a: Rotom|0 fnt
|faint|p2a: Rotom
|
|t:|1665673440
|switch|p1a: Scizor|Scizor, F|56/100|[from]move: U-turn
|-damage|p1a: Scizor|44/100|[from] Stealth Rock
|
|upkeep
|
|t:|1665673448
|switch|p2a: Excadrill|Excadrill, M|74/100
|-damage|p2a: Excadrill|71/100|[from] Stealth Rock
|turn|28
|
|t:|1665673456
|switch|p1a: Hippowdon|Hippowdon, M|100/100
|-damage|p1a: Hippowdon|94/100|[from] Stealth Rock
|-weather|Sandstorm|[from] ability: Sand Stream|[of] p1a: Hippowdon
|move|p2a: Excadrill|Rock Slide|p1a: Hippowdon
|-resisted|p1a: Hippowdon
|-damage|p1a: Hippowdon|83/100
|-damage|p2a: Excadrill|61/100|[from] item: Life Orb
|
|-weather|Sandstorm|[upkeep]
|-heal|p1a: Hippowdon|89/100|[from] item: Leftovers
|upkeep
|turn|29
|
|t:|1665673469
|switch|p2a: Mandibuzz|Mandibuzz, F|75/100
|move|p1a: Hippowdon|Whirlwind|p2a: Mandibuzz
|drag|p2a: Hippowdon|Hippowdon, F|70/100
|-damage|p2a: Hippowdon|64/100|[from] Stealth Rock
|
|-weather|Sandstorm|[upkeep]
|-heal|p1a: Hippowdon|95/100|[from] item: Leftovers
|upkeep
|turn|30
|
|t:|1665673475
|switch|p1a: Zarude|Zarude|31/100
|move|p2a: Hippowdon|Toxic|p1a: Zarude
|-status|p1a: Zarude|tox
|
|-weather|Sandstorm|[upkeep]
|-damage|p1a: Zarude|25/100 tox|[from] Sandstorm
|-damage|p1a: Zarude|19/100 tox|[from] psn
|upkeep
|turn|31
|
|t:|1665673480
|switch|p2a: Excadrill|Excadrill, M|61/100
|-damage|p2a: Excadrill|58/100|[from] Stealth Rock
|move|p1a: Zarude|Jungle Healing|p1a: Zarude
|-heal|p1a: Zarude|44/100 tox
|-curestatus|p1a: Zarude|tox|[msg]
|
|-weather|Sandstorm|[upkeep]
|-damage|p1a: Zarude|38/100|[from] Sandstorm
|upkeep
|turn|32
|
|t:|1665673483
|switch|p1a: Hippowdon|Hippowdon, M|95/100
|-damage|p1a: Hippowdon|89/100|[from] Stealth Rock
|move|p2a: Excadrill|Swords Dance|p2a: Excadrill
|-boost|p2a: Excadrill|atk|2
|
|-weather|none
|-heal|p1a: Hippowdon|95/100|[from] item: Leftovers
|upkeep
|turn|33
|
|t:|1665673488
|move|p2a: Excadrill|Iron Head|p1a: Hippowdon
|-damage|p1a: Hippowdon|12/100
|-damage|p2a: Excadrill|48/100|[from] item: Life Orb
|move|p1a: Hippowdon|Whirlwind|p2a: Excadrill
|drag|p2a: Slowbro|Slowbro-Galar, M, shiny|62/100 brn
|-damage|p2a: Slowbro|49/100 brn|[from] Stealth Rock
|
|-heal|p1a: Hippowdon|19/100|[from] item: Leftovers
|-damage|p2a: Slowbro|43/100 brn|[from] brn
|upkeep
|turn|34
|
|t:|1665673493
|move|p1a: Hippowdon|Slack Off|p1a: Hippowdon
|-heal|p1a: Hippowdon|69/100
|move|p2a: Slowbro|Ice Beam|p1a: Hippowdon
|-supereffective|p1a: Hippowdon
|-damage|p1a: Hippowdon|35/100
|
|-heal|p1a: Hippowdon|41/100|[from] item: Leftovers
|-damage|p2a: Slowbro|37/100 brn|[from] brn
|upkeep
|turn|35
|
|t:|1665673498
|move|p1a: Hippowdon|Slack Off|p1a: Hippowdon
|-heal|p1a: Hippowdon|91/100
|move|p2a: Slowbro|Future Sight|p1a: Hippowdon
|-start|p2a: Slowbro|move: Future Sight
|
|-heal|p1a: Hippowdon|98/100|[from] item: Leftovers
|-damage|p2a: Slowbro|31/100 brn|[from] brn
|upkeep
|turn|36
|
|t:|1665673505
|switch|p2a: Tangrowth|Tangrowth, M|46/100
|-damage|p2a: Tangrowth|33/100|[from] Stealth Rock
|move|p1a: Hippowdon|Whirlwind|p2a: Tangrowth
|drag|p2a: Excadrill|Excadrill, M|48/100
|-damage|p2a: Excadrill|45/100|[from] Stealth Rock
|
|-heal|p1a: Hippowdon|100/100|[from] item: Leftovers
|upkeep
|turn|37
|
|t:|1665673517
|switch|p2a: Tangrowth|Tangrowth, M|67/100
|-damage|p2a: Tangrowth|54/100|[from] Stealth Rock
|move|p1a: Hippowdon|Earthquake|p2a: Tangrowth
|-resisted|p2a: Tangrowth
|-crit|p2a: Tangrowth
|-damage|p2a: Tangrowth|40/100
|
|-end|p1a: Hippowdon|move: Future Sight
|-damage|p1a: Hippowdon|65/100
|-heal|p1a: Hippowdon|71/100|[from] item: Leftovers
|upkeep
|turn|38
|
|t:|1665673529
|switch|p1a: Raikou|Raikou|67/100
|-ability|p1a: Raikou|Pressure
|move|p2a: Tangrowth|Focus Blast|p1a: Raikou|[miss]
|-miss|p2a: Tangrowth|p1a: Raikou
|
|upkeep
|turn|39
|
|t:|1665673554
|switch|p2a: Hippowdon|Hippowdon, F|64/100
|-damage|p2a: Hippowdon|58/100|[from] Stealth Rock
|-weather|Sandstorm|[from] ability: Sand Stream|[of] p2a: Hippowdon
|move|p1a: Raikou|Thunderbolt|p2a: Hippowdon
|-immune|p2a: Hippowdon
|
|-weather|Sandstorm|[upkeep]
|-damage|p1a: Raikou|60/100|[from] Sandstorm
|upkeep
|turn|40
|
|t:|1665673575
|move|p1a: Raikou|Scald|p2a: Hippowdon
|-supereffective|p2a: Hippowdon
|-damage|p2a: Hippowdon|10/100
|move|p2a: Hippowdon|Toxic|p1a: Raikou
|-status|p1a: Raikou|tox
|
|-weather|Sandstorm|[upkeep]
|-damage|p1a: Raikou|54/100 tox|[from] Sandstorm
|-damage|p1a: Raikou|48/100 tox|[from] psn
|upkeep
|turn|41
|
|t:|1665673591
|switch|p1a: Zarude|Zarude|38/100
|switch|p2a: Slowbro|Slowbro-Galar, M, shiny|64/100 brn
|-damage|p2a: Slowbro|52/100 brn|[from] Stealth Rock
|
|-weather|Sandstorm|[upkeep]
|-damage|p1a: Zarude|32/100|[from] Sandstorm
|-damage|p2a: Slowbro|46/100 brn|[from] Sandstorm
|-damage|p2a: Slowbro|40/100 brn|[from] brn
|upkeep
|turn|42
|
|t:|1665673596
|switch|p2a: Tangrowth|Tangrowth, M|73/100
|-damage|p2a: Tangrowth|61/100|[from] Stealth Rock
|move|p1a: Zarude|Darkest Lariat|p2a: Tangrowth
|-damage|p2a: Tangrowth|37/100
|-damage|p1a: Zarude|16/100|[from] item: Rocky Helmet|[of] p2a: Tangrowth
|
|-weather|Sandstorm|[upkeep]
|-damage|p1a: Zarude|10/100|[from] Sandstorm
|-damage|p2a: Tangrowth|31/100|[from] Sandstorm
|upkeep
|turn|43
|
|t:|1665673608
|move|p1a: Zarude|U-turn|p2a: Tangrowth
|-supereffective|p2a: Tangrowth
|-damage|p2a: Tangrowth|8/100
|-damage|p1a: Zarude|0 fnt|[from] item: Rocky Helmet|[of] p2a: Tangrowth
|faint|p1a: Zarude
|move|p2a: Tangrowth|Focus Blast|p1: Zarude|[notarget]
|-fail|p2a: Tangrowth
|
|-weather|Sandstorm|[upkeep]
|-damage|p2a: Tangrowth|2/100|[from] Sandstorm
|upkeep
|
|t:|1665673611
|switch|p1a: Scizor|Scizor, F|44/100
|-damage|p1a: Scizor|31/100|[from] Stealth Rock
|turn|44
|
|t:|1665673623
|switch|p2a: Slowbro|Slowbro-Galar, M, shiny|73/100 brn
|-damage|p2a: Slowbro|60/100 brn|[from] Stealth Rock
|move|p1a: Scizor|Roost|p1a: Scizor
|-heal|p1a: Scizor|82/100
|-singleturn|p1a: Scizor|move: Roost
|
|-weather|Sandstorm|[upkeep]
|-damage|p2a: Slowbro|54/100 brn|[from] Sandstorm
|-damage|p2a: Slowbro|48/100 brn|[from] brn
|upkeep
|turn|45
|
|t:|1665673632
|move|p1a: Scizor|Knock Off|p2a: Slowbro
|-supereffective|p2a: Slowbro
|-damage|p2a: Slowbro|0 fnt
|-enditem|p2a: Slowbro|Assault Vest|[from] move: Knock Off|[of] p1a: Scizor
|faint|p2a: Slowbro
|
|-weather|Sandstorm|[upkeep]
|upkeep
|
|t:|1665673643
|switch|p2a: Excadrill|Excadrill, M|45/100
|-damage|p2a: Excadrill|42/100|[from] Stealth Rock
|turn|46
|
|t:|1665673657
|move|p2a: Excadrill|Earthquake|p1a: Scizor
|-damage|p1a: Scizor|22/100
|-damage|p2a: Excadrill|32/100|[from] item: Life Orb
|move|p1a: Scizor|Knock Off|p2a: Excadrill
|-damage|p2a: Excadrill|0 fnt
|-enditem|p2a: Excadrill|Life Orb|[from] move: Knock Off|[of] p1a: Scizor
|faint|p2a: Excadrill
|
|-weather|none
|upkeep
|
|t:|1665673663
|switch|p2a: Mandibuzz|Mandibuzz, F|75/100
|turn|47
|
|t:|1665673670
|switch|p1a: Tornadus|Tornadus, M|94/100
|move|p2a: Mandibuzz|Brave Bird|p1a: Tornadus
|-damage|p1a: Tornadus|46/100
|-damage|p2a: Mandibuzz|64/100|[from] Recoil
|
|upkeep
|turn|48
|
|t:|1665673680
|move|p1a: Tornadus|Hurricane|p2a: Mandibuzz
|-damage|p2a: Mandibuzz|17/100
|-start|p2a: Mandibuzz|confusion
|-activate|p2a: Mandibuzz|confusion
|move|p2a: Mandibuzz|Brave Bird|p1a: Tornadus
|-damage|p1a: Tornadus|0 fnt
|faint|p1a: Tornadus
|-damage|p2a: Mandibuzz|6/100|[from] Recoil
|
|upkeep
|
|t:|1665673688
|switch|p1a: Raikou|Raikou|48/100 tox
|-ability|p1a: Raikou|Pressure
|turn|49
|
|t:|1665673696
|switch|p2a: Hippowdon|Hippowdon, F|10/100
|-damage|p2a: Hippowdon|4/100|[from] Stealth Rock
|-weather|Sandstorm|[from] ability: Sand Stream|[of] p2a: Hippowdon
|move|p1a: Raikou|Scald|p2a: Hippowdon
|-supereffective|p2a: Hippowdon
|-damage|p2a: Hippowdon|0 fnt
|faint|p2a: Hippowdon
|
|-weather|Sandstorm|[upkeep]
|-damage|p1a: Raikou|42/100 tox|[from] Sandstorm
|-damage|p1a: Raikou|35/100 tox|[from] psn
|upkeep
|
|t:|1665673700
|switch|p2a: Tangrowth|Tangrowth, M|35/100
|-damage|p2a: Tangrowth|23/100|[from] Stealth Rock
|turn|50
|c|☆PlasticPinnochio|gg
|
|t:|1665673702
|switch|p2a: Mandibuzz|Mandibuzz, F|6/100
|move|p1a: Raikou|Thunderbolt|p2a: Mandibuzz
|-supereffective|p2a: Mandibuzz
|-damage|p2a: Mandibuzz|0 fnt
|faint|p2a: Mandibuzz
|
|-weather|Sandstorm|[upkeep]
|-damage|p1a: Raikou|29/100 tox|[from] Sandstorm
|-damage|p1a: Raikou|17/100 tox|[from] psn
|upkeep
|
|t:|1665673705
|switch|p2a: Tangrowth|Tangrowth, M|56/100
|-damage|p2a: Tangrowth|43/100|[from] Stealth Rock
|turn|51
|
|t:|1665673707
|move|p1a: Raikou|Thunderbolt|p2a: Tangrowth
|-resisted|p2a: Tangrowth
|-damage|p2a: Tangrowth|10/100
|move|p2a: Tangrowth|Giga Drain|p1a: Raikou
|-damage|p1a: Raikou|0 fnt
|-heal|p2a: Tangrowth|16/100|[from] drain|[of] p1a: Raikou
|faint|p1a: Raikou
|
|-weather|Sandstorm|[upkeep]
|-damage|p2a: Tangrowth|10/100|[from] Sandstorm
|upkeep
|
|t:|1665673709
|switch|p1a: Scizor|Scizor, F|22/100
|-damage|p1a: Scizor|10/100|[from] Stealth Rock
|turn|52
|inactive|MonaLise has 120 seconds left.
|j| unbearabletree
|l| unbearabletree
|inactive|PlasticPinnochio has 120 seconds left.
|
|t:|1665673755
|move|p1a: Scizor|Bullet Punch|p2a: Tangrowth
|-damage|p2a: Tangrowth|0 fnt
|-damage|p1a: Scizor|0 fnt|[from] item: Rocky Helmet|[of] p2a: Tangrowth
|faint|p2a: Tangrowth
|faint|p1a: Scizor
|
|win|PlasticPinnochio
|raw|PlasticPinnochio's rating: 1526 &rarr; <strong>1543</strong><br />(+17 for winning)
|raw|MonaLise's rating: 1469 &rarr; <strong>1452</strong><br />(-17 for losing)
|c|☆MonaLise|Lol
|l|☆MonaLise
||Ladder isn't responding, score probably updated but might not have (Request timeout).
