|j|☆Baboonzo
|j|☆Rauli94
|player|p1|Baboonzo|2|1365
|player|p2|Rauli94|1|1255
|teamsize|p1|6
|teamsize|p2|6
|gametype|singles
|gen|8
|tier|[Gen 8] UU
|rated|
|clearpoke
|poke|p1|Tyranitar, M|
|poke|p1|Sylveon, F|
|poke|p1|Aegislash, F|
|poke|p1|Seismitoad, M|
|poke|p1|Terrakion|
|poke|p1|Skarmory, F|
|poke|p2|Slowbro-Galar, M|
|poke|p2|Jirachi|
|poke|p2|Barraskewda, M|
|poke|p2|Conkeldurr, M|
|poke|p2|Arcanine, F|
|poke|p2|Mantine, F|
|rule|Sleep Clause Mod: Limit one foe put to sleep
|rule|Species Clause: Limit one of each Pokémon
|rule|OHKO Clause: OHKO moves are banned
|rule|Evasion Moves Clause: Evasion moves are banned
|rule|Endless Battle Clause: Forcing endless battles is banned
|rule|HP Percentage Mod: HP is shown in percentages
|rule|Dynamax Clause: You cannot dynamax
|teampreview
|
|start
|switch|p1a: Skarmory|Skarmory, F|100/100
|switch|p2a: Barraskewda|Barraskewda, M|100/100
|turn|1
|
|move|p2a: Barraskewda|Liquidation|p1a: Skarmory
|-damage|p1a: Skarmory|62/100
|move|p1a: Skarmory|Body Press|p2a: Barraskewda
|-damage|p2a: Barraskewda|35/100
|
|-heal|p1a: Skarmory|68/100|[from] item: Leftovers
|upkeep
|turn|2
|
|switch|p2a: Arcanine|Arcanine, F|100/100
|-ability|p2a: Arcanine|Intimidate|boost
|-unboost|p1a: Skarmory|atk|1
|move|p1a: Skarmory|Body Press|p2a: Arcanine
|-damage|p2a: Arcanine|77/100
|-damage|p1a: Skarmory|51/100|[from] item: Rocky Helmet|[of] p2a: Arcanine
|
|-heal|p1a: Skarmory|57/100|[from] item: Leftovers
|upkeep
|turn|3
|
|switch|p1a: Seismitoad|Seismitoad, M|100/100
|move|p2a: Arcanine|Will-O-Wisp|p1a: Seismitoad
|-status|p1a: Seismitoad|brn
|
|-damage|p1a: Seismitoad|94/100 brn|[from] brn
|upkeep
|turn|4
|
|switch|p2a: Conkeldurr|Conkeldurr, M|100/100
|move|p1a: Seismitoad|Stealth Rock|p2a: Conkeldurr
|-sidestart|p2: Rauli94|move: Stealth Rock
|
|-heal|p1a: Seismitoad|100/100 brn|[from] item: Leftovers
|-damage|p1a: Seismitoad|94/100 brn|[from] brn
|-status|p2a: Conkeldurr|brn|[from] item: Flame Orb
|upkeep
|turn|5
|
|switch|p1a: Sylveon|Sylveon, F|100/100
|move|p2a: Conkeldurr|Knock Off|p1a: Sylveon
|-resisted|p1a: Sylveon
|-damage|p1a: Sylveon|78/100
|-enditem|p1a: Sylveon|Leftovers|[from] move: Knock Off|[of] p2a: Conkeldurr
|
|-damage|p2a: Conkeldurr|94/100 brn|[from] brn
|upkeep
|turn|6
|
|switch|p2a: Mantine|Mantine, F|100/100
|-damage|p2a: Mantine|76/100|[from] Stealth Rock
|move|p1a: Sylveon|Hyper Voice|p2a: Mantine
|-damage|p2a: Mantine|53/100
|
|-heal|p2a: Mantine|59/100|[from] item: Leftovers
|upkeep
|turn|7
|
|move|p2a: Mantine|Toxic|p1a: Sylveon
|-status|p1a: Sylveon|tox
|move|p1a: Sylveon|Wish|p1a: Sylveon
|
|-heal|p2a: Mantine|65/100|[from] item: Leftovers
|-damage|p1a: Sylveon|72/100 tox|[from] psn
|upkeep
|turn|8
|
|move|p2a: Mantine|Defog|p1a: Sylveon
|-unboost|p1a: Sylveon|evasion|1
|-sideend|p2: Rauli94|Stealth Rock|[from] move: Defog|[of] p2a: Mantine
|move|p1a: Sylveon|Heal Bell|p1a: Sylveon
|-activate|p1a: Sylveon|move: Heal Bell
|-curestatus|p1a: Sylveon|tox|[msg]
|-curestatus|p1: Seismitoad|brn|[msg]
|
|-heal|p1a: Sylveon|100/100|[from] move: Wish|[wisher] Sylveon
|-heal|p2a: Mantine|71/100|[from] item: Leftovers
|upkeep
|turn|9
|
|switch|p1a: Aegislash|Aegislash, F|100/100
|move|p2a: Mantine|Toxic|p1a: Aegislash
|-immune|p1a: Aegislash
|
|-heal|p2a: Mantine|78/100|[from] item: Leftovers
|upkeep
|turn|10
|
|move|p1a: Aegislash|Swords Dance|p1a: Aegislash
|-boost|p1a: Aegislash|atk|2
|move|p2a: Mantine|Scald|p1a: Aegislash
|-crit|p1a: Aegislash
|-damage|p1a: Aegislash|65/100
|-status|p1a: Aegislash|brn
|
|-heal|p2a: Mantine|84/100|[from] item: Leftovers
|-damage|p1a: Aegislash|59/100 brn|[from] brn
|upkeep
|turn|11
|
|switch|p1a: Sylveon|Sylveon, F|100/100
|switch|p2a: Arcanine|Arcanine, F|77/100
|-ability|p2a: Arcanine|Intimidate|boost
|-unboost|p1a: Sylveon|atk|1
|
|upkeep
|turn|12
|
|switch|p2a: Slowbro|Slowbro-Galar, M|100/100
|move|p1a: Sylveon|Wish|p1a: Sylveon
|
|upkeep
|turn|13
|
|switch|p1a: Tyranitar|Tyranitar, M|100/100
|-weather|Sandstorm|[from] ability: Sand Stream|[of] p1a: Tyranitar
|move|p2a: Slowbro|Shell Side Arm|p1a: Tyranitar
|-resisted|p1a: Tyranitar
|-damage|p1a: Tyranitar|85/100
|-hint|Physical Shell Side Arm
|
|-weather|Sandstorm|[upkeep]
|-damage|p2a: Slowbro|94/100|[from] Sandstorm
|-heal|p1a: Tyranitar|100/100|[from] move: Wish|[wisher] Sylveon
|upkeep
|turn|14
|-activate|p2a: Slowbro|item: Quick Claw
|
|move|p2a: Slowbro|Drain Punch|p1a: Tyranitar
|-supereffective|p1a: Tyranitar
|-damage|p1a: Tyranitar|22/100
|-heal|p2a: Slowbro|100/100|[from] drain|[of] p1a: Tyranitar
|move|p1a: Tyranitar|Fire Punch|p2a: Slowbro
|-damage|p2a: Slowbro|75/100
|
|-weather|Sandstorm|[upkeep]
|-damage|p2a: Slowbro|69/100|[from] Sandstorm
|upkeep
|turn|15
|
|switch|p1a: Seismitoad|Seismitoad, M|94/100
|move|p2a: Slowbro|Liquidation|p1a: Seismitoad
|-heal|p1a: Seismitoad|100/100|[from] ability: Water Absorb|[of] p2a: Slowbro
|
|-weather|Sandstorm|[upkeep]
|-damage|p2a: Slowbro|63/100|[from] Sandstorm
|upkeep
|turn|16
|
|switch|p2a: Mantine|Mantine, F|84/100
|move|p1a: Seismitoad|Earth Power|p2a: Mantine
|-immune|p2a: Mantine
|
|-weather|Sandstorm|[upkeep]
|-damage|p2a: Mantine|78/100|[from] Sandstorm
|-heal|p2a: Mantine|84/100|[from] item: Leftovers
|upkeep
|turn|17
|
|switch|p2a: Conkeldurr|Conkeldurr, M|94/100 brn
|move|p1a: Seismitoad|Knock Off|p2a: Conkeldurr
|-resisted|p2a: Conkeldurr
|-damage|p2a: Conkeldurr|85/100 brn
|-enditem|p2a: Conkeldurr|Flame Orb|[from] move: Knock Off|[of] p1a: Seismitoad
|
|-weather|none
|-damage|p2a: Conkeldurr|79/100 brn|[from] brn
|upkeep
|turn|18
|
|move|p1a: Seismitoad|Earth Power|p2a: Conkeldurr
|-damage|p2a: Conkeldurr|47/100 brn
|move|p2a: Conkeldurr|Knock Off|p1a: Seismitoad
|-damage|p1a: Seismitoad|59/100
|-enditem|p1a: Seismitoad|Leftovers|[from] move: Knock Off|[of] p2a: Conkeldurr
|
|-damage|p2a: Conkeldurr|41/100 brn|[from] brn
|upkeep
|turn|19
|
|move|p1a: Seismitoad|Earth Power|p2a: Conkeldurr
|-damage|p2a: Conkeldurr|7/100 brn
|move|p2a: Conkeldurr|Drain Punch|p1a: Seismitoad
|-damage|p1a: Seismitoad|8/100
|-heal|p2a: Conkeldurr|32/100 brn|[from] drain|[of] p1a: Seismitoad
|
|-damage|p2a: Conkeldurr|26/100 brn|[from] brn
|upkeep
|turn|20
|
|move|p2a: Conkeldurr|Mach Punch|p1a: Seismitoad
|-damage|p1a: Seismitoad|0 fnt
|faint|p1a: Seismitoad
|
|-damage|p2a: Conkeldurr|20/100 brn|[from] brn
|upkeep
|
|switch|p1a: Sylveon|Sylveon, F|100/100
|turn|21
|
|move|p1a: Sylveon|Wish|p1a: Sylveon
|move|p2a: Conkeldurr|Facade|p1a: Sylveon
|-crit|p1a: Sylveon
|-damage|p1a: Sylveon|1/100
|
|-damage|p2a: Conkeldurr|14/100 brn|[from] brn
|upkeep
|turn|22
|
|switch|p2a: Jirachi|Jirachi|100/100
|move|p1a: Sylveon|Protect||[still]
|-fail|p1a: Sylveon
|
|-heal|p1a: Sylveon|51/100|[from] move: Wish|[wisher] Sylveon
|upkeep
|turn|23
|
|switch|p1a: Skarmory|Skarmory, F|57/100
|move|p2a: Jirachi|Iron Head|p1a: Skarmory
|-resisted|p1a: Skarmory
|-damage|p1a: Skarmory|46/100
|
|-heal|p1a: Skarmory|52/100|[from] item: Leftovers
|upkeep
|turn|24
|
|switch|p2a: Mantine|Mantine, F|84/100
|move|p1a: Skarmory|Roost|p1a: Skarmory
|-heal|p1a: Skarmory|100/100
|-singleturn|p1a: Skarmory|move: Roost
|
|-heal|p2a: Mantine|90/100|[from] item: Leftovers
|upkeep
|turn|25
|
|switch|p1a: Sylveon|Sylveon, F|51/100
|move|p2a: Mantine|Scald|p1a: Sylveon
|-damage|p1a: Sylveon|34/100
|
|-heal|p2a: Mantine|96/100|[from] item: Leftovers
|upkeep
|turn|26
|
|switch|p2a: Slowbro|Slowbro-Galar, M|63/100
|move|p1a: Sylveon|Wish|p1a: Sylveon
|
|upkeep
|turn|27
|
|move|p1a: Sylveon|Protect|p1a: Sylveon
|-singleturn|p1a: Sylveon|Protect
|move|p2a: Slowbro|Shell Side Arm|p1a: Sylveon
|-activate|p1a: Sylveon|move: Protect
|
|-heal|p1a: Sylveon|84/100|[from] move: Wish|[wisher] Sylveon
|upkeep
|turn|28
|
|switch|p1a: Aegislash|Aegislash, F|59/100 brn
|move|p2a: Slowbro|Liquidation|p1a: Aegislash
|-damage|p1a: Aegislash|32/100 brn
|-unboost|p1a: Aegislash|def|1
|
|-damage|p1a: Aegislash|26/100 brn|[from] brn
|upkeep
|turn|29
|
|-formechange|p1a: Aegislash|Aegislash-Blade||[from] ability: Stance Change
|move|p1a: Aegislash|Shadow Sneak|p2a: Slowbro
|-supereffective|p2a: Slowbro
|-damage|p2a: Slowbro|33/100
|-damage|p1a: Aegislash|16/100 brn|[from] item: Life Orb
|move|p2a: Slowbro|Liquidation|p1a: Aegislash
|-damage|p1a: Aegislash|0 fnt
|faint|p1a: Aegislash
|
|upkeep
|
|switch|p1a: Skarmory|Skarmory, F|100/100
|turn|30
|
|switch|p2a: Mantine|Mantine, F|96/100
|move|p1a: Skarmory|Brave Bird|p2a: Mantine
|-damage|p2a: Mantine|57/100
|-damage|p1a: Skarmory|86/100|[from] Recoil
|
|-heal|p1a: Skarmory|92/100|[from] item: Leftovers
|-heal|p2a: Mantine|63/100|[from] item: Leftovers
|upkeep
|turn|31
|
|switch|p1a: Sylveon|Sylveon, F|84/100
|move|p2a: Mantine|Roost|p2a: Mantine
|-heal|p2a: Mantine|100/100
|-singleturn|p2a: Mantine|move: Roost
|
|upkeep
|turn|32
|
|move|p2a: Mantine|Toxic|p1a: Sylveon
|-status|p1a: Sylveon|tox
|move|p1a: Sylveon|Wish|p1a: Sylveon
|
|-damage|p1a: Sylveon|78/100 tox|[from] psn
|upkeep
|turn|33
|
|switch|p1a: Tyranitar|Tyranitar, M|22/100
|-weather|Sandstorm|[from] ability: Sand Stream|[of] p1a: Tyranitar
|move|p2a: Mantine|Scald|p1a: Tyranitar
|-supereffective|p1a: Tyranitar
|-damage|p1a: Tyranitar|6/100
|
|-weather|Sandstorm|[upkeep]
|-damage|p2a: Mantine|94/100|[from] Sandstorm
|-heal|p1a: Tyranitar|55/100|[from] move: Wish|[wisher] Sylveon
|-heal|p2a: Mantine|100/100|[from] item: Leftovers
|upkeep
|turn|34
|
|switch|p2a: Arcanine|Arcanine, F|77/100
|-ability|p2a: Arcanine|Intimidate|boost
|-unboost|p1a: Tyranitar|atk|1
|move|p1a: Tyranitar|Stone Edge|p2a: Arcanine
|-supereffective|p2a: Arcanine
|-damage|p2a: Arcanine|16/100
|
|-weather|Sandstorm|[upkeep]
|-damage|p2a: Arcanine|10/100|[from] Sandstorm
|upkeep
|turn|35
|
|switch|p1a: Sylveon|Sylveon, F|78/100 tox
|move|p2a: Arcanine|Extreme Speed|p1a: Sylveon
|-damage|p1a: Sylveon|60/100 tox
|
|-weather|Sandstorm|[upkeep]
|-damage|p2a: Arcanine|4/100|[from] Sandstorm
|-damage|p1a: Sylveon|54/100 tox|[from] Sandstorm
|-damage|p1a: Sylveon|48/100 tox|[from] psn
|upkeep
|turn|36
|
|move|p2a: Arcanine|Morning Sun|p2a: Arcanine
|-heal|p2a: Arcanine|29/100
|move|p1a: Sylveon|Wish|p1a: Sylveon
|
|-weather|Sandstorm|[upkeep]
|-damage|p2a: Arcanine|23/100|[from] Sandstorm
|-damage|p1a: Sylveon|42/100 tox|[from] Sandstorm
|-damage|p1a: Sylveon|29/100 tox|[from] psn
|upkeep
|turn|37
|
|move|p2a: Arcanine|Burn Up|p1a: Sylveon
|-damage|p1a: Sylveon|0 fnt
|-start|p2a: Arcanine|typechange|???|[from] move: Burn Up
|faint|p1a: Sylveon
|
|-weather|none
|upkeep
|
|switch|p1a: Terrakion|Terrakion|100/100
|turn|38
|
|move|p1a: Terrakion|Stone Edge|p2a: Arcanine
|-damage|p2a: Arcanine|0 fnt
|faint|p2a: Arcanine
|
|upkeep
|
|switch|p2a: Jirachi|Jirachi|100/100
|turn|39
|
|switch|p1a: Skarmory|Skarmory, F|92/100
|move|p2a: Jirachi|U-turn|p1a: Skarmory
|-resisted|p1a: Skarmory
|-damage|p1a: Skarmory|89/100
|
|switch|p2a: Mantine|Mantine, F|100/100|[from]move: U-turn
|
|-heal|p1a: Skarmory|95/100|[from] item: Leftovers
|upkeep
|turn|40
|
|move|p1a: Skarmory|Brave Bird|p2a: Mantine
|-damage|p2a: Mantine|60/100
|-damage|p1a: Skarmory|80/100|[from] Recoil
|move|p2a: Mantine|Scald|p1a: Skarmory
|-damage|p1a: Skarmory|48/100
|
|-heal|p1a: Skarmory|54/100|[from] item: Leftovers
|-heal|p2a: Mantine|66/100|[from] item: Leftovers
|upkeep
|turn|41
|
|switch|p1a: Tyranitar|Tyranitar, M|55/100
|-weather|Sandstorm|[from] ability: Sand Stream|[of] p1a: Tyranitar
|move|p2a: Mantine|Scald|p1a: Tyranitar
|-supereffective|p1a: Tyranitar
|-damage|p1a: Tyranitar|38/100
|
|-weather|Sandstorm|[upkeep]
|-damage|p2a: Mantine|60/100|[from] Sandstorm
|-heal|p2a: Mantine|66/100|[from] item: Leftovers
|upkeep
|turn|42
|
|switch|p2a: Jirachi|Jirachi|100/100
|move|p1a: Tyranitar|Stone Edge|p2a: Jirachi|[miss]
|-miss|p1a: Tyranitar|p2a: Jirachi
|
|-weather|Sandstorm|[upkeep]
|upkeep
|turn|43
|
|move|p2a: Jirachi|U-turn|p1a: Tyranitar
|-supereffective|p1a: Tyranitar
|-damage|p1a: Tyranitar|4/100
|
|switch|p2a: Conkeldurr|Conkeldurr, M|14/100 brn|[from]move: U-turn
|move|p1a: Tyranitar|Crunch|p2a: Conkeldurr
|-resisted|p2a: Conkeldurr
|-damage|p2a: Conkeldurr|0 fnt
|faint|p2a: Conkeldurr
|
|-weather|Sandstorm|[upkeep]
|upkeep
|
|switch|p2a: Jirachi|Jirachi|100/100
|turn|44
|
|move|p2a: Jirachi|U-turn|p1a: Tyranitar
|-supereffective|p1a: Tyranitar
|-damage|p1a: Tyranitar|0 fnt
|faint|p1a: Tyranitar
|
|switch|p2a: Barraskewda|Barraskewda, M|35/100|[from]move: U-turn
|
|-weather|Sandstorm|[upkeep]
|-damage|p2a: Barraskewda|29/100|[from] Sandstorm
|upkeep
|
|switch|p1a: Terrakion|Terrakion|100/100
|turn|45
|
|move|p1a: Terrakion|Stone Edge|p2a: Barraskewda
|-damage|p2a: Barraskewda|0 fnt
|faint|p2a: Barraskewda
|
|-weather|none
|upkeep
|
|switch|p2a: Jirachi|Jirachi|100/100
|turn|46
|
|switch|p1a: Skarmory|Skarmory, F|54/100
|move|p2a: Jirachi|U-turn|p1a: Skarmory
|-resisted|p1a: Skarmory
|-damage|p1a: Skarmory|51/100
|
|switch|p2a: Mantine|Mantine, F|66/100|[from]move: U-turn
|
|-heal|p1a: Skarmory|57/100|[from] item: Leftovers
|-heal|p2a: Mantine|72/100|[from] item: Leftovers
|upkeep
|turn|47
|
|move|p1a: Skarmory|Roost|p1a: Skarmory
|-heal|p1a: Skarmory|100/100
|-singleturn|p1a: Skarmory|move: Roost
|move|p2a: Mantine|Scald|p1a: Skarmory
|-damage|p1a: Skarmory|71/100
|-status|p1a: Skarmory|brn
|
|-heal|p1a: Skarmory|77/100 brn|[from] item: Leftovers
|-heal|p2a: Mantine|78/100|[from] item: Leftovers
|-damage|p1a: Skarmory|71/100 brn|[from] brn
|upkeep
|turn|48
|
|move|p1a: Skarmory|Brave Bird|p2a: Mantine
|-damage|p2a: Mantine|56/100
|-damage|p1a: Skarmory|63/100 brn|[from] Recoil
|move|p2a: Mantine|Scald|p1a: Skarmory
|-damage|p1a: Skarmory|30/100 brn
|
|-heal|p1a: Skarmory|36/100 brn|[from] item: Leftovers
|-heal|p2a: Mantine|63/100|[from] item: Leftovers
|-damage|p1a: Skarmory|30/100 brn|[from] brn
|upkeep
|turn|49
|
|move|p1a: Skarmory|Roost|p1a: Skarmory
|-heal|p1a: Skarmory|80/100 brn
|-singleturn|p1a: Skarmory|move: Roost
|move|p2a: Mantine|Scald|p1a: Skarmory
|-damage|p1a: Skarmory|50/100 brn
|
|-heal|p1a: Skarmory|56/100 brn|[from] item: Leftovers
|-heal|p2a: Mantine|69/100|[from] item: Leftovers
|-damage|p1a: Skarmory|50/100 brn|[from] brn
|upkeep
|turn|50
|
|move|p1a: Skarmory|Roost|p1a: Skarmory
|-heal|p1a: Skarmory|100/100 brn
|-singleturn|p1a: Skarmory|move: Roost
|move|p2a: Mantine|Scald|p1a: Skarmory
|-damage|p1a: Skarmory|67/100 brn
|
|-heal|p1a: Skarmory|73/100 brn|[from] item: Leftovers
|-heal|p2a: Mantine|75/100|[from] item: Leftovers
|-damage|p1a: Skarmory|67/100 brn|[from] brn
|upkeep
|turn|51
|
|switch|p1a: Terrakion|Terrakion|100/100
|move|p2a: Mantine|Scald|p1a: Terrakion
|-supereffective|p1a: Terrakion
|-damage|p1a: Terrakion|47/100
|
|-heal|p2a: Mantine|81/100|[from] item: Leftovers
|upkeep
|turn|52
|
|switch|p2a: Jirachi|Jirachi|100/100
|move|p1a: Terrakion|Earthquake|p2a: Jirachi
|-supereffective|p2a: Jirachi
|-damage|p2a: Jirachi|31/100
|
|upkeep
|turn|53
|
|switch|p1a: Skarmory|Skarmory, F|67/100 brn
|switch|p2a: Mantine|Mantine, F|81/100
|
|-heal|p1a: Skarmory|73/100 brn|[from] item: Leftovers
|-heal|p2a: Mantine|87/100|[from] item: Leftovers
|-damage|p1a: Skarmory|67/100 brn|[from] brn
|upkeep
|turn|54
|
|move|p1a: Skarmory|Roost|p1a: Skarmory
|-heal|p1a: Skarmory|100/100 brn
|-singleturn|p1a: Skarmory|move: Roost
|move|p2a: Mantine|Scald|p1a: Skarmory
|-damage|p1a: Skarmory|70/100 brn
|
|-heal|p1a: Skarmory|76/100 brn|[from] item: Leftovers
|-heal|p2a: Mantine|93/100|[from] item: Leftovers
|-damage|p1a: Skarmory|70/100 brn|[from] brn
|upkeep
|turn|55
|
|move|p1a: Skarmory|Brave Bird|p2a: Mantine
|-damage|p2a: Mantine|72/100
|-damage|p1a: Skarmory|62/100 brn|[from] Recoil
|move|p2a: Mantine|Scald|p1a: Skarmory
|-damage|p1a: Skarmory|29/100 brn
|
|-heal|p1a: Skarmory|35/100 brn|[from] item: Leftovers
|-heal|p2a: Mantine|78/100|[from] item: Leftovers
|-damage|p1a: Skarmory|29/100 brn|[from] brn
|upkeep
|turn|56
|
|switch|p2a: Slowbro|Slowbro-Galar, M|33/100
|move|p1a: Skarmory|Defog|p2a: Slowbro
|-unboost|p2a: Slowbro|evasion|1
|
|-heal|p1a: Skarmory|35/100 brn|[from] item: Leftovers
|-damage|p1a: Skarmory|29/100 brn|[from] brn
|upkeep
|turn|57
|
|move|p1a: Skarmory|Roost|p1a: Skarmory
|-heal|p1a: Skarmory|79/100 brn
|-singleturn|p1a: Skarmory|move: Roost
|move|p2a: Slowbro|Drain Punch|p1a: Skarmory
|-supereffective|p1a: Skarmory
|-damage|p1a: Skarmory|53/100 brn
|-heal|p2a: Slowbro|44/100|[from] drain|[of] p1a: Skarmory
|
|-heal|p1a: Skarmory|59/100 brn|[from] item: Leftovers
|-damage|p1a: Skarmory|53/100 brn|[from] brn
|upkeep
|turn|58
|
|move|p1a: Skarmory|Brave Bird|p2a: Slowbro
|-damage|p2a: Slowbro|30/100
|-damage|p1a: Skarmory|47/100 brn|[from] Recoil
|move|p2a: Slowbro|Drain Punch|p1a: Skarmory
|-damage|p1a: Skarmory|33/100 brn
|-heal|p2a: Slowbro|36/100|[from] drain|[of] p1a: Skarmory
|
|-heal|p1a: Skarmory|39/100 brn|[from] item: Leftovers
|-damage|p1a: Skarmory|33/100 brn|[from] brn
|upkeep
|turn|59
|-activate|p2a: Slowbro|ability: Quick Draw
|
|move|p2a: Slowbro|Drain Punch|p1a: Skarmory
|-damage|p1a: Skarmory|18/100 brn
|-heal|p2a: Slowbro|43/100|[from] drain|[of] p1a: Skarmory
|move|p1a: Skarmory|Roost|p1a: Skarmory
|-heal|p1a: Skarmory|68/100 brn
|-singleturn|p1a: Skarmory|move: Roost
|
|-heal|p1a: Skarmory|74/100 brn|[from] item: Leftovers
|-damage|p1a: Skarmory|68/100 brn|[from] brn
|upkeep
|turn|60
|
|move|p1a: Skarmory|Brave Bird|p2a: Slowbro
|-damage|p2a: Slowbro|26/100
|-damage|p1a: Skarmory|62/100 brn|[from] Recoil
|move|p2a: Slowbro|Liquidation|p1a: Skarmory
|-damage|p1a: Skarmory|47/100 brn
|
|-heal|p1a: Skarmory|53/100 brn|[from] item: Leftovers
|-damage|p1a: Skarmory|47/100 brn|[from] brn
|upkeep
|turn|61
|-activate|p2a: Slowbro|item: Quick Claw
|
|move|p2a: Slowbro|Drain Punch|p1a: Skarmory
|-damage|p1a: Skarmory|32/100 brn
|-heal|p2a: Slowbro|32/100|[from] drain|[of] p1a: Skarmory
|move|p1a: Skarmory|Roost|p1a: Skarmory
|-heal|p1a: Skarmory|82/100 brn
|-singleturn|p1a: Skarmory|move: Roost
|
|-heal|p1a: Skarmory|88/100 brn|[from] item: Leftovers
|-damage|p1a: Skarmory|82/100 brn|[from] brn
|upkeep
|turn|62
|-activate|p2a: Slowbro|ability: Quick Draw
|
|move|p2a: Slowbro|Liquidation|p1a: Skarmory
|-damage|p1a: Skarmory|65/100 brn
|move|p1a: Skarmory|Brave Bird|p2a: Slowbro
|-damage|p2a: Slowbro|18/100
|-damage|p1a: Skarmory|59/100 brn|[from] Recoil
|
|-heal|p1a: Skarmory|65/100 brn|[from] item: Leftovers
|-damage|p1a: Skarmory|59/100 brn|[from] brn
|upkeep
|turn|63
|
|move|p1a: Skarmory|Brave Bird|p2a: Slowbro
|-damage|p2a: Slowbro|2/100
|-damage|p1a: Skarmory|53/100 brn|[from] Recoil
|move|p2a: Slowbro|Liquidation|p1a: Skarmory
|-damage|p1a: Skarmory|39/100 brn
|
|-heal|p1a: Skarmory|45/100 brn|[from] item: Leftovers
|-damage|p1a: Skarmory|39/100 brn|[from] brn
|upkeep
|turn|64
|-activate|p2a: Slowbro|ability: Quick Draw
|
|move|p2a: Slowbro|Drain Punch|p1a: Skarmory
|-damage|p1a: Skarmory|23/100 brn
|-heal|p2a: Slowbro|9/100|[from] drain|[of] p1a: Skarmory
|move|p1a: Skarmory|Roost|p1a: Skarmory
|-heal|p1a: Skarmory|73/100 brn
|-singleturn|p1a: Skarmory|move: Roost
|
|-heal|p1a: Skarmory|79/100 brn|[from] item: Leftovers
|-damage|p1a: Skarmory|73/100 brn|[from] brn
|upkeep
|turn|65
|-activate|p2a: Slowbro|ability: Quick Draw
|
|move|p2a: Slowbro|Drain Punch|p1a: Skarmory
|-damage|p1a: Skarmory|58/100 brn
|-heal|p2a: Slowbro|15/100|[from] drain|[of] p1a: Skarmory
|move|p1a: Skarmory|Brave Bird|p2a: Slowbro
|-damage|p2a: Slowbro|0 fnt
|-damage|p1a: Skarmory|53/100 brn|[from] Recoil
|faint|p2a: Slowbro
|
|-heal|p1a: Skarmory|59/100 brn|[from] item: Leftovers
|-damage|p1a: Skarmory|53/100 brn|[from] brn
|upkeep
|
|switch|p2a: Mantine|Mantine, F|78/100
|turn|66
|
|move|p1a: Skarmory|Defog|p2a: Mantine
|-unboost|p2a: Mantine|evasion|1
|move|p2a: Mantine|Scald|p1a: Skarmory
|-damage|p1a: Skarmory|22/100 brn
|
|-heal|p1a: Skarmory|28/100 brn|[from] item: Leftovers
|-heal|p2a: Mantine|84/100|[from] item: Leftovers
|-damage|p1a: Skarmory|22/100 brn|[from] brn
|upkeep
|turn|67
|
|move|p1a: Skarmory|Roost|p1a: Skarmory
|-heal|p1a: Skarmory|72/100 brn
|-singleturn|p1a: Skarmory|move: Roost
|move|p2a: Mantine|Scald|p1a: Skarmory
|-damage|p1a: Skarmory|43/100 brn
|
|-heal|p1a: Skarmory|49/100 brn|[from] item: Leftovers
|-heal|p2a: Mantine|91/100|[from] item: Leftovers
|-damage|p1a: Skarmory|43/100 brn|[from] brn
|upkeep
|turn|68
|
|move|p1a: Skarmory|Roost|p1a: Skarmory
|-heal|p1a: Skarmory|93/100 brn
|-singleturn|p1a: Skarmory|move: Roost
|move|p2a: Mantine|Scald|p1a: Skarmory
|-damage|p1a: Skarmory|62/100 brn
|
|-heal|p1a: Skarmory|68/100 brn|[from] item: Leftovers
|-heal|p2a: Mantine|97/100|[from] item: Leftovers
|-damage|p1a: Skarmory|62/100 brn|[from] brn
|upkeep
|turn|69
|
|move|p1a: Skarmory|Brave Bird|p2a: Mantine
|-damage|p2a: Mantine|75/100
|-damage|p1a: Skarmory|54/100 brn|[from] Recoil
|move|p2a: Mantine|Defog|p1a: Skarmory
|-unboost|p1a: Skarmory|evasion|1
|
|-heal|p1a: Skarmory|60/100 brn|[from] item: Leftovers
|-heal|p2a: Mantine|81/100|[from] item: Leftovers
|-damage|p1a: Skarmory|54/100 brn|[from] brn
|upkeep
|turn|70
|
|move|p1a: Skarmory|Roost|p1a: Skarmory
|-heal|p1a: Skarmory|100/100 brn
|-singleturn|p1a: Skarmory|move: Roost
|move|p2a: Mantine|Scald|p1a: Skarmory
|-damage|p1a: Skarmory|67/100 brn
|
|-heal|p1a: Skarmory|73/100 brn|[from] item: Leftovers
|-heal|p2a: Mantine|87/100|[from] item: Leftovers
|-damage|p1a: Skarmory|67/100 brn|[from] brn
|upkeep
|turn|71
|
|move|p1a: Skarmory|Body Press|p2a: Mantine
|-resisted|p2a: Mantine
|-damage|p2a: Mantine|78/100
|move|p2a: Mantine|Scald|p1a: Skarmory
|-damage|p1a: Skarmory|35/100 brn
|
|-heal|p1a: Skarmory|41/100 brn|[from] item: Leftovers
|-heal|p2a: Mantine|84/100|[from] item: Leftovers
|-damage|p1a: Skarmory|35/100 brn|[from] brn
|upkeep
|turn|72
|
|move|p1a: Skarmory|Roost|p1a: Skarmory
|-heal|p1a: Skarmory|85/100 brn
|-singleturn|p1a: Skarmory|move: Roost
|move|p2a: Mantine|Defog|p1a: Skarmory
|-unboost|p1a: Skarmory|evasion|1
|
|-heal|p1a: Skarmory|91/100 brn|[from] item: Leftovers
|-heal|p2a: Mantine|90/100|[from] item: Leftovers
|-damage|p1a: Skarmory|85/100 brn|[from] brn
|upkeep
|turn|73
|
|move|p1a: Skarmory|Body Press|p2a: Mantine
|-resisted|p2a: Mantine
|-damage|p2a: Mantine|80/100
|move|p2a: Mantine|Defog|p1a: Skarmory
|-unboost|p1a: Skarmory|evasion|1
|
|-heal|p1a: Skarmory|91/100 brn|[from] item: Leftovers
|-heal|p2a: Mantine|87/100|[from] item: Leftovers
|-damage|p1a: Skarmory|85/100 brn|[from] brn
|upkeep
|turn|74
|
|move|p1a: Skarmory|Defog|p2a: Mantine
|-unboost|p2a: Mantine|evasion|1
|move|p2a: Mantine|Toxic||[still]
|-fail|p2a: Mantine
|
|-heal|p1a: Skarmory|91/100 brn|[from] item: Leftovers
|-heal|p2a: Mantine|93/100|[from] item: Leftovers
|-damage|p1a: Skarmory|85/100 brn|[from] brn
|upkeep
|turn|75
|
|move|p1a: Skarmory|Defog|p2a: Mantine
|-unboost|p2a: Mantine|evasion|1
|move|p2a: Mantine|Toxic||[still]
|-fail|p2a: Mantine
|
|-heal|p1a: Skarmory|91/100 brn|[from] item: Leftovers
|-heal|p2a: Mantine|99/100|[from] item: Leftovers
|-damage|p1a: Skarmory|85/100 brn|[from] brn
|upkeep
|turn|76
|
|switch|p1a: Terrakion|Terrakion|47/100
|move|p2a: Mantine|Scald|p1a: Terrakion
|-supereffective|p1a: Terrakion
|-damage|p1a: Terrakion|0 fnt
|faint|p1a: Terrakion
|
|-heal|p2a: Mantine|100/100|[from] item: Leftovers
|upkeep
|c|☆Rauli94|gg
|c|☆Baboonzo|gg man
|-message|Baboonzo forfeited.
|
|win|Rauli94
|l|☆Baboonzo
|l|☆Rauli94
|raw|Baboonzo's rating: 1365 &rarr; <strong>1339</strong><br />(-26 for losing)
|raw|Rauli94's rating: 1256 &rarr; <strong>1288</strong><br />(+32 for winning)
|j|☆Baboonzo
|player|p1|Baboonzo|2
