|j|☆gusbus
|j|☆galactest bro !
|t:|1638561984
|gametype|singles
|player|p1|gusbus|102|1468
|player|p2|galactest bro !|sage|1467
|teamsize|p1|6
|teamsize|p2|6
|gen|8
|tier|[Gen 8] UU
|rated|
|rule|Sleep Clause Mod: Limit one foe put to sleep
|rule|Species Clause: Limit one of each Pokémon
|rule|OHKO Clause: OHKO moves are banned
|rule|Evasion Moves Clause: Evasion moves are banned
|rule|Endless Battle Clause: Forcing endless battles is banned
|rule|HP Percentage Mod: HP is shown in percentages
|rule|Dynamax Clause: You cannot dynamax
|clearpoke
|poke|p1|Keldeo-Resolute|
|poke|p1|Skarmory, M|
|poke|p1|Excadrill, M|
|poke|p1|Hydreigon, M|
|poke|p1|Roserade, M|
|poke|p1|Moltres-Galar|
|poke|p2|Zygarde-10%|
|poke|p2|Mandibuzz, F|
|poke|p2|Jirachi|
|poke|p2|Conkeldurr, F|
|poke|p2|Tangrowth, M|
|poke|p2|Entei|
|teampreview
|
|t:|1638562012
|start
|switch|p1a: Skarmory|Skarmory, M|100/100
|switch|p2a: Entei|Entei|100/100
|-ability|p2a: Entei|Pressure
|turn|1
|
|t:|1638562019
|switch|p1a: Hydreigon|Hydreigon, M|100/100
|move|p2a: Entei|Sacred Fire|p1a: Hydreigon
|-resisted|p1a: Hydreigon
|-crit|p1a: Hydreigon
|-damage|p1a: Hydreigon|38/100
|-status|p1a: Hydreigon|brn
|
|-damage|p1a: Hydreigon|32/100 brn|[from] brn
|upkeep
|turn|2
|
|t:|1638562031
|switch|p2a: Mandibuzz|Mandibuzz, F|100/100
|move|p1a: Hydreigon|U-turn|p2a: Mandibuzz
|-damage|p2a: Mandibuzz|95/100
|
|t:|1638562039
|switch|p1a: Roserade|Roserade, M|100/100|[from]move: U-turn
|
|upkeep
|turn|3
|
|t:|1638562044
|move|p2a: Mandibuzz|U-turn|p1a: Roserade
|-damage|p1a: Roserade|85/100
|
|t:|1638562050
|switch|p2a: Jirachi|Jirachi|100/100|[from]move: U-turn
|move|p1a: Roserade|Sludge Bomb|p2a: Jirachi
|-immune|p2a: Jirachi
|
|-heal|p1a: Roserade|91/100|[from] item: Black Sludge
|upkeep
|turn|4
|
|t:|1638562062
|move|p2a: Jirachi|U-turn|p1a: Roserade
|-damage|p1a: Roserade|67/100
|
|t:|1638562067
|switch|p2a: Mandibuzz|Mandibuzz, F|95/100|[from]move: U-turn
|move|p1a: Roserade|Toxic Spikes|p2a: Mandibuzz
|-sidestart|p2: galactest bro !|move: Toxic Spikes
|
|-heal|p1a: Roserade|73/100|[from] item: Black Sludge
|upkeep
|turn|5
|
|t:|1638562075
|move|p2a: Mandibuzz|Defog|p1a: Roserade
|-unboost|p1a: Roserade|evasion|1
|-sideend|p2: galactest bro !|Toxic Spikes|[from] move: Defog|[of] p2a: Mandibuzz
|move|p1a: Roserade|Sludge Bomb|p2a: Mandibuzz
|-damage|p2a: Mandibuzz|71/100
|-status|p2a: Mandibuzz|psn
|
|-heal|p1a: Roserade|79/100|[from] item: Black Sludge
|-damage|p2a: Mandibuzz|59/100 psn|[from] psn
|upkeep
|turn|6
|inactive|Battle timer is ON: inactive players will automatically lose when time's up. (requested by gusbus)
|
|t:|1638562085
|switch|p2a: Entei|Entei|100/100
|-ability|p2a: Entei|Pressure
|move|p1a: Roserade|Toxic Spikes|p2a: Entei
|-sidestart|p2: galactest bro !|move: Toxic Spikes
|
|-heal|p1a: Roserade|85/100|[from] item: Black Sludge
|upkeep
|turn|7
|
|t:|1638562093
|switch|p1a: Keldeo|Keldeo-Resolute|100/100
|move|p2a: Entei|Sacred Fire|p1a: Keldeo
|-resisted|p1a: Keldeo
|-damage|p1a: Keldeo|61/100
|-status|p1a: Keldeo|brn
|
|-damage|p1a: Keldeo|54/100 brn|[from] brn
|upkeep
|turn|8
|
|t:|1638562103
|switch|p2a: Tangrowth|Tangrowth, M|100/100
|-status|p2a: Tangrowth|psn
|move|p1a: Keldeo|Surf|p2a: Tangrowth
|-resisted|p2a: Tangrowth
|-damage|p2a: Tangrowth|54/100 psn
|
|-damage|p2a: Tangrowth|41/100 psn|[from] psn
|-damage|p1a: Keldeo|48/100 brn|[from] brn
|upkeep
|turn|9
|
|t:|1638562119
|move|p1a: Keldeo|Surf|p2a: Tangrowth
|-resisted|p2a: Tangrowth
|-damage|p2a: Tangrowth|0 fnt
|faint|p2a: Tangrowth
|
|-damage|p1a: Keldeo|42/100 brn|[from] brn
|upkeep
|
|t:|1638562136
|switch|p2a: Zygarde|Zygarde-10%|100/100
|-status|p2a: Zygarde|psn
|-ability|p2a: Zygarde|Aura Break
|turn|10
|
|t:|1638562144
|switch|p1a: Roserade|Roserade, M|85/100
|move|p2a: Zygarde|Thousand Arrows|p1a: Roserade
|-damage|p1a: Roserade|2/100
|
|-heal|p1a: Roserade|8/100|[from] item: Black Sludge
|-damage|p2a: Zygarde|88/100 psn|[from] psn
|upkeep
|turn|11
|
|t:|1638562152
|move|p2a: Zygarde|Thousand Arrows|p1a: Roserade
|-damage|p1a: Roserade|0 fnt
|faint|p1a: Roserade
|
|-damage|p2a: Zygarde|76/100 psn|[from] psn
|upkeep
|
|t:|1638562157
|switch|p1a: Skarmory|Skarmory, M|100/100
|turn|12
|
|t:|1638562161
|switch|p2a: Mandibuzz|Mandibuzz, F|59/100 psn
|move|p1a: Skarmory|Body Press|p2a: Mandibuzz
|-damage|p2a: Mandibuzz|33/100 psn
|
|-damage|p2a: Mandibuzz|21/100 psn|[from] psn
|upkeep
|turn|13
|
|t:|1638562172
|move|p2a: Mandibuzz|Defog|p1a: Skarmory
|-unboost|p1a: Skarmory|evasion|1
|-sideend|p2: galactest bro !|Toxic Spikes|[from] move: Defog|[of] p2a: Mandibuzz
|move|p1a: Skarmory|Body Press|p2a: Mandibuzz
|-damage|p2a: Mandibuzz|0 fnt
|faint|p2a: Mandibuzz
|
|upkeep
|
|t:|1638562179
|switch|p2a: Entei|Entei|100/100
|-ability|p2a: Entei|Pressure
|turn|14
|
|t:|1638562198
|move|p2a: Entei|Sacred Fire|p1a: Skarmory
|-supereffective|p1a: Skarmory
|-damage|p1a: Skarmory|9/100
|move|p1a: Skarmory|Spikes|p2a: Entei
|-sidestart|p2: galactest bro !|Spikes
|
|upkeep
|turn|15
|
|t:|1638562204
|move|p2a: Entei|Sacred Fire|p1a: Skarmory
|-supereffective|p1a: Skarmory
|-damage|p1a: Skarmory|0 fnt
|faint|p1a: Skarmory
|
|upkeep
|
|t:|1638562207
|switch|p1a: Keldeo|Keldeo-Resolute|42/100 brn
|turn|16
|
|t:|1638562216
|switch|p2a: Jirachi|Jirachi|100/100
|-damage|p2a: Jirachi|88/100|[from] Spikes
|move|p1a: Keldeo|Surf|p2a: Jirachi
|-damage|p2a: Jirachi|32/100
|
|-heal|p2a: Jirachi|38/100|[from] item: Leftovers
|-damage|p1a: Keldeo|36/100 brn|[from] brn
|upkeep
|turn|17
|
|t:|1638562226
|switch|p1a: Excadrill|Excadrill, M|100/100
|-ability|p1a: Excadrill|Mold Breaker
|move|p2a: Jirachi|Stealth Rock|p1a: Excadrill
|-sidestart|p1: gusbus|move: Stealth Rock
|
|-heal|p2a: Jirachi|44/100|[from] item: Leftovers
|upkeep
|turn|18
|
|t:|1638562238
|move|p2a: Jirachi|Healing Wish|p2a: Jirachi
|faint|p2a: Jirachi
|move|p1a: Excadrill|Rapid Spin|p2: Jirachi|[notarget]
|-fail|p1a: Excadrill
|
|upkeep
|
|t:|1638562243
|switch|p2a: Conkeldurr|Conkeldurr, F|100/100
|-damage|p2a: Conkeldurr|88/100|[from] Spikes
|turn|19
|
|t:|1638562250
|move|p1a: Excadrill|Rapid Spin|p2a: Conkeldurr
|-damage|p2a: Conkeldurr|73/100
|-boost|p1a: Excadrill|spe|1
|-sideend|p1: gusbus|Stealth Rock|[from] move: Rapid Spin|[of] p1a: Excadrill
|move|p2a: Conkeldurr|Close Combat|p1a: Excadrill
|-supereffective|p1a: Excadrill
|-damage|p1a: Excadrill|0 fnt
|-unboost|p2a: Conkeldurr|def|1
|-unboost|p2a: Conkeldurr|spd|1
|faint|p1a: Excadrill
|
|-status|p2a: Conkeldurr|brn|[from] item: Flame Orb
|upkeep
|
|t:|1638562253
|switch|p1a: Moltres|Moltres-Galar|100/100
|turn|20
|
|t:|1638562279
|move|p2a: Conkeldurr|Mach Punch|p1a: Moltres
|-damage|p1a: Moltres|64/100
|move|p1a: Moltres|Hurricane|p2a: Conkeldurr
|-supereffective|p2a: Conkeldurr
|-damage|p2a: Conkeldurr|0 fnt
|faint|p2a: Conkeldurr
|
|-heal|p1a: Moltres|70/100|[from] item: Leftovers
|upkeep
|inactive|galactest bro ! has 120 seconds left.
|
|t:|1638562297
|switch|p2a: Entei|Entei|100/100
|-damage|p2a: Entei|88/100|[from] Spikes
|-ability|p2a: Entei|Pressure
|turn|21
|inactive|galactest bro ! has 120 seconds left.
|
|t:|1638562305
|move|p2a: Entei|Flare Blitz|p1a: Moltres
|-damage|p1a: Moltres|0 fnt
|faint|p1a: Moltres
|-damage|p2a: Entei|64/100|[from] Recoil
|
|upkeep
|
|t:|1638562311
|switch|p1a: Keldeo|Keldeo-Resolute|36/100 brn
|turn|22
|c|☆galactest bro !|gg
|
|t:|1638562316
|move|p1a: Keldeo|Surf|p2a: Entei
|-supereffective|p2a: Entei
|-damage|p2a: Entei|0 fnt
|faint|p2a: Entei
|
|-damage|p1a: Keldeo|30/100 brn|[from] brn
|upkeep
|
|t:|1638562322
|switch|p2a: Zygarde|Zygarde-10%|76/100 psn
|-heal|p2a: Zygarde|100/100|[from] move: Healing Wish
|-damage|p2a: Zygarde|88/100|[from] Spikes
|-ability|p2a: Zygarde|Aura Break
|turn|23
|c|☆gusbus|gg
|
|t:|1638562329
|move|p2a: Zygarde|Extreme Speed|p1a: Keldeo
|-damage|p1a: Keldeo|0 fnt
|faint|p1a: Keldeo
|
|upkeep
|
|t:|1638562333
|switch|p1a: Hydreigon|Hydreigon, M|32/100 brn
|turn|24
|
|t:|1638562335
|move|p2a: Zygarde|Extreme Speed|p1a: Hydreigon
|-damage|p1a: Hydreigon|0 fnt
|faint|p1a: Hydreigon
|
|win|galactest bro !
|raw|gusbus's rating: 1468 &rarr; <strong>1448</strong><br />(-20 for losing)
|raw|galactest bro !'s rating: 1467 &rarr; <strong>1487</strong><br />(+20 for winning)
|l|☆gusbus
||Ladder isn't responding, score probably updated but might not have (Request timeout).
