|j|☆Raclette Officiel
|j|☆gib cookie
|t:|1615043415
|player|p1|Raclette Officiel|mina|1373
|player|p2|gib cookie|gentleman-gen4|1166
|teamsize|p1|6
|teamsize|p2|6
|gametype|singles
|gen|8
|tier|[Gen 8] UU
|rated|
|clearpoke
|poke|p1|Regidrago|
|poke|p1|Salamence, M|
|poke|p1|Magnezone|
|poke|p1|Tentacruel, M|
|poke|p1|Kabutops, F|
|poke|p1|Kommo-o, F|
|poke|p2|Scizor, F|
|poke|p2|Crawdaunt, M|
|poke|p2|Victini|
|poke|p2|Nihilego|
|poke|p2|Salamence, F|
|poke|p2|Alakazam, M|
|rule|Sleep Clause Mod: Limit one foe put to sleep
|rule|Species Clause: Limit one of each Pokémon
|rule|OHKO Clause: OHKO moves are banned
|rule|Evasion Moves Clause: Evasion moves are banned
|rule|Endless Battle Clause: Forcing endless battles is banned
|rule|HP Percentage Mod: HP is shown in percentages
|rule|Dynamax Clause: You cannot dynamax
|teampreview
|inactive|Battle timer is ON: inactive players will automatically lose when time's up. (requested by gib cookie)
|
|t:|1615043438
|start
|switch|p1a: Kabutops|Kabutops, F|100/100
|switch|p2a: Alakazam|Alakazam, M|100/100
|turn|1
|j| Masskeauuu
|
|t:|1615043446
|move|p2a: Alakazam|Energy Ball|p1a: Kabutops
|-supereffective|p1a: Kabutops
|-enditem|p1a: Kabutops|Focus Sash
|-damage|p1a: Kabutops|1/100
|move|p1a: Kabutops|Rapid Spin|p2a: Alakazam
|-damage|p2a: Alakazam|61/100
|-boost|p1a: Kabutops|spe|1
|
|upkeep
|turn|2
|
|t:|1615043453
|switch|p2a: Scizor|Scizor, F|100/100
|move|p1a: Kabutops|Knock Off|p2a: Scizor
|-damage|p2a: Scizor|70/100
|-enditem|p2a: Scizor|Choice Band|[from] move: Knock Off|[of] p1a: Kabutops
|
|upkeep
|turn|3
|
|t:|1615043459
|move|p1a: Kabutops|Stealth Rock|p2a: Scizor
|-sidestart|p2: gib cookie|move: Stealth Rock
|move|p2a: Scizor|Brick Break|p1a: Kabutops
|-supereffective|p1a: Kabutops
|-damage|p1a: Kabutops|0 fnt
|faint|p1a: Kabutops
|
|upkeep
|
|t:|1615043471
|switch|p1a: Magnezone|Magnezone|100/100
|turn|4
|
|t:|1615043478
|move|p1a: Magnezone|Volt Switch|p2a: Scizor
|-damage|p2a: Scizor|30/100
|
|t:|1615043481
|switch|p1a: Regidrago|Regidrago|100/100|[from]move: Volt Switch
|move|p2a: Scizor|Brick Break|p1a: Regidrago
|-damage|p1a: Regidrago|67/100
|
|upkeep
|turn|5
|
|t:|1615043486
|move|p1a: Regidrago|Fire Fang|p2a: Scizor
|-supereffective|p2a: Scizor
|-damage|p2a: Scizor|0 fnt
|-damage|p1a: Regidrago|57/100|[from] item: Life Orb
|faint|p2a: Scizor
|
|upkeep
|
|t:|1615043492
|switch|p2a: Salamence|Salamence, F|100/100
|-damage|p2a: Salamence|76/100|[from] Stealth Rock
|turn|6
|
|t:|1615043499
|move|p2a: Salamence|Earthquake|p1a: Regidrago
|-damage|p1a: Regidrago|18/100
|move|p1a: Regidrago|Dragon Claw|p2a: Salamence
|-supereffective|p2a: Salamence
|-damage|p2a: Salamence|0 fnt
|-damage|p1a: Regidrago|8/100|[from] item: Life Orb
|faint|p2a: Salamence
|
|upkeep
|
|t:|1615043502
|switch|p2a: Nihilego|Nihilego|100/100
|-damage|p2a: Nihilego|88/100|[from] Stealth Rock
|turn|7
|
|t:|1615043511
|switch|p1a: Magnezone|Magnezone|100/100
|move|p2a: Nihilego|Power Gem|p1a: Magnezone
|-resisted|p1a: Magnezone
|-damage|p1a: Magnezone|76/100
|
|upkeep
|turn|8
|
|t:|1615043519
|switch|p2a: Victini|Victini|100/100
|-damage|p2a: Victini|76/100|[from] Stealth Rock
|move|p1a: Magnezone|Flash Cannon|p2a: Victini
|-resisted|p2a: Victini
|-damage|p2a: Victini|54/100
|
|upkeep
|turn|9
|
|t:|1615043524
|switch|p1a: Regidrago|Regidrago|8/100
|move|p2a: Victini|V-create|p1a: Regidrago
|-resisted|p1a: Regidrago
|-damage|p1a: Regidrago|0 fnt
|-unboost|p2a: Victini|spe|1
|-unboost|p2a: Victini|def|1
|-unboost|p2a: Victini|spd|1
|faint|p1a: Regidrago
|
|upkeep
|
|t:|1615043529
|switch|p1a: Salamence|Salamence, M|100/100
|turn|10
|
|t:|1615043534
|switch|p2a: Crawdaunt|Crawdaunt, M|100/100
|-damage|p2a: Crawdaunt|88/100|[from] Stealth Rock
|move|p1a: Salamence|Dragon Claw|p2a: Crawdaunt
|-damage|p2a: Crawdaunt|25/100
|
|upkeep
|turn|11
|
|t:|1615043537
|move|p1a: Salamence|Dragon Claw|p2a: Crawdaunt
|-damage|p2a: Crawdaunt|0 fnt
|faint|p2a: Crawdaunt
|-ability|p1a: Salamence|Moxie|boost
|-boost|p1a: Salamence|atk|1
|
|upkeep
|
|t:|1615043543
|switch|p2a: Alakazam|Alakazam, M|61/100
|turn|12
|
|t:|1615043546
|move|p1a: Salamence|Dragon Claw|p2a: Alakazam
|-damage|p2a: Alakazam|0 fnt
|faint|p2a: Alakazam
|-ability|p1a: Salamence|Moxie|boost
|-boost|p1a: Salamence|atk|1
|
|upkeep
|
|t:|1615043549
|switch|p2a: Nihilego|Nihilego|88/100
|-damage|p2a: Nihilego|76/100|[from] Stealth Rock
|turn|13
|
|t:|1615043554
|switch|p1a: Kommo-o|Kommo-o, F|100/100
|move|p2a: Nihilego|Meteor Beam||[still]
|-prepare|p2a: Nihilego|Meteor Beam
|-boost|p2a: Nihilego|spa|1
|-enditem|p2a: Nihilego|Power Herb
|-anim|p2a: Nihilego|Meteor Beam|p1a: Kommo-o|[miss]
|-miss|p2a: Nihilego|p1a: Kommo-o
|
|upkeep
|turn|14
|
|t:|1615043560
|switch|p1a: Magnezone|Magnezone|76/100
|move|p2a: Nihilego|Meteor Beam||[still]
|-prepare|p2a: Nihilego|Meteor Beam
|-boost|p2a: Nihilego|spa|1
|
|upkeep
|turn|15
|
|t:|1615043568
|move|p1a: Magnezone|Flash Cannon|p2a: Nihilego
|-supereffective|p2a: Nihilego
|-damage|p2a: Nihilego|16/100
|move|p2a: Nihilego|Meteor Beam|p1a: Magnezone|[from]lockedmove
|-resisted|p1a: Magnezone
|-damage|p1a: Magnezone|0 fnt
|faint|p1a: Magnezone
|-ability|p2a: Nihilego|Beast Boost|boost
|-boost|p2a: Nihilego|spe|1
|
|upkeep
|
|t:|1615043575
|switch|p1a: Tentacruel|Tentacruel, M|100/100
|-item|p1a: Tentacruel|Air Balloon
|turn|16
|
|t:|1615043578
|move|p2a: Nihilego|Thunderbolt|p1a: Tentacruel
|-supereffective|p1a: Tentacruel
|-damage|p1a: Tentacruel|0 fnt
|-enditem|p1a: Tentacruel|Air Balloon
|faint|p1a: Tentacruel
|-ability|p2a: Nihilego|Beast Boost|boost
|-boost|p2a: Nihilego|spe|1
|
|upkeep
|
|t:|1615043581
|switch|p1a: Kommo-o|Kommo-o, F|100/100
|turn|17
|
|t:|1615043585
|move|p2a: Nihilego|Sludge Wave|p1a: Kommo-o
|-damage|p1a: Kommo-o|0 fnt
|faint|p1a: Kommo-o
|-ability|p2a: Nihilego|Beast Boost|boost
|-boost|p2a: Nihilego|spe|1
|
|upkeep
|-message|Raclette Officiel forfeited.
|
|win|gib cookie
|l|☆Raclette Officiel
