|inactive|Battle timer is ON: inactive players will automatically lose when time's up.
|t:|1658587124
|gametype|singles
|player|p1|Specs|#scl1gible|
|player|p2|Adaam|#uutrio2ladder|
|teamsize|p1|6
|teamsize|p2|6
|gen|8
|tier|[Gen 8] UU
|rule|Sleep Clause Mod: Limit one foe put to sleep
|rule|Species Clause: Limit one of each Pokémon
|rule|OHKO Clause: OHKO moves are banned
|rule|Evasion Moves Clause: Evasion moves are banned
|rule|Endless Battle Clause: Forcing endless battles is banned
|rule|HP Percentage Mod: HP is shown in percentages
|rule|Dynamax Clause: You cannot dynamax
|clearpoke
|poke|p1|Diggersby, F|
|poke|p1|Raikou|
|poke|p1|Hydreigon, F|
|poke|p1|Nihilego|
|poke|p1|Amoonguss, F|
|poke|p1|Skarmory, M|
|poke|p2|Hippowdon, M|
|poke|p2|Rotom-Wash|
|poke|p2|Skarmory, F|
|poke|p2|Hydreigon, F|
|poke|p2|Lycanroc-Dusk, F|
|poke|p2|Dhelmise|
|teampreview
|c|☆Adaam|hf
|c|☆Specs|Hf bro
|c|+pokemonisfun|you said noon
|c|+pokemonisfun|...
|inactive|Specs has 270 seconds left.
|inactive|Adaam has 270 seconds left.
|c|☆Specs|We are both liars
|c|+mncmt|it is noon
|c|+Donny P.|it is noon somewhere
|inactive|Specs has 240 seconds left.
|
|t:|1658587202
|start
|switch|p1a: Raikou|Raikou|100/100
|switch|p2a: africa by rototo|Rotom-Wash|100/100
|turn|1
|
|t:|1658587216
|move|p1a: Raikou|Thunderbolt|p2a: africa by rototo
|-damage|p2a: africa by rototo|67/100
|move|p2a: africa by rototo|Will-O-Wisp|p1a: Raikou
|-status|p1a: Raikou|brn
|
|-heal|p2a: africa by rototo|73/100|[from] item: Leftovers
|-damage|p1a: Raikou|94/100 brn|[from] brn
|upkeep
|turn|2
|
|t:|1658587222
|move|p1a: Raikou|Volt Switch|p2a: africa by rototo
|-damage|p2a: africa by rototo|44/100
|
|t:|1658587231
|switch|p1a: -hs|Hydreigon, F|100/100|[from]move: Volt Switch
|move|p2a: africa by rototo|Pain Split|p1a: -hs
|-sethp|p1a: -hs|71/100|[from] move: Pain Split|[silent]
|-sethp|p2a: africa by rototo|75/100|[from] move: Pain Split
|
|-heal|p2a: africa by rototo|82/100|[from] item: Leftovers
|upkeep
|turn|3
|inactive|Adaam has 270 seconds left.
|c|☆Specs|hs
|c|☆Adaam|-hs
|c|+dnagerbdager|-hs
|c|+sashh|-hs
|c|+mncmt|-hs
|c|+avarice|-hs
|inactive|Adaam has 240 seconds left.
|
|t:|1658587300
|move|p1a: -hs|Draco Meteor|p2a: africa by rototo
|-damage|p2a: africa by rototo|0 fnt
|-unboost|p1a: -hs|spa|2
|faint|p2a: africa by rototo
|
|upkeep
|
|t:|1658587306
|switch|p2a: ip nostrils|Hippowdon, M|100/100
|-weather|Sandstorm|[from] ability: Sand Stream|[of] p2a: ip nostrils
|turn|4
|c|+mncmt|gone
|c|+kamisama_no49|gl ip
|
|t:|1658587322
|switch|p1a: Skarmory|Skarmory, M|100/100
|move|p2a: ip nostrils|Stealth Rock|p1a: Skarmory
|-sidestart|p1: Specs|move: Stealth Rock
|
|-weather|Sandstorm|[upkeep]
|upkeep
|turn|5
|c|+Donny P.|gl kamisama_no49
|inactive|Adaam has 240 seconds left.
|
|t:|1658587362
|switch|p2a: skar tissue|Skarmory, F|100/100
|move|p1a: Skarmory|Spikes|p2a: skar tissue
|-sidestart|p2: Adaam|Spikes
|
|-weather|Sandstorm|[upkeep]
|upkeep
|turn|6
|
|t:|1658587370
|switch|p1a: Raikou|Raikou|94/100 brn
|move|p2a: skar tissue|Spikes|p1a: Raikou
|-sidestart|p1: Specs|Spikes
|
|-weather|Sandstorm|[upkeep]
|-damage|p1a: Raikou|88/100 brn|[from] Sandstorm
|-damage|p1a: Raikou|82/100 brn|[from] brn
|upkeep
|turn|7
|
|t:|1658587392
|switch|p2a: deino triple|Hydreigon, F|100/100
|move|p1a: Raikou|Scald|p2a: deino triple
|-resisted|p2a: deino triple
|-damage|p2a: deino triple|87/100
|
|-weather|Sandstorm|[upkeep]
|-damage|p2a: deino triple|80/100|[from] Sandstorm
|-damage|p1a: Raikou|76/100 brn|[from] Sandstorm
|-damage|p1a: Raikou|69/100 brn|[from] brn
|upkeep
|turn|8
|inactive|Specs has 270 seconds left.
|
|t:|1658587451
|switch|p1a: Nihilego|Nihilego|100/100
|-damage|p1a: Nihilego|88/100|[from] Stealth Rock
|-damage|p1a: Nihilego|75/100|[from] Spikes
|move|p2a: deino triple|U-turn|p1a: Nihilego
|-resisted|p1a: Nihilego
|-damage|p1a: Nihilego|64/100
|inactive|Adaam has 210 seconds left.
|
|t:|1658587472
|switch|p2a: ly-can do it!|Lycanroc-Dusk, F|100/100|[from]move: U-turn
|-damage|p2a: ly-can do it!|88/100|[from] Spikes
|
|-weather|none
|-heal|p1a: Nihilego|70/100|[from] item: Black Sludge
|upkeep
|turn|9
|inactive|Adaam has 210 seconds left.
|inactive|Specs has 240 seconds left.
|
|t:|1658587508
|switch|p1a: Skarmory|Skarmory, M|100/100
|-damage|p1a: Skarmory|88/100|[from] Stealth Rock
|move|p2a: ly-can do it!|Stone Edge|p1a: Skarmory
|-damage|p1a: Skarmory|44/100
|
|upkeep
|turn|10
|inactive|Adaam has 210 seconds left.
|c|+pokemonisfun|ly-can do it!
|inactive|Adaam has 180 seconds left.
|inactive|Adaam has 150 seconds left.
|c|+mncmt|jynxed
|inactive|Adaam has 120 seconds left.
|
|t:|1658587619
|switch|p2a: für dhelmise|Dhelmise|100/100
|move|p1a: Skarmory|Roost|p1a: Skarmory
|-heal|p1a: Skarmory|94/100
|-singleturn|p1a: Skarmory|move: Roost
|
|upkeep
|turn|11
|inactive|Specs has 210 seconds left.
|c|+pokemonisfun|oh man
|c|+pokemonisfun|this is a great nick
|inactive|Specs has 180 seconds left.
|inactive|Specs has 150 seconds left.
|inactive|Specs has 120 seconds left.
|
|t:|1658587743
|switch|p1a: Amoonguss|Amoonguss, F|100/100
|-damage|p1a: Amoonguss|88/100|[from] Stealth Rock
|-damage|p1a: Amoonguss|75/100|[from] Spikes
|move|p2a: für dhelmise|Knock Off|p1a: Amoonguss
|-damage|p1a: Amoonguss|51/100
|-enditem|p1a: Amoonguss|Black Sludge|[from] move: Knock Off|[of] p2a: für dhelmise
|
|upkeep
|turn|12
|inactive|Adaam has 90 seconds left.
|
|t:|1658587786
|switch|p2a: ip nostrils|Hippowdon, M|100/100
|-damage|p2a: ip nostrils|88/100|[from] Spikes
|-weather|Sandstorm|[from] ability: Sand Stream|[of] p2a: ip nostrils
|move|p1a: Amoonguss|Synthesis|p1a: Amoonguss
|-heal|p1a: Amoonguss|76/100
|
|-weather|Sandstorm|[upkeep]
|-damage|p1a: Amoonguss|69/100|[from] Sandstorm
|-heal|p2a: ip nostrils|94/100|[from] item: Leftovers
|upkeep
|turn|13
|inactive|Specs has 120 seconds left.
|
|t:|1658587801
|move|p2a: ip nostrils|Earthquake|p1a: Amoonguss
|-damage|p1a: Amoonguss|41/100
|move|p1a: Amoonguss|Spore|p2a: ip nostrils
|-status|p2a: ip nostrils|slp|[from] move: Spore
|
|-weather|Sandstorm|[upkeep]
|-damage|p1a: Amoonguss|35/100|[from] Sandstorm
|-heal|p2a: ip nostrils|100/100 slp|[from] item: Leftovers
|upkeep
|turn|14
|inactive|Specs has 120 seconds left.
|inactive|Adaam has 60 seconds left.
|inactive|Specs has 90 seconds left.
|
|t:|1658587857
|switch|p2a: deino triple|Hydreigon, F|80/100
|move|p1a: Amoonguss|Sludge Bomb|p2a: deino triple
|-crit|p2a: deino triple
|-damage|p2a: deino triple|32/100
|
|-weather|Sandstorm|[upkeep]
|-damage|p2a: deino triple|26/100|[from] Sandstorm
|-damage|p1a: Amoonguss|29/100|[from] Sandstorm
|upkeep
|turn|15
|inactive|Specs has 60 seconds left.
|
|t:|1658587885
|switch|p1a: Nihilego|Nihilego|70/100
|-damage|p1a: Nihilego|58/100|[from] Stealth Rock
|-damage|p1a: Nihilego|45/100|[from] Spikes
|move|p2a: deino triple|U-turn|p1a: Nihilego
|-resisted|p1a: Nihilego
|-damage|p1a: Nihilego|35/100
|inactive|Adaam has 30 seconds left.
|
|t:|1658587901
|switch|p2a: ly-can do it!|Lycanroc-Dusk, F|88/100|[from]move: U-turn
|-damage|p2a: ly-can do it!|76/100|[from] Spikes
|
|-weather|Sandstorm|[upkeep]
|-heal|p1a: Nihilego|41/100|[from] item: Black Sludge
|upkeep
|turn|16
|inactive|Specs has 60 seconds left.
|inactive|Specs has 30 seconds left.
|
|t:|1658587954
|switch|p1a: Skarmory|Skarmory, M|94/100
|-damage|p1a: Skarmory|82/100|[from] Stealth Rock
|move|p2a: ly-can do it!|Close Combat|p1a: Skarmory
|-damage|p1a: Skarmory|35/100
|-unboost|p2a: ly-can do it!|def|1
|-unboost|p2a: ly-can do it!|spd|1
|-damage|p2a: ly-can do it!|59/100|[from] item: Rocky Helmet|[of] p1a: Skarmory
|
|-weather|none
|upkeep
|turn|17
|inactive|Specs has 30 seconds left.
|
|t:|1658587960
|switch|p1a: Amoonguss|Amoonguss, F|62/100
|-damage|p1a: Amoonguss|49/100|[from] Stealth Rock
|-damage|p1a: Amoonguss|37/100|[from] Spikes
|move|p2a: ly-can do it!|Close Combat|p1a: Amoonguss
|-resisted|p1a: Amoonguss
|-damage|p1a: Amoonguss|9/100
|-unboost|p2a: ly-can do it!|def|1
|-unboost|p2a: ly-can do it!|spd|1
|
|upkeep
|turn|18
|
|t:|1658587967
|move|p2a: ly-can do it!|Close Combat|p1a: Amoonguss
|-resisted|p1a: Amoonguss
|-damage|p1a: Amoonguss|0 fnt
|-unboost|p2a: ly-can do it!|def|1
|-unboost|p2a: ly-can do it!|spd|1
|faint|p1a: Amoonguss
|
|upkeep
|
|t:|1658587969
|switch|p1a: Diggersby|Diggersby, F|100/100
|-damage|p1a: Diggersby|94/100|[from] Stealth Rock
|-damage|p1a: Diggersby|82/100|[from] Spikes
|turn|19
|inactive|Adaam has 60 seconds left.
|
|t:|1658587998
|switch|p2a: ip nostrils|Hippowdon, M|100/100 slp
|-damage|p2a: ip nostrils|88/100 slp|[from] Spikes
|-weather|Sandstorm|[from] ability: Sand Stream|[of] p2a: ip nostrils
|move|p1a: Diggersby|U-turn|p2a: ip nostrils
|-crit|p2a: ip nostrils
|-damage|p2a: ip nostrils|62/100 slp
|
|t:|1658588005
|switch|p1a: -hs|Hydreigon, F|71/100|[from]move: U-turn
|-damage|p1a: -hs|58/100|[from] Stealth Rock
|
|-weather|Sandstorm|[upkeep]
|-damage|p1a: -hs|52/100|[from] Sandstorm
|-heal|p2a: ip nostrils|69/100 slp|[from] item: Leftovers
|upkeep
|turn|20
|inactive|Adaam has 30 seconds left.
|
|t:|1658588036
|move|p1a: -hs|Dark Pulse|p2a: ip nostrils
|-damage|p2a: ip nostrils|9/100 slp
|cant|p2a: ip nostrils|slp
|
|-weather|Sandstorm|[upkeep]
|-damage|p1a: -hs|46/100|[from] Sandstorm
|-heal|p2a: ip nostrils|15/100 slp|[from] item: Leftovers
|upkeep
|turn|21
|inactive|Specs has 60 seconds left.
|
|t:|1658588047
|move|p1a: -hs|Dark Pulse|p2a: ip nostrils
|-damage|p2a: ip nostrils|0 fnt
|faint|p2a: ip nostrils
|
|-weather|Sandstorm|[upkeep]
|-damage|p1a: -hs|40/100|[from] Sandstorm
|upkeep
|inactive|Adaam has 30 seconds left.
|inactive|Adaam has 20 seconds left.
|
|t:|1658588077
|switch|p2a: deino triple|Hydreigon, F|26/100
|turn|22
|inactive|Adaam has 30 seconds left this turn.
|inactive|Specs has 60 seconds left.
|
|t:|1658588098
|switch|p1a: Nihilego|Nihilego|41/100
|-damage|p1a: Nihilego|29/100|[from] Stealth Rock
|-damage|p1a: Nihilego|16/100|[from] Spikes
|move|p2a: deino triple|Draco Meteor|p1a: Nihilego
|-damage|p1a: Nihilego|0 fnt
|-unboost|p2a: deino triple|spa|2
|faint|p1a: Nihilego
|
|-weather|Sandstorm|[upkeep]
|-damage|p2a: deino triple|20/100|[from] Sandstorm
|upkeep
|inactive|Adaam has 30 seconds left this turn.
|
|t:|1658588109
|switch|p1a: Raikou|Raikou|69/100 brn
|turn|23
|inactive|Specs disconnected and has 300 seconds to reconnect!
|player|p1|
|inactive|Adaam has 30 seconds left.
|inactive|Specs reconnected and has 55 seconds left.
|player|p1|Specs|#scl1gible
|inactive|Adaam has 20 seconds left.
|inactive|Adaam has 15 seconds left.
|inactive|Adaam has 10 seconds left.
|
|t:|1658588143
|switch|p2a: ly-can do it!|Lycanroc-Dusk, F|59/100
|-damage|p2a: ly-can do it!|47/100|[from] Spikes
|move|p1a: Raikou|Volt Switch|p2a: ly-can do it!
|-damage|p2a: ly-can do it!|13/100
|inactive|Adaam has 15 seconds left this turn.
|
|t:|1658588147
|switch|p1a: Diggersby|Diggersby, F|82/100|[from]move: Volt Switch
|-damage|p1a: Diggersby|76/100|[from] Stealth Rock
|-damage|p1a: Diggersby|64/100|[from] Spikes
|
|-weather|none
|upkeep
|turn|24
|inactive|Adaam has 25 seconds left this turn.
|inactive|Adaam has 20 seconds left.
|inactive|Adaam has 15 seconds left.
|
|t:|1658588159
|move|p2a: ly-can do it!|Accelerock|p1a: Diggersby
|-resisted|p1a: Diggersby
|-damage|p1a: Diggersby|38/100
|move|p1a: Diggersby|U-turn|p2a: ly-can do it!
|-damage|p2a: ly-can do it!|0 fnt
|faint|p2a: ly-can do it!
|inactive|Adaam has 20 seconds left this turn.
|
|t:|1658588169
|switch|p1a: Skarmory|Skarmory, M|35/100|[from]move: U-turn
|-damage|p1a: Skarmory|22/100|[from] Stealth Rock
|
|upkeep
|inactive|Adaam has 25 seconds left this turn.
|inactive|Adaam has 20 seconds left.
|inactive|Adaam has 15 seconds left.
|
|t:|1658588180
|switch|p2a: deino triple|Hydreigon, F|20/100
|turn|25
|inactive|Adaam has 25 seconds left this turn.
|
|t:|1658588198
|move|p2a: deino triple|Dark Pulse|p1a: Skarmory
|-damage|p1a: Skarmory|0 fnt
|faint|p1a: Skarmory
|
|upkeep
|inactive|Adaam has 30 seconds left this turn.
|
|t:|1658588199
|switch|p1a: -hs|Hydreigon, F|40/100
|-damage|p1a: -hs|28/100|[from] Stealth Rock
|turn|26
|inactive|Adaam has 30 seconds left.
|inactive|Adaam has 20 seconds left.
|inactive|Adaam has 15 seconds left.
|
|t:|1658588226
|switch|p2a: für dhelmise|Dhelmise|100/100
|move|p1a: -hs|Dark Pulse|p2a: für dhelmise
|-supereffective|p2a: für dhelmise
|-damage|p2a: für dhelmise|0 fnt
|faint|p2a: für dhelmise
|
|upkeep
|inactive|Adaam has 20 seconds left this turn.
|
|t:|1658588227
|switch|p2a: deino triple|Hydreigon, F|20/100
|turn|27
|inactive|Adaam has 30 seconds left this turn.
|inactive|Specs has 60 seconds left.
|inactive|Adaam has 20 seconds left.
|inactive|Adaam has 15 seconds left.
|inactive|Specs has 30 seconds left.
|inactive|Specs has 20 seconds left.
|inactive|Specs has 15 seconds left.
|
|t:|1658588292
|switch|p1a: Diggersby|Diggersby, F|38/100
|-damage|p1a: Diggersby|32/100|[from] Stealth Rock
|-damage|p1a: Diggersby|20/100|[from] Spikes
|move|p2a: deino triple|U-turn|p1a: Diggersby
|-damage|p1a: Diggersby|0 fnt
|faint|p1a: Diggersby
|inactive|Specs has 20 seconds left this turn.
|inactive|Adaam has 20 seconds left this turn.
|
|t:|1658588295
|switch|p2a: skar tissue|Skarmory, F|100/100|[from]move: U-turn
|
|upkeep
|inactive|Specs has 25 seconds left this turn.
|inactive|Adaam has 25 seconds left this turn.
|
|t:|1658588298
|switch|p1a: Raikou|Raikou|69/100 brn
|turn|28
|inactive|Adaam has 30 seconds left.
|inactive|Specs has 30 seconds left.
|
|t:|1658588311
|move|p1a: Raikou|Volt Switch|p2a: skar tissue
|-supereffective|p2a: skar tissue
|-crit|p2a: skar tissue
|-ability|p2a: skar tissue|Sturdy
|-damage|p2a: skar tissue|1/100
|
|t:|1658588313
|switch|p1a: -hs|Hydreigon, F|28/100|[from]move: Volt Switch
|-damage|p1a: -hs|15/100|[from] Stealth Rock
|move|p2a: skar tissue|Body Press|p1a: -hs
|-supereffective|p1a: -hs
|-damage|p1a: -hs|0 fnt
|faint|p1a: -hs
|
|upkeep
|
|t:|1658588315
|switch|p1a: Raikou|Raikou|69/100 brn
|turn|29
|
|t:|1658588318
|move|p1a: Raikou|Aura Sphere|p2a: skar tissue
|-damage|p2a: skar tissue|0 fnt
|faint|p2a: skar tissue
|
|-damage|p1a: Raikou|63/100 brn|[from] brn
|upkeep
|c|☆Adaam|moment of truth
|
|t:|1658588323
|switch|p2a: deino triple|Hydreigon, F|20/100
|turn|30
|
|t:|1658588324
|move|p2a: deino triple|Draco Meteor|p1a: Raikou
|-damage|p1a: Raikou|0 fnt
|-unboost|p2a: deino triple|spa|2
|faint|p1a: Raikou
|
|win|Adaam
|c|☆Adaam|gg
|c|+Donny P.|skar tissue that I wish u saw skarcasm mister know it all 
|c|☆Specs|Great game bro
|c|☆Specs|wp
|c|☆Adaam|yeah this was a good one
