|inactive|Battle timer is ON: inactive players will automatically lose when time's up.
|t:|1646799147
|gametype|singles
|player|p1|GasaiiYunoSan|cynthia|
|player|p2|Sage|phoebe-gen3|
|teamsize|p1|6
|teamsize|p2|6
|gen|8
|tier|[Gen 8] UU
|rule|Sleep Clause Mod: Limit one foe put to sleep
|rule|Species Clause: Limit one of each Pokémon
|rule|OHKO Clause: OHKO moves are banned
|rule|Evasion Moves Clause: Evasion moves are banned
|rule|Endless Battle Clause: Forcing endless battles is banned
|rule|HP Percentage Mod: HP is shown in percentages
|rule|Dynamax Clause: You cannot dynamax
|clearpoke
|poke|p1|Politoed, M|
|poke|p1|Kingdra, F|
|poke|p1|Excadrill, F|
|poke|p1|Kabutops, M|
|poke|p1|Thundurus-Therian, M|
|poke|p1|Tapu Bulu|
|poke|p2|Chansey, F|
|poke|p2|Ditto|
|poke|p2|Salamence, M|
|poke|p2|Mamoswine, M|
|poke|p2|Cobalion|
|poke|p2|Primarina, F|
|teampreview
|c|☆Sage|hf
|c|+dingbat|tis masters?
|inactive|Sage has 270 seconds left.
|c|☆GasaiiYunoSan|Yes
|c|☆Sage|si
|
|t:|1646799203
|start
|switch|p1a: Excadrill|Excadrill, F|100/100
|switch|p2a: Barbie|Primarina, F|100/100
|-ability|p1a: Excadrill|Mold Breaker
|turn|1
|inactive|GasaiiYunoSan has 270 seconds left.
|
|t:|1646799233
|move|p1a: Excadrill|Earthquake|p2a: Barbie
|-damage|p2a: Barbie|53/100
|move|p2a: Barbie|Calm Mind|p2a: Barbie
|-boost|p2a: Barbie|spa|1
|-boost|p2a: Barbie|spd|1
|
|-heal|p2a: Barbie|59/100|[from] item: Leftovers
|upkeep
|turn|2
|
|t:|1646799238
|move|p1a: Excadrill|Iron Head|p2a: Barbie
|-damage|p2a: Barbie|26/100
|move|p2a: Barbie|Rest|p2a: Barbie
|-status|p2a: Barbie|slp|[from] move: Rest
|-heal|p2a: Barbie|100/100 slp|[silent]
|
|upkeep
|turn|3
|
|t:|1646799240
|move|p1a: Excadrill|Earthquake|p2a: Barbie
|-damage|p2a: Barbie|60/100 slp
|cant|p2a: Barbie|slp
|move|p2a: Barbie|Snore|p1a: Excadrill
|-supereffective|p1a: Excadrill
|-damage|p1a: Excadrill|22/100
|
|-heal|p2a: Barbie|66/100 slp|[from] item: Leftovers
|upkeep
|turn|4
|
|t:|1646799262
|move|p1a: Excadrill|Earthquake|p2a: Barbie
|-damage|p2a: Barbie|18/100 slp
|cant|p2a: Barbie|slp
|move|p2a: Barbie|Snore|p1a: Excadrill
|-supereffective|p1a: Excadrill
|-damage|p1a: Excadrill|0 fnt
|faint|p1a: Excadrill
|
|-heal|p2a: Barbie|24/100 slp|[from] item: Leftovers
|upkeep
|inactive|GasaiiYunoSan has 270 seconds left.
|
|t:|1646799283
|switch|p1a: Thundurus|Thundurus-Therian, M|100/100
|turn|5
|
|t:|1646799286
|switch|p2a: Boss B!tch|Chansey, F|100/100
|move|p1a: Thundurus|Volt Switch|p2a: Boss B!tch
|-crit|p2a: Boss B!tch
|-damage|p2a: Boss B!tch|75/100
|inactive|GasaiiYunoSan has 270 seconds left.
|
|t:|1646799307
|switch|p1a: Tapu Bulu|Tapu Bulu|100/100|[from]move: Volt Switch
|-fieldstart|move: Grassy Terrain|[from] ability: Grassy Surge|[of] p1a: Tapu Bulu
|
|-heal|p2a: Boss B!tch|81/100|[from] Grassy Terrain
|upkeep
|turn|6
|
|t:|1646799310
|switch|p2a: Ken|Salamence, M|100/100
|-ability|p2a: Ken|Intimidate|boost
|-unboost|p1a: Tapu Bulu|atk|1
|move|p1a: Tapu Bulu|Close Combat|p2a: Ken
|-resisted|p2a: Ken
|-damage|p2a: Ken|75/100
|-unboost|p1a: Tapu Bulu|def|1
|-unboost|p1a: Tapu Bulu|spd|1
|
|upkeep
|turn|7
|
|t:|1646799314
|switch|p1a: Politoed|Politoed, M|100/100
|-weather|RainDance|[from] ability: Drizzle|[of] p1a: Politoed
|move|p2a: Ken|Hurricane|p1a: Politoed
|-damage|p1a: Politoed|52/100
|
|-weather|RainDance|[upkeep]
|-heal|p1a: Politoed|58/100|[from] Grassy Terrain
|upkeep
|turn|8
|
|t:|1646799329
|switch|p1a: Thundurus|Thundurus-Therian, M|100/100
|move|p2a: Ken|Hurricane|p1a: Thundurus
|-resisted|p1a: Thundurus
|-damage|p1a: Thundurus|64/100
|
|-weather|RainDance|[upkeep]
|upkeep
|turn|9
|inactive|Sage has 270 seconds left.
|
|t:|1646799366
|move|p1a: Thundurus|Volt Switch|p2a: Ken
|-damage|p2a: Ken|2/100
|
|t:|1646799374
|switch|p1a: Kabutops|Kabutops, M|100/100|[from]move: Volt Switch
|move|p2a: Ken|Roost|p2a: Ken
|-heal|p2a: Ken|52/100
|-singleturn|p2a: Ken|move: Roost
|
|-weather|RainDance|[upkeep]
|-heal|p2a: Ken|58/100|[from] Grassy Terrain
|-fieldend|move: Grassy Terrain
|upkeep
|turn|10
|inactive|GasaiiYunoSan has 270 seconds left.
|inactive|Sage has 270 seconds left.
|inactive|Sage has 240 seconds left.
|
|t:|1646799431
|switch|p2a: Barbie|Primarina, F|24/100 slp
|move|p1a: Kabutops|Waterfall|p2a: Barbie
|-resisted|p2a: Barbie
|-damage|p2a: Barbie|0 fnt
|faint|p2a: Barbie
|
|-weather|RainDance|[upkeep]
|upkeep
|
|t:|1646799450
|switch|p2a: Ken|Salamence, M|58/100
|-ability|p2a: Ken|Intimidate|boost
|-unboost|p1a: Kabutops|atk|1
|turn|11
|inactive|GasaiiYunoSan has 270 seconds left.
|
|t:|1646799459
|switch|p1a: Kingdra|Kingdra, F|100/100
|move|p2a: Ken|Roost|p2a: Ken
|-heal|p2a: Ken|100/100
|-singleturn|p2a: Ken|move: Roost
|
|-weather|RainDance|[upkeep]
|upkeep
|turn|12
|inactive|GasaiiYunoSan has 270 seconds left.
|inactive|Sage has 240 seconds left.
|
|t:|1646799474
|switch|p2a: Boss B!tch|Chansey, F|81/100
|move|p1a: Kingdra|Draco Meteor|p2a: Boss B!tch
|-damage|p2a: Boss B!tch|56/100
|-unboost|p1a: Kingdra|spa|2
|-damage|p1a: Kingdra|91/100|[from] item: Life Orb
|
|-weather|RainDance|[upkeep]
|upkeep
|turn|13
|
|t:|1646799480
|switch|p1a: Kabutops|Kabutops, M|100/100
|move|p2a: Boss B!tch|Soft-Boiled|p2a: Boss B!tch
|-heal|p2a: Boss B!tch|100/100
|
|-weather|RainDance|[upkeep]
|upkeep
|turn|14
|
|t:|1646799495
|switch|p2a: Shine Like Gloss|Cobalion|100/100
|move|p1a: Kabutops|Flip Turn|p2a: Shine Like Gloss
|-damage|p2a: Shine Like Gloss|36/100
|-damage|p1a: Kabutops|84/100|[from] item: Rocky Helmet|[of] p2a: Shine Like Gloss
|
|t:|1646799508
|switch|p1a: Tapu Bulu|Tapu Bulu|100/100|[from]move: Flip Turn
|-fieldstart|move: Grassy Terrain|[from] ability: Grassy Surge|[of] p1a: Tapu Bulu
|
|-weather|none
|-heal|p2a: Shine Like Gloss|43/100|[from] Grassy Terrain
|upkeep
|turn|15
|
|t:|1646799523
|switch|p2a: Ken|Salamence, M|100/100
|-ability|p2a: Ken|Intimidate|boost
|-unboost|p1a: Tapu Bulu|atk|1
|switch|p1a: Politoed|Politoed, M|58/100
|-weather|RainDance|[from] ability: Drizzle|[of] p1a: Politoed
|
|-weather|RainDance|[upkeep]
|-heal|p1a: Politoed|64/100|[from] Grassy Terrain
|upkeep
|turn|16
|
|t:|1646799527
|move|p2a: Ken|Hurricane|p1a: Politoed
|-damage|p1a: Politoed|16/100
|move|p1a: Politoed|Ice Beam|p2a: Ken
|-supereffective|p2a: Ken
|-damage|p2a: Ken|12/100
|
|-weather|RainDance|[upkeep]
|-heal|p1a: Politoed|23/100|[from] Grassy Terrain
|upkeep
|turn|17
|
|t:|1646799535
|switch|p1a: Kabutops|Kabutops, M|84/100
|move|p2a: Ken|Hurricane|p1a: Kabutops
|-resisted|p1a: Kabutops
|-damage|p1a: Kabutops|41/100
|-start|p1a: Kabutops|confusion
|
|-weather|RainDance|[upkeep]
|-heal|p1a: Kabutops|47/100|[from] Grassy Terrain
|upkeep
|turn|18
|inactive|Sage has 270 seconds left.
|inactive|Sage has 240 seconds left.
|
|t:|1646799583
|switch|p2a: Shine Like Gloss|Cobalion|43/100
|-activate|p1a: Kabutops|confusion
|move|p1a: Kabutops|Flip Turn|p2a: Shine Like Gloss
|-damage|p2a: Shine Like Gloss|0 fnt
|-damage|p1a: Kabutops|30/100|[from] item: Rocky Helmet|[of] p2a: Shine Like Gloss
|faint|p2a: Shine Like Gloss
|inactive|GasaiiYunoSan has 270 seconds left.
|inactive|GasaiiYunoSan has 240 seconds left.
|
|t:|1646799654
|switch|p1a: Thundurus|Thundurus-Therian, M|64/100|[from]move: Flip Turn
|
|-weather|RainDance|[upkeep]
|-fieldend|move: Grassy Terrain
|upkeep
|
|t:|1646799660
|switch|p2a: Boss B!tch|Chansey, F|100/100
|turn|19
|inactive|GasaiiYunoSan has 240 seconds left.
|
|t:|1646799671
|move|p1a: Thundurus|Volt Switch|p2a: Boss B!tch
|-damage|p2a: Boss B!tch|83/100
|
|t:|1646799679
|switch|p1a: Tapu Bulu|Tapu Bulu|100/100|[from]move: Volt Switch
|-fieldstart|move: Grassy Terrain|[from] ability: Grassy Surge|[of] p1a: Tapu Bulu
|move|p2a: Boss B!tch|Teleport|p2a: Boss B!tch
|
|t:|1646799682
|switch|p2a: Ken|Salamence, M|12/100|[from]move: Teleport
|-ability|p2a: Ken|Intimidate|boost
|-unboost|p1a: Tapu Bulu|atk|1
|
|-weather|RainDance|[upkeep]
|upkeep
|turn|20
|
|t:|1646799687
|switch|p2a: Whole Damn Cake|Mamoswine, M|100/100
|switch|p1a: Thundurus|Thundurus-Therian, M|64/100
|
|-weather|RainDance|[upkeep]
|upkeep
|turn|21
|inactive|GasaiiYunoSan has 240 seconds left.
|
|t:|1646799707
|switch|p1a: Kabutops|Kabutops, M|30/100
|move|p2a: Whole Damn Cake|Ice Shard|p1a: Kabutops
|-resisted|p1a: Kabutops
|-damage|p1a: Kabutops|14/100
|
|-weather|RainDance|[upkeep]
|-heal|p1a: Kabutops|20/100|[from] Grassy Terrain
|upkeep
|turn|22
|inactive|GasaiiYunoSan has 240 seconds left.
|
|t:|1646799723
|switch|p2a: Ken|Salamence, M|12/100
|-ability|p2a: Ken|Intimidate|boost
|-unboost|p1a: Kabutops|atk|1
|move|p1a: Kabutops|Flip Turn|p2a: Ken
|-resisted|p2a: Ken
|-damage|p2a: Ken|0 fnt
|faint|p2a: Ken
|inactive|GasaiiYunoSan has 240 seconds left.
|
|t:|1646799738
|switch|p1a: Thundurus|Thundurus-Therian, M|64/100|[from]move: Flip Turn
|
|-weather|none
|upkeep
|
|t:|1646799755
|switch|p2a: Whole Damn Cake|Mamoswine, M|100/100
|turn|23
|inactive|GasaiiYunoSan has 240 seconds left.
|
|t:|1646799765
|move|p1a: Thundurus|Grass Knot|p2a: Whole Damn Cake
|-supereffective|p2a: Whole Damn Cake
|-damage|p2a: Whole Damn Cake|0 fnt
|faint|p2a: Whole Damn Cake
|
|-fieldend|move: Grassy Terrain
|upkeep
|
|t:|1646799770
|switch|p2a: Boss B!tch|Chansey, F|83/100
|turn|24
|
|t:|1646799781
|switch|p1a: Tapu Bulu|Tapu Bulu|100/100
|-fieldstart|move: Grassy Terrain|[from] ability: Grassy Surge|[of] p1a: Tapu Bulu
|move|p2a: Boss B!tch|Soft-Boiled|p2a: Boss B!tch
|-heal|p2a: Boss B!tch|100/100
|
|upkeep
|turn|25
|
|t:|1646799790
|switch|p2a: Cherry On Top|Ditto|100/100
|-transform|p2a: Cherry On Top|p1a: Tapu Bulu|[from] ability: Imposter
|move|p1a: Tapu Bulu|Horn Leech|p2a: Cherry On Top
|-resisted|p2a: Cherry On Top
|-damage|p2a: Cherry On Top|54/100
|
|-heal|p2a: Cherry On Top|60/100|[from] Grassy Terrain
|upkeep
|turn|26
|
|t:|1646799796
|move|p2a: Cherry On Top|Horn Leech|p1a: Tapu Bulu
|-resisted|p1a: Tapu Bulu
|-damage|p1a: Tapu Bulu|76/100
|-heal|p2a: Cherry On Top|73/100|[from] drain|[of] p1a: Tapu Bulu
|move|p1a: Tapu Bulu|Horn Leech|p2a: Cherry On Top
|-resisted|p2a: Cherry On Top
|-damage|p2a: Cherry On Top|31/100
|-heal|p1a: Tapu Bulu|96/100|[from] drain|[of] p2a: Cherry On Top
|
|-heal|p2a: Cherry On Top|37/100|[from] Grassy Terrain
|-heal|p1a: Tapu Bulu|100/100|[from] Grassy Terrain
|upkeep
|turn|27
|
|t:|1646799799
|move|p2a: Cherry On Top|Horn Leech|p1a: Tapu Bulu
|-resisted|p1a: Tapu Bulu
|-damage|p1a: Tapu Bulu|76/100
|-heal|p2a: Cherry On Top|50/100|[from] drain|[of] p1a: Tapu Bulu
|move|p1a: Tapu Bulu|Horn Leech|p2a: Cherry On Top
|-resisted|p2a: Cherry On Top
|-damage|p2a: Cherry On Top|8/100
|-heal|p1a: Tapu Bulu|95/100|[from] drain|[of] p2a: Cherry On Top
|
|-heal|p2a: Cherry On Top|14/100|[from] Grassy Terrain
|-heal|p1a: Tapu Bulu|100/100|[from] Grassy Terrain
|upkeep
|turn|28
|
|t:|1646799801
|switch|p2a: Boss B!tch|Chansey, F|100/100
|move|p1a: Tapu Bulu|Horn Leech|p2a: Boss B!tch
|-damage|p2a: Boss B!tch|43/100
|
|-heal|p2a: Boss B!tch|49/100|[from] Grassy Terrain
|-fieldend|move: Grassy Terrain
|upkeep
|turn|29
|
|t:|1646799804
|move|p1a: Tapu Bulu|Horn Leech|p2a: Boss B!tch
|-damage|p2a: Boss B!tch|8/100
|move|p2a: Boss B!tch|Soft-Boiled|p2a: Boss B!tch
|-heal|p2a: Boss B!tch|58/100
|
|upkeep
|turn|30
|
|t:|1646799814
|switch|p1a: Politoed|Politoed, M|23/100
|-weather|RainDance|[from] ability: Drizzle|[of] p1a: Politoed
|move|p2a: Boss B!tch|Soft-Boiled|p2a: Boss B!tch
|-heal|p2a: Boss B!tch|100/100
|
|-weather|RainDance|[upkeep]
|upkeep
|turn|31
|
|t:|1646799816
|move|p1a: Politoed|Encore|p2a: Boss B!tch
|-start|p2a: Boss B!tch|Encore
|move|p2a: Boss B!tch|Soft-Boiled||[still]
|-fail|p2a: Boss B!tch|heal
|
|-weather|RainDance|[upkeep]
|upkeep
|turn|32
|
|t:|1646799821
|move|p1a: Politoed|Toxic|p2a: Boss B!tch
|-status|p2a: Boss B!tch|tox
|move|p2a: Boss B!tch|Soft-Boiled||[still]
|-fail|p2a: Boss B!tch|heal
|
|-weather|RainDance|[upkeep]
|-damage|p2a: Boss B!tch|94/100 tox|[from] psn
|upkeep
|turn|33
|
|t:|1646799827
|switch|p1a: Tapu Bulu|Tapu Bulu|100/100
|-fieldstart|move: Grassy Terrain|[from] ability: Grassy Surge|[of] p1a: Tapu Bulu
|-curestatus|p2a: Boss B!tch|tox|[from] ability: Natural Cure
|switch|p2a: Cherry On Top|Ditto|14/100
|-transform|p2a: Cherry On Top|p1a: Tapu Bulu|[from] ability: Imposter
|
|-weather|RainDance|[upkeep]
|-heal|p2a: Cherry On Top|20/100|[from] Grassy Terrain
|upkeep
|turn|34
|c|☆Sage|gg
|-message|Sage forfeited.
|
|win|GasaiiYunoSan
