|inactive|Battle timer is ON: inactive players will automatically lose when time's up.
|t:|1659812683
|gametype|singles
|player|p1|Fc|#wcop2022canada|
|player|p2|Moutemoute|#moutemoute|
|teamsize|p1|6
|teamsize|p2|6
|gen|8
|tier|[Gen 8] UU
|rule|Sleep Clause Mod: Limit one foe put to sleep
|rule|Species Clause: Limit one of each Pokémon
|rule|OHKO Clause: OHKO moves are banned
|rule|Evasion Moves Clause: Evasion moves are banned
|rule|Endless Battle Clause: Forcing endless battles is banned
|rule|HP Percentage Mod: HP is shown in percentages
|rule|Dynamax Clause: You cannot dynamax
|clearpoke
|poke|p1|Mamoswine, F|
|poke|p1|Cobalion|
|poke|p1|Rotom-Wash|
|poke|p1|Hydreigon, F|
|poke|p1|Amoonguss, F|
|poke|p1|Togekiss, F|
|poke|p2|Slowking, F|
|poke|p2|Togekiss, F|
|poke|p2|Hippowdon, F|
|poke|p2|Amoonguss, F|
|poke|p2|Cobalion|
|poke|p2|Crobat, M|
|teampreview
|raw|<div class="broadcast-red"><strong>Moderated chat was set to ☆!</strong><br />Only users of rank ☆ and higher can talk.</div>
|c|☆Fc|hf
|c|☆Moutemoute|hf
|inactive|Fc has 270 seconds left.
|inactive|Moutemoute has 270 seconds left.
|inactive|Fc has 240 seconds left.
|
|t:|1659812750
|start
|switch|p1a: Amoonguss|Amoonguss, F|100/100
|switch|p2a: Slowking|Slowking, F|100/100
|turn|1
|
|t:|1659812772
|switch|p2a: Amoonguss|Amoonguss, F|100/100
|move|p1a: Amoonguss|Spore|p2a: Amoonguss
|-immune|p2a: Amoonguss
|
|upkeep
|turn|2
|
|t:|1659812783
|move|p1a: Amoonguss|Sludge Bomb|p2a: Amoonguss
|-damage|p2a: Amoonguss|77/100
|move|p2a: Amoonguss|Sludge Bomb|p1a: Amoonguss
|-damage|p1a: Amoonguss|75/100
|
|-heal|p2a: Amoonguss|84/100|[from] item: Black Sludge
|upkeep
|turn|3
|
|t:|1659812790
|move|p1a: Amoonguss|Sludge Bomb|p2a: Amoonguss
|-damage|p2a: Amoonguss|61/100
|move|p2a: Amoonguss|Sludge Bomb|p1a: Amoonguss
|-damage|p1a: Amoonguss|51/100
|
|-heal|p2a: Amoonguss|67/100|[from] item: Black Sludge
|upkeep
|turn|4
|
|t:|1659812797
|switch|p1a: Cobalion|Cobalion|100/100
|move|p2a: Amoonguss|Sludge Bomb|p1a: Cobalion
|-immune|p1a: Cobalion
|
|-heal|p2a: Amoonguss|73/100|[from] item: Black Sludge
|upkeep
|turn|5
|
|t:|1659812800
|move|p1a: Cobalion|Stealth Rock|p2a: Amoonguss
|-sidestart|p2: Moutemoute|move: Stealth Rock
|move|p2a: Amoonguss|Spore|p1a: Cobalion
|-status|p1a: Cobalion|slp|[from] move: Spore
|
|-heal|p2a: Amoonguss|79/100|[from] item: Black Sludge
|upkeep
|turn|6
|
|t:|1659812808
|cant|p1a: Cobalion|slp
|move|p2a: Amoonguss|Sludge Bomb|p1a: Cobalion
|-immune|p1a: Cobalion
|
|-heal|p2a: Amoonguss|86/100|[from] item: Black Sludge
|upkeep
|turn|7
|
|t:|1659812810
|switch|p2a: Hippowdon|Hippowdon, F|100/100
|-damage|p2a: Hippowdon|94/100|[from] Stealth Rock
|-weather|Sandstorm|[from] ability: Sand Stream|[of] p2a: Hippowdon
|cant|p1a: Cobalion|slp
|
|-weather|Sandstorm|[upkeep]
|-heal|p2a: Hippowdon|100/100|[from] item: Leftovers
|upkeep
|turn|8
|
|t:|1659812816
|switch|p1a: Rotom|Rotom-Wash|100/100
|move|p2a: Hippowdon|Stealth Rock|p1a: Rotom
|-sidestart|p1: Fc|move: Stealth Rock
|
|-weather|Sandstorm|[upkeep]
|-damage|p1a: Rotom|95/100|[from] Sandstorm
|-heal|p1a: Rotom|100/100|[from] item: Leftovers
|upkeep
|turn|9
|
|t:|1659812820
|move|p1a: Rotom|Hydro Pump|p2a: Hippowdon
|-supereffective|p2a: Hippowdon
|-damage|p2a: Hippowdon|33/100
|move|p2a: Hippowdon|Toxic|p1a: Rotom
|-status|p1a: Rotom|tox
|
|-weather|Sandstorm|[upkeep]
|-damage|p1a: Rotom|95/100 tox|[from] Sandstorm
|-heal|p1a: Rotom|100/100 tox|[from] item: Leftovers
|-heal|p2a: Hippowdon|40/100|[from] item: Leftovers
|-damage|p1a: Rotom|95/100 tox|[from] psn
|upkeep
|turn|10
|
|t:|1659812830
|switch|p2a: Amoonguss|Amoonguss, F|100/100
|-damage|p2a: Amoonguss|88/100|[from] Stealth Rock
|move|p1a: Rotom|Hydro Pump|p2a: Amoonguss
|-resisted|p2a: Amoonguss
|-damage|p2a: Amoonguss|69/100
|
|-weather|Sandstorm|[upkeep]
|-damage|p1a: Rotom|89/100 tox|[from] Sandstorm
|-damage|p2a: Amoonguss|63/100|[from] Sandstorm
|-heal|p1a: Rotom|95/100 tox|[from] item: Leftovers
|-heal|p2a: Amoonguss|69/100|[from] item: Black Sludge
|-damage|p1a: Rotom|83/100 tox|[from] psn
|upkeep
|turn|11
|
|t:|1659812836
|switch|p2a: Hippowdon|Hippowdon, F|40/100
|-damage|p2a: Hippowdon|33/100|[from] Stealth Rock
|move|p1a: Rotom|Volt Switch|p2a: Hippowdon
|-immune|p2a: Hippowdon
|
|-weather|none
|-heal|p1a: Rotom|89/100 tox|[from] item: Leftovers
|-heal|p2a: Hippowdon|40/100|[from] item: Leftovers
|-damage|p1a: Rotom|71/100 tox|[from] psn
|upkeep
|turn|12
|
|t:|1659812845
|switch|p2a: Amoonguss|Amoonguss, F|100/100
|-damage|p2a: Amoonguss|88/100|[from] Stealth Rock
|move|p1a: Rotom|Hydro Pump|p2a: Amoonguss
|-resisted|p2a: Amoonguss
|-damage|p2a: Amoonguss|69/100
|
|-heal|p1a: Rotom|77/100 tox|[from] item: Leftovers
|-heal|p2a: Amoonguss|75/100|[from] item: Black Sludge
|-damage|p1a: Rotom|53/100 tox|[from] psn
|upkeep
|turn|13
|
|t:|1659812856
|switch|p1a: Amoonguss|Amoonguss, F|84/100
|-damage|p1a: Amoonguss|72/100|[from] Stealth Rock
|move|p2a: Amoonguss|Seed Bomb|p1a: Amoonguss
|-resisted|p1a: Amoonguss
|-damage|p1a: Amoonguss|67/100
|
|-heal|p2a: Amoonguss|82/100|[from] item: Black Sludge
|upkeep
|turn|14
|
|t:|1659812862
|switch|p1a: Cobalion|Cobalion|100/100 slp
|-damage|p1a: Cobalion|97/100 slp|[from] Stealth Rock
|switch|p2a: Crobat|Crobat, M|100/100
|
|upkeep
|turn|15
|
|t:|1659812873
|switch|p2a: Hippowdon|Hippowdon, F|40/100
|-damage|p2a: Hippowdon|33/100|[from] Stealth Rock
|-weather|Sandstorm|[from] ability: Sand Stream|[of] p2a: Hippowdon
|switch|p1a: Rotom|Rotom-Wash|53/100 tox
|-damage|p1a: Rotom|41/100 tox|[from] Stealth Rock
|
|-weather|Sandstorm|[upkeep]
|-damage|p1a: Rotom|35/100 tox|[from] Sandstorm
|-heal|p1a: Rotom|41/100 tox|[from] item: Leftovers
|-heal|p2a: Hippowdon|40/100|[from] item: Leftovers
|-damage|p1a: Rotom|35/100 tox|[from] psn
|upkeep
|turn|16
|
|t:|1659812887
|move|p1a: Rotom|Pain Split|p2a: Hippowdon
|-sethp|p2a: Hippowdon|32/100|[from] move: Pain Split|[silent]
|-sethp|p1a: Rotom|45/100 tox|[from] move: Pain Split
|move|p2a: Hippowdon|Slack Off|p2a: Hippowdon
|-heal|p2a: Hippowdon|82/100
|
|-weather|Sandstorm|[upkeep]
|-damage|p1a: Rotom|39/100 tox|[from] Sandstorm
|-heal|p1a: Rotom|45/100 tox|[from] item: Leftovers
|-heal|p2a: Hippowdon|89/100|[from] item: Leftovers
|-damage|p1a: Rotom|33/100 tox|[from] psn
|upkeep
|turn|17
|
|t:|1659812896
|switch|p2a: Amoonguss|Amoonguss, F|100/100
|-damage|p2a: Amoonguss|88/100|[from] Stealth Rock
|move|p1a: Rotom|Pain Split|p2a: Amoonguss
|-sethp|p2a: Amoonguss|56/100|[from] move: Pain Split|[silent]
|-sethp|p1a: Rotom|79/100 tox|[from] move: Pain Split
|
|-weather|Sandstorm|[upkeep]
|-damage|p1a: Rotom|73/100 tox|[from] Sandstorm
|-damage|p2a: Amoonguss|49/100|[from] Sandstorm
|-heal|p1a: Rotom|79/100 tox|[from] item: Leftovers
|-heal|p2a: Amoonguss|56/100|[from] item: Black Sludge
|-damage|p1a: Rotom|61/100 tox|[from] psn
|upkeep
|turn|18
|
|t:|1659812909
|switch|p1a: Amoonguss|Amoonguss, F|100/100
|-damage|p1a: Amoonguss|88/100|[from] Stealth Rock
|switch|p2a: Hippowdon|Hippowdon, F|89/100
|-damage|p2a: Hippowdon|82/100|[from] Stealth Rock
|
|-weather|Sandstorm|[upkeep]
|-damage|p1a: Amoonguss|82/100|[from] Sandstorm
|-heal|p2a: Hippowdon|89/100|[from] item: Leftovers
|upkeep
|turn|19
|
|t:|1659812918
|switch|p2a: Crobat|Crobat, M|100/100
|move|p1a: Amoonguss|Sludge Bomb|p2a: Crobat
|-resisted|p2a: Crobat
|-damage|p2a: Crobat|82/100
|
|-weather|none
|upkeep
|turn|20
|
|t:|1659812941
|move|p2a: Crobat|Taunt|p1a: Amoonguss
|-start|p1a: Amoonguss|move: Taunt
|cant|p1a: Amoonguss|move: Taunt|Spore
|
|upkeep
|turn|21
|
|t:|1659812946
|switch|p1a: Rotom|Rotom-Wash|61/100 tox
|-damage|p1a: Rotom|49/100 tox|[from] Stealth Rock
|move|p2a: Crobat|Brave Bird|p1a: Rotom
|-resisted|p1a: Rotom
|-damage|p1a: Rotom|25/100 tox
|-damage|p2a: Crobat|75/100|[from] Recoil
|
|-heal|p1a: Rotom|31/100 tox|[from] item: Leftovers
|-damage|p1a: Rotom|25/100 tox|[from] psn
|upkeep
|turn|22
|
|t:|1659812951
|move|p2a: Crobat|U-turn|p1a: Rotom
|-damage|p1a: Rotom|4/100 tox
|
|t:|1659812954
|switch|p2a: Amoonguss|Amoonguss, F|89/100|[from]move: U-turn
|-damage|p2a: Amoonguss|76/100|[from] Stealth Rock
|move|p1a: Rotom|Volt Switch|p2a: Amoonguss
|-resisted|p2a: Amoonguss
|-damage|p2a: Amoonguss|64/100
|
|t:|1659812955
|switch|p1a: Togekiss|Togekiss, F|100/100|[from]move: Volt Switch
|
|-heal|p2a: Amoonguss|70/100|[from] item: Black Sludge
|upkeep
|turn|23
|
|t:|1659812963
|switch|p2a: Crobat|Crobat, M|75/100
|move|p1a: Togekiss|Air Slash|p2a: Crobat
|-damage|p2a: Crobat|36/100
|
|upkeep
|turn|24
|
|t:|1659812968
|move|p2a: Crobat|Roost|p2a: Crobat
|-heal|p2a: Crobat|86/100
|-singleturn|p2a: Crobat|move: Roost
|move|p1a: Togekiss|Thunder Wave|p2a: Crobat
|-status|p2a: Crobat|par
|
|upkeep
|turn|25
|
|t:|1659812978
|switch|p2a: Slowking|Slowking, F|100/100
|-damage|p2a: Slowking|88/100|[from] Stealth Rock
|move|p1a: Togekiss|Nasty Plot|p1a: Togekiss
|-boost|p1a: Togekiss|spa|2
|
|upkeep
|turn|26
|
|t:|1659812981
|move|p1a: Togekiss|Air Slash|p2a: Slowking
|-damage|p2a: Slowking|41/100
|cant|p2a: Slowking|flinch
|
|upkeep
|turn|27
|
|t:|1659812990
|switch|p2a: Cobalion|Cobalion|100/100
|-damage|p2a: Cobalion|97/100|[from] Stealth Rock
|move|p1a: Togekiss|Air Slash|p2a: Cobalion
|-damage|p2a: Cobalion|20/100
|
|-heal|p2a: Cobalion|27/100|[from] item: Leftovers
|upkeep
|turn|28
|
|t:|1659813016
|move|p2a: Cobalion|Iron Head|p1a: Togekiss
|-supereffective|p1a: Togekiss
|-crit|p1a: Togekiss
|-damage|p1a: Togekiss|25/100
|move|p1a: Togekiss|Thunder Wave|p2a: Cobalion
|-status|p2a: Cobalion|par
|
|-heal|p2a: Cobalion|33/100 par|[from] item: Leftovers
|upkeep
|turn|29
|
|t:|1659813026
|move|p1a: Togekiss|Roost|p1a: Togekiss
|-heal|p1a: Togekiss|75/100
|-singleturn|p1a: Togekiss|move: Roost
|move|p2a: Cobalion|Iron Head|p1a: Togekiss
|-supereffective|p1a: Togekiss
|-damage|p1a: Togekiss|27/100
|
|-heal|p2a: Cobalion|39/100 par|[from] item: Leftovers
|upkeep
|turn|30
|
|t:|1659813035
|move|p1a: Togekiss|Roost|p1a: Togekiss
|-heal|p1a: Togekiss|77/100
|-singleturn|p1a: Togekiss|move: Roost
|move|p2a: Cobalion|Iron Head|p1a: Togekiss
|-supereffective|p1a: Togekiss
|-damage|p1a: Togekiss|32/100
|
|-heal|p2a: Cobalion|45/100 par|[from] item: Leftovers
|upkeep
|turn|31
|
|t:|1659813038
|switch|p2a: Slowking|Slowking, F|74/100
|-damage|p2a: Slowking|61/100|[from] Stealth Rock
|move|p1a: Togekiss|Roost|p1a: Togekiss
|-heal|p1a: Togekiss|82/100
|-singleturn|p1a: Togekiss|move: Roost
|
|upkeep
|turn|32
|
|t:|1659813041
|move|p1a: Togekiss|Air Slash|p2a: Slowking
|-damage|p2a: Slowking|18/100
|move|p2a: Slowking|Trick|p1a: Togekiss
|-activate|p2a: Slowking|move: Trick|[of] p1a: Togekiss
|-item|p1a: Togekiss|Choice Scarf|[from] move: Trick
|-item|p2a: Slowking|Heavy-Duty Boots|[from] move: Trick
|
|upkeep
|turn|33
|
|t:|1659813047
|move|p1a: Togekiss|Air Slash|p2a: Slowking
|-damage|p2a: Slowking|0 fnt
|faint|p2a: Slowking
|
|upkeep
|
|t:|1659813055
|switch|p2a: Hippowdon|Hippowdon, F|89/100
|-damage|p2a: Hippowdon|82/100|[from] Stealth Rock
|-weather|Sandstorm|[from] ability: Sand Stream|[of] p2a: Hippowdon
|turn|34
|
|t:|1659813060
|move|p1a: Togekiss|Air Slash|p2a: Hippowdon
|-damage|p2a: Hippowdon|32/100
|cant|p2a: Hippowdon|flinch
|
|-weather|Sandstorm|[upkeep]
|-damage|p1a: Togekiss|76/100|[from] Sandstorm
|-heal|p2a: Hippowdon|38/100|[from] item: Leftovers
|upkeep
|turn|35
|
|t:|1659813064
|move|p1a: Togekiss|Air Slash|p2a: Hippowdon
|-damage|p2a: Hippowdon|0 fnt
|faint|p2a: Hippowdon
|
|-weather|Sandstorm|[upkeep]
|-damage|p1a: Togekiss|70/100|[from] Sandstorm
|upkeep
|c|☆Moutemoute|f
|
|t:|1659813071
|switch|p2a: Crobat|Crobat, M|86/100 par
|turn|36
|
|t:|1659813073
|move|p1a: Togekiss|Air Slash|p2a: Crobat
|-damage|p2a: Crobat|7/100 par
|move|p2a: Crobat|Roost|p2a: Crobat
|-heal|p2a: Crobat|57/100 par
|-singleturn|p2a: Crobat|move: Roost
|
|-weather|Sandstorm|[upkeep]
|-damage|p1a: Togekiss|64/100|[from] Sandstorm
|-damage|p2a: Crobat|51/100 par|[from] Sandstorm
|upkeep
|turn|37
|
|t:|1659813078
|move|p1a: Togekiss|Air Slash|p2a: Crobat
|-crit|p2a: Crobat
|-damage|p2a: Crobat|0 fnt
|faint|p2a: Crobat
|
|-weather|Sandstorm|[upkeep]
|-damage|p1a: Togekiss|57/100|[from] Sandstorm
|upkeep
|c|☆Moutemoute|y 
|c|☆Moutemoute|gg
|-message|Moutemoute forfeited.
|
|win|Fc
|c|☆Fc|gg
