|inactive|Battle timer is ON: inactive players will automatically lose when time's up.
|t:|1665964901
|gametype|singles
|player|p1|imjustgray|#wcop2021ussouth|
|player|p2|KM|#scl2foxes|
|teamsize|p1|6
|teamsize|p2|6
|gen|8
|tier|[Gen 8] UU
|rule|Sleep Clause Mod: Limit one foe put to sleep
|rule|Species Clause: Limit one of each Pokémon
|rule|OHKO Clause: OHKO moves are banned
|rule|Evasion Items Clause: Evasion items are banned
|rule|Evasion Moves Clause: Evasion moves are banned
|rule|Endless Battle Clause: Forcing endless battles is banned
|rule|HP Percentage Mod: HP is shown in percentages
|rule|Dynamax Clause: You cannot dynamax
|clearpoke
|poke|p1|Crobat, F|
|poke|p1|Reuniclus, F|
|poke|p1|Raikou|
|poke|p1|Hippowdon, F|
|poke|p1|Cobalion|
|poke|p1|Primarina, M|
|poke|p2|Excadrill, M|
|poke|p2|Cobalion|
|poke|p2|Silvally-*|
|poke|p2|Togekiss, F|
|poke|p2|Haxorus, M|
|poke|p2|Rotom-Frost|
|teampreview
|c|☆imjustgray|hf
|c|☆KM|hf
|c|☆KM|askov and mncmt say hf too
|c|+ASKOV|can we turn
|c|+ASKOV|timer off
|c|☆KM|we're on tours
|c|☆KM|u idiot
|c|☆KM|oh wait
|c|+ASKOV|idk like
|inactive|KM has 270 seconds left.
|c|+ASKOV|ask lily
|c|☆KM|ummm
|c|+ASKOV|@lily
|c|☆KM|why
|c|☆KM|are we supposed to
|c|☆KM|is that part of hte tour
|c|☆KM|as u can see our team is very ready
|c|+ASKOV|right
|inactive|KM has 240 seconds left.
|c|☆imjustgray|:x
|
|t:|1665964979
|start
|switch|p1a: Hippowdon|Hippowdon, F|100/100
|switch|p2a: askov's king|Excadrill, M|100/100
|-ability|p2a: askov's king|Mold Breaker
|-weather|Sandstorm|[from] ability: Sand Stream|[of] p1a: Hippowdon
|turn|1
|
|t:|1665965002
|move|p2a: askov's king|Stealth Rock|p1a: Hippowdon
|-sidestart|p1: imjustgray|move: Stealth Rock
|move|p1a: Hippowdon|Earthquake|p2a: askov's king
|-supereffective|p2a: askov's king
|-enditem|p2a: askov's king|Focus Sash
|-damage|p2a: askov's king|1/100
|
|-weather|Sandstorm|[upkeep]
|upkeep
|turn|2
|inactive|KM has 270 seconds left.
|
|t:|1665965018
|move|p2a: askov's king|Earthquake|p1a: Hippowdon
|-damage|p1a: Hippowdon|68/100
|move|p1a: Hippowdon|Stealth Rock|p2a: askov's king
|-sidestart|p2: KM|move: Stealth Rock
|
|-weather|Sandstorm|[upkeep]
|upkeep
|turn|3
|inactive|KM has 270 seconds left.
|c|+freezai|gl
|
|t:|1665965045
|switch|p2a: askov's desire|Togekiss, F|100/100
|-damage|p2a: askov's desire|75/100|[from] Stealth Rock
|move|p1a: Hippowdon|Slack Off|p1a: Hippowdon
|-heal|p1a: Hippowdon|100/100
|
|-weather|Sandstorm|[upkeep]
|-damage|p2a: askov's desire|69/100|[from] Sandstorm
|upkeep
|turn|4
|
|t:|1665965052
|switch|p1a: Raikou|Raikou|100/100
|move|p2a: askov's desire|Substitute|p2a: askov's desire
|-start|p2a: askov's desire|Substitute
|-damage|p2a: askov's desire|44/100
|
|-weather|Sandstorm|[upkeep]
|-damage|p1a: Raikou|94/100|[from] Sandstorm
|-damage|p2a: askov's desire|38/100|[from] Sandstorm
|upkeep
|turn|5
|inactive|KM has 270 seconds left.
|
|t:|1665965069
|move|p1a: Raikou|Thunderbolt|p2a: askov's desire
|-supereffective|p2a: askov's desire
|-end|p2a: askov's desire|Substitute
|move|p2a: askov's desire|Substitute|p2a: askov's desire
|-start|p2a: askov's desire|Substitute
|-damage|p2a: askov's desire|13/100
|-enditem|p2a: askov's desire|Salac Berry|[eat]
|-boost|p2a: askov's desire|spe|1|[from] item: Salac Berry
|
|-weather|none
|upkeep
|turn|6
|
|t:|1665965073
|move|p2a: askov's desire|Fire Blast|p1a: Raikou
|-damage|p1a: Raikou|53/100
|move|p1a: Raikou|Thunderbolt|p2a: askov's desire
|-supereffective|p2a: askov's desire
|-end|p2a: askov's desire|Substitute
|
|upkeep
|turn|7
|
|t:|1665965082
|move|p2a: askov's desire|Air Slash|p1a: Raikou
|-resisted|p1a: Raikou
|-damage|p1a: Raikou|34/100
|move|p1a: Raikou|Thunderbolt|p2a: askov's desire
|-supereffective|p2a: askov's desire
|-damage|p2a: askov's desire|0 fnt
|faint|p2a: askov's desire
|
|upkeep
|inactive|KM has 270 seconds left.
|inactive|KM has 240 seconds left.
|inactive|KM has 210 seconds left.
|
|t:|1665965163
|switch|p2a: askov's revenge|Haxorus, M|100/100
|-damage|p2a: askov's revenge|88/100|[from] Stealth Rock
|-ability|p2a: askov's revenge|Mold Breaker
|turn|8
|
|t:|1665965169
|move|p1a: Raikou|Volt Switch|p2a: askov's revenge
|-resisted|p2a: askov's revenge
|-damage|p2a: askov's revenge|60/100
|
|t:|1665965182
|switch|p1a: Hippowdon|Hippowdon, F|100/100|[from]move: Volt Switch
|-damage|p1a: Hippowdon|94/100|[from] Stealth Rock
|-weather|Sandstorm|[from] ability: Sand Stream|[of] p1a: Hippowdon
|move|p2a: askov's revenge|Scale Shot|p1a: Hippowdon
|-damage|p1a: Hippowdon|85/100
|-damage|p1a: Hippowdon|77/100
|-damage|p1a: Hippowdon|68/100
|-damage|p1a: Hippowdon|59/100
|-hitcount|p1a: Hippowdon|4
|-unboost|p2a: askov's revenge|def|1
|-boost|p2a: askov's revenge|spe|1
|
|-weather|Sandstorm|[upkeep]
|-damage|p2a: askov's revenge|54/100|[from] Sandstorm
|upkeep
|turn|9
|inactive|KM has 210 seconds left.
|
|t:|1665965212
|switch|p2a: askov's love|Rotom-Frost|100/100
|-damage|p2a: askov's love|76/100|[from] Stealth Rock
|move|p1a: Hippowdon|Slack Off|p1a: Hippowdon
|-heal|p1a: Hippowdon|100/100
|
|-weather|Sandstorm|[upkeep]
|-damage|p2a: askov's love|69/100|[from] Sandstorm
|upkeep
|turn|10
|
|t:|1665965223
|switch|p1a: Reuniclus|Reuniclus, F|100/100
|move|p2a: askov's love|Substitute|p2a: askov's love
|-start|p2a: askov's love|Substitute
|-damage|p2a: askov's love|44/100
|
|-weather|Sandstorm|[upkeep]
|-damage|p2a: askov's love|38/100|[from] Sandstorm
|upkeep
|turn|11
|
|t:|1665965249
|move|p2a: askov's love|Nasty Plot|p2a: askov's love
|-boost|p2a: askov's love|spa|2
|move|p1a: Reuniclus|Psyshock|p2a: askov's love
|-end|p2a: askov's love|Substitute
|
|-weather|Sandstorm|[upkeep]
|-damage|p2a: askov's love|32/100|[from] Sandstorm
|upkeep
|turn|12
|inactive|KM has 180 seconds left.
|
|t:|1665965279
|move|p2a: askov's love|Blizzard|p1a: Reuniclus
|-damage|p1a: Reuniclus|6/100
|move|p1a: Reuniclus|Psyshock|p2a: askov's love
|-damage|p2a: askov's love|0 fnt
|faint|p2a: askov's love
|
|-weather|none
|upkeep
|c|+ASKOV|ate
|c|☆KM|ate
|inactive|KM has 150 seconds left.
|
|t:|1665965328
|switch|p2a: askov's gorse|Silvally-Ghost|100/100
|-damage|p2a: askov's gorse|88/100|[from] Stealth Rock
|turn|13
|inactive|imjustgray has 270 seconds left.
|inactive|KM has 120 seconds left.
|inactive|imjustgray has 240 seconds left.
|inactive|KM has 90 seconds left.
|inactive|imjustgray has 210 seconds left.
|
|t:|1665965434
|switch|p1a: Raikou|Raikou|34/100
|move|p2a: askov's gorse|Swords Dance|p2a: askov's gorse
|-boost|p2a: askov's gorse|atk|2
|
|upkeep
|turn|14
|
|t:|1665965441
|move|p1a: Raikou|Toxic|p2a: askov's gorse
|-status|p2a: askov's gorse|tox
|move|p2a: askov's gorse|Flame Charge|p1a: Raikou
|-damage|p1a: Raikou|0 fnt
|-boost|p2a: askov's gorse|spe|1
|faint|p1a: Raikou
|
|-damage|p2a: askov's gorse|82/100 tox|[from] psn
|upkeep
|
|t:|1665965443
|switch|p1a: Hippowdon|Hippowdon, F|100/100
|-damage|p1a: Hippowdon|94/100|[from] Stealth Rock
|-weather|Sandstorm|[from] ability: Sand Stream|[of] p1a: Hippowdon
|turn|15
|inactive|imjustgray has 210 seconds left.
|inactive|KM has 60 seconds left.
|inactive|imjustgray has 180 seconds left.
|
|t:|1665965505
|move|p2a: askov's gorse|Swords Dance|p2a: askov's gorse
|-boost|p2a: askov's gorse|atk|2
|move|p1a: Hippowdon|Earthquake|p2a: askov's gorse
|-damage|p2a: askov's gorse|39/100 tox
|
|-weather|Sandstorm|[upkeep]
|-damage|p2a: askov's gorse|33/100 tox|[from] Sandstorm
|-damage|p2a: askov's gorse|20/100 tox|[from] psn
|upkeep
|turn|16
|
|t:|1665965514
|switch|p1a: Reuniclus|Reuniclus, F|6/100
|move|p2a: askov's gorse|Multi-Attack|p1a: Reuniclus
|-supereffective|p1a: Reuniclus
|-damage|p1a: Reuniclus|0 fnt
|faint|p1a: Reuniclus
|
|-weather|Sandstorm|[upkeep]
|-damage|p2a: askov's gorse|14/100 tox|[from] Sandstorm
|-damage|p2a: askov's gorse|0 fnt|[from] psn
|faint|p2a: askov's gorse
|upkeep
|inactive|imjustgray has 180 seconds left.
|inactive|KM has 60 seconds left.
|inactive|KM has 30 seconds left.
|inactive|KM has 20 seconds left.
|
|t:|1665965571
|switch|p2a: askov's horse|Cobalion|100/100
|switch|p1a: Hippowdon|Hippowdon, F|94/100
|-damage|p2a: askov's horse|97/100|[from] Stealth Rock
|-damage|p1a: Hippowdon|88/100|[from] Stealth Rock
|turn|17
|inactive|KM has 30 seconds left this turn.
|inactive|KM has 20 seconds left.
|inactive|KM has 15 seconds left.
|inactive|KM has 10 seconds left.
|
|t:|1665965592
|move|p2a: askov's horse|Rock Polish|p2a: askov's horse
|-boost|p2a: askov's horse|spe|2
|move|p1a: Hippowdon|Earthquake|p2a: askov's horse
|-supereffective|p2a: askov's horse
|-damage|p2a: askov's horse|47/100
|-enditem|p2a: askov's horse|Weakness Policy
|-boost|p2a: askov's horse|atk|2|[from] item: Weakness Policy
|-boost|p2a: askov's horse|spa|2|[from] item: Weakness Policy
|
|-weather|Sandstorm|[upkeep]
|upkeep
|turn|18
|inactive|KM has 20 seconds left this turn.
|inactive|KM has 15 seconds left.
|
|t:|1665965600
|move|p2a: askov's horse|Iron Head|p1a: Hippowdon
|-damage|p1a: Hippowdon|43/100
|-damage|p2a: askov's horse|31/100|[from] item: Rocky Helmet|[of] p1a: Hippowdon
|cant|p1a: Hippowdon|flinch
|
|-weather|Sandstorm|[upkeep]
|upkeep
|turn|19
|inactive|KM has 25 seconds left this turn.
|inactive|KM has 20 seconds left.
|inactive|KM has 15 seconds left.
|
|t:|1665965615
|move|p2a: askov's horse|Close Combat|p1a: Hippowdon
|-damage|p1a: Hippowdon|0 fnt
|-unboost|p2a: askov's horse|def|1
|-unboost|p2a: askov's horse|spd|1
|-damage|p2a: askov's horse|14/100|[from] item: Rocky Helmet|[of] p1a: Hippowdon
|faint|p1a: Hippowdon
|
|-weather|none
|upkeep
|inactive|KM has 20 seconds left this turn.
|
|t:|1665965617
|switch|p1a: Primarina|Primarina, M|100/100
|-damage|p1a: Primarina|88/100|[from] Stealth Rock
|turn|20
|inactive|KM has 30 seconds left this turn.
|
|t:|1665965620
|move|p2a: askov's horse|Iron Head|p1a: Primarina
|-damage|p1a: Primarina|24/100
|cant|p1a: Primarina|flinch
|
|-heal|p1a: Primarina|30/100|[from] item: Leftovers
|upkeep
|turn|21
|
|t:|1665965625
|move|p2a: askov's horse|Iron Head|p1a: Primarina
|-damage|p1a: Primarina|0 fnt
|faint|p1a: Primarina
|
|upkeep
|
|t:|1665965627
|switch|p1a: Crobat|Crobat, F|100/100
|turn|22
|
|t:|1665965629
|move|p2a: askov's horse|Iron Head|p1a: Crobat
|-damage|p1a: Crobat|4/100
|move|p1a: Crobat|Brave Bird|p2a: askov's horse
|-damage|p2a: askov's horse|0 fnt
|faint|p2a: askov's horse
|-damage|p1a: Crobat|0 fnt|[from] Recoil
|faint|p1a: Crobat
|
|upkeep
|inactive|KM has 60 seconds left.
|
|t:|1665965649
|switch|p1a: Cobalion|Cobalion|100/100
|switch|p2a: askov's revenge|Haxorus, M|54/100
|-damage|p1a: Cobalion|97/100|[from] Stealth Rock
|-damage|p2a: askov's revenge|41/100|[from] Stealth Rock
|-ability|p2a: askov's revenge|Mold Breaker
|-enditem|p2a: askov's revenge|Sitrus Berry|[eat]
|-heal|p2a: askov's revenge|66/100|[from] item: Sitrus Berry
|turn|23
|inactive|imjustgray has 240 seconds left.
|c|☆imjustgray|Djsijcjsjc
|c|☆KM|right
|
|t:|1665965672
|move|p1a: Cobalion|Swords Dance|p1a: Cobalion
|-boost|p1a: Cobalion|atk|2
|move|p2a: askov's revenge|Scale Shot|p1a: Cobalion
|-resisted|p1a: Cobalion
|-damage|p1a: Cobalion|91/100
|-resisted|p1a: Cobalion
|-damage|p1a: Cobalion|84/100
|-resisted|p1a: Cobalion
|-damage|p1a: Cobalion|78/100
|-hitcount|p1a: Cobalion|3
|-unboost|p2a: askov's revenge|def|1
|-boost|p2a: askov's revenge|spe|1
|
|-heal|p1a: Cobalion|84/100|[from] item: Leftovers
|upkeep
|turn|24
|inactive|KM has 30 seconds left.
|c|☆KM|:prayge:
|
|t:|1665965696
|move|p2a: askov's revenge|Close Combat|p1a: Cobalion
|-supereffective|p1a: Cobalion
|-damage|p1a: Cobalion|7/100
|-unboost|p2a: askov's revenge|def|1
|-unboost|p2a: askov's revenge|spd|1
|move|p1a: Cobalion|Close Combat|p2a: askov's revenge
|-damage|p2a: askov's revenge|0 fnt
|-unboost|p1a: Cobalion|def|1
|-unboost|p1a: Cobalion|spd|1
|faint|p2a: askov's revenge
|
|-heal|p1a: Cobalion|13/100|[from] item: Leftovers
|upkeep
|c|☆KM|hm.
|inactive|KM has 30 seconds left.
|c|☆imjustgray|ate
|c|☆KM|gg
|c|☆imjustgray|Gg
|c|☆KM|what a game
|
|t:|1665965706
|switch|p2a: askov's king|Excadrill, M|1/100
|-damage|p2a: askov's king|0 fnt|[from] Stealth Rock
|faint|p2a: askov's king
|
|win|imjustgray
|inactive|KM has 30 seconds left this turn.
