|inactive|Battle timer is ON: inactive players will automatically lose when time's up.
|t:|1664882210
|gametype|singles
|player|p1|Liz Angeles|marley|
|player|p2|IndeedeIsKing|doctor-gen8|
|teamsize|p1|6
|teamsize|p2|6
|gen|8
|tier|[Gen 8] UU
|rule|Sleep Clause Mod: Limit one foe put to sleep
|rule|Species Clause: Limit one of each Pokémon
|rule|OHKO Clause: OHKO moves are banned
|rule|Evasion Items Clause: Evasion items are banned
|rule|Evasion Moves Clause: Evasion moves are banned
|rule|Endless Battle Clause: Forcing endless battles is banned
|rule|HP Percentage Mod: HP is shown in percentages
|rule|Dynamax Clause: You cannot dynamax
|clearpoke
|poke|p1|Toxtricity, M|
|poke|p1|Zarude-Dada|
|poke|p1|Azelf|
|poke|p1|Azumarill, F|
|poke|p1|Excadrill, M|
|poke|p1|Salamence, M|
|poke|p2|Indeedee, M|
|poke|p2|Cobalion|
|poke|p2|Hippowdon, F|
|poke|p2|Chansey, F|
|poke|p2|Salamence, M|
|poke|p2|Zarude|
|teampreview
|inactive|IndeedeIsKing also wants the timer to be on.
|c|☆IndeedeIsKing|Glhf
|c|☆Liz Angeles|hf
|
|t:|1664882227
|start
|switch|p1a: Zarude|Zarude-Dada|100/100
|switch|p2a: Zarude|Zarude|100/100
|turn|1
|
|t:|1664882237
|switch|p1a: Salamence|Salamence, M|100/100
|-ability|p1a: Salamence|Intimidate|boost
|-unboost|p2a: Zarude|atk|1
|move|p2a: Zarude|U-turn|p1a: Salamence
|-resisted|p1a: Salamence
|-damage|p1a: Salamence|90/100
|
|t:|1664882244
|switch|p2a: Chansey|Chansey, F|100/100|[from]move: U-turn
|
|upkeep
|turn|2
|
|t:|1664882269
|switch|p1a: Excadrill|Excadrill, M|100/100
|-ability|p1a: Excadrill|Mold Breaker
|move|p2a: Chansey|Teleport|p2a: Chansey
|
|t:|1664882274
|switch|p2a: Hippowdon|Hippowdon, F|100/100|[from]move: Teleport
|-weather|Sandstorm|[from] ability: Sand Stream|[of] p2a: Hippowdon
|
|-weather|Sandstorm|[upkeep]
|upkeep
|turn|3
|
|t:|1664882282
|switch|p1a: Azumarill|Azumarill, F|100/100
|move|p2a: Hippowdon|Toxic|p1a: Azumarill
|-status|p1a: Azumarill|tox
|
|-weather|Sandstorm|[upkeep]
|-damage|p1a: Azumarill|94/100 tox|[from] Sandstorm
|-damage|p1a: Azumarill|88/100 tox|[from] psn
|upkeep
|turn|4
|
|t:|1664882294
|move|p1a: Azumarill|Play Rough|p2a: Hippowdon
|-damage|p2a: Hippowdon|51/100
|move|p2a: Hippowdon|Earthquake|p1a: Azumarill
|-damage|p1a: Azumarill|40/100 tox
|
|-weather|Sandstorm|[upkeep]
|-damage|p1a: Azumarill|33/100 tox|[from] Sandstorm
|-heal|p2a: Hippowdon|57/100|[from] item: Leftovers
|-damage|p1a: Azumarill|21/100 tox|[from] psn
|upkeep
|turn|5
|
|t:|1664882299
|switch|p1a: Azelf|Azelf|100/100
|move|p2a: Hippowdon|Slack Off|p2a: Hippowdon
|-heal|p2a: Hippowdon|100/100
|
|-weather|Sandstorm|[upkeep]
|-damage|p1a: Azelf|94/100|[from] Sandstorm
|upkeep
|turn|6
|
|t:|1664882303
|switch|p2a: Chansey|Chansey, F|100/100
|move|p1a: Azelf|Knock Off|p2a: Chansey
|-damage|p2a: Chansey|83/100
|-enditem|p2a: Chansey|Eviolite|[from] move: Knock Off|[of] p1a: Azelf
|
|-weather|none
|upkeep
|turn|7
|
|t:|1664882308
|move|p1a: Azelf|U-turn|p2a: Chansey
|-damage|p2a: Chansey|63/100
|
|t:|1664882317
|switch|p1a: Excadrill|Excadrill, M|100/100|[from]move: U-turn
|-ability|p1a: Excadrill|Mold Breaker
|move|p2a: Chansey|Teleport|p2a: Chansey
|
|t:|1664882320
|switch|p2a: Hippowdon|Hippowdon, F|100/100|[from]move: Teleport
|-weather|Sandstorm|[from] ability: Sand Stream|[of] p2a: Hippowdon
|
|-weather|Sandstorm|[upkeep]
|upkeep
|turn|8
|
|t:|1664882328
|switch|p1a: Zarude|Zarude-Dada|100/100
|move|p2a: Hippowdon|Earthquake|p1a: Zarude
|-resisted|p1a: Zarude
|-damage|p1a: Zarude|82/100
|
|-weather|Sandstorm|[upkeep]
|-damage|p1a: Zarude|76/100|[from] Sandstorm
|upkeep
|turn|9
|c|☆Liz Angeles|This team is so bad
|
|t:|1664882340
|switch|p2a: Salamence|Salamence, M|100/100
|-ability|p2a: Salamence|Intimidate|boost
|-unboost|p1a: Zarude|atk|1
|move|p1a: Zarude|U-turn|p2a: Salamence
|-resisted|p2a: Salamence
|-damage|p2a: Salamence|95/100
|c|☆IndeedeIsKing|Mine or yours?
|c|☆Liz Angeles|mine
|
|t:|1664882355
|switch|p1a: Toxtricity|Toxtricity, M|100/100|[from]move: U-turn
|
|-weather|Sandstorm|[upkeep]
|-damage|p1a: Toxtricity|94/100|[from] Sandstorm
|-damage|p2a: Salamence|89/100|[from] Sandstorm
|upkeep
|turn|10
|
|t:|1664882366
|switch|p2a: Hippowdon|Hippowdon, F|100/100
|move|p1a: Toxtricity|Boomburst|p2a: Hippowdon
|-damage|p2a: Hippowdon|50/100
|
|-weather|Sandstorm|[upkeep]
|-damage|p1a: Toxtricity|88/100|[from] Sandstorm
|-heal|p2a: Hippowdon|56/100|[from] item: Leftovers
|upkeep
|turn|11
|
|t:|1664882377
|switch|p1a: Azelf|Azelf|94/100
|move|p2a: Hippowdon|Slack Off|p2a: Hippowdon
|-heal|p2a: Hippowdon|100/100
|
|-weather|none
|upkeep
|turn|12
|
|t:|1664882380
|move|p1a: Azelf|Knock Off|p2a: Hippowdon
|-damage|p2a: Hippowdon|82/100
|-enditem|p2a: Hippowdon|Leftovers|[from] move: Knock Off|[of] p1a: Azelf
|move|p2a: Hippowdon|Stealth Rock|p1a: Azelf
|-sidestart|p1: Liz Angeles|move: Stealth Rock
|
|upkeep
|turn|13
|
|t:|1664882385
|move|p1a: Azelf|U-turn|p2a: Hippowdon
|-damage|p2a: Hippowdon|71/100
|
|t:|1664882386
|switch|p1a: Zarude|Zarude-Dada|76/100|[from]move: U-turn
|move|p2a: Hippowdon|Slack Off|p2a: Hippowdon
|-heal|p2a: Hippowdon|100/100
|
|upkeep
|turn|14
|
|t:|1664882390
|move|p1a: Zarude|U-turn|p2a: Hippowdon
|-damage|p2a: Hippowdon|85/100
|
|t:|1664882392
|switch|p1a: Azelf|Azelf|94/100|[from]move: U-turn
|move|p2a: Hippowdon|Toxic|p1a: Azelf|[miss]
|-miss|p2a: Hippowdon|p1a: Azelf
|
|upkeep
|turn|15
|
|t:|1664882397
|move|p1a: Azelf|U-turn|p2a: Hippowdon
|-damage|p2a: Hippowdon|72/100
|
|t:|1664882398
|switch|p1a: Zarude|Zarude-Dada|76/100|[from]move: U-turn
|move|p2a: Hippowdon|Slack Off|p2a: Hippowdon
|-heal|p2a: Hippowdon|100/100
|
|upkeep
|turn|16
|
|t:|1664882402
|switch|p2a: Cobalion|Cobalion|100/100
|move|p1a: Zarude|U-turn|p2a: Cobalion
|-resisted|p2a: Cobalion
|-damage|p2a: Cobalion|96/100
|
|t:|1664882408
|switch|p1a: Salamence|Salamence, M|90/100|[from]move: U-turn
|-ability|p1a: Salamence|Intimidate|boost
|-unboost|p2a: Cobalion|atk|1
|
|-heal|p2a: Cobalion|100/100|[from] item: Leftovers
|upkeep
|turn|17
|
|t:|1664882411
|switch|p2a: Chansey|Chansey, F|63/100
|move|p1a: Salamence|Defog|p2a: Chansey
|-unboost|p2a: Chansey|evasion|1
|-sideend|p1: Liz Angeles|Stealth Rock|[from] move: Defog|[of] p1a: Salamence
|
|upkeep
|turn|18
|
|t:|1664882417
|switch|p1a: Zarude|Zarude-Dada|76/100
|move|p2a: Chansey|Teleport|p2a: Chansey
|
|t:|1664882424
|switch|p2a: Zarude|Zarude|100/100|[from]move: Teleport
|
|upkeep
|turn|19
|
|t:|1664882429
|switch|p1a: Salamence|Salamence, M|90/100
|-ability|p1a: Salamence|Intimidate|boost
|-unboost|p2a: Zarude|atk|1
|move|p2a: Zarude|U-turn|p1a: Salamence
|-resisted|p1a: Salamence
|-damage|p1a: Salamence|79/100
|
|t:|1664882434
|switch|p2a: Indeedee|Indeedee, M|100/100|[from]move: U-turn
|-fieldstart|move: Psychic Terrain|[from] ability: Psychic Surge|[of] p2a: Indeedee
|
|upkeep
|turn|20
|
|t:|1664882439
|switch|p1a: Excadrill|Excadrill, M|100/100
|-ability|p1a: Excadrill|Mold Breaker
|move|p2a: Indeedee|Dazzling Gleam|p1a: Excadrill
|-resisted|p1a: Excadrill
|-damage|p1a: Excadrill|86/100
|
|-heal|p1a: Excadrill|92/100|[from] item: Leftovers
|upkeep
|turn|21
|
|t:|1664882458
|switch|p2a: Hippowdon|Hippowdon, F|100/100
|-weather|Sandstorm|[from] ability: Sand Stream|[of] p2a: Hippowdon
|move|p1a: Excadrill|Earthquake|p2a: Hippowdon
|-damage|p2a: Hippowdon|68/100
|
|-weather|Sandstorm|[upkeep]
|-heal|p1a: Excadrill|98/100|[from] item: Leftovers
|upkeep
|turn|22
|c|☆IndeedeIsKing|I don't think indeede has done anything in any of my games yet
|c|☆IndeedeIsKing|But I quite like the rest of the tean
|c|☆IndeedeIsKing|Team Y
|
|t:|1664882482
|switch|p1a: Zarude|Zarude-Dada|76/100
|move|p2a: Hippowdon|Stealth Rock|p1a: Zarude
|-sidestart|p1: Liz Angeles|move: Stealth Rock
|
|-weather|Sandstorm|[upkeep]
|-damage|p1a: Zarude|70/100|[from] Sandstorm
|upkeep
|turn|23
|
|t:|1664882489
|switch|p2a: Cobalion|Cobalion|100/100
|move|p1a: Zarude|Power Whip|p2a: Cobalion
|-resisted|p2a: Cobalion
|-damage|p2a: Cobalion|75/100
|
|-weather|Sandstorm|[upkeep]
|-damage|p1a: Zarude|64/100|[from] Sandstorm
|-heal|p2a: Cobalion|82/100|[from] item: Leftovers
|-fieldend|move: Psychic Terrain
|upkeep
|turn|24
|
|t:|1664882494
|switch|p1a: Salamence|Salamence, M|79/100
|-ability|p1a: Salamence|Intimidate|boost
|-unboost|p2a: Cobalion|atk|1
|move|p2a: Cobalion|Stone Edge|p1a: Salamence
|-supereffective|p1a: Salamence
|-damage|p1a: Salamence|46/100
|
|-weather|Sandstorm|[upkeep]
|-damage|p1a: Salamence|40/100|[from] Sandstorm
|-heal|p2a: Cobalion|88/100|[from] item: Leftovers
|upkeep
|turn|25
|
|t:|1664882504
|move|p2a: Cobalion|Swords Dance|p2a: Cobalion
|-boost|p2a: Cobalion|atk|2
|move|p1a: Salamence|Roost|p1a: Salamence
|-heal|p1a: Salamence|90/100
|-singleturn|p1a: Salamence|move: Roost
|
|-weather|none
|-heal|p2a: Cobalion|94/100|[from] item: Leftovers
|upkeep
|turn|26
|
|t:|1664882513
|move|p2a: Cobalion|Swords Dance|p2a: Cobalion
|-boost|p2a: Cobalion|atk|2
|move|p1a: Salamence|Flamethrower|p2a: Cobalion
|-supereffective|p2a: Cobalion
|-crit|p2a: Cobalion
|-damage|p2a: Cobalion|7/100
|-status|p2a: Cobalion|brn
|
|-heal|p2a: Cobalion|14/100 brn|[from] item: Leftovers
|-damage|p2a: Cobalion|7/100 brn|[from] brn
|upkeep
|turn|27
|c|☆IndeedeIsKing|That's pain for my cobalion
|inactive|Liz Angeles has 270 seconds left.
|c|☆Liz Angeles|I swear flamethrower isn't 10%
|
|t:|1664882547
|move|p2a: Cobalion|Stone Edge|p1a: Salamence
|-supereffective|p1a: Salamence
|-damage|p1a: Salamence|27/100
|move|p1a: Salamence|Flamethrower|p2a: Cobalion
|-supereffective|p2a: Cobalion
|-damage|p2a: Cobalion|0 fnt
|faint|p2a: Cobalion
|
|upkeep
|
|t:|1664882551
|switch|p2a: Zarude|Zarude|100/100
|turn|28
|
|t:|1664882559
|switch|p1a: Excadrill|Excadrill, M|98/100
|-damage|p1a: Excadrill|95/100|[from] Stealth Rock
|-ability|p1a: Excadrill|Mold Breaker
|move|p2a: Zarude|Darkest Lariat|p1a: Excadrill
|-damage|p1a: Excadrill|10/100
|
|-heal|p1a: Excadrill|17/100|[from] item: Leftovers
|upkeep
|turn|29
|
|t:|1664882569
|switch|p1a: Azumarill|Azumarill, F|21/100 tox
|-damage|p1a: Azumarill|9/100 tox|[from] Stealth Rock
|move|p2a: Zarude|Darkest Lariat|p1a: Azumarill
|-resisted|p1a: Azumarill
|-damage|p1a: Azumarill|0 fnt
|faint|p1a: Azumarill
|
|upkeep
|
|t:|1664882571
|switch|p1a: Zarude|Zarude-Dada|64/100
|turn|30
|
|t:|1664882579
|switch|p2a: Salamence|Salamence, M|89/100
|-ability|p2a: Salamence|Intimidate|boost
|-unboost|p1a: Zarude|atk|1
|move|p1a: Zarude|U-turn|p2a: Salamence
|-resisted|p2a: Salamence
|-damage|p2a: Salamence|83/100
|
|t:|1664882584
|switch|p1a: Salamence|Salamence, M|27/100|[from]move: U-turn
|-ability|p1a: Salamence|Intimidate|boost
|-unboost|p2a: Salamence|atk|1
|
|upkeep
|turn|31
|
|t:|1664882589
|switch|p2a: Indeedee|Indeedee, M|100/100
|-fieldstart|move: Psychic Terrain|[from] ability: Psychic Surge|[of] p2a: Indeedee
|move|p1a: Salamence|Draco Meteor|p2a: Indeedee
|-damage|p2a: Indeedee|36/100
|-unboost|p1a: Salamence|spa|2
|
|upkeep
|turn|32
|
|t:|1664882605
|switch|p1a: Excadrill|Excadrill, M|17/100
|-damage|p1a: Excadrill|14/100|[from] Stealth Rock
|-ability|p1a: Excadrill|Mold Breaker
|move|p2a: Indeedee|Hyper Voice|p1a: Excadrill
|-resisted|p1a: Excadrill
|-damage|p1a: Excadrill|0 fnt
|faint|p1a: Excadrill
|
|upkeep
|
|t:|1664882617
|switch|p1a: Toxtricity|Toxtricity, M|88/100
|-damage|p1a: Toxtricity|76/100|[from] Stealth Rock
|turn|33
|
|t:|1664882623
|move|p2a: Indeedee|Hyper Voice|p1a: Toxtricity
|-damage|p1a: Toxtricity|43/100
|move|p1a: Toxtricity|Boomburst|p2a: Indeedee
|-damage|p2a: Indeedee|0 fnt
|faint|p2a: Indeedee
|
|upkeep
|
|t:|1664882632
|switch|p2a: Zarude|Zarude|100/100
|turn|34
|
|t:|1664882639
|move|p1a: Toxtricity|Boomburst|p2a: Zarude
|-damage|p2a: Zarude|33/100
|move|p2a: Zarude|Darkest Lariat|p1a: Toxtricity
|-damage|p1a: Toxtricity|0 fnt
|faint|p1a: Toxtricity
|
|upkeep
|c|☆IndeedeIsKing|Oh your scarf
|
|t:|1664882650
|switch|p1a: Zarude|Zarude-Dada|64/100
|turn|35
|
|t:|1664882655
|switch|p2a: Salamence|Salamence, M|83/100
|-ability|p2a: Salamence|Intimidate|boost
|-unboost|p1a: Zarude|atk|1
|move|p1a: Zarude|U-turn|p2a: Salamence
|-resisted|p2a: Salamence
|-damage|p2a: Salamence|77/100
|
|t:|1664882660
|switch|p1a: Salamence|Salamence, M|27/100|[from]move: U-turn
|-ability|p1a: Salamence|Intimidate|boost
|-unboost|p2a: Salamence|atk|1
|
|-fieldend|move: Psychic Terrain
|upkeep
|turn|36
|
|t:|1664882663
|switch|p2a: Hippowdon|Hippowdon, F|68/100
|-weather|Sandstorm|[from] ability: Sand Stream|[of] p2a: Hippowdon
|move|p1a: Salamence|Roost|p1a: Salamence
|-heal|p1a: Salamence|77/100
|-singleturn|p1a: Salamence|move: Roost
|
|-weather|Sandstorm|[upkeep]
|-damage|p1a: Salamence|71/100|[from] Sandstorm
|upkeep
|turn|37
|
|t:|1664882670
|switch|p1a: Zarude|Zarude-Dada|64/100
|move|p2a: Hippowdon|Toxic|p1a: Zarude
|-status|p1a: Zarude|tox
|
|-weather|Sandstorm|[upkeep]
|-damage|p1a: Zarude|58/100 tox|[from] Sandstorm
|-damage|p1a: Zarude|52/100 tox|[from] psn
|upkeep
|turn|38
|
|t:|1664882673
|switch|p2a: Salamence|Salamence, M|77/100
|-ability|p2a: Salamence|Intimidate|boost
|-unboost|p1a: Zarude|atk|1
|move|p1a: Zarude|Jungle Healing|p1a: Zarude
|-heal|p1a: Zarude|77/100 tox
|-curestatus|p1a: Zarude|tox|[msg]
|
|-weather|Sandstorm|[upkeep]
|-damage|p1a: Zarude|71/100|[from] Sandstorm
|-damage|p2a: Salamence|71/100|[from] Sandstorm
|upkeep
|turn|39
|
|t:|1664882682
|switch|p2a: Hippowdon|Hippowdon, F|68/100
|move|p1a: Zarude|U-turn|p2a: Hippowdon
|-damage|p2a: Hippowdon|59/100
|
|t:|1664882694
|switch|p1a: Azelf|Azelf|94/100|[from]move: U-turn
|
|-weather|Sandstorm|[upkeep]
|-damage|p1a: Azelf|88/100|[from] Sandstorm
|upkeep
|turn|40
|
|t:|1664882697
|move|p1a: Azelf|U-turn|p2a: Hippowdon
|-damage|p2a: Hippowdon|47/100
|
|t:|1664882701
|switch|p1a: Zarude|Zarude-Dada|71/100|[from]move: U-turn
|move|p2a: Hippowdon|Slack Off|p2a: Hippowdon
|-heal|p2a: Hippowdon|97/100
|
|-weather|none
|upkeep
|turn|41
|
|t:|1664882703
|switch|p2a: Salamence|Salamence, M|71/100
|-ability|p2a: Salamence|Intimidate|boost
|-unboost|p1a: Zarude|atk|1
|move|p1a: Zarude|Power Whip|p2a: Salamence
|-resisted|p2a: Salamence
|-damage|p2a: Salamence|62/100
|
|upkeep
|turn|42
|
|t:|1664882713
|move|p1a: Zarude|U-turn|p2a: Salamence
|-resisted|p2a: Salamence
|-damage|p2a: Salamence|56/100
|
|t:|1664882715
|switch|p1a: Salamence|Salamence, M|71/100|[from]move: U-turn
|-ability|p1a: Salamence|Intimidate|boost
|-unboost|p2a: Salamence|atk|1
|move|p2a: Salamence|Dual Wingbeat|p1a: Salamence
|-damage|p1a: Salamence|58/100
|-damage|p1a: Salamence|48/100
|-hitcount|p1a: Salamence|2
|
|upkeep
|turn|43
|
|t:|1664882719
|switch|p2a: Hippowdon|Hippowdon, F|97/100
|-weather|Sandstorm|[from] ability: Sand Stream|[of] p2a: Hippowdon
|move|p1a: Salamence|Roost|p1a: Salamence
|-heal|p1a: Salamence|98/100
|-singleturn|p1a: Salamence|move: Roost
|
|-weather|Sandstorm|[upkeep]
|-damage|p1a: Salamence|92/100|[from] Sandstorm
|upkeep
|turn|44
|
|t:|1664882724
|switch|p1a: Zarude|Zarude-Dada|71/100
|switch|p2a: Zarude|Zarude|33/100
|
|-weather|Sandstorm|[upkeep]
|-damage|p1a: Zarude|65/100|[from] Sandstorm
|-damage|p2a: Zarude|27/100|[from] Sandstorm
|upkeep
|turn|45
|c|☆IndeedeIsKing|I'll happily go for the 50/50
|
|t:|1664882739
|move|p1a: Zarude|U-turn|p2a: Zarude
|-supereffective|p2a: Zarude
|-damage|p2a: Zarude|0 fnt
|faint|p2a: Zarude
|c|☆IndeedeIsKing|Sad
|
|t:|1664882752
|switch|p1a: Azelf|Azelf|88/100|[from]move: U-turn
|
|-weather|Sandstorm|[upkeep]
|-damage|p1a: Azelf|82/100|[from] Sandstorm
|upkeep
|
|t:|1664882757
|switch|p2a: Chansey|Chansey, F|63/100
|turn|46
|c|☆Liz Angeles|we did need to speed this up
|
|t:|1664882764
|move|p1a: Azelf|U-turn|p2a: Chansey
|-damage|p2a: Chansey|44/100
|
|t:|1664882766
|switch|p1a: Zarude|Zarude-Dada|65/100|[from]move: U-turn
|move|p2a: Chansey|Soft-Boiled|p2a: Chansey
|-heal|p2a: Chansey|94/100
|
|-weather|Sandstorm|[upkeep]
|-damage|p1a: Zarude|59/100|[from] Sandstorm
|-damage|p2a: Chansey|88/100|[from] Sandstorm
|upkeep
|turn|47
|
|t:|1664882770
|switch|p2a: Salamence|Salamence, M|56/100
|-ability|p2a: Salamence|Intimidate|boost
|-unboost|p1a: Zarude|atk|1
|move|p1a: Zarude|Darkest Lariat|p2a: Salamence
|-damage|p2a: Salamence|35/100
|
|-weather|none
|upkeep
|turn|48
|
|t:|1664882773
|move|p1a: Zarude|U-turn|p2a: Salamence
|-resisted|p2a: Salamence
|-damage|p2a: Salamence|28/100
|
|t:|1664882775
|switch|p1a: Salamence|Salamence, M|92/100|[from]move: U-turn
|-ability|p1a: Salamence|Intimidate|boost
|-unboost|p2a: Salamence|atk|1
|move|p2a: Salamence|Roost|p2a: Salamence
|-heal|p2a: Salamence|78/100
|-singleturn|p2a: Salamence|move: Roost
|
|upkeep
|turn|49
|
|t:|1664882778
|switch|p2a: Chansey|Chansey, F|88/100
|move|p1a: Salamence|Draco Meteor|p2a: Chansey
|-crit|p2a: Chansey
|-damage|p2a: Chansey|56/100
|-unboost|p1a: Salamence|spa|2
|
|upkeep
|turn|50
|
|t:|1664882780
|switch|p1a: Zarude|Zarude-Dada|59/100
|move|p2a: Chansey|Seismic Toss|p1a: Zarude
|-damage|p1a: Zarude|30/100
|
|upkeep
|turn|51
|
|t:|1664882784
|move|p1a: Zarude|Jungle Healing|p1a: Zarude
|-heal|p1a: Zarude|55/100
|move|p2a: Chansey|Seismic Toss|p1a: Zarude
|-damage|p1a: Zarude|27/100
|
|upkeep
|turn|52
|
|t:|1664882790
|move|p1a: Zarude|Power Whip|p2a: Chansey
|-damage|p2a: Chansey|0 fnt
|faint|p2a: Chansey
|
|upkeep
|
|t:|1664882795
|switch|p2a: Salamence|Salamence, M|78/100
|-ability|p2a: Salamence|Intimidate|boost
|-unboost|p1a: Zarude|atk|1
|turn|53
|
|t:|1664882804
|switch|p1a: Salamence|Salamence, M|92/100
|-ability|p1a: Salamence|Intimidate|boost
|-unboost|p2a: Salamence|atk|1
|move|p2a: Salamence|Dual Wingbeat|p1a: Salamence
|-damage|p1a: Salamence|80/100
|-damage|p1a: Salamence|68/100
|-hitcount|p1a: Salamence|2
|
|upkeep
|turn|54
|
|t:|1664882809
|switch|p2a: Hippowdon|Hippowdon, F|97/100
|-weather|Sandstorm|[from] ability: Sand Stream|[of] p2a: Hippowdon
|move|p1a: Salamence|Roost|p1a: Salamence
|-heal|p1a: Salamence|100/100
|-singleturn|p1a: Salamence|move: Roost
|
|-weather|Sandstorm|[upkeep]
|-damage|p1a: Salamence|94/100|[from] Sandstorm
|upkeep
|turn|55
|
|t:|1664882814
|switch|p1a: Zarude|Zarude-Dada|27/100
|move|p2a: Hippowdon|Earthquake|p1a: Zarude
|-resisted|p1a: Zarude
|-damage|p1a: Zarude|8/100
|
|-weather|Sandstorm|[upkeep]
|-damage|p1a: Zarude|2/100|[from] Sandstorm
|upkeep
|turn|56
|
|t:|1664882819
|move|p1a: Zarude|Jungle Healing|p1a: Zarude
|-heal|p1a: Zarude|27/100
|move|p2a: Hippowdon|Toxic|p1a: Zarude
|-status|p1a: Zarude|tox
|
|-weather|Sandstorm|[upkeep]
|-damage|p1a: Zarude|21/100 tox|[from] Sandstorm
|-damage|p1a: Zarude|15/100 tox|[from] psn
|upkeep
|turn|57
|
|t:|1664882822
|move|p1a: Zarude|Jungle Healing|p1a: Zarude
|-heal|p1a: Zarude|40/100 tox
|-curestatus|p1a: Zarude|tox|[msg]
|move|p2a: Hippowdon|Earthquake|p1a: Zarude
|-resisted|p1a: Zarude
|-damage|p1a: Zarude|22/100
|
|-weather|Sandstorm|[upkeep]
|-damage|p1a: Zarude|16/100|[from] Sandstorm
|upkeep
|turn|58
|
|t:|1664882825
|move|p1a: Zarude|Jungle Healing|p1a: Zarude
|-heal|p1a: Zarude|41/100
|move|p2a: Hippowdon|Toxic|p1a: Zarude
|-status|p1a: Zarude|tox
|
|-weather|none
|-damage|p1a: Zarude|35/100 tox|[from] psn
|upkeep
|turn|59
|
|t:|1664882829
|move|p1a: Zarude|Jungle Healing|p1a: Zarude
|-heal|p1a: Zarude|60/100 tox
|-curestatus|p1a: Zarude|tox|[msg]
|move|p2a: Hippowdon|Earthquake|p1a: Zarude
|-resisted|p1a: Zarude
|-damage|p1a: Zarude|43/100
|
|upkeep
|turn|60
|
|t:|1664882832
|switch|p2a: Salamence|Salamence, M|78/100
|-ability|p2a: Salamence|Intimidate|boost
|-unboost|p1a: Zarude|atk|1
|move|p1a: Zarude|Power Whip|p2a: Salamence
|-resisted|p2a: Salamence
|-damage|p2a: Salamence|71/100
|
|upkeep
|turn|61
|
|t:|1664882835
|switch|p2a: Hippowdon|Hippowdon, F|97/100
|-weather|Sandstorm|[from] ability: Sand Stream|[of] p2a: Hippowdon
|move|p1a: Zarude|U-turn|p2a: Hippowdon
|-damage|p2a: Hippowdon|88/100
|
|t:|1664882839
|switch|p1a: Azelf|Azelf|82/100|[from]move: U-turn
|
|-weather|Sandstorm|[upkeep]
|-damage|p1a: Azelf|76/100|[from] Sandstorm
|upkeep
|turn|62
|
|t:|1664882841
|move|p1a: Azelf|U-turn|p2a: Hippowdon
|-damage|p2a: Hippowdon|75/100
|
|t:|1664882844
|switch|p1a: Salamence|Salamence, M|94/100|[from]move: U-turn
|-ability|p1a: Salamence|Intimidate|boost
|-unboost|p2a: Hippowdon|atk|1
|move|p2a: Hippowdon|Toxic|p1a: Salamence
|-status|p1a: Salamence|tox
|
|-weather|Sandstorm|[upkeep]
|-damage|p1a: Salamence|88/100 tox|[from] Sandstorm
|-damage|p1a: Salamence|82/100 tox|[from] psn
|upkeep
|turn|63
|
|t:|1664882846
|switch|p1a: Zarude|Zarude-Dada|43/100
|move|p2a: Hippowdon|Slack Off|p2a: Hippowdon
|-heal|p2a: Hippowdon|100/100
|
|-weather|Sandstorm|[upkeep]
|-damage|p1a: Zarude|37/100|[from] Sandstorm
|upkeep
|turn|64
|
|t:|1664882853
|switch|p2a: Salamence|Salamence, M|71/100
|-ability|p2a: Salamence|Intimidate|boost
|-unboost|p1a: Zarude|atk|1
|move|p1a: Zarude|Power Whip|p2a: Salamence
|-resisted|p2a: Salamence
|-damage|p2a: Salamence|64/100
|
|-weather|Sandstorm|[upkeep]
|-damage|p1a: Zarude|31/100|[from] Sandstorm
|-damage|p2a: Salamence|58/100|[from] Sandstorm
|upkeep
|turn|65
|
|t:|1664882857
|move|p1a: Zarude|U-turn|p2a: Salamence
|-resisted|p2a: Salamence
|-damage|p2a: Salamence|51/100
|
|t:|1664882859
|switch|p1a: Azelf|Azelf|76/100|[from]move: U-turn
|move|p2a: Salamence|Dual Wingbeat|p1a: Azelf
|-damage|p1a: Azelf|47/100
|-damage|p1a: Azelf|21/100
|-hitcount|p1a: Azelf|2
|
|-weather|none
|upkeep
|turn|66
|
|t:|1664882863
|switch|p2a: Hippowdon|Hippowdon, F|100/100
|-weather|Sandstorm|[from] ability: Sand Stream|[of] p2a: Hippowdon
|move|p1a: Azelf|Psychic|p2a: Hippowdon
|-damage|p2a: Hippowdon|65/100
|
|-weather|Sandstorm|[upkeep]
|-damage|p1a: Azelf|15/100|[from] Sandstorm
|upkeep
|turn|67
|
|t:|1664882871
|move|p1a: Azelf|U-turn|p2a: Hippowdon
|-damage|p2a: Hippowdon|54/100
|
|t:|1664882874
|switch|p1a: Zarude|Zarude-Dada|31/100|[from]move: U-turn
|move|p2a: Hippowdon|Toxic|p1a: Zarude
|-status|p1a: Zarude|tox
|
|-weather|Sandstorm|[upkeep]
|-damage|p1a: Zarude|25/100 tox|[from] Sandstorm
|-damage|p1a: Zarude|19/100 tox|[from] psn
|upkeep
|turn|68
|
|t:|1664882877
|move|p1a: Zarude|Jungle Healing|p1a: Zarude
|-heal|p1a: Zarude|44/100 tox
|-curestatus|p1a: Zarude|tox|[msg]
|move|p2a: Hippowdon|Slack Off|p2a: Hippowdon
|-heal|p2a: Hippowdon|100/100
|
|-weather|Sandstorm|[upkeep]
|-damage|p1a: Zarude|38/100|[from] Sandstorm
|upkeep
|turn|69
|
|t:|1664882879
|switch|p2a: Salamence|Salamence, M|51/100
|-ability|p2a: Salamence|Intimidate|boost
|-unboost|p1a: Zarude|atk|1
|move|p1a: Zarude|U-turn|p2a: Salamence
|-resisted|p2a: Salamence
|-damage|p2a: Salamence|45/100
|
|t:|1664882882
|switch|p1a: Salamence|Salamence, M|82/100 tox|[from]move: U-turn
|-ability|p1a: Salamence|Intimidate|boost
|-unboost|p2a: Salamence|atk|1
|
|-weather|Sandstorm|[upkeep]
|-damage|p1a: Salamence|76/100 tox|[from] Sandstorm
|-damage|p2a: Salamence|39/100|[from] Sandstorm
|-damage|p1a: Salamence|70/100 tox|[from] psn
|upkeep
|turn|70
|
|t:|1664882884
|switch|p1a: Zarude|Zarude-Dada|38/100
|switch|p2a: Hippowdon|Hippowdon, F|100/100
|
|-weather|none
|upkeep
|turn|71
|
|t:|1664882890
|move|p1a: Zarude|Power Whip|p2a: Hippowdon
|-supereffective|p2a: Hippowdon
|-damage|p2a: Hippowdon|22/100
|move|p2a: Hippowdon|Toxic|p1a: Zarude
|-status|p1a: Zarude|tox
|
|-damage|p1a: Zarude|32/100 tox|[from] psn
|upkeep
|turn|72
|
|t:|1664882895
|move|p1a: Zarude|Darkest Lariat|p2a: Hippowdon
|-damage|p2a: Hippowdon|0 fnt
|faint|p2a: Hippowdon
|
|-damage|p1a: Zarude|20/100 tox|[from] psn
|upkeep
|
|t:|1664882897
|switch|p2a: Salamence|Salamence, M|39/100
|-ability|p2a: Salamence|Intimidate|boost
|-unboost|p1a: Zarude|atk|1
|turn|73
|
|t:|1664882903
|switch|p1a: Azelf|Azelf|15/100
|move|p2a: Salamence|Roost|p2a: Salamence
|-heal|p2a: Salamence|89/100
|-singleturn|p2a: Salamence|move: Roost
|
|upkeep
|turn|74
|
|t:|1664882906
|move|p1a: Azelf|Psychic|p2a: Salamence
|-damage|p2a: Salamence|38/100
|move|p2a: Salamence|Dual Wingbeat|p1a: Azelf
|-damage|p1a: Azelf|0 fnt
|faint|p1a: Azelf
|-hitcount|p1: Azelf|1
|
|upkeep
|
|t:|1664882910
|switch|p1a: Salamence|Salamence, M|70/100 tox
|-ability|p1a: Salamence|Intimidate|boost
|-unboost|p2a: Salamence|atk|1
|turn|75
|
|t:|1664882912
|move|p1a: Salamence|Draco Meteor|p2a: Salamence
|-supereffective|p2a: Salamence
|-damage|p2a: Salamence|0 fnt
|-unboost|p1a: Salamence|spa|2
|faint|p2a: Salamence
|
|win|Liz Angeles
