|inactive|Battle timer is ON: inactive players will automatically lose when time's up.
|t:|1642280403
|gametype|singles
|player|p1|KSt3ve|266|
|player|p2|tyrant pdc|cowgirl|
|teamsize|p1|6
|teamsize|p2|6
|gen|8
|tier|[Gen 8] UU
|rule|Sleep Clause Mod: Limit one foe put to sleep
|rule|Species Clause: Limit one of each Pokémon
|rule|OHKO Clause: OHKO moves are banned
|rule|Evasion Moves Clause: Evasion moves are banned
|rule|Endless Battle Clause: Forcing endless battles is banned
|rule|HP Percentage Mod: HP is shown in percentages
|rule|Dynamax Clause: You cannot dynamax
|clearpoke
|poke|p1|Registeel|
|poke|p1|Swampert, M|
|poke|p1|Azelf|
|poke|p1|Moltres-Galar|
|poke|p1|Tapu Bulu|
|poke|p1|Zygarde-10%|
|poke|p2|Jirachi|
|poke|p2|Mamoswine, F|
|poke|p2|Salamence, M|
|poke|p2|Tentacruel, M|
|poke|p2|Cobalion|
|poke|p2|Zarude-Dada|
|teampreview
|c|☆KSt3ve|hf
|c|☆tyrant pdc|u2
|c|☆tyrant pdc|=
|c|☆tyrant pdc|xD
|inactive|KSt3ve has 270 seconds left.
|inactive|tyrant pdc has 270 seconds left.
|
|t:|1642280461
|start
|switch|p1a: Swampert|Swampert, M|100/100
|switch|p2a: amoswine|Mamoswine, F|100/100
|turn|1
|
|t:|1642280472
|move|p2a: amoswine|Knock Off|p1a: Swampert
|-damage|p1a: Swampert|68/100
|-enditem|p1a: Swampert|Leftovers|[from] move: Knock Off|[of] p2a: amoswine
|move|p1a: Swampert|Flip Turn|p2a: amoswine
|-supereffective|p2a: amoswine
|-damage|p2a: amoswine|47/100
|
|t:|1642280482
|switch|p1a: Azelf|Azelf|100/100|[from]move: Flip Turn
|
|upkeep
|turn|2
|
|t:|1642280495
|switch|p2a: irachi|Jirachi|100/100
|move|p1a: Azelf|U-turn|p2a: irachi
|-damage|p2a: irachi|81/100
|inactive|KSt3ve has 270 seconds left.
|
|t:|1642280529
|switch|p1a: Swampert|Swampert, M|68/100|[from]move: U-turn
|
|upkeep
|turn|3
|
|t:|1642280552
|move|p2a: irachi|U-turn|p1a: Swampert
|-damage|p1a: Swampert|49/100
|
|t:|1642280556
|switch|p2a: arude|Zarude-Dada|100/100|[from]move: U-turn
|move|p1a: Swampert|Stealth Rock|p2a: arude
|-sidestart|p2: tyrant pdc|move: Stealth Rock
|
|upkeep
|turn|4
|
|t:|1642280563
|switch|p1a: Tapu Bulu|Tapu Bulu|100/100
|-fieldstart|move: Grassy Terrain|[from] ability: Grassy Surge|[of] p1a: Tapu Bulu
|move|p2a: arude|U-turn|p1a: Tapu Bulu
|-damage|p1a: Tapu Bulu|85/100
|-damage|p2a: arude|84/100|[from] item: Rocky Helmet|[of] p1a: Tapu Bulu
|
|t:|1642280579
|switch|p2a: entacruel|Tentacruel, M|100/100|[from]move: U-turn
|-damage|p2a: entacruel|88/100|[from] Stealth Rock
|
|-heal|p2a: entacruel|94/100|[from] Grassy Terrain
|-heal|p2a: entacruel|99/100|[from] item: Black Sludge
|-heal|p1a: Tapu Bulu|91/100|[from] Grassy Terrain
|upkeep
|turn|5
|
|t:|1642280588
|switch|p1a: Registeel|Registeel|100/100
|move|p2a: entacruel|Sludge Bomb|p1a: Registeel
|-immune|p1a: Registeel
|
|-heal|p2a: entacruel|100/100|[from] Grassy Terrain
|upkeep
|turn|6
|
|t:|1642280590
|move|p2a: entacruel|Rapid Spin|p1a: Registeel
|-resisted|p1a: Registeel
|-damage|p1a: Registeel|99/100
|-boost|p2a: entacruel|spe|1
|-sideend|p2: tyrant pdc|Stealth Rock|[from] move: Rapid Spin|[of] p2a: entacruel
|move|p1a: Registeel|Iron Defense|p1a: Registeel
|-boost|p1a: Registeel|def|2
|
|-heal|p1a: Registeel|100/100|[from] Grassy Terrain
|upkeep
|turn|7
|
|t:|1642280601
|move|p2a: entacruel|Scald|p1a: Registeel
|-damage|p1a: Registeel|85/100
|-status|p1a: Registeel|brn
|move|p1a: Registeel|Amnesia|p1a: Registeel
|-boost|p1a: Registeel|spd|2
|
|-heal|p1a: Registeel|91/100 brn|[from] Grassy Terrain
|-damage|p1a: Registeel|85/100 brn|[from] brn
|upkeep
|turn|8
|
|t:|1642280608
|move|p2a: entacruel|Knock Off|p1a: Registeel
|-damage|p1a: Registeel|81/100 brn
|-enditem|p1a: Registeel|Chesto Berry|[from] move: Knock Off|[of] p2a: entacruel
|move|p1a: Registeel|Iron Defense|p1a: Registeel
|-boost|p1a: Registeel|def|2
|
|-heal|p1a: Registeel|87/100 brn|[from] Grassy Terrain
|-damage|p1a: Registeel|81/100 brn|[from] brn
|-fieldend|move: Grassy Terrain
|upkeep
|turn|9
|
|t:|1642280612
|switch|p2a: irachi|Jirachi|81/100
|move|p1a: Registeel|Rest|p1a: Registeel
|-status|p1a: Registeel|slp|[from] move: Rest
|-heal|p1a: Registeel|100/100 slp|[silent]
|
|upkeep
|turn|10
|
|t:|1642280627
|move|p2a: irachi|U-turn|p1a: Registeel
|-resisted|p1a: Registeel
|-damage|p1a: Registeel|99/100 slp
|
|t:|1642280629
|switch|p2a: alamence|Salamence, M|100/100|[from]move: U-turn
|-ability|p2a: alamence|Intimidate|boost
|-fail|p1a: Registeel|unboost|[from] ability: Clear Body|[of] p1a: Registeel
|cant|p1a: Registeel|slp
|
|upkeep
|turn|11
|
|t:|1642280634
|move|p2a: alamence|Dragon Dance|p2a: alamence
|-boost|p2a: alamence|atk|1
|-boost|p2a: alamence|spe|1
|cant|p1a: Registeel|slp
|
|upkeep
|turn|12
|
|t:|1642280640
|move|p2a: alamence|Dragon Dance|p2a: alamence
|-boost|p2a: alamence|atk|1
|-boost|p2a: alamence|spe|1
|-curestatus|p1a: Registeel|slp|[msg]
|move|p1a: Registeel|Body Press|p2a: alamence
|-resisted|p2a: alamence
|-damage|p2a: alamence|39/100
|
|upkeep
|turn|13
|
|t:|1642280645
|move|p2a: alamence|Earthquake|p1a: Registeel
|-supereffective|p1a: Registeel
|-crit|p1a: Registeel
|-damage|p1a: Registeel|0 fnt
|faint|p1a: Registeel
|
|upkeep
|c|☆KSt3ve|it was gg
|c|☆KSt3ve|regi
|
|t:|1642280667
|switch|p1a: Zygarde|Zygarde-10%|100/100
|-ability|p1a: Zygarde|Aura Break
|turn|14
|c|☆tyrant pdc|its never gg until the game is over
|inactive|tyrant pdc has 270 seconds left.
|
|t:|1642280709
|switch|p2a: obalion|Cobalion|100/100
|move|p1a: Zygarde|Extreme Speed|p2a: obalion
|-resisted|p2a: obalion
|-damage|p2a: obalion|85/100
|-damage|p1a: Zygarde|84/100|[from] item: Rocky Helmet|[of] p2a: obalion
|
|upkeep
|turn|15
|
|t:|1642280725
|switch|p1a: Moltres|Moltres-Galar|100/100
|move|p2a: obalion|Stealth Rock|p1a: Moltres
|-sidestart|p1: KSt3ve|move: Stealth Rock
|
|upkeep
|turn|16
|
|t:|1642280733
|move|p2a: obalion|Volt Switch|p1a: Moltres
|-supereffective|p1a: Moltres
|-damage|p1a: Moltres|82/100
|c|+Dunoks|Quel tour ?
|c|☆KSt3ve|un truc random
|inactive|tyrant pdc has 270 seconds left.
|c|☆KSt3ve|invitional uu
|c|☆KSt3ve|je crois
|
|t:|1642280766
|switch|p2a: arude|Zarude-Dada|84/100|[from]move: Volt Switch
|move|p1a: Moltres|Hurricane|p2a: arude
|-supereffective|p2a: arude
|-damage|p2a: arude|5/100
|-start|p2a: arude|confusion
|
|upkeep
|turn|17
|
|t:|1642280772
|-activate|p2a: arude|confusion
|-damage|p2a: arude|0 fnt|[from] confusion
|faint|p2a: arude
|move|p1a: Moltres|Fiery Wrath|p2: arude|[notarget]
|-fail|p1a: Moltres
|
|upkeep
|
|t:|1642280784
|switch|p2a: entacruel|Tentacruel, M|100/100
|turn|18
|
|t:|1642280792
|move|p2a: entacruel|Sludge Bomb|p1a: Moltres
|-damage|p1a: Moltres|66/100
|move|p1a: Moltres|Hurricane|p2a: entacruel
|-damage|p2a: entacruel|66/100
|
|-heal|p2a: entacruel|72/100|[from] item: Black Sludge
|upkeep
|turn|19
|
|t:|1642280799
|move|p2a: entacruel|Sludge Bomb|p1a: Moltres
|-damage|p1a: Moltres|51/100
|-status|p1a: Moltres|psn
|move|p1a: Moltres|Hurricane|p2a: entacruel
|-damage|p2a: entacruel|41/100
|-start|p2a: entacruel|confusion
|
|-heal|p2a: entacruel|47/100|[from] item: Black Sludge
|-damage|p1a: Moltres|38/100 psn|[from] psn
|upkeep
|turn|20
|inactive|tyrant pdc has 270 seconds left.
|
|t:|1642280823
|-activate|p2a: entacruel|confusion
|move|p2a: entacruel|Scald|p1a: Moltres
|-damage|p1a: Moltres|24/100 psn
|move|p1a: Moltres|Rest|p1a: Moltres
|-status|p1a: Moltres|slp|[from] move: Rest
|-heal|p1a: Moltres|100/100 slp|[silent]
|
|-heal|p2a: entacruel|53/100|[from] item: Black Sludge
|upkeep
|turn|21
|
|t:|1642280838
|switch|p2a: obalion|Cobalion|85/100
|cant|p1a: Moltres|slp
|move|p1a: Moltres|Sleep Talk|p1a: Moltres
|move|p1a: Moltres|Hurricane|p2a: obalion|[from]move: Sleep Talk|[miss]
|-miss|p1a: Moltres|p2a: obalion
|
|upkeep
|turn|22
|
|t:|1642280846
|move|p2a: obalion|Close Combat|p1a: Moltres
|-damage|p1a: Moltres|53/100 slp
|-unboost|p2a: obalion|def|1
|-unboost|p2a: obalion|spd|1
|cant|p1a: Moltres|slp
|move|p1a: Moltres|Sleep Talk|p1a: Moltres
|move|p1a: Moltres|Hurricane|p2a: obalion|[from]move: Sleep Talk
|-crit|p2a: obalion
|-damage|p2a: obalion|0 fnt
|faint|p2a: obalion
|
|upkeep
|
|t:|1642280850
|switch|p2a: amoswine|Mamoswine, F|47/100
|turn|23
|inactive|KSt3ve has 270 seconds left.
|
|t:|1642280889
|switch|p1a: Swampert|Swampert, M|49/100
|-damage|p1a: Swampert|43/100|[from] Stealth Rock
|move|p2a: amoswine|Ice Shard|p1a: Swampert
|-damage|p1a: Swampert|18/100
|
|upkeep
|turn|24
|
|t:|1642280901
|move|p2a: amoswine|Ice Shard|p1a: Swampert
|-damage|p1a: Swampert|0 fnt
|faint|p1a: Swampert
|
|upkeep
|
|t:|1642280904
|switch|p1a: Azelf|Azelf|100/100
|turn|25
|
|t:|1642280916
|switch|p2a: entacruel|Tentacruel, M|53/100
|move|p1a: Azelf|Flamethrower|p2a: entacruel
|-resisted|p2a: entacruel
|-damage|p2a: entacruel|41/100
|
|-heal|p2a: entacruel|47/100|[from] item: Black Sludge
|upkeep
|turn|26
|
|t:|1642280931
|move|p1a: Azelf|Psychic|p2a: entacruel
|-supereffective|p2a: entacruel
|-damage|p2a: entacruel|0 fnt
|faint|p2a: entacruel
|
|upkeep
|
|t:|1642280933
|switch|p2a: irachi|Jirachi|81/100
|turn|27
|inactive|KSt3ve has 270 seconds left.
|
|t:|1642280967
|switch|p1a: Tapu Bulu|Tapu Bulu|91/100
|-damage|p1a: Tapu Bulu|78/100|[from] Stealth Rock
|-fieldstart|move: Grassy Terrain|[from] ability: Grassy Surge|[of] p1a: Tapu Bulu
|move|p2a: irachi|Iron Head|p1a: Tapu Bulu
|-supereffective|p1a: Tapu Bulu
|-damage|p1a: Tapu Bulu|35/100
|-damage|p2a: irachi|65/100|[from] item: Rocky Helmet|[of] p1a: Tapu Bulu
|
|-heal|p2a: irachi|71/100|[from] Grassy Terrain
|-heal|p1a: Tapu Bulu|41/100|[from] Grassy Terrain
|upkeep
|turn|28
|
|t:|1642280978
|move|p2a: irachi|Iron Head|p1a: Tapu Bulu
|-supereffective|p1a: Tapu Bulu
|-damage|p1a: Tapu Bulu|0 fnt
|-damage|p2a: irachi|54/100|[from] item: Rocky Helmet|[of] p1a: Tapu Bulu
|faint|p1a: Tapu Bulu
|
|-heal|p2a: irachi|61/100|[from] Grassy Terrain
|upkeep
|
|t:|1642280987
|switch|p1a: Moltres|Moltres-Galar|53/100 slp
|turn|29
|
|t:|1642280995
|move|p2a: irachi|Iron Head|p1a: Moltres
|-damage|p1a: Moltres|16/100 slp
|-ability|p1a: Moltres|Berserk|boost
|-boost|p1a: Moltres|spa|1
|-curestatus|p1a: Moltres|slp|[msg]
|cant|p1a: Moltres|flinch
|
|-heal|p2a: irachi|67/100|[from] Grassy Terrain
|upkeep
|turn|30
|
|t:|1642281003
|move|p2a: irachi|Iron Head|p1a: Moltres
|-damage|p1a: Moltres|0 fnt
|faint|p1a: Moltres
|
|-heal|p2a: irachi|73/100|[from] Grassy Terrain
|upkeep
|
|t:|1642281004
|switch|p1a: Azelf|Azelf|100/100
|turn|31
|
|t:|1642281010
|move|p2a: irachi|Iron Head|p1a: Azelf
|-damage|p1a: Azelf|50/100
|cant|p1a: Azelf|flinch
|
|-heal|p2a: irachi|79/100|[from] Grassy Terrain
|-fieldend|move: Grassy Terrain
|upkeep
|turn|32
|c|☆KSt3ve|i have enough of this game
|c|☆tyrant pdc|ok
|
|t:|1642281028
|move|p2a: irachi|Iron Head|p1a: Azelf
|-damage|p1a: Azelf|0 fnt
|faint|p1a: Azelf
|
|upkeep
|
|t:|1642281029
|switch|p1a: Zygarde|Zygarde-10%|84/100
|-damage|p1a: Zygarde|78/100|[from] Stealth Rock
|-ability|p1a: Zygarde|Aura Break
|turn|33
|c|☆KSt3ve|whatever
|c|☆KSt3ve|trash game 
|-message|KSt3ve forfeited.
|
|win|tyrant pdc
|c|☆tyrant pdc|agree
|c|☆tyrant pdc|gg
