|inactive|Battle timer is ON: inactive players will automatically lose when time's up.
|t:|1667333937
|gametype|singles
|player|p1|romanji ≛|courtney|
|player|p2|KM|#scl2foxes|
|teamsize|p1|6
|teamsize|p2|6
|gen|8
|tier|[Gen 8] UU
|rule|Sleep Clause Mod: Limit one foe put to sleep
|rule|Species Clause: Limit one of each Pokémon
|rule|OHKO Clause: OHKO moves are banned
|rule|Evasion Items Clause: Evasion items are banned
|rule|Evasion Moves Clause: Evasion moves are banned
|rule|Endless Battle Clause: Forcing endless battles is banned
|rule|HP Percentage Mod: HP is shown in percentages
|rule|Dynamax Clause: You cannot dynamax
|clearpoke
|poke|p1|Hydreigon, M|
|poke|p1|Tangrowth, M|
|poke|p1|Excadrill, M|
|poke|p1|Cobalion|
|poke|p1|Crobat, F|
|poke|p1|Primarina, M|
|poke|p2|Tangrowth, F|
|poke|p2|Primarina, F|
|poke|p2|Rotom-Heat|
|poke|p2|Reuniclus, F|
|poke|p2|Excadrill, M|
|poke|p2|Pangoro, F|
|teampreview
|c|☆KM|hfhf
|c|☆romanji ≛|hf
|c|+passion|hf
|c|☆romanji ≛|go away :rolling_eyes:
|inactive|romanji ≛ has 270 seconds left.
|c|☆KM|exactly
|
|t:|1667333993
|start
|switch|p1a: Tangrowth|Tangrowth, M|100/100
|switch|p2a: urso|Reuniclus, F|100/100
|turn|1
|c|+suloxiv ♪|hf
|c|☆romanji ≛|go away :rolling_eyes:
|
|t:|1667334015
|switch|p2a: tubarão|Rotom-Heat|100/100
|move|p1a: Tangrowth|Knock Off|p2a: tubarão
|-damage|p2a: tubarão|75/100
|-enditem|p2a: tubarão|Heavy-Duty Boots|[from] move: Knock Off|[of] p1a: Tangrowth
|
|upkeep
|turn|2
|
|t:|1667334029
|move|p2a: tubarão|Will-O-Wisp|p1a: Tangrowth
|-status|p1a: Tangrowth|brn
|move|p1a: Tangrowth|Sludge Bomb|p2a: tubarão
|-damage|p2a: tubarão|50/100
|
|-damage|p1a: Tangrowth|94/100 brn|[from] brn
|upkeep
|turn|3
|
|t:|1667334045
|switch|p1a: Hydreigon|Hydreigon, M|100/100
|move|p2a: tubarão|Pain Split|p1a: Hydreigon
|-sethp|p1a: Hydreigon|74/100|[from] move: Pain Split|[silent]
|-sethp|p2a: tubarão|79/100|[from] move: Pain Split
|
|upkeep
|turn|4
|
|t:|1667334055
|move|p1a: Hydreigon|U-turn|p2a: tubarão
|-resisted|p2a: tubarão
|-damage|p2a: tubarão|70/100
|
|t:|1667334061
|switch|p1a: Primarina|Primarina, M|100/100|[from]move: U-turn
|move|p2a: tubarão|Volt Switch|p1a: Primarina
|-supereffective|p1a: Primarina
|-damage|p1a: Primarina|60/100
|
|t:|1667334069
|switch|p2a: gata|Primarina, F|100/100|[from]move: Volt Switch
|
|-heal|p1a: Primarina|66/100|[from] item: Leftovers
|upkeep
|turn|5
|c|☆KM|primarina double
|
|t:|1667334087
|move|p2a: gata|Moonblast|p1a: Primarina
|-damage|p1a: Primarina|2/100
|-unboost|p1a: Primarina|spa|1
|move|p1a: Primarina|Moonblast|p2a: gata
|-damage|p2a: gata|78/100
|
|-heal|p1a: Primarina|8/100|[from] item: Leftovers
|upkeep
|turn|6
|c|☆KM|mine's stronger
|inactive|romanji ≛ has 270 seconds left.
|
|t:|1667334123
|switch|p1a: Excadrill|Excadrill, M|100/100
|-ability|p1a: Excadrill|Mold Breaker
|-item|p1a: Excadrill|Air Balloon
|move|p2a: gata|Moonblast|p1a: Excadrill
|-resisted|p1a: Excadrill
|-damage|p1a: Excadrill|49/100
|-unboost|p1a: Excadrill|spa|1
|-enditem|p1a: Excadrill|Air Balloon
|
|upkeep
|turn|7
|c|+passion|wowza
|c|☆KM|wowza
|
|t:|1667334147
|move|p1a: Excadrill|Stealth Rock|p2a: gata
|-sidestart|p2: KM|move: Stealth Rock
|move|p2a: gata|Moonblast|p1a: Excadrill
|-resisted|p1a: Excadrill
|-damage|p1a: Excadrill|0 fnt
|faint|p1a: Excadrill
|
|upkeep
|
|t:|1667334164
|switch|p1a: Crobat|Crobat, F|100/100
|turn|8
|
|t:|1667334178
|move|p1a: Crobat|Nasty Plot|p1a: Crobat
|-boost|p1a: Crobat|spa|2
|move|p2a: gata|Moonblast|p1a: Crobat
|-resisted|p1a: Crobat
|-damage|p1a: Crobat|46/100
|
|upkeep
|turn|9
|c|☆KM|uhoh
|inactive|romanji ≛ has 240 seconds left.
|
|t:|1667334204
|switch|p2a: tubarão|Rotom-Heat|70/100
|-damage|p2a: tubarão|45/100|[from] Stealth Rock
|move|p1a: Crobat|Sludge Bomb|p2a: tubarão
|-damage|p2a: tubarão|0 fnt
|faint|p2a: tubarão
|
|upkeep
|
|t:|1667334206
|switch|p2a: urso|Reuniclus, F|100/100
|turn|10
|
|t:|1667334220
|switch|p1a: Hydreigon|Hydreigon, M|74/100
|move|p2a: urso|Thunder Wave|p1a: Hydreigon
|-status|p1a: Hydreigon|par
|
|upkeep
|turn|11
|
|t:|1667334228
|switch|p2a: fundo maciço|Excadrill, M|100/100
|-damage|p2a: fundo maciço|97/100|[from] Stealth Rock
|move|p1a: Hydreigon|Dark Pulse|p2a: fundo maciço
|-damage|p2a: fundo maciço|58/100
|
|-heal|p2a: fundo maciço|64/100|[from] item: Leftovers
|upkeep
|turn|12
|
|t:|1667334240
|switch|p1a: Tangrowth|Tangrowth, M|100/100 brn
|move|p2a: fundo maciço|Rapid Spin|p1a: Tangrowth
|-damage|p1a: Tangrowth|92/100 brn
|-boost|p2a: fundo maciço|spe|1
|-sideend|p2: KM|Stealth Rock|[from] move: Rapid Spin|[of] p2a: fundo maciço
|
|-heal|p2a: fundo maciço|70/100|[from] item: Leftovers
|-damage|p1a: Tangrowth|86/100 brn|[from] brn
|upkeep
|turn|13
|
|t:|1667334253
|move|p2a: fundo maciço|Stealth Rock|p1a: Tangrowth
|-sidestart|p1: romanji ≛|move: Stealth Rock
|move|p1a: Tangrowth|Sludge Bomb|p2a: fundo maciço
|-immune|p2a: fundo maciço
|
|-heal|p2a: fundo maciço|76/100|[from] item: Leftovers
|-damage|p1a: Tangrowth|80/100 brn|[from] brn
|upkeep
|turn|14
|
|t:|1667334259
|switch|p2a: Pangoro|Pangoro, F|100/100
|-ability|p2a: Pangoro|Mold Breaker
|move|p1a: Tangrowth|Focus Blast|p2a: Pangoro
|-supereffective|p2a: Pangoro
|-damage|p2a: Pangoro|50/100
|-enditem|p2a: Pangoro|Maranga Berry|[eat]
|-boost|p2a: Pangoro|spd|1|[from] item: Maranga Berry
|
|-damage|p1a: Tangrowth|73/100 brn|[from] brn
|upkeep
|turn|15
|c|☆KM|ow
|c|☆romanji ≛|oh dear
|
|t:|1667334273
|move|p2a: Pangoro|Block|p1a: Tangrowth
|-activate|p1a: Tangrowth|trapped
|move|p1a: Tangrowth|Sludge Bomb|p2a: Pangoro
|-damage|p2a: Pangoro|38/100
|-status|p2a: Pangoro|psn
|
|-damage|p2a: Pangoro|25/100 psn|[from] psn
|-damage|p1a: Tangrowth|67/100 brn|[from] brn
|upkeep
|turn|16
|c|+suloxiv ♪|-
|
|t:|1667334284
|move|p2a: Pangoro|Rest|p2a: Pangoro
|-status|p2a: Pangoro|slp|[from] move: Rest
|-heal|p2a: Pangoro|100/100 slp|[silent]
|move|p1a: Tangrowth|Focus Blast|p2a: Pangoro|[miss]
|-miss|p1a: Tangrowth|p2a: Pangoro
|
|-damage|p1a: Tangrowth|61/100 brn|[from] brn
|upkeep
|turn|17
|c|☆KM|oh dear
|
|t:|1667334293
|cant|p2a: Pangoro|slp
|move|p1a: Tangrowth|Focus Blast|p2a: Pangoro
|-supereffective|p2a: Pangoro
|-damage|p2a: Pangoro|69/100 slp
|
|-damage|p1a: Tangrowth|55/100 brn|[from] brn
|upkeep
|turn|18
|
|t:|1667334305
|cant|p2a: Pangoro|slp
|move|p1a: Tangrowth|Focus Blast|p2a: Pangoro
|-supereffective|p2a: Pangoro
|-damage|p2a: Pangoro|37/100 slp
|
|-damage|p1a: Tangrowth|49/100 brn|[from] brn
|upkeep
|turn|19
|
|t:|1667334314
|-curestatus|p2a: Pangoro|slp|[msg]
|move|p2a: Pangoro|Bulk Up|p2a: Pangoro
|-boost|p2a: Pangoro|atk|1
|-boost|p2a: Pangoro|def|1
|move|p1a: Tangrowth|Focus Blast|p2a: Pangoro
|-supereffective|p2a: Pangoro
|-damage|p2a: Pangoro|4/100
|
|-damage|p1a: Tangrowth|42/100 brn|[from] brn
|upkeep
|turn|20
|inactive|romanji ≛ has 270 seconds left.
|
|t:|1667334327
|move|p2a: Pangoro|Rest|p2a: Pangoro
|-status|p2a: Pangoro|slp|[from] move: Rest
|-heal|p2a: Pangoro|100/100 slp|[silent]
|move|p1a: Tangrowth|Sludge Bomb|p2a: Pangoro
|-damage|p2a: Pangoro|89/100 slp
|
|-damage|p1a: Tangrowth|36/100 brn|[from] brn
|upkeep
|turn|21
|inactive|romanji ≛ has 270 seconds left.
|
|t:|1667334338
|cant|p2a: Pangoro|slp
|move|p1a: Tangrowth|Sludge Bomb|p2a: Pangoro
|-damage|p2a: Pangoro|77/100 slp
|
|-damage|p1a: Tangrowth|30/100 brn|[from] brn
|upkeep
|turn|22
|inactive|romanji ≛ has 270 seconds left.
|
|t:|1667334345
|cant|p2a: Pangoro|slp
|move|p1a: Tangrowth|Sludge Bomb|p2a: Pangoro
|-damage|p2a: Pangoro|64/100 slp
|
|-damage|p1a: Tangrowth|24/100 brn|[from] brn
|upkeep
|turn|23
|
|t:|1667334351
|-curestatus|p2a: Pangoro|slp|[msg]
|move|p2a: Pangoro|Bulk Up|p2a: Pangoro
|-boost|p2a: Pangoro|atk|1
|-boost|p2a: Pangoro|def|1
|move|p1a: Tangrowth|Focus Blast|p2a: Pangoro|[miss]
|-miss|p1a: Tangrowth|p2a: Pangoro
|
|-damage|p1a: Tangrowth|18/100 brn|[from] brn
|upkeep
|turn|24
|
|t:|1667334360
|move|p2a: Pangoro|Power Trip|p1a: Tangrowth
|-damage|p1a: Tangrowth|0 fnt
|faint|p1a: Tangrowth
|
|upkeep
|inactive|romanji ≛ has 270 seconds left.
|
|t:|1667334384
|switch|p1a: Hydreigon|Hydreigon, M|74/100 par
|-damage|p1a: Hydreigon|61/100 par|[from] Stealth Rock
|turn|25
|c|☆KM|hm
|
|t:|1667334397
|move|p1a: Hydreigon|Draco Meteor|p2a: Pangoro
|-damage|p2a: Pangoro|28/100
|-unboost|p1a: Hydreigon|spa|2
|move|p2a: Pangoro|Bulk Up|p2a: Pangoro
|-boost|p2a: Pangoro|atk|1
|-boost|p2a: Pangoro|def|1
|
|upkeep
|turn|26
|c|+passion|km
|c|+passion|what is wrong with u
|
|t:|1667334409
|move|p1a: Hydreigon|Draco Meteor|p2a: Pangoro
|-damage|p2a: Pangoro|11/100
|-unboost|p1a: Hydreigon|spa|2
|move|p2a: Pangoro|Rest|p2a: Pangoro
|-status|p2a: Pangoro|slp|[from] move: Rest
|-heal|p2a: Pangoro|100/100 slp|[silent]
|
|upkeep
|turn|27
|c|+suloxiv ♪|this
|
|t:|1667334415
|switch|p1a: Cobalion|Cobalion|100/100
|-damage|p1a: Cobalion|97/100|[from] Stealth Rock
|cant|p2a: Pangoro|slp
|
|-heal|p1a: Cobalion|100/100|[from] item: Leftovers
|upkeep
|turn|28
|c|☆KM|alright
|c|☆KM|tank test
|c|+passion|you are cruel and evil
|
|t:|1667334429
|move|p1a: Cobalion|Swords Dance|p1a: Cobalion
|-boost|p1a: Cobalion|atk|2
|cant|p2a: Pangoro|slp
|
|upkeep
|turn|29
|c|☆KM|oh
|c|☆KM|i lose
|c|☆KM|LOOOL
|c|☆KM|ummm...
|c|+passion|.
|c|+suloxiv ♪|LOL
|inactive|KM has 270 seconds left.
|
|t:|1667334471
|move|p1a: Cobalion|Swords Dance|p1a: Cobalion
|-boost|p1a: Cobalion|atk|2
|-curestatus|p2a: Pangoro|slp|[msg]
|move|p2a: Pangoro|Power Trip|p1a: Cobalion
|-resisted|p1a: Cobalion
|-damage|p1a: Cobalion|33/100
|-ability|p1a: Cobalion|Justified|boost
|-boost|p1a: Cobalion|atk|1
|
|-heal|p1a: Cobalion|40/100|[from] item: Leftovers
|upkeep
|turn|30
|c|+passion|wowza
|c|☆KM|wowza
|inactive|romanji ≛ has 270 seconds left.
|
|t:|1667334488
|move|p1a: Cobalion|Close Combat|p2a: Pangoro
|-supereffective|p2a: Pangoro
|-damage|p2a: Pangoro|0 fnt
|-unboost|p1a: Cobalion|def|1
|-unboost|p1a: Cobalion|spd|1
|faint|p2a: Pangoro
|
|-heal|p1a: Cobalion|46/100|[from] item: Leftovers
|upkeep
|c|☆KM|hm
|c|☆KM|i musta
|inactive|KM has 270 seconds left.
|c|☆KM|calced wrong
|c|☆KM|LOOO)L
|c|☆KM|ah yes i 
|c|☆KM|forgot the coba boosts.
|inactive|KM has 240 seconds left.
|
|t:|1667334537
|switch|p2a: cachorro|Tangrowth, F|100/100
|turn|31
|c|☆KM|no megahorn :prayge:
|
|t:|1667334546
|move|p1a: Cobalion|Iron Head|p2a: cachorro
|-damage|p2a: cachorro|36/100
|move|p2a: cachorro|Focus Blast|p1a: Cobalion|[miss]
|-miss|p2a: cachorro|p1a: Cobalion
|
|-heal|p1a: Cobalion|52/100|[from] item: Leftovers
|upkeep
|turn|32
|c|☆KM|alas...
|c|☆romanji ≛|tangment
|c|+passion|wowza
|inactive|KM has 240 seconds left.
|
|t:|1667334558
|switch|p2a: fundo maciço|Excadrill, M|76/100
|move|p1a: Cobalion|Iron Head|p2a: fundo maciço
|-resisted|p2a: fundo maciço
|-damage|p2a: fundo maciço|2/100
|
|-heal|p1a: Cobalion|58/100|[from] item: Leftovers
|-heal|p2a: fundo maciço|8/100|[from] item: Leftovers
|upkeep
|turn|33
|c|+passion|tbh though yeah 
|
|t:|1667334568
|move|p1a: Cobalion|Iron Head|p2a: fundo maciço
|-resisted|p2a: fundo maciço
|-damage|p2a: fundo maciço|0 fnt
|faint|p2a: fundo maciço
|
|-heal|p1a: Cobalion|64/100|[from] item: Leftovers
|upkeep
|
|t:|1667334569
|switch|p2a: cachorro|Tangrowth, F|70/100
|turn|34
|c|☆KM|try #2
|
|t:|1667334582
|move|p1a: Cobalion|Close Combat|p2a: cachorro
|-damage|p2a: cachorro|0 fnt
|-unboost|p1a: Cobalion|def|1
|-unboost|p1a: Cobalion|spd|1
|faint|p2a: cachorro
|
|-heal|p1a: Cobalion|70/100|[from] item: Leftovers
|upkeep
|c|☆KM|nvm
|c|+passion|not really
|c|☆KM|i'm dumb
|c|☆KM|LOOOL
|
|t:|1667334590
|switch|p2a: urso|Reuniclus, F|100/100
|turn|35
|
|t:|1667334600
|move|p1a: Cobalion|Iron Head|p2a: urso
|-damage|p2a: urso|0 fnt
|faint|p2a: urso
|
|-heal|p1a: Cobalion|77/100|[from] item: Leftovers
|upkeep
|c|☆KM|gg
|-message|KM forfeited.
|
|win|romanji ≛
