|inactive|Battle timer is ON: inactive players will automatically lose when time's up.
|t:|1665325085
|gametype|singles
|player|p1|Booty|265|
|player|p2|HaxxLR|170|
|teamsize|p1|6
|teamsize|p2|6
|gen|8
|tier|[Gen 8] UU
|rule|Sleep Clause Mod: Limit one foe put to sleep
|rule|Species Clause: Limit one of each Pokémon
|rule|OHKO Clause: OHKO moves are banned
|rule|Evasion Items Clause: Evasion items are banned
|rule|Evasion Moves Clause: Evasion moves are banned
|rule|Endless Battle Clause: Forcing endless battles is banned
|rule|HP Percentage Mod: HP is shown in percentages
|rule|Dynamax Clause: You cannot dynamax
|clearpoke
|poke|p1|Thundurus-Therian, M|
|poke|p1|Diggersby, F|
|poke|p1|Primarina, M|
|poke|p1|Jirachi|
|poke|p1|Amoonguss, M|
|poke|p1|Salamence, F|
|poke|p2|Raikou|
|poke|p2|Scizor, F|
|poke|p2|Hippowdon, M|
|poke|p2|Zarude|
|poke|p2|Moltres|
|poke|p2|Slowking, F|
|teampreview
|c|☆HaxxLR|hf
|inactive|HaxxLR has 270 seconds left.
|inactive|HaxxLR has 240 seconds left.
|inactive|HaxxLR has 210 seconds left.
|inactive|HaxxLR has 180 seconds left.
|inactive|HaxxLR has 150 seconds left.
|c|☆Booty|hf
|
|t:|1665325249
|start
|switch|p1a: Diggersby|Diggersby, F|100/100
|switch|p2a: Scizor|Scizor, F|100/100
|turn|1
|inactive|HaxxLR has 180 seconds left.
|
|t:|1665325297
|switch|p2a: Hippowdon|Hippowdon, M|100/100
|-weather|Sandstorm|[from] ability: Sand Stream|[of] p2a: Hippowdon
|move|p1a: Diggersby|U-turn|p2a: Hippowdon
|-damage|p2a: Hippowdon|80/100
|
|t:|1665325311
|switch|p1a: Primarina|Primarina, M|100/100|[from]move: U-turn
|
|-weather|Sandstorm|[upkeep]
|-damage|p1a: Primarina|94/100|[from] Sandstorm
|-heal|p1a: Primarina|100/100|[from] item: Leftovers
|-heal|p2a: Hippowdon|86/100|[from] item: Leftovers
|upkeep
|turn|2
|
|t:|1665325333
|switch|p2a: Slowking|Slowking, F|100/100
|move|p1a: Primarina|Calm Mind|p1a: Primarina
|-boost|p1a: Primarina|spa|1
|-boost|p1a: Primarina|spd|1
|
|-weather|Sandstorm|[upkeep]
|-damage|p1a: Primarina|94/100|[from] Sandstorm
|-damage|p2a: Slowking|94/100|[from] Sandstorm
|-heal|p1a: Primarina|100/100|[from] item: Leftovers
|upkeep
|turn|3
|
|t:|1665325337
|move|p1a: Primarina|Moonblast|p2a: Slowking
|-damage|p2a: Slowking|37/100
|-unboost|p2a: Slowking|spa|1
|move|p2a: Slowking|Teleport|p2a: Slowking
|
|t:|1665325342
|switch|p2a: Zarude|Zarude|100/100|[from]move: Teleport
|
|-weather|Sandstorm|[upkeep]
|-damage|p2a: Zarude|95/100|[from] Sandstorm
|-damage|p1a: Primarina|94/100|[from] Sandstorm
|-heal|p1a: Primarina|100/100|[from] item: Leftovers
|upkeep
|turn|4
|inactive|HaxxLR has 180 seconds left.
|
|t:|1665325362
|switch|p1a: Amoonguss|Amoonguss, M|100/100
|move|p2a: Zarude|U-turn|p1a: Amoonguss
|-damage|p1a: Amoonguss|75/100
|-damage|p2a: Zarude|78/100|[from] item: Rocky Helmet|[of] p1a: Amoonguss
|inactive|HaxxLR has 150 seconds left.
|inactive|HaxxLR has 120 seconds left.
|
|t:|1665325419
|switch|p2a: Hippowdon|Hippowdon, M|86/100|[from]move: U-turn
|
|-weather|Sandstorm|[upkeep]
|-damage|p1a: Amoonguss|69/100|[from] Sandstorm
|-heal|p2a: Hippowdon|92/100|[from] item: Leftovers
|upkeep
|turn|5
|inactive|Booty has 270 seconds left.
|
|t:|1665325451
|switch|p2a: Zarude|Zarude|78/100
|move|p1a: Amoonguss|Spore|p2a: Zarude
|-immune|p2a: Zarude
|
|-weather|none
|upkeep
|turn|6
|
|t:|1665325459
|switch|p1a: Salamence|Salamence, F|100/100
|-ability|p1a: Salamence|Intimidate|boost
|-unboost|p2a: Zarude|atk|1
|move|p2a: Zarude|U-turn|p1a: Salamence
|-resisted|p1a: Salamence
|-damage|p1a: Salamence|89/100
|
|t:|1665325463
|switch|p2a: Hippowdon|Hippowdon, M|92/100|[from]move: U-turn
|-weather|Sandstorm|[from] ability: Sand Stream|[of] p2a: Hippowdon
|
|-weather|Sandstorm|[upkeep]
|-damage|p1a: Salamence|83/100|[from] Sandstorm
|-heal|p2a: Hippowdon|98/100|[from] item: Leftovers
|upkeep
|turn|7
|
|t:|1665325470
|switch|p1a: Amoonguss|Amoonguss, M|100/100
|move|p2a: Hippowdon|Stealth Rock|p1a: Amoonguss
|-sidestart|p1: Booty|move: Stealth Rock
|
|-weather|Sandstorm|[upkeep]
|-damage|p1a: Amoonguss|94/100|[from] Sandstorm
|-heal|p2a: Hippowdon|100/100|[from] item: Leftovers
|upkeep
|turn|8
|inactive|HaxxLR has 150 seconds left.
|
|t:|1665325499
|move|p2a: Hippowdon|Earthquake|p1a: Amoonguss
|-damage|p1a: Amoonguss|65/100
|move|p1a: Amoonguss|Spore|p2a: Hippowdon
|-status|p2a: Hippowdon|slp|[from] move: Spore
|
|-weather|Sandstorm|[upkeep]
|-damage|p1a: Amoonguss|59/100|[from] Sandstorm
|upkeep
|turn|9
|
|t:|1665325519
|switch|p2a: Slowking|Slowking, F|71/100
|switch|p1a: Thundurus|Thundurus-Therian, M|100/100
|
|-weather|Sandstorm|[upkeep]
|-damage|p1a: Thundurus|94/100|[from] Sandstorm
|-damage|p2a: Slowking|64/100|[from] Sandstorm
|upkeep
|turn|10
|inactive|HaxxLR has 120 seconds left.
|
|t:|1665325554
|switch|p2a: Hippowdon|Hippowdon, M|100/100 slp
|move|p1a: Thundurus|Volt Switch|p2a: Hippowdon
|-immune|p2a: Hippowdon
|
|-weather|none
|upkeep
|turn|11
|
|t:|1665325565
|switch|p2a: Zarude|Zarude|78/100
|move|p1a: Thundurus|Knock Off|p2a: Zarude
|-resisted|p2a: Zarude
|-damage|p2a: Zarude|68/100
|-enditem|p2a: Zarude|Choice Band|[from] move: Knock Off|[of] p1a: Thundurus
|
|upkeep
|turn|12
|
|t:|1665325581
|switch|p1a: Salamence|Salamence, F|83/100
|-ability|p1a: Salamence|Intimidate|boost
|-unboost|p2a: Zarude|atk|1
|move|p2a: Zarude|U-turn|p1a: Salamence
|-resisted|p1a: Salamence
|-damage|p1a: Salamence|74/100
|inactive|HaxxLR has 90 seconds left.
|
|t:|1665325607
|switch|p2a: Raikou|Raikou|100/100|[from]move: U-turn
|
|upkeep
|turn|13
|inactive|HaxxLR has 90 seconds left.
|
|t:|1665325628
|switch|p1a: Amoonguss|Amoonguss, M|92/100
|-damage|p1a: Amoonguss|79/100|[from] Stealth Rock
|move|p2a: Raikou|Scald|p1a: Amoonguss
|-resisted|p1a: Amoonguss
|-damage|p1a: Amoonguss|68/100
|
|upkeep
|turn|14
|inactive|HaxxLR has 60 seconds left.
|
|t:|1665325660
|switch|p2a: Scizor|Scizor, F|100/100
|switch|p1a: Diggersby|Diggersby, F|100/100
|-damage|p1a: Diggersby|94/100|[from] Stealth Rock
|
|upkeep
|turn|15
|
|t:|1665325665
|move|p1a: Diggersby|U-turn|p2a: Scizor
|-resisted|p2a: Scizor
|-damage|p2a: Scizor|88/100
|
|t:|1665325671
|switch|p1a: Jirachi|Jirachi|100/100|[from]move: U-turn
|-damage|p1a: Jirachi|94/100|[from] Stealth Rock
|move|p2a: Scizor|Knock Off|p1a: Jirachi
|-supereffective|p1a: Jirachi
|-damage|p1a: Jirachi|39/100
|-enditem|p1a: Jirachi|Leftovers|[from] move: Knock Off|[of] p2a: Scizor
|
|upkeep
|turn|16
|inactive|HaxxLR has 60 seconds left.
|inactive|HaxxLR has 30 seconds left.
|
|t:|1665325723
|switch|p2a: Slowking|Slowking, F|98/100
|move|p1a: Jirachi|Stealth Rock|p2a: Slowking
|-sidestart|p2: HaxxLR|move: Stealth Rock
|
|upkeep
|turn|17
|
|t:|1665325730
|move|p1a: Jirachi|U-turn|p2a: Slowking
|-supereffective|p2a: Slowking
|-damage|p2a: Slowking|70/100
|
|t:|1665325734
|switch|p1a: Salamence|Salamence, F|74/100|[from]move: U-turn
|-ability|p1a: Salamence|Intimidate|boost
|-unboost|p2a: Slowking|atk|1
|move|p2a: Slowking|Future Sight|p1a: Salamence
|-start|p2a: Slowking|move: Future Sight
|
|upkeep
|turn|18
|
|t:|1665325740
|move|p1a: Salamence|Roost|p1a: Salamence
|-heal|p1a: Salamence|100/100
|-singleturn|p1a: Salamence|move: Roost
|move|p2a: Slowking|Teleport|p2a: Slowking
|
|t:|1665325747
|switch|p2a: Raikou|Raikou|100/100|[from]move: Teleport
|
|upkeep
|turn|19
|
|t:|1665325762
|move|p2a: Raikou|Thunderbolt|p1a: Salamence
|-damage|p1a: Salamence|59/100
|move|p1a: Salamence|Roost|p1a: Salamence
|-heal|p1a: Salamence|100/100
|-singleturn|p1a: Salamence|move: Roost
|
|-end|p1a: Salamence|move: Future Sight
|-damage|p1a: Salamence|57/100
|upkeep
|turn|20
|
|t:|1665325778
|move|p2a: Raikou|Thunderbolt|p1a: Salamence
|-damage|p1a: Salamence|16/100
|move|p1a: Salamence|Roost|p1a: Salamence
|-heal|p1a: Salamence|66/100
|-singleturn|p1a: Salamence|move: Roost
|
|upkeep
|turn|21
|
|t:|1665325788
|move|p2a: Raikou|Thunderbolt|p1a: Salamence
|-damage|p1a: Salamence|17/100
|move|p1a: Salamence|Roost|p1a: Salamence
|-heal|p1a: Salamence|67/100
|-singleturn|p1a: Salamence|move: Roost
|
|upkeep
|turn|22
|
|t:|1665325793
|switch|p1a: Thundurus|Thundurus-Therian, M|94/100
|move|p2a: Raikou|Thunderbolt|p1a: Thundurus
|-heal|p1a: Thundurus|100/100|[from] ability: Volt Absorb|[of] p2a: Raikou
|
|upkeep
|turn|23
|inactive|HaxxLR has 60 seconds left.
|inactive|HaxxLR has 30 seconds left.
|inactive|HaxxLR has 20 seconds left.
|
|t:|1665325840
|switch|p2a: Zarude|Zarude|68/100
|-damage|p2a: Zarude|56/100|[from] Stealth Rock
|move|p1a: Thundurus|Knock Off|p2a: Zarude
|-resisted|p2a: Zarude
|-damage|p2a: Zarude|50/100
|
|upkeep
|turn|24
|inactive|HaxxLR has 30 seconds left this turn.
|inactive|HaxxLR has 20 seconds left.
|
|t:|1665325850
|switch|p1a: Amoonguss|Amoonguss, M|100/100
|-damage|p1a: Amoonguss|88/100|[from] Stealth Rock
|move|p2a: Zarude|Jungle Healing|p2a: Zarude
|-heal|p2a: Zarude|75/100
|
|upkeep
|turn|25
|inactive|HaxxLR has 30 seconds left this turn.
|
|t:|1665325857
|move|p2a: Zarude|U-turn|p1a: Amoonguss
|-crit|p1a: Amoonguss
|-damage|p1a: Amoonguss|63/100
|-damage|p2a: Zarude|58/100|[from] item: Rocky Helmet|[of] p1a: Amoonguss
|inactive|HaxxLR has 30 seconds left this turn.
|
|t:|1665325861
|switch|p2a: Scizor|Scizor, F|88/100|[from]move: U-turn
|move|p1a: Amoonguss|Foul Play|p2a: Scizor
|-damage|p2a: Scizor|62/100
|
|upkeep
|turn|26
|
|t:|1665325869
|switch|p1a: Jirachi|Jirachi|39/100
|-damage|p1a: Jirachi|33/100|[from] Stealth Rock
|move|p2a: Scizor|Knock Off|p1a: Jirachi
|-supereffective|p1a: Jirachi
|-damage|p1a: Jirachi|0 fnt
|faint|p1a: Jirachi
|
|upkeep
|
|t:|1665325878
|switch|p1a: Salamence|Salamence, F|67/100
|-ability|p1a: Salamence|Intimidate|boost
|-unboost|p2a: Scizor|atk|1
|turn|27
|inactive|HaxxLR has 30 seconds left.
|
|t:|1665325898
|switch|p1a: Thundurus|Thundurus-Therian, M|100/100
|switch|p2a: Slowking|Slowking, F|100/100
|-damage|p2a: Slowking|88/100|[from] Stealth Rock
|
|upkeep
|turn|28
|inactive|HaxxLR has 30 seconds left.
|
|t:|1665325908
|switch|p2a: Hippowdon|Hippowdon, M|100/100 slp
|-damage|p2a: Hippowdon|94/100 slp|[from] Stealth Rock
|-weather|Sandstorm|[from] ability: Sand Stream|[of] p2a: Hippowdon
|move|p1a: Thundurus|Volt Switch|p2a: Hippowdon
|-immune|p2a: Hippowdon
|
|-weather|Sandstorm|[upkeep]
|-damage|p1a: Thundurus|94/100|[from] Sandstorm
|-heal|p2a: Hippowdon|100/100 slp|[from] item: Leftovers
|upkeep
|turn|29
|inactive|HaxxLR has 30 seconds left.
|inactive|HaxxLR has 20 seconds left.
|
|t:|1665325933
|switch|p2a: Zarude|Zarude|58/100
|-damage|p2a: Zarude|46/100|[from] Stealth Rock
|move|p1a: Thundurus|Grass Knot|p2a: Zarude
|-resisted|p2a: Zarude
|-damage|p2a: Zarude|30/100
|
|-weather|Sandstorm|[upkeep]
|-damage|p2a: Zarude|24/100|[from] Sandstorm
|-damage|p1a: Thundurus|88/100|[from] Sandstorm
|upkeep
|turn|30
|inactive|HaxxLR has 30 seconds left this turn.
|
|t:|1665325943
|switch|p1a: Diggersby|Diggersby, F|94/100
|-damage|p1a: Diggersby|88/100|[from] Stealth Rock
|move|p2a: Zarude|Jungle Healing|p2a: Zarude
|-heal|p2a: Zarude|49/100
|
|-weather|Sandstorm|[upkeep]
|-damage|p2a: Zarude|43/100|[from] Sandstorm
|upkeep
|turn|31
|inactive|HaxxLR has 30 seconds left.
|
|t:|1665325950
|switch|p2a: Moltres|Moltres|100/100
|move|p1a: Diggersby|U-turn|p2a: Moltres
|-resisted|p2a: Moltres
|-damage|p2a: Moltres|91/100
|
|t:|1665325953
|switch|p1a: Thundurus|Thundurus-Therian, M|88/100|[from]move: U-turn
|
|-weather|Sandstorm|[upkeep]
|-damage|p1a: Thundurus|82/100|[from] Sandstorm
|-damage|p2a: Moltres|85/100|[from] Sandstorm
|upkeep
|turn|32
|inactive|HaxxLR has 30 seconds left.
|
|t:|1665325973
|switch|p2a: Raikou|Raikou|100/100
|move|p1a: Thundurus|Volt Switch|p2a: Raikou
|-resisted|p2a: Raikou
|-damage|p2a: Raikou|80/100
|inactive|HaxxLR has 30 seconds left this turn.
|
|t:|1665325979
|switch|p1a: Diggersby|Diggersby, F|88/100|[from]move: Volt Switch
|-damage|p1a: Diggersby|82/100|[from] Stealth Rock
|
|-weather|none
|upkeep
|turn|33
|inactive|HaxxLR has 30 seconds left.
|
|t:|1665325997
|switch|p2a: Moltres|Moltres|85/100
|move|p1a: Diggersby|U-turn|p2a: Moltres
|-resisted|p2a: Moltres
|-damage|p2a: Moltres|77/100
|-status|p1a: Diggersby|brn|[from] ability: Flame Body|[of] p2a: Moltres
|inactive|HaxxLR has 30 seconds left this turn.
|
|t:|1665326007
|switch|p1a: Thundurus|Thundurus-Therian, M|82/100|[from]move: U-turn
|
|upkeep
|turn|34
|inactive|HaxxLR has 30 seconds left.
|
|t:|1665326020
|switch|p2a: Raikou|Raikou|80/100
|move|p1a: Thundurus|Volt Switch|p2a: Raikou
|-resisted|p2a: Raikou
|-damage|p2a: Raikou|59/100
|
|t:|1665326024
|switch|p1a: Diggersby|Diggersby, F|82/100 brn|[from]move: Volt Switch
|-damage|p1a: Diggersby|76/100 brn|[from] Stealth Rock
|
|-damage|p1a: Diggersby|70/100 brn|[from] brn
|upkeep
|turn|35
|inactive|HaxxLR has 30 seconds left.
|inactive|HaxxLR has 20 seconds left.
|
|t:|1665326052
|move|p1a: Diggersby|Knock Off|p2a: Raikou
|-damage|p2a: Raikou|32/100
|-enditem|p2a: Raikou|Heavy-Duty Boots|[from] move: Knock Off|[of] p1a: Diggersby
|move|p2a: Raikou|Volt Switch|p1a: Diggersby
|-immune|p1a: Diggersby
|
|-damage|p1a: Diggersby|64/100 brn|[from] brn
|upkeep
|turn|36
|inactive|HaxxLR has 30 seconds left this turn.
|inactive|HaxxLR has 20 seconds left.
|inactive|HaxxLR has 15 seconds left.
|
|t:|1665326067
|switch|p1a: Amoonguss|Amoonguss, M|96/100
|-damage|p1a: Amoonguss|84/100|[from] Stealth Rock
|move|p2a: Raikou|Scald|p1a: Amoonguss
|-resisted|p1a: Amoonguss
|-damage|p1a: Amoonguss|72/100
|
|upkeep
|turn|37
|inactive|HaxxLR has 25 seconds left this turn.
|
|t:|1665326075
|switch|p1a: Thundurus|Thundurus-Therian, M|82/100
|move|p2a: Raikou|Volt Switch|p1a: Thundurus
|-heal|p1a: Thundurus|100/100|[from] ability: Volt Absorb|[of] p2a: Raikou
|
|upkeep
|turn|38
|inactive|HaxxLR has 30 seconds left.
|inactive|HaxxLR has 20 seconds left.
|inactive|HaxxLR has 15 seconds left.
|
|t:|1665326099
|move|p2a: Raikou|Scald|p1a: Thundurus
|-damage|p1a: Thundurus|64/100
|move|p1a: Thundurus|Psychic|p2a: Raikou
|-damage|p2a: Raikou|0 fnt
|faint|p2a: Raikou
|
|upkeep
|inactive|HaxxLR has 20 seconds left this turn.
|inactive|HaxxLR has 15 seconds left.
|inactive|HaxxLR has 10 seconds left.
|
|t:|1665326111
|switch|p2a: Zarude|Zarude|43/100
|-damage|p2a: Zarude|31/100|[from] Stealth Rock
|turn|39
|inactive|HaxxLR has 20 seconds left this turn.
|inactive|HaxxLR has 15 seconds left.
|
|t:|1665326124
|switch|p1a: Salamence|Salamence, F|67/100
|-ability|p1a: Salamence|Intimidate|boost
|-unboost|p2a: Zarude|atk|1
|move|p2a: Zarude|U-turn|p1a: Salamence
|-resisted|p1a: Salamence
|-damage|p1a: Salamence|59/100
|inactive|HaxxLR has 20 seconds left this turn.
|inactive|HaxxLR has 15 seconds left.
|
|t:|1665326133
|switch|p2a: Slowking|Slowking, F|100/100|[from]move: U-turn
|-damage|p2a: Slowking|88/100|[from] Stealth Rock
|
|upkeep
|turn|40
|inactive|HaxxLR has 25 seconds left this turn.
|
|t:|1665326157
|move|p1a: Salamence|Roost|p1a: Salamence
|-heal|p1a: Salamence|100/100
|-singleturn|p1a: Salamence|move: Roost
|move|p2a: Slowking|Future Sight|p1a: Salamence
|-start|p2a: Slowking|move: Future Sight
|
|upkeep
|turn|41
|
|t:|1665326176
|switch|p1a: Amoonguss|Amoonguss, M|100/100
|-damage|p1a: Amoonguss|88/100|[from] Stealth Rock
|move|p2a: Slowking|Teleport|p2a: Slowking
|
|t:|1665326181
|switch|p2a: Scizor|Scizor, F|62/100|[from]move: Teleport
|
|upkeep
|turn|42
|
|t:|1665326190
|switch|p1a: Diggersby|Diggersby, F|64/100 brn
|-damage|p1a: Diggersby|58/100 brn|[from] Stealth Rock
|move|p2a: Scizor|Knock Off|p1a: Diggersby
|-damage|p1a: Diggersby|15/100 brn
|-enditem|p1a: Diggersby|Choice Scarf|[from] move: Knock Off|[of] p2a: Scizor
|
|-end|p1a: Diggersby|move: Future Sight
|-damage|p1a: Diggersby|0 fnt
|faint|p1a: Diggersby
|upkeep
|
|t:|1665326198
|switch|p1a: Salamence|Salamence, F|100/100
|-ability|p1a: Salamence|Intimidate|boost
|-unboost|p2a: Scizor|atk|1
|turn|43
|
|t:|1665326222
|switch|p1a: Thundurus|Thundurus-Therian, M|64/100
|switch|p2a: Hippowdon|Hippowdon, M|100/100 slp
|-damage|p2a: Hippowdon|94/100 slp|[from] Stealth Rock
|-weather|Sandstorm|[from] ability: Sand Stream|[of] p2a: Hippowdon
|
|-weather|Sandstorm|[upkeep]
|-damage|p1a: Thundurus|58/100|[from] Sandstorm
|-heal|p2a: Hippowdon|100/100 slp|[from] item: Leftovers
|upkeep
|turn|44
|inactive|HaxxLR has 30 seconds left.
|inactive|HaxxLR has 20 seconds left.
|
|t:|1665326254
|move|p1a: Thundurus|Grass Knot|p2a: Hippowdon
|-supereffective|p2a: Hippowdon
|-damage|p2a: Hippowdon|20/100 slp
|cant|p2a: Hippowdon|slp
|
|-weather|Sandstorm|[upkeep]
|-damage|p1a: Thundurus|52/100|[from] Sandstorm
|-heal|p2a: Hippowdon|27/100 slp|[from] item: Leftovers
|upkeep
|turn|45
|inactive|HaxxLR has 30 seconds left this turn.
|inactive|HaxxLR has 20 seconds left.
|inactive|HaxxLR has 15 seconds left.
|
|t:|1665326269
|switch|p2a: Moltres|Moltres|77/100
|move|p1a: Thundurus|Grass Knot|p2a: Moltres
|-resisted|p2a: Moltres
|-damage|p2a: Moltres|68/100
|-status|p1a: Thundurus|brn|[from] ability: Flame Body|[of] p2a: Moltres
|
|-weather|Sandstorm|[upkeep]
|-damage|p1a: Thundurus|46/100 brn|[from] Sandstorm
|-damage|p2a: Moltres|62/100|[from] Sandstorm
|-damage|p1a: Thundurus|40/100 brn|[from] brn
|upkeep
|turn|46
|inactive|HaxxLR has 25 seconds left this turn.
|inactive|HaxxLR has 20 seconds left.
|c|☆Booty|oof
|
|t:|1665326278
|switch|p2a: Hippowdon|Hippowdon, M|27/100 slp
|-damage|p2a: Hippowdon|20/100 slp|[from] Stealth Rock
|move|p1a: Thundurus|Volt Switch|p2a: Hippowdon
|-immune|p2a: Hippowdon
|
|-weather|Sandstorm|[upkeep]
|-damage|p1a: Thundurus|34/100 brn|[from] Sandstorm
|-heal|p2a: Hippowdon|27/100 slp|[from] item: Leftovers
|-damage|p1a: Thundurus|28/100 brn|[from] brn
|upkeep
|turn|47
|inactive|HaxxLR has 30 seconds left this turn.
|
|t:|1665326287
|switch|p2a: Moltres|Moltres|62/100
|move|p1a: Thundurus|Psychic|p2a: Moltres
|-damage|p2a: Moltres|21/100
|
|-weather|none
|-damage|p1a: Thundurus|22/100 brn|[from] brn
|upkeep
|turn|48
|inactive|HaxxLR has 30 seconds left.
|
|t:|1665326301
|move|p1a: Thundurus|Psychic|p2a: Moltres
|-damage|p2a: Moltres|0 fnt
|faint|p2a: Moltres
|
|-damage|p1a: Thundurus|16/100 brn|[from] brn
|upkeep
|inactive|HaxxLR has 30 seconds left this turn.
|
|t:|1665326306
|switch|p2a: Zarude|Zarude|31/100
|-damage|p2a: Zarude|19/100|[from] Stealth Rock
|turn|49
|
|t:|1665326320
|switch|p1a: Amoonguss|Amoonguss, M|100/100
|-damage|p1a: Amoonguss|88/100|[from] Stealth Rock
|move|p2a: Zarude|Jungle Healing|p2a: Zarude
|-heal|p2a: Zarude|44/100
|
|upkeep
|turn|50
|
|t:|1665326333
|move|p2a: Zarude|U-turn|p1a: Amoonguss
|-damage|p1a: Amoonguss|71/100
|-damage|p2a: Zarude|27/100|[from] item: Rocky Helmet|[of] p1a: Amoonguss
|
|t:|1665326341
|switch|p2a: Scizor|Scizor, F|62/100|[from]move: U-turn
|move|p1a: Amoonguss|Foul Play|p2a: Scizor
|-damage|p2a: Scizor|35/100
|
|upkeep
|turn|51
|
|t:|1665326348
|switch|p1a: Salamence|Salamence, F|100/100
|-ability|p1a: Salamence|Intimidate|boost
|-unboost|p2a: Scizor|atk|1
|move|p2a: Scizor|Roost|p2a: Scizor
|-heal|p2a: Scizor|85/100
|-singleturn|p2a: Scizor|move: Roost
|
|upkeep
|turn|52
|inactive|HaxxLR has 60 seconds left.
|
|t:|1665326366
|switch|p2a: Slowking|Slowking, F|100/100
|-damage|p2a: Slowking|88/100|[from] Stealth Rock
|move|p1a: Salamence|Defog|p2a: Slowking
|-unboost|p2a: Slowking|evasion|1
|-sideend|p2: HaxxLR|Stealth Rock|[from] move: Defog|[of] p1a: Salamence
|-sideend|p1: Booty|Stealth Rock|[from] move: Defog|[of] p1a: Salamence
|
|upkeep
|turn|53
|
|t:|1665326385
|switch|p1a: Primarina|Primarina, M|100/100
|move|p2a: Slowking|Future Sight|p1a: Primarina
|-start|p2a: Slowking|move: Future Sight
|
|upkeep
|turn|54
|
|t:|1665326388
|move|p1a: Primarina|Moonblast|p2a: Slowking
|-damage|p2a: Slowking|52/100
|move|p2a: Slowking|Teleport|p2a: Slowking
|
|t:|1665326393
|switch|p2a: Zarude|Zarude|27/100|[from]move: Teleport
|
|upkeep
|turn|55
|inactive|HaxxLR has 60 seconds left.
|
|t:|1665326405
|switch|p1a: Salamence|Salamence, F|100/100
|-ability|p1a: Salamence|Intimidate|boost
|-unboost|p2a: Zarude|atk|1
|move|p2a: Zarude|Power Whip|p1a: Salamence
|-resisted|p1a: Salamence
|-damage|p1a: Salamence|90/100
|
|-end|p1a: Salamence|move: Future Sight
|-damage|p1a: Salamence|48/100
|upkeep
|turn|56
|
|t:|1665326413
|move|p2a: Zarude|U-turn|p1a: Salamence
|-resisted|p1a: Salamence
|-damage|p1a: Salamence|39/100
|inactive|HaxxLR has 60 seconds left.
|
|t:|1665326429
|switch|p2a: Slowking|Slowking, F|85/100|[from]move: U-turn
|move|p1a: Salamence|Roost|p1a: Salamence
|-heal|p1a: Salamence|89/100
|-singleturn|p1a: Salamence|move: Roost
|
|upkeep
|turn|57
|
|t:|1665326448
|switch|p1a: Primarina|Primarina, M|100/100
|move|p2a: Slowking|Future Sight|p1a: Primarina
|-start|p2a: Slowking|move: Future Sight
|
|upkeep
|turn|58
|
|t:|1665326456
|move|p1a: Primarina|Moonblast|p2a: Slowking
|-damage|p2a: Slowking|48/100
|move|p2a: Slowking|Teleport|p2a: Slowking
|
|t:|1665326462
|switch|p2a: Zarude|Zarude|27/100|[from]move: Teleport
|
|upkeep
|turn|59
|inactive|HaxxLR has 60 seconds left.
|
|t:|1665326505
|switch|p1a: Thundurus|Thundurus-Therian, M|16/100 brn
|move|p2a: Zarude|Darkest Lariat|p1a: Thundurus
|-damage|p1a: Thundurus|0 fnt
|faint|p1a: Thundurus
|
|-hint|Future Sight did not hit because the target is fainted.
|upkeep
|
|t:|1665326520
|switch|p1a: Salamence|Salamence, F|89/100
|-ability|p1a: Salamence|Intimidate|boost
|-unboost|p2a: Zarude|atk|1
|turn|60
|
|t:|1665326525
|switch|p1a: Amoonguss|Amoonguss, M|100/100
|move|p2a: Zarude|U-turn|p1a: Amoonguss
|-damage|p1a: Amoonguss|90/100
|-damage|p2a: Zarude|11/100|[from] item: Rocky Helmet|[of] p1a: Amoonguss
|
|t:|1665326534
|switch|p2a: Scizor|Scizor, F|85/100|[from]move: U-turn
|
|upkeep
|turn|61
|
|t:|1665326539
|switch|p1a: Salamence|Salamence, F|89/100
|-ability|p1a: Salamence|Intimidate|boost
|-unboost|p2a: Scizor|atk|1
|move|p2a: Scizor|Knock Off|p1a: Salamence
|-damage|p1a: Salamence|66/100
|-enditem|p1a: Salamence|Heavy-Duty Boots|[from] move: Knock Off|[of] p2a: Scizor
|
|upkeep
|turn|62
|
|t:|1665326554
|switch|p1a: Amoonguss|Amoonguss, M|100/100
|switch|p2a: Slowking|Slowking, F|81/100
|
|upkeep
|turn|63
|
|t:|1665326569
|switch|p1a: Salamence|Salamence, F|66/100
|-ability|p1a: Salamence|Intimidate|boost
|-unboost|p2a: Slowking|atk|1
|move|p2a: Slowking|Future Sight|p1a: Salamence
|-start|p2a: Slowking|move: Future Sight
|
|upkeep
|turn|64
|
|t:|1665326574
|move|p1a: Salamence|Roost|p1a: Salamence
|-heal|p1a: Salamence|100/100
|-singleturn|p1a: Salamence|move: Roost
|move|p2a: Slowking|Teleport|p2a: Slowking
|
|t:|1665326579
|switch|p2a: Hippowdon|Hippowdon, M|27/100 slp|[from]move: Teleport
|-weather|Sandstorm|[from] ability: Sand Stream|[of] p2a: Hippowdon
|
|-weather|Sandstorm|[upkeep]
|-damage|p1a: Salamence|94/100|[from] Sandstorm
|-heal|p2a: Hippowdon|33/100 slp|[from] item: Leftovers
|upkeep
|turn|65
|
|t:|1665326587
|move|p1a: Salamence|Draco Meteor|p2a: Hippowdon
|-damage|p2a: Hippowdon|0 fnt
|-unboost|p1a: Salamence|spa|2
|faint|p2a: Hippowdon
|
|-weather|Sandstorm|[upkeep]
|-damage|p1a: Salamence|88/100|[from] Sandstorm
|-end|p1a: Salamence|move: Future Sight
|-damage|p1a: Salamence|43/100
|upkeep
|inactive|HaxxLR has 90 seconds left.
|inactive|HaxxLR has 60 seconds left.
|inactive|HaxxLR has 30 seconds left.
|inactive|HaxxLR has 20 seconds left.
|
|t:|1665326676
|switch|p2a: Zarude|Zarude|11/100
|turn|66
|inactive|HaxxLR has 30 seconds left this turn.
|inactive|HaxxLR has 20 seconds left.
|inactive|HaxxLR has 15 seconds left.
|inactive|HaxxLR has 10 seconds left.
|inactive|Booty has 270 seconds left.
|inactive|HaxxLR has 5 seconds left.
|
|t:|1665326708
|switch|p2a: Slowking|Slowking, F|100/100
|switch|p1a: Amoonguss|Amoonguss, M|100/100
|
|-weather|Sandstorm|[upkeep]
|-damage|p1a: Amoonguss|94/100|[from] Sandstorm
|-damage|p2a: Slowking|94/100|[from] Sandstorm
|upkeep
|turn|67
|inactive|HaxxLR has 15 seconds left this turn.
|inactive|HaxxLR has 10 seconds left.
|
|t:|1665326716
|switch|p1a: Salamence|Salamence, F|43/100
|-ability|p1a: Salamence|Intimidate|boost
|-unboost|p2a: Slowking|atk|1
|move|p2a: Slowking|Teleport|p2a: Slowking
|inactive|HaxxLR has 15 seconds left this turn.
|inactive|HaxxLR has 10 seconds left.
|
|t:|1665326721
|switch|p2a: Zarude|Zarude|11/100|[from]move: Teleport
|
|-weather|Sandstorm|[upkeep]
|-damage|p2a: Zarude|5/100|[from] Sandstorm
|-damage|p1a: Salamence|37/100|[from] Sandstorm
|upkeep
|turn|68
|inactive|HaxxLR has 20 seconds left this turn.
|inactive|HaxxLR has 15 seconds left.
|inactive|HaxxLR has 10 seconds left.
|
|t:|1665326734
|switch|p1a: Amoonguss|Amoonguss, M|100/100
|move|p2a: Zarude|Darkest Lariat|p1a: Amoonguss
|-damage|p1a: Amoonguss|68/100
|-damage|p2a: Zarude|0 fnt|[from] item: Rocky Helmet|[of] p1a: Amoonguss
|faint|p2a: Zarude
|
|-weather|none
|upkeep
|inactive|HaxxLR has 15 seconds left this turn.
|inactive|HaxxLR has 10 seconds left.
|
|t:|1665326739
|switch|p2a: Scizor|Scizor, F|85/100
|turn|69
|inactive|HaxxLR has 20 seconds left this turn.
|
|t:|1665326745
|move|p2a: Scizor|Swords Dance|p2a: Scizor
|-boost|p2a: Scizor|atk|2
|move|p1a: Amoonguss|Spore|p2a: Scizor
|-status|p2a: Scizor|slp|[from] move: Spore
|
|upkeep
|turn|70
|inactive|HaxxLR has 30 seconds left this turn.
|
|t:|1665326752
|cant|p2a: Scizor|slp
|move|p1a: Amoonguss|Foul Play|p2a: Scizor
|-crit|p2a: Scizor
|-damage|p2a: Scizor|14/100 slp
|
|upkeep
|turn|71
|
|t:|1665326757
|switch|p1a: Salamence|Salamence, F|37/100
|-ability|p1a: Salamence|Intimidate|boost
|-unboost|p2a: Scizor|atk|1
|-curestatus|p2a: Scizor|slp|[msg]
|move|p2a: Scizor|Roost|p2a: Scizor
|-heal|p2a: Scizor|64/100
|-singleturn|p2a: Scizor|move: Roost
|
|upkeep
|turn|72
|
|t:|1665326768
|switch|p1a: Amoonguss|Amoonguss, M|100/100
|move|p2a: Scizor|Bullet Punch|p1a: Amoonguss
|-damage|p1a: Amoonguss|69/100
|-damage|p2a: Scizor|48/100|[from] item: Rocky Helmet|[of] p1a: Amoonguss
|
|upkeep
|turn|73
|
|t:|1665326776
|switch|p1a: Salamence|Salamence, F|37/100
|-ability|p1a: Salamence|Intimidate|boost
|-unboost|p2a: Scizor|atk|1
|move|p2a: Scizor|Roost|p2a: Scizor
|-heal|p2a: Scizor|98/100
|-singleturn|p2a: Scizor|move: Roost
|
|upkeep
|turn|74
|
|t:|1665326784
|switch|p2a: Slowking|Slowking, F|100/100
|move|p1a: Salamence|Flamethrower|p2a: Slowking
|-resisted|p2a: Slowking
|-damage|p2a: Slowking|92/100
|
|upkeep
|turn|75
|
|t:|1665326787
|move|p1a: Salamence|Roost|p1a: Salamence
|-heal|p1a: Salamence|87/100
|-singleturn|p1a: Salamence|move: Roost
|move|p2a: Slowking|Future Sight|p1a: Salamence
|-start|p2a: Slowking|move: Future Sight
|
|upkeep
|turn|76
|
|t:|1665326806
|move|p1a: Salamence|Roost|p1a: Salamence
|-heal|p1a: Salamence|100/100
|-singleturn|p1a: Salamence|move: Roost
|move|p2a: Slowking|Teleport|p2a: Slowking
|
|t:|1665326810
|switch|p2a: Scizor|Scizor, F|98/100|[from]move: Teleport
|
|upkeep
|turn|77
|
|t:|1665326818
|switch|p1a: Primarina|Primarina, M|100/100
|switch|p2a: Slowking|Slowking, F|100/100
|
|-end|p1a: Primarina|move: Future Sight
|-damage|p1a: Primarina|65/100
|-heal|p1a: Primarina|71/100|[from] item: Leftovers
|upkeep
|turn|78
|
|t:|1665326824
|move|p1a: Primarina|Calm Mind|p1a: Primarina
|-boost|p1a: Primarina|spa|1
|-boost|p1a: Primarina|spd|1
|move|p2a: Slowking|Teleport|p2a: Slowking
|
|t:|1665326826
|switch|p2a: Scizor|Scizor, F|98/100|[from]move: Teleport
|
|-heal|p1a: Primarina|77/100|[from] item: Leftovers
|upkeep
|turn|79
|
|t:|1665326829
|move|p1a: Primarina|Scald|p2a: Scizor
|-damage|p2a: Scizor|25/100
|move|p2a: Scizor|Swords Dance|p2a: Scizor
|-boost|p2a: Scizor|atk|2
|
|-heal|p1a: Primarina|84/100|[from] item: Leftovers
|upkeep
|turn|80
|
|t:|1665326842
|switch|p1a: Salamence|Salamence, F|100/100
|-ability|p1a: Salamence|Intimidate|boost
|-unboost|p2a: Scizor|atk|1
|move|p2a: Scizor|Bullet Punch|p1a: Salamence
|-damage|p1a: Salamence|52/100
|
|upkeep
|turn|81
|
|t:|1665326859
|switch|p2a: Slowking|Slowking, F|100/100
|move|p1a: Salamence|Flamethrower|p2a: Slowking
|-resisted|p2a: Slowking
|-damage|p2a: Slowking|93/100
|
|upkeep
|turn|82
|
|t:|1665326864
|move|p1a: Salamence|Roost|p1a: Salamence
|-heal|p1a: Salamence|100/100
|-singleturn|p1a: Salamence|move: Roost
|move|p2a: Slowking|Scald|p1a: Salamence
|-resisted|p1a: Salamence
|-damage|p1a: Salamence|87/100
|
|upkeep
|turn|83
|
|t:|1665326867
|switch|p1a: Primarina|Primarina, M|84/100
|move|p2a: Slowking|Future Sight|p1a: Primarina
|-start|p2a: Slowking|move: Future Sight
|
|-heal|p1a: Primarina|90/100|[from] item: Leftovers
|upkeep
|turn|84
|
|t:|1665326871
|move|p1a: Primarina|Calm Mind|p1a: Primarina
|-boost|p1a: Primarina|spa|1
|-boost|p1a: Primarina|spd|1
|move|p2a: Slowking|Teleport|p2a: Slowking
|
|t:|1665326873
|switch|p2a: Scizor|Scizor, F|25/100|[from]move: Teleport
|
|-heal|p1a: Primarina|96/100|[from] item: Leftovers
|upkeep
|turn|85
|
|t:|1665326876
|move|p1a: Primarina|Scald|p2a: Scizor
|-damage|p2a: Scizor|0 fnt
|faint|p2a: Scizor
|
|-end|p1a: Primarina|move: Future Sight
|-damage|p1a: Primarina|70/100
|-heal|p1a: Primarina|77/100|[from] item: Leftovers
|upkeep
|c|☆HaxxLR|gg
|c|☆Booty|gg
|
|t:|1665326883
|switch|p2a: Slowking|Slowking, F|100/100
|turn|86
|
|t:|1665326886
|move|p1a: Primarina|Calm Mind|p1a: Primarina
|-boost|p1a: Primarina|spa|1
|-boost|p1a: Primarina|spd|1
|move|p2a: Slowking|Scald|p1a: Primarina
|-resisted|p1a: Primarina
|-damage|p1a: Primarina|70/100
|
|-heal|p1a: Primarina|77/100|[from] item: Leftovers
|upkeep
|turn|87
|
|t:|1665326889
|move|p1a: Primarina|Moonblast|p2a: Slowking
|-damage|p2a: Slowking|30/100
|move|p2a: Slowking|Scald|p1a: Primarina
|-resisted|p1a: Primarina
|-damage|p1a: Primarina|70/100
|
|-heal|p1a: Primarina|77/100|[from] item: Leftovers
|upkeep
|turn|88
|
|t:|1665326893
|move|p1a: Primarina|Moonblast|p2a: Slowking
|-damage|p2a: Slowking|0 fnt
|faint|p2a: Slowking
|
|win|Booty
