|inactive|Battle timer is ON: inactive players will automatically lose when time's up.
|t:|1668266773
|gametype|singles
|player|p1|pokemonisfun|#uutrio2ladder|
|player|p2|umbry ✿|elesa-masters|
|teamsize|p1|6
|teamsize|p2|6
|gen|8
|tier|[Gen 8] UU
|rule|Sleep Clause Mod: Limit one foe put to sleep
|rule|Species Clause: Limit one of each Pokémon
|rule|OHKO Clause: OHKO moves are banned
|rule|Evasion Items Clause: Evasion items are banned
|rule|Evasion Moves Clause: Evasion moves are banned
|rule|Endless Battle Clause: Forcing endless battles is banned
|rule|HP Percentage Mod: HP is shown in percentages
|rule|Dynamax Clause: You cannot dynamax
|clearpoke
|poke|p1|Togekiss, F|
|poke|p1|Excadrill, M|
|poke|p1|Slowking, M|
|poke|p1|Rotom-Wash|
|poke|p1|Scizor, M|
|poke|p1|Nihilego|
|poke|p2|Excadrill, M|
|poke|p2|Zarude-Dada|
|poke|p2|Celesteela|
|poke|p2|Slowking, F|
|poke|p2|Scizor, M|
|poke|p2|Nihilego|
|teampreview
|c|☆pokemonisfun|;
|c|☆umbry ✿|oml
|c|☆pokemonisfun|i prep for dhelmisse 3 games in a row
|c|☆pokemonisfun|lying in vr chat
|c|☆umbry ✿|figured you would
|inactive|pokemonisfun has 270 seconds left.
|inactive|umbry ✿ has 270 seconds left.
|c|+Micciu20250|go umbry :pouss:
|inactive|pokemonisfun has 240 seconds left.
|
|t:|1668266835
|start
|switch|p1a: chuggy buggy|Scizor, M|100/100
|switch|p2a: Slowking|Slowking, F|100/100
|turn|1
|
|t:|1668266842
|move|p1a: chuggy buggy|U-turn|p2a: Slowking
|-supereffective|p2a: Slowking
|-damage|p2a: Slowking|55/100
|
|t:|1668266847
|switch|p1a: king of things|Slowking, M|100/100|[from]move: U-turn
|move|p2a: Slowking|Future Sight|p1a: king of things
|-start|p2a: Slowking|move: Future Sight
|
|upkeep
|turn|2
|
|t:|1668266862
|move|p2a: Slowking|Scald|p1a: king of things
|-resisted|p1a: king of things
|-crit|p1a: king of things
|-damage|p1a: king of things|83/100
|move|p1a: king of things|Future Sight|p2a: Slowking
|-start|p1a: king of things|move: Future Sight
|
|upkeep
|turn|3
|
|t:|1668266876
|move|p2a: Slowking|Slack Off|p2a: Slowking
|-heal|p2a: Slowking|100/100
|move|p1a: king of things|Teleport|p1a: king of things
|
|t:|1668266881
|switch|p1a: chuggy buggy|Scizor, M|100/100|[from]move: Teleport
|
|-end|p1a: chuggy buggy|move: Future Sight
|-resisted|p1a: chuggy buggy
|-damage|p1a: chuggy buggy|77/100
|upkeep
|turn|4
|
|t:|1668266889
|move|p1a: chuggy buggy|U-turn|p2a: Slowking
|-supereffective|p2a: Slowking
|-damage|p2a: Slowking|58/100
|
|t:|1668266892
|switch|p1a: king of things|Slowking, M|100/100|[from]move: U-turn
|move|p2a: Slowking|Teleport|p2a: Slowking
|
|t:|1668266894
|switch|p2a: Zarude|Zarude-Dada|100/100|[from]move: Teleport
|
|-end|p2a: Zarude|move: Future Sight
|-immune|p2a: Zarude
|upkeep
|turn|5
|
|t:|1668266906
|move|p2a: Zarude|U-turn|p1a: king of things
|-supereffective|p1a: king of things
|-damage|p1a: king of things|69/100
|
|t:|1668266911
|switch|p2a: Slowking|Slowking, F|91/100|[from]move: U-turn
|move|p1a: king of things|Teleport|p1a: king of things
|
|t:|1668266935
|switch|p1a: wishy washy|Rotom-Wash|100/100|[from]move: Teleport
|
|upkeep
|turn|6
|
|t:|1668266939
|switch|p2a: Nihilego|Nihilego|100/100
|move|p1a: wishy washy|Trick|p2a: Nihilego
|-activate|p1a: wishy washy|move: Trick|[of] p2a: Nihilego
|-item|p2a: Nihilego|Choice Scarf|[from] move: Trick
|-item|p1a: wishy washy|Black Sludge|[from] move: Trick
|
|-damage|p1a: wishy washy|88/100|[from] item: Black Sludge
|upkeep
|turn|7
|
|t:|1668266950
|move|p2a: Nihilego|Stealth Rock|p1a: wishy washy
|-sidestart|p1: pokemonisfun|move: Stealth Rock
|move|p1a: wishy washy|Volt Switch|p2a: Nihilego
|-damage|p2a: Nihilego|80/100
|
|t:|1668266952
|switch|p1a: billy the drilly|Excadrill, M|100/100|[from]move: Volt Switch
|-damage|p1a: billy the drilly|97/100|[from] Stealth Rock
|-ability|p1a: billy the drilly|Mold Breaker
|
|-heal|p1a: billy the drilly|100/100|[from] item: Leftovers
|upkeep
|turn|8
|
|t:|1668266957
|switch|p2a: Slowking|Slowking, F|100/100
|move|p1a: billy the drilly|Rapid Spin|p2a: Slowking
|-damage|p2a: Slowking|87/100
|-boost|p1a: billy the drilly|spe|1
|-sideend|p1: pokemonisfun|Stealth Rock|[from] move: Rapid Spin|[of] p1a: billy the drilly
|
|upkeep
|turn|9
|
|t:|1668266964
|switch|p1a: king of things|Slowking, M|100/100
|move|p2a: Slowking|Scald|p1a: king of things
|-resisted|p1a: king of things
|-damage|p1a: king of things|89/100
|-status|p1a: king of things|brn
|
|-damage|p1a: king of things|83/100 brn|[from] brn
|upkeep
|turn|10
|
|t:|1668266968
|move|p1a: king of things|Future Sight|p2a: Slowking
|-start|p1a: king of things|move: Future Sight
|move|p2a: Slowking|Future Sight|p1a: king of things
|-start|p2a: Slowking|move: Future Sight
|
|-damage|p1a: king of things|77/100 brn|[from] brn
|upkeep
|turn|11
|
|t:|1668266979
|move|p1a: king of things|Teleport|p1a: king of things
|
|t:|1668266981
|switch|p1a: chuggy buggy|Scizor, M|77/100|[from]move: Teleport
|move|p2a: Slowking|Teleport|p2a: Slowking
|
|t:|1668267003
|switch|p2a: Excadrill|Excadrill, M|100/100|[from]move: Teleport
|-ability|p2a: Excadrill|Mold Breaker
|
|upkeep
|turn|12
|inactive|umbry ✿ has 270 seconds left.
|
|t:|1668267028
|move|p2a: Excadrill|Earthquake|p1a: chuggy buggy
|-damage|p1a: chuggy buggy|39/100
|move|p1a: chuggy buggy|Knock Off|p2a: Excadrill
|-damage|p2a: Excadrill|57/100
|-enditem|p2a: Excadrill|Leftovers|[from] move: Knock Off|[of] p1a: chuggy buggy
|
|-end|p2a: Excadrill|move: Future Sight
|-resisted|p2a: Excadrill
|-damage|p2a: Excadrill|31/100
|-end|p1a: chuggy buggy|move: Future Sight
|-resisted|p1a: chuggy buggy
|-damage|p1a: chuggy buggy|14/100
|upkeep
|turn|13
|
|t:|1668267041
|switch|p1a: king of things|Slowking, M|100/100 brn
|move|p2a: Excadrill|Earthquake|p1a: king of things
|-damage|p1a: king of things|63/100 brn
|
|-damage|p1a: king of things|57/100 brn|[from] brn
|upkeep
|turn|14
|
|t:|1668267049
|switch|p2a: Zarude|Zarude-Dada|100/100
|move|p1a: king of things|Teleport|p1a: king of things
|
|t:|1668267054
|switch|p1a: toge kiss my ass|Togekiss, F|100/100|[from]move: Teleport
|
|upkeep
|turn|15
|
|t:|1668267063
|move|p2a: Zarude|U-turn|p1a: toge kiss my ass
|-resisted|p1a: toge kiss my ass
|-damage|p1a: toge kiss my ass|94/100
|
|t:|1668267065
|switch|p2a: Celesteela|Celesteela|100/100|[from]move: U-turn
|move|p1a: toge kiss my ass|Air Slash|p2a: Celesteela
|-resisted|p2a: Celesteela
|-damage|p2a: Celesteela|84/100
|
|-heal|p2a: Celesteela|90/100|[from] item: Leftovers
|upkeep
|turn|16
|
|t:|1668267078
|switch|p2a: Zarude|Zarude-Dada|100/100
|move|p1a: toge kiss my ass|Air Slash|p2a: Zarude|[miss]
|-miss|p1a: toge kiss my ass|p2a: Zarude
|
|upkeep
|turn|17
|
|t:|1668267083
|move|p2a: Zarude|U-turn|p1a: toge kiss my ass
|-resisted|p1a: toge kiss my ass
|-damage|p1a: toge kiss my ass|87/100
|
|t:|1668267086
|switch|p2a: Celesteela|Celesteela|90/100|[from]move: U-turn
|move|p1a: toge kiss my ass|Air Slash|p2a: Celesteela
|-resisted|p2a: Celesteela
|-damage|p2a: Celesteela|74/100
|
|-heal|p2a: Celesteela|80/100|[from] item: Leftovers
|upkeep
|turn|18
|
|t:|1668267092
|switch|p1a: king of things|Slowking, M|90/100 brn
|switch|p2a: Zarude|Zarude-Dada|100/100
|
|-damage|p1a: king of things|84/100 brn|[from] brn
|upkeep
|turn|19
|
|t:|1668267099
|switch|p1a: toge kiss my ass|Togekiss, F|87/100
|move|p2a: Zarude|U-turn|p1a: toge kiss my ass
|-resisted|p1a: toge kiss my ass
|-damage|p1a: toge kiss my ass|80/100
|
|t:|1668267101
|switch|p2a: Scizor|Scizor, M|100/100|[from]move: U-turn
|
|upkeep
|turn|20
|
|t:|1668267118
|switch|p1a: king of things|Slowking, M|100/100 brn
|switch|p2a: Slowking|Slowking, F|100/100
|
|-damage|p1a: king of things|94/100 brn|[from] brn
|upkeep
|turn|21
|
|t:|1668267124
|move|p2a: Slowking|Future Sight|p1a: king of things
|-start|p2a: Slowking|move: Future Sight
|move|p1a: king of things|Teleport|p1a: king of things
|
|t:|1668267126
|switch|p1a: chuggy buggy|Scizor, M|14/100|[from]move: Teleport
|
|upkeep
|turn|22
|
|t:|1668267131
|move|p1a: chuggy buggy|Roost|p1a: chuggy buggy
|-heal|p1a: chuggy buggy|64/100
|-singleturn|p1a: chuggy buggy|move: Roost
|move|p2a: Slowking|Teleport|p2a: Slowking
|
|t:|1668267133
|switch|p2a: Scizor|Scizor, M|100/100|[from]move: Teleport
|
|upkeep
|turn|23
|
|t:|1668267147
|move|p2a: Scizor|Swords Dance|p2a: Scizor
|-boost|p2a: Scizor|atk|2
|move|p1a: chuggy buggy|Roost|p1a: chuggy buggy
|-heal|p1a: chuggy buggy|100/100
|-singleturn|p1a: chuggy buggy|move: Roost
|
|-end|p1a: chuggy buggy|move: Future Sight
|-resisted|p1a: chuggy buggy
|-damage|p1a: chuggy buggy|77/100
|upkeep
|turn|24
|
|t:|1668267155
|move|p2a: Scizor|Swords Dance|p2a: Scizor
|-boost|p2a: Scizor|atk|2
|move|p1a: chuggy buggy|U-turn|p2a: Scizor
|-resisted|p2a: Scizor
|-damage|p2a: Scizor|86/100
|
|t:|1668267161
|switch|p1a: wishy washy|Rotom-Wash|88/100|[from]move: U-turn
|
|-damage|p1a: wishy washy|75/100|[from] item: Black Sludge
|upkeep
|turn|25
|
|t:|1668267173
|move|p1a: wishy washy|Trick|p2a: Scizor
|-activate|p1a: wishy washy|move: Trick|[of] p2a: Scizor
|-item|p2a: Scizor|Black Sludge|[from] move: Trick
|-item|p1a: wishy washy|Heavy-Duty Boots|[from] move: Trick
|move|p2a: Scizor|Knock Off|p1a: wishy washy
|-damage|p1a: wishy washy|0 fnt
|-enditem|p1a: wishy washy|Heavy-Duty Boots|[from] move: Knock Off|[of] p2a: Scizor
|faint|p1a: wishy washy
|
|-damage|p2a: Scizor|74/100|[from] item: Black Sludge
|upkeep
|
|t:|1668267180
|switch|p1a: billy the drilly|Excadrill, M|100/100
|-ability|p1a: billy the drilly|Mold Breaker
|turn|26
|
|t:|1668267189
|move|p1a: billy the drilly|Earthquake|p2a: Scizor
|-damage|p2a: Scizor|30/100
|move|p2a: Scizor|Knock Off|p1a: billy the drilly
|-damage|p1a: billy the drilly|0 fnt
|-enditem|p1a: billy the drilly|Leftovers|[from] move: Knock Off|[of] p2a: Scizor
|faint|p1a: billy the drilly
|
|-damage|p2a: Scizor|18/100|[from] item: Black Sludge
|upkeep
|
|t:|1668267200
|switch|p1a: nihileggo my eggo|Nihilego|100/100
|turn|27
|
|t:|1668267204
|switch|p1a: chuggy buggy|Scizor, M|77/100
|move|p2a: Scizor|Bullet Punch|p1a: chuggy buggy
|-resisted|p1a: chuggy buggy
|-damage|p1a: chuggy buggy|46/100
|
|-damage|p2a: Scizor|5/100|[from] item: Black Sludge
|upkeep
|turn|28
|
|t:|1668267213
|move|p2a: Scizor|Bullet Punch|p1a: chuggy buggy
|-resisted|p1a: chuggy buggy
|-damage|p1a: chuggy buggy|14/100
|move|p1a: chuggy buggy|Bullet Punch|p2a: Scizor
|-resisted|p2a: Scizor
|-damage|p2a: Scizor|0 fnt
|faint|p2a: Scizor
|
|upkeep
|
|t:|1668267225
|switch|p2a: Zarude|Zarude-Dada|100/100
|turn|29
|
|t:|1668267250
|switch|p1a: toge kiss my ass|Togekiss, F|80/100
|move|p2a: Zarude|Darkest Lariat|p1a: toge kiss my ass
|-resisted|p1a: toge kiss my ass
|-damage|p1a: toge kiss my ass|55/100
|
|upkeep
|turn|30
|
|t:|1668267256
|switch|p2a: Nihilego|Nihilego|80/100
|switch|p1a: chuggy buggy|Scizor, M|14/100
|
|upkeep
|turn|31
|
|t:|1668267274
|switch|p2a: Celesteela|Celesteela|80/100
|move|p1a: chuggy buggy|Bullet Punch|p2a: Celesteela
|-resisted|p2a: Celesteela
|-damage|p2a: Celesteela|69/100
|
|-heal|p2a: Celesteela|75/100|[from] item: Leftovers
|upkeep
|turn|32
|
|t:|1668267281
|move|p1a: chuggy buggy|U-turn|p2a: Celesteela
|-resisted|p2a: Celesteela
|-damage|p2a: Celesteela|69/100
|
|t:|1668267284
|switch|p1a: king of things|Slowking, M|100/100 brn|[from]move: U-turn
|move|p2a: Celesteela|Flamethrower|p1a: king of things
|-resisted|p1a: king of things
|-damage|p1a: king of things|92/100 brn
|
|-heal|p2a: Celesteela|75/100|[from] item: Leftovers
|-damage|p1a: king of things|86/100 brn|[from] brn
|upkeep
|turn|33
|
|t:|1668267290
|move|p2a: Celesteela|Leech Seed|p1a: king of things
|-start|p1a: king of things|move: Leech Seed
|move|p1a: king of things|Teleport|p1a: king of things
|
|t:|1668267293
|switch|p1a: chuggy buggy|Scizor, M|14/100|[from]move: Teleport
|
|-heal|p2a: Celesteela|81/100|[from] item: Leftovers
|upkeep
|turn|34
|
|t:|1668267296
|move|p1a: chuggy buggy|U-turn|p2a: Celesteela
|-resisted|p2a: Celesteela
|-damage|p2a: Celesteela|75/100
|
|t:|1668267298
|switch|p1a: king of things|Slowking, M|100/100 brn|[from]move: U-turn
|move|p2a: Celesteela|Leech Seed|p1a: king of things
|-start|p1a: king of things|move: Leech Seed
|
|-heal|p2a: Celesteela|81/100|[from] item: Leftovers
|-damage|p1a: king of things|88/100 brn|[from] Leech Seed|[of] p2a: Celesteela
|-heal|p2a: Celesteela|93/100|[silent]
|-damage|p1a: king of things|82/100 brn|[from] brn
|upkeep
|turn|35
|
|t:|1668267305
|switch|p2a: Zarude|Zarude-Dada|100/100
|move|p1a: king of things|Teleport|p1a: king of things
|
|t:|1668267309
|switch|p1a: nihileggo my eggo|Nihilego|100/100|[from]move: Teleport
|
|upkeep
|turn|36
|
|t:|1668267324
|move|p2a: Zarude|Darkest Lariat|p1a: nihileggo my eggo
|-damage|p1a: nihileggo my eggo|30/100
|move|p1a: nihileggo my eggo|Stealth Rock|p2a: Zarude
|-sidestart|p2: umbry ✿|move: Stealth Rock
|
|-heal|p1a: nihileggo my eggo|36/100|[from] item: Black Sludge
|upkeep
|turn|37
|
|t:|1668267338
|switch|p2a: Excadrill|Excadrill, M|31/100
|-damage|p2a: Excadrill|28/100|[from] Stealth Rock
|-ability|p2a: Excadrill|Mold Breaker
|switch|p1a: toge kiss my ass|Togekiss, F|55/100
|
|upkeep
|turn|38
|
|t:|1668267343
|move|p2a: Excadrill|Rapid Spin|p1a: toge kiss my ass
|-damage|p1a: toge kiss my ass|35/100
|-boost|p2a: Excadrill|spe|1
|-sideend|p2: umbry ✿|Stealth Rock|[from] move: Rapid Spin|[of] p2a: Excadrill
|move|p1a: toge kiss my ass|Flamethrower|p2a: Excadrill
|-supereffective|p2a: Excadrill
|-damage|p2a: Excadrill|0 fnt
|faint|p2a: Excadrill
|
|upkeep
|
|t:|1668267347
|switch|p2a: Nihilego|Nihilego|80/100
|turn|39
|
|t:|1668267362
|switch|p1a: nihileggo my eggo|Nihilego|36/100
|move|p2a: Nihilego|Stealth Rock|p1a: nihileggo my eggo
|-sidestart|p1: pokemonisfun|move: Stealth Rock
|
|-heal|p1a: nihileggo my eggo|42/100|[from] item: Black Sludge
|upkeep
|turn|40
|
|t:|1668267391
|switch|p2a: Zarude|Zarude-Dada|100/100
|move|p1a: nihileggo my eggo|Stealth Rock|p2a: Zarude
|-sidestart|p2: umbry ✿|move: Stealth Rock
|
|-heal|p1a: nihileggo my eggo|48/100|[from] item: Black Sludge
|upkeep
|turn|41
|inactive|pokemonisfun has 270 seconds left.
|
|t:|1668267408
|switch|p1a: toge kiss my ass|Togekiss, F|35/100
|-damage|p1a: toge kiss my ass|10/100|[from] Stealth Rock
|move|p2a: Zarude|Darkest Lariat|p1a: toge kiss my ass
|-resisted|p1a: toge kiss my ass
|-damage|p1a: toge kiss my ass|0 fnt
|faint|p1a: toge kiss my ass
|
|upkeep
|
|t:|1668267410
|switch|p1a: king of things|Slowking, M|100/100 brn
|turn|42
|
|t:|1668267414
|move|p2a: Zarude|Darkest Lariat|p1a: king of things
|-supereffective|p1a: king of things
|-damage|p1a: king of things|40/100 brn
|move|p1a: king of things|Scald|p2a: Zarude
|-resisted|p2a: Zarude
|-damage|p2a: Zarude|87/100
|-status|p2a: Zarude|brn
|
|-damage|p2a: Zarude|81/100 brn|[from] brn
|-damage|p1a: king of things|33/100 brn|[from] brn
|upkeep
|turn|43
|
|t:|1668267429
|move|p2a: Zarude|Darkest Lariat|p1a: king of things
|-supereffective|p1a: king of things
|-damage|p1a: king of things|2/100 brn
|move|p1a: king of things|Teleport|p1a: king of things
|
|t:|1668267441
|switch|p1a: nihileggo my eggo|Nihilego|48/100|[from]move: Teleport
|-damage|p1a: nihileggo my eggo|36/100|[from] Stealth Rock
|
|-heal|p1a: nihileggo my eggo|42/100|[from] item: Black Sludge
|-damage|p2a: Zarude|75/100 brn|[from] brn
|upkeep
|turn|44
|inactive|pokemonisfun has 270 seconds left.
|
|t:|1668267468
|switch|p2a: Nihilego|Nihilego|80/100
|-damage|p2a: Nihilego|67/100|[from] Stealth Rock
|move|p1a: nihileggo my eggo|Sludge Bomb|p2a: Nihilego
|-resisted|p2a: Nihilego
|-damage|p2a: Nihilego|59/100
|
|-heal|p1a: nihileggo my eggo|48/100|[from] item: Black Sludge
|upkeep
|turn|45
|inactive|pokemonisfun has 270 seconds left.
|
|t:|1668267474
|move|p2a: Nihilego|Power Gem|p1a: nihileggo my eggo
|-damage|p1a: nihileggo my eggo|19/100
|move|p1a: nihileggo my eggo|Thunder Wave|p2a: Nihilego|[miss]
|-miss|p1a: nihileggo my eggo|p2a: Nihilego
|
|-heal|p1a: nihileggo my eggo|25/100|[from] item: Black Sludge
|upkeep
|turn|46
|
|t:|1668267480
|move|p2a: Nihilego|Power Gem|p1a: nihileggo my eggo
|-damage|p1a: nihileggo my eggo|0 fnt
|faint|p1a: nihileggo my eggo
|-ability|p2a: Nihilego|Beast Boost|boost
|-boost|p2a: Nihilego|spe|1
|
|upkeep
|
|t:|1668267482
|switch|p1a: chuggy buggy|Scizor, M|14/100
|turn|47
|
|t:|1668267503
|move|p1a: chuggy buggy|Bullet Punch|p2a: Nihilego
|-supereffective|p2a: Nihilego
|-damage|p2a: Nihilego|0 fnt
|faint|p2a: Nihilego
|
|upkeep
|
|t:|1668267505
|switch|p2a: Zarude|Zarude-Dada|75/100 brn
|-damage|p2a: Zarude|63/100 brn|[from] Stealth Rock
|turn|48
|inactive|pokemonisfun has 270 seconds left.
|
|t:|1668267534
|move|p2a: Zarude|Darkest Lariat|p1a: chuggy buggy
|-damage|p1a: chuggy buggy|0 fnt
|faint|p1a: chuggy buggy
|
|-damage|p2a: Zarude|57/100 brn|[from] brn
|upkeep
|
|t:|1668267536
|switch|p1a: king of things|Slowking, M|36/100 brn
|turn|49
|
|t:|1668267540
|switch|p2a: Celesteela|Celesteela|93/100
|-damage|p2a: Celesteela|81/100|[from] Stealth Rock
|move|p1a: king of things|Slack Off|p1a: king of things
|-heal|p1a: king of things|86/100 brn
|
|-heal|p2a: Celesteela|87/100|[from] item: Leftovers
|-damage|p1a: king of things|79/100 brn|[from] brn
|upkeep
|turn|50
|
|t:|1668267542
|move|p2a: Celesteela|Leech Seed|p1a: king of things
|-start|p1a: king of things|move: Leech Seed
|move|p1a: king of things|Scald|p2a: Celesteela
|-damage|p2a: Celesteela|69/100
|
|-heal|p2a: Celesteela|75/100|[from] item: Leftovers
|-damage|p1a: king of things|67/100 brn|[from] Leech Seed|[of] p2a: Celesteela
|-heal|p2a: Celesteela|87/100|[silent]
|-damage|p1a: king of things|61/100 brn|[from] brn
|upkeep
|turn|51
|c|☆umbry ✿|ggs
|-message|pokemonisfun forfeited.
|
|win|umbry ✿
|c|☆pokemonisfun|gg
