|inactive|Battle timer is ON: inactive players will automatically lose when time's up.
|t:|1664049829
|gametype|singles
|player|p1|Permission Slip|clerkf|
|player|p2|Plaute|emmet|
|teamsize|p1|6
|teamsize|p2|6
|gen|8
|tier|[Gen 8] UU
|rule|Sleep Clause Mod: Limit one foe put to sleep
|rule|Species Clause: Limit one of each Pokémon
|rule|OHKO Clause: OHKO moves are banned
|rule|Evasion Items Clause: Evasion items are banned
|rule|Evasion Moves Clause: Evasion moves are banned
|rule|Endless Battle Clause: Forcing endless battles is banned
|rule|HP Percentage Mod: HP is shown in percentages
|rule|Dynamax Clause: You cannot dynamax
|clearpoke
|poke|p1|Noivern, F|
|poke|p1|Cobalion|
|poke|p1|Slowking, M|
|poke|p1|Tangrowth, F|
|poke|p1|Excadrill, F|
|poke|p1|Rotom-Heat|
|poke|p2|Excadrill, M|
|poke|p2|Gyarados, F|
|poke|p2|Scizor, M|
|poke|p2|Necrozma|
|poke|p2|Salamence, F|
|poke|p2|Azumarill, M|
|teampreview
|inactive|Plaute also wants the timer to be on.
|c|☆Plaute|hf
|c|☆Permission Slip|hf bro
|
|t:|1664049855
|start
|switch|p1a: Slowking|Slowking, M|100/100
|switch|p2a: Excadrill|Excadrill, M|100/100
|-ability|p2a: Excadrill|Mold Breaker
|turn|1
|
|t:|1664049864
|move|p2a: Excadrill|Earthquake|p1a: Slowking
|-damage|p1a: Slowking|65/100
|move|p1a: Slowking|Scald|p2a: Excadrill
|-supereffective|p2a: Excadrill
|-damage|p2a: Excadrill|30/100
|
|upkeep
|turn|2
|
|t:|1664049872
|move|p2a: Excadrill|Stealth Rock|p1a: Slowking
|-sidestart|p1: Permission Slip|move: Stealth Rock
|move|p1a: Slowking|Slack Off|p1a: Slowking
|-heal|p1a: Slowking|100/100
|
|upkeep
|turn|3
|
|t:|1664049879
|move|p2a: Excadrill|Rapid Spin|p1a: Slowking
|-crit|p1a: Slowking
|-damage|p1a: Slowking|80/100
|-boost|p2a: Excadrill|spe|1
|move|p1a: Slowking|Future Sight|p2a: Excadrill
|-start|p1a: Slowking|move: Future Sight
|
|upkeep
|turn|4
|
|t:|1664049895
|move|p2a: Excadrill|Rock Tomb|p1a: Slowking
|-damage|p1a: Slowking|63/100
|-unboost|p1a: Slowking|spe|1
|move|p1a: Slowking|Teleport|p1a: Slowking
|
|t:|1664049904
|switch|p1a: Tangrowth|Tangrowth, F|100/100|[from]move: Teleport
|-damage|p1a: Tangrowth|88/100|[from] Stealth Rock
|
|upkeep
|turn|5
|
|t:|1664049909
|move|p2a: Excadrill|Earthquake|p1a: Tangrowth
|-resisted|p1a: Tangrowth
|-damage|p1a: Tangrowth|70/100
|move|p1a: Tangrowth|Knock Off|p2a: Excadrill
|-damage|p2a: Excadrill|0 fnt
|-enditem|p2a: Excadrill|Focus Sash|[from] move: Knock Off|[of] p1a: Tangrowth
|faint|p2a: Excadrill
|
|-hint|Future Sight did not hit because the target is fainted.
|upkeep
|
|t:|1664049937
|switch|p2a: Necrozma|Necrozma|100/100
|turn|6
|
|t:|1664049942
|move|p2a: Necrozma|Heat Wave|p1a: Tangrowth
|-supereffective|p1a: Tangrowth
|-crit|p1a: Tangrowth
|-damage|p1a: Tangrowth|16/100
|move|p1a: Tangrowth|Sludge Bomb|p2a: Necrozma
|-damage|p2a: Necrozma|75/100
|-status|p2a: Necrozma|psn
|-enditem|p2a: Necrozma|Lum Berry|[eat]
|-curestatus|p2a: Necrozma|psn|[msg]
|
|upkeep
|turn|7
|
|t:|1664049954
|switch|p1a: Slowking|Slowking, M|97/100
|-damage|p1a: Slowking|84/100|[from] Stealth Rock
|move|p2a: Necrozma|Dragon Dance|p2a: Necrozma
|-boost|p2a: Necrozma|atk|1
|-boost|p2a: Necrozma|spe|1
|
|upkeep
|turn|8
|
|t:|1664049956
|move|p2a: Necrozma|X-Scissor|p1a: Slowking
|-supereffective|p1a: Slowking
|-damage|p1a: Slowking|29/100
|move|p1a: Slowking|Scald|p2a: Necrozma
|-damage|p2a: Necrozma|43/100
|
|upkeep
|turn|9
|
|t:|1664049967
|move|p2a: Necrozma|Dragon Dance|p2a: Necrozma
|-boost|p2a: Necrozma|atk|1
|-boost|p2a: Necrozma|spe|1
|move|p1a: Slowking|Scald|p2a: Necrozma
|-damage|p2a: Necrozma|9/100
|
|upkeep
|turn|10
|inactive|Permission Slip has 270 seconds left.
|inactive|Permission Slip has 240 seconds left.
|
|t:|1664050044
|switch|p1a: Excadrill|Excadrill, F|100/100
|-damage|p1a: Excadrill|97/100|[from] Stealth Rock
|-ability|p1a: Excadrill|Mold Breaker
|move|p2a: Necrozma|Photon Geyser|p1a: Excadrill
|-resisted|p1a: Excadrill
|-damage|p1a: Excadrill|20/100
|
|-heal|p1a: Excadrill|26/100|[from] item: Leftovers
|upkeep
|turn|11
|
|t:|1664050049
|move|p2a: Necrozma|Photon Geyser|p1a: Excadrill
|-resisted|p1a: Excadrill
|-damage|p1a: Excadrill|0 fnt
|faint|p1a: Excadrill
|
|upkeep
|
|t:|1664050059
|switch|p1a: Tangrowth|Tangrowth, F|50/100
|-damage|p1a: Tangrowth|37/100|[from] Stealth Rock
|turn|12
|inactive|Permission Slip has 240 seconds left.
|
|t:|1664050071
|switch|p1a: Noivern|Noivern, F|100/100
|move|p2a: Necrozma|Photon Geyser|p1a: Noivern
|-damage|p1a: Noivern|0 fnt
|faint|p1a: Noivern
|
|upkeep
|
|t:|1664050076
|switch|p1a: Slowking|Slowking, M|62/100
|-damage|p1a: Slowking|50/100|[from] Stealth Rock
|turn|13
|inactive|Permission Slip has 240 seconds left.
|
|t:|1664050100
|switch|p1a: Rotom|Rotom-Heat|100/100
|move|p2a: Necrozma|Photon Geyser|p1a: Rotom
|-crit|p1a: Rotom
|-damage|p1a: Rotom|0 fnt
|faint|p1a: Rotom
|
|upkeep
|
|t:|1664050102
|switch|p1a: Slowking|Slowking, M|83/100
|-damage|p1a: Slowking|70/100|[from] Stealth Rock
|turn|14
|
|t:|1664050104
|move|p2a: Necrozma|X-Scissor|p1a: Slowking
|-supereffective|p1a: Slowking
|-damage|p1a: Slowking|0 fnt
|faint|p1a: Slowking
|
|upkeep
|
|t:|1664050109
|switch|p1a: Cobalion|Cobalion|100/100
|-damage|p1a: Cobalion|97/100|[from] Stealth Rock
|turn|15
|
|t:|1664050111
|move|p2a: Necrozma|Photon Geyser|p1a: Cobalion
|-damage|p1a: Cobalion|12/100
|move|p1a: Cobalion|Close Combat|p2a: Necrozma
|-resisted|p2a: Necrozma
|-damage|p2a: Necrozma|0 fnt
|-unboost|p1a: Cobalion|def|1
|-unboost|p1a: Cobalion|spd|1
|faint|p2a: Necrozma
|
|-heal|p1a: Cobalion|18/100|[from] item: Leftovers
|upkeep
|
|t:|1664050117
|switch|p2a: Salamence|Salamence, F|100/100
|turn|16
|
|t:|1664050121
|move|p1a: Cobalion|Stone Edge|p2a: Salamence
|-supereffective|p2a: Salamence
|-crit|p2a: Salamence
|-damage|p2a: Salamence|8/100
|move|p2a: Salamence|Dragon Dance|p2a: Salamence
|-boost|p2a: Salamence|atk|1
|-boost|p2a: Salamence|spe|1
|
|-heal|p1a: Cobalion|24/100|[from] item: Leftovers
|upkeep
|turn|17
|
|t:|1664050127
|switch|p1a: Tangrowth|Tangrowth, F|70/100
|-damage|p1a: Tangrowth|58/100|[from] Stealth Rock
|move|p2a: Salamence|Outrage|p1a: Tangrowth
|-damage|p1a: Tangrowth|0 fnt
|faint|p1a: Tangrowth
|-ability|p2a: Salamence|Moxie|boost
|-boost|p2a: Salamence|atk|1
|
|upkeep
|
|t:|1664050129
|switch|p1a: Cobalion|Cobalion|24/100
|-damage|p1a: Cobalion|21/100|[from] Stealth Rock
|turn|18
|
|t:|1664050132
|move|p2a: Salamence|Outrage|p1a: Cobalion|[from]lockedmove
|-resisted|p1a: Cobalion
|-damage|p1a: Cobalion|0 fnt
|faint|p1a: Cobalion
|
|win|Plaute
|c|☆Plaute|gg
|c|☆Permission Slip|gg
