|inactive|Battle timer is ON: inactive players will automatically lose when time's up.
|t:|1662141779
|gametype|singles
|player|p1|Fc ❤|#wcop2022canada|
|player|p2|Moutemoute|#moutemoute|
|teamsize|p1|6
|teamsize|p2|6
|gen|8
|tier|[Gen 8] UU
|rule|Sleep Clause Mod: Limit one foe put to sleep
|rule|Species Clause: Limit one of each Pokémon
|rule|OHKO Clause: OHKO moves are banned
|rule|Evasion Items Clause: Evasion items are banned
|rule|Evasion Moves Clause: Evasion moves are banned
|rule|Endless Battle Clause: Forcing endless battles is banned
|rule|HP Percentage Mod: HP is shown in percentages
|rule|Dynamax Clause: You cannot dynamax
|clearpoke
|poke|p1|Excadrill, F|
|poke|p1|Necrozma|
|poke|p1|Celesteela|
|poke|p1|Cobalion|
|poke|p1|Thundurus-Therian, M|
|poke|p1|Salamence, M|
|poke|p2|Rotom-Wash|
|poke|p2|Cobalion|
|poke|p2|Chandelure, M|
|poke|p2|Salamence, M|
|poke|p2|Diggersby, M|
|poke|p2|Zarude|
|teampreview
|raw|<div class="broadcast-red"><strong>Moderated chat was set to ☆!</strong><br />Only users of rank ☆ and higher can talk.</div>
|c|☆Fc ❤|hf
|c|☆Moutemoute|hf
|inactive|Moutemoute has 270 seconds left.
|
|t:|1662141822
|start
|switch|p1a: Excadrill|Excadrill, F|100/100
|switch|p2a: Zarude|Zarude|100/100
|-ability|p1a: Excadrill|Mold Breaker
|turn|1
|
|t:|1662141828
|move|p2a: Zarude|Darkest Lariat|p1a: Excadrill
|-damage|p1a: Excadrill|45/100
|move|p1a: Excadrill|Stealth Rock|p2a: Zarude
|-sidestart|p2: Moutemoute|move: Stealth Rock
|
|upkeep
|turn|2
|
|t:|1662141840
|move|p2a: Zarude|Power Whip|p1a: Excadrill|[miss]
|-miss|p2a: Zarude|p1a: Excadrill
|move|p1a: Excadrill|Rock Tomb|p2a: Zarude
|-damage|p2a: Zarude|79/100
|-unboost|p2a: Zarude|spe|1
|
|upkeep
|turn|3
|
|t:|1662141848
|move|p1a: Excadrill|Rock Tomb|p2a: Zarude
|-damage|p2a: Zarude|60/100
|-unboost|p2a: Zarude|spe|1
|move|p2a: Zarude|U-turn|p1a: Excadrill
|-resisted|p1a: Excadrill
|-damage|p1a: Excadrill|28/100
|
|t:|1662141851
|switch|p2a: Cobalion|Cobalion|100/100|[from]move: U-turn
|-damage|p2a: Cobalion|97/100|[from] Stealth Rock
|
|upkeep
|turn|4
|
|t:|1662141856
|move|p2a: Cobalion|Close Combat|p1a: Excadrill
|-supereffective|p1a: Excadrill
|-damage|p1a: Excadrill|0 fnt
|-unboost|p2a: Cobalion|def|1
|-unboost|p2a: Cobalion|spd|1
|faint|p1a: Excadrill
|
|upkeep
|inactive|Fc ❤ has 270 seconds left.
|
|t:|1662141895
|switch|p1a: Necrozma|Necrozma|100/100
|turn|5
|
|t:|1662141902
|move|p2a: Cobalion|Iron Head|p1a: Necrozma
|-damage|p1a: Necrozma|65/100
|move|p1a: Necrozma|Dragon Dance|p1a: Necrozma
|-boost|p1a: Necrozma|atk|1
|-boost|p1a: Necrozma|spe|1
|
|upkeep
|turn|6
|
|t:|1662141912
|move|p1a: Necrozma|Dragon Dance|p1a: Necrozma
|-boost|p1a: Necrozma|atk|1
|-boost|p1a: Necrozma|spe|1
|move|p2a: Cobalion|Volt Switch|p1a: Necrozma
|-damage|p1a: Necrozma|49/100
|
|t:|1662141914
|switch|p2a: Salamence|Salamence, M|100/100|[from]move: Volt Switch
|-ability|p2a: Salamence|Intimidate|boost
|-unboost|p1a: Necrozma|atk|1
|
|upkeep
|turn|7
|
|t:|1662141926
|switch|p2a: Zarude|Zarude|60/100
|move|p1a: Necrozma|Photon Geyser|p2a: Zarude
|-immune|p2a: Zarude
|
|upkeep
|turn|8
|
|t:|1662141930
|switch|p2a: Salamence|Salamence, M|100/100
|-ability|p2a: Salamence|Intimidate|boost
|-unboost|p1a: Necrozma|atk|1
|move|p1a: Necrozma|X-Scissor|p2a: Salamence
|-resisted|p2a: Salamence
|-damage|p2a: Salamence|89/100
|
|upkeep
|turn|9
|
|t:|1662141933
|move|p1a: Necrozma|Photon Geyser|p2a: Salamence
|-damage|p2a: Salamence|47/100
|move|p2a: Salamence|Defog|p1a: Necrozma
|-unboost|p1a: Necrozma|evasion|1
|-sideend|p2: Moutemoute|Stealth Rock|[from] move: Defog|[of] p2a: Salamence
|
|upkeep
|turn|10
|
|t:|1662141949
|move|p1a: Necrozma|Photon Geyser|p2a: Salamence
|-damage|p2a: Salamence|6/100
|move|p2a: Salamence|Dual Wingbeat|p1a: Necrozma
|-damage|p1a: Necrozma|31/100
|-damage|p1a: Necrozma|14/100
|-hitcount|p1a: Necrozma|2
|
|upkeep
|turn|11
|
|t:|1662141970
|move|p1a: Necrozma|X-Scissor|p2a: Salamence
|-resisted|p2a: Salamence
|-damage|p2a: Salamence|0 fnt
|faint|p2a: Salamence
|
|upkeep
|
|t:|1662141973
|switch|p2a: Cobalion|Cobalion|97/100
|turn|12
|
|t:|1662141983
|move|p1a: Necrozma|Heat Wave|p2a: Cobalion
|-supereffective|p2a: Cobalion
|-damage|p2a: Cobalion|21/100
|move|p2a: Cobalion|Iron Head|p1a: Necrozma
|-damage|p1a: Necrozma|0 fnt
|faint|p1a: Necrozma
|
|upkeep
|
|t:|1662141999
|switch|p1a: Salamence|Salamence, M|100/100
|turn|13
|
|t:|1662142006
|move|p2a: Cobalion|Volt Switch|p1a: Salamence
|-damage|p1a: Salamence|84/100
|
|t:|1662142008
|switch|p2a: Rotom|Rotom-Wash|100/100|[from]move: Volt Switch
|move|p1a: Salamence|Dragon Dance|p1a: Salamence
|-boost|p1a: Salamence|atk|1
|-boost|p1a: Salamence|spe|1
|
|upkeep
|turn|14
|
|t:|1662142021
|move|p1a: Salamence|Outrage|p2a: Rotom
|-crit|p2a: Rotom
|-damage|p2a: Rotom|0 fnt
|faint|p2a: Rotom
|-ability|p1a: Salamence|Moxie|boost
|-boost|p1a: Salamence|atk|1
|
|upkeep
|c|☆Moutemoute|F
|inactive|Moutemoute has 270 seconds left.
|
|t:|1662142068
|switch|p2a: Cobalion|Cobalion|21/100
|turn|15
|
|t:|1662142073
|move|p1a: Salamence|Outrage|p2a: Cobalion|[from]lockedmove
|-resisted|p2a: Cobalion
|-damage|p2a: Cobalion|0 fnt
|faint|p2a: Cobalion
|-ability|p1a: Salamence|Moxie|boost
|-boost|p1a: Salamence|atk|1
|
|upkeep
|
|t:|1662142078
|switch|p2a: Zarude|Zarude|60/100
|turn|16
|
|t:|1662142079
|move|p1a: Salamence|Outrage|p2a: Zarude|[from]lockedmove
|-damage|p2a: Zarude|0 fnt
|faint|p2a: Zarude
|-ability|p1a: Salamence|Moxie|boost
|-boost|p1a: Salamence|atk|1
|-start|p1a: Salamence|confusion|[fatigue]
|
|upkeep
|
|t:|1662142082
|switch|p2a: Diggersby|Diggersby, M|100/100
|turn|17
|
|t:|1662142086
|-activate|p1a: Salamence|confusion
|-damage|p1a: Salamence|31/100|[from] confusion
|move|p2a: Diggersby|Body Slam|p1a: Salamence
|-damage|p1a: Salamence|0 fnt
|faint|p1a: Salamence
|
|upkeep
|
|t:|1662142099
|switch|p1a: Celesteela|Celesteela|100/100
|turn|18
|
|t:|1662142102
|move|p2a: Diggersby|Body Slam|p1a: Celesteela
|-resisted|p1a: Celesteela
|-damage|p1a: Celesteela|75/100
|-status|p1a: Celesteela|par
|move|p1a: Celesteela|Autotomize|p1a: Celesteela
|-boost|p1a: Celesteela|spe|2
|-start|p1a: Celesteela|Autotomize
|
|upkeep
|turn|19
|
|t:|1662142111
|move|p2a: Diggersby|Body Slam|p1a: Celesteela
|-resisted|p1a: Celesteela
|-damage|p1a: Celesteela|51/100 par
|move|p1a: Celesteela|Meteor Beam||[still]
|-prepare|p1a: Celesteela|Meteor Beam
|-boost|p1a: Celesteela|spa|1
|-enditem|p1a: Celesteela|Power Herb
|-anim|p1a: Celesteela|Meteor Beam|p2a: Diggersby
|-resisted|p2a: Diggersby
|-damage|p2a: Diggersby|58/100
|
|upkeep
|turn|20
|
|t:|1662142120
|switch|p2a: Chandelure|Chandelure, M|100/100
|move|p1a: Celesteela|Air Slash|p2a: Chandelure
|-damage|p2a: Chandelure|23/100
|
|upkeep
|turn|21
|
|t:|1662142124
|move|p2a: Chandelure|Flamethrower|p1a: Celesteela
|-supereffective|p1a: Celesteela
|-damage|p1a: Celesteela|0 fnt
|faint|p1a: Celesteela
|
|upkeep
|
|t:|1662142131
|switch|p1a: Thundurus|Thundurus-Therian, M|100/100
|turn|22
|
|t:|1662142135
|switch|p2a: Diggersby|Diggersby, M|58/100
|move|p1a: Thundurus|Psychic|p2a: Diggersby
|-damage|p2a: Diggersby|14/100
|
|upkeep
|turn|23
|
|t:|1662142138
|move|p2a: Diggersby|Body Slam|p1a: Thundurus
|-damage|p1a: Thundurus|23/100
|move|p1a: Thundurus|Psychic|p2a: Diggersby
|-damage|p2a: Diggersby|0 fnt
|faint|p2a: Diggersby
|
|upkeep
|
|t:|1662142141
|switch|p2a: Chandelure|Chandelure, M|23/100
|turn|24
|
|t:|1662142142
|move|p1a: Thundurus|Psychic|p2a: Chandelure
|-damage|p2a: Chandelure|0 fnt
|faint|p2a: Chandelure
|
|win|Fc ❤
|c|☆Moutemoute|gg
|c|☆Fc ❤|gg
