|inactive|Battle timer is ON: inactive players will automatically lose when time's up.
|t:|1664661351
|gametype|singles
|player|p1|KM|#scl2foxes|
|player|p2|Luthier|#luthier|
|teamsize|p1|6
|teamsize|p2|6
|gen|8
|tier|[Gen 8] UU
|rule|Sleep Clause Mod: Limit one foe put to sleep
|rule|Species Clause: Limit one of each Pokémon
|rule|OHKO Clause: OHKO moves are banned
|rule|Evasion Items Clause: Evasion items are banned
|rule|Evasion Moves Clause: Evasion moves are banned
|rule|Endless Battle Clause: Forcing endless battles is banned
|rule|HP Percentage Mod: HP is shown in percentages
|rule|Dynamax Clause: You cannot dynamax
|clearpoke
|poke|p1|Diggersby, M|
|poke|p1|Primarina, F|
|poke|p1|Slowbro-Galar, F|
|poke|p1|Cobalion|
|poke|p1|Tangrowth, F|
|poke|p1|Hydreigon, F|
|poke|p2|Toxtricity, F|
|poke|p2|Zarude|
|poke|p2|Scizor, M|
|poke|p2|Slowking, F|
|poke|p2|Salamence, M|
|poke|p2|Excadrill, F|
|teampreview
|c|☆Luthier|only issue is that my best teams 
|c|☆KM|hf
|c|☆KM|them
|c|☆Luthier|are all urs 
|c|☆Luthier|LOL
|c|☆Luthier|hf
|c|☆KM|YAS!
|inactive|KM has 270 seconds left.
|
|t:|1664661383
|start
|switch|p1a: gronk|Tangrowth, F|100/100
|switch|p2a: Slowking|Slowking, F|100/100
|turn|1
|
|t:|1664661389
|move|p1a: gronk|Power Whip|p2a: Slowking|[miss]
|-miss|p1a: gronk|p2a: Slowking
|move|p2a: Slowking|Teleport|p2a: Slowking
|c|☆KM|ofc
|
|t:|1664661393
|switch|p2a: Scizor|Scizor, M|100/100|[from]move: Teleport
|
|upkeep
|turn|2
|c|☆Luthier|im sorry 
|
|t:|1664661398
|switch|p1a: stonk|Cobalion|100/100
|move|p2a: Scizor|U-turn|p1a: stonk
|-resisted|p1a: stonk
|-damage|p1a: stonk|94/100
|
|t:|1664661405
|switch|p2a: Toxtricity|Toxtricity, F|100/100|[from]move: U-turn
|
|-heal|p1a: stonk|99/100|[from] item: Leftovers
|upkeep
|turn|3
|
|t:|1664661410
|switch|p1a: gronk|Tangrowth, F|100/100
|move|p2a: Toxtricity|Overdrive|p1a: gronk
|-resisted|p1a: gronk
|-damage|p1a: gronk|73/100
|
|upkeep
|turn|4
|
|t:|1664661419
|switch|p2a: Scizor|Scizor, M|100/100
|move|p1a: gronk|Earthquake|p2a: Scizor
|-damage|p2a: Scizor|79/100
|
|upkeep
|turn|5
|
|t:|1664661426
|switch|p1a: stonk|Cobalion|99/100
|move|p2a: Scizor|Knock Off|p1a: stonk
|-resisted|p1a: stonk
|-damage|p1a: stonk|88/100
|-ability|p1a: stonk|Justified|boost
|-boost|p1a: stonk|atk|1
|-enditem|p1a: stonk|Leftovers|[from] move: Knock Off|[of] p2a: Scizor
|
|upkeep
|turn|6
|
|t:|1664661429
|switch|p2a: Salamence|Salamence, M|100/100
|-ability|p2a: Salamence|Intimidate|boost
|-unboost|p1a: stonk|atk|1
|move|p1a: stonk|Stealth Rock|p2a: Salamence
|-sidestart|p2: Luthier|move: Stealth Rock
|
|upkeep
|turn|7
|
|t:|1664661432
|move|p1a: stonk|Swords Dance|p1a: stonk
|-boost|p1a: stonk|atk|2
|move|p2a: Salamence|Defog|p1a: stonk
|-unboost|p1a: stonk|evasion|1
|-sideend|p2: Luthier|Stealth Rock|[from] move: Defog|[of] p2a: Salamence
|
|upkeep
|turn|8
|
|t:|1664661434
|move|p1a: stonk|Iron Head|p2a: Salamence
|-damage|p2a: Salamence|38/100
|move|p2a: Salamence|Flamethrower|p1a: stonk
|-supereffective|p1a: stonk
|-damage|p1a: stonk|22/100
|
|upkeep
|turn|9
|
|t:|1664661439
|move|p1a: stonk|Iron Head|p2a: Salamence
|-damage|p2a: Salamence|0 fnt
|faint|p2a: Salamence
|
|upkeep
|
|t:|1664661443
|switch|p2a: Zarude|Zarude|100/100
|turn|10
|
|t:|1664661447
|move|p2a: Zarude|U-turn|p1a: stonk
|-resisted|p1a: stonk
|-damage|p1a: stonk|17/100
|c|+umbry ✿|o.o
|c|☆KM|o.o
|
|t:|1664661455
|switch|p2a: Slowking|Slowking, F|100/100|[from]move: U-turn
|move|p1a: stonk|Stealth Rock|p2a: Slowking
|-sidestart|p2: Luthier|move: Stealth Rock
|
|upkeep
|turn|11
|
|t:|1664661458
|move|p1a: stonk|Iron Head|p2a: Slowking
|-resisted|p2a: Slowking
|-damage|p2a: Slowking|77/100
|cant|p2a: Slowking|flinch
|
|upkeep
|turn|12
|c|+umbry ✿|up
|
|t:|1664661461
|switch|p1a: gronk|Tangrowth, F|100/100
|move|p2a: Slowking|Scald|p1a: gronk
|-resisted|p1a: gronk
|-damage|p1a: gronk|92/100
|-status|p1a: gronk|brn
|
|-damage|p1a: gronk|86/100 brn|[from] brn
|upkeep
|turn|13
|
|t:|1664661465
|move|p1a: gronk|Knock Off|p2a: Slowking
|-supereffective|p2a: Slowking
|-enditem|p2a: Slowking|Colbur Berry|[eat]
|-enditem|p2a: Slowking|Colbur Berry|[weaken]
|-damage|p2a: Slowking|69/100
|move|p2a: Slowking|Teleport|p2a: Slowking
|
|t:|1664661468
|switch|p2a: Excadrill|Excadrill, F|100/100|[from]move: Teleport
|-damage|p2a: Excadrill|98/100|[from] Stealth Rock
|-ability|p2a: Excadrill|Mold Breaker
|
|-heal|p2a: Excadrill|100/100|[from] item: Leftovers
|-damage|p1a: gronk|79/100 brn|[from] brn
|upkeep
|turn|14
|c|+passion|hello whores 
|c|☆Luthier|hello passion 
|
|t:|1664661479
|move|p2a: Excadrill|Stealth Rock|p1a: gronk
|-sidestart|p1: KM|move: Stealth Rock
|move|p1a: gronk|Earthquake|p2a: Excadrill
|-supereffective|p2a: Excadrill
|-damage|p2a: Excadrill|70/100
|
|-heal|p2a: Excadrill|76/100|[from] item: Leftovers
|-damage|p1a: gronk|73/100 brn|[from] brn
|upkeep
|turn|15
|c|+umbry ✿|hello passion
|c|+umbry ✿|.
|
|t:|1664661483
|switch|p2a: Scizor|Scizor, M|79/100
|move|p1a: gronk|Earthquake|p2a: Scizor
|-damage|p2a: Scizor|69/100
|
|-damage|p1a: gronk|67/100 brn|[from] brn
|upkeep
|turn|16
|c|+umbry ✿|eq.
|c|+umbry ✿|unviable
|
|t:|1664661491
|switch|p1a: stonk|Cobalion|17/100
|-damage|p1a: stonk|14/100|[from] Stealth Rock
|move|p2a: Scizor|Roost|p2a: Scizor
|-heal|p2a: Scizor|100/100
|-singleturn|p2a: Scizor|move: Roost
|
|upkeep
|turn|17
|
|t:|1664661495
|move|p2a: Scizor|Bullet Punch|p1a: stonk
|-resisted|p1a: stonk
|-damage|p1a: stonk|2/100
|move|p1a: stonk|Close Combat|p2a: Scizor
|-damage|p2a: Scizor|58/100
|-unboost|p1a: stonk|def|1
|-unboost|p1a: stonk|spd|1
|
|upkeep
|turn|18
|
|t:|1664661502
|move|p1a: stonk|Close Combat|p2a: Scizor
|-damage|p2a: Scizor|18/100
|-unboost|p1a: stonk|def|1
|-unboost|p1a: stonk|spd|1
|move|p2a: Scizor|Roost|p2a: Scizor
|-heal|p2a: Scizor|68/100
|-singleturn|p2a: Scizor|move: Roost
|
|upkeep
|turn|19
|
|t:|1664661510
|move|p1a: stonk|Close Combat|p2a: Scizor
|-damage|p2a: Scizor|25/100
|-unboost|p1a: stonk|def|1
|-unboost|p1a: stonk|spd|1
|move|p2a: Scizor|Roost|p2a: Scizor
|-heal|p2a: Scizor|75/100
|-singleturn|p2a: Scizor|move: Roost
|
|upkeep
|turn|20
|
|t:|1664661514
|move|p1a: stonk|Close Combat|p2a: Scizor
|-damage|p2a: Scizor|30/100
|-unboost|p1a: stonk|def|1
|-unboost|p1a: stonk|spd|1
|move|p2a: Scizor|Knock Off|p1a: stonk
|-resisted|p1a: stonk
|-damage|p1a: stonk|0 fnt
|faint|p1a: stonk
|
|upkeep
|c|+Lopunny kicks|right
|c|☆Luthier|hehe
|c|+umbry ✿|greed
|c|+avarice|and they said coba was S rank
|
|t:|1664661523
|switch|p1a: bonk|Diggersby, M|100/100
|-damage|p1a: bonk|94/100|[from] Stealth Rock
|turn|21
|
|t:|1664661526
|switch|p2a: Slowking|Slowking, F|100/100
|-damage|p2a: Slowking|88/100|[from] Stealth Rock
|move|p1a: bonk|Fire Punch|p2a: Slowking
|-resisted|p2a: Slowking
|-damage|p2a: Slowking|76/100
|
|upkeep
|turn|22
|
|t:|1664661531
|move|p1a: bonk|Swords Dance|p1a: bonk
|-boost|p1a: bonk|atk|2
|move|p2a: Slowking|Teleport|p2a: Slowking
|
|t:|1664661533
|switch|p2a: Zarude|Zarude|100/100|[from]move: Teleport
|-damage|p2a: Zarude|88/100|[from] Stealth Rock
|
|upkeep
|turn|23
|
|t:|1664661537
|switch|p1a: ronk|Slowbro-Galar, F|100/100
|move|p2a: Zarude|U-turn|p1a: ronk
|-damage|p1a: ronk|84/100
|
|t:|1664661543
|switch|p2a: Toxtricity|Toxtricity, F|100/100|[from]move: U-turn
|-damage|p2a: Toxtricity|88/100|[from] Stealth Rock
|
|upkeep
|turn|24
|c|☆Luthier|die pls 
|
|t:|1664661549
|move|p2a: Toxtricity|Boomburst|p1a: ronk
|-damage|p1a: ronk|0 fnt
|faint|p1a: ronk
|
|upkeep
|c|☆Luthier|safe
|c|+Lopunny kicks|gone
|c|☆KM|a
|c|+umbry ✿|gone
|c|+Lopunny kicks|☆Luthier: die pls
|c|+passion|my computer is so laggy today what do i do
|
|t:|1664661560
|switch|p1a: honk|Hydreigon, F|100/100
|-damage|p1a: honk|88/100|[from] Stealth Rock
|turn|25
|c|+Lopunny kicks|GET HIM BANNED
|c|+passion|im scared
|c|☆Luthier|LOL
|
|t:|1664661568
|switch|p2a: Slowking|Slowking, F|100/100
|-damage|p2a: Slowking|88/100|[from] Stealth Rock
|move|p1a: honk|Dark Pulse|p2a: Slowking
|-supereffective|p2a: Slowking
|-damage|p2a: Slowking|28/100
|
|upkeep
|turn|26
|
|t:|1664661570
|switch|p2a: Zarude|Zarude|88/100
|-damage|p2a: Zarude|76/100|[from] Stealth Rock
|move|p1a: honk|Dark Pulse|p2a: Zarude
|-resisted|p2a: Zarude
|-damage|p2a: Zarude|55/100
|
|upkeep
|turn|27
|c|+Lopunny kicks|wait why is 
|c|+Lopunny kicks|die not banned
|
|t:|1664661579
|switch|p1a: fronk|Primarina, F|100/100
|-damage|p1a: fronk|88/100|[from] Stealth Rock
|move|p2a: Zarude|U-turn|p1a: fronk
|-resisted|p1a: fronk
|-damage|p1a: fronk|78/100
|c|☆Luthier|no idea 
|
|t:|1664661581
|switch|p2a: Toxtricity|Toxtricity, F|88/100|[from]move: U-turn
|-damage|p2a: Toxtricity|76/100|[from] Stealth Rock
|
|-heal|p1a: fronk|84/100|[from] item: Leftovers
|upkeep
|turn|28
|c|+passion|DIE DIE DIE DIE DIE
|c|+termiii|it would probably make things more difficult for germans
|c|+termiii|that being said
|c|+termiii|who cares abt germans
|c|☆KM|many would say
|c|☆KM|win win
|
|t:|1664661608
|move|p2a: Toxtricity|Sludge Bomb|p1a: fronk
|-supereffective|p1a: fronk
|-damage|p1a: fronk|0 fnt
|faint|p1a: fronk
|
|upkeep
|
|t:|1664661611
|switch|p1a: bonk|Diggersby, M|94/100
|-damage|p1a: bonk|88/100|[from] Stealth Rock
|turn|29
|
|t:|1664661618
|move|p2a: Toxtricity|Sludge Bomb|p1a: bonk
|-resisted|p1a: bonk
|-damage|p1a: bonk|46/100
|move|p1a: bonk|Swords Dance|p1a: bonk
|-boost|p1a: bonk|atk|2
|
|upkeep
|turn|30
|
|t:|1664661622
|move|p1a: bonk|Quick Attack|p2a: Toxtricity
|-damage|p2a: Toxtricity|0 fnt
|faint|p2a: Toxtricity
|
|upkeep
|
|t:|1664661631
|switch|p2a: Excadrill|Excadrill, F|76/100
|-damage|p2a: Excadrill|73/100|[from] Stealth Rock
|-ability|p2a: Excadrill|Mold Breaker
|turn|31
|c|+passion|die girlies auf uu
|
|t:|1664661642
|switch|p1a: gronk|Tangrowth, F|99/100 brn
|-damage|p1a: gronk|88/100 brn|[from] Stealth Rock
|move|p2a: Excadrill|Earthquake|p1a: gronk
|-resisted|p1a: gronk
|-damage|p1a: gronk|73/100 brn
|
|-heal|p2a: Excadrill|79/100|[from] item: Leftovers
|-damage|p1a: gronk|67/100 brn|[from] brn
|upkeep
|turn|32
|
|t:|1664661649
|move|p2a: Excadrill|Earthquake|p1a: gronk
|-resisted|p1a: gronk
|-damage|p1a: gronk|52/100 brn
|move|p1a: gronk|Knock Off|p2a: Excadrill
|-crit|p2a: Excadrill
|-damage|p2a: Excadrill|59/100
|-enditem|p2a: Excadrill|Leftovers|[from] move: Knock Off|[of] p1a: gronk
|
|-damage|p1a: gronk|46/100 brn|[from] brn
|upkeep
|turn|33
|
|t:|1664661654
|move|p2a: Excadrill|Iron Head|p1a: gronk
|-damage|p1a: gronk|23/100 brn
|cant|p1a: gronk|flinch
|
|-damage|p1a: gronk|17/100 brn|[from] brn
|upkeep
|turn|34
|
|t:|1664661658
|switch|p1a: honk|Hydreigon, F|88/100
|-damage|p1a: honk|76/100|[from] Stealth Rock
|move|p2a: Excadrill|Iron Head|p1a: honk
|-damage|p1a: honk|34/100
|
|upkeep
|turn|35
|
|t:|1664661665
|switch|p2a: Zarude|Zarude|55/100
|-damage|p2a: Zarude|42/100|[from] Stealth Rock
|move|p1a: honk|Dark Pulse|p2a: Zarude
|-resisted|p2a: Zarude
|-damage|p2a: Zarude|23/100
|
|upkeep
|turn|36
|c|+hariyana grande|honk
|
|t:|1664661669
|move|p2a: Zarude|U-turn|p1a: honk
|-supereffective|p1a: honk
|-damage|p1a: honk|0 fnt
|faint|p1a: honk
|
|t:|1664661673
|switch|p2a: Excadrill|Excadrill, F|59/100|[from]move: U-turn
|-damage|p2a: Excadrill|56/100|[from] Stealth Rock
|-ability|p2a: Excadrill|Mold Breaker
|
|upkeep
|
|t:|1664661675
|switch|p1a: gronk|Tangrowth, F|50/100 brn
|-damage|p1a: gronk|37/100 brn|[from] Stealth Rock
|turn|37
|
|t:|1664661677
|switch|p2a: Scizor|Scizor, M|30/100
|move|p1a: gronk|Earthquake|p2a: Scizor
|-damage|p2a: Scizor|21/100
|
|-damage|p1a: gronk|31/100 brn|[from] brn
|upkeep
|turn|38
|
|t:|1664661681
|switch|p1a: bonk|Diggersby, M|46/100
|-damage|p1a: bonk|39/100|[from] Stealth Rock
|move|p2a: Scizor|Knock Off|p1a: bonk
|-crit|p1a: bonk
|-damage|p1a: bonk|0 fnt
|-enditem|p1a: bonk|Chople Berry|[from] move: Knock Off|[of] p2a: Scizor
|faint|p1a: bonk
|
|upkeep
|c|☆KM|only way
|c|☆KM|ummm
|c|+hariyana grande|.
|-message|KM forfeited.
|
|win|Luthier
