|inactive|Battle timer is ON: inactive players will automatically lose when time's up.
|t:|1631477510
|gametype|singles
|player|p1|Tuononda|skyla|
|player|p2|Moutemoute|#moutemoute|
|teamsize|p1|6
|teamsize|p2|6
|gen|8
|tier|[Gen 8] UU
|rule|Sleep Clause Mod: Limit one foe put to sleep
|rule|Species Clause: Limit one of each Pokémon
|rule|OHKO Clause: OHKO moves are banned
|rule|Evasion Moves Clause: Evasion moves are banned
|rule|Endless Battle Clause: Forcing endless battles is banned
|rule|HP Percentage Mod: HP is shown in percentages
|rule|Dynamax Clause: You cannot dynamax
|clearpoke
|poke|p1|Ninetales-Alola, M|
|poke|p1|Arctovish|
|poke|p1|Thundurus-Therian, M|
|poke|p1|Kommo-o, M|
|poke|p1|Amoonguss, M|
|poke|p1|Jirachi|
|poke|p2|Aegislash, M|
|poke|p2|Reuniclus, F|
|poke|p2|Seismitoad, M|
|poke|p2|Krookodile, M|
|poke|p2|Togekiss, M|
|poke|p2|Roserade, M|
|teampreview
|c|☆Moutemoute|hf
|c|+kamisama_no49|whoooooooo
|c|+kamisama_no49|uuwc
|c|+Prodigezz|lgi moutee
|c|☆Tuononda|you too
|c|+KSt3ve|LOL !
|c|+KSt3ve|umbry no
|inactive|Tuononda has 270 seconds left.
|inactive|Moutemoute has 270 seconds left.
|c|☆Tuononda|!
|c|+Enzonana|umbry flip
|c|+HYDREIGON SPECS|.
|c|+HYDREIGON SPECS|umbry
|inactive|Tuononda has 240 seconds left.
|inactive|Moutemoute has 240 seconds left.
|c|+HYDREIGON SPECS|i swear
|c|+KSt3ve|this is too much
|
|t:|1631477592
|start
|switch|p1a: Kommo-o|Kommo-o, M|100/100
|switch|p2a: Roserade|Roserade, M|100/100
|turn|1
|
|t:|1631477597
|move|p1a: Kommo-o|Stealth Rock|p2a: Roserade
|-sidestart|p2: Moutemoute|move: Stealth Rock
|move|p2a: Roserade|Spikes|p1a: Kommo-o
|-sidestart|p1: Tuononda|Spikes
|
|upkeep
|turn|2
|
|t:|1631477613
|switch|p2a: Togekiss|Togekiss, M|100/100
|move|p1a: Kommo-o|Body Press|p2a: Togekiss
|-resisted|p2a: Togekiss
|-damage|p2a: Togekiss|91/100
|
|upkeep
|turn|3
|
|t:|1631477620
|switch|p1a: Thundurus|Thundurus-Therian, M|100/100
|move|p2a: Togekiss|Air Slash|p1a: Thundurus
|-resisted|p1a: Thundurus
|-damage|p1a: Thundurus|80/100
|
|upkeep
|turn|4
|
|t:|1631477632
|switch|p2a: Seismitoad|Seismitoad, M|100/100
|-damage|p2a: Seismitoad|94/100|[from] Stealth Rock
|move|p1a: Thundurus|Volt Switch|p2a: Seismitoad
|-immune|p2a: Seismitoad
|
|-heal|p2a: Seismitoad|100/100|[from] item: Leftovers
|upkeep
|turn|5
|
|t:|1631477639
|move|p1a: Thundurus|Grass Knot|p2a: Seismitoad
|-supereffective|p2a: Seismitoad
|-damage|p2a: Seismitoad|0 fnt
|faint|p2a: Seismitoad
|
|upkeep
|
|t:|1631477648
|switch|p2a: Krookodile|Krookodile, M|100/100
|-damage|p2a: Krookodile|94/100|[from] Stealth Rock
|-ability|p2a: Krookodile|Intimidate|boost
|-unboost|p1a: Thundurus|atk|1
|turn|6
|
|t:|1631477665
|switch|p1a: Amoonguss|Amoonguss, M|100/100
|-damage|p1a: Amoonguss|88/100|[from] Spikes
|move|p2a: Krookodile|Knock Off|p1a: Amoonguss
|-damage|p1a: Amoonguss|55/100
|-enditem|p1a: Amoonguss|Eject Button|[from] move: Knock Off|[of] p2a: Krookodile
|
|upkeep
|turn|7
|
|t:|1631477676
|switch|p2a: Roserade|Roserade, M|100/100
|-damage|p2a: Roserade|88/100|[from] Stealth Rock
|switch|p1a: Ninetales|Ninetales-Alola, M|100/100
|-damage|p1a: Ninetales|88/100|[from] Spikes
|-weather|Hail|[from] ability: Snow Warning|[of] p1a: Ninetales
|
|-weather|Hail|[upkeep]
|-damage|p2a: Roserade|82/100|[from] Hail
|-heal|p2a: Roserade|88/100|[from] item: Black Sludge
|upkeep
|turn|8
|
|t:|1631477685
|switch|p1a: Jirachi|Jirachi|100/100
|-damage|p1a: Jirachi|88/100|[from] Spikes
|move|p2a: Roserade|Sludge Bomb|p1a: Jirachi
|-immune|p1a: Jirachi
|
|-weather|Hail|[upkeep]
|-damage|p1a: Jirachi|82/100|[from] Hail
|-damage|p2a: Roserade|82/100|[from] Hail
|-heal|p2a: Roserade|88/100|[from] item: Black Sludge
|upkeep
|turn|9
|
|t:|1631477697
|move|p1a: Jirachi|U-turn|p2a: Roserade
|-damage|p2a: Roserade|59/100
|c|+HYDREIGON SPECS|umrby
|
|t:|1631477700
|switch|p1a: Thundurus|Thundurus-Therian, M|80/100|[from]move: U-turn
|move|p2a: Roserade|Spikes|p1a: Thundurus
|-sidestart|p1: Tuononda|Spikes
|
|-weather|Hail|[upkeep]
|-damage|p1a: Thundurus|74/100|[from] Hail
|-damage|p2a: Roserade|53/100|[from] Hail
|-heal|p2a: Roserade|59/100|[from] item: Black Sludge
|upkeep
|turn|10
|c|+HYDREIGON SPECS|remember when i told u
|c|+HYDREIGON SPECS|zolt was not alloed
|c|+HYDREIGON SPECS|it is
|
|t:|1631477710
|switch|p2a: Aegislash|Aegislash, M|100/100
|-damage|p2a: Aegislash|94/100|[from] Stealth Rock
|move|p1a: Thundurus|Weather Ball|p2a: Aegislash
|-resisted|p2a: Aegislash
|-damage|p2a: Aegislash|83/100
|
|-weather|Hail|[upkeep]
|-damage|p1a: Thundurus|68/100|[from] Hail
|-damage|p2a: Aegislash|76/100|[from] Hail
|-heal|p2a: Aegislash|83/100|[from] item: Leftovers
|upkeep
|turn|11
|
|t:|1631477721
|move|p1a: Thundurus|Volt Switch|p2a: Aegislash
|-damage|p2a: Aegislash|59/100
|c|+pinkdragontamer|hs sabotaging other teams now that brazil is out
|
|t:|1631477724
|switch|p1a: Kommo-o|Kommo-o, M|100/100|[from]move: Volt Switch
|-damage|p1a: Kommo-o|84/100|[from] Spikes
|move|p2a: Aegislash|Substitute|p2a: Aegislash
|-start|p2a: Aegislash|Substitute
|-damage|p2a: Aegislash|34/100
|
|-weather|Hail|[upkeep]
|-damage|p1a: Kommo-o|78/100|[from] Hail
|-damage|p2a: Aegislash|27/100|[from] Hail
|-heal|p1a: Kommo-o|84/100|[from] item: Leftovers
|-heal|p2a: Aegislash|34/100|[from] item: Leftovers
|upkeep
|turn|12
|c|+HYDREIGON SPECS|ROFL
|
|t:|1631477730
|move|p1a: Kommo-o|Earthquake|p2a: Aegislash
|-supereffective|p2a: Aegislash
|-end|p2a: Aegislash|Substitute
|move|p2a: Aegislash|Toxic|p1a: Kommo-o
|-status|p1a: Kommo-o|tox
|
|-weather|Hail|[upkeep]
|-damage|p1a: Kommo-o|78/100 tox|[from] Hail
|-damage|p2a: Aegislash|27/100|[from] Hail
|-heal|p1a: Kommo-o|84/100 tox|[from] item: Leftovers
|-heal|p2a: Aegislash|34/100|[from] item: Leftovers
|-damage|p1a: Kommo-o|78/100 tox|[from] psn
|upkeep
|turn|13
|
|t:|1631477735
|switch|p1a: Thundurus|Thundurus-Therian, M|68/100
|move|p2a: Aegislash|King's Shield||[still]
|-fail|p2a: Aegislash
|
|-weather|Hail|[upkeep]
|-damage|p1a: Thundurus|62/100|[from] Hail
|-damage|p2a: Aegislash|27/100|[from] Hail
|-heal|p2a: Aegislash|34/100|[from] item: Leftovers
|upkeep
|turn|14
|
|t:|1631477742
|switch|p2a: Krookodile|Krookodile, M|94/100
|-damage|p2a: Krookodile|88/100|[from] Stealth Rock
|-ability|p2a: Krookodile|Intimidate|boost
|-unboost|p1a: Thundurus|atk|1
|move|p1a: Thundurus|Thunderbolt|p2a: Krookodile
|-immune|p2a: Krookodile
|
|-weather|none
|upkeep
|turn|15
|
|t:|1631477758
|switch|p1a: Amoonguss|Amoonguss, M|88/100
|-damage|p1a: Amoonguss|71/100|[from] Spikes
|move|p2a: Krookodile|Knock Off|p1a: Amoonguss
|-damage|p1a: Amoonguss|50/100
|
|upkeep
|turn|16
|
|t:|1631477765
|switch|p1a: Ninetales|Ninetales-Alola, M|88/100
|-damage|p1a: Ninetales|72/100|[from] Spikes
|-weather|Hail|[from] ability: Snow Warning|[of] p1a: Ninetales
|move|p2a: Krookodile|Knock Off|p1a: Ninetales
|-resisted|p1a: Ninetales
|-damage|p1a: Ninetales|36/100
|-enditem|p1a: Ninetales|Icy Rock|[from] move: Knock Off|[of] p2a: Krookodile
|
|-weather|Hail|[upkeep]
|-damage|p2a: Krookodile|82/100|[from] Hail
|upkeep
|turn|17
|inactive|Moutemoute has 270 seconds left.
|c|+Ms. Jisoo|umbry
|c|+Ms. Jisoo|^O^
|c|+HYDREIGON SPECS|^O^
|
|t:|1631477811
|switch|p2a: Reuniclus|Reuniclus, F|100/100
|switch|p1a: Arctovish|Arctovish|100/100
|
|-weather|Hail|[upkeep]
|upkeep
|turn|18
|c|+HYDREIGON SPECS|.-.
|
|t:|1631477822
|switch|p2a: Roserade|Roserade, M|59/100
|-damage|p2a: Roserade|47/100|[from] Stealth Rock
|move|p1a: Arctovish|Fishious Rend|p2a: Roserade
|-resisted|p2a: Roserade
|-damage|p2a: Roserade|0 fnt
|faint|p2a: Roserade
|
|-weather|Hail|[upkeep]
|upkeep
|
|t:|1631477828
|switch|p2a: Krookodile|Krookodile, M|82/100
|-damage|p2a: Krookodile|76/100|[from] Stealth Rock
|-ability|p2a: Krookodile|Intimidate|boost
|-unboost|p1a: Arctovish|atk|1
|turn|19
|
|t:|1631477845
|switch|p1a: Amoonguss|Amoonguss, M|83/100
|-damage|p1a: Amoonguss|67/100|[from] Spikes
|move|p2a: Krookodile|Close Combat|p1a: Amoonguss
|-resisted|p1a: Amoonguss
|-crit|p1a: Amoonguss
|-damage|p1a: Amoonguss|45/100
|-unboost|p2a: Krookodile|def|1
|-unboost|p2a: Krookodile|spd|1
|
|-weather|Hail|[upkeep]
|-damage|p2a: Krookodile|70/100|[from] Hail
|-damage|p1a: Amoonguss|39/100|[from] Hail
|upkeep
|turn|20
|
|t:|1631477854
|switch|p2a: Togekiss|Togekiss, M|91/100
|move|p1a: Amoonguss|Spore|p2a: Togekiss
|-status|p2a: Togekiss|slp|[from] move: Spore
|
|-weather|Hail|[upkeep]
|-damage|p2a: Togekiss|85/100 slp|[from] Hail
|-damage|p1a: Amoonguss|33/100|[from] Hail
|upkeep
|turn|21
|inactive|Moutemoute has 270 seconds left.
|
|t:|1631477860
|switch|p2a: Aegislash|Aegislash, M|34/100
|-damage|p2a: Aegislash|27/100|[from] Stealth Rock
|switch|p1a: Arctovish|Arctovish|100/100
|
|-weather|Hail|[upkeep]
|-damage|p2a: Aegislash|21/100|[from] Hail
|-heal|p2a: Aegislash|27/100|[from] item: Leftovers
|upkeep
|turn|22
|inactive|Moutemoute has 270 seconds left.
|
|t:|1631477872
|move|p1a: Arctovish|Substitute|p1a: Arctovish
|-start|p1a: Arctovish|Substitute
|-damage|p1a: Arctovish|76/100
|move|p2a: Aegislash|Toxic||[still]
|-fail|p2a: Aegislash
|
|-weather|Hail|[upkeep]
|-damage|p2a: Aegislash|21/100|[from] Hail
|-heal|p2a: Aegislash|27/100|[from] item: Leftovers
|upkeep
|turn|23
|
|t:|1631477875
|move|p2a: Aegislash|King's Shield|p2a: Aegislash
|-singleturn|p2a: Aegislash|Protect
|move|p1a: Arctovish|Fishious Rend|p2a: Aegislash
|-activate|p2a: Aegislash|move: Protect
|-unboost|p1a: Arctovish|atk|1
|
|-weather|none
|-heal|p2a: Aegislash|34/100|[from] item: Leftovers
|upkeep
|turn|24
|inactive|Moutemoute has 270 seconds left.
|
|t:|1631477902
|switch|p2a: Reuniclus|Reuniclus, F|100/100
|move|p1a: Arctovish|Fishious Rend|p2a: Reuniclus
|-damage|p2a: Reuniclus|62/100
|
|upkeep
|turn|25
|inactive|Moutemoute has 270 seconds left.
|
|t:|1631477921
|switch|p1a: Jirachi|Jirachi|82/100
|-damage|p1a: Jirachi|66/100|[from] Spikes
|move|p2a: Reuniclus|Recover|p2a: Reuniclus
|-heal|p2a: Reuniclus|100/100
|
|upkeep
|turn|26
|inactive|Moutemoute has 270 seconds left.
|
|t:|1631477932
|switch|p2a: Togekiss|Togekiss, M|85/100 slp
|move|p1a: Jirachi|Trick|p2a: Togekiss
|-activate|p1a: Jirachi|move: Trick|[of] p2a: Togekiss
|-item|p2a: Togekiss|Choice Scarf|[from] move: Trick
|-item|p1a: Jirachi|Heavy-Duty Boots|[from] move: Trick
|
|upkeep
|turn|27
|
|t:|1631477939
|switch|p2a: Aegislash|Aegislash, M|34/100
|-damage|p2a: Aegislash|27/100|[from] Stealth Rock
|move|p1a: Jirachi|U-turn|p2a: Aegislash
|-resisted|p2a: Aegislash
|-damage|p2a: Aegislash|23/100
|
|t:|1631477945
|switch|p1a: Ninetales|Ninetales-Alola, M|36/100|[from]move: U-turn
|-damage|p1a: Ninetales|20/100|[from] Spikes
|-weather|Hail|[from] ability: Snow Warning|[of] p1a: Ninetales
|
|-weather|Hail|[upkeep]
|-damage|p2a: Aegislash|17/100|[from] Hail
|-heal|p2a: Aegislash|23/100|[from] item: Leftovers
|upkeep
|turn|28
|
|t:|1631477955
|switch|p1a: Kommo-o|Kommo-o, M|78/100 tox
|-damage|p1a: Kommo-o|61/100 tox|[from] Spikes
|-formechange|p2a: Aegislash|Aegislash-Blade||[from] ability: Stance Change
|move|p2a: Aegislash|Shadow Ball|p1a: Kommo-o
|-immune|p1a: Kommo-o|[from] ability: Bulletproof
|
|-weather|Hail|[upkeep]
|-damage|p1a: Kommo-o|55/100 tox|[from] Hail
|-damage|p2a: Aegislash|17/100|[from] Hail
|-heal|p1a: Kommo-o|61/100 tox|[from] item: Leftovers
|-heal|p2a: Aegislash|23/100|[from] item: Leftovers
|-damage|p1a: Kommo-o|55/100 tox|[from] psn
|upkeep
|turn|29
|
|t:|1631477973
|switch|p1a: Arctovish|Arctovish|76/100
|move|p2a: Aegislash|Shadow Ball|p1a: Arctovish
|-damage|p1a: Arctovish|30/100
|
|-weather|Hail|[upkeep]
|-damage|p2a: Aegislash|17/100|[from] Hail
|-heal|p2a: Aegislash|23/100|[from] item: Leftovers
|upkeep
|turn|30
|
|t:|1631477985
|move|p1a: Arctovish|Fishious Rend|p2a: Aegislash
|-damage|p2a: Aegislash|0 fnt
|faint|p2a: Aegislash
|
|-weather|Hail|[upkeep]
|upkeep
|
|t:|1631477987
|switch|p2a: Krookodile|Krookodile, M|70/100
|-damage|p2a: Krookodile|64/100|[from] Stealth Rock
|-ability|p2a: Krookodile|Intimidate|boost
|-unboost|p1a: Arctovish|atk|1
|turn|31
|
|t:|1631478004
|switch|p2a: Reuniclus|Reuniclus, F|100/100
|switch|p1a: Ninetales|Ninetales-Alola, M|20/100
|-damage|p1a: Ninetales|4/100|[from] Spikes
|
|-weather|none
|upkeep
|turn|32
|
|t:|1631478010
|move|p1a: Ninetales|Moonblast|p2a: Reuniclus
|-damage|p2a: Reuniclus|69/100
|move|p2a: Reuniclus|Acid Armor|p2a: Reuniclus
|-boost|p2a: Reuniclus|def|2
|
|upkeep
|turn|33
|
|t:|1631478018
|move|p1a: Ninetales|Encore|p2a: Reuniclus
|-start|p2a: Reuniclus|Encore
|move|p2a: Reuniclus|Acid Armor|p2a: Reuniclus
|-boost|p2a: Reuniclus|def|2
|
|upkeep
|turn|34
|
|t:|1631478020
|move|p1a: Ninetales|Freeze-Dry|p2a: Reuniclus
|-damage|p2a: Reuniclus|42/100
|move|p2a: Reuniclus|Acid Armor|p2a: Reuniclus
|-boost|p2a: Reuniclus|def|2
|
|upkeep
|turn|35
|c|+KSt3ve|moute
|c|+KSt3ve|...
|c|☆Moutemoute|tu voulais faire quoi kek
|inactive|Moutemoute has 270 seconds left.
|c|☆Moutemoute|je heal et j'me fais lock sur recover
|c|☆Moutemoute|le seul play c'était cross finger pour no encore
|c|☆Moutemoute|et set up mtn
|
|t:|1631478075
|switch|p2a: Krookodile|Krookodile, M|64/100
|-damage|p2a: Krookodile|58/100|[from] Stealth Rock
|-ability|p2a: Krookodile|Intimidate|boost
|-unboost|p1a: Ninetales|atk|1
|move|p1a: Ninetales|Freeze-Dry|p2a: Krookodile
|-supereffective|p2a: Krookodile
|-damage|p2a: Krookodile|0 fnt
|faint|p2a: Krookodile
|
|upkeep
|
|t:|1631478078
|switch|p2a: Reuniclus|Reuniclus, F|42/100
|turn|36
|
|t:|1631478086
|move|p1a: Ninetales|Moonblast|p2a: Reuniclus
|-damage|p2a: Reuniclus|7/100
|move|p2a: Reuniclus|Recover|p2a: Reuniclus
|-heal|p2a: Reuniclus|57/100
|
|upkeep
|turn|37
|
|t:|1631478091
|move|p1a: Ninetales|Moonblast|p2a: Reuniclus
|-damage|p2a: Reuniclus|25/100
|move|p2a: Reuniclus|Recover|p2a: Reuniclus
|-heal|p2a: Reuniclus|75/100
|
|upkeep
|turn|38
|
|t:|1631478094
|move|p1a: Ninetales|Encore|p2a: Reuniclus
|-start|p2a: Reuniclus|Encore
|move|p2a: Reuniclus|Recover|p2a: Reuniclus
|-heal|p2a: Reuniclus|100/100
|
|upkeep
|turn|39
|
|t:|1631478096
|move|p1a: Ninetales|Freeze-Dry|p2a: Reuniclus
|-damage|p2a: Reuniclus|76/100
|move|p2a: Reuniclus|Recover|p2a: Reuniclus
|-heal|p2a: Reuniclus|100/100
|
|upkeep
|turn|40
|
|t:|1631478099
|move|p1a: Ninetales|Moonblast|p2a: Reuniclus
|-damage|p2a: Reuniclus|68/100
|move|p2a: Reuniclus|Recover|p2a: Reuniclus
|-heal|p2a: Reuniclus|100/100
|
|-end|p2a: Reuniclus|Encore
|upkeep
|turn|41
|
|t:|1631478102
|switch|p2a: Togekiss|Togekiss, M|85/100 slp
|-damage|p2a: Togekiss|60/100 slp|[from] Stealth Rock
|move|p1a: Ninetales|Encore||[still]
|-fail|p1a: Ninetales
|
|upkeep
|turn|42
|
|t:|1631478106
|switch|p2a: Reuniclus|Reuniclus, F|100/100
|move|p1a: Ninetales|Freeze-Dry|p2a: Reuniclus
|-damage|p2a: Reuniclus|74/100
|
|upkeep
|turn|43
|
|t:|1631478113
|move|p1a: Ninetales|Moonblast|p2a: Reuniclus
|-damage|p2a: Reuniclus|41/100
|move|p2a: Reuniclus|Recover|p2a: Reuniclus
|-heal|p2a: Reuniclus|91/100
|
|upkeep
|turn|44
|
|t:|1631478138
|move|p1a: Ninetales|Encore|p2a: Reuniclus
|-start|p2a: Reuniclus|Encore
|move|p2a: Reuniclus|Recover|p2a: Reuniclus
|-heal|p2a: Reuniclus|100/100
|
|upkeep
|turn|45
|inactive|Moutemoute has 270 seconds left.
|
|t:|1631478154
|move|p1a: Ninetales|Freeze-Dry|p2a: Reuniclus
|-damage|p2a: Reuniclus|74/100
|move|p2a: Reuniclus|Recover|p2a: Reuniclus
|-heal|p2a: Reuniclus|100/100
|
|upkeep
|turn|46
|
|t:|1631478156
|move|p1a: Ninetales|Freeze-Dry|p2a: Reuniclus
|-damage|p2a: Reuniclus|78/100
|move|p2a: Reuniclus|Recover|p2a: Reuniclus
|-heal|p2a: Reuniclus|100/100
|
|-end|p2a: Reuniclus|Encore
|upkeep
|turn|47
|
|t:|1631478159
|switch|p2a: Togekiss|Togekiss, M|60/100 slp
|-damage|p2a: Togekiss|35/100 slp|[from] Stealth Rock
|move|p1a: Ninetales|Encore||[still]
|-fail|p1a: Ninetales
|
|upkeep
|turn|48
|
|t:|1631478162
|switch|p2a: Reuniclus|Reuniclus, F|100/100
|move|p1a: Ninetales|Freeze-Dry|p2a: Reuniclus
|-damage|p2a: Reuniclus|76/100
|
|upkeep
|turn|49
|
|t:|1631478165
|move|p1a: Ninetales|Moonblast|p2a: Reuniclus
|-damage|p2a: Reuniclus|44/100
|move|p2a: Reuniclus|Stored Power|p1a: Ninetales
|-damage|p1a: Ninetales|0 fnt
|faint|p1a: Ninetales
|
|upkeep
|
|t:|1631478169
|switch|p1a: Arctovish|Arctovish|30/100
|turn|50
|
|t:|1631478173
|move|p1a: Arctovish|Fishious Rend|p2a: Reuniclus
|-damage|p2a: Reuniclus|0 fnt
|faint|p2a: Reuniclus
|
|upkeep
|c|☆Tuononda|gg
|
|t:|1631478175
|switch|p2a: Togekiss|Togekiss, M|35/100 slp
|-damage|p2a: Togekiss|10/100 slp|[from] Stealth Rock
|turn|51
|
|t:|1631478178
|cant|p2a: Togekiss|slp
|move|p1a: Arctovish|Fishious Rend|p2a: Togekiss
|-damage|p2a: Togekiss|0 fnt
|faint|p2a: Togekiss
|
|win|Tuononda
|player|p2|Moutemoute|#moutemoute
|player|p2|
