|inactive|Battle timer is ON: inactive players will automatically lose when time's up.
|t:|1657469512
|gametype|singles
|player|p1|pkmn cypher 2013|lucas|
|player|p2|Adaam|#uutrio2ladder|
|teamsize|p1|6
|teamsize|p2|6
|gen|8
|tier|[Gen 8] UU
|rule|Sleep Clause Mod: Limit one foe put to sleep
|rule|Species Clause: Limit one of each Pokémon
|rule|OHKO Clause: OHKO moves are banned
|rule|Evasion Moves Clause: Evasion moves are banned
|rule|Endless Battle Clause: Forcing endless battles is banned
|rule|HP Percentage Mod: HP is shown in percentages
|rule|Dynamax Clause: You cannot dynamax
|clearpoke
|poke|p1|Primarina, F|
|poke|p1|Cobalion|
|poke|p1|Moltres|
|poke|p1|Nihilego|
|poke|p1|Tangrowth, M|
|poke|p1|Zygarde-10%|
|poke|p2|Gyarados, F|
|poke|p2|Diggersby, M|
|poke|p2|Amoonguss, M|
|poke|p2|Cobalion|
|poke|p2|Hydreigon, M|
|poke|p2|Hatterene, F|
|teampreview
|inactive|pkmn cypher 2013 also wants the timer to be on.
|c|☆pkmn cypher 2013|hf
|c|☆Adaam|hf
|inactive|pkmn cypher 2013 has 270 seconds left.
|inactive|Adaam has 270 seconds left.
|inactive|pkmn cypher 2013 has 240 seconds left.
|inactive|Adaam has 240 seconds left.
|inactive|pkmn cypher 2013 has 210 seconds left.
|inactive|Adaam has 210 seconds left.
|
|t:|1657469621
|start
|switch|p1a: Tangrowth|Tangrowth, M|100/100
|switch|p2a: Chipul tău și|Cobalion|100/100
|turn|1
|inactive|Adaam has 270 seconds left.
|
|t:|1657469651
|move|p2a: Chipul tău și|Stealth Rock|p1a: Tangrowth
|-sidestart|p1: pkmn cypher 2013|move: Stealth Rock
|move|p1a: Tangrowth|Focus Blast|p2a: Chipul tău și
|-supereffective|p2a: Chipul tău și
|-crit|p2a: Chipul tău și
|-damage|p2a: Chipul tău și|0 fnt
|faint|p2a: Chipul tău și
|
|upkeep
|
|t:|1657469658
|switch|p2a: Vrei să pleci dar|Amoonguss, M|100/100
|turn|2
|inactive|pkmn cypher 2013 has 270 seconds left.
|inactive|Adaam has 240 seconds left.
|c|+Indigo Plateau|oh no adam your sm is showing
|
|t:|1657469700
|move|p1a: Tangrowth|Knock Off|p2a: Vrei să pleci dar
|-damage|p2a: Vrei să pleci dar|84/100
|-damage|p1a: Tangrowth|84/100|[from] item: Rocky Helmet|[of] p2a: Vrei să pleci dar
|-enditem|p2a: Vrei să pleci dar|Rocky Helmet|[from] move: Knock Off|[of] p1a: Tangrowth
|move|p2a: Vrei să pleci dar|Sludge Bomb|p1a: Tangrowth
|-supereffective|p1a: Tangrowth
|-damage|p1a: Tangrowth|45/100
|-status|p1a: Tangrowth|psn
|
|-damage|p1a: Tangrowth|33/100 psn|[from] psn
|upkeep
|turn|3
|inactive|pkmn cypher 2013 has 270 seconds left.
|inactive|Adaam has 210 seconds left.
|inactive|pkmn cypher 2013 has 240 seconds left.
|
|t:|1657469753
|switch|p1a: Moltres|Moltres|100/100
|move|p2a: Vrei să pleci dar|Spore|p1a: Moltres
|-status|p1a: Moltres|slp|[from] move: Spore
|
|upkeep
|turn|4
|inactive|Adaam has 180 seconds left.
|inactive|pkmn cypher 2013 has 210 seconds left.
|
|t:|1657469790
|switch|p1a: Nihilego|Nihilego|100/100
|-damage|p1a: Nihilego|88/100|[from] Stealth Rock
|switch|p2a: Ma-i-a ha-ha|Hatterene, F|100/100
|
|-heal|p1a: Nihilego|94/100|[from] item: Black Sludge
|upkeep
|turn|5
|inactive|pkmn cypher 2013 has 210 seconds left.
|inactive|Adaam has 180 seconds left.
|inactive|pkmn cypher 2013 has 180 seconds left.
|
|t:|1657469837
|switch|p2a: big chungus|Diggersby, M|100/100
|move|p1a: Nihilego|Sludge Bomb|p2a: big chungus
|-resisted|p2a: big chungus
|-damage|p2a: big chungus|68/100
|
|-heal|p1a: Nihilego|100/100|[from] item: Black Sludge
|upkeep
|turn|6
|
|t:|1657469854
|move|p2a: big chungus|Knock Off|p1a: Nihilego
|-damage|p1a: Nihilego|30/100
|-enditem|p1a: Nihilego|Black Sludge|[from] move: Knock Off|[of] p2a: big chungus
|move|p1a: Nihilego|Stealth Rock|p2a: big chungus
|-sidestart|p2: Adaam|move: Stealth Rock
|
|upkeep
|turn|7
|inactive|Adaam has 150 seconds left.
|
|t:|1657469897
|switch|p1a: Cobalion|Cobalion|100/100
|-damage|p1a: Cobalion|97/100|[from] Stealth Rock
|move|p2a: big chungus|Knock Off|p1a: Cobalion
|-resisted|p1a: Cobalion
|-damage|p1a: Cobalion|78/100
|-damage|p2a: big chungus|52/100|[from] item: Rocky Helmet|[of] p1a: Cobalion
|-ability|p1a: Cobalion|Justified|boost
|-boost|p1a: Cobalion|atk|1
|-enditem|p1a: Cobalion|Rocky Helmet|[from] move: Knock Off|[of] p2a: big chungus
|
|upkeep
|turn|8
|
|t:|1657469910
|switch|p2a: Ma-i-a ha-ha|Hatterene, F|100/100
|-damage|p2a: Ma-i-a ha-ha|88/100|[from] Stealth Rock
|move|p1a: Cobalion|Swords Dance|p1a: Cobalion
|-boost|p1a: Cobalion|atk|2
|
|-heal|p2a: Ma-i-a ha-ha|94/100|[from] item: Leftovers
|upkeep
|turn|9
|
|t:|1657469919
|move|p1a: Cobalion|Megahorn|p2a: Ma-i-a ha-ha|[miss]
|-miss|p1a: Cobalion|p2a: Ma-i-a ha-ha
|move|p2a: Ma-i-a ha-ha|Mystical Fire|p1a: Cobalion
|-supereffective|p1a: Cobalion
|-damage|p1a: Cobalion|17/100
|-unboost|p1a: Cobalion|spa|1
|
|-heal|p2a: Ma-i-a ha-ha|99/100|[from] item: Leftovers
|upkeep
|turn|10
|
|t:|1657469949
|switch|p2a: dragostea din tei|Hydreigon, M|100/100
|-damage|p2a: dragostea din tei|88/100|[from] Stealth Rock
|move|p1a: Cobalion|Megahorn|p2a: dragostea din tei
|-supereffective|p2a: dragostea din tei
|-damage|p2a: dragostea din tei|0 fnt
|faint|p2a: dragostea din tei
|
|upkeep
|
|t:|1657469953
|switch|p2a: big chungus|Diggersby, M|52/100
|-damage|p2a: big chungus|46/100|[from] Stealth Rock
|turn|11
|inactive|pkmn cypher 2013 has 180 seconds left.
|
|t:|1657469985
|move|p2a: big chungus|Body Slam|p1a: Cobalion
|-resisted|p1a: Cobalion
|-damage|p1a: Cobalion|0 fnt
|faint|p1a: Cobalion
|
|upkeep
|inactive|pkmn cypher 2013 has 150 seconds left.
|inactive|pkmn cypher 2013 has 120 seconds left.
|
|t:|1657470044
|switch|p1a: Zygarde|Zygarde-10%|100/100
|-damage|p1a: Zygarde|94/100|[from] Stealth Rock
|-ability|p1a: Zygarde|Aura Break
|turn|12
|inactive|Adaam has 150 seconds left.
|inactive|pkmn cypher 2013 has 90 seconds left.
|inactive|Adaam has 120 seconds left.
|
|t:|1657470086
|move|p2a: big chungus|Body Slam|p1a: Zygarde
|-damage|p1a: Zygarde|0 fnt
|faint|p1a: Zygarde
|
|upkeep
|inactive|pkmn cypher 2013 has 60 seconds left.
|
|t:|1657470124
|switch|p1a: Tangrowth|Tangrowth, M|66/100 psn
|-damage|p1a: Tangrowth|54/100 psn|[from] Stealth Rock
|turn|13
|
|t:|1657470132
|switch|p2a: Vrei să pleci dar|Amoonguss, M|100/100
|-damage|p2a: Vrei să pleci dar|88/100|[from] Stealth Rock
|move|p1a: Tangrowth|Power Whip|p2a: Vrei să pleci dar|[miss]
|-miss|p1a: Tangrowth|p2a: Vrei să pleci dar
|
|-damage|p1a: Tangrowth|41/100 psn|[from] psn
|upkeep
|turn|14
|
|t:|1657470139
|switch|p1a: Moltres|Moltres|100/100 slp
|move|p2a: Vrei să pleci dar|Sludge Bomb|p1a: Moltres
|-damage|p1a: Moltres|78/100 slp
|
|upkeep
|turn|15
|inactive|Adaam has 120 seconds left.
|
|t:|1657470166
|switch|p2a: Ma-i-a ha-ha|Hatterene, F|99/100
|-damage|p2a: Ma-i-a ha-ha|88/100|[from] Stealth Rock
|cant|p1a: Moltres|slp
|
|-heal|p2a: Ma-i-a ha-ha|94/100|[from] item: Leftovers
|upkeep
|turn|16
|inactive|Adaam has 120 seconds left.
|
|t:|1657470180
|switch|p1a: Nihilego|Nihilego|30/100
|-damage|p1a: Nihilego|17/100|[from] Stealth Rock
|move|p2a: Ma-i-a ha-ha|Psyshock|p1a: Nihilego
|-supereffective|p1a: Nihilego
|-damage|p1a: Nihilego|0 fnt
|faint|p1a: Nihilego
|
|-heal|p2a: Ma-i-a ha-ha|99/100|[from] item: Leftovers
|upkeep
|c|☆pkmn cypher 2013|gg
|inactive|pkmn cypher 2013 has 60 seconds left.
|-message|pkmn cypher 2013 forfeited.
|
|win|Adaam
|c|☆Adaam|gg
