|inactive|Battle timer is ON: inactive players will automatically lose when time's up.
|t:|1657999523
|gametype|singles
|player|p1|VERSAILLES 1973|#avarice|
|player|p2|Moutemoute|#moutemoute|
|teamsize|p1|6
|teamsize|p2|6
|gen|8
|tier|[Gen 8] UU
|rule|Sleep Clause Mod: Limit one foe put to sleep
|rule|Species Clause: Limit one of each Pokémon
|rule|OHKO Clause: OHKO moves are banned
|rule|Evasion Moves Clause: Evasion moves are banned
|rule|Endless Battle Clause: Forcing endless battles is banned
|rule|HP Percentage Mod: HP is shown in percentages
|rule|Dynamax Clause: You cannot dynamax
|clearpoke
|poke|p1|Vanilluxe, M|
|poke|p1|Slowking, F|
|poke|p1|Hippowdon, M|
|poke|p1|Zarude-Dada|
|poke|p1|Cobalion|
|poke|p1|Salamence, M|
|poke|p2|Chandelure, M|
|poke|p2|Hatterene, F|
|poke|p2|Swampert, M|
|poke|p2|Tangrowth, M|
|poke|p2|Hydreigon, F|
|poke|p2|Cobalion|
|teampreview
|c|+omicorio|go versailles 1973 (his birthdate)
|inactive|VERSAILLES 1973 has 270 seconds left.
|inactive|Moutemoute has 270 seconds left.
|c|☆Moutemoute|hf
|c|☆VERSAILLES 1973|hf
|inactive|VERSAILLES 1973 has 240 seconds left.
|
|t:|1657999584
|start
|switch|p1a: tension|Hippowdon, M|100/100
|switch|p2a: Hydreigon|Hydreigon, F|100/100
|-weather|Sandstorm|[from] ability: Sand Stream|[of] p1a: tension
|turn|1
|
|t:|1657999590
|move|p2a: Hydreigon|U-turn|p1a: tension
|-damage|p1a: tension|91/100
|
|t:|1657999593
|switch|p2a: Swampert|Swampert, M|100/100|[from]move: U-turn
|move|p1a: tension|Earthquake|p2a: Swampert
|-damage|p2a: Swampert|71/100
|
|-weather|Sandstorm|[upkeep]
|-heal|p2a: Swampert|77/100|[from] item: Leftovers
|-heal|p1a: tension|97/100|[from] item: Leftovers
|upkeep
|turn|2
|
|t:|1657999604
|move|p2a: Swampert|Flip Turn|p1a: tension
|-supereffective|p1a: tension
|-damage|p1a: tension|70/100
|
|t:|1657999606
|switch|p2a: Hatterene|Hatterene, F|100/100|[from]move: Flip Turn
|move|p1a: tension|Earthquake|p2a: Hatterene
|-damage|p2a: Hatterene|67/100
|
|-weather|Sandstorm|[upkeep]
|-damage|p2a: Hatterene|61/100|[from] Sandstorm
|-heal|p1a: tension|76/100|[from] item: Leftovers
|-heal|p2a: Hatterene|67/100|[from] item: Leftovers
|upkeep
|turn|3
|
|t:|1657999622
|move|p1a: tension|Earthquake|p2a: Hatterene
|-damage|p2a: Hatterene|37/100
|move|p2a: Hatterene|Calm Mind|p2a: Hatterene
|-boost|p2a: Hatterene|spa|1
|-boost|p2a: Hatterene|spd|1
|
|-weather|Sandstorm|[upkeep]
|-damage|p2a: Hatterene|31/100|[from] Sandstorm
|-heal|p1a: tension|83/100|[from] item: Leftovers
|-heal|p2a: Hatterene|37/100|[from] item: Leftovers
|upkeep
|turn|4
|
|t:|1657999626
|move|p1a: tension|Earthquake|p2a: Hatterene
|-damage|p2a: Hatterene|6/100
|move|p2a: Hatterene|Draining Kiss|p1a: tension
|-damage|p1a: tension|55/100
|-heal|p2a: Hatterene|34/100|[from] drain|[of] p1a: tension
|
|-weather|Sandstorm|[upkeep]
|-damage|p2a: Hatterene|28/100|[from] Sandstorm
|-heal|p1a: tension|61/100|[from] item: Leftovers
|-heal|p2a: Hatterene|34/100|[from] item: Leftovers
|upkeep
|turn|5
|
|t:|1657999635
|move|p1a: tension|Earthquake|p2a: Hatterene
|-damage|p2a: Hatterene|0 fnt
|faint|p2a: Hatterene
|
|-weather|none
|-heal|p1a: tension|67/100|[from] item: Leftovers
|upkeep
|
|t:|1657999643
|switch|p2a: Swampert|Swampert, M|77/100
|turn|6
|c|+mncmt|LMFAOOO
|c|+mncmt|UNRANK
|
|t:|1657999653
|move|p2a: Swampert|Stealth Rock|p1a: tension
|-sidestart|p1: VERSAILLES 1973|move: Stealth Rock
|move|p1a: tension|Toxic|p2a: Swampert
|-status|p2a: Swampert|tox
|
|-heal|p2a: Swampert|83/100 tox|[from] item: Leftovers
|-heal|p1a: tension|73/100|[from] item: Leftovers
|-damage|p2a: Swampert|77/100 tox|[from] psn
|upkeep
|turn|7
|
|t:|1657999666
|move|p2a: Swampert|Toxic|p1a: tension
|-status|p1a: tension|tox
|move|p1a: tension|Slack Off|p1a: tension
|-heal|p1a: tension|100/100 tox
|
|-heal|p2a: Swampert|83/100 tox|[from] item: Leftovers
|-damage|p2a: Swampert|71/100 tox|[from] psn
|-damage|p1a: tension|94/100 tox|[from] psn
|upkeep
|turn|8
|
|t:|1657999673
|move|p2a: Swampert|Flip Turn|p1a: tension
|-supereffective|p1a: tension
|-damage|p1a: tension|67/100 tox
|
|t:|1657999676
|switch|p2a: Tangrowth|Tangrowth, M|100/100|[from]move: Flip Turn
|move|p1a: tension|Stealth Rock|p2a: Tangrowth
|-sidestart|p2: Moutemoute|move: Stealth Rock
|
|-heal|p1a: tension|73/100 tox|[from] item: Leftovers
|-damage|p1a: tension|61/100 tox|[from] psn
|upkeep
|turn|9
|
|t:|1657999688
|switch|p1a: tokyo emergency|Salamence, M|100/100
|-ability|p1a: tokyo emergency|Intimidate|boost
|-unboost|p2a: Tangrowth|atk|1
|move|p2a: Tangrowth|Power Whip|p1a: tokyo emergency
|-resisted|p1a: tokyo emergency
|-damage|p1a: tokyo emergency|95/100
|
|upkeep
|turn|10
|
|t:|1657999697
|move|p1a: tokyo emergency|Toxic|p2a: Tangrowth
|-status|p2a: Tangrowth|tox
|move|p2a: Tangrowth|Knock Off|p1a: tokyo emergency
|-damage|p1a: tokyo emergency|84/100
|-enditem|p1a: tokyo emergency|Heavy-Duty Boots|[from] move: Knock Off|[of] p2a: Tangrowth
|
|-damage|p2a: Tangrowth|94/100 tox|[from] psn
|upkeep
|turn|11
|
|t:|1657999707
|switch|p1a: awakening|Slowking, F|100/100
|-damage|p1a: awakening|88/100|[from] Stealth Rock
|switch|p2a: Hydreigon|Hydreigon, F|100/100
|-damage|p2a: Hydreigon|88/100|[from] Stealth Rock
|
|upkeep
|turn|12
|
|t:|1657999714
|move|p2a: Hydreigon|Dark Pulse|p1a: awakening
|-supereffective|p1a: awakening
|-crit|p1a: awakening
|-enditem|p1a: awakening|Colbur Berry|[eat]
|-enditem|p1a: awakening|Colbur Berry|[weaken]
|-damage|p1a: awakening|44/100
|move|p1a: awakening|Teleport|p1a: awakening
|
|t:|1657999719
|switch|p1a: will power|Cobalion|100/100|[from]move: Teleport
|-damage|p1a: will power|97/100|[from] Stealth Rock
|
|upkeep
|turn|13
|inactive|VERSAILLES 1973 has 270 seconds left.
|
|t:|1657999752
|switch|p2a: Swampert|Swampert, M|71/100 tox
|-damage|p2a: Swampert|65/100 tox|[from] Stealth Rock
|move|p1a: will power|Swords Dance|p1a: will power
|-boost|p1a: will power|atk|2
|
|-heal|p2a: Swampert|71/100 tox|[from] item: Leftovers
|-damage|p2a: Swampert|65/100 tox|[from] psn
|upkeep
|turn|14
|
|t:|1657999756
|move|p1a: will power|Close Combat|p2a: Swampert
|-damage|p2a: Swampert|0 fnt
|-unboost|p1a: will power|def|1
|-unboost|p1a: will power|spd|1
|faint|p2a: Swampert
|
|upkeep
|
|t:|1657999758
|switch|p2a: Hydreigon|Hydreigon, F|88/100
|-damage|p2a: Hydreigon|76/100|[from] Stealth Rock
|turn|15
|
|t:|1657999782
|switch|p1a: tension|Hippowdon, M|61/100 tox
|-damage|p1a: tension|55/100 tox|[from] Stealth Rock
|-weather|Sandstorm|[from] ability: Sand Stream|[of] p1a: tension
|move|p2a: Hydreigon|Fire Blast|p1a: tension
|-damage|p1a: tension|21/100 tox
|
|-weather|Sandstorm|[upkeep]
|-damage|p2a: Hydreigon|70/100|[from] Sandstorm
|-heal|p1a: tension|27/100 tox|[from] item: Leftovers
|-damage|p1a: tension|21/100 tox|[from] psn
|upkeep
|turn|16
|
|t:|1657999793
|move|p2a: Hydreigon|Fire Blast|p1a: tension
|-damage|p1a: tension|0 fnt
|faint|p1a: tension
|
|-weather|Sandstorm|[upkeep]
|-damage|p2a: Hydreigon|64/100|[from] Sandstorm
|upkeep
|
|t:|1657999798
|switch|p1a: awakening|Slowking, F|77/100
|-damage|p1a: awakening|64/100|[from] Stealth Rock
|turn|17
|
|t:|1657999804
|switch|p2a: Chandelure|Chandelure, M|100/100
|move|p1a: awakening|Teleport|p1a: awakening
|
|t:|1657999822
|switch|p1a: phantom|Zarude-Dada|100/100|[from]move: Teleport
|-damage|p1a: phantom|88/100|[from] Stealth Rock
|
|-weather|Sandstorm|[upkeep]
|-damage|p1a: phantom|82/100|[from] Sandstorm
|-damage|p2a: Chandelure|94/100|[from] Sandstorm
|upkeep
|turn|18
|
|t:|1657999839
|move|p1a: phantom|Darkest Lariat|p2a: Chandelure
|-supereffective|p2a: Chandelure
|-damage|p2a: Chandelure|0 fnt
|faint|p2a: Chandelure
|
|-weather|Sandstorm|[upkeep]
|-damage|p1a: phantom|76/100|[from] Sandstorm
|upkeep
|
|t:|1657999841
|switch|p2a: Cobalion|Cobalion|100/100
|-damage|p2a: Cobalion|97/100|[from] Stealth Rock
|turn|19
|
|t:|1657999845
|switch|p1a: awakening|Slowking, F|98/100
|-damage|p1a: awakening|85/100|[from] Stealth Rock
|move|p2a: Cobalion|Swords Dance|p2a: Cobalion
|-boost|p2a: Cobalion|atk|2
|
|-weather|none
|upkeep
|turn|20
|
|t:|1657999850
|move|p2a: Cobalion|Megahorn|p1a: awakening|[miss]
|-miss|p2a: Cobalion|p1a: awakening
|move|p1a: awakening|Flamethrower|p2a: Cobalion
|-supereffective|p2a: Cobalion
|-damage|p2a: Cobalion|44/100
|
|upkeep
|turn|21
|
|t:|1657999857
|move|p2a: Cobalion|Megahorn|p1a: awakening|[miss]
|-miss|p2a: Cobalion|p1a: awakening
|move|p1a: awakening|Flamethrower|p2a: Cobalion
|-supereffective|p2a: Cobalion
|-damage|p2a: Cobalion|0 fnt
|faint|p2a: Cobalion
|
|upkeep
|c|☆Moutemoute|ye
|c|☆Moutemoute|fun
|-message|Moutemoute forfeited.
|
|win|VERSAILLES 1973
|c|☆VERSAILLES 1973|i think mence had your tea atp
|c|☆Moutemoute|without boots
|c|☆VERSAILLES 1973|he's a fat one
|c|☆Moutemoute|+1 252 Atk Cobalion Stone Edge vs. 248 HP / 160+ Def Salamence: 232-274 (59 - 69.7%) -- guaranteed 2HKO
|c|☆Moutemoute|84-25 =60
|c|+mncmt|WE ARE MAX DEF
|c|+mncmt|ops cap
|c|+KM|uniorincally we basically are
|player|p2|Moutemoute|#moutemoute
|player|p2|
|player|p2|Moutemoute|#moutemoute
|player|p2|
