|inactive|Battle timer is ON: inactive players will automatically lose when time's up.
|t:|1646798587
|gametype|singles
|player|p1|GasaiiYunoSan|cynthia|
|player|p2|Sage|phoebe-gen3|
|teamsize|p1|6
|teamsize|p2|6
|gen|8
|tier|[Gen 8] UU
|rule|Sleep Clause Mod: Limit one foe put to sleep
|rule|Species Clause: Limit one of each Pokémon
|rule|OHKO Clause: OHKO moves are banned
|rule|Evasion Moves Clause: Evasion moves are banned
|rule|Endless Battle Clause: Forcing endless battles is banned
|rule|HP Percentage Mod: HP is shown in percentages
|rule|Dynamax Clause: You cannot dynamax
|clearpoke
|poke|p1|Salamence, M|
|poke|p1|Azelf|
|poke|p1|Jirachi|
|poke|p1|Ribombee, M|
|poke|p1|Durant, F|
|poke|p1|Thundurus-Therian, M|
|poke|p2|Chansey, F|
|poke|p2|Ditto|
|poke|p2|Salamence, M|
|poke|p2|Mamoswine, F|
|poke|p2|Cobalion|
|poke|p2|Primarina, F|
|teampreview
|c|☆Sage|hf
|inactive|Sage has 270 seconds left.
|c|☆GasaiiYunoSan|Hf jsjs
|inactive|Sage has 240 seconds left.
|
|t:|1646798664
|start
|switch|p1a: Azelf|Azelf|100/100
|switch|p2a: Whole Damn Cake|Mamoswine, F|100/100
|turn|1
|
|t:|1646798668
|move|p1a: Azelf|Stealth Rock|p2a: Whole Damn Cake
|-sidestart|p2: Sage|move: Stealth Rock
|move|p2a: Whole Damn Cake|Knock Off|p1a: Azelf
|-supereffective|p1a: Azelf
|-enditem|p1a: Azelf|Focus Sash
|-damage|p1a: Azelf|1/100
|
|upkeep
|turn|2
|inactive|Sage has 270 seconds left.
|
|t:|1646798702
|move|p2a: Whole Damn Cake|Ice Shard|p1a: Azelf
|-damage|p1a: Azelf|0 fnt
|faint|p1a: Azelf
|
|upkeep
|inactive|GasaiiYunoSan has 270 seconds left.
|
|t:|1646798734
|switch|p1a: Jirachi|Jirachi|100/100
|turn|3
|
|t:|1646798744
|switch|p2a: Shine Like Gloss|Cobalion|100/100
|-damage|p2a: Shine Like Gloss|97/100|[from] Stealth Rock
|move|p1a: Jirachi|Iron Head|p2a: Shine Like Gloss
|-resisted|p2a: Shine Like Gloss
|-damage|p2a: Shine Like Gloss|82/100
|-damage|p1a: Jirachi|84/100|[from] item: Rocky Helmet|[of] p2a: Shine Like Gloss
|
|upkeep
|turn|4
|
|t:|1646798753
|switch|p1a: Thundurus|Thundurus-Therian, M|100/100
|move|p2a: Shine Like Gloss|Stealth Rock|p1a: Thundurus
|-sidestart|p1: GasaiiYunoSan|move: Stealth Rock
|
|upkeep
|turn|5
|
|t:|1646798761
|move|p2a: Shine Like Gloss|Stone Edge|p1a: Thundurus
|-supereffective|p1a: Thundurus
|-damage|p1a: Thundurus|14/100
|move|p1a: Thundurus|Focus Blast|p2a: Shine Like Gloss|[miss]
|-miss|p1a: Thundurus|p2a: Shine Like Gloss
|
|upkeep
|turn|6
|c|☆Sage|sry
|
|t:|1646798775
|move|p2a: Shine Like Gloss|Close Combat|p1a: Thundurus
|-resisted|p1a: Thundurus
|-damage|p1a: Thundurus|0 fnt
|-unboost|p2a: Shine Like Gloss|def|1
|-unboost|p2a: Shine Like Gloss|spd|1
|faint|p1a: Thundurus
|
|upkeep
|
|t:|1646798787
|switch|p1a: Durant|Durant, F|100/100
|-damage|p1a: Durant|88/100|[from] Stealth Rock
|turn|7
|inactive|GasaiiYunoSan has 270 seconds left.
|
|t:|1646798814
|switch|p2a: Ken|Salamence, M|100/100
|-ability|p2a: Ken|Intimidate|boost
|-unboost|p1a: Durant|atk|1
|move|p1a: Durant|Stomping Tantrum|p2a: Ken
|-immune|p2a: Ken
|
|upkeep
|turn|8
|inactive|GasaiiYunoSan has 270 seconds left.
|
|t:|1646798840
|switch|p1a: Salamence|Salamence, M|100/100
|-damage|p1a: Salamence|76/100|[from] Stealth Rock
|move|p2a: Ken|Flamethrower|p1a: Salamence
|-resisted|p1a: Salamence
|-damage|p1a: Salamence|58/100
|
|upkeep
|turn|9
|inactive|GasaiiYunoSan has 240 seconds left.
|inactive|GasaiiYunoSan has 210 seconds left.
|
|t:|1646798912
|switch|p1a: Durant|Durant, F|88/100
|-damage|p1a: Durant|76/100|[from] Stealth Rock
|switch|p2a: Barbie|Primarina, F|100/100
|-damage|p2a: Barbie|88/100|[from] Stealth Rock
|
|-heal|p2a: Barbie|94/100|[from] item: Leftovers
|upkeep
|turn|10
|
|t:|1646798931
|switch|p2a: Ken|Salamence, M|100/100
|-ability|p2a: Ken|Intimidate|boost
|-unboost|p1a: Durant|atk|1
|move|p1a: Durant|Iron Head|p2a: Ken
|-damage|p2a: Ken|41/100
|-damage|p1a: Durant|66/100|[from] item: Life Orb
|
|upkeep
|turn|11
|
|t:|1646798939
|switch|p2a: Shine Like Gloss|Cobalion|82/100
|-damage|p2a: Shine Like Gloss|79/100|[from] Stealth Rock
|move|p1a: Durant|Iron Head|p2a: Shine Like Gloss
|-resisted|p2a: Shine Like Gloss
|-damage|p2a: Shine Like Gloss|59/100
|-damage|p1a: Durant|50/100|[from] item: Rocky Helmet|[of] p2a: Shine Like Gloss
|-damage|p1a: Durant|40/100|[from] item: Life Orb
|
|upkeep
|turn|12
|
|t:|1646798943
|switch|p2a: Barbie|Primarina, F|94/100
|-damage|p2a: Barbie|82/100|[from] Stealth Rock
|move|p1a: Durant|Stomping Tantrum|p2a: Barbie
|-damage|p2a: Barbie|56/100
|-damage|p1a: Durant|30/100|[from] item: Life Orb
|
|-heal|p2a: Barbie|62/100|[from] item: Leftovers
|upkeep
|turn|13
|
|t:|1646798948
|move|p1a: Durant|Iron Head|p2a: Barbie
|-damage|p2a: Barbie|22/100
|-damage|p1a: Durant|20/100|[from] item: Life Orb
|move|p2a: Barbie|Moonblast|p1a: Durant
|-resisted|p1a: Durant
|-damage|p1a: Durant|0 fnt
|faint|p1a: Durant
|
|-heal|p2a: Barbie|28/100|[from] item: Leftovers
|upkeep
|inactive|GasaiiYunoSan has 210 seconds left.
|
|t:|1646798969
|switch|p1a: Salamence|Salamence, M|58/100
|-damage|p1a: Salamence|33/100|[from] Stealth Rock
|turn|14
|
|t:|1646798972
|move|p1a: Salamence|Iron Tail|p2a: Barbie
|-damage|p2a: Barbie|0 fnt
|faint|p2a: Barbie
|-ability|p1a: Salamence|Moxie|boost
|-boost|p1a: Salamence|atk|1
|
|upkeep
|
|t:|1646798975
|switch|p2a: Whole Damn Cake|Mamoswine, F|100/100
|-damage|p2a: Whole Damn Cake|88/100|[from] Stealth Rock
|turn|15
|
|t:|1646798979
|switch|p1a: Jirachi|Jirachi|84/100
|-damage|p1a: Jirachi|78/100|[from] Stealth Rock
|move|p2a: Whole Damn Cake|Ice Shard|p1a: Jirachi
|-resisted|p1a: Jirachi
|-damage|p1a: Jirachi|64/100
|
|upkeep
|turn|16
|
|t:|1646798987
|switch|p2a: Shine Like Gloss|Cobalion|59/100
|-damage|p2a: Shine Like Gloss|56/100|[from] Stealth Rock
|move|p1a: Jirachi|U-turn|p2a: Shine Like Gloss
|-resisted|p2a: Shine Like Gloss
|-damage|p2a: Shine Like Gloss|52/100
|-damage|p1a: Jirachi|48/100|[from] item: Rocky Helmet|[of] p2a: Shine Like Gloss
|
|t:|1646798995
|switch|p1a: Ribombee|Ribombee, M|100/100|[from]move: U-turn
|-damage|p1a: Ribombee|76/100|[from] Stealth Rock
|
|upkeep
|turn|17
|
|t:|1646798999
|switch|p2a: Boss B!tch|Chansey, F|100/100
|-damage|p2a: Boss B!tch|88/100|[from] Stealth Rock
|move|p1a: Ribombee|Moonblast|p2a: Boss B!tch
|-damage|p2a: Boss B!tch|69/100
|-damage|p1a: Ribombee|66/100|[from] item: Life Orb
|
|upkeep
|turn|18
|inactive|GasaiiYunoSan has 240 seconds left.
|c|+xImRaptor ☾|Good night uu players 
|inactive|GasaiiYunoSan has 210 seconds left.
|c|+avg|bn raptor
|
|t:|1646799061
|move|p1a: Ribombee|Bug Buzz|p2a: Boss B!tch
|-damage|p2a: Boss B!tch|53/100
|-damage|p1a: Ribombee|56/100|[from] item: Life Orb
|move|p2a: Boss B!tch|Seismic Toss|p1a: Ribombee
|-damage|p1a: Ribombee|17/100
|
|upkeep
|turn|19
|
|t:|1646799069
|switch|p1a: Salamence|Salamence, M|33/100
|-damage|p1a: Salamence|9/100|[from] Stealth Rock
|move|p2a: Boss B!tch|Soft-Boiled|p2a: Boss B!tch
|-heal|p2a: Boss B!tch|100/100
|
|upkeep
|turn|20
|
|t:|1646799075
|switch|p2a: Ken|Salamence, M|41/100
|-ability|p2a: Ken|Intimidate|boost
|-unboost|p1a: Salamence|atk|1
|move|p1a: Salamence|Outrage|p2a: Ken
|-supereffective|p2a: Ken
|-damage|p2a: Ken|0 fnt
|faint|p2a: Ken
|-ability|p1a: Salamence|Moxie|boost
|-boost|p1a: Salamence|atk|1
|
|upkeep
|
|t:|1646799078
|switch|p2a: Whole Damn Cake|Mamoswine, F|88/100
|-damage|p2a: Whole Damn Cake|76/100|[from] Stealth Rock
|turn|21
|
|t:|1646799082
|move|p2a: Whole Damn Cake|Ice Shard|p1a: Salamence
|-supereffective|p1a: Salamence
|-damage|p1a: Salamence|0 fnt
|faint|p1a: Salamence
|
|upkeep
|
|t:|1646799083
|switch|p1a: Jirachi|Jirachi|48/100
|-damage|p1a: Jirachi|42/100|[from] Stealth Rock
|turn|22
|
|t:|1646799088
|move|p1a: Jirachi|Fire Punch|p2a: Whole Damn Cake
|-supereffective|p2a: Whole Damn Cake
|-damage|p2a: Whole Damn Cake|21/100
|-status|p2a: Whole Damn Cake|brn
|move|p2a: Whole Damn Cake|Knock Off|p1a: Jirachi
|-supereffective|p1a: Jirachi
|-damage|p1a: Jirachi|6/100
|-enditem|p1a: Jirachi|Choice Scarf|[from] move: Knock Off|[of] p2a: Whole Damn Cake
|
|-damage|p2a: Whole Damn Cake|15/100 brn|[from] brn
|upkeep
|turn|23
|
|t:|1646799091
|move|p2a: Whole Damn Cake|Ice Shard|p1a: Jirachi
|-resisted|p1a: Jirachi
|-damage|p1a: Jirachi|0 fnt
|faint|p1a: Jirachi
|
|-damage|p2a: Whole Damn Cake|9/100 brn|[from] brn
|upkeep
|
|t:|1646799092
|switch|p1a: Ribombee|Ribombee, M|17/100
|-damage|p1a: Ribombee|0 fnt|[from] Stealth Rock
|faint|p1a: Ribombee
|
|win|Sage
|c|☆Sage|gg
|c|☆GasaiiYunoSan|Gg
