|inactive|Battle timer is ON: inactive players will automatically lose when time's up.
|t:|1654886582
|gametype|singles
|player|p1|Adaam|#uutrio2ladder|
|player|p2|charlizard xcx|nessa|
|teamsize|p1|6
|teamsize|p2|6
|gen|8
|tier|[Gen 8] UU
|rule|Sleep Clause Mod: Limit one foe put to sleep
|rule|Species Clause: Limit one of each Pokémon
|rule|OHKO Clause: OHKO moves are banned
|rule|Evasion Moves Clause: Evasion moves are banned
|rule|Endless Battle Clause: Forcing endless battles is banned
|rule|HP Percentage Mod: HP is shown in percentages
|rule|Dynamax Clause: You cannot dynamax
|clearpoke
|poke|p1|Jirachi|
|poke|p1|Cobalion|
|poke|p1|Hydreigon, F|
|poke|p1|Diggersby, M|
|poke|p1|Tapu Bulu|
|poke|p1|Rotom-Wash|
|poke|p2|Scolipede, M|
|poke|p2|Excadrill, M|
|poke|p2|Salamence, M|
|poke|p2|Slowbro-Galar, F|
|poke|p2|Scizor, F|
|poke|p2|Primarina, M|
|teampreview
|c|☆Adaam|hf
|c|☆charlizard xcx|hf
|inactive|Adaam has 270 seconds left.
|inactive|charlizard xcx has 270 seconds left.
|c|+ara|who is this
|c|+ara|why is their name charlizard xcx
|c|+Mionda ✿|charlizard xcx
|inactive|Adaam has 240 seconds left.
|inactive|Adaam has 210 seconds left.
|
|t:|1654886676
|start
|switch|p1a: ajrachi|Jirachi|100/100
|switch|p2a: Scolipede|Scolipede, M|100/100
|turn|1
|
|t:|1654886683
|move|p2a: Scolipede|Spikes|p1a: ajrachi
|-sidestart|p1: Adaam|Spikes
|move|p1a: ajrachi|Body Slam|p2a: Scolipede
|-damage|p2a: Scolipede|66/100
|
|-ability|p2a: Scolipede|Speed Boost|boost
|-boost|p2a: Scolipede|spe|1
|upkeep
|turn|2
|
|t:|1654886689
|move|p2a: Scolipede|Earthquake|p1a: ajrachi
|-supereffective|p1a: ajrachi
|-damage|p1a: ajrachi|44/100
|move|p1a: ajrachi|Body Slam|p2a: Scolipede
|-damage|p2a: Scolipede|29/100
|
|-heal|p1a: ajrachi|50/100|[from] item: Leftovers
|-ability|p2a: Scolipede|Speed Boost|boost
|-boost|p2a: Scolipede|spe|1
|upkeep
|turn|3
|c|☆Adaam|how to lose a game in 2 turns
|inactive|Adaam has 270 seconds left.
|inactive|charlizard xcx has 270 seconds left.
|
|t:|1654886725
|switch|p1a: Tapu Bulu|Tapu Bulu|100/100
|-damage|p1a: Tapu Bulu|88/100|[from] Spikes
|-fieldstart|move: Grassy Terrain|[from] ability: Grassy Surge|[of] p1a: Tapu Bulu
|move|p2a: Scolipede|Earthquake|p1a: Tapu Bulu
|-resisted|p1a: Tapu Bulu
|-damage|p1a: Tapu Bulu|83/100
|
|-heal|p2a: Scolipede|35/100|[from] Grassy Terrain
|-heal|p1a: Tapu Bulu|89/100|[from] Grassy Terrain
|-ability|p2a: Scolipede|Speed Boost|boost
|-boost|p2a: Scolipede|spe|1
|upkeep
|turn|4
|inactive|Adaam has 270 seconds left.
|inactive|charlizard xcx has 270 seconds left.
|
|t:|1654886738
|switch|p1a: ajrachi|Jirachi|50/100
|-damage|p1a: ajrachi|38/100|[from] Spikes
|move|p2a: Scolipede|Endeavor|p1a: ajrachi
|-damage|p1a: ajrachi|27/100
|
|-heal|p2a: Scolipede|41/100|[from] Grassy Terrain
|-heal|p1a: ajrachi|33/100|[from] Grassy Terrain
|-heal|p1a: ajrachi|40/100|[from] item: Leftovers
|-ability|p2a: Scolipede|Speed Boost|boost
|-boost|p2a: Scolipede|spe|1
|upkeep
|turn|5
|
|t:|1654886744
|move|p2a: Scolipede|Megahorn|p1a: ajrachi|[miss]
|-miss|p2a: Scolipede|p1a: ajrachi
|move|p1a: ajrachi|Body Slam|p2a: Scolipede
|-damage|p2a: Scolipede|8/100
|-status|p2a: Scolipede|par
|
|-heal|p2a: Scolipede|14/100 par|[from] Grassy Terrain
|-heal|p1a: ajrachi|46/100|[from] Grassy Terrain
|-heal|p1a: ajrachi|52/100|[from] item: Leftovers
|-ability|p2a: Scolipede|Speed Boost|boost
|-boost|p2a: Scolipede|spe|1
|upkeep
|turn|6
|inactive|Adaam has 270 seconds left.
|
|t:|1654886778
|move|p2a: Scolipede|Endeavor|p1a: ajrachi
|-damage|p1a: ajrachi|11/100
|move|p1a: ajrachi|Body Slam|p2a: Scolipede
|-damage|p2a: Scolipede|0 fnt
|faint|p2a: Scolipede
|
|-heal|p1a: ajrachi|17/100|[from] Grassy Terrain
|-heal|p1a: ajrachi|23/100|[from] item: Leftovers
|upkeep
|inactive|charlizard xcx has 270 seconds left.
|
|t:|1654886801
|switch|p2a: Excadrill|Excadrill, M|100/100
|-ability|p2a: Excadrill|Mold Breaker
|turn|7
|
|t:|1654886820
|move|p1a: ajrachi|Body Slam|p2a: Excadrill
|-resisted|p2a: Excadrill
|-damage|p2a: Excadrill|83/100
|move|p2a: Excadrill|Earthquake|p1a: ajrachi
|-supereffective|p1a: ajrachi
|-damage|p1a: ajrachi|0 fnt
|faint|p1a: ajrachi
|
|-heal|p2a: Excadrill|89/100|[from] Grassy Terrain
|-fieldend|move: Grassy Terrain
|upkeep
|inactive|Adaam has 240 seconds left.
|inactive|Adaam has 210 seconds left.
|inactive|Adaam has 180 seconds left.
|inactive|Adaam has 150 seconds left.
|
|t:|1654886943
|switch|p1a: Cobalion|Cobalion|100/100
|-damage|p1a: Cobalion|88/100|[from] Spikes
|turn|8
|
|t:|1654886956
|switch|p2a: Slowbro|Slowbro-Galar, F|100/100
|move|p1a: Cobalion|Close Combat|p2a: Slowbro
|-resisted|p2a: Slowbro
|-damage|p2a: Slowbro|88/100
|-unboost|p1a: Cobalion|def|1
|-unboost|p1a: Cobalion|spd|1
|
|-heal|p1a: Cobalion|94/100|[from] item: Leftovers
|upkeep
|turn|9
|
|t:|1654886970
|switch|p1a: Rotom|Rotom-Wash|100/100
|move|p2a: Slowbro|Sludge Wave|p1a: Rotom
|-damage|p1a: Rotom|56/100
|
|-heal|p1a: Rotom|62/100|[from] item: Leftovers
|upkeep
|turn|10
|-activate|p2a: Slowbro|item: Quick Claw
|
|t:|1654886995
|move|p2a: Slowbro|Sludge Wave|p1a: Rotom
|-damage|p1a: Rotom|15/100
|move|p1a: Rotom|Defog|p2a: Slowbro
|-unboost|p2a: Slowbro|evasion|1
|-sideend|p1: Adaam|Spikes|[from] move: Defog|[of] p1a: Rotom
|
|-heal|p1a: Rotom|21/100|[from] item: Leftovers
|upkeep
|turn|11
|
|t:|1654887011
|switch|p1a: big chungus|Diggersby, M|100/100
|move|p2a: Slowbro|Sludge Wave|p1a: big chungus
|-resisted|p1a: big chungus
|-damage|p1a: big chungus|69/100
|
|upkeep
|turn|12
|inactive|charlizard xcx has 270 seconds left.
|inactive|Adaam has 120 seconds left.
|
|t:|1654887054
|switch|p2a: Excadrill|Excadrill, M|89/100
|-ability|p2a: Excadrill|Mold Breaker
|move|p1a: big chungus|Knock Off|p2a: Excadrill
|-damage|p2a: Excadrill|32/100
|-enditem|p2a: Excadrill|Focus Sash|[from] move: Knock Off|[of] p1a: big chungus
|
|upkeep
|turn|13
|
|t:|1654887063
|move|p1a: big chungus|Knock Off|p2a: Excadrill
|-damage|p2a: Excadrill|0 fnt
|faint|p2a: Excadrill
|
|upkeep
|
|t:|1654887065
|switch|p2a: Primarina|Primarina, M|100/100
|turn|14
|inactive|Adaam has 120 seconds left.
|inactive|charlizard xcx has 270 seconds left.
|inactive|Adaam has 90 seconds left.
|
|t:|1654887126
|switch|p1a: Tapu Bulu|Tapu Bulu|89/100
|-fieldstart|move: Grassy Terrain|[from] ability: Grassy Surge|[of] p1a: Tapu Bulu
|move|p2a: Primarina|Calm Mind|p2a: Primarina
|-boost|p2a: Primarina|spa|1
|-boost|p2a: Primarina|spd|1
|
|-heal|p1a: Tapu Bulu|95/100|[from] Grassy Terrain
|upkeep
|turn|15
|
|t:|1654887132
|move|p1a: Tapu Bulu|Nature's Madness|p2a: Primarina
|-damage|p2a: Primarina|51/100
|move|p2a: Primarina|Ice Beam|p1a: Tapu Bulu
|-supereffective|p1a: Tapu Bulu
|-damage|p1a: Tapu Bulu|0 fnt
|faint|p1a: Tapu Bulu
|
|-heal|p2a: Primarina|57/100|[from] Grassy Terrain
|upkeep
|inactive|Adaam has 60 seconds left.
|
|t:|1654887164
|switch|p1a: big chungus|Diggersby, M|69/100
|turn|16
|inactive|charlizard xcx has 270 seconds left.
|
|t:|1654887175
|switch|p2a: Scizor|Scizor, F|100/100
|move|p1a: big chungus|Body Slam|p2a: Scizor
|-resisted|p2a: Scizor
|-damage|p2a: Scizor|63/100
|
|-heal|p1a: big chungus|75/100|[from] Grassy Terrain
|-heal|p2a: Scizor|70/100|[from] Grassy Terrain
|upkeep
|turn|17
|inactive|Adaam has 60 seconds left.
|inactive|charlizard xcx has 270 seconds left.
|
|t:|1654887196
|move|p1a: big chungus|Body Slam|p2a: Scizor
|-resisted|p2a: Scizor
|-damage|p2a: Scizor|33/100
|-status|p2a: Scizor|par
|move|p2a: Scizor|Swords Dance|p2a: Scizor
|-boost|p2a: Scizor|atk|2
|
|-heal|p1a: big chungus|81/100|[from] Grassy Terrain
|-heal|p2a: Scizor|39/100 par|[from] Grassy Terrain
|upkeep
|turn|18
|
|t:|1654887207
|switch|p1a: Rotom|Rotom-Wash|21/100
|move|p2a: Scizor|Dual Wingbeat|p1a: Rotom
|-resisted|p1a: Rotom
|-damage|p1a: Rotom|0 fnt
|faint|p1a: Rotom
|-hitcount|p1: Rotom|1
|
|-heal|p2a: Scizor|45/100 par|[from] Grassy Terrain
|-fieldend|move: Grassy Terrain
|upkeep
|inactive|Adaam has 30 seconds left.
|
|t:|1654887235
|switch|p1a: Cobalion|Cobalion|94/100
|turn|19
|inactive|Adaam has 30 seconds left.
|inactive|charlizard xcx has 270 seconds left.
|
|t:|1654887254
|move|p2a: Scizor|Bullet Punch|p1a: Cobalion
|-resisted|p1a: Cobalion
|-damage|p1a: Cobalion|63/100
|move|p1a: Cobalion|Swords Dance|p1a: Cobalion
|-boost|p1a: Cobalion|atk|2
|
|-heal|p1a: Cobalion|69/100|[from] item: Leftovers
|upkeep
|turn|20
|
|t:|1654887260
|move|p2a: Scizor|Bullet Punch|p1a: Cobalion
|-resisted|p1a: Cobalion
|-damage|p1a: Cobalion|40/100
|move|p1a: Cobalion|Close Combat|p2a: Scizor
|-damage|p2a: Scizor|0 fnt
|-unboost|p1a: Cobalion|def|1
|-unboost|p1a: Cobalion|spd|1
|faint|p2a: Scizor
|
|-heal|p1a: Cobalion|47/100|[from] item: Leftovers
|upkeep
|
|t:|1654887264
|switch|p2a: Slowbro|Slowbro-Galar, F|88/100
|turn|21
|inactive|Adaam has 30 seconds left.
|inactive|Adaam has 20 seconds left.
|inactive|Adaam has 15 seconds left.
|
|t:|1654887304
|move|p1a: Cobalion|Iron Head|p2a: Slowbro
|-damage|p2a: Slowbro|25/100
|move|p2a: Slowbro|Flamethrower|p1a: Cobalion
|-supereffective|p1a: Cobalion
|-damage|p1a: Cobalion|0 fnt
|faint|p1a: Cobalion
|
|upkeep
|inactive|Adaam has 20 seconds left this turn.
|inactive|Adaam has 15 seconds left.
|
|t:|1654887310
|switch|p1a: big chungus|Diggersby, M|81/100
|turn|22
|inactive|Adaam has 25 seconds left this turn.
|-activate|p2a: Slowbro|item: Quick Claw
|
|t:|1654887315
|move|p2a: Slowbro|Grass Knot|p1a: big chungus
|-supereffective|p1a: big chungus
|-damage|p1a: big chungus|26/100
|move|p1a: big chungus|Body Slam|p2a: Slowbro
|-damage|p2a: Slowbro|0 fnt
|faint|p2a: Slowbro
|
|upkeep
|inactive|Adaam has 30 seconds left this turn.
|
|t:|1654887323
|switch|p2a: Salamence|Salamence, M|100/100
|turn|23
|
|t:|1654887332
|move|p1a: big chungus|Body Slam|p2a: Salamence
|-crit|p2a: Salamence
|-damage|p2a: Salamence|0 fnt
|faint|p2a: Salamence
|
|upkeep
|c|☆Adaam|.
|c|☆Adaam|im sorry
|c|☆charlizard xcx|gg
|c|+Shiba|big chungus 
|-message|charlizard xcx forfeited.
|
|win|Adaam
