|inactive|Battle timer is ON: inactive players will automatically lose when time's up.
|t:|1660521688
|gametype|singles
|player|p1|pinkdragontamer|#wcop2022ussouth|
|player|p2|Dunoks|#fcl9mighty|
|teamsize|p1|6
|teamsize|p2|6
|gen|8
|tier|[Gen 8] UU
|rule|Sleep Clause Mod: Limit one foe put to sleep
|rule|Species Clause: Limit one of each Pokémon
|rule|OHKO Clause: OHKO moves are banned
|rule|Evasion Moves Clause: Evasion moves are banned
|rule|Endless Battle Clause: Forcing endless battles is banned
|rule|HP Percentage Mod: HP is shown in percentages
|rule|Dynamax Clause: You cannot dynamax
|clearpoke
|poke|p1|Celesteela|
|poke|p1|Azelf|
|poke|p1|Slowking, M|
|poke|p1|Cobalion|
|poke|p1|Amoonguss, M|
|poke|p1|Thundurus-Therian, M|
|poke|p2|Salamence, M|
|poke|p2|Slowking, F|
|poke|p2|Diggersby, M|
|poke|p2|Cobalion|
|poke|p2|Tangrowth, F|
|poke|p2|Crawdaunt, F|
|teampreview
|c|☆pinkdragontamer|hf
|c|☆Dunoks|hf 
|inactive|Dunoks has 270 seconds left.
|
|t:|1660521744
|start
|switch|p1a: Amoonguss|Amoonguss, M|100/100
|switch|p2a: Tangrowth|Tangrowth, F|100/100
|turn|1
|
|t:|1660521748
|switch|p2a: Cobalion|Cobalion|100/100
|move|p1a: Amoonguss|Sludge Bomb|p2a: Cobalion
|-immune|p2a: Cobalion
|
|upkeep
|turn|2
|
|t:|1660521754
|move|p2a: Cobalion|Stealth Rock|p1a: Amoonguss
|-sidestart|p1: pinkdragontamer|move: Stealth Rock
|move|p1a: Amoonguss|Stomping Tantrum|p2a: Cobalion
|-supereffective|p2a: Cobalion
|-damage|p2a: Cobalion|53/100
|-damage|p1a: Amoonguss|84/100|[from] item: Rocky Helmet|[of] p2a: Cobalion
|
|upkeep
|turn|3
|
|t:|1660521761
|move|p2a: Cobalion|Volt Switch|p1a: Amoonguss
|-resisted|p1a: Amoonguss
|-damage|p1a: Amoonguss|80/100
|c|+vivalospride 〠|ive never seen dunko lose in my life
|c|+vivalospride 〠|meanwhile peter dingus tamer loses all the time!!!
|c|+Beka ❤|allez dunoks !!!!!
|inactive|Dunoks has 270 seconds left.
|
|t:|1660521794
|switch|p2a: Slowking|Slowking, F|100/100|[from]move: Volt Switch
|move|p1a: Amoonguss|Sludge Bomb|p2a: Slowking
|-damage|p2a: Slowking|80/100
|-status|p2a: Slowking|psn
|
|-damage|p2a: Slowking|67/100 psn|[from] psn
|upkeep
|turn|4
|c|+Sage|peter dingus tamer
|inactive|Dunoks has 270 seconds left.
|c|+dnagerbdager|peter dingus tamer
|
|t:|1660521809
|move|p1a: Amoonguss|Seed Bomb|p2a: Slowking
|-supereffective|p2a: Slowking
|-damage|p2a: Slowking|32/100 psn
|move|p2a: Slowking|Future Sight|p1a: Amoonguss
|-start|p2a: Slowking|move: Future Sight
|
|-damage|p2a: Slowking|19/100 psn|[from] psn
|upkeep
|turn|5
|
|t:|1660521814
|switch|p1a: Slowking|Slowking, M|100/100
|-damage|p1a: Slowking|88/100|[from] Stealth Rock
|switch|p2a: Salamence|Salamence, M|100/100
|-ability|p2a: Salamence|Intimidate|boost
|-unboost|p1a: Slowking|atk|1
|
|upkeep
|turn|6
|
|t:|1660521823
|switch|p2a: Slowking|Slowking, F|52/100 psn
|move|p1a: Slowking|Future Sight|p2a: Slowking
|-start|p1a: Slowking|move: Future Sight
|
|-end|p1a: Slowking|move: Future Sight
|-resisted|p1a: Slowking
|-damage|p1a: Slowking|72/100
|-damage|p2a: Slowking|40/100 psn|[from] psn
|upkeep
|turn|7
|
|t:|1660521828
|move|p2a: Slowking|Slack Off|p2a: Slowking
|-heal|p2a: Slowking|90/100 psn
|move|p1a: Slowking|Teleport|p1a: Slowking
|
|t:|1660521834
|switch|p1a: Thundurus|Thundurus-Therian, M|100/100|[from]move: Teleport
|
|-damage|p2a: Slowking|78/100 psn|[from] psn
|upkeep
|turn|8
|
|t:|1660521850
|move|p1a: Thundurus|Knock Off|p2a: Slowking
|-supereffective|p2a: Slowking
|-damage|p2a: Slowking|47/100 psn
|-enditem|p2a: Slowking|Heavy-Duty Boots|[from] move: Knock Off|[of] p1a: Thundurus
|move|p2a: Slowking|Teleport|p2a: Slowking
|
|t:|1660521862
|switch|p2a: Tangrowth|Tangrowth, F|100/100|[from]move: Teleport
|
|-end|p2a: Tangrowth|move: Future Sight
|-damage|p2a: Tangrowth|69/100
|upkeep
|turn|9
|
|t:|1660521866
|move|p1a: Thundurus|Volt Switch|p2a: Tangrowth
|-resisted|p2a: Tangrowth
|-damage|p2a: Tangrowth|54/100
|
|t:|1660521868
|switch|p1a: Cobalion|Cobalion|100/100|[from]move: Volt Switch
|-damage|p1a: Cobalion|97/100|[from] Stealth Rock
|move|p2a: Tangrowth|Knock Off|p1a: Cobalion
|-resisted|p1a: Cobalion
|-damage|p1a: Cobalion|87/100
|-ability|p1a: Cobalion|Justified|boost
|-boost|p1a: Cobalion|atk|1
|-enditem|p1a: Cobalion|Leftovers|[from] move: Knock Off|[of] p2a: Tangrowth
|
|upkeep
|turn|10
|
|t:|1660521871
|switch|p2a: Salamence|Salamence, M|100/100
|-ability|p2a: Salamence|Intimidate|boost
|-unboost|p1a: Cobalion|atk|1
|move|p1a: Cobalion|Stealth Rock|p2a: Salamence
|-sidestart|p2: Dunoks|move: Stealth Rock
|
|upkeep
|turn|11
|
|t:|1660521881
|switch|p1a: Thundurus|Thundurus-Therian, M|100/100
|move|p2a: Salamence|Hurricane|p1a: Thundurus|[miss]
|-miss|p2a: Salamence|p1a: Thundurus
|
|upkeep
|turn|12
|
|t:|1660521887
|switch|p2a: Tangrowth|Tangrowth, F|87/100
|-damage|p2a: Tangrowth|75/100|[from] Stealth Rock
|move|p1a: Thundurus|Knock Off|p2a: Tangrowth
|-damage|p2a: Tangrowth|62/100
|-enditem|p2a: Tangrowth|Assault Vest|[from] move: Knock Off|[of] p1a: Thundurus
|
|upkeep
|turn|13
|
|t:|1660521893
|move|p1a: Thundurus|Volt Switch|p2a: Tangrowth
|-resisted|p2a: Tangrowth
|-damage|p2a: Tangrowth|38/100
|
|t:|1660521896
|switch|p1a: Amoonguss|Amoonguss, M|100/100|[from]move: Volt Switch
|-damage|p1a: Amoonguss|88/100|[from] Stealth Rock
|move|p2a: Tangrowth|Knock Off|p1a: Amoonguss
|-damage|p1a: Amoonguss|69/100
|-enditem|p1a: Amoonguss|Assault Vest|[from] move: Knock Off|[of] p2a: Tangrowth
|
|upkeep
|turn|14
|
|t:|1660521903
|switch|p2a: Cobalion|Cobalion|53/100
|-damage|p2a: Cobalion|50/100|[from] Stealth Rock
|switch|p1a: Thundurus|Thundurus-Therian, M|100/100
|
|upkeep
|turn|15
|
|t:|1660521924
|switch|p2a: Tangrowth|Tangrowth, F|71/100
|-damage|p2a: Tangrowth|59/100|[from] Stealth Rock
|move|p1a: Thundurus|Psychic|p2a: Tangrowth
|-crit|p2a: Tangrowth
|-damage|p2a: Tangrowth|4/100
|
|upkeep
|turn|16
|
|t:|1660521935
|switch|p2a: Salamence|Salamence, M|100/100
|-ability|p2a: Salamence|Intimidate|boost
|-unboost|p1a: Thundurus|atk|1
|move|p1a: Thundurus|Psychic|p2a: Salamence
|-damage|p2a: Salamence|63/100
|
|upkeep
|turn|17
|
|t:|1660521938
|move|p1a: Thundurus|Knock Off|p2a: Salamence
|-damage|p2a: Salamence|50/100
|-enditem|p2a: Salamence|Heavy-Duty Boots|[from] move: Knock Off|[of] p1a: Thundurus
|move|p2a: Salamence|Roost|p2a: Salamence
|-heal|p2a: Salamence|100/100
|-singleturn|p2a: Salamence|move: Roost
|
|upkeep
|turn|18
|
|t:|1660521943
|move|p1a: Thundurus|Volt Switch|p2a: Salamence
|-damage|p2a: Salamence|57/100
|
|t:|1660521945
|switch|p1a: Slowking|Slowking, M|100/100|[from]move: Volt Switch
|-damage|p1a: Slowking|88/100|[from] Stealth Rock
|move|p2a: Salamence|Defog|p1a: Slowking
|-unboost|p1a: Slowking|evasion|1
|-sideend|p1: pinkdragontamer|Stealth Rock|[from] move: Defog|[of] p2a: Salamence
|-sideend|p2: Dunoks|Stealth Rock|[from] move: Defog|[of] p2a: Salamence
|
|upkeep
|turn|19
|
|t:|1660521956
|move|p2a: Salamence|Roost|p2a: Salamence
|-heal|p2a: Salamence|100/100
|-singleturn|p2a: Salamence|move: Roost
|move|p1a: Slowking|Future Sight|p2a: Salamence
|-start|p1a: Slowking|move: Future Sight
|
|upkeep
|turn|20
|
|t:|1660521966
|switch|p2a: Tangrowth|Tangrowth, F|37/100
|move|p1a: Slowking|Teleport|p1a: Slowking
|
|t:|1660521970
|switch|p1a: Cobalion|Cobalion|87/100|[from]move: Teleport
|
|upkeep
|turn|21
|
|t:|1660521976
|switch|p2a: Salamence|Salamence, M|100/100
|-ability|p2a: Salamence|Intimidate|boost
|-unboost|p1a: Cobalion|atk|1
|move|p1a: Cobalion|Stealth Rock|p2a: Salamence
|-sidestart|p2: Dunoks|move: Stealth Rock
|
|-end|p2a: Salamence|move: Future Sight
|-damage|p2a: Salamence|59/100
|upkeep
|turn|22
|
|t:|1660521979
|move|p1a: Cobalion|Swords Dance|p1a: Cobalion
|-boost|p1a: Cobalion|atk|2
|move|p2a: Salamence|Roost|p2a: Salamence
|-heal|p2a: Salamence|100/100
|-singleturn|p2a: Salamence|move: Roost
|
|upkeep
|turn|23
|
|t:|1660521981
|move|p1a: Cobalion|Stone Edge|p2a: Salamence
|-supereffective|p2a: Salamence
|-crit|p2a: Salamence
|-damage|p2a: Salamence|0 fnt
|faint|p2a: Salamence
|
|upkeep
|
|t:|1660521987
|switch|p2a: Diggersby|Diggersby, M|100/100
|-damage|p2a: Diggersby|94/100|[from] Stealth Rock
|turn|24
|
|t:|1660521995
|switch|p1a: Slowking|Slowking, M|100/100
|move|p2a: Diggersby|Earthquake|p1a: Slowking
|-damage|p1a: Slowking|53/100
|
|upkeep
|turn|25
|
|t:|1660521999
|switch|p2a: Slowking|Slowking, F|80/100 psn
|-damage|p2a: Slowking|67/100 psn|[from] Stealth Rock
|switch|p1a: Thundurus|Thundurus-Therian, M|100/100
|
|-damage|p2a: Slowking|55/100 psn|[from] psn
|upkeep
|turn|26
|
|t:|1660522006
|switch|p2a: Diggersby|Diggersby, M|94/100
|-damage|p2a: Diggersby|88/100|[from] Stealth Rock
|move|p1a: Thundurus|Grass Knot|p2a: Diggersby
|-supereffective|p2a: Diggersby
|-damage|p2a: Diggersby|27/100
|
|upkeep
|turn|27
|
|t:|1660522016
|move|p2a: Diggersby|U-turn|p1a: Thundurus
|-resisted|p1a: Thundurus
|-damage|p1a: Thundurus|78/100
|
|t:|1660522019
|switch|p2a: Tangrowth|Tangrowth, F|71/100|[from]move: U-turn
|-damage|p2a: Tangrowth|58/100|[from] Stealth Rock
|move|p1a: Thundurus|Psychic|p2a: Tangrowth
|-damage|p2a: Tangrowth|23/100
|
|upkeep
|turn|28
|
|t:|1660522024
|switch|p2a: Slowking|Slowking, F|88/100 psn
|-damage|p2a: Slowking|76/100 psn|[from] Stealth Rock
|move|p1a: Thundurus|Psychic|p2a: Slowking
|-resisted|p2a: Slowking
|-damage|p2a: Slowking|61/100 psn
|
|-damage|p2a: Slowking|49/100 psn|[from] psn
|upkeep
|turn|29
|
|t:|1660522027
|switch|p2a: Tangrowth|Tangrowth, F|56/100
|-damage|p2a: Tangrowth|44/100|[from] Stealth Rock
|move|p1a: Thundurus|Volt Switch|p2a: Tangrowth
|-resisted|p2a: Tangrowth
|-damage|p2a: Tangrowth|21/100
|
|t:|1660522030
|switch|p1a: Azelf|Azelf|100/100|[from]move: Volt Switch
|
|upkeep
|turn|30
|
|t:|1660522034
|switch|p2a: Slowking|Slowking, F|82/100 psn
|-damage|p2a: Slowking|70/100 psn|[from] Stealth Rock
|move|p1a: Azelf|Flamethrower|p2a: Slowking
|-resisted|p2a: Slowking
|-damage|p2a: Slowking|57/100 psn
|
|-damage|p2a: Slowking|45/100 psn|[from] psn
|upkeep
|turn|31
|
|t:|1660522038
|move|p1a: Azelf|Energy Ball|p2a: Slowking
|-supereffective|p2a: Slowking
|-damage|p2a: Slowking|0 fnt
|faint|p2a: Slowking
|
|upkeep
|
|t:|1660522040
|switch|p2a: Diggersby|Diggersby, M|27/100
|-damage|p2a: Diggersby|21/100|[from] Stealth Rock
|turn|32
|
|t:|1660522048
|switch|p1a: Slowking|Slowking, M|87/100
|move|p2a: Diggersby|U-turn|p1a: Slowking
|-supereffective|p1a: Slowking
|-damage|p1a: Slowking|44/100
|
|t:|1660522050
|switch|p2a: Crawdaunt|Crawdaunt, F|100/100|[from]move: U-turn
|-damage|p2a: Crawdaunt|88/100|[from] Stealth Rock
|
|upkeep
|turn|33
|
|t:|1660522069
|move|p2a: Crawdaunt|Crabhammer|p1a: Slowking
|-resisted|p1a: Slowking
|-damage|p1a: Slowking|6/100
|move|p1a: Slowking|Teleport|p1a: Slowking
|
|t:|1660522072
|switch|p1a: Cobalion|Cobalion|87/100|[from]move: Teleport
|
|upkeep
|turn|34
|
|t:|1660522079
|switch|p2a: Cobalion|Cobalion|50/100
|-damage|p2a: Cobalion|47/100|[from] Stealth Rock
|move|p1a: Cobalion|Close Combat|p2a: Cobalion
|-supereffective|p2a: Cobalion
|-damage|p2a: Cobalion|0 fnt
|-unboost|p1a: Cobalion|def|1
|-unboost|p1a: Cobalion|spd|1
|-damage|p1a: Cobalion|71/100|[from] item: Rocky Helmet|[of] p2a: Cobalion
|faint|p2a: Cobalion
|
|upkeep
|
|t:|1660522081
|switch|p2a: Diggersby|Diggersby, M|21/100
|-damage|p2a: Diggersby|15/100|[from] Stealth Rock
|turn|35
|
|t:|1660522098
|switch|p1a: Amoonguss|Amoonguss, M|100/100
|move|p2a: Diggersby|U-turn|p1a: Amoonguss
|-damage|p1a: Amoonguss|76/100
|
|t:|1660522103
|switch|p2a: Crawdaunt|Crawdaunt, F|88/100|[from]move: U-turn
|-damage|p2a: Crawdaunt|76/100|[from] Stealth Rock
|
|upkeep
|turn|36
|
|t:|1660522111
|move|p2a: Crawdaunt|Knock Off|p1a: Amoonguss
|-damage|p1a: Amoonguss|22/100
|move|p1a: Amoonguss|Seed Bomb|p2a: Crawdaunt
|-supereffective|p2a: Crawdaunt
|-damage|p2a: Crawdaunt|3/100
|
|upkeep
|turn|37
|
|t:|1660522115
|switch|p1a: Cobalion|Cobalion|71/100
|move|p2a: Crawdaunt|Knock Off|p1a: Cobalion
|-resisted|p1a: Cobalion
|-damage|p1a: Cobalion|43/100
|-ability|p1a: Cobalion|Justified|boost
|-boost|p1a: Cobalion|atk|1
|
|upkeep
|turn|38
|
|t:|1660522136
|move|p1a: Cobalion|Close Combat|p2a: Crawdaunt
|-supereffective|p2a: Crawdaunt
|-damage|p2a: Crawdaunt|0 fnt
|-unboost|p1a: Cobalion|def|1
|-unboost|p1a: Cobalion|spd|1
|faint|p2a: Crawdaunt
|
|upkeep
|
|t:|1660522138
|switch|p2a: Diggersby|Diggersby, M|15/100
|-damage|p2a: Diggersby|9/100|[from] Stealth Rock
|turn|39
|
|t:|1660522145
|switch|p1a: Celesteela|Celesteela|100/100
|move|p2a: Diggersby|Earthquake|p1a: Celesteela
|-immune|p1a: Celesteela
|
|upkeep
|turn|40
|
|t:|1660522148
|move|p2a: Diggersby|Earthquake|p1a: Celesteela
|-immune|p1a: Celesteela
|move|p1a: Celesteela|Air Slash|p2a: Diggersby
|-damage|p2a: Diggersby|0 fnt
|faint|p2a: Diggersby
|-ability|p1a: Celesteela|Beast Boost|boost
|-boost|p1a: Celesteela|spa|1
|
|upkeep
|
|t:|1660522149
|switch|p2a: Tangrowth|Tangrowth, F|54/100
|-damage|p2a: Tangrowth|42/100|[from] Stealth Rock
|turn|41
|
|t:|1660522152
|move|p1a: Celesteela|Flamethrower|p2a: Tangrowth
|-supereffective|p2a: Tangrowth
|-damage|p2a: Tangrowth|0 fnt
|faint|p2a: Tangrowth
|
|win|pinkdragontamer
|c|☆Dunoks|gg
|c|☆pinkdragontamer|gg
