|inactive|Battle timer is ON: inactive players will automatically lose when time's up.
|t:|1665346547
|gametype|singles
|player|p1|Floss|#scl2machines|
|player|p2|JustFranco‽|acetrainerf-gen6|
|teamsize|p1|6
|teamsize|p2|6
|gen|8
|tier|[Gen 8] UU
|rule|Sleep Clause Mod: Limit one foe put to sleep
|rule|Species Clause: Limit one of each Pokémon
|rule|OHKO Clause: OHKO moves are banned
|rule|Evasion Items Clause: Evasion items are banned
|rule|Evasion Moves Clause: Evasion moves are banned
|rule|Endless Battle Clause: Forcing endless battles is banned
|rule|HP Percentage Mod: HP is shown in percentages
|rule|Dynamax Clause: You cannot dynamax
|clearpoke
|poke|p1|Scizor, F|
|poke|p1|Skarmory, M|
|poke|p1|Reuniclus, M|
|poke|p1|Hydreigon, F|
|poke|p1|Nihilego|
|poke|p1|Diggersby, F|
|poke|p2|Scizor, F|
|poke|p2|Rotom-Wash|
|poke|p2|Jirachi|
|poke|p2|Chansey, F|
|poke|p2|Golurk|
|poke|p2|Salamence, F|
|teampreview
|inactive|JustFranco‽ also wants the timer to be on.
|c|☆Floss|hf
|c|☆JustFranco‽|u2
|inactive|Floss has 270 seconds left.
|inactive|Floss has 240 seconds left.
|
|t:|1665346614
|start
|switch|p1a: Diggersby|Diggersby, F|100/100
|switch|p2a: Chansey|Chansey, F|100/100
|turn|1
|
|t:|1665346630
|move|p1a: Diggersby|Knock Off|p2a: Chansey
|-damage|p2a: Chansey|75/100
|-enditem|p2a: Chansey|Eviolite|[from] move: Knock Off|[of] p1a: Diggersby
|move|p2a: Chansey|Stealth Rock|p1a: Diggersby
|-sidestart|p1: Floss|move: Stealth Rock
|
|upkeep
|turn|2
|
|t:|1665346646
|move|p1a: Diggersby|Knock Off|p2a: Chansey
|-damage|p2a: Chansey|51/100
|move|p2a: Chansey|Soft-Boiled|p2a: Chansey
|-heal|p2a: Chansey|100/100
|
|upkeep
|turn|3
|
|t:|1665346657
|switch|p1a: Scizor|Scizor, F|100/100
|move|p2a: Chansey|Teleport|p2a: Chansey
|
|t:|1665346672
|switch|p2a: Golurk|Golurk|100/100|[from]move: Teleport
|
|upkeep
|turn|4
|
|t:|1665346679
|move|p1a: Scizor|Bullet Punch|p2a: Golurk
|-damage|p2a: Golurk|63/100
|move|p2a: Golurk|Heat Crash|p1a: Scizor
|-supereffective|p1a: Scizor
|-damage|p1a: Scizor|0 fnt
|faint|p1a: Scizor
|
|upkeep
|
|t:|1665346681
|switch|p1a: Hydreigon|Hydreigon, F|100/100
|-damage|p1a: Hydreigon|88/100|[from] Stealth Rock
|turn|5
|
|t:|1665346688
|switch|p2a: Chansey|Chansey, F|100/100
|move|p1a: Hydreigon|Nasty Plot|p1a: Hydreigon
|-boost|p1a: Hydreigon|spa|2
|
|-heal|p1a: Hydreigon|94/100|[from] item: Leftovers
|upkeep
|turn|6
|
|t:|1665346695
|move|p1a: Hydreigon|Dark Pulse|p2a: Chansey
|-damage|p2a: Chansey|67/100
|cant|p2a: Chansey|flinch
|
|-heal|p1a: Hydreigon|100/100|[from] item: Leftovers
|upkeep
|turn|7
|
|t:|1665346701
|move|p1a: Hydreigon|Dark Pulse|p2a: Chansey
|-damage|p2a: Chansey|38/100
|cant|p2a: Chansey|flinch
|
|upkeep
|turn|8
|
|t:|1665346706
|switch|p2a: Jirachi|Jirachi|100/100
|move|p1a: Hydreigon|Dark Pulse|p2a: Jirachi
|-supereffective|p2a: Jirachi
|-damage|p2a: Jirachi|0 fnt
|faint|p2a: Jirachi
|
|upkeep
|
|t:|1665346711
|switch|p2a: Salamence|Salamence, F|100/100
|-ability|p2a: Salamence|Intimidate|boost
|-unboost|p1a: Hydreigon|atk|1
|turn|9
|
|t:|1665346713
|switch|p1a: Nihilego|Nihilego|100/100
|-damage|p1a: Nihilego|88/100|[from] Stealth Rock
|move|p2a: Salamence|Draco Meteor|p1a: Nihilego|[miss]
|-miss|p2a: Salamence|p1a: Nihilego
|
|-heal|p1a: Nihilego|94/100|[from] item: Black Sludge
|upkeep
|turn|10
|
|t:|1665346721
|switch|p2a: Chansey|Chansey, F|38/100
|move|p1a: Nihilego|Stealth Rock|p2a: Chansey
|-sidestart|p2: JustFranco‽|move: Stealth Rock
|
|-heal|p1a: Nihilego|100/100|[from] item: Black Sludge
|upkeep
|turn|11
|
|t:|1665346725
|switch|p1a: Skarmory|Skarmory, M|100/100
|-damage|p1a: Skarmory|88/100|[from] Stealth Rock
|move|p2a: Chansey|Soft-Boiled|p2a: Chansey
|-heal|p2a: Chansey|88/100
|
|upkeep
|turn|12
|
|t:|1665346737
|switch|p2a: Rotom|Rotom-Wash|100/100
|-damage|p2a: Rotom|88/100|[from] Stealth Rock
|move|p1a: Skarmory|Spikes|p2a: Rotom
|-sidestart|p2: JustFranco‽|Spikes
|
|-heal|p2a: Rotom|94/100|[from] item: Leftovers
|upkeep
|turn|13
|
|t:|1665346751
|switch|p1a: Hydreigon|Hydreigon, F|100/100
|-damage|p1a: Hydreigon|88/100|[from] Stealth Rock
|move|p2a: Rotom|Will-O-Wisp|p1a: Hydreigon
|-status|p1a: Hydreigon|brn
|
|-heal|p2a: Rotom|100/100|[from] item: Leftovers
|-heal|p1a: Hydreigon|94/100 brn|[from] item: Leftovers
|-damage|p1a: Hydreigon|88/100 brn|[from] brn
|upkeep
|turn|14
|
|t:|1665346757
|move|p2a: Rotom|Volt Switch|p1a: Hydreigon
|-resisted|p1a: Hydreigon
|-damage|p1a: Hydreigon|76/100 brn
|
|t:|1665346762
|switch|p2a: Chansey|Chansey, F|88/100|[from]move: Volt Switch
|-damage|p2a: Chansey|76/100|[from] Stealth Rock
|-damage|p2a: Chansey|63/100|[from] Spikes
|move|p1a: Hydreigon|Dark Pulse|p2a: Chansey
|-damage|p2a: Chansey|48/100
|
|-heal|p1a: Hydreigon|82/100 brn|[from] item: Leftovers
|-damage|p1a: Hydreigon|76/100 brn|[from] brn
|upkeep
|turn|15
|
|t:|1665346767
|move|p1a: Hydreigon|Nasty Plot|p1a: Hydreigon
|-boost|p1a: Hydreigon|spa|2
|move|p2a: Chansey|Soft-Boiled|p2a: Chansey
|-heal|p2a: Chansey|98/100
|
|-heal|p1a: Hydreigon|82/100 brn|[from] item: Leftovers
|-damage|p1a: Hydreigon|76/100 brn|[from] brn
|upkeep
|turn|16
|
|t:|1665346770
|move|p1a: Hydreigon|Dark Pulse|p2a: Chansey
|-damage|p2a: Chansey|66/100
|move|p2a: Chansey|Teleport|p2a: Chansey
|
|t:|1665346773
|switch|p2a: Salamence|Salamence, F|100/100|[from]move: Teleport
|-ability|p2a: Salamence|Intimidate|boost
|-unboost|p1a: Hydreigon|atk|1
|
|-heal|p1a: Hydreigon|82/100 brn|[from] item: Leftovers
|-damage|p1a: Hydreigon|76/100 brn|[from] brn
|upkeep
|turn|17
|
|t:|1665346786
|switch|p1a: Nihilego|Nihilego|100/100
|-damage|p1a: Nihilego|88/100|[from] Stealth Rock
|move|p2a: Salamence|Draco Meteor|p1a: Nihilego
|-damage|p1a: Nihilego|45/100
|-unboost|p2a: Salamence|spa|2
|
|-heal|p1a: Nihilego|51/100|[from] item: Black Sludge
|upkeep
|turn|18
|
|t:|1665346800
|switch|p1a: Diggersby|Diggersby, F|100/100
|-damage|p1a: Diggersby|94/100|[from] Stealth Rock
|switch|p2a: Scizor|Scizor, F|100/100
|
|upkeep
|turn|19
|
|t:|1665346813
|move|p1a: Diggersby|U-turn|p2a: Scizor
|-resisted|p2a: Scizor
|-damage|p2a: Scizor|89/100
|
|t:|1665346815
|switch|p1a: Skarmory|Skarmory, M|88/100|[from]move: U-turn
|-damage|p1a: Skarmory|76/100|[from] Stealth Rock
|move|p2a: Scizor|Roost|p2a: Scizor
|-heal|p2a: Scizor|100/100
|-singleturn|p2a: Scizor|move: Roost
|
|upkeep
|turn|20
|
|t:|1665346823
|switch|p2a: Salamence|Salamence, F|100/100
|-ability|p2a: Salamence|Intimidate|boost
|-unboost|p1a: Skarmory|atk|1
|move|p1a: Skarmory|Spikes|p2a: Salamence
|-sidestart|p2: JustFranco‽|Spikes
|
|upkeep
|turn|21
|
|t:|1665346826
|switch|p1a: Reuniclus|Reuniclus, M, shiny|100/100
|-damage|p1a: Reuniclus|88/100|[from] Stealth Rock
|move|p2a: Salamence|Defog|p1a: Reuniclus
|-unboost|p1a: Reuniclus|evasion|1
|-sideend|p1: Floss|Stealth Rock|[from] move: Defog|[of] p2a: Salamence
|-sideend|p2: JustFranco‽|Spikes|[from] move: Defog|[of] p2a: Salamence
|-sideend|p2: JustFranco‽|Stealth Rock|[from] move: Defog|[of] p2a: Salamence
|
|upkeep
|turn|22
|
|t:|1665346838
|switch|p2a: Golurk|Golurk|63/100
|move|p1a: Reuniclus|Focus Blast|p2a: Golurk
|-immune|p2a: Golurk
|
|upkeep
|turn|23
|
|t:|1665346847
|switch|p1a: Skarmory|Skarmory, M|76/100
|move|p2a: Golurk|Poltergeist|p1a: Skarmory
|-activate|p1a: Skarmory|move: Poltergeist|Rocky Helmet
|-damage|p1a: Skarmory|16/100
|
|upkeep
|turn|24
|
|t:|1665346860
|switch|p1a: Diggersby|Diggersby, F|94/100
|move|p2a: Golurk|Poltergeist|p1a: Diggersby
|-immune|p1a: Diggersby
|
|upkeep
|turn|25
|
|t:|1665346869
|switch|p2a: Scizor|Scizor, F|100/100
|move|p1a: Diggersby|U-turn|p2a: Scizor
|-resisted|p2a: Scizor
|-damage|p2a: Scizor|88/100
|
|t:|1665346871
|switch|p1a: Hydreigon|Hydreigon, F|76/100 brn|[from]move: U-turn
|
|-heal|p1a: Hydreigon|82/100 brn|[from] item: Leftovers
|-damage|p1a: Hydreigon|76/100 brn|[from] brn
|upkeep
|turn|26
|
|t:|1665346889
|switch|p2a: Chansey|Chansey, F|66/100
|move|p1a: Hydreigon|Thunder Wave|p2a: Chansey
|-status|p2a: Chansey|par
|
|-heal|p1a: Hydreigon|82/100 brn|[from] item: Leftovers
|-damage|p1a: Hydreigon|76/100 brn|[from] brn
|upkeep
|turn|27
|
|t:|1665346894
|-curestatus|p2a: Chansey|par|[from] ability: Natural Cure
|switch|p2a: Salamence|Salamence, F|100/100
|-ability|p2a: Salamence|Intimidate|boost
|-unboost|p1a: Hydreigon|atk|1
|move|p1a: Hydreigon|Dark Pulse|p2a: Salamence
|-damage|p2a: Salamence|62/100
|
|-heal|p1a: Hydreigon|82/100 brn|[from] item: Leftovers
|-damage|p1a: Hydreigon|76/100 brn|[from] brn
|upkeep
|turn|28
|
|t:|1665346908
|switch|p2a: Golurk|Golurk|63/100
|switch|p1a: Reuniclus|Reuniclus, M, shiny|100/100
|
|upkeep
|turn|29
|
|t:|1665346932
|move|p2a: Golurk|Dynamic Punch|p1a: Reuniclus
|-resisted|p1a: Reuniclus
|-damage|p1a: Reuniclus|72/100
|-start|p1a: Reuniclus|confusion
|-activate|p1a: Reuniclus|confusion
|move|p1a: Reuniclus|Psyshock|p2a: Golurk
|-damage|p2a: Golurk|15/100
|
|upkeep
|turn|30
|
|t:|1665346948
|switch|p2a: Scizor|Scizor, F|88/100
|switch|p1a: Skarmory|Skarmory, M|16/100
|
|upkeep
|turn|31
|
|t:|1665346953
|switch|p2a: Golurk|Golurk|15/100
|move|p1a: Skarmory|Roost|p1a: Skarmory
|-heal|p1a: Skarmory|66/100
|-singleturn|p1a: Skarmory|move: Roost
|
|upkeep
|turn|32
|
|t:|1665346969
|move|p2a: Golurk|Poltergeist|p1a: Skarmory
|-activate|p1a: Skarmory|move: Poltergeist|Rocky Helmet
|-damage|p1a: Skarmory|15/100
|move|p1a: Skarmory|Roost|p1a: Skarmory
|-heal|p1a: Skarmory|65/100
|-singleturn|p1a: Skarmory|move: Roost
|
|upkeep
|turn|33
|
|t:|1665346974
|move|p2a: Golurk|Poltergeist|p1a: Skarmory
|-activate|p1a: Skarmory|move: Poltergeist|Rocky Helmet
|-damage|p1a: Skarmory|11/100
|move|p1a: Skarmory|Spikes|p2a: Golurk
|-sidestart|p2: JustFranco‽|Spikes
|
|upkeep
|turn|34
|
|t:|1665346985
|switch|p2a: Scizor|Scizor, F|88/100
|move|p1a: Skarmory|Roost|p1a: Skarmory
|-heal|p1a: Skarmory|61/100
|-singleturn|p1a: Skarmory|move: Roost
|
|upkeep
|turn|35
|
|t:|1665347002
|switch|p2a: Salamence|Salamence, F|62/100
|-ability|p2a: Salamence|Intimidate|boost
|-unboost|p1a: Skarmory|atk|1
|move|p1a: Skarmory|Roost|p1a: Skarmory
|-heal|p1a: Skarmory|100/100
|-singleturn|p1a: Skarmory|move: Roost
|
|upkeep
|turn|36
|
|t:|1665347009
|switch|p1a: Reuniclus|Reuniclus, M, shiny|100/100
|move|p2a: Salamence|Defog|p1a: Reuniclus
|-unboost|p1a: Reuniclus|evasion|1
|-sideend|p2: JustFranco‽|Spikes|[from] move: Defog|[of] p2a: Salamence
|
|upkeep
|turn|37
|
|t:|1665347025
|switch|p2a: Scizor|Scizor, F|88/100
|move|p1a: Reuniclus|Knock Off|p2a: Scizor
|-damage|p2a: Scizor|76/100
|-enditem|p2a: Scizor|Heavy-Duty Boots|[from] move: Knock Off|[of] p1a: Reuniclus
|
|upkeep
|turn|38
|
|t:|1665347038
|switch|p1a: Skarmory|Skarmory, M|100/100
|move|p2a: Scizor|Roost|p2a: Scizor
|-heal|p2a: Scizor|100/100
|-singleturn|p2a: Scizor|move: Roost
|
|upkeep
|turn|39
|
|t:|1665347049
|switch|p2a: Rotom|Rotom-Wash|100/100
|move|p1a: Skarmory|Spikes|p2a: Rotom
|-sidestart|p2: JustFranco‽|Spikes
|
|upkeep
|turn|40
|
|t:|1665347063
|switch|p1a: Reuniclus|Reuniclus, M, shiny|100/100
|move|p2a: Rotom|Will-O-Wisp|p1a: Reuniclus
|-status|p1a: Reuniclus|brn
|
|-damage|p1a: Reuniclus|94/100 brn|[from] brn
|upkeep
|turn|41
|
|t:|1665347071
|move|p2a: Rotom|Volt Switch|p1a: Reuniclus
|-damage|p1a: Reuniclus|82/100 brn
|
|t:|1665347073
|switch|p2a: Scizor|Scizor, F|100/100|[from]move: Volt Switch
|-damage|p2a: Scizor|88/100|[from] Spikes
|move|p1a: Reuniclus|Focus Blast|p2a: Scizor
|-damage|p2a: Scizor|51/100
|
|-damage|p1a: Reuniclus|75/100 brn|[from] brn
|upkeep
|turn|42
|
|t:|1665347078
|switch|p1a: Skarmory|Skarmory, M|100/100
|move|p2a: Scizor|Roost|p2a: Scizor
|-heal|p2a: Scizor|100/100
|-singleturn|p2a: Scizor|move: Roost
|
|upkeep
|turn|43
|
|t:|1665347090
|move|p1a: Skarmory|Spikes|p2a: Scizor
|-sidestart|p2: JustFranco‽|Spikes
|move|p2a: Scizor|Swords Dance|p2a: Scizor
|-boost|p2a: Scizor|atk|2
|
|upkeep
|turn|44
|
|t:|1665347094
|switch|p2a: Salamence|Salamence, F|62/100
|-ability|p2a: Salamence|Intimidate|boost
|-unboost|p1a: Skarmory|atk|1
|move|p1a: Skarmory|Iron Defense|p1a: Skarmory
|-boost|p1a: Skarmory|def|2
|
|upkeep
|turn|45
|
|t:|1665347107
|move|p2a: Salamence|Flamethrower|p1a: Skarmory
|-supereffective|p1a: Skarmory
|-damage|p1a: Skarmory|24/100
|move|p1a: Skarmory|Body Press|p2a: Salamence
|-resisted|p2a: Salamence
|-damage|p2a: Salamence|26/100
|
|upkeep
|turn|46
|
|t:|1665347122
|switch|p1a: Nihilego|Nihilego|51/100
|move|p2a: Salamence|Flamethrower|p1a: Nihilego
|-resisted|p1a: Nihilego
|-damage|p1a: Nihilego|41/100
|
|-heal|p1a: Nihilego|47/100|[from] item: Black Sludge
|upkeep
|turn|47
|
|t:|1665347129
|switch|p2a: Chansey|Chansey, F|66/100
|-damage|p2a: Chansey|50/100|[from] Spikes
|move|p1a: Nihilego|Power Gem|p2a: Chansey
|-damage|p2a: Chansey|29/100
|
|-heal|p1a: Nihilego|53/100|[from] item: Black Sludge
|upkeep
|turn|48
|
|t:|1665347136
|switch|p1a: Skarmory|Skarmory, M|24/100
|move|p2a: Chansey|Soft-Boiled|p2a: Chansey
|-heal|p2a: Chansey|79/100
|
|upkeep
|turn|49
|
|t:|1665347148
|switch|p2a: Salamence|Salamence, F|26/100
|-ability|p2a: Salamence|Intimidate|boost
|-unboost|p1a: Skarmory|atk|1
|move|p1a: Skarmory|Roost|p1a: Skarmory
|-heal|p1a: Skarmory|74/100
|-singleturn|p1a: Skarmory|move: Roost
|
|upkeep
|turn|50
|
|t:|1665347155
|switch|p1a: Nihilego|Nihilego|53/100
|move|p2a: Salamence|Defog|p1a: Nihilego
|-unboost|p1a: Nihilego|evasion|1
|-sideend|p2: JustFranco‽|Spikes|[from] move: Defog|[of] p2a: Salamence
|
|-heal|p1a: Nihilego|60/100|[from] item: Black Sludge
|upkeep
|turn|51
|
|t:|1665347165
|switch|p2a: Chansey|Chansey, F|79/100
|move|p1a: Nihilego|Stealth Rock|p2a: Chansey
|-sidestart|p2: JustFranco‽|move: Stealth Rock
|
|-heal|p1a: Nihilego|66/100|[from] item: Black Sludge
|upkeep
|turn|52
|
|t:|1665347171
|switch|p1a: Diggersby|Diggersby, F|94/100
|move|p2a: Chansey|Stealth Rock|p1a: Diggersby
|-sidestart|p1: Floss|move: Stealth Rock
|
|upkeep
|turn|53
|
|t:|1665347180
|move|p1a: Diggersby|Body Slam|p2a: Chansey
|-damage|p2a: Chansey|30/100
|move|p2a: Chansey|Soft-Boiled|p2a: Chansey
|-heal|p2a: Chansey|80/100
|
|upkeep
|turn|54
|
|t:|1665347191
|switch|p2a: Golurk|Golurk|15/100
|-damage|p2a: Golurk|9/100|[from] Stealth Rock
|move|p1a: Diggersby|Body Slam|p2a: Golurk
|-immune|p2a: Golurk
|
|upkeep
|turn|55
|
|t:|1665347217
|move|p1a: Diggersby|Body Slam|p2a: Golurk
|-immune|p2a: Golurk
|move|p2a: Golurk|Poltergeist|p1a: Diggersby
|-immune|p1a: Diggersby
|
|upkeep
|turn|56
|
|t:|1665347223
|move|p1a: Diggersby|Body Slam|p2a: Golurk
|-immune|p2a: Golurk
|move|p2a: Golurk|Poltergeist|p1a: Diggersby
|-immune|p1a: Diggersby
|
|upkeep
|turn|57
|
|t:|1665347226
|switch|p2a: Scizor|Scizor, F|100/100
|-damage|p2a: Scizor|88/100|[from] Stealth Rock
|move|p1a: Diggersby|Body Slam|p2a: Scizor
|-resisted|p2a: Scizor
|-damage|p2a: Scizor|67/100
|-status|p2a: Scizor|par
|
|upkeep
|turn|58
|
|t:|1665347232
|move|p1a: Diggersby|Body Slam|p2a: Scizor
|-resisted|p2a: Scizor
|-damage|p2a: Scizor|46/100 par
|move|p2a: Scizor|Roost|p2a: Scizor
|-heal|p2a: Scizor|96/100 par
|-singleturn|p2a: Scizor|move: Roost
|
|upkeep
|turn|59
|
|t:|1665347239
|switch|p1a: Skarmory|Skarmory, M|74/100
|-damage|p1a: Skarmory|62/100|[from] Stealth Rock
|switch|p2a: Golurk|Golurk|9/100
|-damage|p2a: Golurk|3/100|[from] Stealth Rock
|
|upkeep
|turn|60
|
|t:|1665347245
|move|p2a: Golurk|Heat Crash|p1a: Skarmory
|-supereffective|p1a: Skarmory
|-damage|p1a: Skarmory|0 fnt
|-damage|p2a: Golurk|0 fnt|[from] item: Rocky Helmet|[of] p1a: Skarmory
|faint|p1a: Skarmory
|faint|p2a: Golurk
|
|upkeep
|
|t:|1665347260
|switch|p2a: Rotom|Rotom-Wash|100/100
|switch|p1a: Diggersby|Diggersby, F|94/100
|-damage|p1a: Diggersby|88/100|[from] Stealth Rock
|-damage|p2a: Rotom|88/100|[from] Stealth Rock
|turn|61
|
|t:|1665347265
|move|p1a: Diggersby|U-turn|p2a: Rotom
|-damage|p2a: Rotom|55/100
|
|t:|1665347267
|switch|p1a: Reuniclus|Reuniclus, M, shiny|100/100 brn|[from]move: U-turn
|-damage|p1a: Reuniclus|88/100 brn|[from] Stealth Rock
|move|p2a: Rotom|Hydro Pump|p1a: Reuniclus
|-damage|p1a: Reuniclus|69/100 brn
|
|-heal|p2a: Rotom|61/100|[from] item: Leftovers
|-damage|p1a: Reuniclus|63/100 brn|[from] brn
|upkeep
|turn|62
|
|t:|1665347275
|move|p2a: Rotom|Volt Switch|p1a: Reuniclus
|-damage|p1a: Reuniclus|50/100 brn
|
|t:|1665347279
|switch|p2a: Scizor|Scizor, F|96/100 par|[from]move: Volt Switch
|-damage|p2a: Scizor|84/100 par|[from] Stealth Rock
|move|p1a: Reuniclus|Focus Blast|p2a: Scizor
|-damage|p2a: Scizor|44/100 par
|
|-damage|p1a: Reuniclus|44/100 brn|[from] brn
|upkeep
|turn|63
|
|t:|1665347284
|switch|p1a: Hydreigon|Hydreigon, F|76/100 brn
|-damage|p1a: Hydreigon|64/100 brn|[from] Stealth Rock
|move|p2a: Scizor|Roost|p2a: Scizor
|-heal|p2a: Scizor|94/100 par
|-singleturn|p2a: Scizor|move: Roost
|
|-heal|p1a: Hydreigon|70/100 brn|[from] item: Leftovers
|-damage|p1a: Hydreigon|64/100 brn|[from] brn
|upkeep
|turn|64
|
|t:|1665347291
|switch|p2a: Chansey|Chansey, F|80/100
|-damage|p2a: Chansey|67/100|[from] Stealth Rock
|move|p1a: Hydreigon|Dark Pulse|p2a: Chansey
|-damage|p2a: Chansey|52/100
|
|-heal|p1a: Hydreigon|70/100 brn|[from] item: Leftovers
|-damage|p1a: Hydreigon|64/100 brn|[from] brn
|upkeep
|turn|65
|
|t:|1665347296
|move|p1a: Hydreigon|Roost|p1a: Hydreigon
|-heal|p1a: Hydreigon|100/100 brn
|-singleturn|p1a: Hydreigon|move: Roost
|move|p2a: Chansey|Soft-Boiled|p2a: Chansey
|-heal|p2a: Chansey|100/100
|
|-damage|p1a: Hydreigon|94/100 brn|[from] brn
|upkeep
|turn|66
|
|t:|1665347305
|move|p1a: Hydreigon|Nasty Plot|p1a: Hydreigon
|-boost|p1a: Hydreigon|spa|2
|move|p2a: Chansey|Teleport|p2a: Chansey
|
|t:|1665347309
|switch|p2a: Salamence|Salamence, F|26/100|[from]move: Teleport
|-ability|p2a: Salamence|Intimidate|boost
|-unboost|p1a: Hydreigon|atk|1
|
|-heal|p1a: Hydreigon|100/100 brn|[from] item: Leftovers
|-damage|p1a: Hydreigon|94/100 brn|[from] brn
|upkeep
|turn|67
|
|t:|1665347315
|switch|p1a: Reuniclus|Reuniclus, M, shiny|77/100 brn
|-damage|p1a: Reuniclus|65/100 brn|[from] Stealth Rock
|move|p2a: Salamence|Draco Meteor|p1a: Reuniclus
|-damage|p1a: Reuniclus|35/100 brn
|-unboost|p2a: Salamence|spa|2
|
|-damage|p1a: Reuniclus|29/100 brn|[from] brn
|upkeep
|turn|68
|inactive|JustFranco‽ has 270 seconds left.
|
|t:|1665347366
|switch|p2a: Scizor|Scizor, F|94/100 par
|-damage|p2a: Scizor|82/100 par|[from] Stealth Rock
|switch|p1a: Hydreigon|Hydreigon, F|94/100 brn
|-damage|p1a: Hydreigon|82/100 brn|[from] Stealth Rock
|
|-heal|p1a: Hydreigon|88/100 brn|[from] item: Leftovers
|-damage|p1a: Hydreigon|82/100 brn|[from] brn
|upkeep
|turn|69
|
|t:|1665347371
|switch|p2a: Chansey|Chansey, F|100/100
|-damage|p2a: Chansey|88/100|[from] Stealth Rock
|move|p1a: Hydreigon|Nasty Plot|p1a: Hydreigon
|-boost|p1a: Hydreigon|spa|2
|
|-heal|p1a: Hydreigon|88/100 brn|[from] item: Leftovers
|-damage|p1a: Hydreigon|82/100 brn|[from] brn
|upkeep
|turn|70
|
|t:|1665347376
|move|p1a: Hydreigon|Dark Pulse|p2a: Chansey
|-damage|p2a: Chansey|59/100
|move|p2a: Chansey|Teleport|p2a: Chansey
|
|t:|1665347379
|switch|p2a: Salamence|Salamence, F|26/100|[from]move: Teleport
|-ability|p2a: Salamence|Intimidate|boost
|-unboost|p1a: Hydreigon|atk|1
|
|-heal|p1a: Hydreigon|88/100 brn|[from] item: Leftovers
|-damage|p1a: Hydreigon|82/100 brn|[from] brn
|upkeep
|turn|71
|
|t:|1665347383
|move|p2a: Salamence|Draco Meteor|p1a: Hydreigon
|-supereffective|p1a: Hydreigon
|-damage|p1a: Hydreigon|0 fnt
|-unboost|p2a: Salamence|spa|2
|faint|p1a: Hydreigon
|
|upkeep
|
|t:|1665347385
|switch|p1a: Diggersby|Diggersby, F|88/100
|-damage|p1a: Diggersby|82/100|[from] Stealth Rock
|turn|72
|
|t:|1665347398
|switch|p2a: Scizor|Scizor, F|82/100 par
|-damage|p2a: Scizor|69/100 par|[from] Stealth Rock
|move|p1a: Diggersby|Body Slam|p2a: Scizor
|-resisted|p2a: Scizor
|-damage|p2a: Scizor|48/100 par
|
|upkeep
|turn|73
|
|t:|1665347405
|move|p1a: Diggersby|Body Slam|p2a: Scizor
|-resisted|p2a: Scizor
|-damage|p2a: Scizor|25/100 par
|move|p2a: Scizor|Roost|p2a: Scizor
|-heal|p2a: Scizor|75/100 par
|-singleturn|p2a: Scizor|move: Roost
|
|upkeep
|turn|74
|
|t:|1665347412
|switch|p1a: Nihilego|Nihilego|66/100
|-damage|p1a: Nihilego|53/100|[from] Stealth Rock
|move|p2a: Scizor|Swords Dance|p2a: Scizor
|-boost|p2a: Scizor|atk|2
|
|-heal|p1a: Nihilego|60/100|[from] item: Black Sludge
|upkeep
|turn|75
|
|t:|1665347417
|cant|p2a: Scizor|par
|move|p1a: Nihilego|Hex|p2a: Scizor
|-damage|p2a: Scizor|28/100 par
|
|-heal|p1a: Nihilego|66/100|[from] item: Black Sludge
|upkeep
|turn|76
|
|t:|1665347421
|move|p2a: Scizor|Bullet Punch|p1a: Nihilego
|-supereffective|p1a: Nihilego
|-damage|p1a: Nihilego|0 fnt
|faint|p1a: Nihilego
|
|upkeep
|
|t:|1665347423
|switch|p1a: Diggersby|Diggersby, F|82/100
|-damage|p1a: Diggersby|76/100|[from] Stealth Rock
|turn|77
|
|t:|1665347430
|cant|p2a: Scizor|par
|move|p1a: Diggersby|Body Slam|p2a: Scizor
|-resisted|p2a: Scizor
|-damage|p2a: Scizor|5/100 par
|
|upkeep
|turn|78
|
|t:|1665347434
|cant|p2a: Scizor|par
|move|p1a: Diggersby|Body Slam|p2a: Scizor
|-resisted|p2a: Scizor
|-damage|p2a: Scizor|0 fnt
|faint|p2a: Scizor
|
|upkeep
|c|☆JustFranco‽|vpijbsdfdrtnbfgtrbh
|c|☆JustFranco‽|xtdxh kglbgloid;jboersjg
|
|t:|1665347454
|switch|p2a: Salamence|Salamence, F|26/100
|-ability|p2a: Salamence|Intimidate|boost
|-unboost|p1a: Diggersby|atk|1
|turn|79
|
|t:|1665347458
|move|p1a: Diggersby|Body Slam|p2a: Salamence
|-damage|p2a: Salamence|0 fnt
|faint|p2a: Salamence
|
|upkeep
|inactive|JustFranco‽ has 270 seconds left.
|
|t:|1665347489
|switch|p2a: Rotom|Rotom-Wash|61/100
|-damage|p2a: Rotom|49/100|[from] Stealth Rock
|turn|80
|inactive|JustFranco‽ has 270 seconds left.
|
|t:|1665347504
|switch|p1a: Reuniclus|Reuniclus, M, shiny|62/100 brn
|-damage|p1a: Reuniclus|50/100 brn|[from] Stealth Rock
|move|p2a: Rotom|Hydro Pump|p1a: Reuniclus
|-damage|p1a: Reuniclus|32/100 brn
|
|-heal|p2a: Rotom|55/100|[from] item: Leftovers
|-damage|p1a: Reuniclus|26/100 brn|[from] brn
|upkeep
|turn|81
|inactive|JustFranco‽ has 240 seconds left.
|
|t:|1665347541
|switch|p2a: Chansey|Chansey, F|59/100
|-damage|p2a: Chansey|47/100|[from] Stealth Rock
|move|p1a: Reuniclus|Psyshock|p2a: Chansey
|-damage|p2a: Chansey|12/100
|
|-damage|p1a: Reuniclus|20/100 brn|[from] brn
|upkeep
|turn|82
|
|t:|1665347544
|switch|p1a: Diggersby|Diggersby, F|76/100
|-damage|p1a: Diggersby|70/100|[from] Stealth Rock
|move|p2a: Chansey|Soft-Boiled|p2a: Chansey
|-heal|p2a: Chansey|62/100
|
|upkeep
|turn|83
|
|t:|1665347549
|move|p1a: Diggersby|Body Slam|p2a: Chansey
|-damage|p2a: Chansey|9/100
|move|p2a: Chansey|Soft-Boiled|p2a: Chansey
|-heal|p2a: Chansey|59/100
|
|upkeep
|turn|84
|inactive|JustFranco‽ has 240 seconds left.
|inactive|JustFranco‽ has 210 seconds left.
|-message|JustFranco‽ forfeited.
|
|win|Floss
|c|☆Floss|gg
