|inactive|Battle timer is ON: inactive players will automatically lose when time's up.
|t:|1667450143
|gametype|singles
|player|p1|KM|#scl2foxes|
|player|p2|Meru|#scl2terrors|
|teamsize|p1|6
|teamsize|p2|6
|gen|8
|tier|[Gen 8] UU
|rule|Sleep Clause Mod: Limit one foe put to sleep
|rule|Species Clause: Limit one of each Pokémon
|rule|OHKO Clause: OHKO moves are banned
|rule|Evasion Items Clause: Evasion items are banned
|rule|Evasion Moves Clause: Evasion moves are banned
|rule|Endless Battle Clause: Forcing endless battles is banned
|rule|HP Percentage Mod: HP is shown in percentages
|rule|Dynamax Clause: You cannot dynamax
|clearpoke
|poke|p1|Cloyster, F|
|poke|p1|Excadrill, F|
|poke|p1|Ninetales, M|
|poke|p1|Polteageist|
|poke|p1|Venusaur, F|
|poke|p1|Xatu, F|
|poke|p2|Zarude-Dada|
|poke|p2|Excadrill, F|
|poke|p2|Scizor, M|
|poke|p2|Celesteela|
|poke|p2|Nihilego|
|poke|p2|Slowking, F|
|teampreview
|c|☆KM|hf boots
|c|☆KM|can u talk in here or does unvoiced prevent that
|inactive|KM has 270 seconds left.
|inactive|Meru has 270 seconds left.
|c|☆KM|embarrassing if so
|c|☆Meru|um
|c|☆KM|oh yasss
|c|☆KM|hello meru
|c|☆Meru|glhf
|c|☆KM|glhf
|inactive|KM has 240 seconds left.
|inactive|Meru has 240 seconds left.
|
|t:|1667450215
|start
|switch|p1a: good money?|Ninetales, M|100/100
|switch|p2a: Slowking|Slowking, F|100/100
|-weather|SunnyDay|[from] ability: Drought|[of] p1a: good money?
|turn|1
|
|t:|1667450243
|move|p1a: good money?|Solar Beam||[still]
|-prepare|p1a: good money?|Solar Beam
|-anim|p1a: good money?|Solar Beam|p2a: Slowking
|-supereffective|p2a: Slowking
|-damage|p2a: Slowking|37/100
|-damage|p1a: good money?|91/100|[from] item: Life Orb
|move|p2a: Slowking|Future Sight|p1a: good money?
|-start|p2a: Slowking|move: Future Sight
|
|-weather|SunnyDay|[upkeep]
|upkeep
|turn|2
|c|+coalette|u both r so slay oml
|inactive|KM has 270 seconds left.
|inactive|Meru has 270 seconds left.
|
|t:|1667450278
|switch|p2a: Nihilego|Nihilego|100/100
|move|p1a: good money?|Solar Beam||[still]
|-prepare|p1a: good money?|Solar Beam
|-anim|p1a: good money?|Solar Beam|p2a: Nihilego
|-damage|p2a: Nihilego|73/100
|-damage|p1a: good money?|81/100|[from] item: Life Orb
|
|-weather|SunnyDay|[upkeep]
|-heal|p2a: Nihilego|79/100|[from] item: Black Sludge
|upkeep
|turn|3
|inactive|Meru has 270 seconds left.
|inactive|Meru has 240 seconds left.
|inactive|KM has 240 seconds left.
|
|t:|1667450340
|switch|p2a: Slowking|Slowking, F|70/100
|switch|p1a: not your accessory|Excadrill, F|100/100
|-ability|p1a: not your accessory|Mold Breaker
|
|-weather|SunnyDay|[upkeep]
|-end|p1a: not your accessory|move: Future Sight
|-resisted|p1a: not your accessory
|-damage|p1a: not your accessory|72/100
|upkeep
|turn|4
|
|t:|1667450350
|move|p1a: not your accessory|Stealth Rock|p2a: Slowking
|-sidestart|p2: Meru|move: Stealth Rock
|move|p2a: Slowking|Scald|p1a: not your accessory
|-supereffective|p1a: not your accessory
|-damage|p1a: not your accessory|37/100
|
|-weather|SunnyDay|[upkeep]
|upkeep
|turn|5
|
|t:|1667450357
|move|p1a: not your accessory|Earthquake|p2a: Slowking
|-damage|p2a: Slowking|32/100
|move|p2a: Slowking|Future Sight|p1a: not your accessory
|-start|p2a: Slowking|move: Future Sight
|
|-weather|none
|upkeep
|turn|6
|inactive|Meru has 240 seconds left.
|
|t:|1667450383
|switch|p1a: good money?|Ninetales, M|81/100
|-weather|SunnyDay|[from] ability: Drought|[of] p1a: good money?
|switch|p2a: Scizor|Scizor, M|100/100
|
|-weather|SunnyDay|[upkeep]
|upkeep
|turn|7
|inactive|Meru has 210 seconds left.
|inactive|KM has 240 seconds left.
|
|t:|1667450417
|switch|p2a: Nihilego|Nihilego|79/100
|-damage|p2a: Nihilego|67/100|[from] Stealth Rock
|move|p1a: good money?|Memento|p2a: Nihilego
|-unboost|p2a: Nihilego|atk|2
|-unboost|p2a: Nihilego|spa|2
|faint|p1a: good money?
|
|-weather|SunnyDay|[upkeep]
|-hint|Future Sight did not hit because the target is fainted.
|-heal|p2a: Nihilego|73/100|[from] item: Black Sludge
|upkeep
|
|t:|1667450419
|switch|p1a: super ko love|Venusaur, F|100/100
|turn|8
|inactive|Meru has 210 seconds left.
|inactive|Meru has 180 seconds left.
|
|t:|1667450471
|move|p1a: super ko love|Growth|p1a: super ko love
|-boost|p1a: super ko love|atk|2
|-boost|p1a: super ko love|spa|2
|move|p2a: Nihilego|Sludge Bomb|p1a: super ko love
|-damage|p1a: super ko love|74/100
|
|-weather|SunnyDay|[upkeep]
|-heal|p2a: Nihilego|79/100|[from] item: Black Sludge
|upkeep
|turn|9
|
|t:|1667450480
|move|p1a: super ko love|Solar Beam||[still]
|-prepare|p1a: super ko love|Solar Beam
|-anim|p1a: super ko love|Solar Beam|p2a: Nihilego
|-damage|p2a: Nihilego|0 fnt
|faint|p2a: Nihilego
|-damage|p1a: super ko love|64/100|[from] item: Life Orb
|
|-weather|SunnyDay|[upkeep]
|upkeep
|
|t:|1667450486
|switch|p2a: Celesteela|Celesteela|100/100
|-damage|p2a: Celesteela|88/100|[from] Stealth Rock
|turn|10
|
|t:|1667450492
|switch|p1a: choice cowboy|Xatu, F|100/100
|move|p2a: Celesteela|Protect||[still]
|-fail|p2a: Celesteela
|
|-weather|none
|-heal|p2a: Celesteela|94/100|[from] item: Leftovers
|upkeep
|turn|11
|inactive|KM has 270 seconds left.
|
|t:|1667450498
|move|p2a: Celesteela|Protect|p2a: Celesteela
|-singleturn|p2a: Celesteela|Protect
|move|p1a: choice cowboy|Sunny Day|p1a: choice cowboy
|-weather|SunnyDay
|
|-weather|SunnyDay|[upkeep]
|-heal|p2a: Celesteela|99/100|[from] item: Leftovers
|upkeep
|turn|12
|inactive|KM has 270 seconds left.
|
|t:|1667450513
|move|p1a: choice cowboy|Heat Wave|p2a: Celesteela
|-supereffective|p2a: Celesteela
|-damage|p2a: Celesteela|64/100
|move|p2a: Celesteela|Flamethrower|p1a: choice cowboy
|-damage|p1a: choice cowboy|70/100
|
|-weather|SunnyDay|[upkeep]
|-heal|p2a: Celesteela|70/100|[from] item: Leftovers
|upkeep
|turn|13
|inactive|KM has 270 seconds left.
|c|+Sage|this mid off
|c|+avarice|right
|
|t:|1667450538
|move|p1a: choice cowboy|Heat Wave|p2a: Celesteela
|-supereffective|p2a: Celesteela
|-damage|p2a: Celesteela|28/100
|move|p2a: Celesteela|Flamethrower|p1a: choice cowboy
|-damage|p1a: choice cowboy|41/100
|
|-weather|SunnyDay|[upkeep]
|-heal|p2a: Celesteela|34/100|[from] item: Leftovers
|upkeep
|turn|14
|
|t:|1667450552
|switch|p2a: Slowking|Slowking, F|65/100
|-damage|p2a: Slowking|53/100|[from] Stealth Rock
|move|p1a: choice cowboy|Roost|p1a: choice cowboy
|-heal|p1a: choice cowboy|91/100
|-singleturn|p1a: choice cowboy|move: Roost
|
|-weather|SunnyDay|[upkeep]
|upkeep
|turn|15
|
|t:|1667450556
|move|p1a: choice cowboy|Teleport|p1a: choice cowboy
|
|t:|1667450564
|switch|p1a: super ko love|Venusaur, F|64/100|[from]move: Teleport
|move|p2a: Slowking|Teleport|p2a: Slowking
|inactive|Meru has 180 seconds left.
|inactive|Meru has 150 seconds left.
|inactive|Meru has 120 seconds left.
|
|t:|1667450660
|switch|p2a: Scizor|Scizor, M|100/100|[from]move: Teleport
|
|-weather|SunnyDay|[upkeep]
|upkeep
|turn|16
|
|t:|1667450675
|switch|p2a: Slowking|Slowking, F|86/100
|-damage|p2a: Slowking|74/100|[from] Stealth Rock
|move|p1a: super ko love|Solar Beam||[still]
|-prepare|p1a: super ko love|Solar Beam
|-anim|p1a: super ko love|Solar Beam|p2a: Slowking
|-supereffective|p2a: Slowking
|-damage|p2a: Slowking|0 fnt
|faint|p2a: Slowking
|-damage|p1a: super ko love|54/100|[from] item: Life Orb
|
|-weather|SunnyDay|[upkeep]
|upkeep
|
|t:|1667450684
|switch|p2a: Celesteela|Celesteela|34/100
|-damage|p2a: Celesteela|22/100|[from] Stealth Rock
|turn|17
|
|t:|1667450688
|move|p2a: Celesteela|Protect|p2a: Celesteela
|-singleturn|p2a: Celesteela|Protect
|move|p1a: super ko love|Weather Ball|p2a: Celesteela
|-activate|p2a: Celesteela|move: Protect
|
|-weather|SunnyDay|[upkeep]
|-heal|p2a: Celesteela|28/100|[from] item: Leftovers
|upkeep
|turn|18
|inactive|Meru has 120 seconds left.
|
|t:|1667450702
|move|p2a: Celesteela|Protect||[still]
|-fail|p2a: Celesteela
|move|p1a: super ko love|Weather Ball|p2a: Celesteela
|-supereffective|p2a: Celesteela
|-damage|p2a: Celesteela|0 fnt
|faint|p2a: Celesteela
|-damage|p1a: super ko love|44/100|[from] item: Life Orb
|
|-weather|none
|upkeep
|
|t:|1667450704
|switch|p2a: Excadrill|Excadrill, F|100/100
|-damage|p2a: Excadrill|97/100|[from] Stealth Rock
|-ability|p2a: Excadrill|Mold Breaker
|turn|19
|inactive|KM has 270 seconds left.
|
|t:|1667450735
|switch|p1a: not your accessory|Excadrill, F|37/100
|-ability|p1a: not your accessory|Mold Breaker
|move|p2a: Excadrill|Swords Dance|p2a: Excadrill
|-boost|p2a: Excadrill|atk|2
|
|-heal|p2a: Excadrill|100/100|[from] item: Leftovers
|upkeep
|turn|20
|
|t:|1667450743
|move|p1a: not your accessory|Rock Tomb|p2a: Excadrill
|-resisted|p2a: Excadrill
|-damage|p2a: Excadrill|92/100
|-unboost|p2a: Excadrill|spe|1
|move|p2a: Excadrill|Earthquake|p1a: not your accessory
|-supereffective|p1a: not your accessory
|-damage|p1a: not your accessory|0 fnt
|faint|p1a: not your accessory
|
|-heal|p2a: Excadrill|98/100|[from] item: Leftovers
|upkeep
|inactive|KM has 270 seconds left.
|
|t:|1667450769
|switch|p1a: choice cowboy|Xatu, F|91/100
|turn|21
|inactive|Meru has 150 seconds left.
|
|t:|1667450781
|move|p1a: choice cowboy|Sunny Day|p1a: choice cowboy
|-weather|SunnyDay
|move|p2a: Excadrill|Rapid Spin|p1a: choice cowboy
|-damage|p1a: choice cowboy|38/100
|-boost|p2a: Excadrill|spe|1
|-sideend|p2: Meru|Stealth Rock|[from] move: Rapid Spin|[of] p2a: Excadrill
|
|-weather|SunnyDay|[upkeep]
|-heal|p2a: Excadrill|100/100|[from] item: Leftovers
|upkeep
|turn|22
|inactive|KM has 270 seconds left.
|inactive|Meru has 150 seconds left.
|
|t:|1667450801
|move|p2a: Excadrill|Rapid Spin|p1a: choice cowboy
|-damage|p1a: choice cowboy|0 fnt
|-boost|p2a: Excadrill|spe|1
|faint|p1a: choice cowboy
|
|-weather|SunnyDay|[upkeep]
|upkeep
|
|t:|1667450820
|switch|p1a: super ko love|Venusaur, F|44/100
|turn|23
|inactive|Meru has 150 seconds left.
|
|t:|1667450846
|move|p1a: super ko love|Weather Ball|p2a: Excadrill
|-supereffective|p2a: Excadrill
|-damage|p2a: Excadrill|0 fnt
|faint|p2a: Excadrill
|-damage|p1a: super ko love|34/100|[from] item: Life Orb
|
|-weather|SunnyDay|[upkeep]
|upkeep
|
|t:|1667450855
|switch|p2a: Scizor|Scizor, M|100/100
|turn|24
|inactive|KM has 270 seconds left.
|inactive|Meru has 120 seconds left.
|inactive|KM has 240 seconds left.
|inactive|Meru has 90 seconds left.
|inactive|KM has 210 seconds left.
|
|t:|1667450949
|switch|p1a: continue?|Polteageist|100/100
|move|p2a: Scizor|Bullet Punch|p1a: continue?
|-damage|p1a: continue?|43/100
|-ability|p1a: continue?|Weak Armor|boost
|-unboost|p1a: continue?|def|1
|-boost|p1a: continue?|spe|2
|
|-weather|SunnyDay|[upkeep]
|upkeep
|turn|25
|inactive|Meru has 60 seconds left.
|
|t:|1667450971
|move|p1a: continue?|Memento|p2a: Scizor
|-unboost|p2a: Scizor|atk|2
|-unboost|p2a: Scizor|spa|2
|faint|p1a: continue?
|move|p2a: Scizor|Swords Dance|p2a: Scizor
|-boost|p2a: Scizor|atk|2
|
|-weather|SunnyDay|[upkeep]
|upkeep
|inactive|KM has 180 seconds left.
|
|t:|1667450998
|switch|p1a: star power|Cloyster, F|100/100
|turn|26
|inactive|KM has 180 seconds left.
|inactive|Meru has 60 seconds left.
|inactive|Meru has 30 seconds left.
|inactive|KM has 150 seconds left.
|inactive|Meru has 20 seconds left.
|inactive|Meru has 15 seconds left.
|
|t:|1667451056
|move|p1a: star power|Icicle Spear|p2a: Scizor
|-resisted|p2a: Scizor
|-damage|p2a: Scizor|94/100
|-resisted|p2a: Scizor
|-damage|p2a: Scizor|88/100
|-resisted|p2a: Scizor
|-damage|p2a: Scizor|82/100
|-resisted|p2a: Scizor
|-damage|p2a: Scizor|76/100
|-resisted|p2a: Scizor
|-damage|p2a: Scizor|69/100
|-hitcount|p2a: Scizor|5
|-damage|p1a: star power|91/100|[from] item: Life Orb
|move|p2a: Scizor|Swords Dance|p2a: Scizor
|-boost|p2a: Scizor|atk|2
|
|-weather|SunnyDay|[upkeep]
|upkeep
|turn|27
|inactive|Meru has 25 seconds left this turn.
|inactive|Meru has 20 seconds left.
|inactive|Meru has 15 seconds left.
|
|t:|1667451067
|move|p2a: Scizor|Bullet Punch|p1a: star power
|-damage|p1a: star power|40/100
|move|p1a: star power|Weather Ball|p2a: Scizor
|-supereffective|p2a: Scizor
|-damage|p2a: Scizor|0 fnt
|faint|p2a: Scizor
|-damage|p1a: star power|30/100|[from] item: Life Orb
|
|-weather|SunnyDay|[upkeep]
|upkeep
|inactive|Meru has 20 seconds left this turn.
|inactive|Meru has 15 seconds left.
|
|t:|1667451074
|switch|p2a: Zarude|Zarude-Dada|100/100
|turn|28
|inactive|Meru has 25 seconds left this turn.
|c|☆Meru|gg
|c|☆KM|it's possible taht
|c|☆KM|i did some math wrong
|c|☆Meru|u did
|c|☆KM|about a minute ago
|
|t:|1667451089
|move|p2a: Zarude|Darkest Lariat|p1a: star power
|-damage|p1a: star power|0 fnt
|faint|p1a: star power
|
|-weather|none
|upkeep
|inactive|Meru has 30 seconds left this turn.
|
|t:|1667451091
|switch|p1a: super ko love|Venusaur, F|34/100
|turn|29
|c|☆KM|gg
|
|t:|1667451094
|move|p2a: Zarude|Darkest Lariat|p1a: super ko love
|-damage|p1a: super ko love|0 fnt
|faint|p1a: super ko love
|
|win|Meru
|c|☆KM|xoxo 
