|inactive|Battle timer is ON: inactive players will automatically lose when time's up.
|t:|1647995617
|gametype|singles
|player|p1|joey the goon|falkner-gen2|
|player|p2|pif|2|
|teamsize|p1|6
|teamsize|p2|6
|gen|8
|tier|[Gen 8] UU
|rule|Sleep Clause Mod: Limit one foe put to sleep
|rule|Species Clause: Limit one of each Pokémon
|rule|OHKO Clause: OHKO moves are banned
|rule|Evasion Moves Clause: Evasion moves are banned
|rule|Endless Battle Clause: Forcing endless battles is banned
|rule|HP Percentage Mod: HP is shown in percentages
|rule|Dynamax Clause: You cannot dynamax
|clearpoke
|poke|p1|Nihilego|
|poke|p1|Excadrill, F|
|poke|p1|Keldeo-Resolute|
|poke|p1|Thundurus-Therian, M|
|poke|p1|Tangrowth, F|
|poke|p1|Rotom-Wash|
|poke|p2|Aegislash, M|
|poke|p2|Chansey, F|
|poke|p2|Salamence, F|
|poke|p2|Umbreon, M|
|poke|p2|Quagsire, M|
|poke|p2|Tangrowth, M|
|teampreview
|c|☆joey the goon|hf
|c|☆pif|same
|c|☆joey the goon|oh also
|c|☆joey the goon|do we have to use the same team for all 3
|inactive|joey the goon has 270 seconds left.
|c|+Aqua8Jet|You know I have to sleep soon...
|c|☆pif|sorry...
|c|☆pif|you do not joey
|c|☆joey the goon|ok thanks
|
|t:|1647995674
|start
|switch|p1a: bup|Nihilego, shiny|100/100
|switch|p2a: Tangrowth|Tangrowth, M|100/100
|turn|1
|
|t:|1647995701
|switch|p1a: lily|Excadrill, F|100/100
|-ability|p1a: lily|Mold Breaker
|switch|p2a: Chansey|Chansey, F|100/100
|
|upkeep
|turn|2
|
|t:|1647995714
|move|p1a: lily|Stealth Rock|p2a: Chansey
|-sidestart|p2: pif|move: Stealth Rock
|move|p2a: Chansey|Stealth Rock|p1a: lily
|-sidestart|p1: joey the goon|move: Stealth Rock
|
|upkeep
|turn|3
|
|t:|1647995719
|move|p1a: lily|Rapid Spin|p2a: Chansey
|-damage|p2a: Chansey|90/100
|-boost|p1a: lily|spe|1
|-sideend|p1: joey the goon|Stealth Rock|[from] move: Rapid Spin|[of] p1a: lily
|move|p2a: Chansey|Seismic Toss|p1a: lily
|-damage|p1a: lily|73/100
|
|-heal|p1a: lily|79/100|[from] item: Leftovers
|upkeep
|turn|4
|
|t:|1647995734
|move|p1a: lily|Earthquake|p2a: Chansey
|-damage|p2a: Chansey|56/100
|move|p2a: Chansey|Stealth Rock|p1a: lily
|-sidestart|p1: joey the goon|move: Stealth Rock
|
|-heal|p1a: lily|85/100|[from] item: Leftovers
|upkeep
|turn|5
|
|t:|1647995740
|move|p1a: lily|Iron Head|p2a: Chansey
|-damage|p2a: Chansey|27/100
|cant|p2a: Chansey|flinch
|
|-heal|p1a: lily|91/100|[from] item: Leftovers
|upkeep
|turn|6
|c|☆joey the goon|sry
|
|t:|1647995752
|switch|p2a: Salamence|Salamence, F|100/100
|-ability|p2a: Salamence|Intimidate|boost
|-unboost|p1a: lily|atk|1
|move|p1a: lily|Earthquake|p2a: Salamence
|-immune|p2a: Salamence
|
|-heal|p1a: lily|97/100|[from] item: Leftovers
|upkeep
|turn|7
|
|t:|1647995768
|switch|p1a: these|Rotom-Wash|100/100
|-damage|p1a: these|88/100|[from] Stealth Rock
|move|p2a: Salamence|Defog|p1a: these
|-unboost|p1a: these|evasion|1
|-sideend|p1: joey the goon|Stealth Rock|[from] move: Defog|[of] p2a: Salamence
|-sideend|p2: pif|Stealth Rock|[from] move: Defog|[of] p2a: Salamence
|
|-heal|p1a: these|94/100|[from] item: Leftovers
|upkeep
|turn|8
|
|t:|1647995783
|switch|p2a: Quagsire|Quagsire, M|100/100
|move|p1a: these|Volt Switch|p2a: Quagsire
|-immune|p2a: Quagsire
|
|-heal|p1a: these|100/100|[from] item: Leftovers
|upkeep
|turn|9
|inactive|joey the goon has 270 seconds left.
|
|t:|1647995807
|switch|p1a: me|Tangrowth, F, shiny|100/100
|move|p2a: Quagsire|Toxic|p1a: me
|-status|p1a: me|tox
|
|-damage|p1a: me|94/100 tox|[from] psn
|upkeep
|turn|10
|inactive|joey the goon has 270 seconds left.
|
|t:|1647995828
|switch|p2a: Umbreon|Umbreon, M|100/100
|move|p1a: me|Knock Off|p2a: Umbreon
|-resisted|p2a: Umbreon
|-damage|p2a: Umbreon|94/100
|-enditem|p2a: Umbreon|Leftovers|[from] move: Knock Off|[of] p1a: me
|
|-damage|p1a: me|82/100 tox|[from] psn
|upkeep
|turn|11
|
|t:|1647995839
|switch|p1a: but it was me|Keldeo-Resolute|100/100
|move|p2a: Umbreon|Wish|p2a: Umbreon
|
|upkeep
|turn|12
|
|t:|1647995850
|switch|p2a: Aegislash|Aegislash, M|100/100
|move|p1a: but it was me|Secret Sword|p2a: Aegislash
|-immune|p2a: Aegislash
|
|upkeep
|turn|13
|
|t:|1647995868
|switch|p1a: these|Rotom-Wash|100/100
|-formechange|p2a: Aegislash|Aegislash-Blade||[from] ability: Stance Change
|move|p2a: Aegislash|Shadow Ball|p1a: these
|-damage|p1a: these|35/100
|
|-heal|p1a: these|42/100|[from] item: Leftovers
|upkeep
|turn|14
|
|t:|1647995883
|switch|p1a: me|Tangrowth, F, shiny|100/100 tox
|switch|p2a: Chansey|Chansey, F|27/100
|
|-damage|p1a: me|94/100 tox|[from] psn
|upkeep
|turn|15
|
|t:|1647995911
|move|p2a: Chansey|Soft-Boiled|p2a: Chansey
|-heal|p2a: Chansey|77/100
|move|p1a: me|Knock Off|p2a: Chansey
|-damage|p2a: Chansey|63/100
|-enditem|p2a: Chansey|Eviolite|[from] move: Knock Off|[of] p1a: me
|
|-damage|p1a: me|82/100 tox|[from] psn
|upkeep
|turn|16
|
|t:|1647995933
|switch|p1a: lily|Excadrill, F|97/100
|-ability|p1a: lily|Mold Breaker
|move|p2a: Chansey|Soft-Boiled|p2a: Chansey
|-heal|p2a: Chansey|100/100
|
|-heal|p1a: lily|100/100|[from] item: Leftovers
|upkeep
|turn|17
|inactive|joey the goon has 240 seconds left.
|
|t:|1647995956
|switch|p2a: Salamence|Salamence, F|100/100
|-ability|p2a: Salamence|Intimidate|boost
|-unboost|p1a: lily|atk|1
|move|p1a: lily|Stealth Rock|p2a: Salamence
|-sidestart|p2: pif|move: Stealth Rock
|
|upkeep
|turn|18
|inactive|joey the goon has 240 seconds left.
|
|t:|1647995984
|switch|p1a: bear hug|Thundurus-Therian, M|100/100
|move|p2a: Salamence|Defog|p1a: bear hug
|-unboost|p1a: bear hug|evasion|1
|-sideend|p2: pif|Stealth Rock|[from] move: Defog|[of] p2a: Salamence
|
|upkeep
|turn|19
|inactive|joey the goon has 210 seconds left.
|
|t:|1647996016
|switch|p2a: Chansey|Chansey, F|100/100
|move|p1a: bear hug|Thunderbolt|p2a: Chansey
|-damage|p2a: Chansey|75/100
|
|upkeep
|turn|20
|inactive|joey the goon has 210 seconds left.
|
|t:|1647996047
|switch|p1a: but it was me|Keldeo-Resolute|100/100
|move|p2a: Chansey|Soft-Boiled|p2a: Chansey
|-heal|p2a: Chansey|100/100
|
|upkeep
|turn|21
|
|t:|1647996055
|switch|p2a: Tangrowth|Tangrowth, M|100/100
|move|p1a: but it was me|Hydro Pump|p2a: Tangrowth
|-resisted|p2a: Tangrowth
|-damage|p2a: Tangrowth|47/100
|
|upkeep
|turn|22
|
|t:|1647996067
|switch|p2a: Chansey|Chansey, F|100/100
|move|p1a: but it was me|Hydro Pump|p2a: Chansey
|-damage|p2a: Chansey|59/100
|
|upkeep
|turn|23
|
|t:|1647996076
|switch|p1a: bear hug|Thundurus-Therian, M|100/100
|move|p2a: Chansey|Soft-Boiled|p2a: Chansey
|-heal|p2a: Chansey|100/100
|
|upkeep
|turn|24
|
|t:|1647996090
|move|p1a: bear hug|Nasty Plot|p1a: bear hug
|-boost|p1a: bear hug|spa|2
|move|p2a: Chansey|Stealth Rock|p1a: bear hug
|-sidestart|p1: joey the goon|move: Stealth Rock
|
|upkeep
|turn|25
|
|t:|1647996107
|move|p1a: bear hug|Thunderbolt|p2a: Chansey
|-damage|p2a: Chansey|50/100
|move|p2a: Chansey|Toxic|p1a: bear hug
|-status|p1a: bear hug|tox
|
|-damage|p1a: bear hug|94/100 tox|[from] psn
|upkeep
|turn|26
|
|t:|1647996117
|switch|p2a: Quagsire|Quagsire, M|100/100
|move|p1a: bear hug|Focus Blast|p2a: Quagsire|[miss]
|-miss|p1a: bear hug|p2a: Quagsire
|
|-damage|p1a: bear hug|82/100 tox|[from] psn
|upkeep
|turn|27
|
|t:|1647996128
|switch|p1a: me|Tangrowth, F, shiny|100/100 tox
|-damage|p1a: me|88/100 tox|[from] Stealth Rock
|move|p2a: Quagsire|Scald|p1a: me
|-resisted|p1a: me
|-damage|p1a: me|82/100 tox
|
|-damage|p1a: me|76/100 tox|[from] psn
|upkeep
|turn|28
|
|t:|1647996140
|switch|p2a: Chansey|Chansey, F|50/100
|move|p1a: me|Giga Drain|p2a: Chansey
|-damage|p2a: Chansey|36/100
|-heal|p1a: me|88/100 tox|[from] drain|[of] p2a: Chansey
|
|-damage|p1a: me|75/100 tox|[from] psn
|upkeep
|turn|29
|
|t:|1647996145
|switch|p1a: lily|Excadrill, F|100/100
|-damage|p1a: lily|97/100|[from] Stealth Rock
|-ability|p1a: lily|Mold Breaker
|move|p2a: Chansey|Soft-Boiled|p2a: Chansey
|-heal|p2a: Chansey|86/100
|
|-heal|p1a: lily|100/100|[from] item: Leftovers
|upkeep
|turn|30
|
|t:|1647996150
|switch|p2a: Tangrowth|Tangrowth, M|80/100
|move|p1a: lily|Earthquake|p2a: Tangrowth
|-resisted|p2a: Tangrowth
|-damage|p2a: Tangrowth|64/100
|
|upkeep
|turn|31
|
|t:|1647996162
|move|p1a: lily|Rapid Spin|p2a: Tangrowth
|-damage|p2a: Tangrowth|54/100
|-boost|p1a: lily|spe|1
|-damage|p1a: lily|84/100|[from] item: Rocky Helmet|[of] p2a: Tangrowth
|-sideend|p1: joey the goon|Stealth Rock|[from] move: Rapid Spin|[of] p1a: lily
|move|p2a: Tangrowth|Knock Off|p1a: lily
|-damage|p1a: lily|53/100
|-enditem|p1a: lily|Leftovers|[from] move: Knock Off|[of] p2a: Tangrowth
|
|upkeep
|turn|32
|inactive|joey the goon has 210 seconds left.
|
|t:|1647996185
|move|p1a: lily|Stealth Rock|p2a: Tangrowth
|-sidestart|p2: pif|move: Stealth Rock
|move|p2a: Tangrowth|Power Whip|p1a: lily
|-damage|p1a: lily|0 fnt
|faint|p1a: lily
|
|upkeep
|
|t:|1647996207
|switch|p1a: but it was me|Keldeo-Resolute|100/100
|turn|33
|
|t:|1647996223
|switch|p2a: Salamence|Salamence, F|100/100
|-ability|p2a: Salamence|Intimidate|boost
|-unboost|p1a: but it was me|atk|1
|move|p1a: but it was me|Hydro Pump|p2a: Salamence
|-resisted|p2a: Salamence
|-damage|p2a: Salamence|59/100
|
|upkeep
|turn|34
|inactive|joey the goon has 180 seconds left.
|
|t:|1647996257
|switch|p1a: bup|Nihilego, shiny|100/100
|move|p2a: Salamence|Defog|p1a: bup
|-unboost|p1a: bup|evasion|1
|-sideend|p2: pif|Stealth Rock|[from] move: Defog|[of] p2a: Salamence
|
|upkeep
|turn|35
|inactive|pif disconnected and has 300 seconds to reconnect!
|player|p2|
|inactive|pif reconnected and has 290 seconds left.
|player|p2|pif|2
|inactive|joey the goon has 150 seconds left.
|
|t:|1647996285
|switch|p2a: Aegislash|Aegislash, M|100/100
|move|p1a: bup|Thunderbolt|p2a: Aegislash
|-damage|p2a: Aegislash|78/100
|
|-heal|p2a: Aegislash|84/100|[from] item: Leftovers
|upkeep
|turn|36
|
|t:|1647996297
|switch|p1a: these|Rotom-Wash|42/100
|move|p2a: Aegislash|Substitute|p2a: Aegislash
|-start|p2a: Aegislash|Substitute
|-damage|p2a: Aegislash|59/100
|
|-heal|p1a: these|48/100|[from] item: Leftovers
|-heal|p2a: Aegislash|65/100|[from] item: Leftovers
|upkeep
|turn|37
|
|t:|1647996304
|move|p2a: Aegislash|King's Shield|p2a: Aegislash
|-singleturn|p2a: Aegislash|Protect
|move|p1a: these|Hydro Pump|p2a: Aegislash
|-activate|p2a: Aegislash|move: Protect
|
|-heal|p1a: these|54/100|[from] item: Leftovers
|-heal|p2a: Aegislash|71/100|[from] item: Leftovers
|upkeep
|turn|38
|
|t:|1647996316
|move|p1a: these|Volt Switch|p2a: Aegislash
|-end|p2a: Aegislash|Substitute
|
|t:|1647996319
|switch|p1a: me|Tangrowth, F, shiny|100/100 tox|[from]move: Volt Switch
|-formechange|p2a: Aegislash|Aegislash-Blade||[from] ability: Stance Change
|move|p2a: Aegislash|Shadow Ball|p1a: me
|-damage|p1a: me|74/100 tox
|
|-heal|p2a: Aegislash|77/100|[from] item: Leftovers
|-damage|p1a: me|67/100 tox|[from] psn
|upkeep
|turn|39
|inactive|joey the goon has 150 seconds left.
|
|t:|1647996350
|switch|p1a: but it was me|Keldeo-Resolute|100/100
|-formechange|p2a: Aegislash|Aegislash||[from] ability: Stance Change
|move|p2a: Aegislash|King's Shield||[still]
|-fail|p2a: Aegislash
|
|-heal|p2a: Aegislash|84/100|[from] item: Leftovers
|upkeep
|turn|40
|inactive|joey the goon has 150 seconds left.
|
|t:|1647996366
|move|p2a: Aegislash|King's Shield|p2a: Aegislash
|-singleturn|p2a: Aegislash|Protect
|move|p1a: but it was me|Hydro Pump|p2a: Aegislash
|-activate|p2a: Aegislash|move: Protect
|
|-heal|p2a: Aegislash|90/100|[from] item: Leftovers
|upkeep
|turn|41
|
|t:|1647996374
|switch|p2a: Tangrowth|Tangrowth, M|87/100
|move|p1a: but it was me|Hydro Pump|p2a: Tangrowth
|-resisted|p2a: Tangrowth
|-damage|p2a: Tangrowth|29/100
|
|upkeep
|turn|42
|
|t:|1647996387
|switch|p1a: bear hug|Thundurus-Therian, M|82/100 tox
|switch|p2a: Salamence|Salamence, F|59/100
|-ability|p2a: Salamence|Intimidate|boost
|-unboost|p1a: bear hug|atk|1
|
|-damage|p1a: bear hug|76/100 tox|[from] psn
|upkeep
|turn|43
|
|t:|1647996397
|switch|p2a: Quagsire|Quagsire, M|100/100
|move|p1a: bear hug|Focus Blast|p2a: Quagsire
|-damage|p2a: Quagsire|63/100
|
|-heal|p2a: Quagsire|69/100|[from] item: Leftovers
|-damage|p1a: bear hug|64/100 tox|[from] psn
|upkeep
|turn|44
|
|t:|1647996411
|switch|p1a: me|Tangrowth, F, shiny|100/100 tox
|move|p2a: Quagsire|Recover|p2a: Quagsire
|-heal|p2a: Quagsire|100/100
|
|-damage|p1a: me|94/100 tox|[from] psn
|upkeep
|turn|45
|inactive|joey the goon has 150 seconds left.
|
|t:|1647996434
|switch|p2a: Chansey|Chansey, F|86/100
|move|p1a: me|Giga Drain|p2a: Chansey
|-damage|p2a: Chansey|73/100
|-heal|p1a: me|100/100 tox|[from] drain|[of] p2a: Chansey
|
|-damage|p1a: me|88/100 tox|[from] psn
|upkeep
|turn|46
|inactive|joey the goon has 150 seconds left.
|
|t:|1647996446
|switch|p1a: but it was me|Keldeo-Resolute|100/100
|move|p2a: Chansey|Stealth Rock|p1a: but it was me
|-sidestart|p1: joey the goon|move: Stealth Rock
|
|upkeep
|turn|47
|inactive|joey the goon has 150 seconds left.
|
|t:|1647996458
|switch|p2a: Salamence|Salamence, F|59/100
|-ability|p2a: Salamence|Intimidate|boost
|-unboost|p1a: but it was me|atk|1
|move|p1a: but it was me|Hydro Pump|p2a: Salamence
|-resisted|p2a: Salamence
|-damage|p2a: Salamence|13/100
|
|upkeep
|turn|48
|
|t:|1647996467
|switch|p2a: Tangrowth|Tangrowth, M|63/100
|move|p1a: but it was me|Hydro Pump|p2a: Tangrowth
|-resisted|p2a: Tangrowth
|-damage|p2a: Tangrowth|8/100
|
|upkeep
|turn|49
|
|t:|1647996472
|switch|p2a: Chansey|Chansey, F|73/100
|move|p1a: but it was me|Hydro Pump|p2a: Chansey
|-crit|p2a: Chansey
|-damage|p2a: Chansey|16/100
|
|upkeep
|turn|50
|
|t:|1647996477
|-activate|p1a: but it was me|move: Struggle
|move|p1a: but it was me|Struggle|p2a: Chansey
|-damage|p2a: Chansey|11/100
|-damage|p1a: but it was me|75/100|[from] recoil
|move|p2a: Chansey|Soft-Boiled|p2a: Chansey
|-heal|p2a: Chansey|61/100
|
|upkeep
|turn|51
|inactive|joey the goon has 180 seconds left.
|
|t:|1647996492
|switch|p1a: bear hug|Thundurus-Therian, M|64/100 tox
|move|p2a: Chansey|Soft-Boiled|p2a: Chansey
|-heal|p2a: Chansey|100/100
|
|-damage|p1a: bear hug|58/100 tox|[from] psn
|upkeep
|turn|52
|
|t:|1647996520
|switch|p1a: bup|Nihilego, shiny|100/100
|-damage|p1a: bup|88/100|[from] Stealth Rock
|switch|p2a: Quagsire|Quagsire, M|100/100
|
|upkeep
|turn|53
|
|t:|1647996530
|move|p1a: bup|Grass Knot|p2a: Quagsire
|-supereffective|p2a: Quagsire
|-damage|p2a: Quagsire|20/100
|move|p2a: Quagsire|Scald|p1a: bup
|-supereffective|p1a: bup
|-damage|p1a: bup|61/100
|
|-heal|p2a: Quagsire|26/100|[from] item: Leftovers
|upkeep
|turn|54
|
|t:|1647996546
|move|p1a: bup|Meteor Beam||[still]
|-prepare|p1a: bup|Meteor Beam
|-boost|p1a: bup|spa|1
|-enditem|p1a: bup|Power Herb
|-anim|p1a: bup|Meteor Beam|p2a: Quagsire
|-resisted|p2a: Quagsire
|-damage|p2a: Quagsire|3/100
|move|p2a: Quagsire|Scald|p1a: bup
|-supereffective|p1a: bup
|-damage|p1a: bup|32/100
|
|-heal|p2a: Quagsire|9/100|[from] item: Leftovers
|upkeep
|turn|55
|inactive|pif has 270 seconds left.
|
|t:|1647996579
|move|p1a: bup|Grass Knot|p2a: Quagsire
|-supereffective|p2a: Quagsire
|-damage|p2a: Quagsire|0 fnt
|faint|p2a: Quagsire
|-ability|p1a: bup|Beast Boost|boost
|-boost|p1a: bup|spe|1
|
|upkeep
|
|t:|1647996581
|switch|p2a: Aegislash|Aegislash, M|90/100
|turn|56
|
|t:|1647996590
|move|p1a: bup|Thunderbolt|p2a: Aegislash
|-damage|p2a: Aegislash|56/100
|-formechange|p2a: Aegislash|Aegislash-Blade||[from] ability: Stance Change
|move|p2a: Aegislash|Shadow Ball|p1a: bup
|-damage|p1a: bup|0 fnt
|faint|p1a: bup
|
|-heal|p2a: Aegislash|63/100|[from] item: Leftovers
|upkeep
|
|t:|1647996616
|switch|p1a: bear hug|Thundurus-Therian, M|58/100 tox
|turn|57
|
|t:|1647996629
|-formechange|p2a: Aegislash|Aegislash||[from] ability: Stance Change
|move|p2a: Aegislash|King's Shield|p2a: Aegislash
|-singleturn|p2a: Aegislash|Protect
|move|p1a: bear hug|Nasty Plot|p1a: bear hug
|-boost|p1a: bear hug|spa|2
|
|-heal|p2a: Aegislash|69/100|[from] item: Leftovers
|-damage|p1a: bear hug|52/100 tox|[from] psn
|upkeep
|turn|58
|
|t:|1647996637
|switch|p2a: Salamence|Salamence, F|13/100
|-ability|p2a: Salamence|Intimidate|boost
|-unboost|p1a: bear hug|atk|1
|move|p1a: bear hug|Thunderbolt|p2a: Salamence
|-damage|p2a: Salamence|0 fnt
|faint|p2a: Salamence
|
|-damage|p1a: bear hug|40/100 tox|[from] psn
|upkeep
|
|t:|1647996643
|switch|p2a: Aegislash|Aegislash, M|69/100
|turn|59
|
|t:|1647996650
|move|p2a: Aegislash|King's Shield|p2a: Aegislash
|-singleturn|p2a: Aegislash|Protect
|move|p1a: bear hug|Focus Blast|p2a: Aegislash
|-activate|p2a: Aegislash|move: Protect
|
|-heal|p2a: Aegislash|75/100|[from] item: Leftovers
|-damage|p1a: bear hug|22/100 tox|[from] psn
|upkeep
|turn|60
|c|+km|ban aegi
|
|t:|1647996658
|switch|p2a: Tangrowth|Tangrowth, M|42/100
|move|p1a: bear hug|Focus Blast|p2a: Tangrowth|[miss]
|-miss|p1a: bear hug|p2a: Tangrowth
|
|-damage|p1a: bear hug|0 fnt|[from] psn
|faint|p1a: bear hug
|upkeep
|
|t:|1647996668
|switch|p1a: but it was me|Keldeo-Resolute|75/100
|-damage|p1a: but it was me|69/100|[from] Stealth Rock
|turn|61
|inactive|joey the goon has 180 seconds left.
|c|☆pif|69 lol
|
|t:|1647996682
|move|p1a: but it was me|Scald|p2a: Tangrowth
|-resisted|p2a: Tangrowth
|-damage|p2a: Tangrowth|1/100
|move|p2a: Tangrowth|Power Whip|p1a: but it was me
|-supereffective|p1a: but it was me
|-damage|p1a: but it was me|0 fnt
|faint|p1a: but it was me
|
|upkeep
|
|t:|1647996689
|switch|p1a: me|Tangrowth, F, shiny|100/100 tox
|-damage|p1a: me|88/100 tox|[from] Stealth Rock
|turn|62
|
|t:|1647996697
|switch|p2a: Umbreon|Umbreon, M|94/100
|move|p1a: me|Giga Drain|p2a: Umbreon
|-damage|p2a: Umbreon|75/100
|-heal|p1a: me|98/100 tox|[from] drain|[of] p2a: Umbreon
|
|-damage|p1a: me|91/100 tox|[from] psn
|upkeep
|turn|63
|
|t:|1647996707
|move|p2a: Umbreon|Wish|p2a: Umbreon
|move|p1a: me|Sludge Bomb|p2a: Umbreon
|-damage|p2a: Umbreon|60/100
|
|-damage|p1a: me|79/100 tox|[from] psn
|upkeep
|turn|64
|
|t:|1647996716
|switch|p2a: Aegislash|Aegislash, M|75/100
|move|p1a: me|Earthquake|p2a: Aegislash
|-supereffective|p2a: Aegislash
|-damage|p2a: Aegislash|35/100
|
|-heal|p2a: Aegislash|96/100|[from] move: Wish|[wisher] Umbreon
|-heal|p2a: Aegislash|100/100|[from] item: Leftovers
|-damage|p1a: me|60/100 tox|[from] psn
|upkeep
|turn|65
|
|t:|1647996726
|move|p2a: Aegislash|King's Shield|p2a: Aegislash
|-singleturn|p2a: Aegislash|Protect
|move|p1a: me|Knock Off|p2a: Aegislash
|-activate|p2a: Aegislash|move: Protect
|-unboost|p1a: me|atk|1
|
|-damage|p1a: me|36/100 tox|[from] psn
|upkeep
|turn|66
|
|t:|1647996731
|move|p2a: Aegislash|Substitute|p2a: Aegislash
|-start|p2a: Aegislash|Substitute
|-damage|p2a: Aegislash|75/100
|move|p1a: me|Knock Off|p2a: Aegislash
|-supereffective|p2a: Aegislash
|-activate|p2a: Aegislash|move: Substitute|[damage]
|
|-heal|p2a: Aegislash|82/100|[from] item: Leftovers
|-damage|p1a: me|5/100 tox|[from] psn
|upkeep
|turn|67
|
|t:|1647996737
|move|p2a: Aegislash|King's Shield|p2a: Aegislash
|-singleturn|p2a: Aegislash|Protect
|move|p1a: me|Knock Off|p2a: Aegislash
|-activate|p2a: Aegislash|move: Protect
|-unboost|p1a: me|atk|1
|
|-heal|p2a: Aegislash|88/100|[from] item: Leftovers
|-damage|p1a: me|0 fnt|[from] psn
|faint|p1a: me
|upkeep
|
|t:|1647996740
|switch|p1a: these|Rotom-Wash|54/100
|-damage|p1a: these|42/100|[from] Stealth Rock
|turn|68
|inactive|joey the goon has 240 seconds left.
|
|t:|1647996745
|move|p1a: these|Volt Switch|p2a: Aegislash
|-end|p2a: Aegislash|Substitute
|-formechange|p2a: Aegislash|Aegislash-Blade||[from] ability: Stance Change
|move|p2a: Aegislash|Shadow Ball|p1a: these
|-damage|p1a: these|0 fnt
|faint|p1a: these
|
|win|pif
|c|☆joey the goon|gg
|c|☆pif|gg
|player|p2|pif|#uutrio2ladder
