|inactive|Battle timer is ON: inactive players will automatically lose when time's up.
|t:|1653772649
|gametype|singles
|player|p1|pattek|dawn|
|player|p2|V3nuesaur|backpacker|
|teamsize|p1|6
|teamsize|p2|6
|gen|8
|tier|[Gen 8] UU
|rule|Sleep Clause Mod: Limit one foe put to sleep
|rule|Species Clause: Limit one of each Pokémon
|rule|OHKO Clause: OHKO moves are banned
|rule|Evasion Moves Clause: Evasion moves are banned
|rule|Endless Battle Clause: Forcing endless battles is banned
|rule|HP Percentage Mod: HP is shown in percentages
|rule|Dynamax Clause: You cannot dynamax
|clearpoke
|poke|p1|Chansey, F|
|poke|p1|Hatterene, F|
|poke|p1|Rotom-Wash|
|poke|p1|Amoonguss, M|
|poke|p1|Chandelure, F|
|poke|p1|Zygarde-10%|
|poke|p2|Crobat, F|
|poke|p2|Zygarde-10%|
|poke|p2|Swampert, F|
|poke|p2|Scizor, F|
|poke|p2|Zarude|
|poke|p2|Keldeo-Resolute|
|teampreview
|c|☆V3nuesaur|glhf
|c|☆pattek|u2
|inactive|V3nuesaur has 270 seconds left.
|inactive|pattek has 270 seconds left.
|inactive|V3nuesaur has 240 seconds left.
|inactive|V3nuesaur has 210 seconds left.
|inactive|V3nuesaur has 180 seconds left.
|inactive|V3nuesaur has 150 seconds left.
|inactive|V3nuesaur has 120 seconds left.
|inactive|V3nuesaur has 90 seconds left.
|inactive|V3nuesaur has 60 seconds left.
|
|t:|1653772890
|start
|switch|p1a: Chansey|Chansey, F|100/100
|switch|p2a: Swampert|Swampert, F|100/100
|turn|1
|
|t:|1653772894
|switch|p1a: Hatterene|Hatterene, F|100/100
|move|p2a: Swampert|Flip Turn|p1a: Hatterene
|-damage|p1a: Hatterene|82/100
|
|t:|1653772898
|switch|p2a: Keldeo|Keldeo-Resolute|100/100|[from]move: Flip Turn
|
|-heal|p1a: Hatterene|88/100|[from] item: Leftovers
|upkeep
|turn|2
|
|t:|1653772920
|switch|p1a: Amoonguss|Amoonguss, M|100/100
|move|p2a: Keldeo|Hydro Pump|p1a: Amoonguss
|-resisted|p1a: Amoonguss
|-damage|p1a: Amoonguss|63/100
|
|upkeep
|turn|3
|inactive|V3nuesaur has 120 seconds left.
|
|t:|1653772940
|switch|p2a: Zygarde|Zygarde-10%|100/100
|-ability|p2a: Zygarde|Aura Break
|switch|p1a: Chandelure|Chandelure, F|100/100
|
|upkeep
|turn|4
|inactive|V3nuesaur has 120 seconds left.
|
|t:|1653772947
|switch|p1a: Amoonguss|Amoonguss, M|96/100
|move|p2a: Zygarde|Thousand Arrows|p1a: Amoonguss
|-damage|p1a: Amoonguss|51/100
|
|upkeep
|turn|5
|inactive|V3nuesaur has 120 seconds left.
|
|t:|1653772958
|move|p2a: Zygarde|Thousand Arrows|p1a: Amoonguss
|-crit|p1a: Amoonguss
|-damage|p1a: Amoonguss|0 fnt
|faint|p1a: Amoonguss
|
|upkeep
|c|☆pattek|You have Got to be kidding me
|inactive|pattek has 270 seconds left.
|c|+blitty boy|Wallahi Im finished
|
|t:|1653772999
|switch|p1a: Chansey|Chansey, F|100/100
|turn|6
|inactive|V3nuesaur has 120 seconds left.
|
|t:|1653773027
|switch|p2a: Zarude|Zarude|100/100
|move|p1a: Chansey|Stealth Rock|p2a: Zarude
|-sidestart|p2: V3nuesaur|move: Stealth Rock
|
|upkeep
|turn|7
|
|t:|1653773033
|move|p2a: Zarude|U-turn|p1a: Chansey
|-damage|p1a: Chansey|86/100
|
|t:|1653773040
|switch|p2a: Swampert|Swampert, F|100/100|[from]move: U-turn
|-damage|p2a: Swampert|94/100|[from] Stealth Rock
|move|p1a: Chansey|Soft-Boiled|p1a: Chansey
|-heal|p1a: Chansey|100/100
|
|-heal|p2a: Swampert|100/100|[from] item: Leftovers
|upkeep
|turn|8
|inactive|V3nuesaur has 120 seconds left.
|
|t:|1653773045
|switch|p1a: Hatterene|Hatterene, F|88/100
|move|p2a: Swampert|Earthquake|p1a: Hatterene
|-damage|p1a: Hatterene|60/100
|
|-heal|p1a: Hatterene|66/100|[from] item: Leftovers
|upkeep
|turn|9
|inactive|V3nuesaur has 120 seconds left.
|
|t:|1653773081
|move|p2a: Swampert|Earthquake|p1a: Hatterene
|-damage|p1a: Hatterene|36/100
|move|p1a: Hatterene|Draining Kiss|p2a: Swampert
|-damage|p2a: Swampert|86/100
|-heal|p1a: Hatterene|50/100|[from] drain|[of] p2a: Swampert
|
|-heal|p2a: Swampert|92/100|[from] item: Leftovers
|-heal|p1a: Hatterene|56/100|[from] item: Leftovers
|upkeep
|turn|10
|
|t:|1653773086
|switch|p1a: Rotom|Rotom-Wash|100/100
|move|p2a: Swampert|Earthquake|p1a: Rotom
|-immune|p1a: Rotom|[from] ability: Levitate
|
|-heal|p2a: Swampert|98/100|[from] item: Leftovers
|upkeep
|turn|11
|
|t:|1653773113
|move|p1a: Rotom|Trick|p2a: Swampert
|-activate|p1a: Rotom|move: Trick|[of] p2a: Swampert
|-item|p2a: Swampert|Choice Scarf|[from] move: Trick
|-item|p1a: Rotom|Leftovers|[from] move: Trick
|move|p2a: Swampert|Flip Turn|p1a: Rotom
|-resisted|p1a: Rotom
|-damage|p1a: Rotom|88/100
|inactive|V3nuesaur has 90 seconds left.
|
|t:|1653773125
|switch|p2a: Zygarde|Zygarde-10%|100/100|[from]move: Flip Turn
|-damage|p2a: Zygarde|94/100|[from] Stealth Rock
|-ability|p2a: Zygarde|Aura Break
|
|-heal|p1a: Rotom|94/100|[from] item: Leftovers
|upkeep
|turn|12
|inactive|V3nuesaur has 90 seconds left.
|
|t:|1653773144
|switch|p2a: Scizor|Scizor, F|100/100
|switch|p1a: Chansey|Chansey, F|100/100
|
|upkeep
|turn|13
|inactive|pattek has 270 seconds left.
|
|t:|1653773179
|move|p2a: Scizor|Knock Off|p1a: Chansey
|-damage|p1a: Chansey|82/100
|-enditem|p1a: Chansey|Eviolite|[from] move: Knock Off|[of] p2a: Scizor
|move|p1a: Chansey|Teleport|p1a: Chansey
|
|t:|1653773180
|switch|p1a: Chandelure|Chandelure, F|100/100|[from]move: Teleport
|
|upkeep
|turn|14
|inactive|V3nuesaur has 90 seconds left.
|
|t:|1653773203
|switch|p2a: Swampert|Swampert, F|98/100
|-damage|p2a: Swampert|92/100|[from] Stealth Rock
|move|p1a: Chandelure|Shadow Ball|p2a: Swampert
|-damage|p2a: Swampert|49/100
|
|upkeep
|turn|15
|inactive|V3nuesaur has 90 seconds left.
|inactive|pattek has 270 seconds left.
|
|t:|1653773234
|switch|p1a: Zygarde|Zygarde-10%|100/100
|-ability|p1a: Zygarde|Aura Break
|switch|p2a: Zarude|Zarude|100/100
|
|upkeep
|turn|16
|inactive|pattek has 270 seconds left.
|
|t:|1653773253
|move|p1a: Zygarde|Outrage|p2a: Zarude
|-damage|p2a: Zarude|29/100
|move|p2a: Zarude|Power Whip|p1a: Zygarde
|-damage|p1a: Zygarde|0 fnt
|faint|p1a: Zygarde
|
|upkeep
|
|t:|1653773259
|switch|p1a: Chansey|Chansey, F|82/100
|turn|17
|inactive|pattek has 270 seconds left.
|
|t:|1653773278
|move|p2a: Zarude|Power Whip|p1a: Chansey|[miss]
|-miss|p2a: Zarude|p1a: Chansey
|move|p1a: Chansey|Seismic Toss|p2a: Zarude
|-damage|p2a: Zarude|0 fnt
|faint|p2a: Zarude
|
|upkeep
|inactive|V3nuesaur has 60 seconds left.
|
|t:|1653773305
|switch|p2a: Zygarde|Zygarde-10%|94/100
|-damage|p2a: Zygarde|88/100|[from] Stealth Rock
|-ability|p2a: Zygarde|Aura Break
|turn|18
|
|t:|1653773312
|move|p2a: Zygarde|Thousand Arrows|p1a: Chansey
|-damage|p1a: Chansey|26/100
|move|p1a: Chansey|Teleport|p1a: Chansey
|
|t:|1653773315
|switch|p1a: Hatterene|Hatterene, F|56/100|[from]move: Teleport
|
|-heal|p1a: Hatterene|62/100|[from] item: Leftovers
|upkeep
|turn|19
|inactive|V3nuesaur has 60 seconds left.
|
|t:|1653773330
|switch|p2a: Crobat|Crobat, F|100/100
|move|p1a: Hatterene|Mystical Fire|p2a: Crobat
|-damage|p2a: Crobat|74/100
|-unboost|p2a: Crobat|spa|1
|
|-heal|p1a: Hatterene|68/100|[from] item: Leftovers
|upkeep
|turn|20
|
|t:|1653773339
|move|p2a: Crobat|Brave Bird|p1a: Hatterene
|-damage|p1a: Hatterene|29/100
|-damage|p2a: Crobat|62/100|[from] Recoil
|move|p1a: Hatterene|Psyshock|p2a: Crobat
|-supereffective|p2a: Crobat
|-damage|p2a: Crobat|0 fnt
|faint|p2a: Crobat
|
|-heal|p1a: Hatterene|35/100|[from] item: Leftovers
|upkeep
|inactive|V3nuesaur has 60 seconds left.
|
|t:|1653773352
|switch|p2a: Zygarde|Zygarde-10%|88/100
|-damage|p2a: Zygarde|82/100|[from] Stealth Rock
|-ability|p2a: Zygarde|Aura Break
|turn|21
|-message|pattek forfeited.
|
|win|V3nuesaur
|c|☆V3nuesaur|ggs
|c|☆V3nuesaur|sry for crit
