|inactive|Battle timer is ON: inactive players will automatically lose when time's up.
|t:|1657574879
|gametype|singles
|player|p1|Lily|#lily|
|player|p2|Dunoks|#fcl9mighty|
|teamsize|p1|6
|teamsize|p2|6
|gen|8
|tier|[Gen 8] UU
|rule|Sleep Clause Mod: Limit one foe put to sleep
|rule|Species Clause: Limit one of each Pokémon
|rule|OHKO Clause: OHKO moves are banned
|rule|Evasion Moves Clause: Evasion moves are banned
|rule|Endless Battle Clause: Forcing endless battles is banned
|rule|HP Percentage Mod: HP is shown in percentages
|rule|Dynamax Clause: You cannot dynamax
|clearpoke
|poke|p1|Hippowdon, M|
|poke|p1|Skarmory, F|
|poke|p1|Zarude-Dada|
|poke|p1|Slowking, F|
|poke|p1|Thundurus-Therian, M|
|poke|p1|Noivern, M|
|poke|p2|Crobat, M|
|poke|p2|Cobalion|
|poke|p2|Celesteela|
|poke|p2|Hippowdon, F|
|poke|p2|Salamence, M|
|poke|p2|Azelf|
|teampreview
|c|☆Dunoks|hf
|c|☆Lily|hf
|c|+justdrew|bro stop with the crobats :(
|c|+Highways|not the noivern skarm
|inactive|Lily has 270 seconds left.
|inactive|Dunoks has 270 seconds left.
|inactive|Dunoks has 240 seconds left.
|c|+mncmt|lil y nooo...
|c|+pokemonisfun|UU Ladder Tour 2022 (Won by The Bat)
|inactive|Dunoks has 210 seconds left.
|c|+Feliburn|wait fr what's up w/ all the crobat
|inactive|Dunoks has 180 seconds left.
|c|+LpZ IV|what if bat left ru
|c|+pokemonisfun|I would tell you Feliburn but that's ghosting/speculating
|inactive|Dunoks has 150 seconds left.
|c|+Highways|lily has won the timer war
|c|+justdrew|crobat has been getting high usage recently 
|
|t:|1657575053
|start
|switch|p1a: Elysian Fields|Slowking, F|100/100
|switch|p2a: Salamence|Salamence, M|100/100
|-ability|p2a: Salamence|Intimidate|boost
|-unboost|p1a: Elysian Fields|atk|1
|turn|1
|
|t:|1657575057
|move|p2a: Salamence|Toxic|p1a: Elysian Fields
|-status|p1a: Elysian Fields|tox
|move|p1a: Elysian Fields|Future Sight|p2a: Salamence
|-start|p1a: Elysian Fields|move: Future Sight
|
|-damage|p1a: Elysian Fields|94/100 tox|[from] psn
|upkeep
|turn|2
|
|t:|1657575068
|switch|p2a: Celesteela|Celesteela|100/100
|move|p1a: Elysian Fields|Teleport|p1a: Elysian Fields
|
|t:|1657575082
|switch|p1a: Ad Astra|Thundurus-Therian, M|100/100|[from]move: Teleport
|
|upkeep
|turn|3
|inactive|Dunoks has 210 seconds left.
|
|t:|1657575104
|move|p2a: Celesteela|Protect|p2a: Celesteela
|-singleturn|p2a: Celesteela|Protect
|move|p1a: Ad Astra|Knock Off|p2a: Celesteela
|-activate|p2a: Celesteela|move: Protect
|
|-end|p2a: Celesteela|move: Future Sight
|-resisted|p2a: Celesteela
|-damage|p2a: Celesteela|88/100
|-heal|p2a: Celesteela|94/100|[from] item: Leftovers
|upkeep
|turn|4
|
|t:|1657575113
|switch|p2a: Hippowdon|Hippowdon, F|100/100
|-weather|Sandstorm|[from] ability: Sand Stream|[of] p2a: Hippowdon
|move|p1a: Ad Astra|Knock Off|p2a: Hippowdon
|-damage|p2a: Hippowdon|87/100
|-enditem|p2a: Hippowdon|Leftovers|[from] move: Knock Off|[of] p1a: Ad Astra
|
|-weather|Sandstorm|[upkeep]
|-damage|p1a: Ad Astra|94/100|[from] Sandstorm
|upkeep
|turn|5
|
|t:|1657575117
|switch|p1a: Module_410|Skarmory, F|100/100
|move|p2a: Hippowdon|Toxic|p1a: Module_410
|-immune|p1a: Module_410
|
|-weather|Sandstorm|[upkeep]
|upkeep
|turn|6
|inactive|Dunoks has 210 seconds left.
|
|t:|1657575136
|switch|p1a: Elysian Fields|Slowking, F|100/100 tox
|switch|p2a: Crobat|Crobat, M|100/100
|
|-weather|Sandstorm|[upkeep]
|-damage|p2a: Crobat|94/100|[from] Sandstorm
|-damage|p1a: Elysian Fields|94/100 tox|[from] Sandstorm
|-damage|p1a: Elysian Fields|88/100 tox|[from] psn
|upkeep
|turn|7
|
|t:|1657575138
|move|p2a: Crobat|U-turn|p1a: Elysian Fields
|-supereffective|p1a: Elysian Fields
|-damage|p1a: Elysian Fields|55/100 tox
|
|t:|1657575143
|switch|p2a: Hippowdon|Hippowdon, F|87/100|[from]move: U-turn
|move|p1a: Elysian Fields|Scald|p2a: Hippowdon
|-supereffective|p2a: Hippowdon
|-damage|p2a: Hippowdon|41/100
|
|-weather|Sandstorm|[upkeep]
|-damage|p1a: Elysian Fields|49/100 tox|[from] Sandstorm
|-damage|p1a: Elysian Fields|37/100 tox|[from] psn
|upkeep
|turn|8
|
|t:|1657575146
|move|p2a: Hippowdon|Slack Off|p2a: Hippowdon
|-heal|p2a: Hippowdon|91/100
|move|p1a: Elysian Fields|Teleport|p1a: Elysian Fields
|
|t:|1657575148
|switch|p1a: Virulence|Zarude-Dada|100/100|[from]move: Teleport
|
|-weather|none
|upkeep
|turn|9
|inactive|Dunoks has 240 seconds left.
|
|t:|1657575161
|switch|p2a: Celesteela|Celesteela|94/100
|move|p1a: Virulence|Power Whip|p2a: Celesteela
|-resisted|p2a: Celesteela
|-damage|p2a: Celesteela|83/100
|
|-heal|p2a: Celesteela|89/100|[from] item: Leftovers
|upkeep
|turn|10
|inactive|Dunoks has 240 seconds left.
|
|t:|1657575167
|move|p1a: Virulence|U-turn|p2a: Celesteela
|-resisted|p2a: Celesteela
|-crit|p2a: Celesteela
|-damage|p2a: Celesteela|81/100
|
|t:|1657575168
|switch|p1a: Elysian Fields|Slowking, F|70/100 tox|[from]move: U-turn
|move|p2a: Celesteela|Leech Seed|p1a: Elysian Fields
|-start|p1a: Elysian Fields|move: Leech Seed
|
|-heal|p2a: Celesteela|87/100|[from] item: Leftovers
|-damage|p1a: Elysian Fields|57/100 tox|[from] Leech Seed|[of] p2a: Celesteela
|-heal|p2a: Celesteela|99/100|[silent]
|-damage|p1a: Elysian Fields|51/100 tox|[from] psn
|upkeep
|turn|11
|
|t:|1657575176
|switch|p2a: Hippowdon|Hippowdon, F|91/100
|-weather|Sandstorm|[from] ability: Sand Stream|[of] p2a: Hippowdon
|move|p1a: Elysian Fields|Teleport|p1a: Elysian Fields
|
|t:|1657575179
|switch|p1a: Virulence|Zarude-Dada|100/100|[from]move: Teleport
|
|-weather|Sandstorm|[upkeep]
|-damage|p1a: Virulence|95/100|[from] Sandstorm
|upkeep
|turn|12
|
|t:|1657575182
|move|p1a: Virulence|Power Whip|p2a: Hippowdon|[miss]
|-miss|p1a: Virulence|p2a: Hippowdon
|move|p2a: Hippowdon|Stealth Rock|p1a: Virulence
|-sidestart|p1: Lily|move: Stealth Rock
|
|-weather|Sandstorm|[upkeep]
|-damage|p1a: Virulence|89/100|[from] Sandstorm
|upkeep
|turn|13
|inactive|Dunoks has 270 seconds left.
|c|☆Lily|thats tough af
|c|☆Dunoks|y sry 
|
|t:|1657575216
|switch|p2a: Celesteela|Celesteela|99/100
|move|p1a: Virulence|U-turn|p2a: Celesteela
|-resisted|p2a: Celesteela
|-damage|p2a: Celesteela|94/100
|
|t:|1657575222
|switch|p1a: Monolithia|Hippowdon, M|100/100|[from]move: U-turn
|-damage|p1a: Monolithia|94/100|[from] Stealth Rock
|
|-weather|Sandstorm|[upkeep]
|-heal|p2a: Celesteela|100/100|[from] item: Leftovers
|upkeep
|turn|14
|
|t:|1657575231
|switch|p2a: Crobat|Crobat, M|94/100
|move|p1a: Monolithia|Stealth Rock|p2a: Crobat
|-sidestart|p2: Dunoks|move: Stealth Rock
|
|-weather|Sandstorm|[upkeep]
|-damage|p2a: Crobat|88/100|[from] Sandstorm
|upkeep
|turn|15
|
|t:|1657575247
|move|p2a: Crobat|Brave Bird|p1a: Monolithia
|-damage|p1a: Monolithia|57/100
|-damage|p2a: Crobat|72/100|[from] item: Rocky Helmet|[of] p1a: Monolithia
|-damage|p2a: Crobat|56/100|[from] Recoil
|move|p1a: Monolithia|Earthquake|p2a: Crobat
|-immune|p2a: Crobat
|
|-weather|none
|upkeep
|turn|16
|
|t:|1657575251
|switch|p1a: Module_410|Skarmory, F|100/100
|-damage|p1a: Module_410|88/100|[from] Stealth Rock
|move|p2a: Crobat|Taunt|p1a: Module_410
|-start|p1a: Module_410|move: Taunt
|
|upkeep
|turn|17
|
|t:|1657575255
|move|p2a: Crobat|Roost|p2a: Crobat
|-heal|p2a: Crobat|100/100
|-singleturn|p2a: Crobat|move: Roost
|move|p1a: Module_410|Body Press|p2a: Crobat
|-resisted|p2a: Crobat
|-damage|p2a: Crobat|80/100
|
|upkeep
|turn|18
|inactive|Dunoks has 270 seconds left.
|
|t:|1657575268
|switch|p2a: Azelf|Azelf|100/100
|move|p1a: Module_410|Body Press|p2a: Azelf
|-resisted|p2a: Azelf
|-damage|p2a: Azelf|76/100
|
|-end|p1a: Module_410|move: Taunt
|upkeep
|turn|19
|
|t:|1657575277
|switch|p1a: Elysian Fields|Slowking, F|85/100 tox
|-damage|p1a: Elysian Fields|72/100 tox|[from] Stealth Rock
|move|p2a: Azelf|Flamethrower|p1a: Elysian Fields
|-resisted|p1a: Elysian Fields
|-damage|p1a: Elysian Fields|62/100 tox
|
|-damage|p1a: Elysian Fields|56/100 tox|[from] psn
|upkeep
|turn|20
|
|t:|1657575281
|move|p2a: Azelf|U-turn|p1a: Elysian Fields
|-supereffective|p1a: Elysian Fields
|-damage|p1a: Elysian Fields|27/100 tox
|
|t:|1657575289
|switch|p2a: Hippowdon|Hippowdon, F|91/100|[from]move: U-turn
|-damage|p2a: Hippowdon|84/100|[from] Stealth Rock
|-weather|Sandstorm|[from] ability: Sand Stream|[of] p2a: Hippowdon
|move|p1a: Elysian Fields|Teleport|p1a: Elysian Fields
|
|t:|1657575291
|switch|p1a: Virulence|Zarude-Dada|89/100|[from]move: Teleport
|
|-weather|Sandstorm|[upkeep]
|-damage|p1a: Virulence|83/100|[from] Sandstorm
|upkeep
|turn|21
|
|t:|1657575317
|switch|p2a: Celesteela|Celesteela|100/100
|-damage|p2a: Celesteela|88/100|[from] Stealth Rock
|move|p1a: Virulence|U-turn|p2a: Celesteela
|-resisted|p2a: Celesteela
|-damage|p2a: Celesteela|83/100
|
|t:|1657575320
|switch|p1a: Elysian Fields|Slowking, F|60/100 tox|[from]move: U-turn
|-damage|p1a: Elysian Fields|48/100 tox|[from] Stealth Rock
|
|-weather|Sandstorm|[upkeep]
|-damage|p1a: Elysian Fields|42/100 tox|[from] Sandstorm
|-heal|p2a: Celesteela|89/100|[from] item: Leftovers
|-damage|p1a: Elysian Fields|36/100 tox|[from] psn
|upkeep
|turn|22
|
|t:|1657575325
|move|p2a: Celesteela|Heavy Slam|p1a: Elysian Fields
|-resisted|p1a: Elysian Fields
|-damage|p1a: Elysian Fields|17/100 tox
|move|p1a: Elysian Fields|Slack Off|p1a: Elysian Fields
|-heal|p1a: Elysian Fields|67/100 tox
|
|-weather|Sandstorm|[upkeep]
|-damage|p1a: Elysian Fields|61/100 tox|[from] Sandstorm
|-heal|p2a: Celesteela|95/100|[from] item: Leftovers
|-damage|p1a: Elysian Fields|49/100 tox|[from] psn
|upkeep
|turn|23
|
|t:|1657575330
|move|p2a: Celesteela|Heavy Slam|p1a: Elysian Fields
|-resisted|p1a: Elysian Fields
|-damage|p1a: Elysian Fields|31/100 tox
|move|p1a: Elysian Fields|Teleport|p1a: Elysian Fields
|
|t:|1657575336
|switch|p1a: Virulence|Zarude-Dada|83/100|[from]move: Teleport
|
|-weather|Sandstorm|[upkeep]
|-damage|p1a: Virulence|77/100|[from] Sandstorm
|-heal|p2a: Celesteela|100/100|[from] item: Leftovers
|upkeep
|turn|24
|inactive|Dunoks has 270 seconds left.
|
|t:|1657575368
|move|p1a: Virulence|U-turn|p2a: Celesteela
|-resisted|p2a: Celesteela
|-damage|p2a: Celesteela|95/100
|
|t:|1657575370
|switch|p1a: Elysian Fields|Slowking, F|65/100 tox|[from]move: U-turn
|-damage|p1a: Elysian Fields|52/100 tox|[from] Stealth Rock
|move|p2a: Celesteela|Leech Seed|p1a: Elysian Fields
|-start|p1a: Elysian Fields|move: Leech Seed
|
|-weather|none
|-heal|p2a: Celesteela|100/100|[from] item: Leftovers
|-damage|p1a: Elysian Fields|40/100 tox|[from] Leech Seed|[of] p2a: Celesteela
|-damage|p1a: Elysian Fields|34/100 tox|[from] psn
|upkeep
|turn|25
|
|t:|1657575379
|move|p2a: Celesteela|Heavy Slam|p1a: Elysian Fields
|-resisted|p1a: Elysian Fields
|-damage|p1a: Elysian Fields|15/100 tox
|move|p1a: Elysian Fields|Teleport|p1a: Elysian Fields
|
|t:|1657575381
|switch|p1a: Ad Astra|Thundurus-Therian, M|94/100|[from]move: Teleport
|
|upkeep
|turn|26
|
|t:|1657575390
|move|p2a: Celesteela|Protect|p2a: Celesteela
|-singleturn|p2a: Celesteela|Protect
|move|p1a: Ad Astra|Knock Off|p2a: Celesteela
|-activate|p2a: Celesteela|move: Protect
|
|upkeep
|turn|27
|inactive|Dunoks has 270 seconds left.
|inactive|Dunoks has 240 seconds left.
|
|t:|1657575459
|move|p1a: Ad Astra|Knock Off|p2a: Celesteela
|-damage|p2a: Celesteela|83/100
|-enditem|p2a: Celesteela|Leftovers|[from] move: Knock Off|[of] p1a: Ad Astra
|move|p2a: Celesteela|Flamethrower|p1a: Ad Astra
|-damage|p1a: Ad Astra|65/100
|
|upkeep
|turn|28
|inactive|Dunoks has 240 seconds left.
|
|t:|1657575471
|switch|p1a: Elysian Fields|Slowking, F|48/100 tox
|-damage|p1a: Elysian Fields|36/100 tox|[from] Stealth Rock
|switch|p2a: Hippowdon|Hippowdon, F|84/100
|-damage|p2a: Hippowdon|78/100|[from] Stealth Rock
|-weather|Sandstorm|[from] ability: Sand Stream|[of] p2a: Hippowdon
|
|-weather|Sandstorm|[upkeep]
|-damage|p1a: Elysian Fields|30/100 tox|[from] Sandstorm
|-damage|p1a: Elysian Fields|24/100 tox|[from] psn
|upkeep
|turn|29
|inactive|Dunoks has 240 seconds left.
|
|t:|1657575488
|switch|p2a: Crobat|Crobat, M|80/100
|switch|p1a: Virulence|Zarude-Dada|77/100
|
|-weather|Sandstorm|[upkeep]
|-damage|p2a: Crobat|74/100|[from] Sandstorm
|-damage|p1a: Virulence|71/100|[from] Sandstorm
|upkeep
|turn|30
|
|t:|1657575495
|switch|p1a: Module_410|Skarmory, F|88/100
|-damage|p1a: Module_410|76/100|[from] Stealth Rock
|move|p2a: Crobat|Brave Bird|p1a: Module_410
|-resisted|p1a: Module_410
|-damage|p1a: Module_410|62/100
|-damage|p2a: Crobat|58/100|[from] item: Rocky Helmet|[of] p1a: Module_410
|-damage|p2a: Crobat|53/100|[from] Recoil
|
|-weather|Sandstorm|[upkeep]
|-damage|p2a: Crobat|47/100|[from] Sandstorm
|upkeep
|turn|31
|
|t:|1657575502
|move|p2a: Crobat|Roost|p2a: Crobat
|-heal|p2a: Crobat|97/100
|-singleturn|p2a: Crobat|move: Roost
|move|p1a: Module_410|Roost|p1a: Module_410
|-heal|p1a: Module_410|100/100
|-singleturn|p1a: Module_410|move: Roost
|
|-weather|Sandstorm|[upkeep]
|-damage|p2a: Crobat|91/100|[from] Sandstorm
|upkeep
|turn|32
|
|t:|1657575506
|switch|p2a: Salamence|Salamence, M|100/100
|-ability|p2a: Salamence|Intimidate|boost
|-unboost|p1a: Module_410|atk|1
|move|p1a: Module_410|Spikes|p2a: Salamence
|-sidestart|p2: Dunoks|Spikes
|
|-weather|none
|upkeep
|turn|33
|inactive|Dunoks has 240 seconds left.
|
|t:|1657575542
|switch|p1a: Elysian Fields|Slowking, F|57/100 tox
|-damage|p1a: Elysian Fields|44/100 tox|[from] Stealth Rock
|move|p2a: Salamence|Defog|p1a: Elysian Fields
|-unboost|p1a: Elysian Fields|evasion|1
|-sideend|p1: Lily|Stealth Rock|[from] move: Defog|[of] p2a: Salamence
|-sideend|p2: Dunoks|Spikes|[from] move: Defog|[of] p2a: Salamence
|-sideend|p2: Dunoks|Stealth Rock|[from] move: Defog|[of] p2a: Salamence
|
|-damage|p1a: Elysian Fields|38/100 tox|[from] psn
|upkeep
|turn|34
|
|t:|1657575546
|switch|p2a: Hippowdon|Hippowdon, F|78/100
|-weather|Sandstorm|[from] ability: Sand Stream|[of] p2a: Hippowdon
|move|p1a: Elysian Fields|Slack Off|p1a: Elysian Fields
|-heal|p1a: Elysian Fields|88/100 tox
|
|-weather|Sandstorm|[upkeep]
|-damage|p1a: Elysian Fields|82/100 tox|[from] Sandstorm
|-damage|p1a: Elysian Fields|70/100 tox|[from] psn
|upkeep
|turn|35
|
|t:|1657575549
|move|p2a: Hippowdon|Stealth Rock|p1a: Elysian Fields
|-sidestart|p1: Lily|move: Stealth Rock
|move|p1a: Elysian Fields|Scald|p2a: Hippowdon
|-supereffective|p2a: Hippowdon
|-damage|p2a: Hippowdon|33/100
|-status|p2a: Hippowdon|brn
|
|-weather|Sandstorm|[upkeep]
|-damage|p1a: Elysian Fields|64/100 tox|[from] Sandstorm
|-damage|p1a: Elysian Fields|46/100 tox|[from] psn
|-damage|p2a: Hippowdon|27/100 brn|[from] brn
|upkeep
|turn|36
|
|t:|1657575551
|move|p2a: Hippowdon|Slack Off|p2a: Hippowdon
|-heal|p2a: Hippowdon|77/100 brn
|move|p1a: Elysian Fields|Teleport|p1a: Elysian Fields
|
|t:|1657575555
|switch|p1a: Module_410|Skarmory, F|100/100|[from]move: Teleport
|-damage|p1a: Module_410|88/100|[from] Stealth Rock
|
|-weather|Sandstorm|[upkeep]
|-damage|p2a: Hippowdon|71/100 brn|[from] brn
|upkeep
|turn|37
|inactive|Dunoks has 270 seconds left.
|
|t:|1657575561
|switch|p1a: Scarlet Night|Noivern, M|100/100
|switch|p2a: Crobat|Crobat, M|91/100
|
|-weather|Sandstorm|[upkeep]
|-damage|p2a: Crobat|85/100|[from] Sandstorm
|-damage|p1a: Scarlet Night|94/100|[from] Sandstorm
|upkeep
|turn|38
|
|t:|1657575564
|move|p2a: Crobat|U-turn|p1a: Scarlet Night
|-resisted|p1a: Scarlet Night
|-damage|p1a: Scarlet Night|82/100
|
|t:|1657575567
|switch|p2a: Celesteela|Celesteela|83/100|[from]move: U-turn
|move|p1a: Scarlet Night|U-turn|p2a: Celesteela
|-resisted|p2a: Celesteela
|-crit|p2a: Celesteela
|-damage|p2a: Celesteela|79/100
|
|t:|1657575571
|switch|p1a: Elysian Fields|Slowking, F|79/100 tox|[from]move: U-turn
|-damage|p1a: Elysian Fields|66/100 tox|[from] Stealth Rock
|
|-weather|none
|-damage|p1a: Elysian Fields|60/100 tox|[from] psn
|upkeep
|turn|39
|
|t:|1657575575
|move|p2a: Celesteela|Leech Seed|p1a: Elysian Fields
|-start|p1a: Elysian Fields|move: Leech Seed
|move|p1a: Elysian Fields|Scald|p2a: Celesteela
|-damage|p2a: Celesteela|63/100
|
|-damage|p1a: Elysian Fields|48/100 tox|[from] Leech Seed|[of] p2a: Celesteela
|-heal|p2a: Celesteela|75/100|[silent]
|-damage|p1a: Elysian Fields|36/100 tox|[from] psn
|upkeep
|turn|40
|
|t:|1657575580
|move|p2a: Celesteela|Heavy Slam|p1a: Elysian Fields
|-resisted|p1a: Elysian Fields
|-crit|p1a: Elysian Fields
|-damage|p1a: Elysian Fields|8/100 tox
|move|p1a: Elysian Fields|Teleport|p1a: Elysian Fields
|
|t:|1657575585
|switch|p1a: Monolithia|Hippowdon, M|57/100|[from]move: Teleport
|-damage|p1a: Monolithia|51/100|[from] Stealth Rock
|-weather|Sandstorm|[from] ability: Sand Stream|[of] p1a: Monolithia
|
|-weather|Sandstorm|[upkeep]
|upkeep
|turn|41
|
|t:|1657575590
|switch|p2a: Crobat|Crobat, M|85/100
|move|p1a: Monolithia|Slack Off|p1a: Monolithia
|-heal|p1a: Monolithia|100/100
|
|-weather|Sandstorm|[upkeep]
|-damage|p2a: Crobat|79/100|[from] Sandstorm
|upkeep
|turn|42
|
|t:|1657575594
|move|p2a: Crobat|Taunt|p1a: Monolithia
|-start|p1a: Monolithia|move: Taunt
|cant|p1a: Monolithia|move: Taunt|Stealth Rock
|
|-weather|Sandstorm|[upkeep]
|-damage|p2a: Crobat|72/100|[from] Sandstorm
|upkeep
|turn|43
|
|t:|1657575597
|switch|p2a: Salamence|Salamence, M|100/100
|-ability|p2a: Salamence|Intimidate|boost
|-unboost|p1a: Monolithia|atk|1
|move|p1a: Monolithia|Earthquake|p2a: Salamence
|-immune|p2a: Salamence
|
|-weather|Sandstorm|[upkeep]
|-damage|p2a: Salamence|94/100|[from] Sandstorm
|upkeep
|turn|44
|
|t:|1657575606
|switch|p2a: Azelf|Azelf|76/100
|switch|p1a: Scarlet Night|Noivern, M|82/100
|
|-weather|none
|upkeep
|turn|45
|
|t:|1657575625
|switch|p2a: Celesteela|Celesteela|75/100
|move|p1a: Scarlet Night|Flamethrower|p2a: Celesteela
|-supereffective|p2a: Celesteela
|-damage|p2a: Celesteela|44/100
|
|upkeep
|turn|46
|
|t:|1657575627
|move|p1a: Scarlet Night|Flamethrower|p2a: Celesteela
|-supereffective|p2a: Celesteela
|-damage|p2a: Celesteela|10/100
|move|p2a: Celesteela|Leech Seed|p1a: Scarlet Night
|-start|p1a: Scarlet Night|move: Leech Seed
|
|-damage|p1a: Scarlet Night|69/100|[from] Leech Seed|[of] p2a: Celesteela
|-heal|p2a: Celesteela|20/100|[silent]
|upkeep
|turn|47
|
|t:|1657575633
|move|p2a: Celesteela|Protect|p2a: Celesteela
|-singleturn|p2a: Celesteela|Protect
|move|p1a: Scarlet Night|Flamethrower|p2a: Celesteela
|-activate|p2a: Celesteela|move: Protect
|
|-damage|p1a: Scarlet Night|57/100|[from] Leech Seed|[of] p2a: Celesteela
|-heal|p2a: Celesteela|29/100|[silent]
|upkeep
|turn|48
|
|t:|1657575643
|switch|p2a: Hippowdon|Hippowdon, F|71/100 brn
|-weather|Sandstorm|[from] ability: Sand Stream|[of] p2a: Hippowdon
|move|p1a: Scarlet Night|U-turn|p2a: Hippowdon
|-damage|p2a: Hippowdon|64/100 brn
|
|t:|1657575648
|switch|p1a: Virulence|Zarude-Dada|71/100|[from]move: U-turn
|
|-weather|Sandstorm|[upkeep]
|-damage|p1a: Virulence|65/100|[from] Sandstorm
|-damage|p2a: Hippowdon|57/100 brn|[from] brn
|upkeep
|turn|49
|
|t:|1657575658
|switch|p2a: Crobat|Crobat, M|72/100
|move|p1a: Virulence|U-turn|p2a: Crobat
|-resisted|p2a: Crobat
|-damage|p2a: Crobat|65/100
|
|t:|1657575663
|switch|p1a: Monolithia|Hippowdon, M|100/100|[from]move: U-turn
|-damage|p1a: Monolithia|94/100|[from] Stealth Rock
|
|-weather|Sandstorm|[upkeep]
|-damage|p2a: Crobat|59/100|[from] Sandstorm
|upkeep
|turn|50
|
|t:|1657575667
|move|p2a: Crobat|Taunt|p1a: Monolithia
|-start|p1a: Monolithia|move: Taunt
|cant|p1a: Monolithia|move: Taunt|Stealth Rock
|
|-weather|Sandstorm|[upkeep]
|-damage|p2a: Crobat|53/100|[from] Sandstorm
|upkeep
|turn|51
|
|t:|1657575670
|switch|p2a: Celesteela|Celesteela|29/100
|move|p1a: Monolithia|Earthquake|p2a: Celesteela
|-immune|p2a: Celesteela
|
|-weather|Sandstorm|[upkeep]
|upkeep
|turn|52
|
|t:|1657575673
|switch|p1a: Virulence|Zarude-Dada|65/100
|move|p2a: Celesteela|Leech Seed|p1a: Virulence
|-immune|p1a: Virulence
|
|-weather|none
|upkeep
|turn|53
|
|t:|1657575677
|switch|p2a: Cobalion|Cobalion|100/100
|move|p1a: Virulence|Darkest Lariat|p2a: Cobalion
|-resisted|p2a: Cobalion
|-damage|p2a: Cobalion|83/100
|-ability|p2a: Cobalion|Justified|boost
|-boost|p2a: Cobalion|atk|1
|
|-heal|p2a: Cobalion|89/100|[from] item: Leftovers
|upkeep
|turn|54
|inactive|Dunoks has 270 seconds left.
|
|t:|1657575728
|switch|p1a: Monolithia|Hippowdon, M|94/100
|-damage|p1a: Monolithia|88/100|[from] Stealth Rock
|-weather|Sandstorm|[from] ability: Sand Stream|[of] p1a: Monolithia
|move|p2a: Cobalion|Close Combat|p1a: Monolithia
|-damage|p1a: Monolithia|40/100
|-unboost|p2a: Cobalion|def|1
|-unboost|p2a: Cobalion|spd|1
|-damage|p2a: Cobalion|73/100|[from] item: Rocky Helmet|[of] p1a: Monolithia
|
|-weather|Sandstorm|[upkeep]
|-heal|p2a: Cobalion|79/100|[from] item: Leftovers
|upkeep
|turn|55
|
|t:|1657575737
|switch|p1a: Module_410|Skarmory, F|88/100
|-damage|p1a: Module_410|76/100|[from] Stealth Rock
|move|p2a: Cobalion|Close Combat|p1a: Module_410
|-damage|p1a: Module_410|28/100
|-unboost|p2a: Cobalion|def|1
|-unboost|p2a: Cobalion|spd|1
|-damage|p2a: Cobalion|63/100|[from] item: Rocky Helmet|[of] p1a: Module_410
|
|-weather|Sandstorm|[upkeep]
|-heal|p2a: Cobalion|69/100|[from] item: Leftovers
|upkeep
|turn|56
|
|t:|1657575749
|move|p2a: Cobalion|Close Combat|p1a: Module_410
|-damage|p1a: Module_410|0 fnt
|-unboost|p2a: Cobalion|def|1
|-unboost|p2a: Cobalion|spd|1
|-damage|p2a: Cobalion|53/100|[from] item: Rocky Helmet|[of] p1a: Module_410
|faint|p1a: Module_410
|
|-weather|Sandstorm|[upkeep]
|-heal|p2a: Cobalion|59/100|[from] item: Leftovers
|upkeep
|
|t:|1657575751
|switch|p1a: Scarlet Night|Noivern, M|57/100
|turn|57
|c|+basaninho|Allez dunoks!!!
|c|+basaninho|au bout !!!
|c|+Mimilucha|boulot
|
|t:|1657575779
|switch|p2a: Celesteela|Celesteela|29/100
|move|p1a: Scarlet Night|Flamethrower|p2a: Celesteela
|-supereffective|p2a: Celesteela
|-damage|p2a: Celesteela|0 fnt
|faint|p2a: Celesteela
|
|-weather|Sandstorm|[upkeep]
|-damage|p1a: Scarlet Night|51/100|[from] Sandstorm
|upkeep
|c|+Boulicrok|basa va jouer pour la dl
|
|t:|1657575782
|switch|p2a: Crobat|Crobat, M|53/100
|turn|58
|c|+Micciu20250|J'avoue basa
|c|+Mimilucha|f basa
|
|t:|1657575795
|switch|p1a: Monolithia|Hippowdon, M|40/100
|-damage|p1a: Monolithia|34/100|[from] Stealth Rock
|move|p2a: Crobat|Roost|p2a: Crobat
|-heal|p2a: Crobat|100/100
|-singleturn|p2a: Crobat|move: Roost
|
|-weather|none
|upkeep
|turn|59
|
|t:|1657575798
|switch|p1a: Ad Astra|Thundurus-Therian, M|65/100
|move|p2a: Crobat|Taunt|p1a: Ad Astra
|-start|p1a: Ad Astra|move: Taunt
|
|upkeep
|turn|60
|c|+Mimilucha|la racaille de smogon
|
|t:|1657575808
|move|p2a: Crobat|U-turn|p1a: Ad Astra
|-resisted|p1a: Ad Astra
|-damage|p1a: Ad Astra|49/100
|
|t:|1657575814
|switch|p2a: Salamence|Salamence, M|94/100|[from]move: U-turn
|-ability|p2a: Salamence|Intimidate|boost
|-unboost|p1a: Ad Astra|atk|1
|move|p1a: Ad Astra|Psychic|p2a: Salamence
|-damage|p2a: Salamence|56/100
|
|upkeep
|turn|61
|
|t:|1657575820
|move|p1a: Ad Astra|Psychic|p2a: Salamence
|-damage|p2a: Salamence|21/100
|-unboost|p2a: Salamence|spd|1
|move|p2a: Salamence|Roost|p2a: Salamence
|-heal|p2a: Salamence|71/100
|-singleturn|p2a: Salamence|move: Roost
|
|-end|p1a: Ad Astra|move: Taunt
|upkeep
|turn|62
|c|+basaninho|Ouais bouli cette semaine je joue c'est promis 
|inactive|Dunoks has 270 seconds left.
|
|t:|1657575826
|switch|p2a: Hippowdon|Hippowdon, F|57/100 brn
|-weather|Sandstorm|[from] ability: Sand Stream|[of] p2a: Hippowdon
|move|p1a: Ad Astra|Psychic|p2a: Hippowdon
|-damage|p2a: Hippowdon|27/100 brn
|
|-weather|Sandstorm|[upkeep]
|-damage|p1a: Ad Astra|43/100|[from] Sandstorm
|-damage|p2a: Hippowdon|20/100 brn|[from] brn
|upkeep
|turn|63
|
|t:|1657575832
|move|p1a: Ad Astra|Psychic|p2a: Hippowdon
|-damage|p2a: Hippowdon|0 fnt
|faint|p2a: Hippowdon
|
|-weather|Sandstorm|[upkeep]
|-damage|p1a: Ad Astra|37/100|[from] Sandstorm
|upkeep
|inactive|Dunoks has 270 seconds left.
|
|t:|1657575843
|switch|p2a: Azelf|Azelf|76/100
|turn|64
|
|t:|1657575853
|switch|p1a: Elysian Fields|Slowking, F|41/100 tox
|-damage|p1a: Elysian Fields|29/100 tox|[from] Stealth Rock
|move|p2a: Azelf|Psychic|p1a: Elysian Fields
|-resisted|p1a: Elysian Fields
|-damage|p1a: Elysian Fields|14/100 tox
|
|-weather|Sandstorm|[upkeep]
|-damage|p2a: Azelf|70/100|[from] Sandstorm
|-damage|p1a: Elysian Fields|8/100 tox|[from] Sandstorm
|-damage|p1a: Elysian Fields|2/100 tox|[from] psn
|upkeep
|turn|65
|
|t:|1657575861
|move|p2a: Azelf|Psychic|p1a: Elysian Fields
|-resisted|p1a: Elysian Fields
|-damage|p1a: Elysian Fields|0 fnt
|faint|p1a: Elysian Fields
|
|-weather|Sandstorm|[upkeep]
|-damage|p2a: Azelf|63/100|[from] Sandstorm
|upkeep
|
|t:|1657575863
|switch|p1a: Scarlet Night|Noivern, M|51/100
|turn|66
|inactive|Dunoks has 270 seconds left.
|
|t:|1657575888
|switch|p2a: Salamence|Salamence, M|71/100
|-ability|p2a: Salamence|Intimidate|boost
|-unboost|p1a: Scarlet Night|atk|1
|move|p1a: Scarlet Night|Roost|p1a: Scarlet Night
|-heal|p1a: Scarlet Night|100/100
|-singleturn|p1a: Scarlet Night|move: Roost
|
|-weather|none
|upkeep
|turn|67
|
|t:|1657575895
|move|p1a: Scarlet Night|Draco Meteor|p2a: Salamence
|-supereffective|p2a: Salamence
|-damage|p2a: Salamence|0 fnt
|-unboost|p1a: Scarlet Night|spa|2
|faint|p2a: Salamence
|
|upkeep
|
|t:|1657575900
|switch|p2a: Crobat|Crobat, M|100/100
|turn|68
|
|t:|1657575902
|switch|p1a: Monolithia|Hippowdon, M|34/100
|-damage|p1a: Monolithia|28/100|[from] Stealth Rock
|-weather|Sandstorm|[from] ability: Sand Stream|[of] p1a: Monolithia
|move|p2a: Crobat|Brave Bird|p1a: Monolithia
|-damage|p1a: Monolithia|0 fnt
|-damage|p2a: Crobat|84/100|[from] item: Rocky Helmet|[of] p1a: Monolithia
|faint|p1a: Monolithia
|-damage|p2a: Crobat|72/100|[from] Recoil
|
|-weather|Sandstorm|[upkeep]
|-damage|p2a: Crobat|66/100|[from] Sandstorm
|upkeep
|
|t:|1657575907
|switch|p1a: Ad Astra|Thundurus-Therian, M|37/100
|turn|69
|
|t:|1657575915
|switch|p1a: Scarlet Night|Noivern, M|100/100
|move|p2a: Crobat|U-turn|p1a: Scarlet Night
|-resisted|p1a: Scarlet Night
|-damage|p1a: Scarlet Night|88/100
|
|t:|1657575931
|switch|p2a: Azelf|Azelf|63/100|[from]move: U-turn
|
|-weather|Sandstorm|[upkeep]
|-damage|p1a: Scarlet Night|82/100|[from] Sandstorm
|-damage|p2a: Azelf|57/100|[from] Sandstorm
|upkeep
|turn|70
|
|t:|1657575937
|move|p1a: Scarlet Night|Draco Meteor|p2a: Azelf
|-damage|p2a: Azelf|0 fnt
|-unboost|p1a: Scarlet Night|spa|2
|faint|p2a: Azelf
|
|-weather|Sandstorm|[upkeep]
|-damage|p1a: Scarlet Night|76/100|[from] Sandstorm
|upkeep
|
|t:|1657575938
|switch|p2a: Crobat|Crobat, M|66/100
|turn|71
|
|t:|1657575943
|move|p2a: Crobat|Brave Bird|p1a: Scarlet Night
|-damage|p1a: Scarlet Night|13/100
|-damage|p2a: Crobat|46/100|[from] Recoil
|move|p1a: Scarlet Night|U-turn|p2a: Crobat
|-resisted|p2a: Crobat
|-damage|p2a: Crobat|43/100
|inactive|Lily has 270 seconds left.
|
|t:|1657575993
|switch|p1a: Virulence|Zarude-Dada|65/100|[from]move: U-turn
|
|-weather|Sandstorm|[upkeep]
|-damage|p2a: Crobat|37/100|[from] Sandstorm
|-damage|p1a: Virulence|59/100|[from] Sandstorm
|upkeep
|turn|72
|
|t:|1657576020
|move|p2a: Crobat|Roost|p2a: Crobat
|-heal|p2a: Crobat|87/100
|-singleturn|p2a: Crobat|move: Roost
|move|p1a: Virulence|Darkest Lariat|p2a: Crobat
|-damage|p2a: Crobat|35/100
|
|-weather|none
|upkeep
|turn|73
|
|t:|1657576027
|move|p2a: Crobat|U-turn|p1a: Virulence
|-supereffective|p1a: Virulence
|-damage|p1a: Virulence|0 fnt
|faint|p1a: Virulence
|
|t:|1657576029
|switch|p2a: Cobalion|Cobalion|59/100|[from]move: U-turn
|
|-heal|p2a: Cobalion|65/100|[from] item: Leftovers
|upkeep
|
|t:|1657576031
|switch|p1a: Scarlet Night|Noivern, M|13/100
|turn|74
|
|t:|1657576044
|move|p1a: Scarlet Night|Flamethrower|p2a: Cobalion
|-supereffective|p2a: Cobalion
|-damage|p2a: Cobalion|0 fnt
|faint|p2a: Cobalion
|
|upkeep
|
|t:|1657576046
|switch|p2a: Crobat|Crobat, M|35/100
|turn|75
|
|t:|1657576075
|move|p2a: Crobat|Brave Bird|p1a: Scarlet Night
|-damage|p1a: Scarlet Night|0 fnt
|faint|p1a: Scarlet Night
|-damage|p2a: Crobat|31/100|[from] Recoil
|
|upkeep
|
|t:|1657576076
|switch|p1a: Ad Astra|Thundurus-Therian, M|37/100
|turn|76
|c|☆Lily|please
|c|+pokemonisfun|i know im gay but...
|c|+Mimilucha|OML
|c|+justdrew|LOL
|c|+omicorio|.
|c|+dingbat|LOOOOOOOOOOL
|c|☆Dunoks|252 Atk Crobat Brave Bird vs. 0 HP / 0 Def Thundurus-Therian: 102-120 (34.1 - 40.1%) -- 56.3% chance to OHKO
|c|☆Dunoks|it was fun 
|c|+Mimilucha|PLZ
|c|+Highways|damn
|inactive|Dunoks has 270 seconds left.
|c|+justdrew|the best 50/50
|
|t:|1657576107
|move|p2a: Crobat|Brave Bird|p1a: Ad Astra
|-resisted|p1a: Ad Astra
|-damage|p1a: Ad Astra|2/100
|-damage|p2a: Crobat|20/100|[from] Recoil
|move|p1a: Ad Astra|Psychic|p2a: Crobat
|-supereffective|p2a: Crobat
|-damage|p2a: Crobat|0 fnt
|faint|p2a: Crobat
|
|win|Lily
|c|☆Lily|ggs
|c|☆Dunoks|sad
|c|☆Dunoks|ggs
|c|☆Lily|sick set dude
|c|+Mimilucha|.........
|c|☆Lily|that was amazing
