|inactive|Battle timer is ON: inactive players will automatically lose when time's up.
|t:|1663464577
|gametype|singles
|player|p1|dnagerbdager|#scl2foxes|
|player|p2|udongirl|#bltviiiturtwigs|
|teamsize|p1|6
|teamsize|p2|6
|gen|8
|tier|[Gen 8] UU
|rule|Sleep Clause Mod: Limit one foe put to sleep
|rule|Species Clause: Limit one of each Pokémon
|rule|OHKO Clause: OHKO moves are banned
|rule|Evasion Items Clause: Evasion items are banned
|rule|Evasion Moves Clause: Evasion moves are banned
|rule|Endless Battle Clause: Forcing endless battles is banned
|rule|HP Percentage Mod: HP is shown in percentages
|rule|Dynamax Clause: You cannot dynamax
|clearpoke
|poke|p1|Vanilluxe, M|
|poke|p1|Salamence, F|
|poke|p1|Excadrill, M|
|poke|p1|Azelf|
|poke|p1|Slowking, M|
|poke|p1|Zarude-Dada|
|poke|p2|Salamence, M|
|poke|p2|Nihilego|
|poke|p2|Keldeo-Resolute|
|poke|p2|Tangrowth, M|
|poke|p2|Diggersby, F|
|poke|p2|Celesteela|
|teampreview
|inactive|dnagerbdager also wants the timer to be on.
|c|☆udongirl|hf
|c|☆dnagerbdager|glhf
|
|t:|1663464605
|start
|switch|p1a: Zarude|Zarude-Dada|100/100
|switch|p2a: Diggersby|Diggersby, F|100/100
|turn|1
|
|t:|1663464612
|switch|p1a: Salamence|Salamence, F|100/100
|-ability|p1a: Salamence|Intimidate|boost
|-unboost|p2a: Diggersby|atk|1
|move|p2a: Diggersby|U-turn|p1a: Salamence
|-resisted|p1a: Salamence
|-damage|p1a: Salamence|89/100
|c|+ALlCE|dnager bd gaer
|
|t:|1663464616
|switch|p2a: Nihilego|Nihilego|100/100|[from]move: U-turn
|
|upkeep
|turn|2
|
|t:|1663464628
|switch|p1a: Excadrill|Excadrill, M|100/100
|-ability|p1a: Excadrill|Mold Breaker
|move|p2a: Nihilego|Stealth Rock|p1a: Excadrill
|-sidestart|p1: dnagerbdager|move: Stealth Rock
|
|upkeep
|turn|3
|
|t:|1663464636
|switch|p2a: Tangrowth|Tangrowth, M|100/100
|move|p1a: Excadrill|Stealth Rock|p2a: Tangrowth
|-sidestart|p2: udongirl|move: Stealth Rock
|
|upkeep
|turn|4
|
|t:|1663464665
|switch|p1a: Salamence|Salamence, F|89/100
|-ability|p1a: Salamence|Intimidate|boost
|-unboost|p2a: Tangrowth|atk|1
|move|p2a: Tangrowth|Knock Off|p1a: Salamence
|-damage|p1a: Salamence|71/100
|-enditem|p1a: Salamence|Heavy-Duty Boots|[from] move: Knock Off|[of] p2a: Tangrowth
|
|upkeep
|turn|5
|c|+ALlCE|isnt this team like 18 months old dnager
|
|t:|1663464683
|switch|p2a: Nihilego|Nihilego|100/100
|-damage|p2a: Nihilego|88/100|[from] Stealth Rock
|move|p1a: Salamence|Roost|p1a: Salamence
|-heal|p1a: Salamence|100/100
|-singleturn|p1a: Salamence|move: Roost
|
|-heal|p2a: Nihilego|94/100|[from] item: Black Sludge
|upkeep
|turn|6
|c|☆dnagerbdager|girl idfk
|inactive|udongirl has 270 seconds left.
|inactive|dnagerbdager has 270 seconds left.
|
|t:|1663464725
|switch|p2a: Celesteela|Celesteela|100/100
|-damage|p2a: Celesteela|88/100|[from] Stealth Rock
|switch|p1a: Excadrill|Excadrill, M|100/100
|-damage|p1a: Excadrill|97/100|[from] Stealth Rock
|-ability|p1a: Excadrill|Mold Breaker
|
|-heal|p1a: Excadrill|100/100|[from] item: Leftovers
|-heal|p2a: Celesteela|94/100|[from] item: Leftovers
|upkeep
|turn|7
|inactive|dnagerbdager has 270 seconds left.
|
|t:|1663464736
|switch|p1a: Slowking|Slowking, M|100/100
|-damage|p1a: Slowking|88/100|[from] Stealth Rock
|move|p2a: Celesteela|Flamethrower|p1a: Slowking
|-resisted|p1a: Slowking
|-damage|p1a: Slowking|79/100
|
|-heal|p2a: Celesteela|99/100|[from] item: Leftovers
|upkeep
|turn|8
|
|t:|1663464739
|move|p2a: Celesteela|Toxic|p1a: Slowking
|-status|p1a: Slowking|tox
|move|p1a: Slowking|Future Sight|p2a: Celesteela
|-start|p1a: Slowking|move: Future Sight
|
|-heal|p2a: Celesteela|100/100|[from] item: Leftovers
|-damage|p1a: Slowking|73/100 tox|[from] psn
|upkeep
|turn|9
|
|t:|1663464747
|move|p2a: Celesteela|Heavy Slam|p1a: Slowking
|-resisted|p1a: Slowking
|-damage|p1a: Slowking|58/100 tox
|move|p1a: Slowking|Teleport|p1a: Slowking
|inactive|dnagerbdager has 270 seconds left.
|
|t:|1663464780
|switch|p1a: Azelf|Azelf|100/100|[from]move: Teleport
|-damage|p1a: Azelf|88/100|[from] Stealth Rock
|
|upkeep
|turn|10
|
|t:|1663464789
|move|p1a: Azelf|Flamethrower|p2a: Celesteela
|-supereffective|p2a: Celesteela
|-crit|p2a: Celesteela
|-damage|p2a: Celesteela|34/100
|move|p2a: Celesteela|Leech Seed|p1a: Azelf
|-start|p1a: Azelf|move: Leech Seed
|
|-end|p2a: Celesteela|move: Future Sight
|-resisted|p2a: Celesteela
|-damage|p2a: Celesteela|22/100
|-heal|p2a: Celesteela|28/100|[from] item: Leftovers
|-damage|p1a: Azelf|76/100|[from] Leech Seed|[of] p2a: Celesteela
|-heal|p2a: Celesteela|37/100|[silent]
|upkeep
|turn|11
|inactive|dnagerbdager has 270 seconds left.
|
|t:|1663464808
|switch|p2a: Diggersby|Diggersby, F|100/100
|-damage|p2a: Diggersby|94/100|[from] Stealth Rock
|move|p1a: Azelf|U-turn|p2a: Diggersby
|-damage|p2a: Diggersby|68/100
|
|t:|1663464812
|switch|p1a: Salamence|Salamence, F|100/100|[from]move: U-turn
|-damage|p1a: Salamence|76/100|[from] Stealth Rock
|-ability|p1a: Salamence|Intimidate|boost
|-unboost|p2a: Diggersby|atk|1
|
|upkeep
|turn|12
|inactive|dnagerbdager has 270 seconds left.
|
|t:|1663464831
|move|p2a: Diggersby|U-turn|p1a: Salamence
|-resisted|p1a: Salamence
|-damage|p1a: Salamence|64/100
|
|t:|1663464835
|switch|p2a: Nihilego|Nihilego|94/100|[from]move: U-turn
|-damage|p2a: Nihilego|82/100|[from] Stealth Rock
|move|p1a: Salamence|Flamethrower|p2a: Nihilego
|-resisted|p2a: Nihilego
|-damage|p2a: Nihilego|72/100
|
|-heal|p2a: Nihilego|78/100|[from] item: Black Sludge
|upkeep
|turn|13
|
|t:|1663464845
|switch|p2a: Keldeo|Keldeo-Resolute|100/100
|-damage|p2a: Keldeo|94/100|[from] Stealth Rock
|switch|p1a: Slowking|Slowking, M|91/100 tox
|-damage|p1a: Slowking|79/100 tox|[from] Stealth Rock
|
|-damage|p1a: Slowking|73/100 tox|[from] psn
|upkeep
|turn|14
|
|t:|1663464859
|move|p2a: Keldeo|Secret Sword|p1a: Slowking
|-resisted|p1a: Slowking
|-damage|p1a: Slowking|49/100 tox
|move|p1a: Slowking|Teleport|p1a: Slowking
|
|t:|1663464863
|switch|p1a: Azelf|Azelf|76/100|[from]move: Teleport
|-damage|p1a: Azelf|63/100|[from] Stealth Rock
|
|upkeep
|turn|15
|
|t:|1663464869
|switch|p2a: Tangrowth|Tangrowth, M|100/100
|-damage|p2a: Tangrowth|88/100|[from] Stealth Rock
|move|p1a: Azelf|Psychic|p2a: Tangrowth
|-damage|p2a: Tangrowth|60/100
|
|upkeep
|turn|16
|
|t:|1663464875
|move|p1a: Azelf|U-turn|p2a: Tangrowth
|-supereffective|p2a: Tangrowth
|-damage|p2a: Tangrowth|26/100
|
|t:|1663464877
|switch|p1a: Salamence|Salamence, F|64/100|[from]move: U-turn
|-damage|p1a: Salamence|39/100|[from] Stealth Rock
|-ability|p1a: Salamence|Intimidate|boost
|-unboost|p2a: Tangrowth|atk|1
|move|p2a: Tangrowth|Knock Off|p1a: Salamence
|-damage|p1a: Salamence|27/100
|
|upkeep
|turn|17
|
|t:|1663464890
|switch|p2a: Keldeo|Keldeo-Resolute|94/100
|-damage|p2a: Keldeo|88/100|[from] Stealth Rock
|move|p1a: Salamence|Roost|p1a: Salamence
|-heal|p1a: Salamence|77/100
|-singleturn|p1a: Salamence|move: Roost
|
|upkeep
|turn|18
|
|t:|1663464898
|switch|p1a: Slowking|Slowking, M|83/100 tox
|-damage|p1a: Slowking|70/100 tox|[from] Stealth Rock
|move|p2a: Keldeo|Air Slash|p1a: Slowking
|-damage|p1a: Slowking|37/100 tox
|
|-damage|p1a: Slowking|31/100 tox|[from] psn
|upkeep
|turn|19
|
|t:|1663464908
|switch|p1a: Excadrill|Excadrill, M|100/100
|-damage|p1a: Excadrill|97/100|[from] Stealth Rock
|-ability|p1a: Excadrill|Mold Breaker
|move|p2a: Keldeo|Air Slash|p1a: Excadrill
|-resisted|p1a: Excadrill
|-damage|p1a: Excadrill|74/100
|
|-heal|p1a: Excadrill|80/100|[from] item: Leftovers
|upkeep
|turn|20
|
|t:|1663464912
|switch|p2a: Salamence|Salamence, M|100/100
|-ability|p2a: Salamence|Intimidate|boost
|-unboost|p1a: Excadrill|atk|1
|move|p1a: Excadrill|Rapid Spin|p2a: Salamence
|-damage|p2a: Salamence|87/100
|-boost|p1a: Excadrill|spe|1
|-sideend|p1: dnagerbdager|Stealth Rock|[from] move: Rapid Spin|[of] p1a: Excadrill
|
|-heal|p1a: Excadrill|86/100|[from] item: Leftovers
|upkeep
|turn|21
|
|t:|1663464921
|switch|p1a: Slowking|Slowking, M|64/100 tox
|move|p2a: Salamence|Defog|p1a: Slowking
|-unboost|p1a: Slowking|evasion|1
|-sideend|p2: udongirl|Stealth Rock|[from] move: Defog|[of] p2a: Salamence
|
|-damage|p1a: Slowking|58/100 tox|[from] psn
|upkeep
|turn|22
|
|t:|1663464926
|move|p2a: Salamence|Draco Meteor|p1a: Slowking
|-damage|p1a: Slowking|2/100 tox
|-unboost|p2a: Salamence|spa|2
|move|p1a: Slowking|Teleport|p1a: Slowking
|
|t:|1663464929
|switch|p1a: Vanilluxe|Vanilluxe, M|100/100|[from]move: Teleport
|-weather|Hail|[from] ability: Snow Warning|[of] p1a: Vanilluxe
|
|-weather|Hail|[upkeep]
|-damage|p2a: Salamence|81/100|[from] Hail
|upkeep
|turn|23
|
|t:|1663464934
|switch|p2a: Nihilego|Nihilego|78/100
|move|p1a: Vanilluxe|Freeze-Dry|p2a: Nihilego
|-damage|p2a: Nihilego|36/100
|
|-weather|Hail|[upkeep]
|-damage|p2a: Nihilego|30/100|[from] Hail
|-heal|p2a: Nihilego|36/100|[from] item: Black Sludge
|upkeep
|turn|24
|inactive|udongirl has 270 seconds left.
|
|t:|1663464975
|switch|p1a: Excadrill|Excadrill, M|86/100
|-ability|p1a: Excadrill|Mold Breaker
|move|p2a: Nihilego|Power Gem|p1a: Excadrill
|-resisted|p1a: Excadrill
|-damage|p1a: Excadrill|73/100
|
|-weather|Hail|[upkeep]
|-damage|p2a: Nihilego|30/100|[from] Hail
|-damage|p1a: Excadrill|67/100|[from] Hail
|-heal|p2a: Nihilego|36/100|[from] item: Black Sludge
|-heal|p1a: Excadrill|73/100|[from] item: Leftovers
|upkeep
|turn|25
|
|t:|1663464984
|switch|p2a: Salamence|Salamence, M|81/100
|-ability|p2a: Salamence|Intimidate|boost
|-unboost|p1a: Excadrill|atk|1
|move|p1a: Excadrill|Stealth Rock|p2a: Salamence
|-sidestart|p2: udongirl|move: Stealth Rock
|
|-weather|Hail|[upkeep]
|-damage|p1a: Excadrill|67/100|[from] Hail
|-damage|p2a: Salamence|75/100|[from] Hail
|-heal|p1a: Excadrill|73/100|[from] item: Leftovers
|upkeep
|turn|26
|
|t:|1663465008
|switch|p1a: Vanilluxe|Vanilluxe, M|100/100
|move|p2a: Salamence|Defog|p1a: Vanilluxe
|-unboost|p1a: Vanilluxe|evasion|1
|-sideend|p2: udongirl|Stealth Rock|[from] move: Defog|[of] p2a: Salamence
|
|-weather|none
|upkeep
|turn|27
|inactive|udongirl has 270 seconds left.
|
|t:|1663465038
|switch|p2a: Celesteela|Celesteela|37/100
|move|p1a: Vanilluxe|Freeze-Dry|p2a: Celesteela
|-damage|p2a: Celesteela|7/100
|
|-heal|p2a: Celesteela|13/100|[from] item: Leftovers
|upkeep
|turn|28
|
|t:|1663465044
|move|p1a: Vanilluxe|Freeze-Dry|p2a: Celesteela
|-damage|p2a: Celesteela|0 fnt
|faint|p2a: Celesteela
|
|upkeep
|
|t:|1663465049
|switch|p2a: Keldeo|Keldeo-Resolute|88/100
|turn|29
|
|t:|1663465053
|switch|p1a: Salamence|Salamence, F|77/100
|-ability|p1a: Salamence|Intimidate|boost
|-unboost|p2a: Keldeo|atk|1
|move|p2a: Keldeo|Secret Sword|p1a: Salamence
|-resisted|p1a: Salamence
|-damage|p1a: Salamence|33/100
|
|upkeep
|turn|30
|
|t:|1663465064
|move|p2a: Keldeo|Secret Sword|p1a: Salamence
|-resisted|p1a: Salamence
|-damage|p1a: Salamence|0 fnt
|faint|p1a: Salamence
|
|upkeep
|
|t:|1663465066
|switch|p1a: Azelf|Azelf|63/100
|turn|31
|
|t:|1663465077
|switch|p2a: Tangrowth|Tangrowth, M|59/100
|move|p1a: Azelf|Psychic|p2a: Tangrowth
|-damage|p2a: Tangrowth|31/100
|
|upkeep
|turn|32
|
|t:|1663465081
|switch|p2a: Salamence|Salamence, M|75/100
|-ability|p2a: Salamence|Intimidate|boost
|-unboost|p1a: Azelf|atk|1
|move|p1a: Azelf|Flamethrower|p2a: Salamence
|-resisted|p2a: Salamence
|-damage|p2a: Salamence|59/100
|
|upkeep
|turn|33
|
|t:|1663465090
|move|p1a: Azelf|U-turn|p2a: Salamence
|-resisted|p2a: Salamence
|-damage|p2a: Salamence|52/100
|
|t:|1663465094
|switch|p1a: Vanilluxe|Vanilluxe, M|100/100|[from]move: U-turn
|-weather|Hail|[from] ability: Snow Warning|[of] p1a: Vanilluxe
|move|p2a: Salamence|Roost|p2a: Salamence
|-heal|p2a: Salamence|100/100
|-singleturn|p2a: Salamence|move: Roost
|
|-weather|Hail|[upkeep]
|-damage|p2a: Salamence|94/100|[from] Hail
|upkeep
|turn|34
|inactive|udongirl has 270 seconds left.
|
|t:|1663465128
|switch|p2a: Nihilego|Nihilego|36/100
|move|p1a: Vanilluxe|Freeze-Dry|p2a: Nihilego
|-crit|p2a: Nihilego
|-damage|p2a: Nihilego|0 fnt
|faint|p2a: Nihilego
|
|-weather|Hail|[upkeep]
|upkeep
|
|t:|1663465131
|switch|p2a: Keldeo|Keldeo-Resolute|88/100
|turn|35
|
|t:|1663465154
|switch|p1a: Excadrill|Excadrill, M|73/100
|-ability|p1a: Excadrill|Mold Breaker
|move|p2a: Keldeo|Secret Sword|p1a: Excadrill
|-supereffective|p1a: Excadrill
|-damage|p1a: Excadrill|0 fnt
|faint|p1a: Excadrill
|
|-weather|Hail|[upkeep]
|-damage|p2a: Keldeo|82/100|[from] Hail
|upkeep
|
|t:|1663465159
|switch|p1a: Azelf|Azelf|63/100
|turn|36
|
|t:|1663465180
|switch|p2a: Tangrowth|Tangrowth, M|65/100
|move|p1a: Azelf|Psychic|p2a: Tangrowth
|-damage|p2a: Tangrowth|36/100
|
|-weather|Hail|[upkeep]
|-damage|p1a: Azelf|57/100|[from] Hail
|-damage|p2a: Tangrowth|29/100|[from] Hail
|upkeep
|turn|37
|
|t:|1663465189
|move|p1a: Azelf|Flamethrower|p2a: Tangrowth
|-supereffective|p2a: Tangrowth
|-damage|p2a: Tangrowth|0 fnt
|faint|p2a: Tangrowth
|
|-weather|none
|upkeep
|
|t:|1663465193
|switch|p2a: Diggersby|Diggersby, F|68/100
|turn|38
|
|t:|1663465202
|switch|p1a: Vanilluxe|Vanilluxe, M|100/100
|-weather|Hail|[from] ability: Snow Warning|[of] p1a: Vanilluxe
|move|p2a: Diggersby|Body Slam|p1a: Vanilluxe
|-damage|p1a: Vanilluxe|25/100
|
|-weather|Hail|[upkeep]
|-damage|p2a: Diggersby|62/100|[from] Hail
|upkeep
|turn|39
|
|t:|1663465213
|move|p2a: Diggersby|Body Slam|p1a: Vanilluxe
|-damage|p1a: Vanilluxe|0 fnt
|faint|p1a: Vanilluxe
|
|-weather|Hail|[upkeep]
|-damage|p2a: Diggersby|56/100|[from] Hail
|upkeep
|
|t:|1663465214
|switch|p1a: Zarude|Zarude-Dada|100/100
|turn|40
|
|t:|1663465218
|switch|p2a: Salamence|Salamence, M|94/100
|-ability|p2a: Salamence|Intimidate|boost
|-unboost|p1a: Zarude|atk|1
|move|p1a: Zarude|Power Whip|p2a: Salamence
|-resisted|p2a: Salamence
|-damage|p2a: Salamence|85/100
|
|-weather|Hail|[upkeep]
|-damage|p1a: Zarude|95/100|[from] Hail
|-damage|p2a: Salamence|78/100|[from] Hail
|upkeep
|turn|41
|
|t:|1663465227
|switch|p1a: Slowking|Slowking, M|35/100 tox
|move|p2a: Salamence|Draco Meteor|p1a: Slowking
|-damage|p1a: Slowking|0 fnt
|-unboost|p2a: Salamence|spa|2
|faint|p1a: Slowking
|
|-weather|Hail|[upkeep]
|-damage|p2a: Salamence|72/100|[from] Hail
|upkeep
|
|t:|1663465237
|switch|p1a: Zarude|Zarude-Dada|95/100
|turn|42
|
|t:|1663465240
|switch|p2a: Keldeo|Keldeo-Resolute|82/100
|move|p1a: Zarude|Darkest Lariat|p2a: Keldeo
|-resisted|p2a: Keldeo
|-damage|p2a: Keldeo|56/100
|-ability|p2a: Keldeo|Justified|boost
|-boost|p2a: Keldeo|atk|1
|
|-weather|none
|upkeep
|turn|43
|
|t:|1663465249
|switch|p1a: Azelf|Azelf|57/100
|move|p2a: Keldeo|Secret Sword|p1a: Azelf
|-resisted|p1a: Azelf
|-damage|p1a: Azelf|7/100
|
|upkeep
|turn|44
|
|t:|1663465257
|move|p1a: Azelf|Psychic|p2a: Keldeo
|-supereffective|p2a: Keldeo
|-damage|p2a: Keldeo|0 fnt
|faint|p2a: Keldeo
|
|upkeep
|
|t:|1663465260
|switch|p2a: Diggersby|Diggersby, F|56/100
|turn|45
|
|t:|1663465265
|move|p2a: Diggersby|Body Slam|p1a: Azelf
|-damage|p1a: Azelf|0 fnt
|faint|p1a: Azelf
|
|upkeep
|
|t:|1663465267
|switch|p1a: Zarude|Zarude-Dada|95/100
|turn|46
|
|t:|1663465270
|move|p2a: Diggersby|Body Slam|p1a: Zarude
|-damage|p1a: Zarude|45/100
|-status|p1a: Zarude|par
|move|p1a: Zarude|Darkest Lariat|p2a: Diggersby
|-damage|p2a: Diggersby|4/100
|
|upkeep
|turn|47
|
|t:|1663465274
|move|p2a: Diggersby|Body Slam|p1a: Zarude
|-damage|p1a: Zarude|0 fnt
|faint|p1a: Zarude
|
|win|udongirl
|c|☆dnagerbdager|gg
|c|☆udongirl|gg
