|inactive|Battle timer is ON: inactive players will automatically lose when time's up.
|t:|1658689498
|gametype|singles
|player|p1|Micciu20250|teammagmagruntf-gen3|
|player|p2|KSt3ve|#fcpl4raichicheurs|
|teamsize|p1|6
|teamsize|p2|6
|gen|8
|tier|[Gen 8] UU
|rule|Sleep Clause Mod: Limit one foe put to sleep
|rule|Species Clause: Limit one of each Pokémon
|rule|OHKO Clause: OHKO moves are banned
|rule|Evasion Moves Clause: Evasion moves are banned
|rule|Endless Battle Clause: Forcing endless battles is banned
|rule|HP Percentage Mod: HP is shown in percentages
|rule|Dynamax Clause: You cannot dynamax
|clearpoke
|poke|p1|Scizor, M|
|poke|p1|Thundurus-Therian, M|
|poke|p1|Noivern, F|
|poke|p1|Keldeo-Resolute|
|poke|p1|Amoonguss, F|
|poke|p1|Hippowdon, F|
|poke|p2|Scizor, F|
|poke|p2|Primarina, M|
|poke|p2|Krookodile, M|
|poke|p2|Tangrowth, M|
|poke|p2|Slowbro-Galar, M|
|poke|p2|Noivern, F|
|teampreview
|c|☆KSt3ve|hf
|c|☆Micciu20250|hf
|inactive|Micciu20250 has 270 seconds left.
|inactive|KSt3ve has 270 seconds left.
|c|+pinorska|STEVEN
|c|+pokemonisfun|micciu i like you but
|c|+pokemonisfun|glowbro cant go 0-10000
|inactive|Micciu20250 has 240 seconds left.
|c|+Skyrio|Change l'ordre il est pas beau Micciu
|c|☆KSt3ve|2 noivern
|inactive|Micciu20250 has 210 seconds left.
|c|☆KSt3ve|lily is in heaven
|c|@Lily|im popping off rn
|
|t:|1658689602
|start
|switch|p1a: Curse vs les|Noivern, F|100/100
|switch|p2a: Krookodile|Krookodile, M|100/100
|-ability|p2a: Krookodile|Intimidate|boost
|-unboost|p1a: Curse vs les|atk|1
|turn|1
|c|+Donphantastic|LETS GO MICCIUUU
|c|+Accel|À ta santé
|c|+kino|allez la france mais surtout micciu
|inactive|Micciu20250 has 240 seconds left.
|
|t:|1658689634
|move|p1a: Curse vs les|U-turn|p2a: Krookodile
|-supereffective|p2a: Krookodile
|-damage|p2a: Krookodile|86/100
|inactive|Micciu20250 has 240 seconds left.
|
|t:|1658689642
|switch|p1a: Bon On va|Scizor, M|100/100|[from]move: U-turn
|move|p2a: Krookodile|Knock Off|p1a: Bon On va
|-damage|p1a: Bon On va|68/100
|-enditem|p1a: Bon On va|Heavy-Duty Boots|[from] move: Knock Off|[of] p2a: Krookodile
|
|-heal|p2a: Krookodile|92/100|[from] item: Leftovers
|upkeep
|turn|2
|
|t:|1658689659
|switch|p2a: Slowbro|Slowbro-Galar, M|100/100
|move|p1a: Bon On va|U-turn|p2a: Slowbro
|-damage|p2a: Slowbro|82/100
|inactive|Micciu20250 has 240 seconds left.
|
|t:|1658689695
|switch|p1a: français car|Keldeo-Resolute|100/100|[from]move: U-turn
|
|upkeep
|turn|3
|
|t:|1658689708
|switch|p1a: Ca commence|Amoonguss, F|100/100
|switch|p2a: Primarina|Primarina, M|100/100
|
|upkeep
|turn|4
|
|t:|1658689716
|move|p2a: Primarina|Scald|p1a: Ca commence
|-resisted|p1a: Ca commence
|-damage|p1a: Ca commence|85/100
|move|p1a: Ca commence|Spore|p2a: Primarina
|-status|p2a: Primarina|slp|[from] move: Spore
|
|-heal|p1a: Ca commence|92/100|[from] item: Black Sludge
|upkeep
|turn|5
|
|t:|1658689733
|cant|p2a: Primarina|slp
|move|p2a: Primarina|Sleep Talk|p2a: Primarina
|move|p2a: Primarina|Moonblast|p1a: Ca commence|[from]move: Sleep Talk
|-resisted|p1a: Ca commence
|-damage|p1a: Ca commence|75/100
|-unboost|p1a: Ca commence|spa|1
|move|p1a: Ca commence|Foul Play|p2a: Primarina
|-resisted|p2a: Primarina
|-damage|p2a: Primarina|94/100 slp
|
|-heal|p2a: Primarina|99/100 slp|[from] item: Leftovers
|-heal|p1a: Ca commence|81/100|[from] item: Black Sludge
|upkeep
|turn|6
|
|t:|1658689760
|switch|p2a: Slowbro|Slowbro-Galar, M|100/100
|move|p1a: Ca commence|Giga Drain|p2a: Slowbro
|-resisted|p2a: Slowbro
|-damage|p2a: Slowbro|92/100
|-heal|p1a: Ca commence|85/100|[from] drain|[of] p2a: Slowbro
|
|-heal|p1a: Ca commence|91/100|[from] item: Black Sludge
|upkeep
|turn|7
|
|t:|1658689772
|switch|p2a: Krookodile|Krookodile, M|92/100
|-ability|p2a: Krookodile|Intimidate|boost
|-unboost|p1a: Ca commence|atk|1
|switch|p1a: A être lourd|Hippowdon, F|100/100
|-weather|Sandstorm|[from] ability: Sand Stream|[of] p1a: A être lourd
|
|-weather|Sandstorm|[upkeep]
|-heal|p2a: Krookodile|98/100|[from] item: Leftovers
|upkeep
|turn|8
|
|t:|1658689777
|move|p2a: Krookodile|Taunt|p1a: A être lourd
|-start|p1a: A être lourd|move: Taunt
|cant|p1a: A être lourd|move: Taunt|Stealth Rock
|
|-weather|Sandstorm|[upkeep]
|-heal|p2a: Krookodile|100/100|[from] item: Leftovers
|upkeep
|turn|9
|
|t:|1658689791
|switch|p1a: Bon On va|Scizor, M|68/100
|move|p2a: Krookodile|Stealth Rock|p1a: Bon On va
|-sidestart|p1: Micciu20250|move: Stealth Rock
|
|-weather|Sandstorm|[upkeep]
|upkeep
|turn|10
|
|t:|1658689802
|move|p2a: Krookodile|Earthquake|p1a: Bon On va
|-damage|p1a: Bon On va|34/100
|move|p1a: Bon On va|U-turn|p2a: Krookodile
|-supereffective|p2a: Krookodile
|-damage|p2a: Krookodile|33/100
|
|t:|1658689814
|switch|p1a: Curse vs les|Noivern, F|100/100|[from]move: U-turn
|
|-weather|Sandstorm|[upkeep]
|-damage|p1a: Curse vs les|94/100|[from] Sandstorm
|-heal|p2a: Krookodile|40/100|[from] item: Leftovers
|upkeep
|turn|11
|
|t:|1658689819
|switch|p2a: Primarina|Primarina, M|99/100 slp
|move|p1a: Curse vs les|U-turn|p2a: Primarina
|-resisted|p2a: Primarina
|-damage|p2a: Primarina|94/100 slp
|
|t:|1658689829
|switch|p1a: Bon On va|Scizor, M|34/100|[from]move: U-turn
|-damage|p1a: Bon On va|21/100|[from] Stealth Rock
|
|-weather|none
|-heal|p2a: Primarina|100/100 slp|[from] item: Leftovers
|upkeep
|turn|12
|
|t:|1658689843
|move|p1a: Bon On va|Roost|p1a: Bon On va
|-heal|p1a: Bon On va|71/100
|-singleturn|p1a: Bon On va|move: Roost
|-curestatus|p2a: Primarina|slp|[msg]
|move|p2a: Primarina|Sleep Talk||[still]
|-fail|p2a: Primarina
|
|upkeep
|turn|13
|c|+KM|flop
|
|t:|1658689850
|switch|p1a: Ca commence|Amoonguss, F|100/100
|-damage|p1a: Ca commence|88/100|[from] Stealth Rock
|move|p2a: Primarina|Scald|p1a: Ca commence
|-resisted|p1a: Ca commence
|-damage|p1a: Ca commence|75/100
|
|-heal|p1a: Ca commence|81/100|[from] item: Black Sludge
|upkeep
|turn|14
|
|t:|1658689861
|move|p2a: Primarina|Scald|p1a: Ca commence
|-resisted|p1a: Ca commence
|-damage|p1a: Ca commence|66/100
|move|p1a: Ca commence|Foul Play|p2a: Primarina
|-resisted|p2a: Primarina
|-damage|p2a: Primarina|94/100
|
|-heal|p2a: Primarina|99/100|[from] item: Leftovers
|-heal|p1a: Ca commence|72/100|[from] item: Black Sludge
|upkeep
|turn|15
|
|t:|1658689864
|move|p2a: Primarina|Scald|p1a: Ca commence
|-resisted|p1a: Ca commence
|-damage|p1a: Ca commence|57/100
|move|p1a: Ca commence|Sludge Bomb|p2a: Primarina
|-supereffective|p2a: Primarina
|-damage|p2a: Primarina|60/100
|-status|p2a: Primarina|psn
|
|-heal|p2a: Primarina|66/100 psn|[from] item: Leftovers
|-heal|p1a: Ca commence|63/100|[from] item: Black Sludge
|-damage|p2a: Primarina|54/100 psn|[from] psn
|upkeep
|turn|16
|
|t:|1658689872
|move|p2a: Primarina|Rest|p2a: Primarina
|-status|p2a: Primarina|slp|[from] move: Rest
|-heal|p2a: Primarina|100/100 slp|[silent]
|move|p1a: Ca commence|Sludge Bomb|p2a: Primarina
|-supereffective|p2a: Primarina
|-damage|p2a: Primarina|64/100 slp
|
|-heal|p2a: Primarina|70/100 slp|[from] item: Leftovers
|-heal|p1a: Ca commence|69/100|[from] item: Black Sludge
|upkeep
|turn|17
|inactive|Micciu20250 has 270 seconds left.
|
|t:|1658689900
|cant|p2a: Primarina|slp
|move|p2a: Primarina|Sleep Talk|p2a: Primarina
|move|p2a: Primarina|Rest||[from]move: Sleep Talk|[still]
|-fail|p2a: Primarina
|move|p1a: Ca commence|Foul Play|p2a: Primarina
|-resisted|p2a: Primarina
|-damage|p2a: Primarina|64/100 slp
|
|-heal|p2a: Primarina|70/100 slp|[from] item: Leftovers
|-heal|p1a: Ca commence|75/100|[from] item: Black Sludge
|upkeep
|turn|18
|
|t:|1658689904
|cant|p2a: Primarina|slp
|move|p2a: Primarina|Sleep Talk|p2a: Primarina
|move|p2a: Primarina|Rest||[from]move: Sleep Talk|[still]
|-fail|p2a: Primarina
|move|p1a: Ca commence|Sludge Bomb|p2a: Primarina
|-supereffective|p2a: Primarina
|-damage|p2a: Primarina|31/100 slp
|
|-heal|p2a: Primarina|37/100 slp|[from] item: Leftovers
|-heal|p1a: Ca commence|82/100|[from] item: Black Sludge
|upkeep
|turn|19
|
|t:|1658689917
|-curestatus|p2a: Primarina|slp|[msg]
|move|p2a: Primarina|Rest|p2a: Primarina
|-status|p2a: Primarina|slp|[from] move: Rest
|-heal|p2a: Primarina|100/100 slp|[silent]
|move|p1a: Ca commence|Sludge Bomb|p2a: Primarina
|-supereffective|p2a: Primarina
|-damage|p2a: Primarina|61/100 slp
|
|-heal|p2a: Primarina|67/100 slp|[from] item: Leftovers
|-heal|p1a: Ca commence|88/100|[from] item: Black Sludge
|upkeep
|turn|20
|inactive|KSt3ve has 270 seconds left.
|inactive|Micciu20250 has 270 seconds left.
|
|t:|1658689976
|cant|p2a: Primarina|slp
|move|p2a: Primarina|Sleep Talk|p2a: Primarina
|move|p2a: Primarina|Scald|p1a: Ca commence|[from]move: Sleep Talk
|-resisted|p1a: Ca commence
|-damage|p1a: Ca commence|75/100
|move|p1a: Ca commence|Foul Play|p2a: Primarina
|-resisted|p2a: Primarina
|-damage|p2a: Primarina|60/100 slp
|
|-heal|p2a: Primarina|66/100 slp|[from] item: Leftovers
|-heal|p1a: Ca commence|81/100|[from] item: Black Sludge
|upkeep
|turn|21
|
|t:|1658689981
|cant|p2a: Primarina|slp
|move|p2a: Primarina|Sleep Talk|p2a: Primarina
|move|p2a: Primarina|Moonblast|p1a: Ca commence|[from]move: Sleep Talk
|-resisted|p1a: Ca commence
|-damage|p1a: Ca commence|65/100
|move|p1a: Ca commence|Sludge Bomb|p2a: Primarina
|-supereffective|p2a: Primarina
|-damage|p2a: Primarina|26/100 slp
|
|-heal|p2a: Primarina|32/100 slp|[from] item: Leftovers
|-heal|p1a: Ca commence|71/100|[from] item: Black Sludge
|upkeep
|turn|22
|inactive|KSt3ve has 270 seconds left.
|c|☆KSt3ve|0 SpA Amoonguss Sludge Bomb vs. 248 HP / 124+ SpD Primarina: 122-146 (33.6 - 40.2%) -- 38.6% chance to 3HKO after Leftovers recovery 
|c|☆KSt3ve|scary
|c|+ALlCE|our prim sucks
|
|t:|1658689997
|-curestatus|p2a: Primarina|slp|[msg]
|move|p2a: Primarina|Rest|p2a: Primarina
|-status|p2a: Primarina|slp|[from] move: Rest
|-heal|p2a: Primarina|100/100 slp|[silent]
|move|p1a: Ca commence|Giga Drain|p2a: Primarina
|-supereffective|p2a: Primarina
|-damage|p2a: Primarina|71/100 slp
|-heal|p1a: Ca commence|84/100|[from] drain|[of] p2a: Primarina
|
|-heal|p2a: Primarina|77/100 slp|[from] item: Leftovers
|-heal|p1a: Ca commence|90/100|[from] item: Black Sludge
|upkeep
|turn|23
|inactive|KSt3ve has 270 seconds left.
|c|+KM|plot twist i
|c|+KM|it's 88 SpA amoong
|c|☆KSt3ve|dude hit max roll
|c|+dnagerbdager|!
|c|+KM|(im not speculating i just made up a number)
|c|☆KSt3ve|modest guss new meta ????*
|inactive|KSt3ve has 240 seconds left.
|c|+dnagerbdager|its 256 SpA
|c|+dnagerbdager|obviously
|c|+pokemonisfun|showteam micciu if youre 88 spa amoong you can get km tourbanned
|c|☆KSt3ve|micciu haxx
|c|☆KSt3ve|i win
|
|t:|1658690051
|cant|p2a: Primarina|slp
|move|p2a: Primarina|Sleep Talk|p2a: Primarina
|move|p2a: Primarina|Moonblast|p1a: Ca commence|[from]move: Sleep Talk
|-resisted|p1a: Ca commence
|-damage|p1a: Ca commence|72/100
|move|p1a: Ca commence|Sludge Bomb|p2a: Primarina
|-supereffective|p2a: Primarina
|-damage|p2a: Primarina|37/100 slp
|
|-heal|p2a: Primarina|43/100 slp|[from] item: Leftovers
|-heal|p1a: Ca commence|79/100|[from] item: Black Sludge
|upkeep
|turn|24
|c|+Fathiryxi|It's double Modest nature 
|
|t:|1658690059
|cant|p2a: Primarina|slp
|move|p2a: Primarina|Sleep Talk|p2a: Primarina
|move|p2a: Primarina|Moonblast|p1a: Ca commence|[from]move: Sleep Talk
|-resisted|p1a: Ca commence
|-damage|p1a: Ca commence|61/100
|move|p1a: Ca commence|Sludge Bomb|p2a: Primarina
|-supereffective|p2a: Primarina
|-damage|p2a: Primarina|8/100 slp
|
|-heal|p2a: Primarina|15/100 slp|[from] item: Leftovers
|-heal|p1a: Ca commence|68/100|[from] item: Black Sludge
|upkeep
|turn|25
|inactive|KSt3ve has 240 seconds left.
|c|☆KSt3ve|LOL
|c|☆KSt3ve|so man was hitting max roll
|c|+Indigo Plateau|leaking ur spread midgame gotta be 400 iq or im dumb
|c|+kino|il est guez ton primarina steve
|c|☆KSt3ve|almost all turn
|
|t:|1658690085
|switch|p1a: Bon On va|Scizor, M|71/100
|-damage|p1a: Bon On va|59/100|[from] Stealth Rock
|-curestatus|p2a: Primarina|slp|[msg]
|move|p2a: Primarina|Rest|p2a: Primarina
|-status|p2a: Primarina|slp|[from] move: Rest
|-heal|p2a: Primarina|100/100 slp|[silent]
|
|upkeep
|turn|26
|
|t:|1658690089
|switch|p2a: Slowbro|Slowbro-Galar, M|100/100
|move|p1a: Bon On va|Roost|p1a: Bon On va
|-heal|p1a: Bon On va|100/100
|-singleturn|p1a: Bon On va|move: Roost
|
|upkeep
|turn|27
|
|t:|1658690096
|move|p1a: Bon On va|U-turn|p2a: Slowbro
|-damage|p2a: Slowbro|80/100
|
|t:|1658690098
|switch|p1a: A être lourd|Hippowdon, F|100/100|[from]move: U-turn
|-damage|p1a: A être lourd|94/100|[from] Stealth Rock
|-weather|Sandstorm|[from] ability: Sand Stream|[of] p1a: A être lourd
|move|p2a: Slowbro|Flamethrower|p1a: A être lourd
|-damage|p1a: A être lourd|78/100
|
|-weather|Sandstorm|[upkeep]
|-damage|p2a: Slowbro|74/100|[from] Sandstorm
|upkeep
|turn|28
|
|t:|1658690105
|move|p1a: A être lourd|Stealth Rock|p2a: Slowbro
|-sidestart|p2: KSt3ve|move: Stealth Rock
|move|p2a: Slowbro|Sludge Bomb|p1a: A être lourd
|-resisted|p1a: A être lourd
|-damage|p1a: A être lourd|66/100
|
|-weather|Sandstorm|[upkeep]
|-damage|p2a: Slowbro|68/100|[from] Sandstorm
|upkeep
|turn|29
|c|☆KSt3ve|it's
|c|☆KSt3ve|not good
|inactive|KSt3ve has 240 seconds left.
|inactive|KSt3ve has 210 seconds left.
|
|t:|1658690171
|move|p1a: A être lourd|Slack Off|p1a: A être lourd
|-heal|p1a: A être lourd|100/100
|move|p2a: Slowbro|Sludge Bomb|p1a: A être lourd
|-resisted|p1a: A être lourd
|-damage|p1a: A être lourd|88/100
|
|-weather|Sandstorm|[upkeep]
|-damage|p2a: Slowbro|61/100|[from] Sandstorm
|upkeep
|turn|30
|inactive|KSt3ve has 180 seconds left.
|inactive|KSt3ve has 150 seconds left.
|
|t:|1658690221
|switch|p2a: Scizor|Scizor, F|100/100
|-damage|p2a: Scizor|88/100|[from] Stealth Rock
|move|p1a: A être lourd|Earthquake|p2a: Scizor
|-damage|p2a: Scizor|52/100
|
|-weather|Sandstorm|[upkeep]
|upkeep
|turn|31
|
|t:|1658690228
|switch|p1a: Bon On va|Scizor, M|100/100
|-damage|p1a: Bon On va|88/100|[from] Stealth Rock
|move|p2a: Scizor|Roost|p2a: Scizor
|-heal|p2a: Scizor|100/100
|-singleturn|p2a: Scizor|move: Roost
|
|-weather|none
|upkeep
|turn|32
|inactive|KSt3ve has 150 seconds left.
|
|t:|1658690253
|move|p2a: Scizor|Swords Dance|p2a: Scizor
|-boost|p2a: Scizor|atk|2
|move|p1a: Bon On va|Knock Off|p2a: Scizor
|-damage|p2a: Scizor|73/100
|-enditem|p2a: Scizor|Life Orb|[from] move: Knock Off|[of] p1a: Bon On va
|
|upkeep
|turn|33
|inactive|KSt3ve has 150 seconds left.
|
|t:|1658690287
|move|p2a: Scizor|Bug Bite|p1a: Bon On va
|-resisted|p1a: Bon On va
|-damage|p1a: Bon On va|45/100
|move|p1a: Bon On va|U-turn|p2a: Scizor
|-resisted|p2a: Scizor
|-damage|p2a: Scizor|58/100
|inactive|Micciu20250 has 270 seconds left.
|inactive|Micciu20250 has 240 seconds left.
|
|t:|1658690348
|switch|p1a: français car|Keldeo-Resolute|100/100|[from]move: U-turn
|-damage|p1a: français car|94/100|[from] Stealth Rock
|
|upkeep
|turn|34
|inactive|Micciu20250 has 240 seconds left.
|
|t:|1658690367
|switch|p2a: Tangrowth|Tangrowth, M|100/100
|-damage|p2a: Tangrowth|88/100|[from] Stealth Rock
|move|p1a: français car|Secret Sword|p2a: Tangrowth
|-damage|p2a: Tangrowth|51/100
|
|upkeep
|turn|35
|inactive|Micciu20250 has 240 seconds left.
|
|t:|1658690382
|switch|p1a: Ca commence|Amoonguss, F|100/100
|-damage|p1a: Ca commence|88/100|[from] Stealth Rock
|move|p2a: Tangrowth|Knock Off|p1a: Ca commence
|-damage|p1a: Ca commence|71/100
|-enditem|p1a: Ca commence|Black Sludge|[from] move: Knock Off|[of] p2a: Tangrowth
|
|upkeep
|turn|36
|
|t:|1658690402
|switch|p2a: Scizor|Scizor, F|58/100
|-damage|p2a: Scizor|46/100|[from] Stealth Rock
|move|p1a: Ca commence|Foul Play|p2a: Scizor
|-damage|p2a: Scizor|14/100
|
|upkeep
|turn|37
|
|t:|1658690409
|switch|p1a: Curse vs les|Noivern, F|94/100
|move|p2a: Scizor|Roost|p2a: Scizor
|-heal|p2a: Scizor|64/100
|-singleturn|p2a: Scizor|move: Roost
|
|upkeep
|turn|38
|inactive|Micciu20250 has 240 seconds left.
|
|t:|1658690430
|switch|p2a: Primarina|Primarina, M|100/100 slp
|-damage|p2a: Primarina|88/100 slp|[from] Stealth Rock
|move|p1a: Curse vs les|Flamethrower|p2a: Primarina
|-resisted|p2a: Primarina
|-damage|p2a: Primarina|79/100 slp
|
|-heal|p2a: Primarina|85/100 slp|[from] item: Leftovers
|upkeep
|turn|39
|
|t:|1658690433
|move|p1a: Curse vs les|U-turn|p2a: Primarina
|-resisted|p2a: Primarina
|-damage|p2a: Primarina|79/100 slp
|
|t:|1658690436
|switch|p1a: Ca commence|Amoonguss, F|100/100|[from]move: U-turn
|-damage|p1a: Ca commence|88/100|[from] Stealth Rock
|cant|p2a: Primarina|slp
|move|p2a: Primarina|Sleep Talk|p2a: Primarina
|move|p2a: Primarina|Moonblast|p1a: Ca commence|[from]move: Sleep Talk
|-resisted|p1a: Ca commence
|-damage|p1a: Ca commence|71/100
|-unboost|p1a: Ca commence|spa|1
|
|-heal|p2a: Primarina|85/100 slp|[from] item: Leftovers
|upkeep
|turn|40
|
|t:|1658690447
|cant|p2a: Primarina|slp
|move|p2a: Primarina|Sleep Talk|p2a: Primarina
|move|p2a: Primarina|Rest||[from]move: Sleep Talk|[still]
|-fail|p2a: Primarina
|move|p1a: Ca commence|Sludge Bomb|p2a: Primarina
|-supereffective|p2a: Primarina
|-damage|p2a: Primarina|62/100 slp
|
|-heal|p2a: Primarina|68/100 slp|[from] item: Leftovers
|upkeep
|turn|41
|
|t:|1658690451
|-curestatus|p2a: Primarina|slp|[msg]
|move|p2a: Primarina|Scald|p1a: Ca commence
|-resisted|p1a: Ca commence
|-damage|p1a: Ca commence|55/100
|-status|p1a: Ca commence|brn
|move|p1a: Ca commence|Giga Drain|p2a: Primarina
|-supereffective|p2a: Primarina
|-damage|p2a: Primarina|46/100
|-heal|p1a: Ca commence|64/100 brn|[from] drain|[of] p2a: Primarina
|
|-heal|p2a: Primarina|52/100|[from] item: Leftovers
|-damage|p1a: Ca commence|58/100 brn|[from] brn
|upkeep
|turn|42
|c|☆KSt3ve|YEAH
|inactive|Micciu20250 has 270 seconds left.
|c|☆KSt3ve|HE DID IT !
|c|+kino|boulot
|
|t:|1658690473
|move|p2a: Primarina|Moonblast|p1a: Ca commence
|-resisted|p1a: Ca commence
|-damage|p1a: Ca commence|41/100 brn
|-unboost|p1a: Ca commence|spa|1
|move|p1a: Ca commence|Sludge Bomb|p2a: Primarina
|-supereffective|p2a: Primarina
|-damage|p2a: Primarina|32/100
|-status|p2a: Primarina|psn
|
|-heal|p2a: Primarina|39/100 psn|[from] item: Leftovers
|-damage|p2a: Primarina|26/100 psn|[from] psn
|-damage|p1a: Ca commence|34/100 brn|[from] brn
|upkeep
|turn|43
|inactive|Micciu20250 has 270 seconds left.
|
|t:|1658690481
|switch|p1a: Bon On va|Scizor, M|45/100
|-damage|p1a: Bon On va|33/100|[from] Stealth Rock
|move|p2a: Primarina|Rest|p2a: Primarina
|-status|p2a: Primarina|slp|[from] move: Rest
|-heal|p2a: Primarina|100/100 slp|[silent]
|
|upkeep
|turn|44
|
|t:|1658690489
|switch|p2a: Slowbro|Slowbro-Galar, M|95/100
|-damage|p2a: Slowbro|82/100|[from] Stealth Rock
|move|p1a: Bon On va|Roost|p1a: Bon On va
|-heal|p1a: Bon On va|83/100
|-singleturn|p1a: Bon On va|move: Roost
|
|upkeep
|turn|45
|
|t:|1658690494
|move|p1a: Bon On va|U-turn|p2a: Slowbro
|-damage|p2a: Slowbro|63/100
|
|t:|1658690497
|switch|p1a: A être lourd|Hippowdon, F|88/100|[from]move: U-turn
|-damage|p1a: A être lourd|82/100|[from] Stealth Rock
|-weather|Sandstorm|[from] ability: Sand Stream|[of] p1a: A être lourd
|move|p2a: Slowbro|Sludge Bomb|p1a: A être lourd
|-resisted|p1a: A être lourd
|-damage|p1a: A être lourd|69/100
|
|-weather|Sandstorm|[upkeep]
|-damage|p2a: Slowbro|57/100|[from] Sandstorm
|upkeep
|turn|46
|
|t:|1658690507
|switch|p2a: Scizor|Scizor, F|64/100
|-damage|p2a: Scizor|52/100|[from] Stealth Rock
|move|p1a: A être lourd|Earthquake|p2a: Scizor
|-damage|p2a: Scizor|13/100
|
|-weather|Sandstorm|[upkeep]
|upkeep
|turn|47
|
|t:|1658690521
|switch|p1a: Curse vs les|Noivern, F|94/100
|move|p2a: Scizor|Roost|p2a: Scizor
|-heal|p2a: Scizor|63/100
|-singleturn|p2a: Scizor|move: Roost
|
|-weather|Sandstorm|[upkeep]
|-damage|p1a: Curse vs les|88/100|[from] Sandstorm
|upkeep
|turn|48
|inactive|KSt3ve has 180 seconds left.
|
|t:|1658690553
|switch|p2a: Primarina|Primarina, M|100/100 slp
|-damage|p2a: Primarina|88/100 slp|[from] Stealth Rock
|move|p1a: Curse vs les|U-turn|p2a: Primarina
|-resisted|p2a: Primarina
|-damage|p2a: Primarina|83/100 slp
|
|t:|1658690565
|switch|p1a: Briser cette|Thundurus-Therian, M|100/100|[from]move: U-turn
|
|-weather|Sandstorm|[upkeep]
|-damage|p1a: Briser cette|94/100|[from] Sandstorm
|-damage|p2a: Primarina|77/100 slp|[from] Sandstorm
|-heal|p2a: Primarina|83/100 slp|[from] item: Leftovers
|upkeep
|turn|49
|inactive|KSt3ve has 180 seconds left.
|
|t:|1658690579
|switch|p1a: Bon On va|Scizor, M|83/100
|-damage|p1a: Bon On va|70/100|[from] Stealth Rock
|cant|p2a: Primarina|slp
|move|p2a: Primarina|Sleep Talk|p2a: Primarina
|move|p2a: Primarina|Moonblast|p1a: Bon On va|[from]move: Sleep Talk
|-resisted|p1a: Bon On va
|-damage|p1a: Bon On va|50/100
|
|-weather|none
|-heal|p2a: Primarina|89/100 slp|[from] item: Leftovers
|upkeep
|turn|50
|inactive|KSt3ve has 180 seconds left.
|
|t:|1658690592
|switch|p2a: Slowbro|Slowbro-Galar, M|90/100
|-damage|p2a: Slowbro|78/100|[from] Stealth Rock
|move|p1a: Bon On va|Roost|p1a: Bon On va
|-heal|p1a: Bon On va|99/100
|-singleturn|p1a: Bon On va|move: Roost
|
|upkeep
|turn|51
|inactive|KSt3ve has 180 seconds left.
|
|t:|1658690603
|move|p1a: Bon On va|U-turn|p2a: Slowbro
|-damage|p2a: Slowbro|56/100
|
|t:|1658690606
|switch|p1a: A être lourd|Hippowdon, F|69/100|[from]move: U-turn
|-damage|p1a: A être lourd|63/100|[from] Stealth Rock
|-weather|Sandstorm|[from] ability: Sand Stream|[of] p1a: A être lourd
|move|p2a: Slowbro|Sludge Bomb|p1a: A être lourd
|-resisted|p1a: A être lourd
|-damage|p1a: A être lourd|51/100
|
|-weather|Sandstorm|[upkeep]
|-damage|p2a: Slowbro|50/100|[from] Sandstorm
|upkeep
|turn|52
|
|t:|1658690610
|move|p1a: A être lourd|Slack Off|p1a: A être lourd
|-heal|p1a: A être lourd|100/100
|move|p2a: Slowbro|Slack Off|p2a: Slowbro
|-heal|p2a: Slowbro|99/100
|
|-weather|Sandstorm|[upkeep]
|-damage|p2a: Slowbro|94/100|[from] Sandstorm
|upkeep
|turn|53
|
|t:|1658690631
|move|p1a: A être lourd|Earthquake|p2a: Slowbro
|-supereffective|p2a: Slowbro
|-damage|p2a: Slowbro|46/100
|move|p2a: Slowbro|Sludge Bomb|p1a: A être lourd
|-resisted|p1a: A être lourd
|-damage|p1a: A être lourd|87/100
|
|-weather|Sandstorm|[upkeep]
|-damage|p2a: Slowbro|40/100|[from] Sandstorm
|upkeep
|turn|54
|
|t:|1658690639
|switch|p2a: Tangrowth|Tangrowth, M|85/100
|-damage|p2a: Tangrowth|72/100|[from] Stealth Rock
|move|p1a: A être lourd|Toxic|p2a: Tangrowth
|-status|p2a: Tangrowth|tox
|
|-weather|Sandstorm|[upkeep]
|-damage|p2a: Tangrowth|66/100 tox|[from] Sandstorm
|-damage|p2a: Tangrowth|60/100 tox|[from] psn
|upkeep
|turn|55
|
|t:|1658690650
|switch|p1a: Bon On va|Scizor, M|99/100
|-damage|p1a: Bon On va|88/100|[from] Stealth Rock
|switch|p2a: Scizor|Scizor, F|63/100
|-damage|p2a: Scizor|50/100|[from] Stealth Rock
|
|-weather|none
|upkeep
|turn|56
|
|t:|1658690656
|move|p2a: Scizor|Roost|p2a: Scizor
|-heal|p2a: Scizor|99/100
|-singleturn|p2a: Scizor|move: Roost
|move|p1a: Bon On va|U-turn|p2a: Scizor
|-resisted|p2a: Scizor
|-damage|p2a: Scizor|85/100
|
|t:|1658690658
|switch|p1a: Curse vs les|Noivern, F|88/100|[from]move: U-turn
|
|upkeep
|turn|57
|
|t:|1658690662
|switch|p2a: Primarina|Primarina, M|89/100 slp
|-damage|p2a: Primarina|76/100 slp|[from] Stealth Rock
|move|p1a: Curse vs les|Flamethrower|p2a: Primarina
|-resisted|p2a: Primarina
|-damage|p2a: Primarina|67/100 slp
|
|-heal|p2a: Primarina|73/100 slp|[from] item: Leftovers
|upkeep
|turn|58
|
|t:|1658690666
|move|p1a: Curse vs les|U-turn|p2a: Primarina
|-resisted|p2a: Primarina
|-damage|p2a: Primarina|68/100 slp
|
|t:|1658690667
|switch|p1a: Ca commence|Amoonguss, F|68/100 brn|[from]move: U-turn
|-damage|p1a: Ca commence|55/100 brn|[from] Stealth Rock
|cant|p2a: Primarina|slp
|move|p2a: Primarina|Sleep Talk|p2a: Primarina
|move|p2a: Primarina|Scald|p1a: Ca commence|[from]move: Sleep Talk
|-resisted|p1a: Ca commence
|-damage|p1a: Ca commence|40/100 brn
|
|-heal|p2a: Primarina|74/100 slp|[from] item: Leftovers
|-damage|p1a: Ca commence|34/100 brn|[from] brn
|upkeep
|turn|59
|
|t:|1658690671
|-curestatus|p2a: Primarina|slp|[msg]
|move|p2a: Primarina|Moonblast|p1a: Ca commence
|-resisted|p1a: Ca commence
|-damage|p1a: Ca commence|16/100 brn
|move|p1a: Ca commence|Giga Drain|p2a: Primarina
|-supereffective|p2a: Primarina
|-damage|p2a: Primarina|41/100
|-heal|p1a: Ca commence|29/100 brn|[from] drain|[of] p2a: Primarina
|
|-heal|p2a: Primarina|47/100|[from] item: Leftovers
|-damage|p1a: Ca commence|23/100 brn|[from] brn
|upkeep
|turn|60
|
|t:|1658690681
|move|p2a: Primarina|Moonblast|p1a: Ca commence
|-resisted|p1a: Ca commence
|-damage|p1a: Ca commence|7/100 brn
|move|p1a: Ca commence|Giga Drain|p2a: Primarina
|-supereffective|p2a: Primarina
|-damage|p2a: Primarina|17/100
|-heal|p1a: Ca commence|20/100 brn|[from] drain|[of] p2a: Primarina
|
|-heal|p2a: Primarina|23/100|[from] item: Leftovers
|-damage|p1a: Ca commence|14/100 brn|[from] brn
|upkeep
|turn|61
|inactive|Micciu20250 has 270 seconds left.
|inactive|Micciu20250 has 240 seconds left.
|
|t:|1658690744
|switch|p1a: Bon On va|Scizor, M|88/100
|-damage|p1a: Bon On va|75/100|[from] Stealth Rock
|move|p2a: Primarina|Rest|p2a: Primarina
|-status|p2a: Primarina|slp|[from] move: Rest
|-heal|p2a: Primarina|100/100 slp|[silent]
|
|upkeep
|turn|62
|
|t:|1658690752
|move|p1a: Bon On va|U-turn|p2a: Primarina
|-resisted|p2a: Primarina
|-damage|p2a: Primarina|84/100 slp
|
|t:|1658690754
|switch|p1a: Ca commence|Amoonguss, F|47/100 brn|[from]move: U-turn
|-damage|p1a: Ca commence|35/100 brn|[from] Stealth Rock
|cant|p2a: Primarina|slp
|move|p2a: Primarina|Sleep Talk|p2a: Primarina
|move|p2a: Primarina|Moonblast|p1a: Ca commence|[from]move: Sleep Talk
|-resisted|p1a: Ca commence
|-damage|p1a: Ca commence|18/100 brn
|
|-heal|p2a: Primarina|90/100 slp|[from] item: Leftovers
|-damage|p1a: Ca commence|12/100 brn|[from] brn
|upkeep
|turn|63
|inactive|KSt3ve has 270 seconds left.
|
|t:|1658690764
|switch|p1a: Bon On va|Scizor, M|75/100
|-damage|p1a: Bon On va|63/100|[from] Stealth Rock
|cant|p2a: Primarina|slp
|move|p2a: Primarina|Sleep Talk|p2a: Primarina
|move|p2a: Primarina|Scald|p1a: Bon On va|[from]move: Sleep Talk
|-damage|p1a: Bon On va|26/100
|
|-heal|p2a: Primarina|96/100 slp|[from] item: Leftovers
|upkeep
|turn|64
|
|t:|1658690770
|move|p1a: Bon On va|Roost|p1a: Bon On va
|-heal|p1a: Bon On va|76/100
|-singleturn|p1a: Bon On va|move: Roost
|-curestatus|p2a: Primarina|slp|[msg]
|move|p2a: Primarina|Scald|p1a: Bon On va
|-damage|p1a: Bon On va|44/100
|-status|p1a: Bon On va|brn
|
|-heal|p2a: Primarina|100/100|[from] item: Leftovers
|-damage|p1a: Bon On va|38/100 brn|[from] brn
|upkeep
|turn|65
|inactive|KSt3ve has 270 seconds left.
|
|t:|1658690791
|switch|p2a: Slowbro|Slowbro-Galar, M|73/100
|-damage|p2a: Slowbro|61/100|[from] Stealth Rock
|move|p1a: Bon On va|Roost|p1a: Bon On va
|-heal|p1a: Bon On va|88/100 brn
|-singleturn|p1a: Bon On va|move: Roost
|
|-damage|p1a: Bon On va|82/100 brn|[from] brn
|upkeep
|turn|66
|
|t:|1658690795
|move|p1a: Bon On va|U-turn|p2a: Slowbro
|-damage|p2a: Slowbro|50/100
|
|t:|1658690797
|switch|p1a: A être lourd|Hippowdon, F|87/100|[from]move: U-turn
|-damage|p1a: A être lourd|81/100|[from] Stealth Rock
|-weather|Sandstorm|[from] ability: Sand Stream|[of] p1a: A être lourd
|move|p2a: Slowbro|Slack Off|p2a: Slowbro
|-heal|p2a: Slowbro|99/100
|
|-weather|Sandstorm|[upkeep]
|-damage|p2a: Slowbro|94/100|[from] Sandstorm
|upkeep
|turn|67
|
|t:|1658690813
|move|p1a: A être lourd|Earthquake|p2a: Slowbro
|-supereffective|p2a: Slowbro
|-damage|p2a: Slowbro|45/100
|move|p2a: Slowbro|Sludge Bomb|p1a: A être lourd
|-resisted|p1a: A être lourd
|-damage|p1a: A être lourd|68/100
|
|-weather|Sandstorm|[upkeep]
|-damage|p2a: Slowbro|39/100|[from] Sandstorm
|upkeep
|turn|68
|inactive|KSt3ve has 270 seconds left.
|
|t:|1658690837
|switch|p1a: Curse vs les|Noivern, F|88/100
|switch|p2a: Tangrowth|Tangrowth, M|93/100 tox
|-damage|p2a: Tangrowth|81/100 tox|[from] Stealth Rock
|
|-weather|Sandstorm|[upkeep]
|-damage|p1a: Curse vs les|82/100|[from] Sandstorm
|-damage|p2a: Tangrowth|75/100 tox|[from] Sandstorm
|-damage|p2a: Tangrowth|68/100 tox|[from] psn
|upkeep
|turn|69
|inactive|KSt3ve has 270 seconds left.
|
|t:|1658690851
|move|p1a: Curse vs les|U-turn|p2a: Tangrowth
|-supereffective|p2a: Tangrowth
|-damage|p2a: Tangrowth|56/100 tox
|
|t:|1658690854
|switch|p1a: Bon On va|Scizor, M|82/100 brn|[from]move: U-turn
|-damage|p1a: Bon On va|70/100 brn|[from] Stealth Rock
|move|p2a: Tangrowth|Sludge Bomb|p1a: Bon On va
|-immune|p1a: Bon On va
|
|-weather|Sandstorm|[upkeep]
|-damage|p2a: Tangrowth|50/100 tox|[from] Sandstorm
|-damage|p2a: Tangrowth|37/100 tox|[from] psn
|-damage|p1a: Bon On va|64/100 brn|[from] brn
|upkeep
|turn|70
|
|t:|1658690861
|switch|p2a: Slowbro|Slowbro-Galar, M|72/100
|-damage|p2a: Slowbro|59/100|[from] Stealth Rock
|move|p1a: Bon On va|U-turn|p2a: Slowbro
|-damage|p2a: Slowbro|50/100
|inactive|Micciu20250 has 270 seconds left.
|
|t:|1658690899
|switch|p1a: Briser cette|Thundurus-Therian, M|94/100|[from]move: U-turn
|
|-weather|none
|upkeep
|turn|71
|inactive|Micciu20250 has 270 seconds left.
|inactive|Micciu20250 has 240 seconds left.
|
|t:|1658690941
|move|p1a: Briser cette|Nasty Plot|p1a: Briser cette
|-boost|p1a: Briser cette|spa|2
|move|p2a: Slowbro|Slack Off|p2a: Slowbro
|-heal|p2a: Slowbro|99/100
|
|upkeep
|turn|72
|inactive|Micciu20250 has 240 seconds left.
|
|t:|1658690952
|switch|p2a: Krookodile|Krookodile, M|40/100
|-damage|p2a: Krookodile|33/100|[from] Stealth Rock
|-ability|p2a: Krookodile|Intimidate|boost
|-unboost|p1a: Briser cette|atk|1
|move|p1a: Briser cette|Thunderbolt|p2a: Krookodile
|-immune|p2a: Krookodile
|
|-heal|p2a: Krookodile|40/100|[from] item: Leftovers
|upkeep
|turn|73
|inactive|KSt3ve has 270 seconds left.
|inactive|Micciu20250 has 240 seconds left.
|inactive|KSt3ve has 240 seconds left.
|
|t:|1658691004
|move|p1a: Briser cette|Grass Knot|p2a: Krookodile
|-supereffective|p2a: Krookodile
|-damage|p2a: Krookodile|0 fnt
|faint|p2a: Krookodile
|
|upkeep
|
|t:|1658691008
|switch|p2a: Noivern|Noivern, F|100/100
|turn|74
|inactive|Micciu20250 has 240 seconds left.
|
|t:|1658691020
|move|p2a: Noivern|U-turn|p1a: Briser cette
|-resisted|p1a: Briser cette
|-damage|p1a: Briser cette|86/100
|inactive|KSt3ve has 240 seconds left.
|
|t:|1658691037
|switch|p2a: Tangrowth|Tangrowth, M|71/100 tox|[from]move: U-turn
|-damage|p2a: Tangrowth|58/100 tox|[from] Stealth Rock
|move|p1a: Briser cette|Thunderbolt|p2a: Tangrowth
|-resisted|p2a: Tangrowth
|-damage|p2a: Tangrowth|18/100 tox
|
|-damage|p2a: Tangrowth|11/100 tox|[from] psn
|upkeep
|turn|75
|
|t:|1658691045
|move|p1a: Briser cette|Thunderbolt|p2a: Tangrowth
|-resisted|p2a: Tangrowth
|-damage|p2a: Tangrowth|0 fnt
|faint|p2a: Tangrowth
|
|upkeep
|inactive|KSt3ve has 240 seconds left.
|inactive|KSt3ve has 210 seconds left.
|
|t:|1658691087
|switch|p2a: Noivern|Noivern, F|100/100
|turn|76
|
|t:|1658691090
|move|p2a: Noivern|Draco Meteor|p1a: Briser cette
|-damage|p1a: Briser cette|7/100
|-unboost|p2a: Noivern|spa|2
|move|p1a: Briser cette|Thunderbolt|p2a: Noivern
|-damage|p2a: Noivern|0 fnt
|faint|p2a: Noivern
|
|upkeep
|
|t:|1658691093
|switch|p2a: Scizor|Scizor, F|85/100
|-damage|p2a: Scizor|72/100|[from] Stealth Rock
|turn|77
|inactive|Micciu20250 has 270 seconds left.
|
|t:|1658691101
|switch|p1a: français car|Keldeo-Resolute|94/100
|-damage|p1a: français car|88/100|[from] Stealth Rock
|move|p2a: Scizor|Bullet Punch|p1a: français car
|-resisted|p1a: français car
|-damage|p1a: français car|68/100
|
|upkeep
|turn|78
|inactive|KSt3ve has 240 seconds left.
|inactive|Micciu20250 has 270 seconds left.
|
|t:|1658691124
|switch|p2a: Primarina|Primarina, M|100/100
|-damage|p2a: Primarina|88/100|[from] Stealth Rock
|move|p1a: français car|Hydro Pump|p2a: Primarina
|-resisted|p2a: Primarina
|-damage|p2a: Primarina|61/100
|
|-heal|p2a: Primarina|67/100|[from] item: Leftovers
|upkeep
|turn|79
|inactive|KSt3ve has 240 seconds left.
|
|t:|1658691138
|move|p1a: français car|Hydro Pump|p2a: Primarina
|-resisted|p2a: Primarina
|-damage|p2a: Primarina|38/100
|move|p2a: Primarina|Moonblast|p1a: français car
|-supereffective|p1a: français car
|-damage|p1a: français car|0 fnt
|faint|p1a: français car
|
|-heal|p2a: Primarina|44/100|[from] item: Leftovers
|upkeep
|
|t:|1658691142
|switch|p1a: Briser cette|Thundurus-Therian, M|7/100
|turn|80
|inactive|KSt3ve has 240 seconds left.
|
|t:|1658691165
|move|p1a: Briser cette|Thunderbolt|p2a: Primarina
|-supereffective|p2a: Primarina
|-damage|p2a: Primarina|0 fnt
|faint|p2a: Primarina
|
|upkeep
|
|t:|1658691168
|switch|p2a: Scizor|Scizor, F|72/100
|-damage|p2a: Scizor|60/100|[from] Stealth Rock
|turn|81
|inactive|Micciu20250 has 270 seconds left.
|inactive|KSt3ve has 240 seconds left.
|
|t:|1658691205
|move|p2a: Scizor|Bullet Punch|p1a: Briser cette
|-resisted|p1a: Briser cette
|-damage|p1a: Briser cette|0 fnt
|faint|p1a: Briser cette
|
|upkeep
|
|t:|1658691207
|switch|p1a: Curse vs les|Noivern, F|82/100
|turn|82
|inactive|KSt3ve has 240 seconds left.
|
|t:|1658691226
|move|p2a: Scizor|Bullet Punch|p1a: Curse vs les
|-damage|p1a: Curse vs les|36/100
|move|p1a: Curse vs les|Flamethrower|p2a: Scizor
|-supereffective|p2a: Scizor
|-damage|p2a: Scizor|0 fnt
|faint|p2a: Scizor
|
|upkeep
|
|t:|1658691229
|switch|p2a: Slowbro|Slowbro-Galar, M|100/100
|-damage|p2a: Slowbro|88/100|[from] Stealth Rock
|turn|83
|
|t:|1658691237
|move|p1a: Curse vs les|Draco Meteor|p2a: Slowbro
|-damage|p2a: Slowbro|25/100
|-unboost|p1a: Curse vs les|spa|2
|move|p2a: Slowbro|Calm Mind|p2a: Slowbro
|-boost|p2a: Slowbro|spa|1
|-boost|p2a: Slowbro|spd|1
|
|upkeep
|turn|84
|
|t:|1658691243
|move|p1a: Curse vs les|U-turn|p2a: Slowbro
|-damage|p2a: Slowbro|18/100
|
|t:|1658691245
|switch|p1a: A être lourd|Hippowdon, F|68/100|[from]move: U-turn
|-damage|p1a: A être lourd|62/100|[from] Stealth Rock
|-weather|Sandstorm|[from] ability: Sand Stream|[of] p1a: A être lourd
|move|p2a: Slowbro|Slack Off|p2a: Slowbro
|-heal|p2a: Slowbro|68/100
|
|-weather|Sandstorm|[upkeep]
|-damage|p2a: Slowbro|62/100|[from] Sandstorm
|upkeep
|turn|85
|
|t:|1658691247
|move|p1a: A être lourd|Earthquake|p2a: Slowbro
|-supereffective|p2a: Slowbro
|-damage|p2a: Slowbro|14/100
|move|p2a: Slowbro|Slack Off|p2a: Slowbro
|-heal|p2a: Slowbro|64/100
|
|-weather|Sandstorm|[upkeep]
|-damage|p2a: Slowbro|58/100|[from] Sandstorm
|upkeep
|turn|86
|
|t:|1658691249
|move|p1a: A être lourd|Earthquake|p2a: Slowbro
|-supereffective|p2a: Slowbro
|-damage|p2a: Slowbro|12/100
|move|p2a: Slowbro|Slack Off|p2a: Slowbro
|-heal|p2a: Slowbro|62/100
|
|-weather|Sandstorm|[upkeep]
|-damage|p2a: Slowbro|56/100|[from] Sandstorm
|upkeep
|turn|87
|
|t:|1658691252
|move|p1a: A être lourd|Earthquake|p2a: Slowbro
|-supereffective|p2a: Slowbro
|-damage|p2a: Slowbro|4/100
|move|p2a: Slowbro|Slack Off|p2a: Slowbro
|-heal|p2a: Slowbro|54/100
|
|-weather|Sandstorm|[upkeep]
|-damage|p2a: Slowbro|48/100|[from] Sandstorm
|upkeep
|turn|88
|
|t:|1658691255
|move|p1a: A être lourd|Earthquake|p2a: Slowbro
|-supereffective|p2a: Slowbro
|-damage|p2a: Slowbro|0 fnt
|faint|p2a: Slowbro
|
|win|Micciu20250
|c|☆KSt3ve|...
|c|+Tuthur|GOATESQUE
|c|☆Micciu20250|gg
|c|+Beka|BRAVO MICCIU
|c|+kino|quelle fraude
|c|+Skyrio|Bien joué Micciu (0/20)
|c|+kino|scandaleux
|c|+Aqua8Jet|hon hon hon
