|inactive|Battle timer is ON: inactive players will automatically lose when time's up.
|t:|1646474651
|gametype|singles
|player|p1|KSt3ve|169|
|player|p2|xujing691691|psychicf-gen4|
|teamsize|p1|6
|teamsize|p2|6
|gen|8
|tier|[Gen 8] UU
|rule|Sleep Clause Mod: Limit one foe put to sleep
|rule|Species Clause: Limit one of each Pokémon
|rule|OHKO Clause: OHKO moves are banned
|rule|Evasion Moves Clause: Evasion moves are banned
|rule|Endless Battle Clause: Forcing endless battles is banned
|rule|HP Percentage Mod: HP is shown in percentages
|rule|Dynamax Clause: You cannot dynamax
|clearpoke
|poke|p1|Salamence, F|
|poke|p1|Tentacruel, F|
|poke|p1|Zarude|
|poke|p1|Diancie|
|poke|p1|Aegislash, F|
|poke|p1|Mamoswine, F|
|poke|p2|Keldeo-Resolute|
|poke|p2|Tangrowth, F|
|poke|p2|Aegislash, F|
|poke|p2|Crobat, F|
|poke|p2|Rotom-Heat|
|poke|p2|Rhyperior, F|
|teampreview
|c|☆KSt3ve|hf
|c|☆xujing691691|u2
|inactive|KSt3ve has 270 seconds left.
|inactive|xujing691691 has 270 seconds left.
|inactive|KSt3ve has 240 seconds left.
|inactive|KSt3ve has 210 seconds left.
|
|t:|1646474761
|start
|switch|p1a: Tentacruel|Tentacruel, F|100/100
|switch|p2a: Tangrowth|Tangrowth, F|100/100
|turn|1
|inactive|KSt3ve has 240 seconds left.
|
|t:|1646474788
|move|p1a: Tentacruel|Knock Off|p2a: Tangrowth
|-damage|p2a: Tangrowth|89/100
|-enditem|p2a: Tangrowth|Assault Vest|[from] move: Knock Off|[of] p1a: Tentacruel
|move|p2a: Tangrowth|Knock Off|p1a: Tentacruel
|-damage|p1a: Tentacruel|72/100
|-enditem|p1a: Tentacruel|Black Sludge|[from] move: Knock Off|[of] p2a: Tangrowth
|
|upkeep
|turn|2
|inactive|KSt3ve has 240 seconds left.
|inactive|xujing691691 has 270 seconds left.
|inactive|KSt3ve has 210 seconds left.
|
|t:|1646474839
|switch|p1a: Salamence|Salamence, F|100/100
|-ability|p1a: Salamence|Intimidate|boost
|-unboost|p2a: Tangrowth|atk|1
|switch|p2a: Crobat|Crobat, F|100/100
|
|upkeep
|turn|3
|inactive|xujing691691 has 270 seconds left.
|
|t:|1646474863
|move|p2a: Crobat|U-turn|p1a: Salamence
|-resisted|p1a: Salamence
|-damage|p1a: Salamence|90/100
|
|t:|1646474866
|switch|p2a: Rhyperior|Rhyperior, F|100/100|[from]move: U-turn
|move|p1a: Salamence|Earthquake|p2a: Rhyperior
|-supereffective|p2a: Rhyperior
|-damage|p2a: Rhyperior|75/100
|
|-heal|p2a: Rhyperior|81/100|[from] item: Leftovers
|upkeep
|turn|4
|inactive|xujing691691 has 270 seconds left.
|inactive|KSt3ve has 180 seconds left.
|inactive|KSt3ve has 150 seconds left.
|
|t:|1646474946
|switch|p1a: Aegislash|Aegislash, F|100/100
|move|p2a: Rhyperior|Stealth Rock|p1a: Aegislash
|-sidestart|p1: KSt3ve|move: Stealth Rock
|
|-heal|p2a: Rhyperior|88/100|[from] item: Leftovers
|upkeep
|turn|5
|inactive|KSt3ve has 120 seconds left.
|inactive|xujing691691 has 240 seconds left.
|inactive|KSt3ve has 90 seconds left.
|
|t:|1646475008
|switch|p2a: Crobat|Crobat, F|100/100
|-formechange|p1a: Aegislash|Aegislash-Blade||[from] ability: Stance Change
|move|p1a: Aegislash|Iron Head|p2a: Crobat
|-damage|p2a: Crobat|16/100
|
|upkeep
|turn|6
|inactive|KSt3ve has 90 seconds left.
|inactive|xujing691691 has 210 seconds left.
|c|+Jeza.p|Allez st3ve !!!!!!
|
|t:|1646475051
|switch|p2a: Keldeo|Keldeo-Resolute|100/100
|switch|p1a: Diancie|Diancie|100/100
|-damage|p1a: Diancie|88/100|[from] Stealth Rock
|
|-heal|p1a: Diancie|94/100|[from] item: Leftovers
|upkeep
|turn|7
|inactive|KSt3ve has 60 seconds left.
|inactive|xujing691691 has 180 seconds left.
|
|t:|1646475074
|move|p2a: Keldeo|Scald|p1a: Diancie
|-supereffective|p1a: Diancie
|-damage|p1a: Diancie|17/100
|move|p1a: Diancie|Stealth Rock|p2a: Keldeo
|-sidestart|p2: xujing691691|move: Stealth Rock
|
|-heal|p1a: Diancie|24/100|[from] item: Leftovers
|upkeep
|turn|8
|inactive|KSt3ve has 60 seconds left.
|inactive|KSt3ve has 30 seconds left.
|inactive|KSt3ve has 20 seconds left.
|
|t:|1646475119
|switch|p1a: Tentacruel|Tentacruel, F|72/100
|-damage|p1a: Tentacruel|60/100|[from] Stealth Rock
|move|p2a: Keldeo|Scald|p1a: Tentacruel
|-resisted|p1a: Tentacruel
|-damage|p1a: Tentacruel|37/100
|
|upkeep
|turn|9
|inactive|KSt3ve has 30 seconds left this turn.
|
|t:|1646475133
|move|p2a: Keldeo|Scald|p1a: Tentacruel
|-resisted|p1a: Tentacruel
|-damage|p1a: Tentacruel|13/100
|-status|p1a: Tentacruel|brn
|move|p1a: Tentacruel|Rapid Spin|p2a: Keldeo
|-damage|p2a: Keldeo|96/100
|-boost|p1a: Tentacruel|spe|1
|-sideend|p1: KSt3ve|Stealth Rock|[from] move: Rapid Spin|[of] p1a: Tentacruel
|
|-damage|p1a: Tentacruel|7/100 brn|[from] brn
|upkeep
|turn|10
|inactive|KSt3ve has 30 seconds left.
|inactive|KSt3ve has 20 seconds left.
|inactive|KSt3ve has 15 seconds left.
|inactive|xujing691691 has 180 seconds left.
|
|t:|1646475167
|move|p1a: Tentacruel|Knock Off|p2a: Keldeo
|-resisted|p2a: Keldeo
|-damage|p2a: Keldeo|92/100
|-ability|p2a: Keldeo|Justified|boost
|-boost|p2a: Keldeo|atk|1
|-enditem|p2a: Keldeo|Choice Specs|[from] move: Knock Off|[of] p1a: Tentacruel
|move|p2a: Keldeo|Scald|p1a: Tentacruel
|-resisted|p1a: Tentacruel
|-damage|p1a: Tentacruel|0 fnt
|faint|p1a: Tentacruel
|
|upkeep
|inactive|KSt3ve has 20 seconds left this turn.
|inactive|KSt3ve has 15 seconds left.
|inactive|KSt3ve has 10 seconds left.
|
|t:|1646475178
|switch|p1a: Zarude|Zarude|100/100
|turn|11
|inactive|KSt3ve has 20 seconds left this turn.
|inactive|KSt3ve has 15 seconds left.
|inactive|xujing691691 has 180 seconds left.
|
|t:|1646475195
|switch|p2a: Rotom|Rotom-Heat|100/100
|move|p1a: Zarude|U-turn|p2a: Rotom
|-resisted|p2a: Rotom
|-damage|p2a: Rotom|89/100
|inactive|KSt3ve has 20 seconds left this turn.
|
|t:|1646475198
|switch|p1a: Diancie|Diancie|24/100|[from]move: U-turn
|
|-heal|p1a: Diancie|30/100|[from] item: Leftovers
|upkeep
|turn|12
|inactive|KSt3ve has 30 seconds left this turn.
|
|t:|1646475204
|switch|p1a: Mamoswine|Mamoswine, F|100/100
|move|p2a: Rotom|Volt Switch|p1a: Mamoswine
|-immune|p1a: Mamoswine
|
|upkeep
|turn|13
|inactive|KSt3ve has 30 seconds left.
|
|t:|1646475212
|move|p2a: Rotom|Toxic|p1a: Mamoswine
|-status|p1a: Mamoswine|tox
|move|p1a: Mamoswine|Knock Off|p2a: Rotom
|-damage|p2a: Rotom|49/100
|-enditem|p2a: Rotom|Heavy-Duty Boots|[from] move: Knock Off|[of] p1a: Mamoswine
|
|-damage|p1a: Mamoswine|94/100 tox|[from] psn
|upkeep
|turn|14
|
|t:|1646475218
|switch|p1a: Diancie|Diancie|30/100
|move|p2a: Rotom|Pain Split|p1a: Diancie
|-sethp|p1a: Diancie|39/100|[from] move: Pain Split|[silent]
|-sethp|p2a: Rotom|39/100|[from] move: Pain Split
|
|-heal|p1a: Diancie|45/100|[from] item: Leftovers
|upkeep
|turn|15
|
|t:|1646475224
|move|p2a: Rotom|Volt Switch|p1a: Diancie
|-damage|p1a: Diancie|27/100
|inactive|xujing691691 has 210 seconds left.
|
|t:|1646475233
|switch|p2a: Aegislash|Aegislash, F|100/100|[from]move: Volt Switch
|-damage|p2a: Aegislash|94/100|[from] Stealth Rock
|move|p1a: Diancie|Heal Bell|p1a: Diancie
|-activate|p1a: Diancie|move: Heal Bell
|-curestatus|p1: Mamoswine|tox|[msg]
|
|-heal|p2a: Aegislash|100/100|[from] item: Leftovers
|-heal|p1a: Diancie|33/100|[from] item: Leftovers
|upkeep
|turn|16
|inactive|xujing691691 has 210 seconds left.
|inactive|KSt3ve has 30 seconds left.
|inactive|KSt3ve has 20 seconds left.
|inactive|KSt3ve has 15 seconds left.
|
|t:|1646475283
|switch|p2a: Keldeo|Keldeo-Resolute|92/100
|-damage|p2a: Keldeo|86/100|[from] Stealth Rock
|switch|p1a: Salamence|Salamence, F|90/100
|-ability|p1a: Salamence|Intimidate|boost
|-unboost|p2a: Keldeo|atk|1
|
|upkeep
|turn|17
|inactive|KSt3ve has 25 seconds left this turn.
|inactive|KSt3ve has 20 seconds left.
|inactive|KSt3ve has 15 seconds left.
|inactive|xujing691691 has 180 seconds left.
|
|t:|1646475305
|switch|p2a: Rhyperior|Rhyperior, F|88/100
|-damage|p2a: Rhyperior|81/100|[from] Stealth Rock
|switch|p1a: Aegislash|Aegislash, F|100/100
|
|-heal|p2a: Rhyperior|88/100|[from] item: Leftovers
|upkeep
|turn|18
|inactive|KSt3ve has 25 seconds left this turn.
|inactive|xujing691691 has 180 seconds left.
|inactive|xujing691691 has 150 seconds left.
|
|t:|1646475351
|switch|p2a: Tangrowth|Tangrowth, F|100/100
|-damage|p2a: Tangrowth|88/100|[from] Stealth Rock
|-formechange|p1a: Aegislash|Aegislash-Blade||[from] ability: Stance Change
|move|p1a: Aegislash|Iron Head|p2a: Tangrowth
|-damage|p2a: Tangrowth|33/100
|
|upkeep
|turn|19
|inactive|KSt3ve has 30 seconds left.
|inactive|xujing691691 has 150 seconds left.
|inactive|xujing691691 has 120 seconds left.
|
|t:|1646475395
|switch|p2a: Aegislash|Aegislash, F|100/100
|-damage|p2a: Aegislash|94/100|[from] Stealth Rock
|move|p1a: Aegislash|Iron Head|p2a: Aegislash
|-resisted|p2a: Aegislash
|-damage|p2a: Aegislash|64/100
|
|-heal|p2a: Aegislash|70/100|[from] item: Leftovers
|upkeep
|turn|20
|inactive|KSt3ve has 30 seconds left.
|inactive|xujing691691 has 120 seconds left.
|
|t:|1646475412
|switch|p1a: Salamence|Salamence, F|90/100
|-ability|p1a: Salamence|Intimidate|boost
|-unboost|p2a: Aegislash|atk|1
|-formechange|p2a: Aegislash|Aegislash-Blade||[from] ability: Stance Change
|move|p2a: Aegislash|Shadow Ball|p1a: Salamence
|-damage|p1a: Salamence|37/100
|
|-heal|p2a: Aegislash|76/100|[from] item: Leftovers
|upkeep
|turn|21
|inactive|KSt3ve has 30 seconds left.
|inactive|xujing691691 has 120 seconds left.
|inactive|KSt3ve has 20 seconds left.
|
|t:|1646475433
|switch|p1a: Mamoswine|Mamoswine, F|94/100
|switch|p2a: Rhyperior|Rhyperior, F|88/100
|-damage|p2a: Rhyperior|81/100|[from] Stealth Rock
|
|-heal|p2a: Rhyperior|88/100|[from] item: Leftovers
|upkeep
|turn|22
|inactive|KSt3ve has 30 seconds left this turn.
|inactive|KSt3ve has 20 seconds left.
|inactive|xujing691691 has 90 seconds left.
|inactive|xujing691691 has 60 seconds left.
|
|t:|1646475498
|switch|p2a: Crobat|Crobat, F|16/100
|move|p1a: Mamoswine|Earthquake|p2a: Crobat
|-immune|p2a: Crobat
|
|upkeep
|turn|23
|inactive|KSt3ve has 30 seconds left this turn.
|
|t:|1646475505
|move|p2a: Crobat|Defog|p1a: Mamoswine
|-unboost|p1a: Mamoswine|evasion|1
|-sideend|p2: xujing691691|Stealth Rock|[from] move: Defog|[of] p2a: Crobat
|move|p1a: Mamoswine|Icicle Crash|p2a: Crobat
|-supereffective|p2a: Crobat
|-damage|p2a: Crobat|0 fnt
|faint|p2a: Crobat
|
|upkeep
|
|t:|1646475508
|switch|p2a: Keldeo|Keldeo-Resolute|86/100
|turn|24
|inactive|xujing691691 has 60 seconds left.
|
|t:|1646475528
|switch|p1a: Aegislash|Aegislash, F|100/100
|move|p2a: Keldeo|Scald|p1a: Aegislash
|-damage|p1a: Aegislash|61/100
|
|upkeep
|turn|25
|inactive|xujing691691 has 60 seconds left.
|inactive|xujing691691 has 30 seconds left.
|inactive|xujing691691 has 20 seconds left.
|inactive|xujing691691 has 15 seconds left.
|
|t:|1646475587
|move|p2a: Keldeo|Scald|p1a: Aegislash
|-damage|p1a: Aegislash|18/100
|-formechange|p1a: Aegislash|Aegislash-Blade||[from] ability: Stance Change
|move|p1a: Aegislash|Shadow Claw|p2a: Keldeo
|-damage|p2a: Keldeo|12/100
|
|upkeep
|turn|26
|inactive|xujing691691 has 25 seconds left this turn.
|inactive|xujing691691 has 20 seconds left.
|
|t:|1646475594
|switch|p1a: Zarude|Zarude|100/100
|move|p2a: Keldeo|Scald|p1a: Zarude
|-resisted|p1a: Zarude
|-damage|p1a: Zarude|80/100
|
|upkeep
|turn|27
|inactive|xujing691691 has 30 seconds left this turn.
|inactive|xujing691691 has 20 seconds left.
|inactive|KSt3ve has 30 seconds left.
|
|t:|1646475620
|switch|p2a: Tangrowth|Tangrowth, F|66/100
|move|p1a: Zarude|U-turn|p2a: Tangrowth
|-supereffective|p2a: Tangrowth
|-damage|p2a: Tangrowth|31/100
|inactive|xujing691691 has 25 seconds left this turn.
|inactive|KSt3ve has 30 seconds left.
|
|t:|1646475631
|switch|p1a: Aegislash|Aegislash, F|18/100|[from]move: U-turn
|
|upkeep
|turn|28
|inactive|xujing691691 has 30 seconds left.
|inactive|xujing691691 has 20 seconds left.
|
|t:|1646475650
|-formechange|p1a: Aegislash|Aegislash-Blade||[from] ability: Stance Change
|move|p1a: Aegislash|Shadow Claw|p2a: Tangrowth
|-damage|p2a: Tangrowth|0 fnt
|faint|p2a: Tangrowth
|
|upkeep
|inactive|xujing691691 has 25 seconds left this turn.
|inactive|xujing691691 has 20 seconds left.
|
|t:|1646475659
|switch|p2a: Keldeo|Keldeo-Resolute|12/100
|turn|29
|inactive|xujing691691 has 30 seconds left this turn.
|inactive|KSt3ve has 30 seconds left.
|inactive|KSt3ve has 20 seconds left.
|
|t:|1646475692
|switch|p1a: Salamence|Salamence, F|37/100
|-ability|p1a: Salamence|Intimidate|boost
|-unboost|p2a: Keldeo|atk|1
|move|p2a: Keldeo|Scald|p1a: Salamence
|-resisted|p1a: Salamence
|-damage|p1a: Salamence|10/100
|
|upkeep
|turn|30
|inactive|KSt3ve has 30 seconds left this turn.
|
|t:|1646475698
|move|p2a: Keldeo|Scald|p1a: Salamence
|-resisted|p1a: Salamence
|-damage|p1a: Salamence|0 fnt
|faint|p1a: Salamence
|
|upkeep
|inactive|KSt3ve has 30 seconds left this turn.
|
|t:|1646475700
|switch|p1a: Zarude|Zarude|80/100
|turn|31
|inactive|KSt3ve has 30 seconds left.
|inactive|xujing691691 has 30 seconds left.
|
|t:|1646475721
|switch|p2a: Rhyperior|Rhyperior, F|88/100
|move|p1a: Zarude|U-turn|p2a: Rhyperior
|-damage|p2a: Rhyperior|73/100
|inactive|KSt3ve has 30 seconds left.
|inactive|KSt3ve has 20 seconds left.
|inactive|KSt3ve has 15 seconds left.
|
|t:|1646475745
|switch|p1a: Mamoswine|Mamoswine, F|94/100|[from]move: U-turn
|
|-heal|p2a: Rhyperior|79/100|[from] item: Leftovers
|upkeep
|turn|32
|inactive|KSt3ve has 25 seconds left this turn.
|inactive|xujing691691 has 30 seconds left.
|inactive|xujing691691 has 20 seconds left.
|inactive|xujing691691 has 15 seconds left.
|inactive|xujing691691 has 10 seconds left.
|
|t:|1646475781
|move|p1a: Mamoswine|Icicle Crash|p2a: Rhyperior
|-supereffective|p2a: Rhyperior
|-damage|p2a: Rhyperior|20/100
|cant|p2a: Rhyperior|flinch
|
|-heal|p2a: Rhyperior|26/100|[from] item: Leftovers
|upkeep
|turn|33
|inactive|xujing691691 has 20 seconds left this turn.
|inactive|xujing691691 has 15 seconds left.
|
|t:|1646475786
|move|p1a: Mamoswine|Icicle Crash|p2a: Rhyperior
|-supereffective|p2a: Rhyperior
|-damage|p2a: Rhyperior|0 fnt
|faint|p2a: Rhyperior
|
|upkeep
|inactive|xujing691691 has 20 seconds left this turn.
|inactive|xujing691691 has 15 seconds left.
|
|t:|1646475791
|switch|p2a: Rotom|Rotom-Heat|39/100
|turn|34
|inactive|xujing691691 has 25 seconds left this turn.
|inactive|xujing691691 has 20 seconds left.
|inactive|xujing691691 has 15 seconds left.
|
|t:|1646475807
|switch|p1a: Diancie|Diancie|33/100
|move|p2a: Rotom|Volt Switch|p1a: Diancie
|-damage|p1a: Diancie|17/100
|inactive|xujing691691 has 20 seconds left this turn.
|inactive|xujing691691 has 15 seconds left.
|
|t:|1646475814
|switch|p2a: Keldeo|Keldeo-Resolute|12/100|[from]move: Volt Switch
|
|-heal|p1a: Diancie|24/100|[from] item: Leftovers
|upkeep
|turn|35
|inactive|xujing691691 has 25 seconds left this turn.
|
|t:|1646475826
|move|p2a: Keldeo|Scald|p1a: Diancie
|-supereffective|p1a: Diancie
|-damage|p1a: Diancie|0 fnt
|faint|p1a: Diancie
|
|upkeep
|inactive|xujing691691 has 30 seconds left this turn.
|
|t:|1646475828
|switch|p1a: Zarude|Zarude|80/100
|turn|36
|inactive|xujing691691 has 30 seconds left.
|
|t:|1646475841
|move|p1a: Zarude|Darkest Lariat|p2a: Keldeo
|-resisted|p2a: Keldeo
|-damage|p2a: Keldeo|0 fnt
|faint|p2a: Keldeo
|
|upkeep
|
|t:|1646475845
|switch|p2a: Aegislash|Aegislash, F|76/100
|turn|37
|
|t:|1646475851
|move|p2a: Aegislash|King's Shield|p2a: Aegislash
|-singleturn|p2a: Aegislash|Protect
|move|p1a: Zarude|Darkest Lariat|p2a: Aegislash
|-activate|p2a: Aegislash|move: Protect
|-unboost|p1a: Zarude|atk|1
|
|-heal|p2a: Aegislash|82/100|[from] item: Leftovers
|upkeep
|turn|38
|inactive|xujing691691 has 30 seconds left.
|inactive|xujing691691 has 20 seconds left.
|
|t:|1646475888
|move|p1a: Zarude|Darkest Lariat|p2a: Aegislash
|-supereffective|p2a: Aegislash
|-damage|p2a: Aegislash|35/100
|move|p2a: Aegislash|Toxic|p1a: Zarude
|-status|p1a: Zarude|tox
|
|-heal|p2a: Aegislash|42/100|[from] item: Leftovers
|-damage|p1a: Zarude|74/100 tox|[from] psn
|upkeep
|turn|39
|inactive|xujing691691 has 30 seconds left this turn.
|inactive|xujing691691 has 20 seconds left.
|
|t:|1646475903
|move|p1a: Zarude|Darkest Lariat|p2a: Aegislash
|-supereffective|p2a: Aegislash
|-damage|p2a: Aegislash|0 fnt
|faint|p2a: Aegislash
|
|-damage|p1a: Zarude|62/100 tox|[from] psn
|upkeep
|inactive|xujing691691 has 25 seconds left this turn.
|
|t:|1646475906
|switch|p2a: Rotom|Rotom-Heat|39/100
|turn|40
|inactive|xujing691691 has 30 seconds left.
|
|t:|1646475917
|move|p1a: Zarude|Darkest Lariat|p2a: Rotom
|-damage|p2a: Rotom|7/100
|move|p2a: Rotom|Volt Switch|p1a: Zarude
|-resisted|p1a: Zarude
|-damage|p1a: Zarude|50/100 tox
|
|-damage|p1a: Zarude|32/100 tox|[from] psn
|upkeep
|turn|41
|inactive|xujing691691 has 30 seconds left.
|c|☆KSt3ve|gg
|c|☆xujing691691|gg
|
|t:|1646475927
|move|p1a: Zarude|Darkest Lariat|p2a: Rotom
|-damage|p2a: Rotom|0 fnt
|faint|p2a: Rotom
|
|win|KSt3ve
|inactive|xujing691691 has 30 seconds left this turn.
