|inactive|Battle timer is ON: inactive players will automatically lose when time's up.
|t:|1663445188
|gametype|singles
|player|p1|Liz Angeles|marley|
|player|p2|Carmin|firebreather|
|teamsize|p1|6
|teamsize|p2|6
|gen|8
|tier|[Gen 8] UU
|rule|Sleep Clause Mod: Limit one foe put to sleep
|rule|Species Clause: Limit one of each Pokémon
|rule|OHKO Clause: OHKO moves are banned
|rule|Evasion Items Clause: Evasion items are banned
|rule|Evasion Moves Clause: Evasion moves are banned
|rule|Endless Battle Clause: Forcing endless battles is banned
|rule|HP Percentage Mod: HP is shown in percentages
|rule|Dynamax Clause: You cannot dynamax
|clearpoke
|poke|p1|Hippowdon, F|
|poke|p1|Amoonguss, F|
|poke|p1|Azumarill, F|
|poke|p1|Raikou|
|poke|p1|Cobalion|
|poke|p1|Noivern, F|
|poke|p2|Cobalion|
|poke|p2|Chandelure, F|
|poke|p2|Milotic, F|
|poke|p2|Umbreon, F|
|poke|p2|Amoonguss, F|
|poke|p2|Salamence, M|
|teampreview
|inactive|Carmin also wants the timer to be on.
|inactive|Carmin has 270 seconds left.
|inactive|Carmin has 240 seconds left.
|inactive|Liz Angeles has 270 seconds left.
|inactive|Carmin has 210 seconds left.
|
|t:|1663445287
|start
|switch|p1a: Hailey|Azumarill, F|100/100
|switch|p2a: Umbreon|Umbreon, F|100/100
|turn|1
|
|t:|1663445290
|move|p2a: Umbreon|Protect|p2a: Umbreon
|-singleturn|p2a: Umbreon|Protect
|move|p1a: Hailey|Play Rough|p2a: Umbreon
|-activate|p2a: Umbreon|move: Protect
|
|upkeep
|turn|2
|
|t:|1663445300
|switch|p1a: Noivern|Noivern, F|100/100
|-item|p2a: Umbreon|Leftovers|[from] ability: Frisk|[of] p1a: Noivern|[identify]
|switch|p2a: Amoonguss|Amoonguss, F|100/100
|
|upkeep
|turn|3
|
|t:|1663445321
|switch|p2a: Umbreon|Umbreon, F|100/100
|move|p1a: Noivern|Hurricane|p2a: Umbreon
|-damage|p2a: Umbreon|72/100
|
|-heal|p2a: Umbreon|78/100|[from] item: Leftovers
|upkeep
|turn|4
|inactive|Carmin has 270 seconds left.
|
|t:|1663445342
|switch|p1a: Cobalion|Cobalion, shiny|100/100
|switch|p2a: Amoonguss|Amoonguss, F|100/100
|
|upkeep
|turn|5
|
|t:|1663445363
|switch|p1a: Noivern|Noivern, F|100/100
|-item|p2a: Amoonguss|Rocky Helmet|[from] ability: Frisk|[of] p1a: Noivern|[identify]
|move|p2a: Amoonguss|Spore|p1a: Noivern
|-status|p1a: Noivern|slp|[from] move: Spore
|
|upkeep
|turn|6
|
|t:|1663445373
|switch|p1a: Hailey|Azumarill, F|100/100
|switch|p2a: Chandelure|Chandelure, F|100/100
|
|upkeep
|turn|7
|inactive|Liz Angeles has 270 seconds left.
|
|t:|1663445407
|switch|p2a: Amoonguss|Amoonguss, F|100/100
|move|p1a: Hailey|Knock Off|p2a: Amoonguss
|-damage|p2a: Amoonguss|53/100
|-damage|p1a: Hailey|84/100|[from] item: Rocky Helmet|[of] p2a: Amoonguss
|-enditem|p2a: Amoonguss|Rocky Helmet|[from] move: Knock Off|[of] p1a: Hailey
|
|upkeep
|turn|8
|
|t:|1663445413
|switch|p1a: Cobalion|Cobalion, shiny|100/100
|switch|p2a: Cobalion|Cobalion|100/100
|
|upkeep
|turn|9
|inactive|Liz Angeles has 270 seconds left.
|
|t:|1663445430
|switch|p1a: Gloria|Hippowdon, F|100/100
|-weather|Sandstorm|[from] ability: Sand Stream|[of] p1a: Gloria
|move|p2a: Cobalion|Stealth Rock|p1a: Gloria
|-sidestart|p1: Liz Angeles|move: Stealth Rock
|
|-weather|Sandstorm|[upkeep]
|upkeep
|turn|10
|
|t:|1663445442
|switch|p2a: Umbreon|Umbreon, F|78/100
|move|p1a: Gloria|Stealth Rock|p2a: Umbreon
|-sidestart|p2: Carmin|move: Stealth Rock
|
|-weather|Sandstorm|[upkeep]
|-damage|p2a: Umbreon|72/100|[from] Sandstorm
|-heal|p2a: Umbreon|78/100|[from] item: Leftovers
|upkeep
|turn|11
|
|t:|1663445446
|switch|p1a: Cobalion|Cobalion, shiny|100/100
|-damage|p1a: Cobalion|97/100|[from] Stealth Rock
|move|p2a: Umbreon|Wish|p2a: Umbreon
|
|-weather|Sandstorm|[upkeep]
|-damage|p2a: Umbreon|72/100|[from] Sandstorm
|-heal|p1a: Cobalion|100/100|[from] item: Leftovers
|-heal|p2a: Umbreon|78/100|[from] item: Leftovers
|upkeep
|turn|12
|
|t:|1663445466
|switch|p2a: Salamence|Salamence, M|100/100
|-ability|p2a: Salamence|Intimidate|boost
|-unboost|p1a: Cobalion|atk|1
|move|p1a: Cobalion|Swords Dance|p1a: Cobalion
|-boost|p1a: Cobalion|atk|2
|
|-weather|Sandstorm|[upkeep]
|-damage|p2a: Salamence|94/100|[from] Sandstorm
|-heal|p2a: Salamence|100/100|[from] move: Wish|[wisher] Umbreon
|upkeep
|turn|13
|
|t:|1663445493
|switch|p2a: Cobalion|Cobalion|100/100
|-damage|p2a: Cobalion|97/100|[from] Stealth Rock
|move|p1a: Cobalion|Stone Edge|p2a: Cobalion
|-resisted|p2a: Cobalion
|-damage|p2a: Cobalion|90/100
|
|-weather|none
|upkeep
|turn|14
|
|t:|1663445506
|switch|p2a: Salamence|Salamence, M|100/100
|-ability|p2a: Salamence|Intimidate|boost
|-unboost|p1a: Cobalion|atk|1
|switch|p1a: Gloria|Hippowdon, F|100/100
|-damage|p1a: Gloria|94/100|[from] Stealth Rock
|-weather|Sandstorm|[from] ability: Sand Stream|[of] p1a: Gloria
|
|-weather|Sandstorm|[upkeep]
|-damage|p2a: Salamence|94/100|[from] Sandstorm
|upkeep
|turn|15
|
|t:|1663445512
|switch|p2a: Umbreon|Umbreon, F|78/100
|-damage|p2a: Umbreon|66/100|[from] Stealth Rock
|move|p1a: Gloria|Toxic|p2a: Umbreon
|-status|p2a: Umbreon|tox
|-activate|p2a: Umbreon|ability: Synchronize
|-status|p1a: Gloria|tox
|
|-weather|Sandstorm|[upkeep]
|-damage|p2a: Umbreon|60/100 tox|[from] Sandstorm
|-heal|p2a: Umbreon|66/100 tox|[from] item: Leftovers
|-damage|p2a: Umbreon|60/100 tox|[from] psn
|-damage|p1a: Gloria|88/100 tox|[from] psn
|upkeep
|turn|16
|
|t:|1663445521
|switch|p1a: Cobalion|Cobalion, shiny|100/100
|-damage|p1a: Cobalion|97/100|[from] Stealth Rock
|move|p2a: Umbreon|Heal Bell|p2a: Umbreon
|-activate|p2a: Umbreon|move: Heal Bell
|-curestatus|p2a: Umbreon|tox|[msg]
|
|-weather|Sandstorm|[upkeep]
|-damage|p2a: Umbreon|54/100|[from] Sandstorm
|-heal|p1a: Cobalion|100/100|[from] item: Leftovers
|-heal|p2a: Umbreon|60/100|[from] item: Leftovers
|upkeep
|turn|17
|
|t:|1663445527
|switch|p2a: Salamence|Salamence, M|94/100
|-ability|p2a: Salamence|Intimidate|boost
|-unboost|p1a: Cobalion|atk|1
|move|p1a: Cobalion|Swords Dance|p1a: Cobalion
|-boost|p1a: Cobalion|atk|2
|
|-weather|Sandstorm|[upkeep]
|-damage|p2a: Salamence|88/100|[from] Sandstorm
|upkeep
|turn|18
|
|t:|1663445532
|move|p1a: Cobalion|Stone Edge|p2a: Salamence
|-supereffective|p2a: Salamence
|-damage|p2a: Salamence|0 fnt
|faint|p2a: Salamence
|
|-weather|none
|upkeep
|
|t:|1663445547
|switch|p2a: Milotic|Milotic, F|100/100
|turn|19
|
|t:|1663445555
|switch|p1a: Malediction|Amoonguss, F, shiny|100/100
|-damage|p1a: Malediction|88/100|[from] Stealth Rock
|move|p2a: Milotic|Scald|p1a: Malediction
|-resisted|p1a: Malediction
|-damage|p1a: Malediction|76/100
|-status|p1a: Malediction|brn
|
|-heal|p1a: Malediction|82/100 brn|[from] item: Black Sludge
|-damage|p1a: Malediction|76/100 brn|[from] brn
|upkeep
|turn|20
|c|+sirwings|swiss ?
|
|t:|1663445565
|switch|p2a: Amoonguss|Amoonguss, F|87/100
|-damage|p2a: Amoonguss|74/100|[from] Stealth Rock
|move|p1a: Malediction|Sludge Bomb|p2a: Amoonguss
|-damage|p2a: Amoonguss|50/100
|
|-heal|p1a: Malediction|82/100 brn|[from] item: Black Sludge
|-damage|p1a: Malediction|76/100 brn|[from] brn
|upkeep
|turn|21
|
|t:|1663445576
|move|p2a: Amoonguss|Sludge Bomb|p1a: Malediction
|-damage|p1a: Malediction|52/100 brn
|move|p1a: Malediction|Sludge Bomb|p2a: Amoonguss
|-damage|p2a: Amoonguss|26/100
|
|-heal|p1a: Malediction|58/100 brn|[from] item: Black Sludge
|-damage|p1a: Malediction|52/100 brn|[from] brn
|upkeep
|turn|22
|
|t:|1663445583
|move|p2a: Amoonguss|Sludge Bomb|p1a: Malediction
|-damage|p1a: Malediction|30/100 brn
|move|p1a: Malediction|Spore|p2a: Amoonguss
|-immune|p2a: Amoonguss
|
|-heal|p1a: Malediction|37/100 brn|[from] item: Black Sludge
|-damage|p1a: Malediction|30/100 brn|[from] brn
|upkeep
|turn|23
|
|t:|1663445588
|switch|p2a: Chandelure|Chandelure, F|100/100
|move|p1a: Malediction|Spore|p2a: Chandelure
|-status|p2a: Chandelure|slp|[from] move: Spore
|
|-heal|p1a: Malediction|37/100 brn|[from] item: Black Sludge
|-damage|p1a: Malediction|30/100 brn|[from] brn
|upkeep
|turn|24
|
|t:|1663445611
|switch|p1a: Cobalion|Cobalion, shiny|100/100
|-damage|p1a: Cobalion|97/100|[from] Stealth Rock
|cant|p2a: Chandelure|slp
|
|-heal|p1a: Cobalion|100/100|[from] item: Leftovers
|upkeep
|turn|25
|inactive|Liz Angeles has 270 seconds left.
|
|t:|1663445647
|switch|p1a: Kristy|Raikou, shiny|100/100
|-damage|p1a: Kristy|88/100|[from] Stealth Rock
|-ability|p1a: Kristy|Pressure
|cant|p2a: Chandelure|slp
|
|-heal|p1a: Kristy|94/100|[from] item: Leftovers
|upkeep
|turn|26
|inactive|Carmin has 270 seconds left.
|
|t:|1663445687
|move|p1a: Kristy|Scald|p2a: Chandelure
|-supereffective|p2a: Chandelure
|-damage|p2a: Chandelure|39/100 slp
|cant|p2a: Chandelure|slp
|
|-heal|p1a: Kristy|99/100|[from] item: Leftovers
|upkeep
|turn|27
|
|t:|1663445696
|switch|p2a: Umbreon|Umbreon, F|60/100
|-damage|p2a: Umbreon|47/100|[from] Stealth Rock
|move|p1a: Kristy|Thunderbolt|p2a: Umbreon
|-damage|p2a: Umbreon|23/100
|
|-heal|p1a: Kristy|100/100|[from] item: Leftovers
|-heal|p2a: Umbreon|30/100|[from] item: Leftovers
|upkeep
|turn|28
|inactive|Liz Angeles has 270 seconds left.
|
|t:|1663445708
|switch|p1a: Hailey|Azumarill, F|84/100
|-damage|p1a: Hailey|72/100|[from] Stealth Rock
|move|p2a: Umbreon|Wish|p2a: Umbreon
|
|-heal|p2a: Umbreon|36/100|[from] item: Leftovers
|upkeep
|turn|29
|
|t:|1663445713
|move|p2a: Umbreon|Protect|p2a: Umbreon
|-singleturn|p2a: Umbreon|Protect
|move|p1a: Hailey|Play Rough|p2a: Umbreon
|-activate|p2a: Umbreon|move: Protect
|
|-heal|p2a: Umbreon|85/100|[from] move: Wish|[wisher] Umbreon
|-heal|p2a: Umbreon|92/100|[from] item: Leftovers
|upkeep
|turn|30
|
|t:|1663445720
|switch|p2a: Chandelure|Chandelure, F|39/100 slp
|move|p1a: Hailey|Play Rough|p2a: Chandelure
|-resisted|p2a: Chandelure
|-damage|p2a: Chandelure|0 fnt
|faint|p2a: Chandelure
|
|upkeep
|
|t:|1663445732
|switch|p2a: Amoonguss|Amoonguss, F|59/100
|-damage|p2a: Amoonguss|47/100|[from] Stealth Rock
|turn|31
|
|t:|1663445736
|switch|p1a: Cobalion|Cobalion, shiny|100/100
|-damage|p1a: Cobalion|97/100|[from] Stealth Rock
|move|p2a: Amoonguss|Giga Drain|p1a: Cobalion
|-resisted|p1a: Cobalion
|-damage|p1a: Cobalion|82/100
|-heal|p2a: Amoonguss|53/100|[from] drain|[of] p1a: Cobalion
|
|-heal|p1a: Cobalion|88/100|[from] item: Leftovers
|upkeep
|turn|32
|
|t:|1663445747
|move|p1a: Cobalion|Swords Dance|p1a: Cobalion
|-boost|p1a: Cobalion|atk|2
|move|p2a: Amoonguss|Stun Spore|p1a: Cobalion
|-status|p1a: Cobalion|par
|
|-heal|p1a: Cobalion|94/100 par|[from] item: Leftovers
|upkeep
|turn|33
|
|t:|1663445766
|switch|p2a: Cobalion|Cobalion|90/100
|-damage|p2a: Cobalion|87/100|[from] Stealth Rock
|move|p1a: Cobalion|Close Combat|p2a: Cobalion
|-supereffective|p2a: Cobalion
|-damage|p2a: Cobalion|0 fnt
|-unboost|p1a: Cobalion|def|1
|-unboost|p1a: Cobalion|spd|1
|-damage|p1a: Cobalion|78/100 par|[from] item: Rocky Helmet|[of] p2a: Cobalion
|faint|p2a: Cobalion
|
|-heal|p1a: Cobalion|84/100 par|[from] item: Leftovers
|upkeep
|
|t:|1663445772
|switch|p2a: Milotic|Milotic, F|100/100
|turn|34
|inactive|Liz Angeles has 270 seconds left.
|
|t:|1663445829
|switch|p1a: Gloria|Hippowdon, F|88/100 tox
|-damage|p1a: Gloria|82/100 tox|[from] Stealth Rock
|-weather|Sandstorm|[from] ability: Sand Stream|[of] p1a: Gloria
|move|p2a: Milotic|Scald|p1a: Gloria
|-supereffective|p1a: Gloria
|-damage|p1a: Gloria|33/100 tox
|
|-weather|Sandstorm|[upkeep]
|-damage|p2a: Milotic|94/100|[from] Sandstorm
|-damage|p1a: Gloria|27/100 tox|[from] psn
|upkeep
|turn|35
|
|t:|1663445832
|move|p2a: Milotic|Scald|p1a: Gloria
|-supereffective|p1a: Gloria
|-damage|p1a: Gloria|0 fnt
|faint|p1a: Gloria
|
|-weather|Sandstorm|[upkeep]
|-damage|p2a: Milotic|88/100|[from] Sandstorm
|upkeep
|inactive|Liz Angeles has 240 seconds left.
|
|t:|1663445852
|switch|p1a: Kristy|Raikou, shiny|100/100
|-damage|p1a: Kristy|88/100|[from] Stealth Rock
|-ability|p1a: Kristy|Pressure
|turn|36
|
|t:|1663445854
|move|p1a: Kristy|Calm Mind|p1a: Kristy
|-boost|p1a: Kristy|spa|1
|-boost|p1a: Kristy|spd|1
|move|p2a: Milotic|Mirror Coat||[still]
|-fail|p2a: Milotic
|
|-weather|Sandstorm|[upkeep]
|-damage|p1a: Kristy|82/100|[from] Sandstorm
|-damage|p2a: Milotic|82/100|[from] Sandstorm
|-heal|p1a: Kristy|88/100|[from] item: Leftovers
|upkeep
|turn|37
|
|t:|1663445862
|move|p1a: Kristy|Calm Mind|p1a: Kristy
|-boost|p1a: Kristy|spa|1
|-boost|p1a: Kristy|spd|1
|move|p2a: Milotic|Mirror Coat||[still]
|-fail|p2a: Milotic
|
|-weather|Sandstorm|[upkeep]
|-damage|p1a: Kristy|82/100|[from] Sandstorm
|-damage|p2a: Milotic|76/100|[from] Sandstorm
|-heal|p1a: Kristy|88/100|[from] item: Leftovers
|upkeep
|turn|38
|inactive|Liz Angeles has 240 seconds left.
|
|t:|1663445915
|move|p1a: Kristy|Calm Mind|p1a: Kristy
|-boost|p1a: Kristy|spa|1
|-boost|p1a: Kristy|spd|1
|move|p2a: Milotic|Haze|p2a: Milotic
|-clearallboost
|
|-weather|none
|-heal|p1a: Kristy|94/100|[from] item: Leftovers
|upkeep
|turn|39
|
|t:|1663445924
|switch|p2a: Umbreon|Umbreon, F|92/100
|-damage|p2a: Umbreon|79/100|[from] Stealth Rock
|move|p1a: Kristy|Substitute|p1a: Kristy
|-start|p1a: Kristy|Substitute
|-damage|p1a: Kristy|69/100
|
|-heal|p1a: Kristy|75/100|[from] item: Leftovers
|-heal|p2a: Umbreon|85/100|[from] item: Leftovers
|upkeep
|turn|40
|
|t:|1663445927
|move|p1a: Kristy|Thunderbolt|p2a: Umbreon
|-damage|p2a: Umbreon|62/100
|move|p2a: Umbreon|Foul Play|p1a: Kristy
|-end|p1a: Kristy|Substitute
|
|-heal|p1a: Kristy|81/100|[from] item: Leftovers
|-heal|p2a: Umbreon|68/100|[from] item: Leftovers
|upkeep
|turn|41
|
|t:|1663445944
|move|p1a: Kristy|Calm Mind|p1a: Kristy
|-boost|p1a: Kristy|spa|1
|-boost|p1a: Kristy|spd|1
|move|p2a: Umbreon|Foul Play|p1a: Kristy
|-damage|p1a: Kristy|52/100
|
|-heal|p1a: Kristy|58/100|[from] item: Leftovers
|-heal|p2a: Umbreon|74/100|[from] item: Leftovers
|upkeep
|turn|42
|
|t:|1663445949
|move|p1a: Kristy|Thunderbolt|p2a: Umbreon
|-damage|p2a: Umbreon|34/100
|move|p2a: Umbreon|Foul Play|p1a: Kristy
|-damage|p1a: Kristy|27/100
|
|-heal|p1a: Kristy|33/100|[from] item: Leftovers
|-heal|p2a: Umbreon|40/100|[from] item: Leftovers
|upkeep
|turn|43
|inactive|Liz Angeles has 240 seconds left.
|
|t:|1663445966
|move|p2a: Umbreon|Protect|p2a: Umbreon
|-singleturn|p2a: Umbreon|Protect
|move|p1a: Kristy|Calm Mind|p1a: Kristy
|-boost|p1a: Kristy|spa|1
|-boost|p1a: Kristy|spd|1
|
|-heal|p1a: Kristy|39/100|[from] item: Leftovers
|-heal|p2a: Umbreon|46/100|[from] item: Leftovers
|upkeep
|turn|44
|
|t:|1663445973
|move|p1a: Kristy|Thunderbolt|p2a: Umbreon
|-damage|p2a: Umbreon|0 fnt
|faint|p2a: Umbreon
|
|-heal|p1a: Kristy|45/100|[from] item: Leftovers
|upkeep
|
|t:|1663445975
|switch|p2a: Amoonguss|Amoonguss, F|86/100
|-damage|p2a: Amoonguss|73/100|[from] Stealth Rock
|turn|45
|
|t:|1663445984
|move|p1a: Kristy|Substitute|p1a: Kristy
|-start|p1a: Kristy|Substitute
|-damage|p1a: Kristy|20/100
|move|p2a: Amoonguss|Sludge Bomb|p1a: Kristy
|-activate|p1a: Kristy|move: Substitute|[damage]
|
|-heal|p1a: Kristy|26/100|[from] item: Leftovers
|upkeep
|turn|46
|
|t:|1663445998
|move|p1a: Kristy|Thunderbolt|p2a: Amoonguss
|-resisted|p2a: Amoonguss
|-damage|p2a: Amoonguss|39/100
|move|p2a: Amoonguss|Giga Drain|p1a: Kristy
|-activate|p1a: Kristy|move: Substitute|[damage]
|-heal|p2a: Amoonguss|43/100|[from] drain|[of] p1a: Kristy
|
|-heal|p1a: Kristy|33/100|[from] item: Leftovers
|upkeep
|turn|47
|
|t:|1663446003
|move|p1a: Kristy|Thunderbolt|p2a: Amoonguss
|-resisted|p2a: Amoonguss
|-damage|p2a: Amoonguss|7/100
|move|p2a: Amoonguss|Giga Drain|p1a: Kristy
|-end|p1a: Kristy|Substitute
|-heal|p2a: Amoonguss|9/100|[from] drain|[of] p1a: Kristy
|
|-heal|p1a: Kristy|39/100|[from] item: Leftovers
|upkeep
|turn|48
|c|☆Carmin|ggs
|c|☆Liz Angeles|gg, sorry about that g 1
|c|☆Carmin|its a 2/0 for me with no luck, but thats poke
|c|☆Carmin|not always the best wins
|
|t:|1663446027
|move|p1a: Kristy|Thunderbolt|p2a: Amoonguss
|-resisted|p2a: Amoonguss
|-damage|p2a: Amoonguss|0 fnt
|faint|p2a: Amoonguss
|
|-heal|p1a: Kristy|45/100|[from] item: Leftovers
|upkeep
|
|t:|1663446028
|switch|p2a: Milotic|Milotic, F|76/100
|turn|49
|inactive|Liz Angeles has 270 seconds left.
|
|t:|1663446035
|move|p1a: Kristy|Thunderbolt|p2a: Milotic
|-supereffective|p2a: Milotic
|-damage|p2a: Milotic|0 fnt
|faint|p2a: Milotic
|
|win|Liz Angeles
