|inactive|Battle timer is ON: inactive players will automatically lose when time's up.
|t:|1656843013
|gametype|singles
|player|p1|congelateur-sama|#fcpl4raichicheurs|
|player|p2|chlo|#chlo|
|teamsize|p1|6
|teamsize|p2|6
|gen|8
|tier|[Gen 8] UU
|rule|Sleep Clause Mod: Limit one foe put to sleep
|rule|Species Clause: Limit one of each Pokémon
|rule|OHKO Clause: OHKO moves are banned
|rule|Evasion Moves Clause: Evasion moves are banned
|rule|Endless Battle Clause: Forcing endless battles is banned
|rule|HP Percentage Mod: HP is shown in percentages
|rule|Dynamax Clause: You cannot dynamax
|clearpoke
|poke|p1|Chandelure, F|
|poke|p1|Hatterene, F|
|poke|p1|Swampert, F|
|poke|p1|Tangrowth, M|
|poke|p1|Hydreigon, F|
|poke|p1|Cobalion|
|poke|p2|Crobat, F|
|poke|p2|Chansey, F|
|poke|p2|Scizor, F|
|poke|p2|Salamence, M|
|poke|p2|Slowking, F|
|poke|p2|Hippowdon, M|
|teampreview
|c|☆congelateur-sama|hf
|c|☆chlo|u2
|inactive|congelateur-sama has 270 seconds left.
|inactive|chlo has 270 seconds left.
|c|☆congelateur-sama|i got stall
|c|☆congelateur-sama|w1
|inactive|congelateur-sama has 240 seconds left.
|inactive|congelateur-sama has 210 seconds left.
|
|t:|1656843112
|start
|switch|p1a: Tangrowth|Tangrowth, M|100/100
|switch|p2a: Scizor|Scizor, F|100/100
|turn|1
|inactive|congelateur-sama has 270 seconds left.
|
|t:|1656843118
|move|p2a: Scizor|Knock Off|p1a: Tangrowth
|-damage|p1a: Tangrowth|80/100
|-enditem|p1a: Tangrowth|Assault Vest|[from] move: Knock Off|[of] p2a: Scizor
|move|p1a: Tangrowth|Knock Off|p2a: Scizor
|-damage|p2a: Scizor|84/100
|-damage|p1a: Tangrowth|63/100|[from] item: Rocky Helmet|[of] p2a: Scizor
|-enditem|p2a: Scizor|Rocky Helmet|[from] move: Knock Off|[of] p1a: Tangrowth
|
|upkeep
|turn|2
|inactive|congelateur-sama has 270 seconds left.
|
|t:|1656843132
|move|p2a: Scizor|Knock Off|p1a: Tangrowth
|-damage|p1a: Tangrowth|51/100
|move|p1a: Tangrowth|Focus Blast|p2a: Scizor|[miss]
|-miss|p1a: Tangrowth|p2a: Scizor
|
|upkeep
|turn|3
|inactive|congelateur-sama has 270 seconds left.
|
|t:|1656843144
|move|p2a: Scizor|Swords Dance|p2a: Scizor
|-boost|p2a: Scizor|atk|2
|move|p1a: Tangrowth|Focus Blast|p2a: Scizor
|-damage|p2a: Scizor|49/100
|
|upkeep
|turn|4
|inactive|congelateur-sama has 270 seconds left.
|
|t:|1656843155
|switch|p1a: Hydreigon|Hydreigon, F|100/100
|move|p2a: Scizor|Roost|p2a: Scizor
|-heal|p2a: Scizor|99/100
|-singleturn|p2a: Scizor|move: Roost
|
|upkeep
|turn|5
|inactive|congelateur-sama has 270 seconds left.
|c|+dingbat|good morning!
|c|☆chlo|gm dingbat
|
|t:|1656843178
|switch|p2a: Chansey|Chansey, F|100/100
|move|p1a: Hydreigon|U-turn|p2a: Chansey
|-damage|p2a: Chansey|91/100
|inactive|congelateur-sama has 240 seconds left.
|
|t:|1656843226
|switch|p1a: Swampert|Swampert, F|100/100|[from]move: U-turn
|
|upkeep
|turn|6
|inactive|chlo has 270 seconds left.
|
|t:|1656843254
|switch|p2a: Slowking|Slowking, F|100/100
|move|p1a: Swampert|Flip Turn|p2a: Slowking
|-resisted|p2a: Slowking
|-damage|p2a: Slowking|92/100
|
|t:|1656843260
|switch|p1a: Chandelure|Chandelure, F|100/100|[from]move: Flip Turn
|
|upkeep
|turn|7
|inactive|chlo has 270 seconds left.
|inactive|congelateur-sama has 210 seconds left.
|
|t:|1656843301
|switch|p2a: Chansey|Chansey, F|91/100
|move|p1a: Chandelure|Shadow Ball|p2a: Chansey
|-immune|p2a: Chansey
|
|upkeep
|turn|8
|
|t:|1656843308
|switch|p1a: Hatterene|Hatterene, F|100/100
|move|p2a: Chansey|Teleport|p2a: Chansey
|inactive|chlo has 240 seconds left.
|
|t:|1656843336
|switch|p2a: Hippowdon|Hippowdon, M|100/100|[from]move: Teleport
|-weather|Sandstorm|[from] ability: Sand Stream|[of] p2a: Hippowdon
|
|-weather|Sandstorm|[upkeep]
|-damage|p1a: Hatterene|95/100|[from] Sandstorm
|-heal|p1a: Hatterene|100/100|[from] item: Leftovers
|upkeep
|turn|9
|
|t:|1656843354
|switch|p1a: Swampert|Swampert, F|100/100
|move|p2a: Hippowdon|Earthquake|p1a: Swampert
|-damage|p1a: Swampert|69/100
|
|-weather|Sandstorm|[upkeep]
|-heal|p1a: Swampert|75/100|[from] item: Leftovers
|upkeep
|turn|10
|inactive|chlo has 240 seconds left.
|
|t:|1656843374
|switch|p2a: Scizor|Scizor, F|99/100
|move|p1a: Swampert|Flip Turn|p2a: Scizor
|-damage|p2a: Scizor|83/100
|
|t:|1656843378
|switch|p1a: Chandelure|Chandelure, F|100/100|[from]move: Flip Turn
|
|-weather|Sandstorm|[upkeep]
|-damage|p1a: Chandelure|94/100|[from] Sandstorm
|upkeep
|turn|11
|
|t:|1656843384
|switch|p2a: Chansey|Chansey, F|91/100
|move|p1a: Chandelure|Trick|p2a: Chansey
|-activate|p1a: Chandelure|move: Trick|[of] p2a: Chansey
|-item|p2a: Chansey|Choice Specs|[from] move: Trick
|-item|p1a: Chandelure|Eviolite|[from] move: Trick
|
|-weather|Sandstorm|[upkeep]
|-damage|p1a: Chandelure|88/100|[from] Sandstorm
|-damage|p2a: Chansey|85/100|[from] Sandstorm
|upkeep
|turn|12
|inactive|chlo has 240 seconds left.
|
|t:|1656843396
|switch|p1a: Swampert|Swampert, F|75/100
|move|p2a: Chansey|Teleport|p2a: Chansey
|
|t:|1656843405
|switch|p2a: Scizor|Scizor, F|83/100|[from]move: Teleport
|
|-weather|none
|-heal|p1a: Swampert|81/100|[from] item: Leftovers
|upkeep
|turn|13
|inactive|chlo has 240 seconds left.
|
|t:|1656843419
|move|p2a: Scizor|Knock Off|p1a: Swampert
|-damage|p1a: Swampert|60/100
|-enditem|p1a: Swampert|Leftovers|[from] move: Knock Off|[of] p2a: Scizor
|move|p1a: Swampert|Stealth Rock|p2a: Scizor
|-sidestart|p2: chlo|move: Stealth Rock
|
|upkeep
|turn|14
|inactive|chlo has 240 seconds left.
|
|t:|1656843431
|move|p2a: Scizor|Knock Off|p1a: Swampert
|-damage|p1a: Swampert|44/100
|move|p1a: Swampert|Flip Turn|p2a: Scizor
|-damage|p2a: Scizor|66/100
|inactive|congelateur-sama has 240 seconds left.
|inactive|congelateur-sama has 210 seconds left.
|
|t:|1656843502
|switch|p1a: Cobalion|Cobalion|100/100|[from]move: Flip Turn
|
|upkeep
|turn|15
|inactive|chlo has 240 seconds left.
|
|t:|1656843519
|switch|p2a: Hippowdon|Hippowdon, M|100/100
|-damage|p2a: Hippowdon|94/100|[from] Stealth Rock
|-weather|Sandstorm|[from] ability: Sand Stream|[of] p2a: Hippowdon
|move|p1a: Cobalion|Swords Dance|p1a: Cobalion
|-boost|p1a: Cobalion|atk|2
|
|-weather|Sandstorm|[upkeep]
|-heal|p2a: Hippowdon|100/100|[from] item: Leftovers
|upkeep
|turn|16
|
|t:|1656843529
|move|p1a: Cobalion|Close Combat|p2a: Hippowdon
|-damage|p2a: Hippowdon|39/100
|-unboost|p1a: Cobalion|def|1
|-unboost|p1a: Cobalion|spd|1
|move|p2a: Hippowdon|Earthquake|p1a: Cobalion
|-supereffective|p1a: Cobalion
|-enditem|p1a: Cobalion|Shuca Berry|[eat]
|-enditem|p1a: Cobalion|Shuca Berry|[weaken]
|-damage|p1a: Cobalion|53/100
|
|-weather|Sandstorm|[upkeep]
|-heal|p2a: Hippowdon|45/100|[from] item: Leftovers
|upkeep
|turn|17
|inactive|congelateur-sama has 210 seconds left.
|inactive|chlo has 240 seconds left.
|inactive|chlo has 210 seconds left.
|
|t:|1656843574
|switch|p2a: Salamence|Salamence, M|100/100
|-ability|p2a: Salamence|Intimidate|boost
|-unboost|p1a: Cobalion|atk|1
|move|p1a: Cobalion|Stone Edge|p2a: Salamence
|-supereffective|p2a: Salamence
|-crit|p2a: Salamence
|-damage|p2a: Salamence|10/100
|
|-weather|Sandstorm|[upkeep]
|-damage|p2a: Salamence|4/100|[from] Sandstorm
|upkeep
|turn|18
|inactive|chlo has 210 seconds left.
|
|t:|1656843592
|move|p1a: Cobalion|Close Combat|p2a: Salamence
|-resisted|p2a: Salamence
|-damage|p2a: Salamence|0 fnt
|-unboost|p1a: Cobalion|def|1
|-unboost|p1a: Cobalion|spd|1
|faint|p2a: Salamence
|
|-weather|Sandstorm|[upkeep]
|upkeep
|
|t:|1656843596
|switch|p2a: Crobat|Crobat, F|100/100
|turn|19
|inactive|congelateur-sama has 180 seconds left.
|inactive|congelateur-sama has 150 seconds left.
|inactive|congelateur-sama has 120 seconds left.
|
|t:|1656843689
|switch|p1a: Swampert|Swampert, F|44/100
|move|p2a: Crobat|Brave Bird|p1a: Swampert
|-damage|p1a: Swampert|1/100
|-damage|p2a: Crobat|82/100|[from] Recoil
|
|-weather|none
|upkeep
|turn|20
|
|t:|1656843696
|move|p2a: Crobat|Brave Bird|p1a: Swampert
|-damage|p1a: Swampert|0 fnt
|faint|p1a: Swampert
|-damage|p2a: Crobat|82/100|[from] Recoil
|
|upkeep
|inactive|congelateur-sama has 90 seconds left.
|
|t:|1656843732
|switch|p1a: Chandelure|Chandelure, F|88/100
|turn|21
|inactive|congelateur-sama has 90 seconds left.
|
|t:|1656843750
|switch|p2a: Chansey|Chansey, F|85/100
|-damage|p2a: Chansey|72/100|[from] Stealth Rock
|move|p1a: Chandelure|Overheat|p2a: Chansey
|-damage|p2a: Chansey|37/100
|-unboost|p1a: Chandelure|spa|2
|
|upkeep
|turn|22
|
|t:|1656843764
|switch|p1a: Cobalion|Cobalion|53/100
|move|p2a: Chansey|Soft-Boiled|p2a: Chansey
|-heal|p2a: Chansey|87/100
|
|upkeep
|turn|23
|inactive|congelateur-sama has 90 seconds left.
|
|t:|1656843772
|switch|p2a: Slowking|Slowking, F|100/100
|-damage|p2a: Slowking|88/100|[from] Stealth Rock
|move|p1a: Cobalion|Swords Dance|p1a: Cobalion
|-boost|p1a: Cobalion|atk|2
|
|upkeep
|turn|24
|inactive|chlo has 210 seconds left.
|
|t:|1656843806
|switch|p2a: Scizor|Scizor, F|66/100
|-damage|p2a: Scizor|54/100|[from] Stealth Rock
|move|p1a: Cobalion|Megahorn|p2a: Scizor
|-resisted|p2a: Scizor
|-damage|p2a: Scizor|29/100
|
|upkeep
|turn|25
|
|t:|1656843822
|move|p2a: Scizor|Bullet Punch|p1a: Cobalion
|-resisted|p1a: Cobalion
|-damage|p1a: Cobalion|41/100
|move|p1a: Cobalion|Stone Edge|p2a: Scizor|[miss]
|-miss|p1a: Cobalion|p2a: Scizor
|
|upkeep
|turn|26
|
|t:|1656843829
|move|p2a: Scizor|Bullet Punch|p1a: Cobalion
|-resisted|p1a: Cobalion
|-damage|p1a: Cobalion|30/100
|move|p1a: Cobalion|Stone Edge|p2a: Scizor
|-damage|p2a: Scizor|0 fnt
|faint|p2a: Scizor
|
|upkeep
|
|t:|1656843834
|switch|p2a: Crobat|Crobat, F|82/100
|turn|27
|inactive|congelateur-sama has 90 seconds left.
|
|t:|1656843873
|switch|p1a: Hydreigon|Hydreigon, F|100/100
|move|p2a: Crobat|Brave Bird|p1a: Hydreigon
|-damage|p1a: Hydreigon|49/100
|-damage|p2a: Crobat|64/100|[from] Recoil
|
|upkeep
|turn|28
|inactive|congelateur-sama has 90 seconds left.
|inactive|chlo has 240 seconds left.
|
|t:|1656843895
|switch|p2a: Slowking|Slowking, F|100/100
|-damage|p2a: Slowking|88/100|[from] Stealth Rock
|move|p1a: Hydreigon|Draco Meteor|p2a: Slowking
|-damage|p2a: Slowking|38/100
|-unboost|p1a: Hydreigon|spa|2
|
|upkeep
|turn|29
|
|t:|1656843909
|switch|p1a: Chandelure|Chandelure, F|88/100
|move|p2a: Slowking|Teleport|p2a: Slowking
|
|t:|1656843915
|switch|p2a: Chansey|Chansey, F|87/100|[from]move: Teleport
|-damage|p2a: Chansey|74/100|[from] Stealth Rock
|
|upkeep
|turn|30
|inactive|congelateur-sama has 90 seconds left.
|inactive|chlo has 210 seconds left.
|
|t:|1656843954
|switch|p1a: Cobalion|Cobalion|30/100
|move|p2a: Chansey|Seismic Toss|p1a: Cobalion
|-damage|p1a: Cobalion|0 fnt
|faint|p1a: Cobalion
|
|upkeep
|
|t:|1656843956
|switch|p1a: Chandelure|Chandelure, F|88/100
|turn|31
|
|t:|1656843964
|move|p1a: Chandelure|Shadow Ball|p2a: Chansey
|-immune|p2a: Chansey
|move|p2a: Chansey|Seismic Toss|p1a: Chandelure
|-immune|p1a: Chandelure
|
|upkeep
|turn|32
|
|t:|1656843978
|move|p1a: Chandelure|Shadow Ball|p2a: Chansey
|-immune|p2a: Chansey
|move|p2a: Chansey|Seismic Toss|p1a: Chandelure
|-immune|p1a: Chandelure
|
|upkeep
|turn|33
|inactive|chlo has 210 seconds left.
|
|t:|1656844004
|move|p1a: Chandelure|Flamethrower|p2a: Chansey
|-damage|p2a: Chansey|52/100
|move|p2a: Chansey|Seismic Toss|p1a: Chandelure
|-immune|p1a: Chandelure
|
|upkeep
|turn|34
|
|t:|1656844007
|switch|p2a: Slowking|Slowking, F|71/100
|-damage|p2a: Slowking|59/100|[from] Stealth Rock
|move|p1a: Chandelure|Shadow Ball|p2a: Slowking
|-supereffective|p2a: Slowking
|-damage|p2a: Slowking|0 fnt
|faint|p2a: Slowking
|
|upkeep
|inactive|chlo has 210 seconds left.
|
|t:|1656844014
|switch|p2a: Crobat|Crobat, F|64/100
|turn|35
|inactive|congelateur-sama has 120 seconds left.
|
|t:|1656844032
|move|p2a: Crobat|U-turn|p1a: Chandelure
|-resisted|p1a: Chandelure
|-damage|p1a: Chandelure|82/100
|inactive|chlo has 210 seconds left.
|
|t:|1656844069
|switch|p2a: Hippowdon|Hippowdon, M|45/100|[from]move: U-turn
|-damage|p2a: Hippowdon|39/100|[from] Stealth Rock
|-weather|Sandstorm|[from] ability: Sand Stream|[of] p2a: Hippowdon
|move|p1a: Chandelure|Shadow Ball|p2a: Hippowdon
|-damage|p2a: Hippowdon|1/100
|
|-weather|Sandstorm|[upkeep]
|-damage|p1a: Chandelure|76/100|[from] Sandstorm
|-heal|p2a: Hippowdon|7/100|[from] item: Leftovers
|upkeep
|turn|36
|
|t:|1656844082
|move|p1a: Chandelure|Flamethrower|p2a: Hippowdon
|-damage|p2a: Hippowdon|0 fnt
|faint|p2a: Hippowdon
|
|-weather|Sandstorm|[upkeep]
|-damage|p1a: Chandelure|70/100|[from] Sandstorm
|upkeep
|
|t:|1656844085
|switch|p2a: Crobat|Crobat, F|64/100
|turn|37
|inactive|congelateur-sama has 120 seconds left.
|
|t:|1656844112
|move|p2a: Crobat|Brave Bird|p1a: Chandelure
|-damage|p1a: Chandelure|4/100
|-damage|p2a: Crobat|46/100|[from] Recoil
|move|p1a: Chandelure|Flamethrower|p2a: Crobat
|-damage|p2a: Crobat|0 fnt
|faint|p2a: Crobat
|
|-weather|Sandstorm|[upkeep]
|-damage|p1a: Chandelure|0 fnt|[from] Sandstorm
|faint|p1a: Chandelure
|upkeep
|c|☆congelateur-sama|gg
|inactive|chlo has 210 seconds left.
|c|☆chlo|gg
|-message|chlo forfeited.
|
|win|congelateur-sama
