|inactive|Battle timer is ON: inactive players will automatically lose when time's up.
|t:|1667269961
|gametype|singles
|player|p1|pokemonisfun|#uutrio2ladder|
|player|p2|Bhalal|clown|
|teamsize|p1|6
|teamsize|p2|6
|gen|8
|tier|[Gen 8] UU
|rule|Sleep Clause Mod: Limit one foe put to sleep
|rule|Species Clause: Limit one of each Pokémon
|rule|OHKO Clause: OHKO moves are banned
|rule|Evasion Items Clause: Evasion items are banned
|rule|Evasion Moves Clause: Evasion moves are banned
|rule|Endless Battle Clause: Forcing endless battles is banned
|rule|HP Percentage Mod: HP is shown in percentages
|rule|Dynamax Clause: You cannot dynamax
|clearpoke
|poke|p1|Toxtricity, M|
|poke|p1|Sylveon, F|
|poke|p1|Scizor, M|
|poke|p1|Hippowdon, F|
|poke|p1|Rotom-Wash|
|poke|p1|Milotic, F|
|poke|p2|Necrozma|
|poke|p2|Zygarde-10%|
|poke|p2|Primarina, F|
|poke|p2|Chansey, F|
|poke|p2|Moltres|
|poke|p2|Conkeldurr, F|
|teampreview
|c|☆Bhalal|gl hf !
|c|☆pokemonisfun|glhf
|
|t:|1667269990
|start
|switch|p1a: punchy wunchy|Scizor, M|100/100
|switch|p2a: Primarina|Primarina, F|100/100
|turn|1
|inactive|pokemonisfun has 270 seconds left.
|
|t:|1667270025
|switch|p1a: smekky snek|Milotic, F|100/100
|switch|p2a: Moltres|Moltres|100/100
|
|upkeep
|turn|2
|
|t:|1667270034
|switch|p2a: Chansey|Chansey, F|100/100
|move|p1a: smekky snek|Toxic|p2a: Chansey
|-status|p2a: Chansey|tox
|
|-damage|p2a: Chansey|94/100 tox|[from] psn
|upkeep
|turn|3
|
|t:|1667270049
|switch|p1a: punchy wunchy|Scizor, M|100/100
|move|p2a: Chansey|Stealth Rock|p1a: punchy wunchy
|-sidestart|p1: pokemonisfun|move: Stealth Rock
|
|-damage|p2a: Chansey|82/100 tox|[from] psn
|upkeep
|turn|4
|
|t:|1667270053
|-curestatus|p2a: Chansey|tox|[from] ability: Natural Cure
|switch|p2a: Moltres|Moltres|100/100
|move|p1a: punchy wunchy|Knock Off|p2a: Moltres
|-damage|p2a: Moltres|62/100
|-enditem|p2a: Moltres|Heavy-Duty Boots|[from] move: Knock Off|[of] p1a: punchy wunchy
|
|upkeep
|turn|5
|
|t:|1667270067
|switch|p2a: Conkeldurr|Conkeldurr, F|100/100
|switch|p1a: kitty katty|Sylveon, F|100/100
|-damage|p1a: kitty katty|88/100|[from] Stealth Rock
|
|-heal|p1a: kitty katty|94/100|[from] item: Leftovers
|-status|p2a: Conkeldurr|brn|[from] item: Flame Orb
|upkeep
|turn|6
|
|t:|1667270075
|switch|p2a: Chansey|Chansey, F|82/100
|move|p1a: kitty katty|Hyper Voice|p2a: Chansey
|-damage|p2a: Chansey|69/100
|
|-heal|p1a: kitty katty|99/100|[from] item: Leftovers
|upkeep
|turn|7
|
|t:|1667270093
|switch|p1a: hip(pos) dont lie|Hippowdon, F|100/100
|-damage|p1a: hip(pos) dont lie|94/100|[from] Stealth Rock
|-weather|Sandstorm|[from] ability: Sand Stream|[of] p1a: hip(pos) dont lie
|switch|p2a: Moltres|Moltres|62/100
|
|-weather|Sandstorm|[upkeep]
|-damage|p2a: Moltres|56/100|[from] Sandstorm
|upkeep
|turn|8
|
|t:|1667270107
|move|p2a: Moltres|Roost|p2a: Moltres
|-heal|p2a: Moltres|100/100
|-singleturn|p2a: Moltres|move: Roost
|move|p1a: hip(pos) dont lie|Slack Off|p1a: hip(pos) dont lie
|-heal|p1a: hip(pos) dont lie|100/100
|
|-weather|Sandstorm|[upkeep]
|-damage|p2a: Moltres|94/100|[from] Sandstorm
|upkeep
|turn|9
|
|t:|1667270116
|move|p2a: Moltres|Hurricane|p1a: hip(pos) dont lie
|-damage|p1a: hip(pos) dont lie|53/100
|move|p1a: hip(pos) dont lie|Stealth Rock|p2a: Moltres
|-sidestart|p2: Bhalal|move: Stealth Rock
|
|-weather|Sandstorm|[upkeep]
|-damage|p2a: Moltres|88/100|[from] Sandstorm
|upkeep
|turn|10
|
|t:|1667270128
|move|p2a: Moltres|Defog|p1a: hip(pos) dont lie
|-unboost|p1a: hip(pos) dont lie|evasion|1
|-sideend|p1: pokemonisfun|Stealth Rock|[from] move: Defog|[of] p2a: Moltres
|-sideend|p2: Bhalal|Stealth Rock|[from] move: Defog|[of] p2a: Moltres
|move|p1a: hip(pos) dont lie|Slack Off|p1a: hip(pos) dont lie
|-heal|p1a: hip(pos) dont lie|100/100
|
|-weather|Sandstorm|[upkeep]
|-damage|p2a: Moltres|82/100|[from] Sandstorm
|upkeep
|turn|11
|
|t:|1667270140
|switch|p1a: kitty katty|Sylveon, F|99/100
|move|p2a: Moltres|Hurricane|p1a: kitty katty|[miss]
|-miss|p2a: Moltres|p1a: kitty katty
|
|-weather|none
|-heal|p1a: kitty katty|100/100|[from] item: Leftovers
|upkeep
|turn|12
|
|t:|1667270165
|switch|p1a: hip(pos) dont lie|Hippowdon, F|100/100
|-weather|Sandstorm|[from] ability: Sand Stream|[of] p1a: hip(pos) dont lie
|move|p2a: Moltres|Hurricane|p1a: hip(pos) dont lie|[miss]
|-miss|p2a: Moltres|p1a: hip(pos) dont lie
|
|-weather|Sandstorm|[upkeep]
|-damage|p2a: Moltres|76/100|[from] Sandstorm
|upkeep
|turn|13
|
|t:|1667270182
|switch|p1a: wishy washy|Rotom-Wash|100/100
|move|p2a: Moltres|Hurricane|p1a: wishy washy
|-resisted|p1a: wishy washy
|-damage|p1a: wishy washy|68/100
|
|-weather|Sandstorm|[upkeep]
|-damage|p1a: wishy washy|62/100|[from] Sandstorm
|-damage|p2a: Moltres|69/100|[from] Sandstorm
|upkeep
|turn|14
|
|t:|1667270188
|switch|p2a: Chansey|Chansey, F|69/100
|move|p1a: wishy washy|Volt Switch|p2a: Chansey
|-damage|p2a: Chansey|60/100
|
|t:|1667270193
|switch|p1a: hip(pos) dont lie|Hippowdon, F|100/100|[from]move: Volt Switch
|
|-weather|Sandstorm|[upkeep]
|-damage|p2a: Chansey|54/100|[from] Sandstorm
|upkeep
|turn|15
|
|t:|1667270199
|switch|p2a: Moltres|Moltres|69/100
|move|p1a: hip(pos) dont lie|Stealth Rock|p2a: Moltres
|-sidestart|p2: Bhalal|move: Stealth Rock
|
|-weather|Sandstorm|[upkeep]
|-damage|p2a: Moltres|63/100|[from] Sandstorm
|upkeep
|turn|16
|
|t:|1667270202
|move|p2a: Moltres|Defog|p1a: hip(pos) dont lie
|-unboost|p1a: hip(pos) dont lie|evasion|1
|-sideend|p2: Bhalal|Stealth Rock|[from] move: Defog|[of] p2a: Moltres
|move|p1a: hip(pos) dont lie|Toxic|p2a: Moltres
|-status|p2a: Moltres|tox
|
|-weather|none
|-damage|p2a: Moltres|57/100 tox|[from] psn
|upkeep
|turn|17
|
|t:|1667270214
|switch|p2a: Primarina|Primarina, F|100/100
|move|p1a: hip(pos) dont lie|Stealth Rock|p2a: Primarina
|-sidestart|p2: Bhalal|move: Stealth Rock
|
|upkeep
|turn|18
|
|t:|1667270224
|switch|p1a: smekky snek|Milotic, F|100/100
|move|p2a: Primarina|Scald|p1a: smekky snek
|-resisted|p1a: smekky snek
|-damage|p1a: smekky snek|90/100
|
|upkeep
|turn|19
|
|t:|1667270232
|switch|p2a: Conkeldurr|Conkeldurr, F|100/100 brn
|-damage|p2a: Conkeldurr|95/100 brn|[from] Stealth Rock
|move|p1a: smekky snek|Toxic||[still]
|-fail|p1a: smekky snek
|
|-damage|p2a: Conkeldurr|89/100 brn|[from] brn
|upkeep
|turn|20
|inactive|pokemonisfun has 270 seconds left.
|
|t:|1667270265
|switch|p1a: hip(pos) dont lie|Hippowdon, F|100/100
|-weather|Sandstorm|[from] ability: Sand Stream|[of] p1a: hip(pos) dont lie
|move|p2a: Conkeldurr|Facade|p1a: hip(pos) dont lie
|-damage|p1a: hip(pos) dont lie|54/100
|-damage|p2a: Conkeldurr|72/100 brn|[from] item: Rocky Helmet|[of] p1a: hip(pos) dont lie
|
|-weather|Sandstorm|[upkeep]
|-damage|p2a: Conkeldurr|66/100 brn|[from] Sandstorm
|-damage|p2a: Conkeldurr|60/100 brn|[from] brn
|upkeep
|turn|21
|inactive|pokemonisfun has 270 seconds left.
|
|t:|1667270277
|move|p2a: Conkeldurr|Drain Punch|p1a: hip(pos) dont lie
|-damage|p1a: hip(pos) dont lie|13/100
|-heal|p2a: Conkeldurr|84/100 brn|[from] drain|[of] p1a: hip(pos) dont lie
|-damage|p2a: Conkeldurr|68/100 brn|[from] item: Rocky Helmet|[of] p1a: hip(pos) dont lie
|move|p1a: hip(pos) dont lie|Slack Off|p1a: hip(pos) dont lie
|-heal|p1a: hip(pos) dont lie|63/100
|
|-weather|Sandstorm|[upkeep]
|-damage|p2a: Conkeldurr|62/100 brn|[from] Sandstorm
|-damage|p2a: Conkeldurr|56/100 brn|[from] brn
|upkeep
|turn|22
|
|t:|1667270284
|move|p2a: Conkeldurr|Drain Punch|p1a: hip(pos) dont lie
|-damage|p1a: hip(pos) dont lie|26/100
|-heal|p2a: Conkeldurr|78/100 brn|[from] drain|[of] p1a: hip(pos) dont lie
|-damage|p2a: Conkeldurr|62/100 brn|[from] item: Rocky Helmet|[of] p1a: hip(pos) dont lie
|move|p1a: hip(pos) dont lie|Slack Off|p1a: hip(pos) dont lie
|-heal|p1a: hip(pos) dont lie|76/100
|
|-weather|Sandstorm|[upkeep]
|-damage|p2a: Conkeldurr|56/100 brn|[from] Sandstorm
|-damage|p2a: Conkeldurr|50/100 brn|[from] brn
|upkeep
|turn|23
|
|t:|1667270305
|switch|p2a: Primarina|Primarina, F|100/100
|-damage|p2a: Primarina|88/100|[from] Stealth Rock
|move|p1a: hip(pos) dont lie|Slack Off|p1a: hip(pos) dont lie
|-heal|p1a: hip(pos) dont lie|100/100
|
|-weather|Sandstorm|[upkeep]
|-damage|p2a: Primarina|82/100|[from] Sandstorm
|-heal|p2a: Primarina|88/100|[from] item: Leftovers
|upkeep
|turn|24
|
|t:|1667270320
|switch|p2a: Chansey|Chansey, F|54/100
|-damage|p2a: Chansey|42/100|[from] Stealth Rock
|switch|p1a: smekky snek|Milotic, F|90/100
|
|-weather|none
|upkeep
|turn|25
|
|t:|1667270324
|switch|p1a: punchy wunchy|Scizor, M|100/100
|move|p2a: Chansey|Soft-Boiled|p2a: Chansey
|-heal|p2a: Chansey|92/100
|
|upkeep
|turn|26
|
|t:|1667270327
|switch|p2a: Moltres|Moltres|57/100 tox
|-damage|p2a: Moltres|7/100 tox|[from] Stealth Rock
|move|p1a: punchy wunchy|Knock Off|p2a: Moltres
|-damage|p2a: Moltres|0 fnt
|faint|p2a: Moltres
|
|upkeep
|
|t:|1667270336
|switch|p2a: Conkeldurr|Conkeldurr, F|50/100 brn
|-damage|p2a: Conkeldurr|44/100 brn|[from] Stealth Rock
|turn|27
|
|t:|1667270364
|switch|p2a: Primarina|Primarina, F|88/100
|-damage|p2a: Primarina|76/100|[from] Stealth Rock
|switch|p1a: hip(pos) dont lie|Hippowdon, F|100/100
|-weather|Sandstorm|[from] ability: Sand Stream|[of] p1a: hip(pos) dont lie
|
|-weather|Sandstorm|[upkeep]
|-damage|p2a: Primarina|70/100|[from] Sandstorm
|-heal|p2a: Primarina|76/100|[from] item: Leftovers
|upkeep
|turn|28
|
|t:|1667270379
|switch|p1a: smekky snek|Milotic, F|90/100
|move|p2a: Primarina|Scald|p1a: smekky snek
|-resisted|p1a: smekky snek
|-damage|p1a: smekky snek|79/100
|
|-weather|Sandstorm|[upkeep]
|-damage|p1a: smekky snek|73/100|[from] Sandstorm
|-damage|p2a: Primarina|70/100|[from] Sandstorm
|-heal|p2a: Primarina|76/100|[from] item: Leftovers
|upkeep
|turn|29
|inactive|pokemonisfun has 270 seconds left.
|
|t:|1667270416
|move|p1a: smekky snek|Recover|p1a: smekky snek
|-heal|p1a: smekky snek|100/100
|move|p2a: Primarina|Moonblast|p1a: smekky snek
|-crit|p1a: smekky snek
|-damage|p1a: smekky snek|64/100
|
|-weather|Sandstorm|[upkeep]
|-damage|p1a: smekky snek|58/100|[from] Sandstorm
|-damage|p2a: Primarina|70/100|[from] Sandstorm
|-heal|p2a: Primarina|76/100|[from] item: Leftovers
|upkeep
|turn|30
|inactive|Bhalal has 270 seconds left.
|
|t:|1667270443
|switch|p2a: Necrozma|Necrozma|100/100
|-damage|p2a: Necrozma|88/100|[from] Stealth Rock
|move|p1a: smekky snek|Recover|p1a: smekky snek
|-heal|p1a: smekky snek|100/100
|
|-weather|Sandstorm|[upkeep]
|-damage|p2a: Necrozma|82/100|[from] Sandstorm
|-damage|p1a: smekky snek|94/100|[from] Sandstorm
|upkeep
|turn|31
|
|t:|1667270455
|move|p2a: Necrozma|Dragon Dance|p2a: Necrozma
|-boost|p2a: Necrozma|atk|1
|-boost|p2a: Necrozma|spe|1
|move|p1a: smekky snek|Haze|p1a: smekky snek
|-clearallboost
|
|-weather|none
|upkeep
|turn|32
|
|t:|1667270462
|switch|p1a: hip(pos) dont lie|Hippowdon, F|100/100
|-weather|Sandstorm|[from] ability: Sand Stream|[of] p1a: hip(pos) dont lie
|move|p2a: Necrozma|Photon Geyser|p1a: hip(pos) dont lie
|-damage|p1a: hip(pos) dont lie|71/100
|
|-weather|Sandstorm|[upkeep]
|-damage|p2a: Necrozma|76/100|[from] Sandstorm
|upkeep
|turn|33
|
|t:|1667270473
|switch|p2a: Primarina|Primarina, F|76/100
|-damage|p2a: Primarina|63/100|[from] Stealth Rock
|move|p1a: hip(pos) dont lie|Earthquake|p2a: Primarina
|-damage|p2a: Primarina|26/100
|
|-weather|Sandstorm|[upkeep]
|-damage|p2a: Primarina|20/100|[from] Sandstorm
|-heal|p2a: Primarina|26/100|[from] item: Leftovers
|upkeep
|turn|34
|
|t:|1667270484
|switch|p1a: funky punky|Toxtricity, M|100/100
|move|p2a: Primarina|Rest|p2a: Primarina
|-status|p2a: Primarina|slp|[from] move: Rest
|-heal|p2a: Primarina|100/100 slp|[silent]
|
|-weather|Sandstorm|[upkeep]
|-damage|p1a: funky punky|94/100|[from] Sandstorm
|-damage|p2a: Primarina|94/100 slp|[from] Sandstorm
|-heal|p2a: Primarina|100/100 slp|[from] item: Leftovers
|upkeep
|turn|35
|
|t:|1667270493
|switch|p2a: Chansey|Chansey, F|92/100
|-damage|p2a: Chansey|79/100|[from] Stealth Rock
|move|p1a: funky punky|Boomburst|p2a: Chansey
|-damage|p2a: Chansey|49/100
|
|-weather|Sandstorm|[upkeep]
|-damage|p1a: funky punky|88/100|[from] Sandstorm
|-damage|p2a: Chansey|43/100|[from] Sandstorm
|upkeep
|turn|36
|
|t:|1667270502
|switch|p1a: punchy wunchy|Scizor, M|100/100
|move|p2a: Chansey|Soft-Boiled|p2a: Chansey
|-heal|p2a: Chansey|93/100
|
|-weather|none
|upkeep
|turn|37
|
|t:|1667270525
|switch|p2a: Primarina|Primarina, F|100/100 slp
|-damage|p2a: Primarina|88/100 slp|[from] Stealth Rock
|move|p1a: punchy wunchy|Knock Off|p2a: Primarina
|-resisted|p2a: Primarina
|-damage|p2a: Primarina|72/100 slp
|-enditem|p2a: Primarina|Leftovers|[from] move: Knock Off|[of] p1a: punchy wunchy
|
|upkeep
|turn|38
|
|t:|1667270543
|move|p1a: punchy wunchy|U-turn|p2a: Primarina
|-resisted|p2a: Primarina
|-damage|p2a: Primarina|56/100 slp
|
|t:|1667270557
|switch|p1a: kitty katty|Sylveon, F|100/100|[from]move: U-turn
|cant|p2a: Primarina|slp
|move|p2a: Primarina|Sleep Talk|p2a: Primarina
|move|p2a: Primarina|Moonblast|p1a: kitty katty|[from]move: Sleep Talk
|-damage|p1a: kitty katty|79/100
|
|-heal|p1a: kitty katty|85/100|[from] item: Leftovers
|upkeep
|turn|39
|inactive|Bhalal has 270 seconds left.
|inactive|Bhalal has 240 seconds left.
|
|t:|1667270610
|move|p1a: kitty katty|Hyper Voice|p2a: Primarina
|-damage|p2a: Primarina|31/100 slp
|cant|p2a: Primarina|slp
|move|p2a: Primarina|Sleep Talk|p2a: Primarina
|move|p2a: Primarina|Moonblast|p1a: kitty katty|[from]move: Sleep Talk
|-damage|p1a: kitty katty|61/100
|
|-heal|p1a: kitty katty|67/100|[from] item: Leftovers
|upkeep
|turn|40
|inactive|Bhalal has 240 seconds left.
|
|t:|1667270620
|move|p1a: kitty katty|Wish|p1a: kitty katty
|-curestatus|p2a: Primarina|slp|[msg]
|move|p2a: Primarina|Rest|p2a: Primarina
|-status|p2a: Primarina|slp|[from] move: Rest
|-heal|p2a: Primarina|100/100 slp|[silent]
|
|-heal|p1a: kitty katty|73/100|[from] item: Leftovers
|upkeep
|turn|41
|
|t:|1667270629
|switch|p2a: Necrozma|Necrozma|76/100
|-damage|p2a: Necrozma|64/100|[from] Stealth Rock
|move|p1a: kitty katty|Hyper Voice|p2a: Necrozma
|-damage|p2a: Necrozma|16/100
|
|-heal|p1a: kitty katty|100/100|[from] move: Wish|[wisher] kitty katty
|upkeep
|turn|42
|inactive|Bhalal has 240 seconds left.
|
|t:|1667270653
|move|p2a: Necrozma|Photon Geyser|p1a: kitty katty
|-damage|p1a: kitty katty|52/100
|move|p1a: kitty katty|Hyper Voice|p2a: Necrozma
|-damage|p2a: Necrozma|0 fnt
|faint|p2a: Necrozma
|
|-heal|p1a: kitty katty|59/100|[from] item: Leftovers
|upkeep
|
|t:|1667270662
|switch|p2a: Zygarde|Zygarde-10%|100/100
|-damage|p2a: Zygarde|94/100|[from] Stealth Rock
|-ability|p2a: Zygarde|Aura Break
|turn|43
|
|t:|1667270664
|move|p1a: kitty katty|Protect|p1a: kitty katty
|-singleturn|p1a: kitty katty|Protect
|move|p2a: Zygarde|Thousand Arrows|p1a: kitty katty
|-activate|p1a: kitty katty|move: Protect
|
|-heal|p1a: kitty katty|65/100|[from] item: Leftovers
|upkeep
|turn|44
|inactive|Bhalal has 240 seconds left.
|
|t:|1667270683
|move|p2a: Zygarde|Thousand Arrows|p1a: kitty katty
|-damage|p1a: kitty katty|8/100
|move|p1a: kitty katty|Hyper Voice|p2a: Zygarde
|-supereffective|p2a: Zygarde
|-damage|p2a: Zygarde|0 fnt
|faint|p2a: Zygarde
|
|-heal|p1a: kitty katty|14/100|[from] item: Leftovers
|upkeep
|inactive|Bhalal has 240 seconds left.
|c|☆Bhalal|yea gg 
|
|t:|1667270697
|switch|p2a: Chansey|Chansey, F|93/100
|-damage|p2a: Chansey|81/100|[from] Stealth Rock
|turn|45
|inactive|Bhalal has 240 seconds left.
|
|t:|1667270705
|switch|p1a: punchy wunchy|Scizor, M|100/100
|move|p2a: Chansey|Seismic Toss|p1a: punchy wunchy
|-damage|p1a: punchy wunchy|71/100
|
|upkeep
|turn|46
|c|☆pokemonisfun|gg
|
|t:|1667270711
|switch|p2a: Primarina|Primarina, F|100/100 slp
|-damage|p2a: Primarina|88/100 slp|[from] Stealth Rock
|move|p1a: punchy wunchy|Bullet Punch|p2a: Primarina
|-damage|p2a: Primarina|58/100 slp
|
|upkeep
|turn|47
|
|t:|1667270717
|move|p1a: punchy wunchy|U-turn|p2a: Primarina
|-resisted|p2a: Primarina
|-damage|p2a: Primarina|40/100 slp
|
|t:|1667270722
|switch|p1a: wishy washy|Rotom-Wash|62/100|[from]move: U-turn
|cant|p2a: Primarina|slp
|move|p2a: Primarina|Sleep Talk|p2a: Primarina
|move|p2a: Primarina|Scald|p1a: wishy washy|[from]move: Sleep Talk
|-resisted|p1a: wishy washy
|-damage|p1a: wishy washy|43/100
|
|upkeep
|turn|48
|
|t:|1667270729
|switch|p2a: Chansey|Chansey, F|81/100
|-damage|p2a: Chansey|68/100|[from] Stealth Rock
|move|p1a: wishy washy|Volt Switch|p2a: Chansey
|-damage|p2a: Chansey|60/100
|
|t:|1667270731
|switch|p1a: punchy wunchy|Scizor, M|71/100|[from]move: Volt Switch
|
|upkeep
|turn|49
|inactive|Bhalal has 270 seconds left.
|
|t:|1667270743
|move|p1a: punchy wunchy|Knock Off|p2a: Chansey
|-damage|p2a: Chansey|41/100
|-enditem|p2a: Chansey|Eviolite|[from] move: Knock Off|[of] p1a: punchy wunchy
|move|p2a: Chansey|Soft-Boiled|p2a: Chansey
|-heal|p2a: Chansey|91/100
|
|upkeep
|turn|50
|
|t:|1667270745
|move|p1a: punchy wunchy|U-turn|p2a: Chansey
|-damage|p2a: Chansey|59/100
|
|t:|1667270749
|switch|p1a: wishy washy|Rotom-Wash|43/100|[from]move: U-turn
|move|p2a: Chansey|Seismic Toss|p1a: wishy washy
|-damage|p1a: wishy washy|6/100
|
|upkeep
|turn|51
|
|t:|1667270757
|move|p1a: wishy washy|Trick|p2a: Chansey
|-activate|p1a: wishy washy|move: Trick|[of] p2a: Chansey
|-item|p2a: Chansey|Choice Scarf|[from] move: Trick
|-enditem|p1a: wishy washy|Choice Scarf|[silent]|[from] move: Trick
|move|p2a: Chansey|Seismic Toss|p1a: wishy washy
|-damage|p1a: wishy washy|0 fnt
|faint|p1a: wishy washy
|
|upkeep
|
|t:|1667270764
|switch|p1a: punchy wunchy|Scizor, M|71/100
|turn|52
|
|t:|1667270771
|move|p1a: punchy wunchy|Bullet Punch|p2a: Chansey
|-damage|p2a: Chansey|29/100
|move|p2a: Chansey|Seismic Toss|p1a: punchy wunchy
|-damage|p1a: punchy wunchy|42/100
|
|upkeep
|turn|53
|
|t:|1667270778
|move|p2a: Chansey|Seismic Toss|p1a: punchy wunchy
|-damage|p1a: punchy wunchy|13/100
|move|p1a: punchy wunchy|Roost|p1a: punchy wunchy
|-heal|p1a: punchy wunchy|63/100
|-singleturn|p1a: punchy wunchy|move: Roost
|
|upkeep
|turn|54
|
|t:|1667270783
|switch|p2a: Conkeldurr|Conkeldurr, F|44/100 brn
|-damage|p2a: Conkeldurr|38/100 brn|[from] Stealth Rock
|move|p1a: punchy wunchy|Roost|p1a: punchy wunchy
|-heal|p1a: punchy wunchy|100/100
|-singleturn|p1a: punchy wunchy|move: Roost
|
|-damage|p2a: Conkeldurr|32/100 brn|[from] brn
|upkeep
|turn|55
|
|t:|1667270786
|move|p1a: punchy wunchy|Bullet Punch|p2a: Conkeldurr
|-damage|p2a: Conkeldurr|4/100 brn
|move|p2a: Conkeldurr|Drain Punch|p1a: punchy wunchy
|-damage|p1a: punchy wunchy|48/100
|-heal|p2a: Conkeldurr|30/100 brn|[from] drain|[of] p1a: punchy wunchy
|
|-damage|p2a: Conkeldurr|24/100 brn|[from] brn
|upkeep
|turn|56
|
|t:|1667270792
|move|p1a: punchy wunchy|Bullet Punch|p2a: Conkeldurr
|-damage|p2a: Conkeldurr|0 fnt
|faint|p2a: Conkeldurr
|
|upkeep
|
|t:|1667270795
|switch|p2a: Primarina|Primarina, F|40/100 slp
|-damage|p2a: Primarina|28/100 slp|[from] Stealth Rock
|turn|57
|
|t:|1667270797
|move|p1a: punchy wunchy|Bullet Punch|p2a: Primarina
|-damage|p2a: Primarina|0 fnt
|faint|p2a: Primarina
|
|upkeep
|
|t:|1667270800
|switch|p2a: Chansey|Chansey, F|29/100
|-damage|p2a: Chansey|17/100|[from] Stealth Rock
|turn|58
|
|t:|1667270801
|move|p1a: punchy wunchy|Bullet Punch|p2a: Chansey
|-damage|p2a: Chansey|0 fnt
|faint|p2a: Chansey
|
|win|pokemonisfun
|c|☆pokemonisfun|ggs
|c|☆Bhalal|ggs !
