|inactive|Battle timer is ON: inactive players will automatically lose when time's up.
|t:|1657979572
|gametype|singles
|player|p1|Amane Misa|#amanemisa|
|player|p2|umbry ✿|picnicker|
|teamsize|p1|6
|teamsize|p2|6
|gen|8
|tier|[Gen 8] UU
|rule|Sleep Clause Mod: Limit one foe put to sleep
|rule|Species Clause: Limit one of each Pokémon
|rule|OHKO Clause: OHKO moves are banned
|rule|Evasion Moves Clause: Evasion moves are banned
|rule|Endless Battle Clause: Forcing endless battles is banned
|rule|HP Percentage Mod: HP is shown in percentages
|rule|Dynamax Clause: You cannot dynamax
|clearpoke
|poke|p1|Skarmory, M|
|poke|p1|Zygarde-10%|
|poke|p1|Chansey, F|
|poke|p1|Scizor, M|
|poke|p1|Rotom-Wash|
|poke|p1|Amoonguss, M|
|poke|p2|Rhyperior, M|
|poke|p2|Rotom-Wash|
|poke|p2|Slowbro-Galar, M|
|poke|p2|Tangrowth, M|
|poke|p2|Crobat, M|
|poke|p2|Cobalion|
|teampreview
|c|☆Amane Misa|hf
|c|☆umbry ✿|you too
|inactive|Amane Misa has 270 seconds left.
|inactive|umbry ✿ has 270 seconds left.
|inactive|Amane Misa has 240 seconds left.
|inactive|Amane Misa has 210 seconds left.
|
|t:|1657979681
|start
|switch|p1a: Wotom-Rash|Rotom-Wash|100/100
|switch|p2a: Tangrowth|Tangrowth, M|100/100
|turn|1
|
|t:|1657979691
|move|p1a: Wotom-Rash|Volt Switch|p2a: Tangrowth
|-resisted|p2a: Tangrowth
|-damage|p2a: Tangrowth|92/100
|
|t:|1657979702
|switch|p1a: Agoonmuss|Amoonguss, M|100/100|[from]move: Volt Switch
|move|p2a: Tangrowth|Knock Off|p1a: Agoonmuss
|-damage|p1a: Agoonmuss|85/100
|-damage|p2a: Tangrowth|75/100|[from] item: Rocky Helmet|[of] p1a: Agoonmuss
|-enditem|p1a: Agoonmuss|Rocky Helmet|[from] move: Knock Off|[of] p2a: Tangrowth
|
|upkeep
|turn|2
|c|+pinorska|lgi umbry
|inactive|umbry ✿ has 270 seconds left.
|
|t:|1657979745
|move|p2a: Tangrowth|Knock Off|p1a: Agoonmuss
|-damage|p1a: Agoonmuss|73/100
|move|p1a: Agoonmuss|Spore|p2a: Tangrowth
|-immune|p2a: Tangrowth
|
|upkeep
|turn|3
|
|t:|1657979750
|move|p2a: Tangrowth|Sludge Bomb|p1a: Agoonmuss
|-damage|p1a: Agoonmuss|53/100
|move|p1a: Agoonmuss|Spore|p2a: Tangrowth
|-immune|p2a: Tangrowth
|
|upkeep
|turn|4
|inactive|umbry ✿ has 270 seconds left.
|
|t:|1657979756
|switch|p2a: Rhyperior|Rhyperior, M|100/100
|move|p1a: Agoonmuss|Spore|p2a: Rhyperior
|-status|p2a: Rhyperior|slp|[from] move: Spore
|
|upkeep
|turn|5
|inactive|umbry ✿ has 270 seconds left.
|
|t:|1657979774
|switch|p2a: Crobat|Crobat, M|100/100
|switch|p1a: Skormary|Skarmory, M|100/100
|
|upkeep
|turn|6
|
|t:|1657979779
|switch|p1a: Ziscor|Scizor, M|100/100
|move|p2a: Crobat|Taunt|p1a: Ziscor
|-start|p1a: Ziscor|move: Taunt
|
|upkeep
|turn|7
|
|t:|1657979791
|switch|p1a: Wotom-Rash|Rotom-Wash|100/100
|move|p2a: Crobat|U-turn|p1a: Wotom-Rash
|-damage|p1a: Wotom-Rash|82/100
|
|t:|1657979798
|switch|p2a: Rotom|Rotom-Wash|100/100|[from]move: U-turn
|
|-heal|p1a: Wotom-Rash|88/100|[from] item: Leftovers
|upkeep
|turn|8
|
|t:|1657979800
|switch|p1a: Agoonmuss|Amoonguss, M|86/100
|move|p2a: Rotom|Will-O-Wisp|p1a: Agoonmuss
|-status|p1a: Agoonmuss|brn
|
|-damage|p1a: Agoonmuss|80/100 brn|[from] brn
|upkeep
|turn|9
|
|t:|1657979810
|move|p2a: Rotom|Volt Switch|p1a: Agoonmuss
|-resisted|p1a: Agoonmuss
|-damage|p1a: Agoonmuss|69/100 brn
|
|t:|1657979813
|switch|p2a: Slowbro|Slowbro-Galar, M|100/100|[from]move: Volt Switch
|move|p1a: Agoonmuss|Foul Play|p2a: Slowbro
|-supereffective|p2a: Slowbro
|-enditem|p2a: Slowbro|Colbur Berry|[eat]
|-enditem|p2a: Slowbro|Colbur Berry|[weaken]
|-damage|p2a: Slowbro|95/100
|
|-damage|p1a: Agoonmuss|63/100 brn|[from] brn
|upkeep
|turn|10
|
|t:|1657979817
|switch|p1a: Sanchey|Chansey, F|100/100
|move|p2a: Slowbro|Calm Mind|p2a: Slowbro
|-boost|p2a: Slowbro|spa|1
|-boost|p2a: Slowbro|spd|1
|
|upkeep
|turn|11
|
|t:|1657979821
|move|p1a: Sanchey|Seismic Toss|p2a: Slowbro
|-damage|p2a: Slowbro|70/100
|move|p2a: Slowbro|Calm Mind|p2a: Slowbro
|-boost|p2a: Slowbro|spa|1
|-boost|p2a: Slowbro|spd|1
|
|upkeep
|turn|12
|
|t:|1657979825
|move|p1a: Sanchey|Seismic Toss|p2a: Slowbro
|-damage|p2a: Slowbro|44/100
|move|p2a: Slowbro|Slack Off|p2a: Slowbro
|-heal|p2a: Slowbro|94/100
|
|upkeep
|turn|13
|
|t:|1657979830
|move|p1a: Sanchey|Seismic Toss|p2a: Slowbro
|-damage|p2a: Slowbro|69/100
|move|p2a: Slowbro|Calm Mind|p2a: Slowbro
|-boost|p2a: Slowbro|spa|1
|-boost|p2a: Slowbro|spd|1
|
|upkeep
|turn|14
|
|t:|1657979833
|move|p1a: Sanchey|Seismic Toss|p2a: Slowbro
|-damage|p2a: Slowbro|43/100
|move|p2a: Slowbro|Slack Off|p2a: Slowbro
|-heal|p2a: Slowbro|93/100
|
|upkeep
|turn|15
|
|t:|1657979851
|move|p1a: Sanchey|Seismic Toss|p2a: Slowbro
|-damage|p2a: Slowbro|68/100
|move|p2a: Slowbro|Sludge Bomb|p1a: Sanchey
|-damage|p1a: Sanchey|77/100
|
|upkeep
|turn|16
|
|t:|1657979855
|switch|p1a: Dygarze-10%|Zygarde-10%|100/100
|-ability|p1a: Dygarze-10%|Aura Break
|move|p2a: Slowbro|Slack Off|p2a: Slowbro
|-heal|p2a: Slowbro|100/100
|
|upkeep
|turn|17
|
|t:|1657979863
|move|p1a: Dygarze-10%|Thousand Arrows|p2a: Slowbro
|-supereffective|p2a: Slowbro
|-damage|p2a: Slowbro|27/100
|move|p2a: Slowbro|Sludge Bomb|p1a: Dygarze-10%
|-resisted|p1a: Dygarze-10%
|-damage|p1a: Dygarze-10%|39/100
|
|upkeep
|turn|18
|
|t:|1657979871
|switch|p1a: Skormary|Skarmory, M|100/100
|switch|p2a: Crobat|Crobat, M|100/100
|
|upkeep
|turn|19
|
|t:|1657979875
|switch|p1a: Ziscor|Scizor, M|100/100
|move|p2a: Crobat|Taunt|p1a: Ziscor
|-start|p1a: Ziscor|move: Taunt
|
|upkeep
|turn|20
|
|t:|1657979879
|move|p2a: Crobat|U-turn|p1a: Ziscor
|-resisted|p1a: Ziscor
|-crit|p1a: Ziscor
|-damage|p1a: Ziscor|90/100
|-damage|p2a: Crobat|84/100|[from] item: Rocky Helmet|[of] p1a: Ziscor
|
|t:|1657979882
|switch|p2a: Rotom|Rotom-Wash|100/100|[from]move: U-turn
|move|p1a: Ziscor|Knock Off|p2a: Rotom
|-damage|p2a: Rotom|65/100
|-enditem|p2a: Rotom|Leftovers|[from] move: Knock Off|[of] p1a: Ziscor
|
|upkeep
|turn|21
|
|t:|1657979889
|switch|p1a: Sanchey|Chansey, F|77/100
|move|p2a: Rotom|Volt Switch|p1a: Sanchey
|-damage|p1a: Sanchey|69/100
|
|t:|1657979897
|switch|p2a: Cobalion|Cobalion|100/100|[from]move: Volt Switch
|
|upkeep
|turn|22
|
|t:|1657979903
|switch|p1a: Skormary|Skarmory, M|100/100
|move|p2a: Cobalion|Swords Dance|p2a: Cobalion
|-boost|p2a: Cobalion|atk|2
|
|upkeep
|turn|23
|
|t:|1657979905
|move|p2a: Cobalion|Close Combat|p1a: Skormary
|-damage|p1a: Skormary|41/100
|-unboost|p2a: Cobalion|def|1
|-unboost|p2a: Cobalion|spd|1
|-damage|p2a: Cobalion|84/100|[from] item: Rocky Helmet|[of] p1a: Skormary
|move|p1a: Skormary|Body Press|p2a: Cobalion
|-supereffective|p2a: Cobalion
|-damage|p2a: Cobalion|2/100
|
|-heal|p2a: Cobalion|8/100|[from] item: Leftovers
|upkeep
|turn|24
|
|t:|1657979914
|switch|p1a: Agoonmuss|Amoonguss, M|96/100 brn
|move|p2a: Cobalion|Close Combat|p1a: Agoonmuss
|-resisted|p1a: Agoonmuss
|-damage|p1a: Agoonmuss|62/100 brn
|-unboost|p2a: Cobalion|def|1
|-unboost|p2a: Cobalion|spd|1
|
|-heal|p2a: Cobalion|14/100|[from] item: Leftovers
|-damage|p1a: Agoonmuss|56/100 brn|[from] brn
|upkeep
|turn|25
|
|t:|1657979923
|switch|p1a: Skormary|Skarmory, M|41/100
|move|p2a: Cobalion|Close Combat|p1a: Skormary
|-damage|p1a: Skormary|0 fnt
|-unboost|p2a: Cobalion|def|1
|-unboost|p2a: Cobalion|spd|1
|-damage|p2a: Cobalion|0 fnt|[from] item: Rocky Helmet|[of] p1a: Skormary
|faint|p1a: Skormary
|faint|p2a: Cobalion
|
|upkeep
|
|t:|1657979944
|switch|p2a: Slowbro|Slowbro-Galar, M|60/100
|switch|p1a: Dygarze-10%|Zygarde-10%|39/100
|-ability|p1a: Dygarze-10%|Aura Break
|turn|26
|
|t:|1657979948
|switch|p1a: Sanchey|Chansey, F|69/100
|switch|p2a: Rhyperior|Rhyperior, M|100/100 slp
|
|upkeep
|turn|27
|
|t:|1657979950
|move|p1a: Sanchey|Stealth Rock|p2a: Rhyperior
|-sidestart|p2: umbry ✿|move: Stealth Rock
|cant|p2a: Rhyperior|slp
|
|upkeep
|turn|28
|
|t:|1657979952
|switch|p1a: Wotom-Rash|Rotom-Wash|88/100
|cant|p2a: Rhyperior|slp
|
|-heal|p1a: Wotom-Rash|94/100|[from] item: Leftovers
|upkeep
|turn|29
|
|t:|1657979967
|switch|p2a: Tangrowth|Tangrowth, M|100/100
|-damage|p2a: Tangrowth|88/100|[from] Stealth Rock
|move|p1a: Wotom-Rash|Hydro Pump|p2a: Tangrowth|[miss]
|-miss|p1a: Wotom-Rash|p2a: Tangrowth
|
|-heal|p1a: Wotom-Rash|100/100|[from] item: Leftovers
|upkeep
|turn|30
|
|t:|1657979971
|move|p1a: Wotom-Rash|Volt Switch|p2a: Tangrowth
|-resisted|p2a: Tangrowth
|-damage|p2a: Tangrowth|79/100
|
|t:|1657979973
|switch|p1a: Ziscor|Scizor, M|90/100|[from]move: Volt Switch
|move|p2a: Tangrowth|Knock Off|p1a: Ziscor
|-damage|p1a: Ziscor|73/100
|-damage|p2a: Tangrowth|62/100|[from] item: Rocky Helmet|[of] p1a: Ziscor
|-enditem|p1a: Ziscor|Rocky Helmet|[from] move: Knock Off|[of] p2a: Tangrowth
|
|upkeep
|turn|31
|
|t:|1657979978
|switch|p2a: Slowbro|Slowbro-Galar, M|93/100
|-damage|p2a: Slowbro|81/100|[from] Stealth Rock
|move|p1a: Ziscor|Knock Off|p2a: Slowbro
|-supereffective|p2a: Slowbro
|-damage|p2a: Slowbro|53/100
|
|upkeep
|turn|32
|
|t:|1657979981
|switch|p1a: Dygarze-10%|Zygarde-10%|39/100
|-ability|p1a: Dygarze-10%|Aura Break
|move|p2a: Slowbro|Slack Off|p2a: Slowbro
|-heal|p2a: Slowbro|100/100
|
|upkeep
|turn|33
|
|t:|1657979986
|move|p1a: Dygarze-10%|Outrage|p2a: Slowbro
|-damage|p2a: Slowbro|53/100
|move|p2a: Slowbro|Sludge Bomb|p1a: Dygarze-10%
|-resisted|p1a: Dygarze-10%
|-damage|p1a: Dygarze-10%|14/100
|
|upkeep
|turn|34
|inactive|umbry ✿ has 270 seconds left.
|
|t:|1657980042
|move|p1a: Dygarze-10%|Outrage|p2a: Slowbro|[from]lockedmove
|-damage|p2a: Slowbro|0 fnt
|faint|p2a: Slowbro
|-start|p1a: Dygarze-10%|confusion|[fatigue]
|
|upkeep
|c|☆umbry ✿|x
|inactive|umbry ✿ has 240 seconds left.
|
|t:|1657980062
|switch|p2a: Rhyperior|Rhyperior, M|100/100 slp
|-damage|p2a: Rhyperior|94/100 slp|[from] Stealth Rock
|turn|35
|
|t:|1657980066
|switch|p1a: Wotom-Rash|Rotom-Wash|100/100
|cant|p2a: Rhyperior|slp
|
|-heal|p2a: Rhyperior|100/100 slp|[from] item: Leftovers
|upkeep
|turn|36
|
|t:|1657980076
|move|p1a: Wotom-Rash|Volt Switch|p2a: Rhyperior
|-immune|p2a: Rhyperior
|-curestatus|p2a: Rhyperior|slp|[msg]
|move|p2a: Rhyperior|Toxic|p1a: Wotom-Rash
|-status|p1a: Wotom-Rash|tox
|
|-damage|p1a: Wotom-Rash|94/100 tox|[from] psn
|upkeep
|turn|37
|
|t:|1657980084
|move|p1a: Wotom-Rash|Volt Switch|p2a: Rhyperior
|-immune|p2a: Rhyperior
|move|p2a: Rhyperior|Stealth Rock|p1a: Wotom-Rash
|-sidestart|p1: Amane Misa|move: Stealth Rock
|
|-heal|p1a: Wotom-Rash|100/100 tox|[from] item: Leftovers
|-damage|p1a: Wotom-Rash|88/100 tox|[from] psn
|upkeep
|turn|38
|
|t:|1657980092
|switch|p2a: Tangrowth|Tangrowth, M|95/100
|-damage|p2a: Tangrowth|83/100|[from] Stealth Rock
|move|p1a: Wotom-Rash|Defog|p2a: Tangrowth
|-unboost|p2a: Tangrowth|evasion|1
|-sideend|p2: umbry ✿|Stealth Rock|[from] move: Defog|[of] p1a: Wotom-Rash
|-sideend|p1: Amane Misa|Stealth Rock|[from] move: Defog|[of] p1a: Wotom-Rash
|
|-heal|p1a: Wotom-Rash|94/100 tox|[from] item: Leftovers
|-damage|p1a: Wotom-Rash|75/100 tox|[from] psn
|upkeep
|turn|39
|
|t:|1657980096
|switch|p1a: Agoonmuss|Amoonguss, M|89/100 brn
|move|p2a: Tangrowth|Focus Blast|p1a: Agoonmuss
|-resisted|p1a: Agoonmuss
|-damage|p1a: Agoonmuss|76/100 brn
|
|-damage|p1a: Agoonmuss|69/100 brn|[from] brn
|upkeep
|turn|40
|
|t:|1657980104
|move|p2a: Tangrowth|Sludge Bomb|p1a: Agoonmuss
|-damage|p1a: Agoonmuss|49/100 brn
|move|p1a: Agoonmuss|Sludge Bomb|p2a: Tangrowth
|-supereffective|p2a: Tangrowth
|-damage|p2a: Tangrowth|47/100
|
|-damage|p1a: Agoonmuss|43/100 brn|[from] brn
|upkeep
|turn|41
|
|t:|1657980114
|move|p2a: Tangrowth|Sludge Bomb|p1a: Agoonmuss
|-damage|p1a: Agoonmuss|22/100 brn
|move|p1a: Agoonmuss|Spore|p2a: Tangrowth
|-immune|p2a: Tangrowth
|
|-damage|p1a: Agoonmuss|15/100 brn|[from] brn
|upkeep
|turn|42
|
|t:|1657980128
|switch|p2a: Crobat|Crobat, M|84/100
|switch|p1a: Ziscor|Scizor, M|73/100
|
|upkeep
|turn|43
|
|t:|1657980132
|move|p2a: Crobat|Taunt|p1a: Ziscor
|-start|p1a: Ziscor|move: Taunt
|cant|p1a: Ziscor|move: Taunt|Roost
|
|upkeep
|turn|44
|inactive|umbry ✿ has 270 seconds left.
|inactive|umbry ✿ has 240 seconds left.
|
|t:|1657980207
|switch|p1a: Wotom-Rash|Rotom-Wash|75/100 tox
|move|p2a: Crobat|Brave Bird|p1a: Wotom-Rash
|-resisted|p1a: Wotom-Rash
|-damage|p1a: Wotom-Rash|53/100 tox
|-damage|p2a: Crobat|77/100|[from] Recoil
|
|-heal|p1a: Wotom-Rash|60/100 tox|[from] item: Leftovers
|-damage|p1a: Wotom-Rash|53/100 tox|[from] psn
|upkeep
|turn|45
|
|t:|1657980213
|move|p2a: Crobat|Roost|p2a: Crobat
|-heal|p2a: Crobat|100/100
|-singleturn|p2a: Crobat|move: Roost
|move|p1a: Wotom-Rash|Volt Switch|p2a: Crobat
|-damage|p2a: Crobat|71/100
|
|t:|1657980222
|switch|p1a: Sanchey|Chansey, F|69/100|[from]move: Volt Switch
|
|upkeep
|turn|46
|
|t:|1657980233
|switch|p1a: Wotom-Rash|Rotom-Wash|53/100 tox
|move|p2a: Crobat|Taunt|p1a: Wotom-Rash
|-start|p1a: Wotom-Rash|move: Taunt
|
|-heal|p1a: Wotom-Rash|60/100 tox|[from] item: Leftovers
|-damage|p1a: Wotom-Rash|53/100 tox|[from] psn
|upkeep
|turn|47
|
|t:|1657980237
|move|p2a: Crobat|U-turn|p1a: Wotom-Rash
|-damage|p1a: Wotom-Rash|35/100 tox
|
|t:|1657980240
|switch|p2a: Rhyperior|Rhyperior, M|100/100|[from]move: U-turn
|move|p1a: Wotom-Rash|Volt Switch|p2a: Rhyperior
|-immune|p2a: Rhyperior
|
|-heal|p1a: Wotom-Rash|42/100 tox|[from] item: Leftovers
|-damage|p1a: Wotom-Rash|29/100 tox|[from] psn
|upkeep
|turn|48
|inactive|umbry ✿ has 270 seconds left.
|
|t:|1657980252
|switch|p1a: Ziscor|Scizor, M|73/100
|move|p2a: Rhyperior|Stealth Rock|p1a: Ziscor
|-sidestart|p1: Amane Misa|move: Stealth Rock
|
|upkeep
|turn|49
|
|t:|1657980255
|switch|p2a: Rotom|Rotom-Wash|65/100
|move|p1a: Ziscor|Swords Dance|p1a: Ziscor
|-boost|p1a: Ziscor|atk|2
|
|upkeep
|turn|50
|
|t:|1657980271
|switch|p1a: Sanchey|Chansey, F|69/100
|-damage|p1a: Sanchey|56/100|[from] Stealth Rock
|move|p2a: Rotom|Will-O-Wisp|p1a: Sanchey
|-status|p1a: Sanchey|brn
|
|-damage|p1a: Sanchey|50/100 brn|[from] brn
|upkeep
|turn|51
|
|t:|1657980277
|switch|p2a: Crobat|Crobat, M|71/100
|move|p1a: Sanchey|Stealth Rock|p2a: Crobat
|-sidestart|p2: umbry ✿|move: Stealth Rock
|
|-damage|p1a: Sanchey|44/100 brn|[from] brn
|upkeep
|turn|52
|
|t:|1657980286
|-curestatus|p1a: Sanchey|brn|[from] ability: Natural Cure
|switch|p1a: Agoonmuss|Amoonguss, M|49/100 brn
|-damage|p1a: Agoonmuss|36/100 brn|[from] Stealth Rock
|move|p2a: Crobat|Taunt|p1a: Agoonmuss
|-start|p1a: Agoonmuss|move: Taunt
|
|-damage|p1a: Agoonmuss|30/100 brn|[from] brn
|upkeep
|turn|53
|
|t:|1657980291
|move|p2a: Crobat|Roost|p2a: Crobat
|-heal|p2a: Crobat|100/100
|-singleturn|p2a: Crobat|move: Roost
|move|p1a: Agoonmuss|Foul Play|p2a: Crobat
|-damage|p2a: Crobat|86/100
|
|-damage|p1a: Agoonmuss|24/100 brn|[from] brn
|upkeep
|turn|54
|
|t:|1657980294
|move|p2a: Crobat|Brave Bird|p1a: Agoonmuss
|-supereffective|p1a: Agoonmuss
|-damage|p1a: Agoonmuss|0 fnt
|faint|p1a: Agoonmuss
|-damage|p2a: Crobat|76/100|[from] Recoil
|
|upkeep
|
|t:|1657980297
|switch|p1a: Ziscor|Scizor, M|73/100
|-damage|p1a: Ziscor|61/100|[from] Stealth Rock
|turn|55
|
|t:|1657980320
|move|p2a: Crobat|Taunt|p1a: Ziscor
|-start|p1a: Ziscor|move: Taunt
|cant|p1a: Ziscor|move: Taunt|Roost
|
|upkeep
|turn|56
|
|t:|1657980334
|move|p2a: Crobat|U-turn|p1a: Ziscor
|-resisted|p1a: Ziscor
|-damage|p1a: Ziscor|54/100
|
|t:|1657980336
|switch|p2a: Rotom|Rotom-Wash|65/100|[from]move: U-turn
|-damage|p2a: Rotom|53/100|[from] Stealth Rock
|move|p1a: Ziscor|Knock Off|p2a: Rotom
|-damage|p2a: Rotom|29/100
|
|upkeep
|turn|57
|
|t:|1657980343
|switch|p1a: Wotom-Rash|Rotom-Wash|29/100 tox
|-damage|p1a: Wotom-Rash|17/100 tox|[from] Stealth Rock
|move|p2a: Rotom|Hydro Pump|p1a: Wotom-Rash
|-resisted|p1a: Wotom-Rash
|-damage|p1a: Wotom-Rash|0 fnt
|faint|p1a: Wotom-Rash
|
|upkeep
|
|t:|1657980345
|switch|p1a: Dygarze-10%|Zygarde-10%|14/100
|-damage|p1a: Dygarze-10%|8/100|[from] Stealth Rock
|-ability|p1a: Dygarze-10%|Aura Break
|turn|58
|
|t:|1657980349
|move|p1a: Dygarze-10%|Thousand Arrows|p2a: Rotom
|-supereffective|p2a: Rotom
|-damage|p2a: Rotom|0 fnt
|faint|p2a: Rotom
|
|upkeep
|
|t:|1657980350
|switch|p2a: Crobat|Crobat, M|76/100
|turn|59
|
|t:|1657980352
|switch|p1a: Sanchey|Chansey, F|44/100
|-damage|p1a: Sanchey|31/100|[from] Stealth Rock
|move|p2a: Crobat|Brave Bird|p1a: Sanchey
|-damage|p1a: Sanchey|5/100
|-damage|p2a: Crobat|58/100|[from] Recoil
|
|upkeep
|turn|60
|
|t:|1657980361
|move|p2a: Crobat|Roost|p2a: Crobat
|-heal|p2a: Crobat|100/100
|-singleturn|p2a: Crobat|move: Roost
|move|p1a: Sanchey|Seismic Toss|p2a: Crobat
|-damage|p2a: Crobat|71/100
|
|upkeep
|turn|61
|
|t:|1657980375
|move|p2a: Crobat|Brave Bird|p1a: Sanchey
|-damage|p1a: Sanchey|0 fnt
|faint|p1a: Sanchey
|-damage|p2a: Crobat|68/100|[from] Recoil
|
|upkeep
|
|t:|1657980388
|switch|p1a: Ziscor|Scizor, M|54/100
|-damage|p1a: Ziscor|41/100|[from] Stealth Rock
|turn|62
|
|t:|1657980408
|move|p2a: Crobat|Roost|p2a: Crobat
|-heal|p2a: Crobat|100/100
|-singleturn|p2a: Crobat|move: Roost
|move|p1a: Ziscor|Knock Off|p2a: Crobat
|-damage|p2a: Crobat|62/100
|-enditem|p2a: Crobat|Heavy-Duty Boots|[from] move: Knock Off|[of] p1a: Ziscor
|
|upkeep
|turn|63
|
|t:|1657980420
|move|p1a: Ziscor|Bullet Punch|p2a: Crobat
|-damage|p2a: Crobat|29/100
|move|p2a: Crobat|Taunt|p1a: Ziscor
|-start|p1a: Ziscor|move: Taunt
|
|upkeep
|turn|64
|
|t:|1657980429
|switch|p2a: Rhyperior|Rhyperior, M|100/100
|-damage|p2a: Rhyperior|94/100|[from] Stealth Rock
|move|p1a: Ziscor|Bullet Punch|p2a: Rhyperior
|-supereffective|p2a: Rhyperior
|-damage|p2a: Rhyperior|67/100
|
|-heal|p2a: Rhyperior|74/100|[from] item: Leftovers
|upkeep
|turn|65
|
|t:|1657980444
|switch|p1a: Dygarze-10%|Zygarde-10%|8/100
|-damage|p1a: Dygarze-10%|2/100|[from] Stealth Rock
|-ability|p1a: Dygarze-10%|Aura Break
|move|p2a: Rhyperior|Earthquake|p1a: Dygarze-10%
|-crit|p1a: Dygarze-10%
|-damage|p1a: Dygarze-10%|0 fnt
|faint|p1a: Dygarze-10%
|
|-heal|p2a: Rhyperior|80/100|[from] item: Leftovers
|upkeep
|
|t:|1657980445
|switch|p1a: Ziscor|Scizor, M|41/100
|-damage|p1a: Ziscor|29/100|[from] Stealth Rock
|turn|66
|
|t:|1657980456
|move|p1a: Ziscor|Roost|p1a: Ziscor
|-heal|p1a: Ziscor|79/100
|-singleturn|p1a: Ziscor|move: Roost
|move|p2a: Rhyperior|Earthquake|p1a: Ziscor
|-damage|p1a: Ziscor|40/100
|
|-heal|p2a: Rhyperior|86/100|[from] item: Leftovers
|upkeep
|turn|67
|
|t:|1657980459
|move|p1a: Ziscor|Roost|p1a: Ziscor
|-heal|p1a: Ziscor|91/100
|-singleturn|p1a: Ziscor|move: Roost
|move|p2a: Rhyperior|Earthquake|p1a: Ziscor
|-damage|p1a: Ziscor|54/100
|
|-heal|p2a: Rhyperior|92/100|[from] item: Leftovers
|upkeep
|turn|68
|
|t:|1657980461
|move|p1a: Ziscor|Roost|p1a: Ziscor
|-heal|p1a: Ziscor|100/100
|-singleturn|p1a: Ziscor|move: Roost
|move|p2a: Rhyperior|Earthquake|p1a: Ziscor
|-damage|p1a: Ziscor|65/100
|
|-heal|p2a: Rhyperior|98/100|[from] item: Leftovers
|upkeep
|turn|69
|
|t:|1657980463
|move|p1a: Ziscor|Swords Dance|p1a: Ziscor
|-boost|p1a: Ziscor|atk|2
|move|p2a: Rhyperior|Earthquake|p1a: Ziscor
|-damage|p1a: Ziscor|28/100
|
|-heal|p2a: Rhyperior|100/100|[from] item: Leftovers
|upkeep
|turn|70
|
|t:|1657980465
|move|p1a: Ziscor|Roost|p1a: Ziscor
|-heal|p1a: Ziscor|79/100
|-singleturn|p1a: Ziscor|move: Roost
|move|p2a: Rhyperior|Earthquake|p1a: Ziscor
|-damage|p1a: Ziscor|42/100
|
|upkeep
|turn|71
|
|t:|1657980468
|move|p1a: Ziscor|Roost|p1a: Ziscor
|-heal|p1a: Ziscor|92/100
|-singleturn|p1a: Ziscor|move: Roost
|move|p2a: Rhyperior|Stone Edge|p1a: Ziscor
|-crit|p1a: Ziscor
|-damage|p1a: Ziscor|37/100
|
|upkeep
|turn|72
|
|t:|1657980471
|move|p1a: Ziscor|Roost|p1a: Ziscor
|-heal|p1a: Ziscor|87/100
|-singleturn|p1a: Ziscor|move: Roost
|move|p2a: Rhyperior|Stone Edge|p1a: Ziscor
|-damage|p1a: Ziscor|48/100
|
|upkeep
|turn|73
|
|t:|1657980474
|move|p1a: Ziscor|Roost|p1a: Ziscor
|-heal|p1a: Ziscor|98/100
|-singleturn|p1a: Ziscor|move: Roost
|move|p2a: Rhyperior|Stone Edge|p1a: Ziscor
|-damage|p1a: Ziscor|61/100
|
|upkeep
|turn|74
|
|t:|1657980477
|move|p1a: Ziscor|Swords Dance|p1a: Ziscor
|-boost|p1a: Ziscor|atk|2
|move|p2a: Rhyperior|Stone Edge|p1a: Ziscor
|-damage|p1a: Ziscor|21/100
|
|upkeep
|turn|75
|
|t:|1657980481
|move|p1a: Ziscor|Roost|p1a: Ziscor
|-heal|p1a: Ziscor|71/100
|-singleturn|p1a: Ziscor|move: Roost
|move|p2a: Rhyperior|Stone Edge|p1a: Ziscor
|-damage|p1a: Ziscor|36/100
|
|upkeep
|turn|76
|
|t:|1657980484
|move|p1a: Ziscor|Roost|p1a: Ziscor
|-heal|p1a: Ziscor|87/100
|-singleturn|p1a: Ziscor|move: Roost
|move|p2a: Rhyperior|Stone Edge|p1a: Ziscor
|-damage|p1a: Ziscor|52/100
|
|upkeep
|turn|77
|
|t:|1657980487
|move|p1a: Ziscor|Roost|p1a: Ziscor
|-heal|p1a: Ziscor|100/100
|-singleturn|p1a: Ziscor|move: Roost
|move|p2a: Rhyperior|Stone Edge|p1a: Ziscor
|-damage|p1a: Ziscor|62/100
|
|upkeep
|turn|78
|
|t:|1657980490
|move|p1a: Ziscor|Swords Dance|p1a: Ziscor
|-boost|p1a: Ziscor|atk|2
|move|p2a: Rhyperior|Earthquake|p1a: Ziscor
|-damage|p1a: Ziscor|24/100
|
|upkeep
|turn|79
|
|t:|1657980492
|move|p1a: Ziscor|Roost|p1a: Ziscor
|-heal|p1a: Ziscor|74/100
|-singleturn|p1a: Ziscor|move: Roost
|move|p2a: Rhyperior|Earthquake|p1a: Ziscor
|-damage|p1a: Ziscor|39/100
|
|upkeep
|turn|80
|
|t:|1657980497
|move|p1a: Ziscor|Roost|p1a: Ziscor
|-heal|p1a: Ziscor|89/100
|-singleturn|p1a: Ziscor|move: Roost
|move|p2a: Rhyperior|Earthquake|p1a: Ziscor
|-damage|p1a: Ziscor|53/100
|
|upkeep
|turn|81
|
|t:|1657980499
|move|p1a: Ziscor|Roost|p1a: Ziscor
|-heal|p1a: Ziscor|100/100
|-singleturn|p1a: Ziscor|move: Roost
|move|p2a: Rhyperior|Stone Edge|p1a: Ziscor
|-damage|p1a: Ziscor|63/100
|
|upkeep
|turn|82
|
|t:|1657980506
|move|p1a: Ziscor|Bullet Punch|p2a: Rhyperior
|-supereffective|p2a: Rhyperior
|-damage|p2a: Rhyperior|0 fnt
|faint|p2a: Rhyperior
|
|upkeep
|
|t:|1657980509
|switch|p2a: Tangrowth|Tangrowth, M|80/100
|-damage|p2a: Tangrowth|68/100|[from] Stealth Rock
|turn|83
|
|t:|1657980516
|move|p1a: Ziscor|Knock Off|p2a: Tangrowth
|-damage|p2a: Tangrowth|0 fnt
|-enditem|p2a: Tangrowth|Assault Vest|[from] move: Knock Off|[of] p1a: Ziscor
|faint|p2a: Tangrowth
|
|upkeep
|-message|umbry ✿ forfeited.
|
|win|Amane Misa
|c|☆Amane Misa|gg
|c|☆umbry ✿|gg
