|inactive|Battle timer is ON: inactive players will automatically lose when time's up.
|t:|1655738450
|gametype|singles
|player|p1|Adaam|#uutrio2ladder|
|player|p2|pinkdragontamer|#wcop2022ussouth|
|teamsize|p1|6
|teamsize|p2|6
|gen|8
|tier|[Gen 8] UU
|rule|Sleep Clause Mod: Limit one foe put to sleep
|rule|Species Clause: Limit one of each Pokémon
|rule|OHKO Clause: OHKO moves are banned
|rule|Evasion Moves Clause: Evasion moves are banned
|rule|Endless Battle Clause: Forcing endless battles is banned
|rule|HP Percentage Mod: HP is shown in percentages
|rule|Dynamax Clause: You cannot dynamax
|clearpoke
|poke|p1|Salamence, F|
|poke|p1|Magneton|
|poke|p1|Diggersby, M|
|poke|p1|Zarude-Dada|
|poke|p1|Slowking, M|
|poke|p1|Cobalion|
|poke|p2|Amoonguss, M|
|poke|p2|Salazzle, F|
|poke|p2|Salamence, F|
|poke|p2|Zygarde-10%|
|poke|p2|Cobalion|
|poke|p2|Nihilego|
|teampreview
|c|☆pinkdragontamer|hf
|c|☆Adaam|hf
|inactive|Adaam has 270 seconds left.
|
|t:|1655738487
|start
|switch|p1a: Diggersby|Diggersby, M|100/100
|switch|p2a: Salamence|Salamence, F|100/100
|-ability|p2a: Salamence|Intimidate|boost
|-unboost|p1a: Diggersby|atk|1
|turn|1
|
|t:|1655738501
|move|p1a: Diggersby|U-turn|p2a: Salamence
|-resisted|p2a: Salamence
|-damage|p2a: Salamence|88/100
|
|t:|1655738505
|switch|p1a: Slowking|Slowking, M|100/100|[from]move: U-turn
|move|p2a: Salamence|Toxic|p1a: Slowking
|-status|p1a: Slowking|tox
|
|-damage|p1a: Slowking|94/100 tox|[from] psn
|upkeep
|turn|2
|
|t:|1655738510
|move|p2a: Salamence|Hurricane|p1a: Slowking|[miss]
|-miss|p2a: Salamence|p1a: Slowking
|move|p1a: Slowking|Teleport|p1a: Slowking
|inactive|Adaam has 270 seconds left.
|
|t:|1655738541
|switch|p1a: Cobalion|Cobalion|100/100|[from]move: Teleport
|
|upkeep
|turn|3
|c|+pokemonisfun|adaam! yeah!
|
|t:|1655738547
|move|p1a: Cobalion|Toxic|p2a: Salamence
|-status|p2a: Salamence|tox
|move|p2a: Salamence|Flamethrower|p1a: Cobalion
|-supereffective|p1a: Cobalion
|-damage|p1a: Cobalion|32/100
|
|-damage|p2a: Salamence|82/100 tox|[from] psn
|upkeep
|turn|4
|c|+Expulso|invi?
|c|+Mionda ✿|trio tours
|c|+Mionda ✿|:skull:
|
|t:|1655738557
|move|p1a: Cobalion|Volt Switch|p2a: Salamence
|-damage|p2a: Salamence|65/100 tox
|
|t:|1655738560
|switch|p1a: Slowking|Slowking, M|100/100 tox|[from]move: Volt Switch
|move|p2a: Salamence|Hurricane|p1a: Slowking
|-damage|p1a: Slowking|66/100 tox
|-enditem|p1a: Slowking|Eject Button
|
|t:|1655738570
|switch|p1a: Cobalion|Cobalion|32/100
|
|-damage|p2a: Salamence|53/100 tox|[from] psn
|upkeep
|turn|5
|
|t:|1655738580
|move|p1a: Cobalion|Stealth Rock|p2a: Salamence
|-sidestart|p2: pinkdragontamer|move: Stealth Rock
|move|p2a: Salamence|Flamethrower|p1a: Cobalion
|-supereffective|p1a: Cobalion
|-damage|p1a: Cobalion|0 fnt
|faint|p1a: Cobalion
|
|-damage|p2a: Salamence|34/100 tox|[from] psn
|upkeep
|
|t:|1655738584
|switch|p1a: Diggersby|Diggersby, M|100/100
|turn|6
|
|t:|1655738591
|switch|p2a: Amoonguss|Amoonguss, M|100/100
|-damage|p2a: Amoonguss|88/100|[from] Stealth Rock
|move|p1a: Diggersby|U-turn|p2a: Amoonguss
|-damage|p2a: Amoonguss|63/100
|inactive|Adaam has 270 seconds left.
|
|t:|1655738622
|switch|p1a: magnemite triple|Magneton|100/100|[from]move: U-turn
|
|upkeep
|turn|7
|inactive|Adaam has 270 seconds left.
|c|+pokemonisfun|magneton! yeah!
|
|t:|1655738638
|move|p1a: magnemite triple|Steel Beam|p2a: Amoonguss
|-damage|p2a: Amoonguss|3/100
|-damage|p1a: magnemite triple|50/100|[from] mindblown
|move|p2a: Amoonguss|Foul Play|p1a: magnemite triple
|-damage|p1a: magnemite triple|33/100
|
|upkeep
|turn|8
|c|☆Adaam|wtf
|inactive|Adaam has 270 seconds left.
|c|+pokemonisfun|magneton! no!
|
|t:|1655738652
|switch|p1a: Slowking|Slowking, M|99/100 tox
|move|p2a: Amoonguss|Sludge Bomb|p1a: Slowking
|-damage|p1a: Slowking|79/100 tox
|
|-damage|p1a: Slowking|73/100 tox|[from] psn
|upkeep
|turn|9
|
|t:|1655738658
|switch|p2a: Salamence|Salamence, F|34/100 tox
|-ability|p2a: Salamence|Intimidate|boost
|-unboost|p1a: Slowking|atk|1
|move|p1a: Slowking|Teleport|p1a: Slowking
|
|t:|1655738666
|switch|p1a: Diggersby|Diggersby, M|100/100|[from]move: Teleport
|
|-damage|p2a: Salamence|28/100 tox|[from] psn
|upkeep
|turn|10
|
|t:|1655738678
|switch|p2a: Cobalion|Cobalion|100/100
|-damage|p2a: Cobalion|97/100|[from] Stealth Rock
|move|p1a: Diggersby|Body Slam|p2a: Cobalion
|-resisted|p2a: Cobalion
|-damage|p2a: Cobalion|71/100
|-status|p2a: Cobalion|par
|
|-heal|p2a: Cobalion|77/100 par|[from] item: Leftovers
|upkeep
|turn|11
|
|t:|1655738693
|switch|p1a: magnemite triple|Magneton|33/100
|move|p2a: Cobalion|Swords Dance|p2a: Cobalion
|-boost|p2a: Cobalion|atk|2
|
|-heal|p2a: Cobalion|83/100 par|[from] item: Leftovers
|upkeep
|turn|12
|
|t:|1655738699
|move|p1a: magnemite triple|Thunderbolt|p2a: Cobalion
|-damage|p2a: Cobalion|0 fnt
|faint|p2a: Cobalion
|
|upkeep
|c|☆pinkdragontamer|dick hea
|
|t:|1655738715
|switch|p2a: Zygarde|Zygarde-10%|100/100
|-damage|p2a: Zygarde|94/100|[from] Stealth Rock
|-ability|p2a: Zygarde|Aura Break
|turn|13
|
|t:|1655738737
|switch|p1a: Slowking|Slowking, M|100/100 tox
|move|p2a: Zygarde|Outrage|p1a: Slowking
|-damage|p1a: Slowking|36/100 tox
|
|-damage|p1a: Slowking|30/100 tox|[from] psn
|upkeep
|turn|14
|
|t:|1655738744
|switch|p1a: magnemite triple|Magneton|33/100
|move|p2a: Zygarde|Outrage|p1a: magnemite triple|[from]lockedmove
|-resisted|p1a: magnemite triple
|-damage|p1a: magnemite triple|0 fnt
|faint|p1a: magnemite triple
|
|upkeep
|
|t:|1655738745
|switch|p1a: Diggersby|Diggersby, M|100/100
|turn|15
|c|☆pinkdragontamer|kms
|
|t:|1655738758
|move|p1a: Diggersby|Body Slam|p2a: Zygarde
|-crit|p2a: Zygarde
|-damage|p2a: Zygarde|0 fnt
|faint|p2a: Zygarde
|
|upkeep
|
|t:|1655738767
|switch|p2a: Nihilego|Nihilego|100/100
|-damage|p2a: Nihilego|88/100|[from] Stealth Rock
|turn|16
|
|t:|1655738797
|switch|p1a: Zarude|Zarude-Dada|100/100
|switch|p2a: Amoonguss|Amoonguss, M|36/100
|-damage|p2a: Amoonguss|24/100|[from] Stealth Rock
|
|upkeep
|turn|17
|
|t:|1655738804
|switch|p2a: Salazzle|Salazzle, F|100/100
|move|p1a: Zarude|Darkest Lariat|p2a: Salazzle
|-damage|p2a: Salazzle|28/100
|
|upkeep
|turn|18
|
|t:|1655738812
|switch|p1a: Slowking|Slowking, M|63/100 tox
|move|p2a: Salazzle|Sludge Wave|p1a: Slowking
|-damage|p1a: Slowking|30/100 tox
|
|-damage|p1a: Slowking|24/100 tox|[from] psn
|upkeep
|turn|19
|
|t:|1655738825
|move|p2a: Salazzle|Sludge Wave|p1a: Slowking
|-damage|p1a: Slowking|0 fnt
|faint|p1a: Slowking
|
|upkeep
|
|t:|1655738827
|switch|p1a: joey salami|Salamence, F|100/100
|turn|20
|
|t:|1655738833
|move|p2a: Salazzle|Toxic|p1a: joey salami
|-status|p1a: joey salami|tox
|move|p1a: joey salami|Dragon Dance|p1a: joey salami
|-boost|p1a: joey salami|atk|1
|-boost|p1a: joey salami|spe|1
|
|-damage|p1a: joey salami|94/100 tox|[from] psn
|upkeep
|turn|21
|
|t:|1655738838
|switch|p2a: Nihilego|Nihilego|88/100
|-damage|p2a: Nihilego|76/100|[from] Stealth Rock
|move|p1a: joey salami|Dual Wingbeat|p2a: Nihilego
|-resisted|p2a: Nihilego
|-damage|p2a: Nihilego|50/100
|-resisted|p2a: Nihilego
|-damage|p2a: Nihilego|21/100
|-hitcount|p2a: Nihilego|2
|
|-heal|p2a: Nihilego|27/100|[from] item: Black Sludge
|-damage|p1a: joey salami|82/100 tox|[from] psn
|upkeep
|turn|22
|
|t:|1655738855
|move|p1a: joey salami|Dual Wingbeat|p2a: Nihilego
|-resisted|p2a: Nihilego
|-damage|p2a: Nihilego|0 fnt
|faint|p2a: Nihilego
|-ability|p1a: joey salami|Moxie|boost
|-boost|p1a: joey salami|atk|1
|-hitcount|p2: Nihilego|1
|
|-damage|p1a: joey salami|64/100 tox|[from] psn
|upkeep
|
|t:|1655738858
|switch|p2a: Salamence|Salamence, F|28/100 tox
|-ability|p2a: Salamence|Intimidate|boost
|-unboost|p1a: joey salami|atk|1
|turn|23
|
|t:|1655738862
|move|p1a: joey salami|Outrage|p2a: Salamence
|-supereffective|p2a: Salamence
|-damage|p2a: Salamence|0 fnt
|faint|p2a: Salamence
|-ability|p1a: joey salami|Moxie|boost
|-boost|p1a: joey salami|atk|1
|
|-damage|p1a: joey salami|40/100 tox|[from] psn
|upkeep
|inactive|pinkdragontamer has 270 seconds left.
|inactive|pinkdragontamer has 240 seconds left.
|
|t:|1655738933
|switch|p2a: Amoonguss|Amoonguss, M|57/100
|-damage|p2a: Amoonguss|45/100|[from] Stealth Rock
|turn|24
|
|t:|1655738946
|switch|p2a: Salazzle|Salazzle, F|28/100
|move|p1a: joey salami|Outrage|p2a: Salazzle|[from]lockedmove
|-damage|p2a: Salazzle|0 fnt
|faint|p2a: Salazzle
|-ability|p1a: joey salami|Moxie|boost
|-boost|p1a: joey salami|atk|1
|-start|p1a: joey salami|confusion|[fatigue]
|
|-damage|p1a: joey salami|10/100 tox|[from] psn
|upkeep
|
|t:|1655738948
|switch|p2a: Amoonguss|Amoonguss, M|78/100
|-damage|p2a: Amoonguss|66/100|[from] Stealth Rock
|turn|25
|
|t:|1655738952
|switch|p1a: Zarude|Zarude-Dada|100/100
|move|p2a: Amoonguss|Sludge Bomb|p1a: Zarude
|-supereffective|p1a: Zarude
|-damage|p1a: Zarude|44/100
|
|upkeep
|turn|26
|
|t:|1655738956
|move|p1a: Zarude|Darkest Lariat|p2a: Amoonguss
|-damage|p2a: Amoonguss|32/100
|move|p2a: Amoonguss|Sludge Bomb|p1a: Zarude
|-supereffective|p1a: Zarude
|-crit|p1a: Zarude
|-damage|p1a: Zarude|0 fnt
|faint|p1a: Zarude
|
|upkeep
|
|t:|1655738959
|switch|p1a: Diggersby|Diggersby, M|100/100
|turn|27
|inactive|pinkdragontamer has 270 seconds left.
|inactive|pinkdragontamer has 240 seconds left.
|inactive|pinkdragontamer has 210 seconds left.
|inactive|pinkdragontamer disconnected and has 300 seconds to reconnect!
|player|p2|
|inactive|pinkdragontamer has 270 seconds to reconnect!
|inactive|pinkdragontamer has 240 seconds to reconnect!
|inactive|pinkdragontamer has 210 seconds to reconnect!
|inactive|pinkdragontamer has 180 seconds to reconnect!
|inactive|pinkdragontamer has 150 seconds to reconnect!
|inactive|pinkdragontamer has 120 seconds to reconnect!
|inactive|pinkdragontamer has 90 seconds to reconnect!
|inactive|pinkdragontamer has 60 seconds to reconnect!
|inactive|pinkdragontamer has 30 seconds to reconnect!
|inactive|pinkdragontamer has 20 seconds to reconnect!
|inactive|pinkdragontamer has 15 seconds to reconnect!
|inactive|pinkdragontamer has 10 seconds to reconnect!
|inactive|pinkdragontamer has 5 seconds to reconnect!
|-message|pinkdragontamer lost due to inactivity.
|
|win|Adaam
