|inactive|Battle timer is ON: inactive players will automatically lose when time's up.
|t:|1645390576
|gametype|singles
|player|p1|KSt3ve|169|
|player|p2|thekingkarp|caitlin|
|teamsize|p1|6
|teamsize|p2|6
|gen|8
|tier|[Gen 8] UU
|rule|Sleep Clause Mod: Limit one foe put to sleep
|rule|Species Clause: Limit one of each Pokémon
|rule|OHKO Clause: OHKO moves are banned
|rule|Evasion Moves Clause: Evasion moves are banned
|rule|Endless Battle Clause: Forcing endless battles is banned
|rule|HP Percentage Mod: HP is shown in percentages
|rule|Dynamax Clause: You cannot dynamax
|clearpoke
|poke|p1|Aegislash, M|
|poke|p1|Chansey, F|
|poke|p1|Quagsire, F|
|poke|p1|Umbreon, M|
|poke|p1|Weezing-Galar, M|
|poke|p1|Salamence, M|
|poke|p2|Conkeldurr, M|
|poke|p2|Raikou|
|poke|p2|Excadrill, M|
|poke|p2|Slowking, M|
|poke|p2|Amoonguss, F|
|poke|p2|Moltres-Galar|
|teampreview
|inactive|thekingkarp also wants the timer to be on.
|c|☆KSt3ve|hf
|c|☆thekingkarp|glhf
|inactive|KSt3ve has 270 seconds left.
|inactive|thekingkarp has 270 seconds left.
|c|+pokemonisfun|KSTEVE KSTEVE YOU'RE OUR GUY, KSTEVE KSTEVE HE WILL FRY
|inactive|KSt3ve has 240 seconds left.
|c|☆KSt3ve|man i grabbing tissues now
|c|☆KSt3ve|i'm*
|c|+itsjustdrew|itsjustdrew — Today at 3:55 PM
|c|+itsjustdrew|steve grabbing the tissues rn
|inactive|KSt3ve has 210 seconds left.
|c|+itsjustdrew|fwiw steve I knew that
|c|☆KSt3ve|bruh
|c|☆KSt3ve|nice one
|
|t:|1645390687
|start
|switch|p1a: mr mencey wencey|Salamence, M|100/100
|switch|p2a: Excadrill|Excadrill, M|100/100
|-ability|p2a: Excadrill|Mold Breaker
|-ability|p1a: mr mencey wencey|Intimidate|boost
|-unboost|p2a: Excadrill|atk|1
|turn|1
|c|☆KSt3ve|now crit + burn
|
|t:|1645390700
|switch|p2a: Slowking|Slowking, M|100/100
|move|p1a: mr mencey wencey|Flamethrower|p2a: Slowking
|-resisted|p2a: Slowking
|-damage|p2a: Slowking|92/100
|
|upkeep
|turn|2
|c|+pokemonisfun|KSTEVE KSTEVE WE BELIEVE, KSTEVE KSTEVE WE CAN ACHIEVE
|c|☆KSt3ve|let's hope man
|
|t:|1645390727
|switch|p1a: mr umby wumby|Umbreon, M|100/100
|move|p2a: Slowking|Teleport|p2a: Slowking
|
|t:|1645390732
|switch|p2a: Conkeldurr|Conkeldurr, M|100/100|[from]move: Teleport
|
|-status|p2a: Conkeldurr|brn|[from] item: Flame Orb
|upkeep
|turn|3
|
|t:|1645390736
|move|p1a: mr umby wumby|Protect|p1a: mr umby wumby
|-singleturn|p1a: mr umby wumby|Protect
|move|p2a: Conkeldurr|Knock Off|p1a: mr umby wumby
|-activate|p1a: mr umby wumby|move: Protect
|
|-damage|p2a: Conkeldurr|95/100 brn|[from] brn
|upkeep
|turn|4
|
|t:|1645390741
|switch|p1a: mr stinkin lincoln|Weezing-Galar, M|100/100
|-ability|p1a: mr stinkin lincoln|Neutralizing Gas
|move|p2a: Conkeldurr|Knock Off|p1a: mr stinkin lincoln
|-resisted|p1a: mr stinkin lincoln
|-damage|p1a: mr stinkin lincoln|94/100
|-damage|p2a: Conkeldurr|78/100 brn|[from] item: Rocky Helmet|[of] p1a: mr stinkin lincoln
|-enditem|p1a: mr stinkin lincoln|Rocky Helmet|[from] move: Knock Off|[of] p2a: Conkeldurr
|
|-damage|p2a: Conkeldurr|72/100 brn|[from] brn
|upkeep
|turn|5
|
|t:|1645390754
|switch|p2a: Excadrill|Excadrill, M|100/100
|move|p1a: mr stinkin lincoln|Corrosive Gas|p2a: Excadrill
|-enditem|p2a: Excadrill|Leftovers|[from] move: Corrosive Gas|[of] p1a: mr stinkin lincoln
|
|upkeep
|turn|6
|
|t:|1645390771
|-end|p1a: mr stinkin lincoln|ability: Neutralizing Gas
|-ability|p2a: Excadrill|Mold Breaker
|switch|p1a: mr mencey wencey|Salamence, M|100/100
|-ability|p1a: mr mencey wencey|Intimidate|boost
|-unboost|p2a: Excadrill|atk|1
|move|p2a: Excadrill|Stealth Rock|p1a: mr mencey wencey
|-sidestart|p1: KSt3ve|move: Stealth Rock
|
|upkeep
|turn|7
|
|t:|1645390775
|switch|p2a: Amoonguss|Amoonguss, F|100/100
|move|p1a: mr mencey wencey|Defog|p2a: Amoonguss
|-unboost|p2a: Amoonguss|evasion|1
|-sideend|p1: KSt3ve|Stealth Rock|[from] move: Defog|[of] p1a: mr mencey wencey
|
|upkeep
|turn|8
|
|t:|1645390790
|switch|p1a: give her a chanse|Chansey, F|100/100
|switch|p2a: Excadrill|Excadrill, M|100/100
|-ability|p2a: Excadrill|Mold Breaker
|
|upkeep
|turn|9
|
|t:|1645390799
|switch|p1a: mr mencey wencey|Salamence, M|100/100
|-ability|p1a: mr mencey wencey|Intimidate|boost
|-unboost|p2a: Excadrill|atk|1
|move|p2a: Excadrill|Iron Head|p1a: mr mencey wencey
|-damage|p1a: mr mencey wencey|83/100
|
|upkeep
|turn|10
|
|t:|1645390813
|switch|p2a: Slowking|Slowking, M|100/100
|move|p1a: mr mencey wencey|Flamethrower|p2a: Slowking
|-resisted|p2a: Slowking
|-damage|p2a: Slowking|93/100
|
|upkeep
|turn|11
|
|t:|1645390824
|switch|p1a: give her a chanse|Chansey, F|100/100
|move|p2a: Slowking|Scald|p1a: give her a chanse
|-damage|p1a: give her a chanse|92/100
|
|upkeep
|turn|12
|
|t:|1645390836
|switch|p2a: Excadrill|Excadrill, M|100/100
|-ability|p2a: Excadrill|Mold Breaker
|move|p1a: give her a chanse|Toxic|p2a: Excadrill|[miss]
|-miss|p1a: give her a chanse|p2a: Excadrill
|
|upkeep
|turn|13
|inactive|thekingkarp has 270 seconds left.
|
|t:|1645390883
|switch|p2a: Amoonguss|Amoonguss, F|100/100
|switch|p1a: mr mencey wencey|Salamence, M|83/100
|-ability|p1a: mr mencey wencey|Intimidate|boost
|-unboost|p2a: Amoonguss|atk|1
|
|upkeep
|turn|14
|
|t:|1645390890
|switch|p1a: give her a chanse|Chansey, F|92/100
|switch|p2a: Conkeldurr|Conkeldurr, M|72/100 brn
|
|-damage|p2a: Conkeldurr|66/100 brn|[from] brn
|upkeep
|turn|15
|
|t:|1645390895
|switch|p1a: mr stinkin lincoln|Weezing-Galar, M|94/100
|-ability|p1a: mr stinkin lincoln|Neutralizing Gas
|move|p2a: Conkeldurr|Facade|p1a: mr stinkin lincoln
|-damage|p1a: mr stinkin lincoln|60/100
|
|-damage|p2a: Conkeldurr|60/100 brn|[from] brn
|upkeep
|turn|16
|
|t:|1645390906
|switch|p2a: Excadrill|Excadrill, M|100/100
|move|p1a: mr stinkin lincoln|Pain Split|p2a: Excadrill
|-sethp|p2a: Excadrill|78/100|[from] move: Pain Split|[silent]
|-sethp|p1a: mr stinkin lincoln|84/100|[from] move: Pain Split
|
|upkeep
|turn|17
|inactive|thekingkarp has 270 seconds left.
|
|t:|1645390926
|-end|p1a: mr stinkin lincoln|ability: Neutralizing Gas
|-ability|p2a: Excadrill|Mold Breaker
|switch|p1a: mr mencey wencey|Salamence, M|83/100
|-ability|p1a: mr mencey wencey|Intimidate|boost
|-unboost|p2a: Excadrill|atk|1
|move|p2a: Excadrill|Stealth Rock|p1a: mr mencey wencey
|-sidestart|p1: KSt3ve|move: Stealth Rock
|
|upkeep
|turn|18
|inactive|thekingkarp has 270 seconds left.
|
|t:|1645390945
|switch|p2a: Moltres|Moltres-Galar|100/100
|move|p1a: mr mencey wencey|Defog|p2a: Moltres
|-unboost|p2a: Moltres|evasion|1
|-sideend|p1: KSt3ve|Stealth Rock|[from] move: Defog|[of] p1a: mr mencey wencey
|
|upkeep
|turn|19
|inactive|thekingkarp has 270 seconds left.
|
|t:|1645390961
|switch|p1a: give her a chanse|Chansey, F|92/100
|switch|p2a: Excadrill|Excadrill, M|78/100
|-ability|p2a: Excadrill|Mold Breaker
|
|upkeep
|turn|20
|inactive|thekingkarp has 270 seconds left.
|inactive|thekingkarp has 240 seconds left.
|
|t:|1645391001
|switch|p2a: Slowking|Slowking, M|100/100
|switch|p1a: mr mencey wencey|Salamence, M|83/100
|-ability|p1a: mr mencey wencey|Intimidate|boost
|-unboost|p2a: Slowking|atk|1
|
|upkeep
|turn|21
|
|t:|1645391006
|switch|p1a: give her a chanse|Chansey, F|92/100
|move|p2a: Slowking|Scald|p1a: give her a chanse
|-damage|p1a: give her a chanse|83/100
|
|upkeep
|turn|22
|
|t:|1645391012
|move|p1a: give her a chanse|Seismic Toss|p2a: Slowking
|-damage|p2a: Slowking|75/100
|move|p2a: Slowking|Teleport|p2a: Slowking
|
|t:|1645391015
|switch|p2a: Conkeldurr|Conkeldurr, M|60/100 brn|[from]move: Teleport
|
|-damage|p2a: Conkeldurr|54/100 brn|[from] brn
|upkeep
|turn|23
|
|t:|1645391019
|switch|p2a: Excadrill|Excadrill, M|78/100
|-ability|p2a: Excadrill|Mold Breaker
|switch|p1a: mr stinkin lincoln|Weezing-Galar, M|84/100
|-ability|p1a: mr stinkin lincoln|Neutralizing Gas
|
|upkeep
|turn|24
|
|t:|1645391022
|-end|p1a: mr stinkin lincoln|ability: Neutralizing Gas
|-ability|p2a: Excadrill|Mold Breaker
|switch|p1a: mr mencey wencey|Salamence, M|83/100
|-ability|p1a: mr mencey wencey|Intimidate|boost
|-unboost|p2a: Excadrill|atk|1
|move|p2a: Excadrill|Iron Head|p1a: mr mencey wencey
|-damage|p1a: mr mencey wencey|62/100
|
|upkeep
|turn|25
|inactive|thekingkarp has 270 seconds left.
|
|t:|1645391066
|move|p2a: Excadrill|Stealth Rock|p1a: mr mencey wencey
|-sidestart|p1: KSt3ve|move: Stealth Rock
|move|p1a: mr mencey wencey|Roost|p1a: mr mencey wencey
|-heal|p1a: mr mencey wencey|100/100
|-singleturn|p1a: mr mencey wencey|move: Roost
|
|upkeep
|turn|26
|
|t:|1645391086
|switch|p2a: Slowking|Slowking, M|100/100
|move|p1a: mr mencey wencey|Defog|p2a: Slowking
|-unboost|p2a: Slowking|evasion|1
|-sideend|p1: KSt3ve|Stealth Rock|[from] move: Defog|[of] p1a: mr mencey wencey
|
|upkeep
|turn|27
|
|t:|1645391091
|switch|p1a: give her a chanse|Chansey, F|83/100
|move|p2a: Slowking|Teleport|p2a: Slowking
|
|t:|1645391096
|switch|p2a: Excadrill|Excadrill, M|78/100|[from]move: Teleport
|-ability|p2a: Excadrill|Mold Breaker
|
|upkeep
|turn|28
|
|t:|1645391103
|switch|p2a: Moltres|Moltres-Galar|100/100
|switch|p1a: mr mencey wencey|Salamence, M|100/100
|-ability|p1a: mr mencey wencey|Intimidate|boost
|-unboost|p2a: Moltres|atk|1
|
|upkeep
|turn|29
|
|t:|1645391106
|switch|p1a: give her a chanse|Chansey, F|83/100
|move|p2a: Moltres|Fiery Wrath|p1a: give her a chanse
|-damage|p1a: give her a chanse|73/100
|
|upkeep
|turn|30
|inactive|thekingkarp has 270 seconds left.
|
|t:|1645391134
|move|p2a: Moltres|Fiery Wrath|p1a: give her a chanse
|-damage|p1a: give her a chanse|62/100
|move|p1a: give her a chanse|Stealth Rock|p2a: Moltres
|-sidestart|p2: thekingkarp|move: Stealth Rock
|
|upkeep
|turn|31
|
|t:|1645391144
|switch|p2a: Excadrill|Excadrill, M|78/100
|-damage|p2a: Excadrill|75/100|[from] Stealth Rock
|-ability|p2a: Excadrill|Mold Breaker
|move|p1a: give her a chanse|Soft-Boiled|p1a: give her a chanse
|-heal|p1a: give her a chanse|100/100
|
|upkeep
|turn|32
|
|t:|1645391148
|move|p2a: Excadrill|Stealth Rock|p1a: give her a chanse
|-sidestart|p1: KSt3ve|move: Stealth Rock
|move|p1a: give her a chanse|Seismic Toss|p2a: Excadrill
|-damage|p2a: Excadrill|47/100
|
|upkeep
|turn|33
|
|t:|1645391152
|switch|p1a: mr mencey wencey|Salamence, M|100/100
|-ability|p1a: mr mencey wencey|Intimidate|boost
|-unboost|p2a: Excadrill|atk|1
|move|p2a: Excadrill|Earthquake|p1a: mr mencey wencey
|-immune|p1a: mr mencey wencey
|
|upkeep
|turn|34
|
|t:|1645391155
|switch|p2a: Slowking|Slowking, M|100/100
|-damage|p2a: Slowking|88/100|[from] Stealth Rock
|move|p1a: mr mencey wencey|Defog|p2a: Slowking
|-unboost|p2a: Slowking|evasion|1
|-sideend|p2: thekingkarp|Stealth Rock|[from] move: Defog|[of] p1a: mr mencey wencey
|-sideend|p1: KSt3ve|Stealth Rock|[from] move: Defog|[of] p1a: mr mencey wencey
|
|upkeep
|turn|35
|
|t:|1645391178
|switch|p1a: give her a chanse|Chansey, F|100/100
|move|p2a: Slowking|Scald|p1a: give her a chanse
|-damage|p1a: give her a chanse|91/100
|
|upkeep
|turn|36
|
|t:|1645391183
|switch|p2a: Excadrill|Excadrill, M|47/100
|-ability|p2a: Excadrill|Mold Breaker
|move|p1a: give her a chanse|Stealth Rock|p2a: Excadrill
|-sidestart|p2: thekingkarp|move: Stealth Rock
|
|upkeep
|turn|37
|
|t:|1645391188
|switch|p1a: mr mencey wencey|Salamence, M|100/100
|-ability|p1a: mr mencey wencey|Intimidate|boost
|-unboost|p2a: Excadrill|atk|1
|move|p2a: Excadrill|Stealth Rock|p1a: mr mencey wencey
|-sidestart|p1: KSt3ve|move: Stealth Rock
|
|upkeep
|turn|38
|
|t:|1645391201
|switch|p2a: Amoonguss|Amoonguss, F|100/100
|-damage|p2a: Amoonguss|88/100|[from] Stealth Rock
|move|p1a: mr mencey wencey|Defog|p2a: Amoonguss
|-unboost|p2a: Amoonguss|evasion|1
|-sideend|p2: thekingkarp|Stealth Rock|[from] move: Defog|[of] p1a: mr mencey wencey
|-sideend|p1: KSt3ve|Stealth Rock|[from] move: Defog|[of] p1a: mr mencey wencey
|
|upkeep
|turn|39
|
|t:|1645391205
|switch|p1a: give her a chanse|Chansey, F|91/100
|move|p2a: Amoonguss|Sludge Bomb|p1a: give her a chanse
|-damage|p1a: give her a chanse|84/100
|-status|p1a: give her a chanse|psn
|
|-damage|p1a: give her a chanse|71/100 psn|[from] psn
|upkeep
|turn|40
|
|t:|1645391225
|switch|p2a: Slowking|Slowking, M|100/100
|move|p1a: give her a chanse|Soft-Boiled|p1a: give her a chanse
|-heal|p1a: give her a chanse|100/100 psn
|
|-damage|p1a: give her a chanse|88/100 psn|[from] psn
|upkeep
|turn|41
|
|t:|1645391229
|switch|p2a: Excadrill|Excadrill, M|47/100
|-ability|p2a: Excadrill|Mold Breaker
|move|p1a: give her a chanse|Stealth Rock|p2a: Excadrill
|-sidestart|p2: thekingkarp|move: Stealth Rock
|
|-damage|p1a: give her a chanse|76/100 psn|[from] psn
|upkeep
|turn|42
|
|t:|1645391233
|-curestatus|p1a: give her a chanse|psn|[from] ability: Natural Cure
|switch|p1a: mr mencey wencey|Salamence, M|100/100
|-ability|p1a: mr mencey wencey|Intimidate|boost
|-unboost|p2a: Excadrill|atk|1
|move|p2a: Excadrill|Stealth Rock|p1a: mr mencey wencey
|-sidestart|p1: KSt3ve|move: Stealth Rock
|
|upkeep
|turn|43
|
|t:|1645391253
|switch|p2a: Slowking|Slowking, M|100/100
|-damage|p2a: Slowking|88/100|[from] Stealth Rock
|move|p1a: mr mencey wencey|Defog|p2a: Slowking
|-unboost|p2a: Slowking|evasion|1
|-sideend|p2: thekingkarp|Stealth Rock|[from] move: Defog|[of] p1a: mr mencey wencey
|-sideend|p1: KSt3ve|Stealth Rock|[from] move: Defog|[of] p1a: mr mencey wencey
|
|upkeep
|turn|44
|
|t:|1645391263
|switch|p1a: give her a chanse|Chansey, F|76/100
|move|p2a: Slowking|Teleport|p2a: Slowking
|
|t:|1645391269
|switch|p2a: Excadrill|Excadrill, M|47/100|[from]move: Teleport
|-ability|p2a: Excadrill|Mold Breaker
|
|upkeep
|turn|45
|
|t:|1645391275
|move|p2a: Excadrill|Stealth Rock|p1a: give her a chanse
|-sidestart|p1: KSt3ve|move: Stealth Rock
|move|p1a: give her a chanse|Seismic Toss|p2a: Excadrill
|-damage|p2a: Excadrill|20/100
|
|upkeep
|turn|46
|
|t:|1645391286
|switch|p2a: Amoonguss|Amoonguss, F|100/100
|move|p1a: give her a chanse|Soft-Boiled|p1a: give her a chanse
|-heal|p1a: give her a chanse|100/100
|
|upkeep
|turn|47
|
|t:|1645391291
|move|p1a: give her a chanse|Stealth Rock|p2a: Amoonguss
|-sidestart|p2: thekingkarp|move: Stealth Rock
|move|p2a: Amoonguss|Sludge Bomb|p1a: give her a chanse
|-damage|p1a: give her a chanse|92/100
|-status|p1a: give her a chanse|psn
|
|-damage|p1a: give her a chanse|80/100 psn|[from] psn
|upkeep
|turn|48
|
|t:|1645391299
|-curestatus|p1a: give her a chanse|psn|[from] ability: Natural Cure
|switch|p1a: mr umby wumby|Umbreon, M|100/100
|-damage|p1a: mr umby wumby|88/100|[from] Stealth Rock
|move|p2a: Amoonguss|Sludge Bomb|p1a: mr umby wumby
|-damage|p1a: mr umby wumby|70/100
|
|-heal|p1a: mr umby wumby|76/100|[from] item: Leftovers
|upkeep
|turn|49
|
|t:|1645391317
|move|p1a: mr umby wumby|Wish|p1a: mr umby wumby
|move|p2a: Amoonguss|Sludge Bomb|p1a: mr umby wumby
|-damage|p1a: mr umby wumby|58/100
|
|-heal|p1a: mr umby wumby|64/100|[from] item: Leftovers
|upkeep
|turn|50
|
|t:|1645391325
|move|p1a: mr umby wumby|Protect|p1a: mr umby wumby
|-singleturn|p1a: mr umby wumby|Protect
|move|p2a: Amoonguss|Sludge Bomb|p1a: mr umby wumby
|-activate|p1a: mr umby wumby|move: Protect
|
|-heal|p1a: mr umby wumby|100/100|[from] move: Wish|[wisher] mr umby wumby
|upkeep
|turn|51
|
|t:|1645391344
|move|p1a: mr umby wumby|Wish|p1a: mr umby wumby
|move|p2a: Amoonguss|Sludge Bomb|p1a: mr umby wumby
|-damage|p1a: mr umby wumby|82/100
|
|-heal|p1a: mr umby wumby|88/100|[from] item: Leftovers
|upkeep
|turn|52
|
|t:|1645391352
|switch|p1a: mr stinkin lincoln|Weezing-Galar, M|84/100
|-ability|p1a: mr stinkin lincoln|Neutralizing Gas
|-damage|p1a: mr stinkin lincoln|72/100|[from] Stealth Rock
|move|p2a: Amoonguss|Sludge Bomb|p1a: mr stinkin lincoln
|-damage|p1a: mr stinkin lincoln|36/100
|
|-heal|p1a: mr stinkin lincoln|95/100|[from] move: Wish|[wisher] mr umby wumby
|upkeep
|turn|53
|
|t:|1645391359
|switch|p2a: Raikou|Raikou|100/100
|move|p1a: mr stinkin lincoln|Strange Steam|p2a: Raikou
|-damage|p2a: Raikou|73/100
|
|upkeep
|turn|54
|
|t:|1645391373
|-end|p1a: mr stinkin lincoln|ability: Neutralizing Gas
|-ability|p2a: Raikou|Pressure
|switch|p1a: mr muddy buddy|Quagsire, F|100/100
|-damage|p1a: mr muddy buddy|94/100|[from] Stealth Rock
|move|p2a: Raikou|Scald|p1a: mr muddy buddy
|-damage|p1a: mr muddy buddy|72/100
|
|-heal|p1a: mr muddy buddy|78/100|[from] item: Leftovers
|upkeep
|turn|55
|
|t:|1645391386
|switch|p2a: Amoonguss|Amoonguss, F|100/100
|-damage|p2a: Amoonguss|88/100|[from] Stealth Rock
|move|p1a: mr muddy buddy|Scald|p2a: Amoonguss
|-resisted|p2a: Amoonguss
|-damage|p2a: Amoonguss|80/100
|
|-heal|p1a: mr muddy buddy|84/100|[from] item: Leftovers
|upkeep
|turn|56
|
|t:|1645391397
|switch|p1a: mr umby wumby|Umbreon, M|88/100
|-damage|p1a: mr umby wumby|76/100|[from] Stealth Rock
|switch|p2a: Slowking|Slowking, M|100/100
|-damage|p2a: Slowking|88/100|[from] Stealth Rock
|
|-heal|p1a: mr umby wumby|82/100|[from] item: Leftovers
|upkeep
|turn|57
|
|t:|1645391404
|switch|p2a: Amoonguss|Amoonguss, F|100/100
|-damage|p2a: Amoonguss|88/100|[from] Stealth Rock
|move|p1a: mr umby wumby|Foul Play|p2a: Amoonguss
|-damage|p2a: Amoonguss|71/100
|-damage|p1a: mr umby wumby|65/100|[from] item: Rocky Helmet|[of] p2a: Amoonguss
|
|-heal|p1a: mr umby wumby|72/100|[from] item: Leftovers
|upkeep
|turn|58
|
|t:|1645391413
|move|p1a: mr umby wumby|Wish|p1a: mr umby wumby
|move|p2a: Amoonguss|Sludge Bomb|p1a: mr umby wumby
|-damage|p1a: mr umby wumby|52/100
|
|-heal|p1a: mr umby wumby|58/100|[from] item: Leftovers
|upkeep
|turn|59
|
|t:|1645391421
|move|p1a: mr umby wumby|Protect|p1a: mr umby wumby
|-singleturn|p1a: mr umby wumby|Protect
|move|p2a: Amoonguss|Spore|p1a: mr umby wumby
|-activate|p1a: mr umby wumby|move: Protect
|
|-heal|p1a: mr umby wumby|100/100|[from] move: Wish|[wisher] mr umby wumby
|upkeep
|turn|60
|
|t:|1645391449
|switch|p1a: slash and bash|Aegislash, M|100/100
|-damage|p1a: slash and bash|94/100|[from] Stealth Rock
|move|p2a: Amoonguss|Sludge Bomb|p1a: slash and bash
|-immune|p1a: slash and bash
|
|-heal|p1a: slash and bash|100/100|[from] item: Leftovers
|upkeep
|turn|61
|
|t:|1645391456
|move|p1a: slash and bash|King's Shield|p1a: slash and bash
|-singleturn|p1a: slash and bash|Protect
|move|p2a: Amoonguss|Foul Play|p1a: slash and bash
|-activate|p1a: slash and bash|move: Protect
|-unboost|p2a: Amoonguss|atk|1
|
|upkeep
|turn|62
|inactive|KSt3ve has 270 seconds left.
|inactive|KSt3ve has 240 seconds left.
|
|t:|1645391513
|switch|p1a: mr stinkin lincoln|Weezing-Galar, M|95/100
|-ability|p1a: mr stinkin lincoln|Neutralizing Gas
|-damage|p1a: mr stinkin lincoln|83/100|[from] Stealth Rock
|move|p2a: Amoonguss|Foul Play|p1a: mr stinkin lincoln
|-resisted|p1a: mr stinkin lincoln
|-damage|p1a: mr stinkin lincoln|78/100
|
|upkeep
|turn|63
|inactive|KSt3ve has 240 seconds left.
|
|t:|1645391534
|-end|p1a: mr stinkin lincoln|ability: Neutralizing Gas
|switch|p1a: slash and bash|Aegislash, M|100/100
|-damage|p1a: slash and bash|94/100|[from] Stealth Rock
|switch|p2a: Slowking|Slowking, M|100/100
|-damage|p2a: Slowking|88/100|[from] Stealth Rock
|
|-heal|p1a: slash and bash|100/100|[from] item: Leftovers
|upkeep
|turn|64
|
|t:|1645391543
|switch|p2a: Amoonguss|Amoonguss, F|100/100
|-damage|p2a: Amoonguss|88/100|[from] Stealth Rock
|move|p1a: slash and bash|Toxic|p2a: Amoonguss|[miss]
|-miss|p1a: slash and bash|p2a: Amoonguss
|
|upkeep
|turn|65
|
|t:|1645391551
|switch|p1a: mr umby wumby|Umbreon, M|100/100
|-damage|p1a: mr umby wumby|88/100|[from] Stealth Rock
|move|p2a: Amoonguss|Spore|p1a: mr umby wumby
|-status|p1a: mr umby wumby|slp|[from] move: Spore
|
|-heal|p1a: mr umby wumby|94/100 slp|[from] item: Leftovers
|upkeep
|turn|66
|inactive|KSt3ve has 240 seconds left.
|
|t:|1645391567
|switch|p2a: Slowking|Slowking, M|100/100
|-damage|p2a: Slowking|88/100|[from] Stealth Rock
|cant|p1a: mr umby wumby|slp
|
|-heal|p1a: mr umby wumby|99/100 slp|[from] item: Leftovers
|upkeep
|turn|67
|
|t:|1645391570
|-curestatus|p1a: mr umby wumby|slp|[msg]
|move|p1a: mr umby wumby|Protect|p1a: mr umby wumby
|-singleturn|p1a: mr umby wumby|Protect
|move|p2a: Slowking|Teleport|p2a: Slowking
|
|t:|1645391575
|switch|p2a: Amoonguss|Amoonguss, F|100/100|[from]move: Teleport
|-damage|p2a: Amoonguss|88/100|[from] Stealth Rock
|
|-heal|p1a: mr umby wumby|100/100|[from] item: Leftovers
|upkeep
|turn|68
|
|t:|1645391582
|switch|p1a: slash and bash|Aegislash, M|100/100
|-damage|p1a: slash and bash|94/100|[from] Stealth Rock
|move|p2a: Amoonguss|Sludge Bomb|p1a: slash and bash
|-immune|p1a: slash and bash
|
|-heal|p1a: slash and bash|100/100|[from] item: Leftovers
|upkeep
|turn|69
|inactive|thekingkarp has 270 seconds left.
|c|☆KSt3ve|fun number = fun fact
|c|☆KSt3ve|i don't know how to play stall
|c|☆thekingkarp|LOL
|
|t:|1645391630
|move|p1a: slash and bash|King's Shield|p1a: slash and bash
|-singleturn|p1a: slash and bash|Protect
|move|p2a: Amoonguss|Foul Play|p1a: slash and bash
|-activate|p1a: slash and bash|move: Protect
|-unboost|p2a: Amoonguss|atk|1
|
|upkeep
|turn|70
|c|+itsjustdrew|so when we get to 420
|
|t:|1645391643
|switch|p1a: mr mencey wencey|Salamence, M|100/100
|-ability|p1a: mr mencey wencey|Intimidate|boost
|-unboost|p2a: Amoonguss|atk|1
|move|p2a: Amoonguss|Spore|p1a: mr mencey wencey
|-status|p1a: mr mencey wencey|slp|[from] move: Spore
|
|upkeep
|turn|71
|c|+itsjustdrew|another fun fact?
|c|☆KSt3ve|yes man
|c|+itsjustdrew|lit
|inactive|KSt3ve has 240 seconds left.
|
|t:|1645391663
|switch|p1a: mr umby wumby|Umbreon, M|100/100
|-damage|p1a: mr umby wumby|88/100|[from] Stealth Rock
|switch|p2a: Moltres|Moltres-Galar|100/100
|
|-heal|p1a: mr umby wumby|94/100|[from] item: Leftovers
|upkeep
|turn|72
|inactive|thekingkarp has 270 seconds left.
|
|t:|1645391684
|move|p2a: Moltres|Hurricane|p1a: mr umby wumby
|-damage|p1a: mr umby wumby|63/100
|move|p1a: mr umby wumby|Wish|p1a: mr umby wumby
|
|-heal|p1a: mr umby wumby|69/100|[from] item: Leftovers
|upkeep
|turn|73
|inactive|thekingkarp has 270 seconds left.
|
|t:|1645391692
|move|p2a: Moltres|Hurricane|p1a: mr umby wumby
|-damage|p1a: mr umby wumby|40/100
|move|p1a: mr umby wumby|Foul Play|p2a: Moltres
|-resisted|p2a: Moltres
|-crit|p2a: Moltres
|-damage|p2a: Moltres|84/100
|
|-heal|p1a: mr umby wumby|90/100|[from] move: Wish|[wisher] mr umby wumby
|-heal|p1a: mr umby wumby|96/100|[from] item: Leftovers
|upkeep
|turn|74
|
|t:|1645391710
|move|p2a: Moltres|Hurricane|p1a: mr umby wumby
|-damage|p1a: mr umby wumby|68/100
|-start|p1a: mr umby wumby|confusion
|-activate|p1a: mr umby wumby|confusion
|-damage|p1a: mr umby wumby|65/100|[from] confusion
|
|-heal|p1a: mr umby wumby|71/100|[from] item: Leftovers
|upkeep
|turn|75
|
|t:|1645391725
|move|p2a: Moltres|Hurricane|p1a: mr umby wumby
|-damage|p1a: mr umby wumby|40/100
|-activate|p1a: mr umby wumby|confusion
|move|p1a: mr umby wumby|Wish|p1a: mr umby wumby
|
|-heal|p1a: mr umby wumby|46/100|[from] item: Leftovers
|upkeep
|turn|76
|
|t:|1645391736
|switch|p2a: Conkeldurr|Conkeldurr, M|54/100 brn
|-damage|p2a: Conkeldurr|48/100 brn|[from] Stealth Rock
|-end|p1a: mr umby wumby|confusion
|move|p1a: mr umby wumby|Protect||[still]
|-fail|p1a: mr umby wumby
|
|-heal|p1a: mr umby wumby|96/100|[from] move: Wish|[wisher] mr umby wumby
|-heal|p1a: mr umby wumby|100/100|[from] item: Leftovers
|-damage|p2a: Conkeldurr|42/100 brn|[from] brn
|upkeep
|turn|77
|
|t:|1645391743
|move|p1a: mr umby wumby|Protect|p1a: mr umby wumby
|-singleturn|p1a: mr umby wumby|Protect
|move|p2a: Conkeldurr|Facade|p1a: mr umby wumby
|-activate|p1a: mr umby wumby|move: Protect
|
|-damage|p2a: Conkeldurr|36/100 brn|[from] brn
|upkeep
|turn|78
|
|t:|1645391747
|switch|p1a: mr stinkin lincoln|Weezing-Galar, M|78/100
|-ability|p1a: mr stinkin lincoln|Neutralizing Gas
|-damage|p1a: mr stinkin lincoln|66/100|[from] Stealth Rock
|move|p2a: Conkeldurr|Facade|p1a: mr stinkin lincoln
|-damage|p1a: mr stinkin lincoln|32/100
|
|-damage|p2a: Conkeldurr|30/100 brn|[from] brn
|upkeep
|turn|79
|
|t:|1645391760
|move|p2a: Conkeldurr|Facade|p1a: mr stinkin lincoln
|-damage|p1a: mr stinkin lincoln|0 fnt
|faint|p1a: mr stinkin lincoln
|-end|p1a: mr stinkin lincoln|ability: Neutralizing Gas
|
|-damage|p2a: Conkeldurr|24/100 brn|[from] brn
|upkeep
|inactive|KSt3ve has 270 seconds left.
|
|t:|1645391802
|switch|p1a: mr mencey wencey|Salamence, M|100/100 slp
|-ability|p1a: mr mencey wencey|Intimidate|boost
|-unboost|p2a: Conkeldurr|atk|1
|turn|80
|inactive|thekingkarp has 270 seconds left.
|
|t:|1645391838
|cant|p1a: mr mencey wencey|slp
|move|p2a: Conkeldurr|Knock Off|p1a: mr mencey wencey
|-crit|p1a: mr mencey wencey
|-damage|p1a: mr mencey wencey|29/100 slp
|-enditem|p1a: mr mencey wencey|Heavy-Duty Boots|[from] move: Knock Off|[of] p2a: Conkeldurr
|
|-damage|p2a: Conkeldurr|18/100 brn|[from] brn
|upkeep
|turn|81
|inactive|KSt3ve has 270 seconds left.
|inactive|thekingkarp has 270 seconds left.
|c|☆KSt3ve|oh dear
|
|t:|1645391868
|-curestatus|p1a: mr mencey wencey|slp|[msg]
|move|p1a: mr mencey wencey|Flamethrower|p2a: Conkeldurr
|-damage|p2a: Conkeldurr|0 fnt
|faint|p2a: Conkeldurr
|
|upkeep
|
|t:|1645391874
|switch|p2a: Raikou|Raikou|73/100
|-ability|p2a: Raikou|Pressure
|turn|82
|
|t:|1645391880
|switch|p1a: mr muddy buddy|Quagsire, F|84/100
|-damage|p1a: mr muddy buddy|78/100|[from] Stealth Rock
|move|p2a: Raikou|Thunderbolt|p1a: mr muddy buddy
|-immune|p1a: mr muddy buddy
|
|-heal|p1a: mr muddy buddy|84/100|[from] item: Leftovers
|upkeep
|turn|83
|inactive|KSt3ve has 270 seconds left.
|
|t:|1645391898
|switch|p2a: Amoonguss|Amoonguss, F|100/100
|-damage|p2a: Amoonguss|88/100|[from] Stealth Rock
|move|p1a: mr muddy buddy|Scald|p2a: Amoonguss
|-resisted|p2a: Amoonguss
|-damage|p2a: Amoonguss|80/100
|
|-heal|p1a: mr muddy buddy|90/100|[from] item: Leftovers
|upkeep
|turn|84
|inactive|KSt3ve has 270 seconds left.
|inactive|thekingkarp has 240 seconds left.
|
|t:|1645391928
|switch|p1a: slash and bash|Aegislash, M|100/100
|-damage|p1a: slash and bash|94/100|[from] Stealth Rock
|move|p2a: Amoonguss|Spore|p1a: slash and bash
|-status|p1a: slash and bash|slp|[from] move: Spore
|
|-heal|p1a: slash and bash|100/100 slp|[from] item: Leftovers
|upkeep
|turn|85
|inactive|thekingkarp has 240 seconds left.
|
|t:|1645391952
|switch|p1a: mr umby wumby|Umbreon, M|100/100
|-damage|p1a: mr umby wumby|88/100|[from] Stealth Rock
|switch|p2a: Moltres|Moltres-Galar|84/100
|
|-heal|p1a: mr umby wumby|94/100|[from] item: Leftovers
|upkeep
|turn|86
|inactive|KSt3ve has 270 seconds left.
|
|t:|1645391970
|switch|p2a: Amoonguss|Amoonguss, F|100/100
|-damage|p2a: Amoonguss|88/100|[from] Stealth Rock
|switch|p1a: give her a chanse|Chansey, F|80/100
|-damage|p1a: give her a chanse|67/100|[from] Stealth Rock
|
|upkeep
|turn|87
|inactive|KSt3ve has 270 seconds left.
|
|t:|1645391976
|move|p1a: give her a chanse|Soft-Boiled|p1a: give her a chanse
|-heal|p1a: give her a chanse|100/100
|move|p2a: Amoonguss|Sludge Bomb|p1a: give her a chanse
|-damage|p1a: give her a chanse|92/100
|-status|p1a: give her a chanse|psn
|
|-damage|p1a: give her a chanse|79/100 psn|[from] psn
|upkeep
|turn|88
|inactive|thekingkarp has 240 seconds left.
|
|t:|1645392002
|-curestatus|p1a: give her a chanse|psn|[from] ability: Natural Cure
|switch|p1a: slash and bash|Aegislash, M|100/100 slp
|-damage|p1a: slash and bash|94/100 slp|[from] Stealth Rock
|move|p2a: Amoonguss|Sludge Bomb|p1a: slash and bash
|-immune|p1a: slash and bash
|
|-heal|p1a: slash and bash|100/100 slp|[from] item: Leftovers
|upkeep
|turn|89
|inactive|KSt3ve has 270 seconds left.
|
|t:|1645392022
|switch|p1a: give her a chanse|Chansey, F|79/100
|-damage|p1a: give her a chanse|67/100|[from] Stealth Rock
|move|p2a: Amoonguss|Foul Play|p1a: give her a chanse
|-damage|p1a: give her a chanse|66/100
|
|upkeep
|turn|90
|inactive|KSt3ve has 270 seconds left.
|c|☆thekingkarp|1
|c|☆thekingkarp|lol
|
|t:|1645392047
|move|p1a: give her a chanse|Toxic|p2a: Amoonguss
|-immune|p2a: Amoonguss
|move|p2a: Amoonguss|Giga Drain|p1a: give her a chanse
|-damage|p1a: give her a chanse|59/100
|-heal|p2a: Amoonguss|94/100|[from] drain|[of] p1a: give her a chanse
|
|upkeep
|turn|91
|
|t:|1645392053
|move|p1a: give her a chanse|Soft-Boiled|p1a: give her a chanse
|-heal|p1a: give her a chanse|100/100
|move|p2a: Amoonguss|Giga Drain|p1a: give her a chanse
|-damage|p1a: give her a chanse|94/100
|-heal|p2a: Amoonguss|99/100|[from] drain|[of] p1a: give her a chanse
|
|upkeep
|turn|92
|
|t:|1645392063
|switch|p2a: Moltres|Moltres-Galar|84/100
|move|p1a: give her a chanse|Stealth Rock||[still]
|-fail|p1a: give her a chanse
|
|upkeep
|turn|93
|
|t:|1645392074
|move|p2a: Moltres|Fiery Wrath|p1a: give her a chanse
|-damage|p1a: give her a chanse|81/100
|move|p1a: give her a chanse|Toxic|p2a: Moltres
|-status|p2a: Moltres|tox
|
|-damage|p2a: Moltres|78/100 tox|[from] psn
|upkeep
|turn|94
|
|t:|1645392083
|move|p2a: Moltres|Fiery Wrath|p1a: give her a chanse
|-damage|p1a: give her a chanse|70/100
|cant|p1a: give her a chanse|flinch
|
|-damage|p2a: Moltres|65/100 tox|[from] psn
|upkeep
|turn|95
|
|t:|1645392092
|move|p2a: Moltres|Fiery Wrath|p1a: give her a chanse
|-damage|p1a: give her a chanse|60/100
|move|p1a: give her a chanse|Soft-Boiled|p1a: give her a chanse
|-heal|p1a: give her a chanse|100/100
|
|-damage|p2a: Moltres|47/100 tox|[from] psn
|upkeep
|turn|96
|
|t:|1645392113
|switch|p1a: mr mencey wencey|Salamence, M|29/100
|-damage|p1a: mr mencey wencey|4/100|[from] Stealth Rock
|-ability|p1a: mr mencey wencey|Intimidate|boost
|-unboost|p2a: Moltres|atk|1
|move|p2a: Moltres|Rest|p2a: Moltres
|-status|p2a: Moltres|slp|[from] move: Rest
|-heal|p2a: Moltres|100/100 slp|[silent]
|
|upkeep
|turn|97
|
|t:|1645392128
|move|p1a: mr mencey wencey|Roost|p1a: mr mencey wencey
|-heal|p1a: mr mencey wencey|54/100
|-singleturn|p1a: mr mencey wencey|move: Roost
|cant|p2a: Moltres|slp
|move|p2a: Moltres|Sleep Talk|p2a: Moltres
|move|p2a: Moltres|Hurricane|p1a: mr mencey wencey|[from]move: Sleep Talk|[miss]
|-miss|p2a: Moltres|p1a: mr mencey wencey
|
|upkeep
|turn|98
|
|t:|1645392136
|move|p1a: mr mencey wencey|Roost|p1a: mr mencey wencey
|-heal|p1a: mr mencey wencey|100/100
|-singleturn|p1a: mr mencey wencey|move: Roost
|cant|p2a: Moltres|slp
|move|p2a: Moltres|Sleep Talk|p2a: Moltres
|move|p2a: Moltres|Rest||[from]move: Sleep Talk|[still]
|-fail|p2a: Moltres
|
|upkeep
|turn|99
|
|t:|1645392140
|move|p1a: mr mencey wencey|Defog|p2a: Moltres
|-unboost|p2a: Moltres|evasion|1
|-sideend|p2: thekingkarp|Stealth Rock|[from] move: Defog|[of] p1a: mr mencey wencey
|-sideend|p1: KSt3ve|Stealth Rock|[from] move: Defog|[of] p1a: mr mencey wencey
|-curestatus|p2a: Moltres|slp|[msg]
|move|p2a: Moltres|Fiery Wrath|p1a: mr mencey wencey
|-damage|p1a: mr mencey wencey|64/100
|
|upkeep
|turn|100
|
|t:|1645392148
|switch|p1a: give her a chanse|Chansey, F|100/100
|move|p2a: Moltres|Fiery Wrath|p1a: give her a chanse
|-damage|p1a: give her a chanse|89/100
|
|upkeep
|turn|101
|
|t:|1645392160
|switch|p2a: Excadrill|Excadrill, M|20/100
|-ability|p2a: Excadrill|Mold Breaker
|move|p1a: give her a chanse|Seismic Toss|p2a: Excadrill
|-damage|p2a: Excadrill|0 fnt
|faint|p2a: Excadrill
|
|upkeep
|
|t:|1645392164
|switch|p2a: Amoonguss|Amoonguss, F|100/100
|turn|102
|
|t:|1645392167
|move|p1a: give her a chanse|Stealth Rock|p2a: Amoonguss
|-sidestart|p2: thekingkarp|move: Stealth Rock
|move|p2a: Amoonguss|Sludge Bomb|p1a: give her a chanse
|-damage|p1a: give her a chanse|81/100
|-status|p1a: give her a chanse|psn
|
|-damage|p1a: give her a chanse|69/100 psn|[from] psn
|upkeep
|turn|103
|
|t:|1645392175
|-curestatus|p1a: give her a chanse|psn|[from] ability: Natural Cure
|switch|p1a: slash and bash|Aegislash, M|100/100 slp
|move|p2a: Amoonguss|Foul Play|p1a: slash and bash
|-supereffective|p1a: slash and bash
|-damage|p1a: slash and bash|79/100 slp
|
|-heal|p1a: slash and bash|85/100 slp|[from] item: Leftovers
|upkeep
|turn|104
|
|t:|1645392184
|switch|p1a: mr umby wumby|Umbreon, M|94/100
|switch|p2a: Moltres|Moltres-Galar|100/100
|
|-heal|p1a: mr umby wumby|99/100|[from] item: Leftovers
|upkeep
|turn|105
|
|t:|1645392205
|switch|p1a: give her a chanse|Chansey, F|69/100
|move|p2a: Moltres|Hurricane|p1a: give her a chanse|[miss]
|-miss|p2a: Moltres|p1a: give her a chanse
|
|upkeep
|turn|106
|
|t:|1645392212
|move|p2a: Moltres|Fiery Wrath|p1a: give her a chanse
|-damage|p1a: give her a chanse|57/100
|move|p1a: give her a chanse|Soft-Boiled|p1a: give her a chanse
|-heal|p1a: give her a chanse|100/100
|
|upkeep
|turn|107
|
|t:|1645392217
|switch|p1a: mr umby wumby|Umbreon, M|99/100
|move|p2a: Moltres|Fiery Wrath|p1a: mr umby wumby
|-resisted|p1a: mr umby wumby
|-damage|p1a: mr umby wumby|87/100
|
|-heal|p1a: mr umby wumby|93/100|[from] item: Leftovers
|upkeep
|turn|108
|
|t:|1645392221
|switch|p1a: give her a chanse|Chansey, F|100/100
|move|p2a: Moltres|Hurricane|p1a: give her a chanse
|-damage|p1a: give her a chanse|88/100
|-start|p1a: give her a chanse|confusion
|
|upkeep
|turn|109
|
|t:|1645392228
|switch|p2a: Slowking|Slowking, M|100/100
|-damage|p2a: Slowking|88/100|[from] Stealth Rock
|switch|p1a: mr umby wumby|Umbreon, M|93/100
|
|-heal|p1a: mr umby wumby|99/100|[from] item: Leftovers
|upkeep
|turn|110
|
|t:|1645392234
|switch|p1a: give her a chanse|Chansey, F|88/100
|move|p2a: Slowking|Scald|p1a: give her a chanse
|-damage|p1a: give her a chanse|79/100
|
|upkeep
|turn|111
|
|t:|1645392237
|move|p1a: give her a chanse|Toxic|p2a: Slowking
|-status|p2a: Slowking|tox
|move|p2a: Slowking|Scald|p1a: give her a chanse
|-damage|p1a: give her a chanse|70/100
|-status|p1a: give her a chanse|brn
|
|-damage|p2a: Slowking|82/100 tox|[from] psn
|-damage|p1a: give her a chanse|64/100 brn|[from] brn
|upkeep
|turn|112
|
|t:|1645392240
|-curestatus|p1a: give her a chanse|brn|[from] ability: Natural Cure
|switch|p1a: mr umby wumby|Umbreon, M|99/100
|move|p2a: Slowking|Scald|p1a: mr umby wumby
|-damage|p1a: mr umby wumby|82/100
|
|-heal|p1a: mr umby wumby|88/100|[from] item: Leftovers
|-damage|p2a: Slowking|70/100 tox|[from] psn
|upkeep
|turn|113
|
|t:|1645392243
|move|p1a: mr umby wumby|Foul Play|p2a: Slowking
|-supereffective|p2a: Slowking
|-enditem|p2a: Slowking|Colbur Berry|[eat]
|-enditem|p2a: Slowking|Colbur Berry|[weaken]
|-damage|p2a: Slowking|55/100 tox
|move|p2a: Slowking|Scald|p1a: mr umby wumby
|-damage|p1a: mr umby wumby|69/100
|-status|p1a: mr umby wumby|brn
|
|-heal|p1a: mr umby wumby|75/100 brn|[from] item: Leftovers
|-damage|p2a: Slowking|36/100 tox|[from] psn
|-damage|p1a: mr umby wumby|69/100 brn|[from] brn
|upkeep
|turn|114
|c|☆thekingkarp|gg
|-message|thekingkarp forfeited.
|
|win|KSt3ve
