|inactive|Battle timer is ON: inactive players will automatically lose when time's up.
|t:|1667047423
|gametype|singles
|player|p1|pokemonisfun|#uutrio2ladder|
|player|p2|Santu|ethan|
|teamsize|p1|6
|teamsize|p2|6
|gen|8
|tier|[Gen 8] UU
|rule|Sleep Clause Mod: Limit one foe put to sleep
|rule|Species Clause: Limit one of each Pokémon
|rule|OHKO Clause: OHKO moves are banned
|rule|Evasion Items Clause: Evasion items are banned
|rule|Evasion Moves Clause: Evasion moves are banned
|rule|Endless Battle Clause: Forcing endless battles is banned
|rule|HP Percentage Mod: HP is shown in percentages
|rule|Dynamax Clause: You cannot dynamax
|clearpoke
|poke|p1|Primarina, M|
|poke|p1|Rotom-Wash|
|poke|p1|Cobalion|
|poke|p1|Necrozma|
|poke|p1|Tangrowth, M|
|poke|p1|Zygarde-10%|
|poke|p2|Salazzle, F|
|poke|p2|Slowking, M|
|poke|p2|Tangrowth, F|
|poke|p2|Salamence, F|
|poke|p2|Cobalion|
|poke|p2|Diggersby, M|
|teampreview
|c|☆pokemonisfun|hf
|inactive|pokemonisfun has 270 seconds left.
|inactive|Santu has 270 seconds left.
|c|☆pokemonisfun|(santu is not rude he just cannot talk in this chat)
|inactive|Santu has 240 seconds left.
|
|t:|1667047510
|start
|switch|p1a: tang ur wang|Tangrowth, M|100/100
|switch|p2a: Salamence|Salamence, F|100/100
|-ability|p2a: Salamence|Intimidate|boost
|-unboost|p1a: tang ur wang|atk|1
|turn|1
|inactive|Santu has 270 seconds left.
|
|t:|1667047533
|move|p2a: Salamence|Hurricane|p1a: tang ur wang|[miss]
|-miss|p2a: Salamence|p1a: tang ur wang
|move|p1a: tang ur wang|Knock Off|p2a: Salamence
|-damage|p2a: Salamence|88/100
|-enditem|p2a: Salamence|Heavy-Duty Boots|[from] move: Knock Off|[of] p1a: tang ur wang
|
|upkeep
|turn|2
|inactive|Santu has 270 seconds left.
|
|t:|1667047546
|switch|p1a: wishy washy|Rotom-Wash|100/100
|move|p2a: Salamence|Hurricane|p1a: wishy washy
|-resisted|p1a: wishy washy
|-damage|p1a: wishy washy|83/100
|
|-heal|p1a: wishy washy|89/100|[from] item: Leftovers
|upkeep
|turn|3
|inactive|Santu has 270 seconds left.
|
|t:|1667047558
|move|p2a: Salamence|Roost|p2a: Salamence
|-heal|p2a: Salamence|100/100
|-singleturn|p2a: Salamence|move: Roost
|move|p1a: wishy washy|Volt Switch|p2a: Salamence
|-resisted|p2a: Salamence
|-damage|p2a: Salamence|91/100
|
|t:|1667047570
|switch|p1a: dead head|Necrozma|100/100|[from]move: Volt Switch
|
|upkeep
|turn|4
|inactive|Santu has 270 seconds left.
|inactive|Santu has 240 seconds left.
|
|t:|1667047628
|move|p2a: Salamence|Hurricane|p1a: dead head
|-damage|p1a: dead head|63/100
|move|p1a: dead head|Calm Mind|p1a: dead head
|-boost|p1a: dead head|spa|1
|-boost|p1a: dead head|spd|1
|
|upkeep
|turn|5
|
|t:|1667047635
|switch|p2a: Slowking|Slowking, M|100/100
|move|p1a: dead head|Moonlight|p1a: dead head
|-heal|p1a: dead head|100/100
|
|upkeep
|turn|6
|
|t:|1667047648
|move|p1a: dead head|Calm Mind|p1a: dead head
|-boost|p1a: dead head|spa|1
|-boost|p1a: dead head|spd|1
|move|p2a: Slowking|Teleport|p2a: Slowking
|
|t:|1667047654
|switch|p2a: Salazzle|Salazzle, F|100/100|[from]move: Teleport
|
|upkeep
|turn|7
|
|t:|1667047670
|switch|p2a: Slowking|Slowking, M|100/100
|move|p1a: dead head|Photon Geyser|p2a: Slowking
|-resisted|p2a: Slowking
|-damage|p2a: Slowking|60/100
|
|upkeep
|turn|8
|
|t:|1667047691
|move|p1a: dead head|Calm Mind|p1a: dead head
|-boost|p1a: dead head|spa|1
|-boost|p1a: dead head|spd|1
|move|p2a: Slowking|Teleport|p2a: Slowking
|
|t:|1667047693
|switch|p2a: Salazzle|Salazzle, F|100/100|[from]move: Teleport
|
|upkeep
|turn|9
|
|t:|1667047700
|move|p2a: Salazzle|Encore|p1a: dead head
|-start|p1a: dead head|Encore
|move|p1a: dead head|Calm Mind|p1a: dead head
|-boost|p1a: dead head|spa|1
|-boost|p1a: dead head|spd|1
|
|upkeep
|turn|10
|
|t:|1667047715
|switch|p1a: Zygarde|Zygarde-10%|100/100
|-ability|p1a: Zygarde|Aura Break
|move|p2a: Salazzle|Sludge Bomb|p1a: Zygarde
|-resisted|p1a: Zygarde
|-damage|p1a: Zygarde|66/100
|-status|p1a: Zygarde|psn
|
|-damage|p1a: Zygarde|54/100 psn|[from] psn
|upkeep
|turn|11
|inactive|Santu has 240 seconds left.
|c|+pdt|hf - santu
|
|t:|1667047741
|switch|p2a: Tangrowth|Tangrowth, F|100/100
|move|p1a: Zygarde|Toxic|p2a: Tangrowth
|-status|p2a: Tangrowth|tox
|
|-damage|p1a: Zygarde|41/100 psn|[from] psn
|-damage|p2a: Tangrowth|94/100 tox|[from] psn
|upkeep
|turn|12
|
|t:|1667047754
|switch|p1a: sheepy sweepy|Cobalion|100/100
|move|p2a: Tangrowth|Knock Off|p1a: sheepy sweepy
|-resisted|p1a: sheepy sweepy
|-damage|p1a: sheepy sweepy|92/100
|-damage|p2a: Tangrowth|78/100 tox|[from] item: Rocky Helmet|[of] p1a: sheepy sweepy
|-ability|p1a: sheepy sweepy|Justified|boost
|-boost|p1a: sheepy sweepy|atk|1
|-enditem|p1a: sheepy sweepy|Rocky Helmet|[from] move: Knock Off|[of] p2a: Tangrowth
|
|-damage|p2a: Tangrowth|65/100 tox|[from] psn
|upkeep
|turn|13
|inactive|Santu has 210 seconds left.
|inactive|Santu has 180 seconds left.
|
|t:|1667047820
|switch|p2a: Salamence|Salamence, F|91/100
|-ability|p2a: Salamence|Intimidate|boost
|-unboost|p1a: sheepy sweepy|atk|1
|move|p1a: sheepy sweepy|Stealth Rock|p2a: Salamence
|-sidestart|p2: Santu|move: Stealth Rock
|
|upkeep
|turn|14
|
|t:|1667047844
|switch|p1a: seal that squeals|Primarina, M|100/100
|move|p2a: Salamence|Hurricane|p1a: seal that squeals
|-damage|p1a: seal that squeals|56/100
|
|-heal|p1a: seal that squeals|62/100|[from] item: Leftovers
|upkeep
|turn|15
|
|t:|1667047862
|switch|p2a: Salazzle|Salazzle, F|100/100
|move|p1a: seal that squeals|Moonblast|p2a: Salazzle
|-resisted|p2a: Salazzle
|-damage|p2a: Salazzle|75/100
|
|-heal|p1a: seal that squeals|68/100|[from] item: Leftovers
|upkeep
|turn|16
|c|+Aqua8Jet|wooo go pif
|
|t:|1667047876
|switch|p1a: wishy washy|Rotom-Wash|89/100
|move|p2a: Salazzle|Sludge Bomb|p1a: wishy washy
|-damage|p1a: wishy washy|55/100
|-status|p1a: wishy washy|psn
|
|-heal|p1a: wishy washy|61/100 psn|[from] item: Leftovers
|-damage|p1a: wishy washy|49/100 psn|[from] psn
|upkeep
|turn|17
|
|t:|1667047884
|switch|p2a: Tangrowth|Tangrowth, F|99/100 tox
|-damage|p2a: Tangrowth|86/100 tox|[from] Stealth Rock
|move|p1a: wishy washy|Pain Split|p2a: Tangrowth
|-sethp|p2a: Tangrowth|61/100 tox|[from] move: Pain Split|[silent]
|-sethp|p1a: wishy washy|81/100 psn|[from] move: Pain Split
|
|-heal|p1a: wishy washy|88/100 psn|[from] item: Leftovers
|-damage|p1a: wishy washy|75/100 psn|[from] psn
|-damage|p2a: Tangrowth|55/100 tox|[from] psn
|upkeep
|turn|18
|
|t:|1667047890
|switch|p2a: Diggersby|Diggersby, M|100/100
|-damage|p2a: Diggersby|94/100|[from] Stealth Rock
|move|p1a: wishy washy|Volt Switch|p2a: Diggersby
|-immune|p2a: Diggersby
|
|-heal|p1a: wishy washy|81/100 psn|[from] item: Leftovers
|-damage|p1a: wishy washy|69/100 psn|[from] psn
|upkeep
|turn|19
|c|+hellpowna|santuz is the best of the best and always been the best
|inactive|Santu has 150 seconds left.
|
|t:|1667047942
|switch|p2a: Slowking|Slowking, M|94/100
|move|p1a: wishy washy|Pain Split|p2a: Slowking
|-sethp|p2a: Slowking|74/100|[from] move: Pain Split|[silent]
|-sethp|p1a: wishy washy|95/100 psn|[from] move: Pain Split
|
|-heal|p1a: wishy washy|100/100 psn|[from] item: Leftovers
|-damage|p1a: wishy washy|88/100 psn|[from] psn
|upkeep
|turn|20
|inactive|Santu has 120 seconds left.
|
|t:|1667047963
|move|p1a: wishy washy|Volt Switch|p2a: Slowking
|-supereffective|p2a: Slowking
|-damage|p2a: Slowking|36/100
|
|t:|1667047976
|switch|p1a: tang ur wang|Tangrowth, M|100/100|[from]move: Volt Switch
|move|p2a: Slowking|Thunder Wave|p1a: tang ur wang
|-status|p1a: tang ur wang|par
|
|upkeep
|turn|21
|inactive|Santu has 120 seconds left.
|inactive|pokemonisfun has 270 seconds left.
|
|t:|1667048010
|switch|p1a: dead head|Necrozma|100/100
|switch|p2a: Cobalion|Cobalion|100/100
|-damage|p2a: Cobalion|97/100|[from] Stealth Rock
|
|upkeep
|turn|22
|inactive|pokemonisfun has 270 seconds left.
|
|t:|1667048028
|switch|p2a: Slowking|Slowking, M|70/100
|move|p1a: dead head|Calm Mind|p1a: dead head
|-boost|p1a: dead head|spa|1
|-boost|p1a: dead head|spd|1
|
|upkeep
|turn|23
|
|t:|1667048036
|move|p1a: dead head|Calm Mind|p1a: dead head
|-boost|p1a: dead head|spa|1
|-boost|p1a: dead head|spd|1
|move|p2a: Slowking|Thunder Wave|p1a: dead head
|-status|p1a: dead head|par
|-enditem|p1a: dead head|Lum Berry|[eat]
|-curestatus|p1a: dead head|par|[msg]
|
|upkeep
|turn|24
|
|t:|1667048043
|move|p1a: dead head|Photon Geyser|p2a: Slowking
|-resisted|p2a: Slowking
|-damage|p2a: Slowking|31/100
|move|p2a: Slowking|Slack Off|p2a: Slowking
|-heal|p2a: Slowking|81/100
|
|upkeep
|turn|25
|
|t:|1667048060
|move|p1a: dead head|Calm Mind|p1a: dead head
|-boost|p1a: dead head|spa|1
|-boost|p1a: dead head|spd|1
|move|p2a: Slowking|Thunder Wave|p1a: dead head|[miss]
|-miss|p2a: Slowking|p1a: dead head
|
|upkeep
|turn|26
|
|t:|1667048068
|move|p1a: dead head|Calm Mind|p1a: dead head
|-boost|p1a: dead head|spa|1
|-boost|p1a: dead head|spd|1
|move|p2a: Slowking|Slack Off|p2a: Slowking
|-heal|p2a: Slowking|100/100
|
|upkeep
|turn|27
|inactive|Santu has 120 seconds left.
|inactive|pokemonisfun has 270 seconds left.
|
|t:|1667048097
|move|p1a: dead head|Photon Geyser|p2a: Slowking
|-resisted|p2a: Slowking
|-damage|p2a: Slowking|39/100
|move|p2a: Slowking|Slack Off|p2a: Slowking
|-heal|p2a: Slowking|89/100
|
|upkeep
|turn|28
|inactive|pokemonisfun has 270 seconds left.
|
|t:|1667048107
|move|p1a: dead head|Calm Mind|p1a: dead head
|-boost|p1a: dead head|spa|1
|-boost|p1a: dead head|spd|1
|move|p2a: Slowking|Thunder Wave|p1a: dead head
|-status|p1a: dead head|par
|
|upkeep
|turn|29
|inactive|pokemonisfun has 270 seconds left.
|
|t:|1667048115
|cant|p1a: dead head|par
|move|p2a: Slowking|Teleport|p2a: Slowking
|inactive|Santu has 90 seconds left.
|
|t:|1667048142
|switch|p2a: Salazzle|Salazzle, F|75/100|[from]move: Teleport
|
|upkeep
|turn|30
|
|t:|1667048156
|move|p2a: Salazzle|Encore|p1a: dead head
|-start|p1a: dead head|Encore
|move|p1a: dead head|Calm Mind|p1a: dead head
|-boost|p1a: dead head|spa|1
|-boost|p1a: dead head|spd|1
|
|upkeep
|turn|31
|inactive|Santu has 90 seconds left.
|
|t:|1667048172
|move|p2a: Salazzle|Nasty Plot|p2a: Salazzle
|-boost|p2a: Salazzle|spa|2
|move|p1a: dead head|Calm Mind|p1a: dead head
|-boost|p1a: dead head|spa|0
|-boost|p1a: dead head|spd|0
|
|upkeep
|turn|32
|
|t:|1667048195
|switch|p1a: sheepy sweepy|Cobalion|92/100
|move|p2a: Salazzle|Nasty Plot|p2a: Salazzle
|-boost|p2a: Salazzle|spa|2
|
|upkeep
|turn|33
|
|t:|1667048209
|move|p2a: Salazzle|Flamethrower|p1a: sheepy sweepy
|-supereffective|p1a: sheepy sweepy
|-damage|p1a: sheepy sweepy|0 fnt
|faint|p1a: sheepy sweepy
|
|upkeep
|inactive|pokemonisfun has 270 seconds left.
|inactive|pokemonisfun has 240 seconds left.
|inactive|pokemonisfun has 210 seconds left.
|
|t:|1667048296
|switch|p1a: Zygarde|Zygarde-10%|41/100 psn
|-ability|p1a: Zygarde|Aura Break
|turn|34
|
|t:|1667048304
|move|p1a: Zygarde|Extreme Speed|p2a: Salazzle
|-damage|p2a: Salazzle|10/100
|move|p2a: Salazzle|Flamethrower|p1a: Zygarde
|-resisted|p1a: Zygarde
|-damage|p1a: Zygarde|0 fnt
|faint|p1a: Zygarde
|
|upkeep
|
|t:|1667048312
|switch|p1a: wishy washy|Rotom-Wash|88/100 psn
|turn|35
|
|t:|1667048316
|move|p2a: Salazzle|Sludge Bomb|p1a: wishy washy
|-damage|p1a: wishy washy|0 fnt
|faint|p1a: wishy washy
|
|upkeep
|inactive|pokemonisfun has 210 seconds left.
|inactive|pokemonisfun has 180 seconds left.
|
|t:|1667048355
|switch|p1a: dead head|Necrozma|100/100 par
|turn|36
|inactive|pokemonisfun has 180 seconds left.
|
|t:|1667048369
|move|p2a: Salazzle|Sludge Bomb|p1a: dead head
|-damage|p1a: dead head|0 fnt
|faint|p1a: dead head
|
|upkeep
|-message|pokemonisfun forfeited.
|
|win|Santu
|c|☆pokemonisfun|gg
