|inactive|Battle timer is ON: inactive players will automatically lose when time's up.
|t:|1657488182
|gametype|singles
|player|p1|Fc ❤|#wcop2022canada|
|player|p2|Dunoks|#fcl9mighty|
|teamsize|p1|6
|teamsize|p2|6
|gen|8
|tier|[Gen 8] UU
|rule|Sleep Clause Mod: Limit one foe put to sleep
|rule|Species Clause: Limit one of each Pokémon
|rule|OHKO Clause: OHKO moves are banned
|rule|Evasion Moves Clause: Evasion moves are banned
|rule|Endless Battle Clause: Forcing endless battles is banned
|rule|HP Percentage Mod: HP is shown in percentages
|rule|Dynamax Clause: You cannot dynamax
|clearpoke
|poke|p1|Zygarde-10%|
|poke|p1|Slowbro-Galar, M|
|poke|p1|Primarina, F|
|poke|p1|Cobalion|
|poke|p1|Tapu Bulu|
|poke|p1|Rotom-Wash|
|poke|p2|Rotom-Wash|
|poke|p2|Hippowdon, F|
|poke|p2|Scizor, M|
|poke|p2|Hydreigon, F|
|poke|p2|Amoonguss, M|
|poke|p2|Crobat, F|
|teampreview
|raw|<div class="broadcast-red"><strong>Moderated chat was set to ☆!</strong><br />Only users of rank ☆ and higher can talk.</div>
|c|☆Fc ❤|hf
|c|☆Dunoks|hf 
|inactive|Fc ❤ has 270 seconds left.
|inactive|Dunoks has 270 seconds left.
|inactive|Dunoks has 240 seconds left.
|inactive|Dunoks has 210 seconds left.
|
|t:|1657488290
|start
|switch|p1a: Primarina|Primarina, F|100/100
|switch|p2a: Hippowdon|Hippowdon, F|100/100
|-weather|Sandstorm|[from] ability: Sand Stream|[of] p2a: Hippowdon
|turn|1
|
|t:|1657488301
|switch|p2a: Amoonguss|Amoonguss, M|100/100
|move|p1a: Primarina|Psychic|p2a: Amoonguss
|-supereffective|p2a: Amoonguss
|-damage|p2a: Amoonguss|44/100
|
|-weather|Sandstorm|[upkeep]
|-damage|p1a: Primarina|94/100|[from] Sandstorm
|-damage|p2a: Amoonguss|37/100|[from] Sandstorm
|-heal|p1a: Primarina|100/100|[from] item: Leftovers
|upkeep
|turn|2
|
|t:|1657488307
|switch|p2a: Rotom|Rotom-Wash|100/100
|move|p1a: Primarina|Energy Ball|p2a: Rotom
|-supereffective|p2a: Rotom
|-crit|p2a: Rotom
|-damage|p2a: Rotom|0 fnt
|faint|p2a: Rotom
|
|-weather|Sandstorm|[upkeep]
|-damage|p1a: Primarina|94/100|[from] Sandstorm
|-heal|p1a: Primarina|100/100|[from] item: Leftovers
|upkeep
|inactive|Dunoks has 270 seconds left.
|inactive|Dunoks has 240 seconds left.
|
|t:|1657488366
|switch|p2a: Amoonguss|Amoonguss, M|71/100
|turn|3
|inactive|Dunoks has 210 seconds left.
|
|t:|1657488398
|switch|p1a: Cobalion|Cobalion|100/100
|move|p2a: Amoonguss|Spore|p1a: Cobalion
|-status|p1a: Cobalion|slp|[from] move: Spore
|
|-weather|Sandstorm|[upkeep]
|-damage|p2a: Amoonguss|64/100|[from] Sandstorm
|upkeep
|turn|4
|
|t:|1657488407
|switch|p2a: Hippowdon|Hippowdon, F|100/100
|cant|p1a: Cobalion|slp
|
|-weather|Sandstorm|[upkeep]
|upkeep
|turn|5
|
|t:|1657488410
|switch|p1a: Rotom|Rotom-Wash|100/100
|move|p2a: Hippowdon|Stealth Rock|p1a: Rotom
|-sidestart|p1: Fc ❤|move: Stealth Rock
|
|-weather|none
|upkeep
|turn|6
|
|t:|1657488416
|move|p1a: Rotom|Hydro Pump|p2a: Hippowdon
|-supereffective|p2a: Hippowdon
|-damage|p2a: Hippowdon|36/100
|move|p2a: Hippowdon|Toxic|p1a: Rotom
|-status|p1a: Rotom|tox
|
|-heal|p2a: Hippowdon|42/100|[from] item: Leftovers
|-damage|p1a: Rotom|94/100 tox|[from] psn
|upkeep
|turn|7
|
|t:|1657488422
|switch|p2a: Hydreigon|Hydreigon, F|100/100
|move|p1a: Rotom|Defog|p2a: Hydreigon
|-unboost|p2a: Hydreigon|evasion|1
|-sideend|p1: Fc ❤|Stealth Rock|[from] move: Defog|[of] p1a: Rotom
|
|-heal|p1a: Rotom|100/100 tox|[from] item: Leftovers
|-damage|p1a: Rotom|88/100 tox|[from] psn
|upkeep
|turn|8
|
|t:|1657488426
|move|p2a: Hydreigon|U-turn|p1a: Rotom
|-damage|p1a: Rotom|73/100 tox
|
|t:|1657488428
|switch|p2a: Amoonguss|Amoonguss, M|98/100|[from]move: U-turn
|move|p1a: Rotom|Volt Switch|p2a: Amoonguss
|-resisted|p2a: Amoonguss
|-damage|p2a: Amoonguss|85/100
|
|t:|1657488432
|switch|p1a: Slowbro|Slowbro-Galar, M|100/100|[from]move: Volt Switch
|
|upkeep
|turn|9
|
|t:|1657488438
|switch|p2a: Hydreigon|Hydreigon, F|100/100
|move|p1a: Slowbro|Calm Mind|p1a: Slowbro
|-boost|p1a: Slowbro|spa|1
|-boost|p1a: Slowbro|spd|1
|
|upkeep
|turn|10
|
|t:|1657488441
|move|p2a: Hydreigon|Dark Pulse|p1a: Slowbro
|-supereffective|p1a: Slowbro
|-enditem|p1a: Slowbro|Colbur Berry|[eat]
|-enditem|p1a: Slowbro|Colbur Berry|[weaken]
|-damage|p1a: Slowbro|55/100
|move|p1a: Slowbro|Sludge Bomb|p2a: Hydreigon
|-damage|p2a: Hydreigon|49/100
|
|upkeep
|turn|11
|
|t:|1657488447
|switch|p2a: Amoonguss|Amoonguss, M|100/100
|switch|p1a: Primarina|Primarina, F|100/100
|
|upkeep
|turn|12
|
|t:|1657488456
|switch|p1a: Slowbro|Slowbro-Galar, M|88/100
|switch|p2a: Hippowdon|Hippowdon, F|42/100
|-weather|Sandstorm|[from] ability: Sand Stream|[of] p2a: Hippowdon
|
|-weather|Sandstorm|[upkeep]
|-damage|p1a: Slowbro|82/100|[from] Sandstorm
|-heal|p2a: Hippowdon|49/100|[from] item: Leftovers
|upkeep
|turn|13
|
|t:|1657488464
|switch|p1a: Primarina|Primarina, F|100/100
|move|p2a: Hippowdon|Stealth Rock|p1a: Primarina
|-sidestart|p1: Fc ❤|move: Stealth Rock
|
|-weather|Sandstorm|[upkeep]
|-damage|p1a: Primarina|94/100|[from] Sandstorm
|-heal|p1a: Primarina|100/100|[from] item: Leftovers
|-heal|p2a: Hippowdon|55/100|[from] item: Leftovers
|upkeep
|turn|14
|
|t:|1657488468
|switch|p2a: Scizor|Scizor, M|100/100
|move|p1a: Primarina|Scald|p2a: Scizor
|-damage|p2a: Scizor|52/100
|
|-weather|Sandstorm|[upkeep]
|-damage|p1a: Primarina|94/100|[from] Sandstorm
|-heal|p1a: Primarina|100/100|[from] item: Leftovers
|upkeep
|turn|15
|
|t:|1657488471
|move|p1a: Primarina|Psychic|p2a: Scizor
|-resisted|p2a: Scizor
|-damage|p2a: Scizor|36/100
|move|p2a: Scizor|Roost|p2a: Scizor
|-heal|p2a: Scizor|86/100
|-singleturn|p2a: Scizor|move: Roost
|
|-weather|Sandstorm|[upkeep]
|-damage|p1a: Primarina|94/100|[from] Sandstorm
|-heal|p1a: Primarina|100/100|[from] item: Leftovers
|upkeep
|turn|16
|
|t:|1657488477
|switch|p2a: Amoonguss|Amoonguss, M|100/100
|move|p1a: Primarina|Scald|p2a: Amoonguss
|-resisted|p2a: Amoonguss
|-damage|p2a: Amoonguss|81/100
|
|-weather|none
|upkeep
|turn|17
|
|t:|1657488493
|switch|p1a: Cobalion|Cobalion|100/100 slp
|-damage|p1a: Cobalion|97/100 slp|[from] Stealth Rock
|switch|p2a: Hydreigon|Hydreigon, F|49/100
|
|upkeep
|turn|18
|
|t:|1657488498
|switch|p1a: Primarina|Primarina, F|100/100
|-damage|p1a: Primarina|88/100|[from] Stealth Rock
|switch|p2a: Hippowdon|Hippowdon, F|55/100
|-weather|Sandstorm|[from] ability: Sand Stream|[of] p2a: Hippowdon
|
|-weather|Sandstorm|[upkeep]
|-damage|p1a: Primarina|82/100|[from] Sandstorm
|-heal|p1a: Primarina|88/100|[from] item: Leftovers
|-heal|p2a: Hippowdon|61/100|[from] item: Leftovers
|upkeep
|turn|19
|
|t:|1657488502
|switch|p2a: Amoonguss|Amoonguss, M|100/100
|move|p1a: Primarina|Scald|p2a: Amoonguss
|-resisted|p2a: Amoonguss
|-damage|p2a: Amoonguss|82/100
|
|-weather|Sandstorm|[upkeep]
|-damage|p1a: Primarina|82/100|[from] Sandstorm
|-damage|p2a: Amoonguss|75/100|[from] Sandstorm
|-heal|p1a: Primarina|88/100|[from] item: Leftovers
|upkeep
|turn|20
|
|t:|1657488509
|switch|p1a: Cobalion|Cobalion|97/100 slp
|-damage|p1a: Cobalion|94/100 slp|[from] Stealth Rock
|move|p2a: Amoonguss|Sludge Bomb|p1a: Cobalion
|-immune|p1a: Cobalion
|
|-weather|Sandstorm|[upkeep]
|-damage|p2a: Amoonguss|69/100|[from] Sandstorm
|upkeep
|turn|21
|
|t:|1657488512
|switch|p2a: Hippowdon|Hippowdon, F|61/100
|cant|p1a: Cobalion|slp
|
|-weather|Sandstorm|[upkeep]
|-heal|p2a: Hippowdon|67/100|[from] item: Leftovers
|upkeep
|turn|22
|
|t:|1657488517
|switch|p1a: Rotom|Rotom-Wash|73/100 tox
|-damage|p1a: Rotom|60/100 tox|[from] Stealth Rock
|move|p2a: Hippowdon|Earthquake|p1a: Rotom
|-immune|p1a: Rotom|[from] ability: Levitate
|
|-weather|none
|-heal|p1a: Rotom|67/100 tox|[from] item: Leftovers
|-heal|p2a: Hippowdon|73/100|[from] item: Leftovers
|-damage|p1a: Rotom|60/100 tox|[from] psn
|upkeep
|turn|23
|
|t:|1657488520
|switch|p2a: Hydreigon|Hydreigon, F|49/100
|move|p1a: Rotom|Volt Switch|p2a: Hydreigon
|-resisted|p2a: Hydreigon
|-damage|p2a: Hydreigon|36/100
|inactive|Fc ❤ has 270 seconds left.
|
|t:|1657488554
|switch|p1a: Zygarde|Zygarde-10%|100/100|[from]move: Volt Switch
|-damage|p1a: Zygarde|94/100|[from] Stealth Rock
|-ability|p1a: Zygarde|Aura Break
|
|upkeep
|turn|24
|inactive|Dunoks has 270 seconds left.
|inactive|Dunoks has 240 seconds left.
|
|t:|1657488620
|switch|p2a: Amoonguss|Amoonguss, M|100/100
|move|p1a: Zygarde|Thousand Arrows|p2a: Amoonguss
|-damage|p2a: Amoonguss|60/100
|
|upkeep
|turn|25
|inactive|Dunoks has 240 seconds left.
|
|t:|1657488627
|move|p1a: Zygarde|Thousand Arrows|p2a: Amoonguss
|-damage|p2a: Amoonguss|13/100
|move|p2a: Amoonguss|Foul Play|p1a: Zygarde
|-damage|p1a: Zygarde|45/100
|
|upkeep
|turn|26
|inactive|Dunoks has 240 seconds left.
|
|t:|1657488639
|switch|p2a: Crobat|Crobat, F|100/100
|move|p1a: Zygarde|Thousand Arrows|p2a: Crobat
|-damage|p2a: Crobat|35/100
|-start|p2a: Crobat|Smack Down
|
|upkeep
|turn|27
|
|t:|1657488649
|switch|p1a: Cobalion|Cobalion|94/100 slp
|-damage|p1a: Cobalion|91/100 slp|[from] Stealth Rock
|move|p2a: Crobat|Brave Bird|p1a: Cobalion
|-damage|p1a: Cobalion|54/100 slp
|-damage|p2a: Crobat|19/100|[from] item: Rocky Helmet|[of] p1a: Cobalion
|-damage|p2a: Crobat|7/100|[from] Recoil
|
|upkeep
|turn|28
|
|t:|1657488653
|move|p2a: Crobat|Roost|p2a: Crobat
|-heal|p2a: Crobat|57/100
|-singleturn|p2a: Crobat|move: Roost
|cant|p1a: Cobalion|slp
|
|upkeep
|turn|29
|
|t:|1657488657
|move|p2a: Crobat|Taunt|p1a: Cobalion
|-start|p1a: Cobalion|move: Taunt
|-curestatus|p1a: Cobalion|slp|[msg]
|cant|p1a: Cobalion|move: Taunt|Stealth Rock
|
|upkeep
|turn|30
|
|t:|1657488658
|move|p2a: Crobat|Roost|p2a: Crobat
|-heal|p2a: Crobat|100/100
|-singleturn|p2a: Crobat|move: Roost
|move|p1a: Cobalion|Volt Switch|p2a: Crobat
|-damage|p2a: Crobat|84/100
|
|t:|1657488665
|switch|p1a: Primarina|Primarina, F|88/100|[from]move: Volt Switch
|-damage|p1a: Primarina|75/100|[from] Stealth Rock
|
|-heal|p1a: Primarina|82/100|[from] item: Leftovers
|upkeep
|turn|31
|inactive|Dunoks has 270 seconds left.
|inactive|Dunoks has 240 seconds left.
|inactive|Dunoks has 210 seconds left.
|inactive|Dunoks has 180 seconds left.
|
|t:|1657488781
|move|p2a: Crobat|U-turn|p1a: Primarina
|-resisted|p1a: Primarina
|-damage|p1a: Primarina|70/100
|inactive|Dunoks has 180 seconds left.
|
|t:|1657488798
|switch|p2a: Hydreigon|Hydreigon, F|36/100|[from]move: U-turn
|move|p1a: Primarina|Psychic|p2a: Hydreigon
|-immune|p2a: Hydreigon
|
|-heal|p1a: Primarina|76/100|[from] item: Leftovers
|upkeep
|turn|32
|inactive|Dunoks has 150 seconds left.
|
|t:|1657488833
|move|p2a: Hydreigon|Dark Pulse|p1a: Primarina
|-resisted|p1a: Primarina
|-damage|p1a: Primarina|50/100
|move|p1a: Primarina|Moonblast|p2a: Hydreigon
|-supereffective|p2a: Hydreigon
|-damage|p2a: Hydreigon|0 fnt
|faint|p2a: Hydreigon
|
|-heal|p1a: Primarina|56/100|[from] item: Leftovers
|upkeep
|
|t:|1657488835
|switch|p2a: Crobat|Crobat, F|84/100
|turn|33
|inactive|Fc ❤ has 270 seconds left.
|
|t:|1657488867
|move|p2a: Crobat|Brave Bird|p1a: Primarina
|-damage|p1a: Primarina|0 fnt
|faint|p1a: Primarina
|-damage|p2a: Crobat|67/100|[from] Recoil
|
|upkeep
|inactive|Fc ❤ has 270 seconds left.
|
|t:|1657488894
|switch|p1a: Rotom|Rotom-Wash|60/100 tox
|-damage|p1a: Rotom|48/100 tox|[from] Stealth Rock
|turn|34
|
|t:|1657488912
|move|p2a: Crobat|U-turn|p1a: Rotom
|-damage|p1a: Rotom|29/100 tox
|
|t:|1657488914
|switch|p2a: Hippowdon|Hippowdon, F|73/100|[from]move: U-turn
|-weather|Sandstorm|[from] ability: Sand Stream|[of] p2a: Hippowdon
|move|p1a: Rotom|Hydro Pump|p2a: Hippowdon
|-supereffective|p2a: Hippowdon
|-damage|p2a: Hippowdon|15/100
|
|-weather|Sandstorm|[upkeep]
|-damage|p1a: Rotom|23/100 tox|[from] Sandstorm
|-heal|p1a: Rotom|29/100 tox|[from] item: Leftovers
|-heal|p2a: Hippowdon|21/100|[from] item: Leftovers
|-damage|p1a: Rotom|23/100 tox|[from] psn
|upkeep
|turn|35
|
|t:|1657488934
|move|p1a: Rotom|Defog|p2a: Hippowdon
|-unboost|p2a: Hippowdon|evasion|1
|-sideend|p1: Fc ❤|Stealth Rock|[from] move: Defog|[of] p1a: Rotom
|move|p2a: Hippowdon|Slack Off|p2a: Hippowdon
|-heal|p2a: Hippowdon|71/100
|
|-weather|Sandstorm|[upkeep]
|-damage|p1a: Rotom|16/100 tox|[from] Sandstorm
|-heal|p1a: Rotom|23/100 tox|[from] item: Leftovers
|-heal|p2a: Hippowdon|77/100|[from] item: Leftovers
|-damage|p1a: Rotom|10/100 tox|[from] psn
|upkeep
|turn|36
|
|t:|1657488945
|move|p1a: Rotom|Pain Split|p2a: Hippowdon
|-sethp|p2a: Hippowdon|42/100|[from] move: Pain Split|[silent]
|-sethp|p1a: Rotom|57/100 tox|[from] move: Pain Split
|move|p2a: Hippowdon|Slack Off|p2a: Hippowdon
|-heal|p2a: Hippowdon|92/100
|
|-weather|Sandstorm|[upkeep]
|-damage|p1a: Rotom|50/100 tox|[from] Sandstorm
|-heal|p1a: Rotom|57/100 tox|[from] item: Leftovers
|-heal|p2a: Hippowdon|98/100|[from] item: Leftovers
|-damage|p1a: Rotom|38/100 tox|[from] psn
|upkeep
|turn|37
|
|t:|1657488954
|move|p1a: Rotom|Pain Split|p2a: Hippowdon
|-sethp|p2a: Hippowdon|63/100|[from] move: Pain Split|[silent]
|-sethp|p1a: Rotom|85/100 tox|[from] move: Pain Split
|move|p2a: Hippowdon|Stealth Rock|p1a: Rotom
|-sidestart|p1: Fc ❤|move: Stealth Rock
|
|-weather|Sandstorm|[upkeep]
|-damage|p1a: Rotom|79/100 tox|[from] Sandstorm
|-heal|p1a: Rotom|85/100 tox|[from] item: Leftovers
|-heal|p2a: Hippowdon|69/100|[from] item: Leftovers
|-damage|p1a: Rotom|60/100 tox|[from] psn
|upkeep
|turn|38
|
|t:|1657488960
|switch|p1a: Tapu Bulu|Tapu Bulu|100/100
|-damage|p1a: Tapu Bulu|88/100|[from] Stealth Rock
|-fieldstart|move: Grassy Terrain|[from] ability: Grassy Surge|[of] p1a: Tapu Bulu
|move|p2a: Hippowdon|Slack Off|p2a: Hippowdon
|-heal|p2a: Hippowdon|100/100
|
|-weather|none
|-heal|p1a: Tapu Bulu|94/100|[from] Grassy Terrain
|upkeep
|turn|39
|
|t:|1657488965
|switch|p2a: Scizor|Scizor, M|86/100
|move|p1a: Tapu Bulu|Stone Edge|p2a: Scizor|[miss]
|-miss|p1a: Tapu Bulu|p2a: Scizor
|
|-heal|p1a: Tapu Bulu|99/100|[from] Grassy Terrain
|-heal|p2a: Scizor|92/100|[from] Grassy Terrain
|upkeep
|turn|40
|
|t:|1657488973
|switch|p1a: Slowbro|Slowbro-Galar, M|100/100
|-damage|p1a: Slowbro|88/100|[from] Stealth Rock
|move|p2a: Scizor|U-turn|p1a: Slowbro
|-damage|p1a: Slowbro|66/100
|
|t:|1657488975
|switch|p2a: Amoonguss|Amoonguss, M|46/100|[from]move: U-turn
|
|-heal|p1a: Slowbro|73/100|[from] Grassy Terrain
|-heal|p2a: Amoonguss|52/100|[from] Grassy Terrain
|upkeep
|turn|41
|
|t:|1657488984
|switch|p1a: Cobalion|Cobalion|54/100
|-damage|p1a: Cobalion|51/100|[from] Stealth Rock
|switch|p2a: Crobat|Crobat, F|67/100
|
|-heal|p1a: Cobalion|57/100|[from] Grassy Terrain
|upkeep
|turn|42
|
|t:|1657488987
|move|p2a: Crobat|Roost|p2a: Crobat
|-heal|p2a: Crobat|100/100
|-singleturn|p2a: Crobat|move: Roost
|move|p1a: Cobalion|Volt Switch|p2a: Crobat
|-damage|p2a: Crobat|85/100
|
|t:|1657488989
|switch|p1a: Slowbro|Slowbro-Galar, M|100/100|[from]move: Volt Switch
|-damage|p1a: Slowbro|88/100|[from] Stealth Rock
|
|-heal|p2a: Crobat|91/100|[from] Grassy Terrain
|-heal|p1a: Slowbro|94/100|[from] Grassy Terrain
|-fieldend|move: Grassy Terrain
|upkeep
|turn|43
|
|t:|1657488992
|move|p2a: Crobat|U-turn|p1a: Slowbro
|-damage|p1a: Slowbro|82/100
|
|t:|1657488994
|switch|p2a: Hippowdon|Hippowdon, F|100/100|[from]move: U-turn
|-weather|Sandstorm|[from] ability: Sand Stream|[of] p2a: Hippowdon
|move|p1a: Slowbro|Flamethrower|p2a: Hippowdon
|-damage|p2a: Hippowdon|84/100
|
|-weather|Sandstorm|[upkeep]
|-damage|p1a: Slowbro|76/100|[from] Sandstorm
|-heal|p2a: Hippowdon|90/100|[from] item: Leftovers
|upkeep
|turn|44
|
|t:|1657488999
|switch|p1a: Tapu Bulu|Tapu Bulu|99/100
|-damage|p1a: Tapu Bulu|88/100|[from] Stealth Rock
|-fieldstart|move: Grassy Terrain|[from] ability: Grassy Surge|[of] p1a: Tapu Bulu
|move|p2a: Hippowdon|Toxic|p1a: Tapu Bulu
|-status|p1a: Tapu Bulu|tox
|
|-weather|Sandstorm|[upkeep]
|-damage|p1a: Tapu Bulu|82/100 tox|[from] Sandstorm
|-heal|p1a: Tapu Bulu|88/100 tox|[from] Grassy Terrain
|-heal|p2a: Hippowdon|96/100|[from] Grassy Terrain
|-heal|p2a: Hippowdon|100/100|[from] item: Leftovers
|-damage|p1a: Tapu Bulu|82/100 tox|[from] psn
|upkeep
|turn|45
|
|t:|1657489008
|switch|p1a: Cobalion|Cobalion|57/100
|-damage|p1a: Cobalion|54/100|[from] Stealth Rock
|switch|p2a: Amoonguss|Amoonguss, M|86/100
|
|-weather|Sandstorm|[upkeep]
|-damage|p2a: Amoonguss|79/100|[from] Sandstorm
|-heal|p1a: Cobalion|60/100|[from] Grassy Terrain
|-heal|p2a: Amoonguss|86/100|[from] Grassy Terrain
|upkeep
|turn|46
|
|t:|1657489010
|move|p1a: Cobalion|Stealth Rock|p2a: Amoonguss
|-sidestart|p2: Dunoks|move: Stealth Rock
|move|p2a: Amoonguss|Spore|p1a: Cobalion
|-status|p1a: Cobalion|slp|[from] move: Spore
|
|-weather|Sandstorm|[upkeep]
|-damage|p2a: Amoonguss|79/100|[from] Sandstorm
|-heal|p1a: Cobalion|66/100 slp|[from] Grassy Terrain
|-heal|p2a: Amoonguss|86/100|[from] Grassy Terrain
|upkeep
|turn|47
|
|t:|1657489015
|switch|p1a: Slowbro|Slowbro-Galar, M|100/100
|-damage|p1a: Slowbro|88/100|[from] Stealth Rock
|switch|p2a: Scizor|Scizor, M|92/100
|
|-weather|none
|-heal|p2a: Scizor|98/100|[from] Grassy Terrain
|-heal|p1a: Slowbro|94/100|[from] Grassy Terrain
|upkeep
|turn|48
|
|t:|1657489017
|move|p2a: Scizor|U-turn|p1a: Slowbro
|-damage|p1a: Slowbro|74/100
|
|t:|1657489019
|switch|p2a: Hippowdon|Hippowdon, F|100/100|[from]move: U-turn
|-damage|p2a: Hippowdon|94/100|[from] Stealth Rock
|-weather|Sandstorm|[from] ability: Sand Stream|[of] p2a: Hippowdon
|move|p1a: Slowbro|Flamethrower|p2a: Hippowdon
|-damage|p2a: Hippowdon|78/100
|
|-weather|Sandstorm|[upkeep]
|-damage|p1a: Slowbro|68/100|[from] Sandstorm
|-heal|p2a: Hippowdon|84/100|[from] Grassy Terrain
|-heal|p2a: Hippowdon|90/100|[from] item: Leftovers
|-heal|p1a: Slowbro|74/100|[from] Grassy Terrain
|-fieldend|move: Grassy Terrain
|upkeep
|turn|49
|
|t:|1657489024
|switch|p2a: Scizor|Scizor, M|98/100
|switch|p1a: Rotom|Rotom-Wash|60/100 tox
|-damage|p1a: Rotom|48/100 tox|[from] Stealth Rock
|
|-weather|Sandstorm|[upkeep]
|-damage|p1a: Rotom|42/100 tox|[from] Sandstorm
|-heal|p1a: Rotom|48/100 tox|[from] item: Leftovers
|-damage|p1a: Rotom|42/100 tox|[from] psn
|upkeep
|turn|50
|
|t:|1657489028
|move|p1a: Rotom|Pain Split|p2a: Scizor
|-sethp|p2a: Scizor|68/100|[from] move: Pain Split|[silent]
|-sethp|p1a: Rotom|76/100 tox|[from] move: Pain Split
|move|p2a: Scizor|U-turn|p1a: Rotom
|-damage|p1a: Rotom|40/100 tox
|inactive|Dunoks has 270 seconds left.
|
|t:|1657489080
|switch|p2a: Amoonguss|Amoonguss, M|100/100|[from]move: U-turn
|-damage|p2a: Amoonguss|88/100|[from] Stealth Rock
|
|-weather|Sandstorm|[upkeep]
|-damage|p1a: Rotom|33/100 tox|[from] Sandstorm
|-damage|p2a: Amoonguss|82/100|[from] Sandstorm
|-heal|p1a: Rotom|40/100 tox|[from] item: Leftovers
|-damage|p1a: Rotom|27/100 tox|[from] psn
|upkeep
|turn|51
|
|t:|1657489086
|move|p1a: Rotom|Volt Switch|p2a: Amoonguss
|-resisted|p2a: Amoonguss
|-damage|p2a: Amoonguss|70/100
|
|t:|1657489090
|switch|p1a: Slowbro|Slowbro-Galar, M|100/100|[from]move: Volt Switch
|-damage|p1a: Slowbro|88/100|[from] Stealth Rock
|move|p2a: Amoonguss|Foul Play|p1a: Slowbro
|-supereffective|p1a: Slowbro
|-damage|p1a: Slowbro|65/100
|
|-weather|Sandstorm|[upkeep]
|-damage|p1a: Slowbro|59/100|[from] Sandstorm
|-damage|p2a: Amoonguss|64/100|[from] Sandstorm
|upkeep
|turn|52
|inactive|Dunoks has 270 seconds left.
|
|t:|1657489108
|move|p1a: Slowbro|Sludge Bomb|p2a: Amoonguss
|-damage|p2a: Amoonguss|37/100
|move|p2a: Amoonguss|Foul Play|p1a: Slowbro
|-supereffective|p1a: Slowbro
|-damage|p1a: Slowbro|36/100
|
|-weather|none
|upkeep
|turn|53
|
|t:|1657489115
|switch|p2a: Hippowdon|Hippowdon, F|90/100
|-damage|p2a: Hippowdon|84/100|[from] Stealth Rock
|-weather|Sandstorm|[from] ability: Sand Stream|[of] p2a: Hippowdon
|move|p1a: Slowbro|Slack Off|p1a: Slowbro
|-heal|p1a: Slowbro|86/100
|
|-weather|Sandstorm|[upkeep]
|-damage|p1a: Slowbro|80/100|[from] Sandstorm
|-heal|p2a: Hippowdon|90/100|[from] item: Leftovers
|upkeep
|turn|54
|inactive|Dunoks has 270 seconds left.
|
|t:|1657489141
|switch|p2a: Scizor|Scizor, M|68/100
|move|p1a: Slowbro|Slack Off|p1a: Slowbro
|-heal|p1a: Slowbro|100/100
|
|-weather|Sandstorm|[upkeep]
|-damage|p1a: Slowbro|94/100|[from] Sandstorm
|upkeep
|turn|55
|
|t:|1657489146
|move|p2a: Scizor|U-turn|p1a: Slowbro
|-crit|p1a: Slowbro
|-damage|p1a: Slowbro|59/100
|
|t:|1657489148
|switch|p2a: Crobat|Crobat, F|91/100|[from]move: U-turn
|move|p1a: Slowbro|Flamethrower|p2a: Crobat
|-damage|p2a: Crobat|68/100
|-status|p2a: Crobat|brn
|
|-weather|Sandstorm|[upkeep]
|-damage|p2a: Crobat|62/100 brn|[from] Sandstorm
|-damage|p1a: Slowbro|53/100|[from] Sandstorm
|-damage|p2a: Crobat|56/100 brn|[from] brn
|upkeep
|turn|56
|
|t:|1657489152
|move|p2a: Crobat|Taunt|p1a: Slowbro
|-start|p1a: Slowbro|move: Taunt
|cant|p1a: Slowbro|move: Taunt|Slack Off
|
|-weather|Sandstorm|[upkeep]
|-damage|p2a: Crobat|50/100 brn|[from] Sandstorm
|-damage|p1a: Slowbro|47/100|[from] Sandstorm
|-damage|p2a: Crobat|44/100 brn|[from] brn
|upkeep
|turn|57
|
|t:|1657489171
|move|p2a: Crobat|Roost|p2a: Crobat
|-heal|p2a: Crobat|94/100 brn
|-singleturn|p2a: Crobat|move: Roost
|move|p1a: Slowbro|Flamethrower|p2a: Crobat
|-damage|p2a: Crobat|71/100 brn
|
|-weather|none
|-damage|p2a: Crobat|65/100 brn|[from] brn
|upkeep
|turn|58
|
|t:|1657489175
|move|p2a: Crobat|U-turn|p1a: Slowbro
|-damage|p1a: Slowbro|40/100
|
|t:|1657489177
|switch|p2a: Hippowdon|Hippowdon, F|90/100|[from]move: U-turn
|-damage|p2a: Hippowdon|84/100|[from] Stealth Rock
|-weather|Sandstorm|[from] ability: Sand Stream|[of] p2a: Hippowdon
|move|p1a: Slowbro|Flamethrower|p2a: Hippowdon
|-damage|p2a: Hippowdon|68/100
|
|-weather|Sandstorm|[upkeep]
|-damage|p1a: Slowbro|34/100|[from] Sandstorm
|-heal|p2a: Hippowdon|75/100|[from] item: Leftovers
|-end|p1a: Slowbro|move: Taunt
|upkeep
|turn|59
|
|t:|1657489183
|switch|p2a: Amoonguss|Amoonguss, M|70/100
|-damage|p2a: Amoonguss|58/100|[from] Stealth Rock
|switch|p1a: Tapu Bulu|Tapu Bulu|82/100 tox
|-damage|p1a: Tapu Bulu|69/100 tox|[from] Stealth Rock
|-fieldstart|move: Grassy Terrain|[from] ability: Grassy Surge|[of] p1a: Tapu Bulu
|
|-weather|Sandstorm|[upkeep]
|-damage|p1a: Tapu Bulu|63/100 tox|[from] Sandstorm
|-damage|p2a: Amoonguss|52/100|[from] Sandstorm
|-heal|p1a: Tapu Bulu|69/100 tox|[from] Grassy Terrain
|-heal|p2a: Amoonguss|58/100|[from] Grassy Terrain
|-damage|p1a: Tapu Bulu|63/100 tox|[from] psn
|upkeep
|turn|60
|
|t:|1657489194
|switch|p1a: Slowbro|Slowbro-Galar, M|67/100
|-damage|p1a: Slowbro|55/100|[from] Stealth Rock
|move|p2a: Amoonguss|Sludge Bomb|p1a: Slowbro
|-resisted|p1a: Slowbro
|-damage|p1a: Slowbro|40/100
|
|-weather|Sandstorm|[upkeep]
|-damage|p1a: Slowbro|34/100|[from] Sandstorm
|-damage|p2a: Amoonguss|52/100|[from] Sandstorm
|-heal|p1a: Slowbro|40/100|[from] Grassy Terrain
|-heal|p2a: Amoonguss|58/100|[from] Grassy Terrain
|upkeep
|turn|61
|
|t:|1657489198
|move|p1a: Slowbro|Slack Off|p1a: Slowbro
|-heal|p1a: Slowbro|91/100
|move|p2a: Amoonguss|Foul Play|p1a: Slowbro
|-supereffective|p1a: Slowbro
|-damage|p1a: Slowbro|69/100
|
|-weather|Sandstorm|[upkeep]
|-damage|p1a: Slowbro|62/100|[from] Sandstorm
|-damage|p2a: Amoonguss|52/100|[from] Sandstorm
|-heal|p1a: Slowbro|69/100|[from] Grassy Terrain
|-heal|p2a: Amoonguss|58/100|[from] Grassy Terrain
|upkeep
|turn|62
|
|t:|1657489201
|switch|p2a: Hippowdon|Hippowdon, F|75/100
|-damage|p2a: Hippowdon|68/100|[from] Stealth Rock
|move|p1a: Slowbro|Calm Mind|p1a: Slowbro
|-boost|p1a: Slowbro|spa|1
|-boost|p1a: Slowbro|spd|1
|
|-weather|none
|-heal|p2a: Hippowdon|75/100|[from] Grassy Terrain
|-heal|p2a: Hippowdon|81/100|[from] item: Leftovers
|-heal|p1a: Slowbro|75/100|[from] Grassy Terrain
|upkeep
|turn|63
|
|t:|1657489207
|move|p2a: Hippowdon|Earthquake|p1a: Slowbro
|-supereffective|p1a: Slowbro
|-damage|p1a: Slowbro|50/100
|move|p1a: Slowbro|Sludge Bomb|p2a: Hippowdon
|-resisted|p2a: Hippowdon
|-damage|p2a: Hippowdon|61/100
|
|-heal|p2a: Hippowdon|67/100|[from] Grassy Terrain
|-heal|p2a: Hippowdon|73/100|[from] item: Leftovers
|-heal|p1a: Slowbro|56/100|[from] Grassy Terrain
|-fieldend|move: Grassy Terrain
|upkeep
|turn|64
|
|t:|1657489215
|move|p2a: Hippowdon|Earthquake|p1a: Slowbro
|-supereffective|p1a: Slowbro
|-damage|p1a: Slowbro|8/100
|move|p1a: Slowbro|Slack Off|p1a: Slowbro
|-heal|p1a: Slowbro|58/100
|
|-heal|p2a: Hippowdon|79/100|[from] item: Leftovers
|upkeep
|turn|65
|
|t:|1657489219
|move|p2a: Hippowdon|Earthquake|p1a: Slowbro
|-supereffective|p1a: Slowbro
|-damage|p1a: Slowbro|12/100
|move|p1a: Slowbro|Slack Off|p1a: Slowbro
|-heal|p1a: Slowbro|62/100
|
|-heal|p2a: Hippowdon|85/100|[from] item: Leftovers
|upkeep
|turn|66
|
|t:|1657489223
|switch|p1a: Rotom|Rotom-Wash|27/100 tox
|-damage|p1a: Rotom|15/100 tox|[from] Stealth Rock
|move|p2a: Hippowdon|Earthquake|p1a: Rotom
|-immune|p1a: Rotom|[from] ability: Levitate
|
|-heal|p1a: Rotom|21/100 tox|[from] item: Leftovers
|-heal|p2a: Hippowdon|91/100|[from] item: Leftovers
|-damage|p1a: Rotom|15/100 tox|[from] psn
|upkeep
|turn|67
|
|t:|1657489230
|switch|p2a: Crobat|Crobat, F|65/100 brn
|move|p1a: Rotom|Pain Split|p2a: Crobat
|-sethp|p2a: Crobat|39/100 brn|[from] move: Pain Split|[silent]
|-sethp|p1a: Rotom|44/100 tox|[from] move: Pain Split
|
|-heal|p1a: Rotom|50/100 tox|[from] item: Leftovers
|-damage|p1a: Rotom|38/100 tox|[from] psn
|-damage|p2a: Crobat|33/100 brn|[from] brn
|upkeep
|turn|68
|
|t:|1657489234
|move|p2a: Crobat|Roost|p2a: Crobat
|-heal|p2a: Crobat|83/100 brn
|-singleturn|p2a: Crobat|move: Roost
|move|p1a: Rotom|Volt Switch|p2a: Crobat
|-damage|p2a: Crobat|53/100 brn
|
|t:|1657489236
|switch|p1a: Slowbro|Slowbro-Galar, M|95/100|[from]move: Volt Switch
|-damage|p1a: Slowbro|83/100|[from] Stealth Rock
|
|-damage|p2a: Crobat|47/100 brn|[from] brn
|upkeep
|turn|69
|
|t:|1657489240
|move|p2a: Crobat|Taunt|p1a: Slowbro
|-start|p1a: Slowbro|move: Taunt
|move|p1a: Slowbro|Flamethrower|p2a: Crobat
|-damage|p2a: Crobat|23/100 brn
|
|-damage|p2a: Crobat|17/100 brn|[from] brn
|upkeep
|turn|70
|
|t:|1657489244
|move|p2a: Crobat|Roost|p2a: Crobat
|-heal|p2a: Crobat|67/100 brn
|-singleturn|p2a: Crobat|move: Roost
|move|p1a: Slowbro|Flamethrower|p2a: Crobat
|-damage|p2a: Crobat|42/100 brn
|
|-damage|p2a: Crobat|36/100 brn|[from] brn
|upkeep
|turn|71
|
|t:|1657489247
|move|p2a: Crobat|Roost|p2a: Crobat
|-heal|p2a: Crobat|86/100 brn
|-singleturn|p2a: Crobat|move: Roost
|move|p1a: Slowbro|Flamethrower|p2a: Crobat
|-damage|p2a: Crobat|63/100 brn
|
|-damage|p2a: Crobat|57/100 brn|[from] brn
|-end|p1a: Slowbro|move: Taunt
|upkeep
|turn|72
|
|t:|1657489249
|move|p2a: Crobat|U-turn|p1a: Slowbro
|-damage|p1a: Slowbro|77/100
|
|t:|1657489250
|switch|p2a: Hippowdon|Hippowdon, F|91/100|[from]move: U-turn
|-damage|p2a: Hippowdon|85/100|[from] Stealth Rock
|-weather|Sandstorm|[from] ability: Sand Stream|[of] p2a: Hippowdon
|move|p1a: Slowbro|Flamethrower|p2a: Hippowdon
|-damage|p2a: Hippowdon|69/100
|
|-weather|Sandstorm|[upkeep]
|-damage|p1a: Slowbro|71/100|[from] Sandstorm
|-heal|p2a: Hippowdon|75/100|[from] item: Leftovers
|upkeep
|turn|73
|
|t:|1657489255
|switch|p1a: Rotom|Rotom-Wash|38/100 tox
|-damage|p1a: Rotom|25/100 tox|[from] Stealth Rock
|move|p2a: Hippowdon|Earthquake|p1a: Rotom
|-immune|p1a: Rotom|[from] ability: Levitate
|
|-weather|Sandstorm|[upkeep]
|-damage|p1a: Rotom|19/100 tox|[from] Sandstorm
|-heal|p1a: Rotom|25/100 tox|[from] item: Leftovers
|-heal|p2a: Hippowdon|81/100|[from] item: Leftovers
|-damage|p1a: Rotom|19/100 tox|[from] psn
|upkeep
|turn|74
|
|t:|1657489262
|switch|p2a: Amoonguss|Amoonguss, M|91/100
|-damage|p2a: Amoonguss|79/100|[from] Stealth Rock
|move|p1a: Rotom|Pain Split|p2a: Amoonguss
|-sethp|p2a: Amoonguss|46/100|[from] move: Pain Split|[silent]
|-sethp|p1a: Rotom|65/100 tox|[from] move: Pain Split
|
|-weather|Sandstorm|[upkeep]
|-damage|p1a: Rotom|59/100 tox|[from] Sandstorm
|-damage|p2a: Amoonguss|40/100|[from] Sandstorm
|-heal|p1a: Rotom|65/100 tox|[from] item: Leftovers
|-damage|p1a: Rotom|53/100 tox|[from] psn
|upkeep
|turn|75
|
|t:|1657489267
|switch|p1a: Slowbro|Slowbro-Galar, M|100/100
|-damage|p1a: Slowbro|88/100|[from] Stealth Rock
|switch|p2a: Hippowdon|Hippowdon, F|81/100
|-damage|p2a: Hippowdon|75/100|[from] Stealth Rock
|
|-weather|Sandstorm|[upkeep]
|-damage|p1a: Slowbro|82/100|[from] Sandstorm
|-heal|p2a: Hippowdon|81/100|[from] item: Leftovers
|upkeep
|turn|76
|
|t:|1657489273
|switch|p2a: Scizor|Scizor, M|68/100
|switch|p1a: Rotom|Rotom-Wash|53/100 tox
|-damage|p1a: Rotom|40/100 tox|[from] Stealth Rock
|
|-weather|none
|-heal|p1a: Rotom|47/100 tox|[from] item: Leftovers
|-damage|p1a: Rotom|40/100 tox|[from] psn
|upkeep
|turn|77
|
|t:|1657489277
|move|p1a: Rotom|Volt Switch|p2a: Scizor
|-damage|p2a: Scizor|44/100
|
|t:|1657489278
|switch|p1a: Slowbro|Slowbro-Galar, M|100/100|[from]move: Volt Switch
|-damage|p1a: Slowbro|88/100|[from] Stealth Rock
|move|p2a: Scizor|Roost|p2a: Scizor
|-heal|p2a: Scizor|94/100
|-singleturn|p2a: Scizor|move: Roost
|
|upkeep
|turn|78
|
|t:|1657489282
|move|p2a: Scizor|U-turn|p1a: Slowbro
|-damage|p1a: Slowbro|65/100
|
|t:|1657489284
|switch|p2a: Hippowdon|Hippowdon, F|81/100|[from]move: U-turn
|-damage|p2a: Hippowdon|75/100|[from] Stealth Rock
|-weather|Sandstorm|[from] ability: Sand Stream|[of] p2a: Hippowdon
|move|p1a: Slowbro|Flamethrower|p2a: Hippowdon
|-damage|p2a: Hippowdon|57/100
|
|-weather|Sandstorm|[upkeep]
|-damage|p1a: Slowbro|59/100|[from] Sandstorm
|-heal|p2a: Hippowdon|63/100|[from] item: Leftovers
|upkeep
|turn|79
|
|t:|1657489289
|switch|p1a: Rotom|Rotom-Wash|40/100 tox
|-damage|p1a: Rotom|28/100 tox|[from] Stealth Rock
|move|p2a: Hippowdon|Slack Off|p2a: Hippowdon
|-heal|p2a: Hippowdon|100/100
|
|-weather|Sandstorm|[upkeep]
|-damage|p1a: Rotom|22/100 tox|[from] Sandstorm
|-heal|p1a: Rotom|28/100 tox|[from] item: Leftovers
|-damage|p1a: Rotom|22/100 tox|[from] psn
|upkeep
|turn|80
|
|t:|1657489293
|switch|p2a: Amoonguss|Amoonguss, M|73/100
|-damage|p2a: Amoonguss|61/100|[from] Stealth Rock
|move|p1a: Rotom|Pain Split|p2a: Amoonguss
|-sethp|p2a: Amoonguss|38/100|[from] move: Pain Split|[silent]
|-sethp|p1a: Rotom|54/100 tox|[from] move: Pain Split
|
|-weather|Sandstorm|[upkeep]
|-damage|p1a: Rotom|48/100 tox|[from] Sandstorm
|-damage|p2a: Amoonguss|32/100|[from] Sandstorm
|-heal|p1a: Rotom|54/100 tox|[from] item: Leftovers
|-damage|p1a: Rotom|41/100 tox|[from] psn
|upkeep
|turn|81
|
|t:|1657489296
|switch|p1a: Slowbro|Slowbro-Galar, M|92/100
|-damage|p1a: Slowbro|80/100|[from] Stealth Rock
|switch|p2a: Hippowdon|Hippowdon, F|100/100
|-damage|p2a: Hippowdon|94/100|[from] Stealth Rock
|
|-weather|Sandstorm|[upkeep]
|-damage|p1a: Slowbro|74/100|[from] Sandstorm
|-heal|p2a: Hippowdon|100/100|[from] item: Leftovers
|upkeep
|turn|82
|
|t:|1657489300
|switch|p2a: Amoonguss|Amoonguss, M|65/100
|-damage|p2a: Amoonguss|53/100|[from] Stealth Rock
|switch|p1a: Rotom|Rotom-Wash|41/100 tox
|-damage|p1a: Rotom|29/100 tox|[from] Stealth Rock
|
|-weather|none
|-heal|p1a: Rotom|35/100 tox|[from] item: Leftovers
|-damage|p1a: Rotom|29/100 tox|[from] psn
|upkeep
|turn|83
|
|t:|1657489305
|move|p1a: Rotom|Volt Switch|p2a: Amoonguss
|-resisted|p2a: Amoonguss
|-damage|p2a: Amoonguss|41/100
|
|t:|1657489306
|switch|p1a: Slowbro|Slowbro-Galar, M|100/100|[from]move: Volt Switch
|-damage|p1a: Slowbro|88/100|[from] Stealth Rock
|move|p2a: Amoonguss|Foul Play|p1a: Slowbro
|-supereffective|p1a: Slowbro
|-damage|p1a: Slowbro|64/100
|
|upkeep
|turn|84
|
|t:|1657489311
|switch|p2a: Hippowdon|Hippowdon, F|100/100
|-damage|p2a: Hippowdon|94/100|[from] Stealth Rock
|-weather|Sandstorm|[from] ability: Sand Stream|[of] p2a: Hippowdon
|move|p1a: Slowbro|Sludge Bomb|p2a: Hippowdon
|-resisted|p2a: Hippowdon
|-damage|p2a: Hippowdon|82/100
|-status|p2a: Hippowdon|psn
|
|-weather|Sandstorm|[upkeep]
|-damage|p1a: Slowbro|58/100|[from] Sandstorm
|-heal|p2a: Hippowdon|88/100 psn|[from] item: Leftovers
|-damage|p2a: Hippowdon|76/100 psn|[from] psn
|upkeep
|turn|85
|
|t:|1657489318
|switch|p2a: Crobat|Crobat, F|57/100 brn
|move|p1a: Slowbro|Slack Off|p1a: Slowbro
|-heal|p1a: Slowbro|100/100
|
|-weather|Sandstorm|[upkeep]
|-damage|p2a: Crobat|51/100 brn|[from] Sandstorm
|-damage|p1a: Slowbro|94/100|[from] Sandstorm
|-damage|p2a: Crobat|45/100 brn|[from] brn
|upkeep
|turn|86
|
|t:|1657489320
|move|p2a: Crobat|Roost|p2a: Crobat
|-heal|p2a: Crobat|95/100 brn
|-singleturn|p2a: Crobat|move: Roost
|move|p1a: Slowbro|Calm Mind|p1a: Slowbro
|-boost|p1a: Slowbro|spa|1
|-boost|p1a: Slowbro|spd|1
|
|-weather|Sandstorm|[upkeep]
|-damage|p2a: Crobat|89/100 brn|[from] Sandstorm
|-damage|p1a: Slowbro|88/100|[from] Sandstorm
|-damage|p2a: Crobat|83/100 brn|[from] brn
|upkeep
|turn|87
|
|t:|1657489323
|move|p2a: Crobat|U-turn|p1a: Slowbro
|-damage|p1a: Slowbro|83/100
|
|t:|1657489324
|switch|p2a: Hippowdon|Hippowdon, F|76/100 psn|[from]move: U-turn
|-damage|p2a: Hippowdon|70/100 psn|[from] Stealth Rock
|move|p1a: Slowbro|Flamethrower|p2a: Hippowdon
|-damage|p2a: Hippowdon|45/100 psn
|
|-weather|Sandstorm|[upkeep]
|-damage|p1a: Slowbro|76/100|[from] Sandstorm
|-heal|p2a: Hippowdon|51/100 psn|[from] item: Leftovers
|-damage|p2a: Hippowdon|39/100 psn|[from] psn
|upkeep
|turn|88
|
|t:|1657489330
|move|p2a: Hippowdon|Earthquake|p1a: Slowbro
|-supereffective|p1a: Slowbro
|-damage|p1a: Slowbro|26/100
|move|p1a: Slowbro|Flamethrower|p2a: Hippowdon
|-damage|p2a: Hippowdon|14/100 psn
|
|-weather|none
|-heal|p2a: Hippowdon|20/100 psn|[from] item: Leftovers
|-damage|p2a: Hippowdon|8/100 psn|[from] psn
|upkeep
|turn|89
|
|t:|1657489333
|switch|p1a: Rotom|Rotom-Wash|29/100 tox
|-damage|p1a: Rotom|16/100 tox|[from] Stealth Rock
|move|p2a: Hippowdon|Slack Off|p2a: Hippowdon
|-heal|p2a: Hippowdon|58/100 psn
|
|-heal|p1a: Rotom|23/100 tox|[from] item: Leftovers
|-heal|p2a: Hippowdon|64/100 psn|[from] item: Leftovers
|-damage|p1a: Rotom|16/100 tox|[from] psn
|-damage|p2a: Hippowdon|52/100 psn|[from] psn
|upkeep
|turn|90
|
|t:|1657489337
|switch|p2a: Amoonguss|Amoonguss, M|75/100
|-damage|p2a: Amoonguss|62/100|[from] Stealth Rock
|move|p1a: Rotom|Pain Split|p2a: Amoonguss
|-sethp|p2a: Amoonguss|37/100|[from] move: Pain Split|[silent]
|-sethp|p1a: Rotom|52/100 tox|[from] move: Pain Split
|
|-heal|p1a: Rotom|58/100 tox|[from] item: Leftovers
|-damage|p1a: Rotom|46/100 tox|[from] psn
|upkeep
|turn|91
|
|t:|1657489341
|move|p1a: Rotom|Volt Switch|p2a: Amoonguss
|-resisted|p2a: Amoonguss
|-damage|p2a: Amoonguss|26/100
|
|t:|1657489343
|switch|p1a: Cobalion|Cobalion|66/100 slp|[from]move: Volt Switch
|-damage|p1a: Cobalion|63/100 slp|[from] Stealth Rock
|move|p2a: Amoonguss|Foul Play|p1a: Cobalion
|-resisted|p1a: Cobalion
|-damage|p1a: Cobalion|53/100 slp
|-damage|p2a: Amoonguss|10/100|[from] item: Rocky Helmet|[of] p1a: Cobalion
|-ability|p1a: Cobalion|Justified|boost
|-boost|p1a: Cobalion|atk|1
|
|upkeep
|turn|92
|
|t:|1657489349
|switch|p2a: Hippowdon|Hippowdon, F|52/100 psn
|-damage|p2a: Hippowdon|46/100 psn|[from] Stealth Rock
|-weather|Sandstorm|[from] ability: Sand Stream|[of] p2a: Hippowdon
|cant|p1a: Cobalion|slp
|
|-weather|Sandstorm|[upkeep]
|-heal|p2a: Hippowdon|52/100 psn|[from] item: Leftovers
|-damage|p2a: Hippowdon|39/100 psn|[from] psn
|upkeep
|turn|93
|
|t:|1657489363
|switch|p1a: Rotom|Rotom-Wash|46/100 tox
|-damage|p1a: Rotom|33/100 tox|[from] Stealth Rock
|move|p2a: Hippowdon|Slack Off|p2a: Hippowdon
|-heal|p2a: Hippowdon|89/100 psn
|
|-weather|Sandstorm|[upkeep]
|-damage|p1a: Rotom|27/100 tox|[from] Sandstorm
|-heal|p1a: Rotom|33/100 tox|[from] item: Leftovers
|-heal|p2a: Hippowdon|95/100 psn|[from] item: Leftovers
|-damage|p1a: Rotom|27/100 tox|[from] psn
|-damage|p2a: Hippowdon|83/100 psn|[from] psn
|upkeep
|turn|94
|
|t:|1657489367
|move|p1a: Rotom|Volt Switch|p2a: Hippowdon
|-immune|p2a: Hippowdon
|move|p2a: Hippowdon|Slack Off|p2a: Hippowdon
|-heal|p2a: Hippowdon|100/100 psn
|
|-weather|Sandstorm|[upkeep]
|-damage|p1a: Rotom|21/100 tox|[from] Sandstorm
|-heal|p1a: Rotom|27/100 tox|[from] item: Leftovers
|-damage|p1a: Rotom|15/100 tox|[from] psn
|-damage|p2a: Hippowdon|88/100 psn|[from] psn
|upkeep
|turn|95
|
|t:|1657489371
|switch|p2a: Amoonguss|Amoonguss, M|43/100
|-damage|p2a: Amoonguss|31/100|[from] Stealth Rock
|move|p1a: Rotom|Pain Split|p2a: Amoonguss
|-sethp|p2a: Amoonguss|20/100|[from] move: Pain Split|[silent]
|-sethp|p1a: Rotom|29/100 tox|[from] move: Pain Split
|
|-weather|Sandstorm|[upkeep]
|-damage|p1a: Rotom|23/100 tox|[from] Sandstorm
|-damage|p2a: Amoonguss|14/100|[from] Sandstorm
|-heal|p1a: Rotom|29/100 tox|[from] item: Leftovers
|-damage|p1a: Rotom|10/100 tox|[from] psn
|upkeep
|turn|96
|
|t:|1657489380
|switch|p1a: Slowbro|Slowbro-Galar, M|59/100
|-damage|p1a: Slowbro|47/100|[from] Stealth Rock
|move|p2a: Amoonguss|Foul Play|p1a: Slowbro
|-supereffective|p1a: Slowbro
|-damage|p1a: Slowbro|23/100
|
|-weather|none
|upkeep
|turn|97
|
|t:|1657489386
|switch|p2a: Hippowdon|Hippowdon, F|88/100 psn
|-damage|p2a: Hippowdon|82/100 psn|[from] Stealth Rock
|-weather|Sandstorm|[from] ability: Sand Stream|[of] p2a: Hippowdon
|move|p1a: Slowbro|Slack Off|p1a: Slowbro
|-heal|p1a: Slowbro|73/100
|
|-weather|Sandstorm|[upkeep]
|-damage|p1a: Slowbro|67/100|[from] Sandstorm
|-heal|p2a: Hippowdon|88/100 psn|[from] item: Leftovers
|-damage|p2a: Hippowdon|76/100 psn|[from] psn
|upkeep
|turn|98
|
|t:|1657489392
|switch|p1a: Tapu Bulu|Tapu Bulu|63/100 tox
|-damage|p1a: Tapu Bulu|51/100 tox|[from] Stealth Rock
|-fieldstart|move: Grassy Terrain|[from] ability: Grassy Surge|[of] p1a: Tapu Bulu
|move|p2a: Hippowdon|Earthquake|p1a: Tapu Bulu
|-resisted|p1a: Tapu Bulu
|-damage|p1a: Tapu Bulu|40/100 tox
|
|-weather|Sandstorm|[upkeep]
|-damage|p1a: Tapu Bulu|34/100 tox|[from] Sandstorm
|-heal|p1a: Tapu Bulu|40/100 tox|[from] Grassy Terrain
|-heal|p2a: Hippowdon|82/100 psn|[from] Grassy Terrain
|-heal|p2a: Hippowdon|88/100 psn|[from] item: Leftovers
|-damage|p1a: Tapu Bulu|34/100 tox|[from] psn
|-damage|p2a: Hippowdon|75/100 psn|[from] psn
|upkeep
|turn|99
|
|t:|1657489398
|switch|p1a: Cobalion|Cobalion|53/100 slp
|-damage|p1a: Cobalion|50/100 slp|[from] Stealth Rock
|switch|p2a: Scizor|Scizor, M|94/100
|
|-weather|Sandstorm|[upkeep]
|-heal|p1a: Cobalion|56/100 slp|[from] Grassy Terrain
|-heal|p2a: Scizor|99/100|[from] Grassy Terrain
|upkeep
|turn|100
|
|t:|1657489400
|cant|p1a: Cobalion|slp
|move|p2a: Scizor|Swords Dance|p2a: Scizor
|-boost|p2a: Scizor|atk|2
|
|-weather|Sandstorm|[upkeep]
|-heal|p1a: Cobalion|62/100 slp|[from] Grassy Terrain
|-heal|p2a: Scizor|100/100|[from] Grassy Terrain
|upkeep
|turn|101
|
|t:|1657489406
|-curestatus|p1a: Cobalion|slp|[msg]
|move|p1a: Cobalion|Volt Switch|p2a: Scizor
|-damage|p2a: Scizor|87/100
|
|t:|1657489409
|switch|p1a: Slowbro|Slowbro-Galar, M|99/100|[from]move: Volt Switch
|-damage|p1a: Slowbro|88/100|[from] Stealth Rock
|move|p2a: Scizor|Swords Dance|p2a: Scizor
|-boost|p2a: Scizor|atk|2
|
|-weather|none
|-heal|p2a: Scizor|93/100|[from] Grassy Terrain
|-heal|p1a: Slowbro|94/100|[from] Grassy Terrain
|upkeep
|turn|102
|inactive|Dunoks has 270 seconds left.
|inactive|Dunoks has 240 seconds left.
|
|t:|1657489487
|move|p2a: Scizor|Bullet Punch|p1a: Slowbro
|-damage|p1a: Slowbro|42/100
|move|p1a: Slowbro|Flamethrower|p2a: Scizor
|-supereffective|p2a: Scizor
|-damage|p2a: Scizor|10/100
|
|-heal|p2a: Scizor|16/100|[from] Grassy Terrain
|-heal|p1a: Slowbro|48/100|[from] Grassy Terrain
|-fieldend|move: Grassy Terrain
|upkeep
|turn|103
|
|t:|1657489506
|move|p2a: Scizor|Roost|p2a: Scizor
|-heal|p2a: Scizor|66/100
|-singleturn|p2a: Scizor|move: Roost
|move|p1a: Slowbro|Flamethrower|p2a: Scizor
|-supereffective|p2a: Scizor
|-damage|p2a: Scizor|0 fnt
|faint|p2a: Scizor
|
|upkeep
|
|t:|1657489508
|switch|p2a: Hippowdon|Hippowdon, F|75/100 psn
|-damage|p2a: Hippowdon|69/100 psn|[from] Stealth Rock
|-weather|Sandstorm|[from] ability: Sand Stream|[of] p2a: Hippowdon
|turn|104
|
|t:|1657489513
|switch|p1a: Tapu Bulu|Tapu Bulu|34/100 tox
|-damage|p1a: Tapu Bulu|22/100 tox|[from] Stealth Rock
|-fieldstart|move: Grassy Terrain|[from] ability: Grassy Surge|[of] p1a: Tapu Bulu
|move|p2a: Hippowdon|Earthquake|p1a: Tapu Bulu
|-resisted|p1a: Tapu Bulu
|-damage|p1a: Tapu Bulu|11/100 tox
|
|-weather|Sandstorm|[upkeep]
|-damage|p1a: Tapu Bulu|5/100 tox|[from] Sandstorm
|-heal|p1a: Tapu Bulu|11/100 tox|[from] Grassy Terrain
|-heal|p2a: Hippowdon|75/100 psn|[from] Grassy Terrain
|-heal|p2a: Hippowdon|82/100 psn|[from] item: Leftovers
|-damage|p1a: Tapu Bulu|5/100 tox|[from] psn
|-damage|p2a: Hippowdon|69/100 psn|[from] psn
|upkeep
|turn|105
|
|t:|1657489517
|switch|p2a: Amoonguss|Amoonguss, M|47/100
|-damage|p2a: Amoonguss|35/100|[from] Stealth Rock
|move|p1a: Tapu Bulu|Horn Leech|p2a: Amoonguss
|-resisted|p2a: Amoonguss
|-damage|p2a: Amoonguss|24/100
|-heal|p1a: Tapu Bulu|14/100 tox|[from] drain|[of] p2a: Amoonguss
|-damage|p1a: Tapu Bulu|0 fnt|[from] item: Rocky Helmet|[of] p2a: Amoonguss
|faint|p1a: Tapu Bulu
|
|-weather|Sandstorm|[upkeep]
|-damage|p2a: Amoonguss|18/100|[from] Sandstorm
|-heal|p2a: Amoonguss|24/100|[from] Grassy Terrain
|upkeep
|
|t:|1657489519
|switch|p1a: Zygarde|Zygarde-10%|45/100
|-damage|p1a: Zygarde|39/100|[from] Stealth Rock
|-ability|p1a: Zygarde|Aura Break
|turn|106
|
|t:|1657489525
|switch|p2a: Crobat|Crobat, F|83/100 brn
|move|p1a: Zygarde|Outrage|p2a: Crobat
|-damage|p2a: Crobat|0 fnt
|faint|p2a: Crobat
|
|-weather|Sandstorm|[upkeep]
|-heal|p1a: Zygarde|45/100|[from] Grassy Terrain
|upkeep
|
|t:|1657489529
|switch|p2a: Hippowdon|Hippowdon, F|69/100 psn
|-damage|p2a: Hippowdon|63/100 psn|[from] Stealth Rock
|turn|107
|
|t:|1657489532
|move|p1a: Zygarde|Outrage|p2a: Hippowdon|[from]lockedmove
|-damage|p2a: Hippowdon|11/100 psn
|move|p2a: Hippowdon|Slack Off|p2a: Hippowdon
|-heal|p2a: Hippowdon|61/100 psn
|
|-weather|Sandstorm|[upkeep]
|-heal|p1a: Zygarde|51/100|[from] Grassy Terrain
|-heal|p2a: Hippowdon|67/100 psn|[from] Grassy Terrain
|-heal|p2a: Hippowdon|73/100 psn|[from] item: Leftovers
|-damage|p2a: Hippowdon|61/100 psn|[from] psn
|upkeep
|turn|108
|
|t:|1657489536
|move|p1a: Zygarde|Outrage|p2a: Hippowdon|[from]lockedmove
|-damage|p2a: Hippowdon|4/100 psn
|-start|p1a: Zygarde|confusion|[fatigue]
|move|p2a: Hippowdon|Slack Off|p2a: Hippowdon
|-heal|p2a: Hippowdon|54/100 psn
|
|-weather|none
|-heal|p1a: Zygarde|57/100|[from] Grassy Terrain
|-heal|p2a: Hippowdon|60/100 psn|[from] Grassy Terrain
|-heal|p2a: Hippowdon|66/100 psn|[from] item: Leftovers
|-damage|p2a: Hippowdon|54/100 psn|[from] psn
|-fieldend|move: Grassy Terrain
|upkeep
|turn|109
|
|t:|1657489540
|-activate|p1a: Zygarde|confusion
|move|p1a: Zygarde|Outrage|p2a: Hippowdon
|-crit|p2a: Hippowdon
|-damage|p2a: Hippowdon|0 fnt
|faint|p2a: Hippowdon
|
|upkeep
|c|☆Fc ❤|gg
|c|☆Dunoks|gg
|-message|Dunoks forfeited.
|
|win|Fc ❤
