|inactive|Battle timer is ON: inactive players will automatically lose when time's up.
|t:|1655091453
|gametype|singles
|player|p1|sashh|caitlin-gen4|
|player|p2|Adaam|#uutrio2ladder|
|teamsize|p1|6
|teamsize|p2|6
|gen|8
|tier|[Gen 8] UU
|rule|Sleep Clause Mod: Limit one foe put to sleep
|rule|Species Clause: Limit one of each Pokémon
|rule|OHKO Clause: OHKO moves are banned
|rule|Evasion Moves Clause: Evasion moves are banned
|rule|Endless Battle Clause: Forcing endless battles is banned
|rule|HP Percentage Mod: HP is shown in percentages
|rule|Dynamax Clause: You cannot dynamax
|clearpoke
|poke|p1|Hippowdon, M|
|poke|p1|Raikou|
|poke|p1|Mandibuzz, F|
|poke|p1|Amoonguss, F|
|poke|p1|Scizor, M|
|poke|p1|Keldeo-Resolute|
|poke|p2|Salamence, F|
|poke|p2|Magneton|
|poke|p2|Diggersby, F|
|poke|p2|Zarude-Dada|
|poke|p2|Slowking, F|
|poke|p2|Cobalion|
|teampreview
|inactive|sashh also wants the timer to be on.
|c|☆Adaam|hf
|c|☆sashh|u2
|c|☆sashh|waittt tea magneton
|c|☆sashh|what does she do
|inactive|sashh has 270 seconds left.
|inactive|Adaam has 270 seconds left.
|c|+vivalospride|YOU CAN DO IT
|c|☆Adaam|magnemite triple
|c|+vivalospride|ADAM GO GO GO GO
|c|+vivalospride|MAGNEMOTE TRIPE
|
|t:|1655091500
|start
|switch|p1a: Mandibuzz|Mandibuzz, F|100/100
|switch|p2a: Cobalion|Cobalion|100/100
|turn|1
|
|t:|1655091507
|switch|p1a: Hippowdon|Hippowdon, M|100/100
|-weather|Sandstorm|[from] ability: Sand Stream|[of] p1a: Hippowdon
|move|p2a: Cobalion|Toxic|p1a: Hippowdon
|-status|p1a: Hippowdon|tox
|
|-weather|Sandstorm|[upkeep]
|-damage|p1a: Hippowdon|94/100 tox|[from] psn
|upkeep
|turn|2
|
|t:|1655091530
|switch|p2a: Zarude|Zarude-Dada|100/100
|move|p1a: Hippowdon|Stealth Rock|p2a: Zarude
|-sidestart|p2: Adaam|move: Stealth Rock
|
|-weather|Sandstorm|[upkeep]
|-damage|p2a: Zarude|95/100|[from] Sandstorm
|-damage|p1a: Hippowdon|82/100 tox|[from] psn
|upkeep
|turn|3
|c|+gum|waitt cuz hippo got toxic'd
|
|t:|1655091542
|switch|p1a: Mandibuzz|Mandibuzz, F|100/100
|move|p2a: Zarude|U-turn|p1a: Mandibuzz
|-damage|p1a: Mandibuzz|85/100
|c|☆sashh|right ilost
|c|+gum|just click x now sasha!:
|
|t:|1655091547
|switch|p2a: Cobalion|Cobalion|100/100|[from]move: U-turn
|-damage|p2a: Cobalion|97/100|[from] Stealth Rock
|
|-weather|Sandstorm|[upkeep]
|upkeep
|turn|4
|c|☆sashh|LMFAOO
|
|t:|1655091553
|move|p2a: Cobalion|Stealth Rock|p1a: Mandibuzz
|-sidestart|p1: sashh|move: Stealth Rock
|move|p1a: Mandibuzz|U-turn|p2a: Cobalion
|-resisted|p2a: Cobalion
|-damage|p2a: Cobalion|95/100
|-damage|p1a: Mandibuzz|69/100|[from] item: Rocky Helmet|[of] p2a: Cobalion
|
|t:|1655091560
|switch|p1a: Keldeo|Keldeo-Resolute|100/100|[from]move: U-turn
|-damage|p1a: Keldeo|94/100|[from] Stealth Rock
|
|-weather|Sandstorm|[upkeep]
|-damage|p1a: Keldeo|88/100|[from] Sandstorm
|upkeep
|turn|5
|c|+pokemonisfun|cobalion! yeah!
|c|+suloxiv ♫|honse 
|
|t:|1655091576
|switch|p1a: Scizor|Scizor, M|100/100
|-damage|p1a: Scizor|88/100|[from] Stealth Rock
|switch|p2a: Slowking|Slowking, F|100/100
|-damage|p2a: Slowking|88/100|[from] Stealth Rock
|
|-weather|none
|upkeep
|turn|6
|
|t:|1655091596
|switch|p2a: Cobalion|Cobalion|95/100
|-damage|p2a: Cobalion|92/100|[from] Stealth Rock
|move|p1a: Scizor|Knock Off|p2a: Cobalion
|-resisted|p2a: Cobalion
|-damage|p2a: Cobalion|79/100
|-damage|p1a: Scizor|72/100|[from] item: Rocky Helmet|[of] p2a: Cobalion
|-ability|p2a: Cobalion|Justified|boost
|-boost|p2a: Cobalion|atk|1
|-enditem|p2a: Cobalion|Rocky Helmet|[from] move: Knock Off|[of] p1a: Scizor
|
|upkeep
|turn|7
|
|t:|1655091610
|switch|p1a: Hippowdon|Hippowdon, M|82/100 tox
|-damage|p1a: Hippowdon|76/100 tox|[from] Stealth Rock
|-weather|Sandstorm|[from] ability: Sand Stream|[of] p1a: Hippowdon
|move|p2a: Cobalion|Volt Switch|p1a: Hippowdon
|-immune|p1a: Hippowdon
|
|-weather|Sandstorm|[upkeep]
|-damage|p1a: Hippowdon|70/100 tox|[from] psn
|upkeep
|turn|8
|
|t:|1655091621
|switch|p2a: Zarude|Zarude-Dada|95/100
|move|p1a: Hippowdon|Slack Off|p1a: Hippowdon
|-heal|p1a: Hippowdon|100/100 tox
|
|-weather|Sandstorm|[upkeep]
|-damage|p2a: Zarude|89/100|[from] Sandstorm
|-damage|p1a: Hippowdon|88/100 tox|[from] psn
|upkeep
|turn|9
|
|t:|1655091636
|switch|p1a: Amoonguss|Amoonguss, F|100/100
|-damage|p1a: Amoonguss|88/100|[from] Stealth Rock
|move|p2a: Zarude|U-turn|p1a: Amoonguss
|-damage|p1a: Amoonguss|71/100
|inactive|Adaam has 270 seconds left.
|
|t:|1655091682
|switch|p2a: magnemite triple|Magneton|100/100|[from]move: U-turn
|-damage|p2a: magnemite triple|94/100|[from] Stealth Rock
|
|-weather|Sandstorm|[upkeep]
|-damage|p1a: Amoonguss|65/100|[from] Sandstorm
|-heal|p1a: Amoonguss|71/100|[from] item: Black Sludge
|upkeep
|turn|10
|
|t:|1655091689
|move|p2a: magnemite triple|Volt Switch|p1a: Amoonguss
|-resisted|p1a: Amoonguss
|-damage|p1a: Amoonguss|45/100
|c|+pokemonisfun|magneton! yeah!
|
|t:|1655091701
|switch|p2a: Cobalion|Cobalion|79/100|[from]move: Volt Switch
|-damage|p2a: Cobalion|76/100|[from] Stealth Rock
|move|p1a: Amoonguss|Spore|p2a: Cobalion
|-status|p2a: Cobalion|slp|[from] move: Spore
|
|-weather|Sandstorm|[upkeep]
|-damage|p1a: Amoonguss|39/100|[from] Sandstorm
|-heal|p1a: Amoonguss|45/100|[from] item: Black Sludge
|upkeep
|turn|11
|
|t:|1655091713
|switch|p2a: magnemite triple|Magneton|94/100
|-damage|p2a: magnemite triple|88/100|[from] Stealth Rock
|switch|p1a: Keldeo|Keldeo-Resolute|88/100
|-damage|p1a: Keldeo|82/100|[from] Stealth Rock
|
|-weather|none
|upkeep
|turn|12
|
|t:|1655091719
|switch|p1a: Hippowdon|Hippowdon, M|88/100 tox
|-damage|p1a: Hippowdon|82/100 tox|[from] Stealth Rock
|-weather|Sandstorm|[from] ability: Sand Stream|[of] p1a: Hippowdon
|switch|p2a: Slowking|Slowking, F|100/100
|-damage|p2a: Slowking|88/100|[from] Stealth Rock
|
|-weather|Sandstorm|[upkeep]
|-damage|p2a: Slowking|82/100|[from] Sandstorm
|-damage|p1a: Hippowdon|76/100 tox|[from] psn
|upkeep
|turn|13
|
|t:|1655091725
|move|p1a: Hippowdon|Toxic|p2a: Slowking
|-status|p2a: Slowking|tox
|move|p2a: Slowking|Scald|p1a: Hippowdon
|-supereffective|p1a: Hippowdon
|-damage|p1a: Hippowdon|35/100 tox
|
|-weather|Sandstorm|[upkeep]
|-damage|p2a: Slowking|76/100 tox|[from] Sandstorm
|-damage|p1a: Hippowdon|23/100 tox|[from] psn
|-damage|p2a: Slowking|70/100 tox|[from] psn
|upkeep
|turn|14
|inactive|Adaam has 270 seconds left.
|
|t:|1655091734
|move|p1a: Hippowdon|Slack Off|p1a: Hippowdon
|-heal|p1a: Hippowdon|73/100 tox
|move|p2a: Slowking|Scald|p1a: Hippowdon
|-supereffective|p1a: Hippowdon
|-damage|p1a: Hippowdon|33/100 tox
|
|-weather|Sandstorm|[upkeep]
|-damage|p2a: Slowking|64/100 tox|[from] Sandstorm
|-damage|p1a: Hippowdon|14/100 tox|[from] psn
|-damage|p2a: Slowking|52/100 tox|[from] psn
|upkeep
|turn|15
|
|t:|1655091748
|move|p1a: Hippowdon|Slack Off|p1a: Hippowdon
|-heal|p1a: Hippowdon|64/100 tox
|move|p2a: Slowking|Teleport|p2a: Slowking
|
|t:|1655091753
|switch|p2a: magnemite triple|Magneton|88/100|[from]move: Teleport
|-damage|p2a: magnemite triple|82/100|[from] Stealth Rock
|
|-weather|Sandstorm|[upkeep]
|-damage|p1a: Hippowdon|40/100 tox|[from] psn
|upkeep
|turn|16
|
|t:|1655091756
|switch|p1a: Raikou|Raikou|100/100
|-damage|p1a: Raikou|88/100|[from] Stealth Rock
|-ability|p1a: Raikou|Pressure
|move|p2a: magnemite triple|Flash Cannon|p1a: Raikou
|-resisted|p1a: Raikou
|-damage|p1a: Raikou|52/100
|
|-weather|none
|-heal|p1a: Raikou|58/100|[from] item: Leftovers
|upkeep
|turn|17
|
|t:|1655091767
|switch|p2a: Zarude|Zarude-Dada|89/100
|move|p1a: Raikou|Scald|p2a: Zarude
|-resisted|p2a: Zarude
|-damage|p2a: Zarude|76/100
|
|-heal|p1a: Raikou|64/100|[from] item: Leftovers
|upkeep
|turn|18
|c|+pokemonisfun|magneton...aight?
|
|t:|1655091784
|switch|p1a: Mandibuzz|Mandibuzz, F|69/100
|move|p2a: Zarude|U-turn|p1a: Mandibuzz
|-damage|p1a: Mandibuzz|56/100
|
|t:|1655091799
|switch|p2a: magnemite triple|Magneton|82/100|[from]move: U-turn
|-damage|p2a: magnemite triple|76/100|[from] Stealth Rock
|
|upkeep
|turn|19
|c|☆Adaam|i will sacrifice my life for magneton
|c|+pokemonisfun|magneton! yeah!
|
|t:|1655091809
|switch|p1a: Hippowdon|Hippowdon, M|40/100 tox
|-damage|p1a: Hippowdon|33/100 tox|[from] Stealth Rock
|-weather|Sandstorm|[from] ability: Sand Stream|[of] p1a: Hippowdon
|move|p2a: magnemite triple|Flash Cannon|p1a: Hippowdon
|-damage|p1a: Hippowdon|0 fnt
|faint|p1a: Hippowdon
|
|-weather|Sandstorm|[upkeep]
|upkeep
|
|t:|1655091814
|switch|p1a: Keldeo|Keldeo-Resolute|82/100
|-damage|p1a: Keldeo|76/100|[from] Stealth Rock
|turn|20
|c|+pokemonisfun|MAGNETON! YEAH!
|
|t:|1655091822
|switch|p2a: Slowking|Slowking, F|85/100 tox
|-damage|p2a: Slowking|72/100 tox|[from] Stealth Rock
|move|p1a: Keldeo|Secret Sword|p2a: Slowking
|-resisted|p2a: Slowking
|-damage|p2a: Slowking|47/100 tox
|-enditem|p2a: Slowking|Eject Button
|inactive|Adaam has 270 seconds left.
|
|t:|1655091873
|switch|p2a: joey salami|Salamence, F|100/100
|
|-weather|Sandstorm|[upkeep]
|-damage|p1a: Keldeo|70/100|[from] Sandstorm
|-damage|p2a: joey salami|94/100|[from] Sandstorm
|upkeep
|turn|21
|
|t:|1655091880
|switch|p1a: Mandibuzz|Mandibuzz, F|56/100
|move|p2a: joey salami|Dual Wingbeat|p1a: Mandibuzz
|-damage|p1a: Mandibuzz|43/100
|-damage|p1a: Mandibuzz|30/100
|-hitcount|p1a: Mandibuzz|2
|
|-weather|Sandstorm|[upkeep]
|-damage|p2a: joey salami|88/100|[from] Sandstorm
|upkeep
|turn|22
|
|t:|1655091890
|move|p2a: joey salami|Outrage|p1a: Mandibuzz
|-damage|p1a: Mandibuzz|0 fnt
|faint|p1a: Mandibuzz
|-ability|p2a: joey salami|Moxie|boost
|-boost|p2a: joey salami|atk|1
|
|-weather|Sandstorm|[upkeep]
|-damage|p2a: joey salami|82/100|[from] Sandstorm
|upkeep
|
|t:|1655091893
|switch|p1a: Scizor|Scizor, M|72/100
|-damage|p1a: Scizor|59/100|[from] Stealth Rock
|turn|23
|c|+pokemonisfun|salamence! yeah!
|
|t:|1655091896
|move|p2a: joey salami|Outrage|p1a: Scizor|[from]lockedmove
|-resisted|p1a: Scizor
|-damage|p1a: Scizor|22/100
|-start|p2a: joey salami|confusion|[fatigue]
|move|p1a: Scizor|Knock Off|p2a: joey salami
|-damage|p2a: joey salami|42/100
|-enditem|p2a: joey salami|Heavy-Duty Boots|[from] move: Knock Off|[of] p1a: Scizor
|
|-weather|none
|upkeep
|turn|24
|
|t:|1655091909
|-activate|p2a: joey salami|confusion
|move|p2a: joey salami|Earthquake|p1a: Scizor
|-damage|p1a: Scizor|0 fnt
|faint|p1a: Scizor
|-ability|p2a: joey salami|Moxie|boost
|-boost|p2a: joey salami|atk|1
|
|upkeep
|
|t:|1655091917
|switch|p1a: Raikou|Raikou|64/100
|-damage|p1a: Raikou|52/100|[from] Stealth Rock
|-ability|p1a: Raikou|Pressure
|turn|25
|
|t:|1655091919
|move|p1a: Raikou|Thunderbolt|p2a: joey salami
|-damage|p2a: joey salami|0 fnt
|faint|p2a: joey salami
|
|-heal|p1a: Raikou|58/100|[from] item: Leftovers
|upkeep
|
|t:|1655091921
|switch|p2a: Diggersby|Diggersby, F|100/100
|-damage|p2a: Diggersby|94/100|[from] Stealth Rock
|turn|26
|
|t:|1655091923
|switch|p1a: Amoonguss|Amoonguss, F|78/100
|-damage|p1a: Amoonguss|66/100|[from] Stealth Rock
|move|p2a: Diggersby|Earthquake|p1a: Amoonguss
|-damage|p1a: Amoonguss|13/100
|
|-heal|p1a: Amoonguss|19/100|[from] item: Black Sludge
|upkeep
|turn|27
|-message|sashh forfeited.
|
|win|Adaam
|c|☆sashh|gg
|c|☆Adaam|gg
