|inactive|Battle timer is ON: inactive players will automatically lose when time's up.
|t:|1666383383
|gametype|singles
|player|p1|Booty|#sabella|
|player|p2|Carmin|firebreather|
|teamsize|p1|6
|teamsize|p2|6
|gen|8
|tier|[Gen 8] UU
|rule|Sleep Clause Mod: Limit one foe put to sleep
|rule|Species Clause: Limit one of each Pokémon
|rule|OHKO Clause: OHKO moves are banned
|rule|Evasion Items Clause: Evasion items are banned
|rule|Evasion Moves Clause: Evasion moves are banned
|rule|Endless Battle Clause: Forcing endless battles is banned
|rule|HP Percentage Mod: HP is shown in percentages
|rule|Dynamax Clause: You cannot dynamax
|clearpoke
|poke|p1|Krookodile, F|
|poke|p1|Gyarados, F|
|poke|p1|Salamence, F|
|poke|p1|Necrozma|
|poke|p1|Cobalion|
|poke|p1|Scolipede, M|
|poke|p2|Gyarados, F|
|poke|p2|Celesteela|
|poke|p2|Nihilego|
|poke|p2|Excadrill, M|
|poke|p2|Scizor, M|
|poke|p2|Salamence, F|
|teampreview
|inactive|Carmin also wants the timer to be on.
|inactive|Booty has 270 seconds left.
|inactive|Booty has 240 seconds left.
|
|t:|1666383459
|start
|switch|p1a: Krookodile|Krookodile, F|100/100
|switch|p2a: Excadrill|Excadrill, M|100/100
|-ability|p1a: Krookodile|Intimidate|boost
|-unboost|p2a: Excadrill|atk|1
|-ability|p2a: Excadrill|Mold Breaker
|turn|1
|
|t:|1666383475
|move|p1a: Krookodile|Taunt|p2a: Excadrill
|-start|p2a: Excadrill|move: Taunt
|move|p2a: Excadrill|Rapid Spin|p1a: Krookodile
|-damage|p1a: Krookodile|88/100
|-boost|p2a: Excadrill|spe|1
|-damage|p2a: Excadrill|84/100|[from] item: Rocky Helmet|[of] p1a: Krookodile
|
|upkeep
|turn|2
|
|t:|1666383489
|move|p2a: Excadrill|Earthquake|p1a: Krookodile
|-damage|p1a: Krookodile|50/100
|move|p1a: Krookodile|Stealth Rock|p2a: Excadrill
|-sidestart|p2: Carmin|move: Stealth Rock
|
|upkeep
|turn|3
|
|t:|1666383495
|move|p2a: Excadrill|Rapid Spin|p1a: Krookodile
|-damage|p1a: Krookodile|38/100
|-boost|p2a: Excadrill|spe|1
|-damage|p2a: Excadrill|67/100|[from] item: Rocky Helmet|[of] p1a: Krookodile
|-sideend|p2: Carmin|Stealth Rock|[from] move: Rapid Spin|[of] p2a: Excadrill
|move|p1a: Krookodile|Earthquake|p2a: Excadrill
|-supereffective|p2a: Excadrill
|-damage|p2a: Excadrill|0 fnt
|faint|p2a: Excadrill
|
|upkeep
|inactive|Carmin has 270 seconds left.
|inactive|Carmin has 240 seconds left.
|
|t:|1666383556
|switch|p2a: Salamence|Salamence, F|100/100
|turn|4
|
|t:|1666383578
|move|p2a: Salamence|Dual Wingbeat|p1a: Krookodile|[miss]
|-miss|p2a: Salamence|p1a: Krookodile
|move|p1a: Krookodile|Taunt|p2a: Salamence
|-start|p2a: Salamence|move: Taunt
|
|upkeep
|turn|5
|inactive|Booty has 270 seconds left.
|
|t:|1666383598
|switch|p1a: Cobalion|Cobalion|100/100
|move|p2a: Salamence|Dual Wingbeat|p1a: Cobalion
|-damage|p1a: Cobalion|83/100
|-damage|p1a: Cobalion|64/100
|-hitcount|p1a: Cobalion|2
|
|upkeep
|turn|6
|
|t:|1666383606
|move|p2a: Salamence|Dual Wingbeat|p1a: Cobalion
|-crit|p1a: Cobalion
|-damage|p1a: Cobalion|38/100
|-damage|p1a: Cobalion|20/100
|-hitcount|p1a: Cobalion|2
|move|p1a: Cobalion|Swords Dance|p1a: Cobalion
|-boost|p1a: Cobalion|atk|2
|
|upkeep
|turn|7
|c|☆Booty|.
|
|t:|1666383620
|move|p2a: Salamence|Dual Wingbeat|p1a: Cobalion
|-crit|p1a: Cobalion
|-damage|p1a: Cobalion|0 fnt
|faint|p1a: Cobalion
|-ability|p2a: Salamence|Moxie|boost
|-boost|p2a: Salamence|atk|1
|-hitcount|p1: Cobalion|1
|
|-end|p2a: Salamence|move: Taunt
|upkeep
|c|☆Carmin|miss was unfortunate yes xd
|
|t:|1666383626
|switch|p1a: Salamence|Salamence, F|100/100
|turn|8
|c|☆Booty|well not that more so scarf mence lol
|inactive|Booty has 270 seconds left.
|c|☆Booty|i already fucked this up tho
|c|☆Booty|oh well
|
|t:|1666383652
|move|p2a: Salamence|Dual Wingbeat|p1a: Salamence
|-damage|p1a: Salamence|64/100
|-damage|p1a: Salamence|26/100
|-hitcount|p1a: Salamence|2
|move|p1a: Salamence|Outrage|p2a: Salamence
|-supereffective|p2a: Salamence
|-damage|p2a: Salamence|0 fnt
|faint|p2a: Salamence
|-ability|p1a: Salamence|Moxie|boost
|-boost|p1a: Salamence|atk|1
|
|upkeep
|inactive|Carmin has 270 seconds left.
|
|t:|1666383663
|switch|p2a: Celesteela|Celesteela|100/100
|turn|9
|
|t:|1666383670
|move|p1a: Salamence|Outrage|p2a: Celesteela|[from]lockedmove
|-resisted|p2a: Celesteela
|-damage|p2a: Celesteela|51/100
|move|p2a: Celesteela|Autotomize|p2a: Celesteela
|-boost|p2a: Celesteela|spe|2
|-start|p2a: Celesteela|Autotomize
|
|upkeep
|turn|10
|
|t:|1666383680
|move|p2a: Celesteela|Air Slash|p1a: Salamence
|-damage|p1a: Salamence|0 fnt
|faint|p1a: Salamence
|-ability|p2a: Celesteela|Beast Boost|boost
|-boost|p2a: Celesteela|spa|1
|
|upkeep
|
|t:|1666383683
|switch|p1a: Scolipede|Scolipede, M|100/100
|turn|11
|
|t:|1666383687
|move|p2a: Celesteela|Air Slash|p1a: Scolipede|[miss]
|-miss|p2a: Celesteela|p1a: Scolipede
|move|p1a: Scolipede|Endeavor|p2a: Celesteela
|-immune|p2a: Celesteela
|
|-ability|p1a: Scolipede|Speed Boost|boost
|-boost|p1a: Scolipede|spe|1
|upkeep
|turn|12
|
|t:|1666383693
|move|p1a: Scolipede|Spikes|p2a: Celesteela
|-sidestart|p2: Carmin|Spikes
|move|p2a: Celesteela|Air Slash|p1a: Scolipede
|-supereffective|p1a: Scolipede
|-enditem|p1a: Scolipede|Focus Sash
|-damage|p1a: Scolipede|1/100
|
|-ability|p1a: Scolipede|Speed Boost|boost
|-boost|p1a: Scolipede|spe|1
|upkeep
|turn|13
|
|t:|1666383701
|switch|p2a: Scizor|Scizor, M|100/100
|-damage|p2a: Scizor|88/100|[from] Spikes
|move|p1a: Scolipede|Endeavor|p2a: Scizor
|-damage|p2a: Scizor|1/100
|
|-ability|p1a: Scolipede|Speed Boost|boost
|-boost|p1a: Scolipede|spe|1
|upkeep
|turn|14
|
|t:|1666383708
|switch|p1a: Krookodile|Krookodile, F|38/100
|-ability|p1a: Krookodile|Intimidate|boost
|-unboost|p2a: Scizor|atk|1
|move|p2a: Scizor|Bullet Punch|p1a: Krookodile
|-damage|p1a: Krookodile|6/100
|-damage|p2a: Scizor|0 fnt|[from] item: Rocky Helmet|[of] p1a: Krookodile
|faint|p2a: Scizor
|
|upkeep
|
|t:|1666383711
|switch|p2a: Nihilego|Nihilego|100/100
|-damage|p2a: Nihilego|88/100|[from] Spikes
|turn|15
|
|t:|1666383727
|move|p2a: Nihilego|Sludge Wave|p1a: Krookodile
|-resisted|p1a: Krookodile
|-damage|p1a: Krookodile|0 fnt
|faint|p1a: Krookodile
|-ability|p2a: Nihilego|Beast Boost|boost
|-boost|p2a: Nihilego|spe|1
|
|upkeep
|
|t:|1666383730
|switch|p1a: Necrozma|Necrozma|100/100
|turn|16
|
|t:|1666383732
|move|p2a: Nihilego|Meteor Beam||[still]
|-prepare|p2a: Nihilego|Meteor Beam
|-boost|p2a: Nihilego|spa|1
|-enditem|p2a: Nihilego|Power Herb
|-anim|p2a: Nihilego|Meteor Beam|p1a: Necrozma
|-damage|p1a: Necrozma|0 fnt
|faint|p1a: Necrozma
|-ability|p2a: Nihilego|Beast Boost|boost
|-boost|p2a: Nihilego|spe|1
|
|upkeep
|c|☆Carmin|gg
|c|☆Booty|o
|c|☆Booty|woops i fucked up again
|c|☆Booty|i did not think that would kill
|
|t:|1666383758
|switch|p1a: Gyarados|Gyarados, F|100/100
|turn|17
|
|t:|1666383760
|move|p2a: Nihilego|Thunderbolt|p1a: Gyarados
|-supereffective|p1a: Gyarados
|-damage|p1a: Gyarados|0 fnt
|faint|p1a: Gyarados
|-ability|p2a: Nihilego|Beast Boost|boost
|-boost|p2a: Nihilego|spe|1
|
|upkeep
|-message|Booty forfeited.
|
|win|Carmin
