|inactive|Battle timer is ON: inactive players will automatically lose when time's up.
|t:|1667167367
|gametype|singles
|player|p1|cryingg|#mplviiithunders|
|player|p2|KSt3ve|#scl2dynamos|
|teamsize|p1|6
|teamsize|p2|6
|gen|8
|tier|[Gen 8] UU
|rule|Sleep Clause Mod: Limit one foe put to sleep
|rule|Species Clause: Limit one of each Pokémon
|rule|OHKO Clause: OHKO moves are banned
|rule|Evasion Items Clause: Evasion items are banned
|rule|Evasion Moves Clause: Evasion moves are banned
|rule|Endless Battle Clause: Forcing endless battles is banned
|rule|HP Percentage Mod: HP is shown in percentages
|rule|Dynamax Clause: You cannot dynamax
|clearpoke
|poke|p1|Hatterene, F|
|poke|p1|Skarmory, M|
|poke|p1|Tangrowth, F|
|poke|p1|Chansey, F|
|poke|p1|Suicune|
|poke|p1|Cofagrigus, M|
|poke|p2|Umbreon, M|
|poke|p2|Chansey, F|
|poke|p2|Quagsire, F|
|poke|p2|Salamence, M|
|poke|p2|Scizor, M|
|poke|p2|Slowbro-Galar, F|
|teampreview
|inactive|cryingg also wants the timer to be on.
|c|+Enzonana|STEVE
|c|☆KSt3ve|hf
|c|+gilbert arenas|wooooo go crying
|c|☆cryingg|hf
|raw|<div class="broadcast-red"><strong>Moderated chat was set to ☆!</strong><br />Only users of rank ☆ and higher can talk.</div>
|inactive|cryingg has 270 seconds left.
|inactive|KSt3ve has 270 seconds left.
|inactive|cryingg has 240 seconds left.
|inactive|KSt3ve has 240 seconds left.
|
|t:|1667167451
|start
|switch|p1a: Tangrowth|Tangrowth, F|100/100
|switch|p2a: annoying insect|Scizor, M|100/100
|turn|1
|
|t:|1667167457
|move|p2a: annoying insect|Knock Off|p1a: Tangrowth
|-damage|p1a: Tangrowth|86/100
|-damage|p2a: annoying insect|84/100|[from] item: Rocky Helmet|[of] p1a: Tangrowth
|-enditem|p1a: Tangrowth|Rocky Helmet|[from] move: Knock Off|[of] p2a: annoying insect
|move|p1a: Tangrowth|Knock Off|p2a: annoying insect
|-damage|p2a: annoying insect|64/100
|-enditem|p2a: annoying insect|Leftovers|[from] move: Knock Off|[of] p1a: Tangrowth
|
|upkeep
|turn|2
|
|t:|1667167464
|move|p2a: annoying insect|Roost|p2a: annoying insect
|-heal|p2a: annoying insect|100/100
|-singleturn|p2a: annoying insect|move: Roost
|move|p1a: Tangrowth|Stun Spore|p2a: annoying insect
|-status|p2a: annoying insect|par
|
|upkeep
|turn|3
|
|t:|1667167478
|move|p1a: Tangrowth|Stun Spore|p2a: annoying insect
|-fail|p2a: annoying insect|par
|move|p2a: annoying insect|Knock Off|p1a: Tangrowth
|-damage|p1a: Tangrowth|77/100
|
|upkeep
|turn|4
|
|t:|1667167489
|move|p1a: Tangrowth|Knock Off|p2a: annoying insect
|-damage|p2a: annoying insect|86/100 par
|move|p2a: annoying insect|Knock Off|p1a: Tangrowth
|-damage|p1a: Tangrowth|67/100
|
|upkeep
|turn|5
|inactive|cryingg has 270 seconds left.
|
|t:|1667167519
|move|p1a: Tangrowth|Knock Off|p2a: annoying insect
|-crit|p2a: annoying insect
|-damage|p2a: annoying insect|64/100 par
|cant|p2a: annoying insect|par
|
|upkeep
|turn|6
|
|t:|1667167526
|move|p1a: Tangrowth|Knock Off|p2a: annoying insect
|-damage|p2a: annoying insect|50/100 par
|move|p2a: annoying insect|Roost|p2a: annoying insect
|-heal|p2a: annoying insect|99/100 par
|-singleturn|p2a: annoying insect|move: Roost
|
|upkeep
|turn|7
|c|☆KSt3ve|hum i start work in 9 hours
|
|t:|1667167546
|move|p1a: Tangrowth|Knock Off|p2a: annoying insect
|-damage|p2a: annoying insect|87/100 par
|cant|p2a: annoying insect|par
|
|upkeep
|turn|8
|c|☆KSt3ve|maybe i don't have enough time
|inactive|cryingg has 270 seconds left.
|
|t:|1667167568
|move|p1a: Tangrowth|Giga Drain|p2a: annoying insect
|-resisted|p2a: annoying insect
|-damage|p2a: annoying insect|81/100 par
|-heal|p1a: Tangrowth|70/100|[from] drain|[of] p2a: annoying insect
|move|p2a: annoying insect|Knock Off|p1a: Tangrowth
|-damage|p1a: Tangrowth|61/100
|
|upkeep
|turn|9
|
|t:|1667167575
|move|p1a: Tangrowth|Knock Off|p2a: annoying insect
|-damage|p2a: annoying insect|67/100 par
|move|p2a: annoying insect|Knock Off|p1a: Tangrowth
|-damage|p1a: Tangrowth|51/100
|
|upkeep
|turn|10
|
|t:|1667167580
|switch|p1a: Cofagrigus|Cofagrigus, M|100/100
|move|p2a: annoying insect|Roost|p2a: annoying insect
|-heal|p2a: annoying insect|100/100 par
|-singleturn|p2a: annoying insect|move: Roost
|
|upkeep
|turn|11
|
|t:|1667167600
|switch|p1a: Tangrowth|Tangrowth, F|84/100
|move|p2a: annoying insect|Knock Off|p1a: Tangrowth
|-damage|p1a: Tangrowth|75/100
|
|upkeep
|turn|12
|inactive|KSt3ve has 270 seconds left.
|
|t:|1667167622
|move|p1a: Tangrowth|Knock Off|p2a: annoying insect
|-damage|p2a: annoying insect|86/100 par
|move|p2a: annoying insect|Knock Off|p1a: Tangrowth
|-damage|p1a: Tangrowth|64/100
|
|upkeep
|turn|13
|
|t:|1667167632
|move|p1a: Tangrowth|Knock Off|p2a: annoying insect
|-damage|p2a: annoying insect|73/100 par
|cant|p2a: annoying insect|par
|
|upkeep
|turn|14
|
|t:|1667167636
|move|p1a: Tangrowth|Knock Off|p2a: annoying insect
|-damage|p2a: annoying insect|58/100 par
|move|p2a: annoying insect|Knock Off|p1a: Tangrowth
|-damage|p1a: Tangrowth|54/100
|
|upkeep
|turn|15
|
|t:|1667167640
|switch|p1a: Cofagrigus|Cofagrigus, M|100/100
|move|p2a: annoying insect|Knock Off|p1a: Cofagrigus
|-supereffective|p1a: Cofagrigus
|-enditem|p1a: Cofagrigus|Colbur Berry|[eat]
|-enditem|p1a: Cofagrigus|Colbur Berry|[weaken]
|-damage|p1a: Cofagrigus|82/100
|-activate|p1a: Cofagrigus|ability: Mummy|Technician|[of] p2a: annoying insect
|
|upkeep
|turn|16
|
|t:|1667167654
|move|p1a: Cofagrigus|Toxic Spikes|p2a: annoying insect
|-sidestart|p2: KSt3ve|move: Toxic Spikes
|move|p2a: annoying insect|Roost|p2a: annoying insect
|-heal|p2a: annoying insect|100/100 par
|-singleturn|p2a: annoying insect|move: Roost
|
|upkeep
|turn|17
|
|t:|1667167662
|move|p1a: Cofagrigus|Toxic Spikes|p2a: annoying insect
|-sidestart|p2: KSt3ve|move: Toxic Spikes
|move|p2a: annoying insect|Defog|p1a: Cofagrigus
|-unboost|p1a: Cofagrigus|evasion|1
|-sideend|p2: KSt3ve|Toxic Spikes|[from] move: Defog|[of] p2a: annoying insect
|
|upkeep
|turn|18
|
|t:|1667167672
|move|p1a: Cofagrigus|Toxic Spikes|p2a: annoying insect
|-sidestart|p2: KSt3ve|move: Toxic Spikes
|move|p2a: annoying insect|Knock Off|p1a: Cofagrigus
|-supereffective|p1a: Cofagrigus
|-damage|p1a: Cofagrigus|61/100
|
|upkeep
|turn|19
|
|t:|1667167678
|move|p1a: Cofagrigus|Hex|p2a: annoying insect
|-damage|p2a: annoying insect|62/100 par
|cant|p2a: annoying insect|par
|
|upkeep
|turn|20
|inactive|KSt3ve has 270 seconds left.
|
|t:|1667167710
|switch|p2a: 10IQ dragon|Salamence, M|100/100
|-ability|p2a: 10IQ dragon|Intimidate|boost
|-unboost|p1a: Cofagrigus|atk|1
|move|p1a: Cofagrigus|Hex|p2a: 10IQ dragon
|-damage|p2a: 10IQ dragon|80/100
|
|upkeep
|turn|21
|inactive|cryingg has 270 seconds left.
|
|t:|1667167767
|switch|p1a: Chansey|Chansey, F|100/100
|move|p2a: 10IQ dragon|Defog|p1a: Chansey
|-unboost|p1a: Chansey|evasion|1
|-sideend|p2: KSt3ve|Toxic Spikes|[from] move: Defog|[of] p2a: 10IQ dragon
|
|upkeep
|turn|22
|inactive|cryingg has 240 seconds left.
|inactive|KSt3ve has 270 seconds left.
|
|t:|1667167799
|switch|p2a: braindead shark|Slowbro-Galar, F|100/100
|switch|p1a: Hatterene|Hatterene, F|100/100
|
|upkeep
|turn|23
|inactive|cryingg has 240 seconds left.
|
|t:|1667167814
|switch|p1a: Chansey|Chansey, F|100/100
|move|p2a: braindead shark|Sludge Bomb|p1a: Chansey
|-damage|p1a: Chansey|91/100
|-status|p1a: Chansey|psn
|
|-damage|p1a: Chansey|79/100 psn|[from] psn
|upkeep
|turn|24
|inactive|cryingg has 240 seconds left.
|
|t:|1667167823
|move|p1a: Chansey|Thunder Wave|p2a: braindead shark
|-status|p2a: braindead shark|par
|move|p2a: braindead shark|Calm Mind|p2a: braindead shark
|-boost|p2a: braindead shark|spa|1
|-boost|p2a: braindead shark|spd|1
|
|-damage|p1a: Chansey|66/100 psn|[from] psn
|upkeep
|turn|25
|inactive|cryingg has 240 seconds left.
|
|t:|1667167838
|-curestatus|p1a: Chansey|psn|[from] ability: Natural Cure
|switch|p1a: Suicune|Suicune|100/100
|-ability|p1a: Suicune|Pressure
|move|p2a: braindead shark|Calm Mind|p2a: braindead shark
|-boost|p2a: braindead shark|spa|1
|-boost|p2a: braindead shark|spd|1
|
|upkeep
|turn|26
|
|t:|1667167843
|move|p1a: Suicune|Calm Mind|p1a: Suicune
|-boost|p1a: Suicune|spa|1
|-boost|p1a: Suicune|spd|1
|cant|p2a: braindead shark|par
|
|upkeep
|turn|27
|inactive|cryingg has 240 seconds left.
|
|t:|1667167862
|move|p1a: Suicune|Calm Mind|p1a: Suicune
|-boost|p1a: Suicune|spa|1
|-boost|p1a: Suicune|spd|1
|cant|p2a: braindead shark|par
|
|upkeep
|turn|28
|
|t:|1667167869
|move|p1a: Suicune|Calm Mind|p1a: Suicune
|-boost|p1a: Suicune|spa|1
|-boost|p1a: Suicune|spd|1
|move|p2a: braindead shark|Sludge Bomb|p1a: Suicune
|-damage|p1a: Suicune|82/100
|-status|p1a: Suicune|psn
|
|-heal|p1a: Suicune|88/100 psn|[from] item: Leftovers
|-damage|p1a: Suicune|76/100 psn|[from] psn
|upkeep
|turn|29
|inactive|cryingg has 240 seconds left.
|
|t:|1667167885
|switch|p2a: brain with eggs|Chansey, F|100/100
|move|p1a: Suicune|Rest|p1a: Suicune
|-status|p1a: Suicune|slp|[from] move: Rest
|-heal|p1a: Suicune|100/100 slp|[silent]
|
|upkeep
|turn|30
|
|t:|1667167901
|switch|p1a: Hatterene|Hatterene, F|100/100
|move|p2a: brain with eggs|Aromatherapy|p2a: brain with eggs
|-activate|p2a: brain with eggs|move: Aromatherapy
|-curestatus|p2: braindead shark|par|[msg]
|-curestatus|p2: annoying insect|par|[msg]
|
|upkeep
|turn|31
|
|t:|1667167918
|switch|p1a: Chansey|Chansey, F|66/100
|move|p2a: brain with eggs|Seismic Toss|p1a: Chansey
|-damage|p1a: Chansey|52/100
|
|upkeep
|turn|32
|
|t:|1667167925
|switch|p2a: annoying insect|Scizor, M|62/100
|switch|p1a: Hatterene|Hatterene, F|100/100
|
|upkeep
|turn|33
|inactive|KSt3ve has 270 seconds left.
|
|t:|1667167952
|switch|p2a: brain with eggs|Chansey, F|100/100
|switch|p1a: Tangrowth|Tangrowth, F|87/100
|
|upkeep
|turn|34
|
|t:|1667167968
|switch|p2a: annoying insect|Scizor, M|62/100
|move|p1a: Tangrowth|Stun Spore|p2a: annoying insect
|-status|p2a: annoying insect|par
|
|upkeep
|turn|35
|
|t:|1667167972
|switch|p1a: Cofagrigus|Cofagrigus, M|61/100
|move|p2a: annoying insect|Roost|p2a: annoying insect
|-heal|p2a: annoying insect|100/100 par
|-singleturn|p2a: annoying insect|move: Roost
|
|upkeep
|turn|36
|inactive|cryingg has 270 seconds left.
|
|t:|1667167980
|move|p1a: Cofagrigus|Pain Split|p2a: annoying insect
|-sethp|p2a: annoying insect|78/100 par|[from] move: Pain Split|[silent]
|-sethp|p1a: Cofagrigus|85/100|[from] move: Pain Split
|move|p2a: annoying insect|Knock Off|p1a: Cofagrigus
|-supereffective|p1a: Cofagrigus
|-damage|p1a: Cofagrigus|61/100
|-activate|p1a: Cofagrigus|ability: Mummy|Technician|[of] p2a: annoying insect
|
|upkeep
|turn|37
|
|t:|1667167996
|switch|p2a: 10IQ dragon|Salamence, M|80/100
|-ability|p2a: 10IQ dragon|Intimidate|boost
|-unboost|p1a: Cofagrigus|atk|1
|move|p1a: Cofagrigus|Toxic Spikes|p2a: 10IQ dragon
|-sidestart|p2: KSt3ve|move: Toxic Spikes
|
|upkeep
|turn|38
|
|t:|1667168005
|switch|p1a: Chansey|Chansey, F|52/100
|move|p2a: 10IQ dragon|Defog|p1a: Chansey
|-unboost|p1a: Chansey|evasion|1
|-sideend|p2: KSt3ve|Toxic Spikes|[from] move: Defog|[of] p2a: 10IQ dragon
|
|upkeep
|turn|39
|
|t:|1667168012
|switch|p2a: braindead shark|Slowbro-Galar, F|100/100
|move|p1a: Chansey|Soft-Boiled|p1a: Chansey
|-heal|p1a: Chansey|100/100
|
|upkeep
|turn|40
|
|t:|1667168021
|switch|p2a: annoying insect|Scizor, M|78/100 par
|move|p1a: Chansey|Thunder Wave|p2a: annoying insect
|-fail|p2a: annoying insect|par
|
|upkeep
|turn|41
|
|t:|1667168027
|switch|p1a: Tangrowth|Tangrowth, F|100/100
|switch|p2a: braindead shark|Slowbro-Galar, F|100/100
|
|upkeep
|turn|42
|
|t:|1667168036
|switch|p1a: Suicune|Suicune|100/100 slp
|-ability|p1a: Suicune|Pressure
|move|p2a: braindead shark|Calm Mind|p2a: braindead shark
|-boost|p2a: braindead shark|spa|1
|-boost|p2a: braindead shark|spd|1
|
|upkeep
|turn|43
|
|t:|1667168039
|cant|p1a: Suicune|slp
|move|p2a: braindead shark|Calm Mind|p2a: braindead shark
|-boost|p2a: braindead shark|spa|1
|-boost|p2a: braindead shark|spd|1
|
|upkeep
|turn|44
|inactive|KSt3ve has 270 seconds left.
|inactive|cryingg has 270 seconds left.
|inactive|KSt3ve has 240 seconds left.
|inactive|KSt3ve has 210 seconds left.
|
|t:|1667168142
|switch|p2a: brain with eggs|Chansey, F|100/100
|cant|p1a: Suicune|slp
|
|upkeep
|turn|45
|inactive|cryingg has 270 seconds left.
|inactive|KSt3ve has 210 seconds left.
|
|t:|1667168160
|switch|p1a: Hatterene|Hatterene, F|100/100
|move|p2a: brain with eggs|Seismic Toss|p1a: Hatterene
|-damage|p1a: Hatterene|69/100
|
|-heal|p1a: Hatterene|75/100|[from] item: Leftovers
|upkeep
|turn|46
|inactive|cryingg has 270 seconds left.
|
|t:|1667168171
|move|p2a: brain with eggs|Seismic Toss|p1a: Hatterene
|-damage|p1a: Hatterene|44/100
|move|p1a: Hatterene|Calm Mind|p1a: Hatterene
|-boost|p1a: Hatterene|spa|1
|-boost|p1a: Hatterene|spd|1
|
|-heal|p1a: Hatterene|50/100|[from] item: Leftovers
|upkeep
|turn|47
|inactive|cryingg has 270 seconds left.
|
|t:|1667168187
|switch|p1a: Skarmory|Skarmory, M|100/100
|move|p2a: brain with eggs|Seismic Toss|p1a: Skarmory
|-damage|p1a: Skarmory|71/100
|-damage|p2a: brain with eggs|84/100|[from] item: Rocky Helmet|[of] p1a: Skarmory
|
|upkeep
|turn|48
|inactive|cryingg has 270 seconds left.
|
|t:|1667168208
|move|p1a: Skarmory|Spikes|p2a: brain with eggs
|-sidestart|p2: KSt3ve|Spikes
|move|p2a: brain with eggs|Seismic Toss|p1a: Skarmory
|-damage|p1a: Skarmory|41/100
|-damage|p2a: brain with eggs|67/100|[from] item: Rocky Helmet|[of] p1a: Skarmory
|
|upkeep
|turn|49
|inactive|cryingg has 270 seconds left.
|inactive|KSt3ve has 180 seconds left.
|
|t:|1667168232
|move|p1a: Skarmory|Roost|p1a: Skarmory
|-heal|p1a: Skarmory|91/100
|-singleturn|p1a: Skarmory|move: Roost
|move|p2a: brain with eggs|Seismic Toss|p1a: Skarmory
|-damage|p1a: Skarmory|61/100
|-damage|p2a: brain with eggs|51/100|[from] item: Rocky Helmet|[of] p1a: Skarmory
|
|upkeep
|turn|50
|inactive|cryingg has 270 seconds left.
|
|t:|1667168251
|switch|p1a: Hatterene|Hatterene, F|50/100
|switch|p2a: 10IQ dragon|Salamence, M|80/100
|-ability|p2a: 10IQ dragon|Intimidate|boost
|-unboost|p1a: Hatterene|atk|1
|
|-heal|p1a: Hatterene|56/100|[from] item: Leftovers
|upkeep
|turn|51
|
|t:|1667168262
|switch|p2a: drug dealer|Quagsire, F|100/100
|switch|p1a: Suicune|Suicune|100/100 slp
|-ability|p1a: Suicune|Pressure
|
|upkeep
|turn|52
|inactive|cryingg has 270 seconds left.
|inactive|KSt3ve has 180 seconds left.
|inactive|KSt3ve has 150 seconds left.
|
|t:|1667168320
|switch|p1a: Chansey|Chansey, F|100/100
|move|p2a: drug dealer|Scald|p1a: Chansey
|-damage|p1a: Chansey|94/100
|-status|p1a: Chansey|brn
|
|-damage|p1a: Chansey|87/100 brn|[from] brn
|upkeep
|turn|53
|inactive|cryingg has 270 seconds left.
|
|t:|1667168331
|-curestatus|p1a: Chansey|brn|[from] ability: Natural Cure
|switch|p1a: Suicune|Suicune|100/100 slp
|-ability|p1a: Suicune|Pressure
|switch|p2a: 10IQ dragon|Salamence, M|80/100
|-ability|p2a: 10IQ dragon|Intimidate|boost
|-unboost|p1a: Suicune|atk|1
|
|upkeep
|turn|54
|inactive|cryingg has 270 seconds left.
|inactive|cryingg has 240 seconds left.
|
|t:|1667168375
|switch|p2a: drug dealer|Quagsire, F|100/100
|-curestatus|p1a: Suicune|slp|[msg]
|move|p1a: Suicune|Scald|p2a: drug dealer
|-damage|p2a: drug dealer|69/100
|
|upkeep
|turn|55
|
|t:|1667168387
|switch|p1a: Chansey|Chansey, F|87/100
|move|p2a: drug dealer|Recover|p2a: drug dealer
|-heal|p2a: drug dealer|100/100
|
|upkeep
|turn|56
|
|t:|1667168394
|switch|p1a: Suicune|Suicune|100/100
|-ability|p1a: Suicune|Pressure
|switch|p2a: 10IQ dragon|Salamence, M|80/100
|-ability|p2a: 10IQ dragon|Intimidate|boost
|-unboost|p1a: Suicune|atk|1
|
|upkeep
|turn|57
|inactive|cryingg has 240 seconds left.
|
|t:|1667168414
|switch|p2a: drug dealer|Quagsire, F|100/100
|move|p1a: Suicune|Calm Mind|p1a: Suicune
|-boost|p1a: Suicune|spa|1
|-boost|p1a: Suicune|spd|1
|
|upkeep
|turn|58
|inactive|cryingg has 240 seconds left.
|inactive|KSt3ve has 150 seconds left.
|
|t:|1667168440
|switch|p2a: brain with eggs|Chansey, F|51/100
|-damage|p2a: brain with eggs|38/100|[from] Spikes
|move|p1a: Suicune|Scald|p2a: brain with eggs
|-damage|p2a: brain with eggs|26/100
|-status|p2a: brain with eggs|brn
|
|-damage|p2a: brain with eggs|20/100 brn|[from] brn
|upkeep
|turn|59
|inactive|cryingg has 210 seconds left.
|
|t:|1667168494
|switch|p1a: Hatterene|Hatterene, F|56/100
|move|p2a: brain with eggs|Soft-Boiled|p2a: brain with eggs
|-heal|p2a: brain with eggs|70/100 brn
|
|-heal|p1a: Hatterene|62/100|[from] item: Leftovers
|-damage|p2a: brain with eggs|63/100 brn|[from] brn
|upkeep
|turn|60
|inactive|KSt3ve has 150 seconds left.
|inactive|KSt3ve has 120 seconds left.
|
|t:|1667168539
|-curestatus|p2a: brain with eggs|brn|[from] ability: Natural Cure
|switch|p2a: drug dealer|Quagsire, F|100/100
|switch|p1a: Skarmory|Skarmory, M|61/100
|
|upkeep
|turn|61
|inactive|KSt3ve has 120 seconds left.
|
|t:|1667168548
|switch|p1a: Chansey|Chansey, F|87/100
|switch|p2a: 10IQ dragon|Salamence, M|80/100
|-ability|p2a: 10IQ dragon|Intimidate|boost
|-unboost|p1a: Chansey|atk|1
|
|upkeep
|turn|62
|
|t:|1667168551
|switch|p1a: Suicune|Suicune|100/100
|-ability|p1a: Suicune|Pressure
|move|p2a: 10IQ dragon|Defog|p1a: Suicune
|-unboost|p1a: Suicune|evasion|1
|-sideend|p2: KSt3ve|Spikes|[from] move: Defog|[of] p2a: 10IQ dragon
|
|upkeep
|turn|63
|inactive|cryingg has 180 seconds left.
|
|t:|1667168585
|switch|p2a: brain with eggs|Chansey, F|63/100
|switch|p1a: Chansey|Chansey, F|87/100
|
|upkeep
|turn|64
|inactive|cryingg has 180 seconds left.
|inactive|KSt3ve has 120 seconds left.
|
|t:|1667168612
|switch|p1a: Skarmory|Skarmory, M|61/100
|move|p2a: brain with eggs|Stealth Rock|p1a: Skarmory
|-sidestart|p1: cryingg|move: Stealth Rock
|
|upkeep
|turn|65
|inactive|cryingg has 180 seconds left.
|inactive|KSt3ve has 120 seconds left.
|
|t:|1667168636
|switch|p2a: 10IQ dragon|Salamence, M|80/100
|-ability|p2a: 10IQ dragon|Intimidate|boost
|-unboost|p1a: Skarmory|atk|1
|move|p1a: Skarmory|Spikes|p2a: 10IQ dragon
|-sidestart|p2: KSt3ve|Spikes
|
|upkeep
|turn|66
|inactive|cryingg has 180 seconds left.
|
|t:|1667168662
|switch|p1a: Suicune|Suicune|100/100
|-damage|p1a: Suicune|88/100|[from] Stealth Rock
|-ability|p1a: Suicune|Pressure
|move|p2a: 10IQ dragon|Defog|p1a: Suicune
|-unboost|p1a: Suicune|evasion|1
|-sideend|p1: cryingg|Stealth Rock|[from] move: Defog|[of] p2a: 10IQ dragon
|-sideend|p2: KSt3ve|Spikes|[from] move: Defog|[of] p2a: 10IQ dragon
|
|-heal|p1a: Suicune|94/100|[from] item: Leftovers
|upkeep
|turn|67
|
|t:|1667168674
|switch|p2a: brain with eggs|Chansey, F|63/100
|switch|p1a: Chansey|Chansey, F|87/100
|
|upkeep
|turn|68
|
|t:|1667168697
|switch|p1a: Hatterene|Hatterene, F|62/100
|switch|p2a: annoying insect|Scizor, M|78/100 par
|
|-heal|p1a: Hatterene|67/100|[from] item: Leftovers
|upkeep
|turn|69
|inactive|KSt3ve has 120 seconds left.
|inactive|cryingg has 150 seconds left.
|inactive|cryingg has 120 seconds left.
|
|t:|1667168748
|switch|p1a: Tangrowth|Tangrowth, F|100/100
|switch|p2a: brain with eggs|Chansey, F|63/100
|
|upkeep
|turn|70
|inactive|cryingg has 120 seconds left.
|
|t:|1667168758
|switch|p2a: braindead shark|Slowbro-Galar, F|100/100
|switch|p1a: Hatterene|Hatterene, F|67/100
|
|-heal|p1a: Hatterene|73/100|[from] item: Leftovers
|upkeep
|turn|71
|inactive|KSt3ve has 90 seconds left.
|
|t:|1667168784
|switch|p1a: Chansey|Chansey, F|87/100
|move|p2a: braindead shark|Calm Mind|p2a: braindead shark
|-boost|p2a: braindead shark|spa|1
|-boost|p2a: braindead shark|spd|1
|
|upkeep
|turn|72
|
|t:|1667168788
|switch|p2a: annoying insect|Scizor, M|78/100 par
|move|p1a: Chansey|Thunder Wave|p2a: annoying insect
|-fail|p2a: annoying insect|par
|
|upkeep
|turn|73
|
|t:|1667168796
|switch|p1a: Tangrowth|Tangrowth, F|100/100
|move|p2a: annoying insect|Knock Off|p1a: Tangrowth
|-damage|p1a: Tangrowth|91/100
|
|upkeep
|turn|74
|inactive|cryingg has 150 seconds left.
|
|t:|1667168804
|switch|p2a: braindead shark|Slowbro-Galar, F|100/100
|move|p1a: Tangrowth|Knock Off|p2a: braindead shark
|-supereffective|p2a: braindead shark
|-enditem|p2a: braindead shark|Colbur Berry|[eat]
|-enditem|p2a: braindead shark|Colbur Berry|[weaken]
|-damage|p2a: braindead shark|86/100
|
|upkeep
|turn|75
|inactive|KSt3ve has 120 seconds left.
|
|t:|1667168819
|switch|p1a: Chansey|Chansey, F|87/100
|switch|p2a: annoying insect|Scizor, M|78/100 par
|
|upkeep
|turn|76
|
|t:|1667168827
|switch|p1a: Tangrowth|Tangrowth, F|100/100
|switch|p2a: braindead shark|Slowbro-Galar, F|100/100
|
|upkeep
|turn|77
|inactive|KSt3ve has 120 seconds left.
|
|t:|1667168837
|switch|p1a: Chansey|Chansey, F|87/100
|switch|p2a: annoying insect|Scizor, M|78/100 par
|
|upkeep
|turn|78
|
|t:|1667168840
|switch|p1a: Tangrowth|Tangrowth, F|100/100
|switch|p2a: braindead shark|Slowbro-Galar, F|100/100
|
|upkeep
|turn|79
|
|t:|1667168845
|switch|p1a: Chansey|Chansey, F|87/100
|switch|p2a: annoying insect|Scizor, M|78/100 par
|
|upkeep
|turn|80
|
|t:|1667168849
|switch|p1a: Tangrowth|Tangrowth, F|100/100
|switch|p2a: braindead shark|Slowbro-Galar, F|100/100
|
|upkeep
|turn|81
|
|t:|1667168853
|switch|p1a: Suicune|Suicune|94/100
|-ability|p1a: Suicune|Pressure
|switch|p2a: annoying insect|Scizor, M|78/100 par
|
|-heal|p1a: Suicune|100/100|[from] item: Leftovers
|upkeep
|turn|82
|inactive|cryingg has 210 seconds left.
|
|t:|1667168861
|switch|p1a: Tangrowth|Tangrowth, F|100/100
|switch|p2a: braindead shark|Slowbro-Galar, F|100/100
|
|upkeep
|turn|83
|
|t:|1667168871
|switch|p1a: Chansey|Chansey, F|87/100
|switch|p2a: annoying insect|Scizor, M|78/100 par
|
|upkeep
|turn|84
|
|t:|1667168877
|switch|p1a: Cofagrigus|Cofagrigus, M|61/100
|switch|p2a: braindead shark|Slowbro-Galar, F|100/100
|
|upkeep
|turn|85
|inactive|KSt3ve has 180 seconds left.
|
|t:|1667168890
|switch|p1a: Chansey|Chansey, F|87/100
|switch|p2a: 10IQ dragon|Salamence, M|80/100
|-ability|p2a: 10IQ dragon|Intimidate|boost
|-unboost|p1a: Chansey|atk|1
|
|upkeep
|turn|86
|
|t:|1667168894
|switch|p2a: annoying insect|Scizor, M|78/100 par
|switch|p1a: Suicune|Suicune|100/100
|-ability|p1a: Suicune|Pressure
|
|upkeep
|turn|87
|inactive|cryingg has 240 seconds left.
|
|t:|1667168911
|switch|p1a: Tangrowth|Tangrowth, F|100/100
|cant|p2a: annoying insect|par
|
|upkeep
|turn|88
|
|t:|1667168916
|switch|p2a: braindead shark|Slowbro-Galar, F|100/100
|move|p1a: Tangrowth|Stun Spore|p2a: braindead shark
|-status|p2a: braindead shark|par
|
|upkeep
|turn|89
|
|t:|1667168922
|switch|p1a: Suicune|Suicune|100/100
|-ability|p1a: Suicune|Pressure
|switch|p2a: annoying insect|Scizor, M|78/100 par
|
|upkeep
|turn|90
|
|t:|1667168925
|switch|p1a: Cofagrigus|Cofagrigus, M|61/100
|switch|p2a: brain with eggs|Chansey, F|63/100
|
|upkeep
|turn|91
|inactive|cryingg has 270 seconds left.
|
|t:|1667168933
|switch|p2a: 10IQ dragon|Salamence, M|80/100
|-ability|p2a: 10IQ dragon|Intimidate|boost
|-unboost|p1a: Cofagrigus|atk|1
|switch|p1a: Hatterene|Hatterene, F|73/100
|
|-heal|p1a: Hatterene|79/100|[from] item: Leftovers
|upkeep
|turn|92
|
|t:|1667168943
|switch|p2a: drug dealer|Quagsire, F|100/100
|switch|p1a: Chansey|Chansey, F|87/100
|
|upkeep
|turn|93
|
|t:|1667168950
|switch|p1a: Suicune|Suicune|100/100
|-ability|p1a: Suicune|Pressure
|switch|p2a: annoying insect|Scizor, M|78/100 par
|
|upkeep
|turn|94
|
|t:|1667168956
|switch|p1a: Tangrowth|Tangrowth, F|100/100
|switch|p2a: brain with eggs|Chansey, F|63/100
|
|upkeep
|turn|95
|
|t:|1667168963
|switch|p2a: braindead shark|Slowbro-Galar, F|100/100 par
|switch|p1a: Hatterene|Hatterene, F|79/100
|
|-heal|p1a: Hatterene|85/100|[from] item: Leftovers
|upkeep
|turn|96
|
|t:|1667168969
|switch|p1a: Chansey|Chansey, F|87/100
|switch|p2a: brain with eggs|Chansey, F|63/100
|
|upkeep
|turn|97
|
|t:|1667168973
|switch|p1a: Hatterene|Hatterene, F|85/100
|switch|p2a: annoying insect|Scizor, M|78/100 par
|
|-heal|p1a: Hatterene|91/100|[from] item: Leftovers
|upkeep
|turn|98
|
|t:|1667168978
|switch|p1a: Tangrowth|Tangrowth, F|100/100
|switch|p2a: brain with eggs|Chansey, F|63/100
|
|upkeep
|turn|99
|
|t:|1667168983
|switch|p2a: annoying insect|Scizor, M|78/100 par
|move|p1a: Tangrowth|Knock Off|p2a: annoying insect
|-damage|p2a: annoying insect|65/100 par
|
|upkeep
|turn|100
|
|t:|1667168989
|switch|p1a: Cofagrigus|Cofagrigus, M|61/100
|switch|p2a: braindead shark|Slowbro-Galar, F|100/100 par
|
|upkeep
|turn|101
|
|t:|1667168996
|switch|p1a: Chansey|Chansey, F|87/100
|switch|p2a: 10IQ dragon|Salamence, M|80/100
|-ability|p2a: 10IQ dragon|Intimidate|boost
|-unboost|p1a: Chansey|atk|1
|
|upkeep
|turn|102
|
|t:|1667169019
|switch|p2a: brain with eggs|Chansey, F|63/100
|switch|p1a: Hatterene|Hatterene, F|91/100
|
|-heal|p1a: Hatterene|97/100|[from] item: Leftovers
|upkeep
|turn|103
|
|t:|1667169034
|switch|p2a: drug dealer|Quagsire, F|100/100
|switch|p1a: Skarmory|Skarmory, M|61/100
|
|upkeep
|turn|104
|
|t:|1667169041
|switch|p1a: Suicune|Suicune|100/100
|-ability|p1a: Suicune|Pressure
|move|p2a: drug dealer|Scald|p1a: Suicune
|-resisted|p1a: Suicune
|-damage|p1a: Suicune|93/100
|-status|p1a: Suicune|brn
|
|-heal|p1a: Suicune|99/100 brn|[from] item: Leftovers
|-damage|p1a: Suicune|93/100 brn|[from] brn
|upkeep
|turn|105
|inactive|KSt3ve has 270 seconds left.
|
|t:|1667169069
|switch|p1a: Chansey|Chansey, F|87/100
|switch|p2a: brain with eggs|Chansey, F|63/100
|
|upkeep
|turn|106
|
|t:|1667169082
|switch|p2a: 10IQ dragon|Salamence, M|80/100
|-ability|p2a: 10IQ dragon|Intimidate|boost
|-unboost|p1a: Chansey|atk|1
|switch|p1a: Hatterene|Hatterene, F|97/100
|
|-heal|p1a: Hatterene|100/100|[from] item: Leftovers
|upkeep
|turn|107
|
|t:|1667169093
|switch|p2a: drug dealer|Quagsire, F|100/100
|switch|p1a: Suicune|Suicune|93/100 brn
|-ability|p1a: Suicune|Pressure
|
|-heal|p1a: Suicune|99/100 brn|[from] item: Leftovers
|-damage|p1a: Suicune|93/100 brn|[from] brn
|upkeep
|turn|108
|
|t:|1667169099
|switch|p1a: Chansey|Chansey, F|87/100
|switch|p2a: brain with eggs|Chansey, F|63/100
|
|upkeep
|turn|109
|
|t:|1667169108
|switch|p1a: Hatterene|Hatterene, F|100/100
|switch|p2a: braindead shark|Slowbro-Galar, F|100/100 par
|
|upkeep
|turn|110
|
|t:|1667169115
|switch|p1a: Cofagrigus|Cofagrigus, M|61/100
|switch|p2a: brain with eggs|Chansey, F|63/100
|
|upkeep
|turn|111
|
|t:|1667169128
|switch|p2a: radiated dog|Umbreon, M|100/100
|switch|p1a: Hatterene|Hatterene, F|100/100
|
|upkeep
|turn|112
|
|t:|1667169138
|switch|p2a: brain with eggs|Chansey, F|63/100
|switch|p1a: Skarmory|Skarmory, M|61/100
|
|upkeep
|turn|113
|
|t:|1667169156
|switch|p1a: Hatterene|Hatterene, F|100/100
|switch|p2a: 10IQ dragon|Salamence, M|80/100
|-ability|p2a: 10IQ dragon|Intimidate|boost
|-unboost|p1a: Hatterene|atk|1
|
|upkeep
|turn|114
|
|t:|1667169169
|switch|p2a: brain with eggs|Chansey, F|63/100
|switch|p1a: Chansey|Chansey, F|87/100
|
|upkeep
|turn|115
|
|t:|1667169174
|switch|p1a: Cofagrigus|Cofagrigus, M|61/100
|switch|p2a: braindead shark|Slowbro-Galar, F|100/100 par
|
|upkeep
|turn|116
|
|t:|1667169190
|switch|p2a: 10IQ dragon|Salamence, M|80/100
|-ability|p2a: 10IQ dragon|Intimidate|boost
|-unboost|p1a: Cofagrigus|atk|1
|move|p1a: Cofagrigus|Toxic Spikes|p2a: 10IQ dragon
|-sidestart|p2: KSt3ve|move: Toxic Spikes
|
|upkeep
|turn|117
|inactive|cryingg has 270 seconds left.
|
|t:|1667169218
|switch|p2a: drug dealer|Quagsire, F|100/100
|move|p1a: Cofagrigus|Pain Split|p2a: drug dealer
|-sethp|p2a: drug dealer|75/100|[from] move: Pain Split|[silent]
|-sethp|p1a: Cofagrigus|92/100|[from] move: Pain Split
|
|upkeep
|turn|118
|
|t:|1667169226
|switch|p2a: 10IQ dragon|Salamence, M|80/100
|-ability|p2a: 10IQ dragon|Intimidate|boost
|-unboost|p1a: Cofagrigus|atk|1
|switch|p1a: Suicune|Suicune|93/100 brn
|-ability|p1a: Suicune|Pressure
|
|-heal|p1a: Suicune|99/100 brn|[from] item: Leftovers
|-damage|p1a: Suicune|93/100 brn|[from] brn
|upkeep
|turn|119
|
|t:|1667169233
|switch|p2a: braindead shark|Slowbro-Galar, F|100/100 par
|-sideend|p2: KSt3ve|move: Toxic Spikes|[of] p2a: braindead shark
|switch|p1a: Cofagrigus|Cofagrigus, M|92/100
|
|upkeep
|turn|120
|
|t:|1667169237
|switch|p2a: 10IQ dragon|Salamence, M|80/100
|-ability|p2a: 10IQ dragon|Intimidate|boost
|-unboost|p1a: Cofagrigus|atk|1
|move|p1a: Cofagrigus|Hex|p2a: 10IQ dragon
|-damage|p2a: 10IQ dragon|61/100
|
|upkeep
|turn|121
|
|t:|1667169244
|switch|p1a: Hatterene|Hatterene, F|100/100
|move|p2a: 10IQ dragon|Roost|p2a: 10IQ dragon
|-heal|p2a: 10IQ dragon|100/100
|-singleturn|p2a: 10IQ dragon|move: Roost
|
|upkeep
|turn|122
|
|t:|1667169257
|switch|p2a: brain with eggs|Chansey, F|63/100
|switch|p1a: Chansey|Chansey, F|87/100
|
|upkeep
|turn|123
|
|t:|1667169269
|switch|p1a: Hatterene|Hatterene, F|100/100
|switch|p2a: radiated dog|Umbreon, M|100/100
|
|upkeep
|turn|124
|
|t:|1667169297
|switch|p2a: brain with eggs|Chansey, F|63/100
|switch|p1a: Skarmory|Skarmory, M|61/100
|
|upkeep
|turn|125
|
|t:|1667169318
|switch|p2a: 10IQ dragon|Salamence, M|100/100
|-ability|p2a: 10IQ dragon|Intimidate|boost
|-unboost|p1a: Skarmory|atk|1
|move|p1a: Skarmory|Spikes|p2a: 10IQ dragon
|-sidestart|p2: KSt3ve|Spikes
|
|upkeep
|turn|126
|inactive|KSt3ve has 270 seconds left.
|
|t:|1667169344
|switch|p2a: drug dealer|Quagsire, F|75/100
|switch|p1a: Suicune|Suicune|93/100 brn
|-ability|p1a: Suicune|Pressure
|
|-heal|p1a: Suicune|99/100 brn|[from] item: Leftovers
|-damage|p1a: Suicune|93/100 brn|[from] brn
|upkeep
|turn|127
|
|t:|1667169350
|switch|p1a: Chansey|Chansey, F|87/100
|switch|p2a: 10IQ dragon|Salamence, M|100/100
|-ability|p2a: 10IQ dragon|Intimidate|boost
|-unboost|p1a: Chansey|atk|1
|
|upkeep
|turn|128
|
|t:|1667169360
|switch|p2a: drug dealer|Quagsire, F|75/100
|switch|p1a: Suicune|Suicune|93/100 brn
|-ability|p1a: Suicune|Pressure
|
|-heal|p1a: Suicune|99/100 brn|[from] item: Leftovers
|-damage|p1a: Suicune|93/100 brn|[from] brn
|upkeep
|turn|129
|
|t:|1667169369
|switch|p1a: Hatterene|Hatterene, F|100/100
|switch|p2a: 10IQ dragon|Salamence, M|100/100
|-ability|p2a: 10IQ dragon|Intimidate|boost
|-unboost|p1a: Hatterene|atk|1
|
|upkeep
|turn|130
|
|t:|1667169374
|switch|p2a: drug dealer|Quagsire, F|75/100
|switch|p1a: Suicune|Suicune|93/100 brn
|-ability|p1a: Suicune|Pressure
|
|-heal|p1a: Suicune|99/100 brn|[from] item: Leftovers
|-damage|p1a: Suicune|93/100 brn|[from] brn
|upkeep
|turn|131
|
|t:|1667169389
|switch|p1a: Chansey|Chansey, F|87/100
|switch|p2a: 10IQ dragon|Salamence, M|100/100
|-ability|p2a: 10IQ dragon|Intimidate|boost
|-unboost|p1a: Chansey|atk|1
|
|upkeep
|turn|132
|
|t:|1667169398
|switch|p2a: braindead shark|Slowbro-Galar, F|100/100 par
|-damage|p2a: braindead shark|88/100 par|[from] Spikes
|move|p1a: Chansey|Seismic Toss|p2a: braindead shark
|-damage|p2a: braindead shark|63/100 par
|
|upkeep
|turn|133
|
|t:|1667169412
|switch|p1a: Cofagrigus|Cofagrigus, M|92/100
|switch|p2a: brain with eggs|Chansey, F|63/100
|-damage|p2a: brain with eggs|51/100|[from] Spikes
|
|upkeep
|turn|134
|
|t:|1667169425
|switch|p2a: 10IQ dragon|Salamence, M|100/100
|-ability|p2a: 10IQ dragon|Intimidate|boost
|-unboost|p1a: Cofagrigus|atk|1
|move|p1a: Cofagrigus|Toxic Spikes|p2a: 10IQ dragon
|-sidestart|p2: KSt3ve|move: Toxic Spikes
|
|upkeep
|turn|135
|
|t:|1667169434
|switch|p2a: drug dealer|Quagsire, F|75/100
|move|p1a: Cofagrigus|Toxic|p2a: drug dealer
|-status|p2a: drug dealer|tox
|
|-damage|p2a: drug dealer|69/100 tox|[from] psn
|upkeep
|turn|136
|inactive|KSt3ve has 270 seconds left.
|
|t:|1667169480
|switch|p2a: 10IQ dragon|Salamence, M|100/100
|-ability|p2a: 10IQ dragon|Intimidate|boost
|-unboost|p1a: Cofagrigus|atk|1
|switch|p1a: Hatterene|Hatterene, F|100/100
|
|upkeep
|turn|137
|
|t:|1667169484
|switch|p2a: braindead shark|Slowbro-Galar, F|96/100 par
|-damage|p2a: braindead shark|83/100 par|[from] Spikes
|-sideend|p2: KSt3ve|move: Toxic Spikes|[of] p2a: braindead shark
|move|p1a: Hatterene|Calm Mind|p1a: Hatterene
|-boost|p1a: Hatterene|spa|1
|-boost|p1a: Hatterene|spd|1
|
|upkeep
|turn|138
|inactive|KSt3ve has 270 seconds left.
|inactive|KSt3ve has 240 seconds left.
|inactive|KSt3ve has 210 seconds left.
|
|t:|1667169557
|move|p1a: Hatterene|Calm Mind|p1a: Hatterene
|-boost|p1a: Hatterene|spa|1
|-boost|p1a: Hatterene|spd|1
|cant|p2a: braindead shark|par
|
|upkeep
|turn|139
|inactive|KSt3ve has 210 seconds left.
|inactive|cryingg has 270 seconds left.
|inactive|KSt3ve has 180 seconds left.
|
|t:|1667169615
|move|p1a: Hatterene|Stored Power|p2a: braindead shark
|-damage|p2a: braindead shark|0 fnt
|faint|p2a: braindead shark
|
|upkeep
|
|t:|1667169627
|switch|p2a: brain with eggs|Chansey, F|51/100
|-damage|p2a: brain with eggs|38/100|[from] Spikes
|turn|140
|
|t:|1667169633
|move|p2a: brain with eggs|Soft-Boiled|p2a: brain with eggs
|-heal|p2a: brain with eggs|88/100
|move|p1a: Hatterene|Calm Mind|p1a: Hatterene
|-boost|p1a: Hatterene|spa|1
|-boost|p1a: Hatterene|spd|1
|
|upkeep
|turn|141
|
|t:|1667169636
|move|p2a: brain with eggs|Aromatherapy|p2a: brain with eggs
|-activate|p2a: brain with eggs|move: Aromatherapy
|-curestatus|p2: annoying insect|par|[msg]
|-curestatus|p2: drug dealer|tox|[msg]
|move|p1a: Hatterene|Calm Mind|p1a: Hatterene
|-boost|p1a: Hatterene|spa|1
|-boost|p1a: Hatterene|spd|1
|
|upkeep
|turn|142
|inactive|cryingg has 270 seconds left.
|
|t:|1667169643
|switch|p2a: radiated dog|Umbreon, M|100/100
|-damage|p2a: radiated dog|88/100|[from] Spikes
|move|p1a: Hatterene|Stored Power|p2a: radiated dog
|-immune|p2a: radiated dog
|
|-heal|p2a: radiated dog|94/100|[from] item: Leftovers
|upkeep
|turn|143
|inactive|cryingg has 270 seconds left.
|inactive|KSt3ve has 180 seconds left.
|
|t:|1667169669
|move|p2a: radiated dog|Protect|p2a: radiated dog
|-singleturn|p2a: radiated dog|Protect
|move|p1a: Hatterene|Stored Power|p2a: radiated dog
|-activate|p2a: radiated dog|move: Protect
|
|-heal|p2a: radiated dog|99/100|[from] item: Leftovers
|upkeep
|turn|144
|inactive|cryingg has 270 seconds left.
|inactive|KSt3ve has 180 seconds left.
|
|t:|1667169679
|switch|p2a: brain with eggs|Chansey, F|88/100
|-damage|p2a: brain with eggs|76/100|[from] Spikes
|move|p1a: Hatterene|Stored Power|p2a: brain with eggs
|-damage|p2a: brain with eggs|4/100
|
|upkeep
|turn|145
|inactive|KSt3ve has 180 seconds left.
|inactive|KSt3ve has 150 seconds left.
|inactive|KSt3ve has 120 seconds left.
|inactive|KSt3ve has 90 seconds left.
|c|☆KSt3ve|gg
|c|☆cryingg|gg
|-message|KSt3ve forfeited.
|
|win|cryingg
|player|p1|cryingg|#mplviiithunders
