|inactive|Battle timer is ON: inactive players will automatically lose when time's up.
|t:|1666124853
|gametype|singles
|player|p1|Mimilucha|ethan-masters|
|player|p2|Luirromen|lucas-gen4pt|
|teamsize|p1|6
|teamsize|p2|6
|gen|8
|tier|[Gen 8] UU
|rule|Sleep Clause Mod: Limit one foe put to sleep
|rule|Species Clause: Limit one of each Pokémon
|rule|OHKO Clause: OHKO moves are banned
|rule|Evasion Items Clause: Evasion items are banned
|rule|Evasion Moves Clause: Evasion moves are banned
|rule|Endless Battle Clause: Forcing endless battles is banned
|rule|HP Percentage Mod: HP is shown in percentages
|rule|Dynamax Clause: You cannot dynamax
|clearpoke
|poke|p1|Hippowdon, M|
|poke|p1|Zarude|
|poke|p1|Slowking, M|
|poke|p1|Salazzle, F|
|poke|p1|Salamence, M|
|poke|p1|Scizor, M|
|poke|p2|Aerodactyl, F|
|poke|p2|Celesteela|
|poke|p2|Hydreigon, F|
|poke|p2|Azelf|
|poke|p2|Cobalion|
|poke|p2|Azumarill, M|
|teampreview
|inactive|Mimilucha also wants the timer to be on.
|c|☆Luirromen|hf
|c|☆Mimilucha|hf
|
|t:|1666124882
|start
|switch|p1a: Scizor|Scizor, M|100/100
|switch|p2a: Aerodactyl|Aerodactyl, F|100/100
|-ability|p2a: Aerodactyl|Pressure
|turn|1
|
|t:|1666124887
|switch|p2a: Celesteela|Celesteela|100/100
|move|p1a: Scizor|Bullet Punch|p2a: Celesteela
|-resisted|p2a: Celesteela
|-damage|p2a: Celesteela|87/100
|
|upkeep
|turn|2
|
|t:|1666124890
|switch|p2a: Aerodactyl|Aerodactyl, F|100/100
|-ability|p2a: Aerodactyl|Pressure
|switch|p1a: Slowking|Slowking, M|100/100
|
|upkeep
|turn|3
|
|t:|1666124893
|move|p2a: Aerodactyl|Stealth Rock|p1a: Slowking
|-sidestart|p1: Mimilucha|move: Stealth Rock
|move|p1a: Slowking|Scald|p2a: Aerodactyl
|-supereffective|p2a: Aerodactyl
|-damage|p2a: Aerodactyl|18/100
|
|upkeep
|turn|4
|
|t:|1666124919
|move|p2a: Aerodactyl|Dual Wingbeat|p1a: Slowking
|-damage|p1a: Slowking|86/100
|-damage|p1a: Slowking|71/100
|-hitcount|p1a: Slowking|2
|move|p1a: Slowking|Scald|p2a: Aerodactyl
|-supereffective|p2a: Aerodactyl
|-damage|p2a: Aerodactyl|0 fnt
|faint|p2a: Aerodactyl
|
|upkeep
|
|t:|1666124927
|switch|p2a: Hydreigon|Hydreigon, F|100/100
|turn|5
|inactive|Mimilucha has 270 seconds left.
|inactive|Mimilucha has 240 seconds left.
|
|t:|1666124987
|switch|p1a: Scizor|Scizor, M|100/100
|move|p2a: Hydreigon|Nasty Plot|p2a: Hydreigon
|-boost|p2a: Hydreigon|spa|2
|
|upkeep
|turn|6
|inactive|Mimilucha has 240 seconds left.
|
|t:|1666124992
|move|p1a: Scizor|Bullet Punch|p2a: Hydreigon
|-damage|p2a: Hydreigon|71/100
|move|p2a: Hydreigon|Flamethrower|p1a: Scizor
|-supereffective|p1a: Scizor
|-damage|p1a: Scizor|0 fnt
|faint|p1a: Scizor
|
|upkeep
|
|t:|1666124994
|switch|p1a: Zarude|Zarude|100/100
|-damage|p1a: Zarude|88/100|[from] Stealth Rock
|turn|7
|
|t:|1666125003
|move|p1a: Zarude|U-turn|p2a: Hydreigon
|-supereffective|p2a: Hydreigon
|-damage|p2a: Hydreigon|0 fnt
|faint|p2a: Hydreigon
|c|+corperaten|gone
|
|t:|1666125010
|switch|p1a: Slowking|Slowking, M|100/100|[from]move: U-turn
|
|upkeep
|
|t:|1666125020
|switch|p2a: Azumarill|Azumarill, M|100/100
|turn|8
|
|t:|1666125028
|switch|p1a: Salamence|Salamence, M|100/100
|-ability|p1a: Salamence|Intimidate|boost
|-unboost|p2a: Azumarill|atk|1
|move|p2a: Azumarill|Belly Drum|p2a: Azumarill
|-damage|p2a: Azumarill|50/100
|-setboost|p2a: Azumarill|atk|6|[from] move: Belly Drum
|-enditem|p2a: Azumarill|Sitrus Berry|[eat]
|-heal|p2a: Azumarill|75/100|[from] item: Sitrus Berry
|
|upkeep
|turn|9
|
|t:|1666125033
|move|p1a: Salamence|Defog|p2a: Azumarill
|-unboost|p2a: Azumarill|evasion|1
|-sideend|p1: Mimilucha|Stealth Rock|[from] move: Defog|[of] p1a: Salamence
|move|p2a: Azumarill|Knock Off|p1a: Salamence
|-damage|p1a: Salamence|0 fnt
|-enditem|p1a: Salamence|Heavy-Duty Boots|[from] move: Knock Off|[of] p2a: Azumarill
|faint|p1a: Salamence
|
|upkeep
|
|t:|1666125034
|switch|p1a: Zarude|Zarude|88/100
|turn|10
|
|t:|1666125036
|move|p2a: Azumarill|Aqua Jet|p1a: Zarude
|-resisted|p1a: Zarude
|-damage|p1a: Zarude|38/100
|move|p1a: Zarude|Power Whip|p2a: Azumarill
|-supereffective|p2a: Azumarill
|-damage|p2a: Azumarill|0 fnt
|faint|p2a: Azumarill
|
|upkeep
|
|t:|1666125041
|switch|p2a: Celesteela|Celesteela|87/100
|turn|11
|
|t:|1666125043
|switch|p1a: Slowking|Slowking, M|100/100
|move|p2a: Celesteela|Autotomize|p2a: Celesteela
|-boost|p2a: Celesteela|spe|2
|-start|p2a: Celesteela|Autotomize
|
|upkeep
|turn|12
|
|t:|1666125047
|move|p2a: Celesteela|Meteor Beam||[still]
|-prepare|p2a: Celesteela|Meteor Beam
|-boost|p2a: Celesteela|spa|1
|-enditem|p2a: Celesteela|Power Herb
|-anim|p2a: Celesteela|Meteor Beam|p1a: Slowking
|-damage|p1a: Slowking|57/100
|move|p1a: Slowking|Thunder Wave|p2a: Celesteela
|-status|p2a: Celesteela|par
|
|upkeep
|turn|13
|
|t:|1666125053
|move|p2a: Celesteela|Autotomize|p2a: Celesteela
|-boost|p2a: Celesteela|spe|2
|-start|p2a: Celesteela|Autotomize
|move|p1a: Slowking|Teleport|p1a: Slowking
|
|t:|1666125054
|switch|p1a: Salazzle|Salazzle, F|100/100|[from]move: Teleport
|
|upkeep
|turn|14
|
|t:|1666125060
|move|p1a: Salazzle|Encore|p2a: Celesteela
|-start|p2a: Celesteela|Encore
|move|p2a: Celesteela|Autotomize|p2a: Celesteela
|-boost|p2a: Celesteela|spe|2
|-start|p2a: Celesteela|Autotomize
|
|upkeep
|turn|15
|
|t:|1666125065
|move|p2a: Celesteela|Autotomize||[still]
|-fail|p2a: Celesteela
|move|p1a: Salazzle|Flamethrower|p2a: Celesteela
|-supereffective|p2a: Celesteela
|-damage|p2a: Celesteela|4/100 par
|
|upkeep
|turn|16
|
|t:|1666125069
|move|p2a: Celesteela|Autotomize||[still]
|-fail|p2a: Celesteela
|move|p1a: Salazzle|Flamethrower|p2a: Celesteela
|-supereffective|p2a: Celesteela
|-damage|p2a: Celesteela|0 fnt
|faint|p2a: Celesteela
|
|upkeep
|
|t:|1666125071
|switch|p2a: Azelf|Azelf, shiny|100/100
|turn|17
|c|+corperaten|human?
|
|t:|1666125092
|switch|p1a: Slowking|Slowking, M|90/100
|move|p2a: Azelf|Psyshock|p1a: Slowking
|-resisted|p1a: Slowking
|-damage|p1a: Slowking|69/100
|-damage|p2a: Azelf|91/100|[from] item: Life Orb
|
|upkeep
|turn|18
|
|t:|1666125097
|move|p2a: Azelf|Nasty Plot|p2a: Azelf
|-boost|p2a: Azelf|spa|2
|move|p1a: Slowking|Thunder Wave|p2a: Azelf
|-status|p2a: Azelf|par
|
|upkeep
|turn|19
|
|t:|1666125104
|move|p2a: Azelf|Dazzling Gleam|p1a: Slowking
|-damage|p1a: Slowking|19/100
|-damage|p2a: Azelf|81/100 par|[from] item: Life Orb
|move|p1a: Slowking|Teleport|p1a: Slowking
|
|t:|1666125106
|switch|p1a: Zarude|Zarude|38/100|[from]move: Teleport
|
|upkeep
|turn|20
|
|t:|1666125109
|move|p1a: Zarude|U-turn|p2a: Azelf
|-supereffective|p2a: Azelf
|-damage|p2a: Azelf|0 fnt
|faint|p2a: Azelf
|
|t:|1666125110
|switch|p1a: Salazzle|Salazzle, F|100/100|[from]move: U-turn
|
|upkeep
|
|t:|1666125113
|switch|p2a: Cobalion|Cobalion|100/100
|-item|p2a: Cobalion|Air Balloon
|turn|21
|
|t:|1666125115
|move|p1a: Salazzle|Flamethrower|p2a: Cobalion
|-supereffective|p2a: Cobalion
|-damage|p2a: Cobalion|0 fnt
|-enditem|p2a: Cobalion|Air Balloon
|faint|p2a: Cobalion
|
|win|Mimilucha
|c|☆Luirromen|gg
|c|☆Mimilucha|gg
|player|p1|Mimilucha|ethan-masters
