|inactive|Battle timer is ON: inactive players will automatically lose when time's up.
|t:|1652986965
|gametype|singles
|player|p1|UnzipsCrogre|266|
|player|p2|HaxxLR|101|
|teamsize|p1|6
|teamsize|p2|6
|gen|8
|tier|[Gen 8] UU
|rule|Sleep Clause Mod: Limit one foe put to sleep
|rule|Species Clause: Limit one of each Pokémon
|rule|OHKO Clause: OHKO moves are banned
|rule|Evasion Moves Clause: Evasion moves are banned
|rule|Endless Battle Clause: Forcing endless battles is banned
|rule|HP Percentage Mod: HP is shown in percentages
|rule|Dynamax Clause: You cannot dynamax
|clearpoke
|poke|p1|Polteageist|
|poke|p1|Hydreigon, M|
|poke|p1|Gyarados, F|
|poke|p1|Excadrill, F|
|poke|p1|Scizor, F|
|poke|p1|Celesteela|
|poke|p2|Aegislash, F|
|poke|p2|Zygarde-10%|
|poke|p2|Amoonguss, F|
|poke|p2|Primarina, M|
|poke|p2|Rotom-Heat|
|poke|p2|Krookodile, M|
|teampreview
|inactive|HaxxLR has 270 seconds left.
|inactive|HaxxLR has 240 seconds left.
|inactive|HaxxLR has 210 seconds left.
|inactive|HaxxLR has 180 seconds left.
|
|t:|1652987090
|start
|switch|p1a: Excadrill|Excadrill, F|100/100
|switch|p2a: Krookodile|Krookodile, M|100/100
|-ability|p2a: Krookodile|Intimidate|boost
|-unboost|p1a: Excadrill|atk|1
|-ability|p1a: Excadrill|Mold Breaker
|turn|1
|inactive|HaxxLR has 240 seconds left.
|inactive|HaxxLR has 210 seconds left.
|
|t:|1652987126
|move|p2a: Krookodile|Taunt|p1a: Excadrill
|-start|p1a: Excadrill|move: Taunt
|cant|p1a: Excadrill|move: Taunt|Stealth Rock
|
|upkeep
|turn|2
|inactive|HaxxLR has 210 seconds left.
|
|t:|1652987164
|move|p2a: Krookodile|Knock Off|p1a: Excadrill
|-damage|p1a: Excadrill|50/100
|-enditem|p1a: Excadrill|Focus Sash|[from] move: Knock Off|[of] p2a: Krookodile
|move|p1a: Excadrill|Rapid Spin|p2a: Krookodile
|-damage|p2a: Krookodile|89/100
|-boost|p1a: Excadrill|spe|1
|
|-heal|p2a: Krookodile|95/100|[from] item: Leftovers
|upkeep
|turn|3
|inactive|HaxxLR has 180 seconds left.
|
|t:|1652987184
|move|p1a: Excadrill|Earthquake|p2a: Krookodile
|-damage|p2a: Krookodile|57/100
|move|p2a: Krookodile|Earthquake|p1a: Excadrill
|-supereffective|p1a: Excadrill
|-damage|p1a: Excadrill|0 fnt
|faint|p1a: Excadrill
|
|-heal|p2a: Krookodile|63/100|[from] item: Leftovers
|upkeep
|
|t:|1652987210
|switch|p1a: Gyarados|Gyarados, F|100/100
|turn|4
|inactive|HaxxLR has 180 seconds left.
|inactive|HaxxLR has 150 seconds left.
|inactive|HaxxLR has 120 seconds left.
|inactive|HaxxLR has 90 seconds left.
|
|t:|1652987327
|switch|p2a: Amoonguss|Amoonguss, F|100/100
|move|p1a: Gyarados|Waterfall|p2a: Amoonguss
|-resisted|p2a: Amoonguss
|-damage|p2a: Amoonguss|85/100
|
|-heal|p2a: Amoonguss|91/100|[from] item: Black Sludge
|upkeep
|turn|5
|
|t:|1652987338
|move|p1a: Gyarados|Dragon Dance|p1a: Gyarados
|-boost|p1a: Gyarados|atk|1
|-boost|p1a: Gyarados|spe|1
|move|p2a: Amoonguss|Foul Play|p1a: Gyarados
|-damage|p1a: Gyarados|32/100
|
|-heal|p2a: Amoonguss|97/100|[from] item: Black Sludge
|upkeep
|turn|6
|
|t:|1652987347
|move|p1a: Gyarados|Bounce||[still]
|-prepare|p1a: Gyarados|Bounce
|move|p2a: Amoonguss|Foul Play|p1a: Gyarados|[miss]
|-miss|p2a: Amoonguss|p1a: Gyarados
|
|-heal|p2a: Amoonguss|100/100|[from] item: Black Sludge
|upkeep
|turn|7
|inactive|HaxxLR has 90 seconds left.
|inactive|HaxxLR has 60 seconds left.
|
|t:|1652987401
|switch|p2a: Aegislash|Aegislash, F|100/100
|move|p1a: Gyarados|Bounce|p2a: Aegislash|[from]lockedmove
|-resisted|p2a: Aegislash
|-damage|p2a: Aegislash|72/100
|
|-heal|p2a: Aegislash|78/100|[from] item: Leftovers
|upkeep
|turn|8
|inactive|HaxxLR has 30 seconds left.
|
|t:|1652987436
|move|p1a: Gyarados|Waterfall|p2a: Aegislash
|-damage|p2a: Aegislash|20/100
|-formechange|p2a: Aegislash|Aegislash-Blade||[from] ability: Stance Change
|move|p2a: Aegislash|Shadow Ball|p1a: Gyarados
|-damage|p1a: Gyarados|0 fnt
|faint|p1a: Gyarados
|
|-heal|p2a: Aegislash|26/100|[from] item: Leftovers
|upkeep
|inactive|HaxxLR has 30 seconds left this turn.
|
|t:|1652987443
|switch|p1a: glow in the dark|Hydreigon, M|100/100
|turn|9
|
|t:|1652987448
|switch|p2a: Primarina|Primarina, M|100/100
|move|p1a: glow in the dark|Substitute|p1a: glow in the dark
|-start|p1a: glow in the dark|Substitute
|-damage|p1a: glow in the dark|76/100
|
|upkeep
|turn|10
|
|t:|1652987453
|move|p1a: glow in the dark|Nasty Plot|p1a: glow in the dark
|-boost|p1a: glow in the dark|spa|2
|move|p2a: Primarina|Moonblast|p1a: glow in the dark
|-supereffective|p1a: glow in the dark
|-end|p1a: glow in the dark|Substitute
|
|upkeep
|turn|11
|
|t:|1652987457
|move|p1a: glow in the dark|Substitute|p1a: glow in the dark
|-start|p1a: glow in the dark|Substitute
|-damage|p1a: glow in the dark|51/100
|move|p2a: Primarina|Moonblast|p1a: glow in the dark
|-supereffective|p1a: glow in the dark
|-crit|p1a: glow in the dark
|-end|p1a: glow in the dark|Substitute
|
|upkeep
|turn|12
|
|t:|1652987461
|move|p1a: glow in the dark|Substitute|p1a: glow in the dark
|-start|p1a: glow in the dark|Substitute
|-damage|p1a: glow in the dark|26/100
|move|p2a: Primarina|Moonblast|p1a: glow in the dark
|-supereffective|p1a: glow in the dark
|-end|p1a: glow in the dark|Substitute
|
|upkeep
|turn|13
|
|t:|1652987464
|move|p1a: glow in the dark|Substitute|p1a: glow in the dark
|-start|p1a: glow in the dark|Substitute
|-damage|p1a: glow in the dark|1/100
|-enditem|p1a: glow in the dark|Salac Berry|[eat]
|-boost|p1a: glow in the dark|spe|1|[from] item: Salac Berry
|move|p2a: Primarina|Moonblast|p1a: glow in the dark
|-supereffective|p1a: glow in the dark
|-end|p1a: glow in the dark|Substitute
|
|upkeep
|turn|14
|
|t:|1652987472
|move|p1a: glow in the dark|Belch|p2a: Primarina
|-supereffective|p2a: Primarina
|-damage|p2a: Primarina|0 fnt
|faint|p2a: Primarina
|
|upkeep
|inactive|HaxxLR has 60 seconds left.
|inactive|HaxxLR has 30 seconds left.
|inactive|HaxxLR has 20 seconds left.
|inactive|HaxxLR has 15 seconds left.
|
|t:|1652987547
|switch|p2a: Krookodile|Krookodile, M|63/100
|-ability|p2a: Krookodile|Intimidate|boost
|-unboost|p1a: glow in the dark|atk|1
|turn|15
|inactive|HaxxLR has 25 seconds left this turn.
|inactive|HaxxLR has 20 seconds left.
|
|t:|1652987553
|move|p1a: glow in the dark|Dark Pulse|p2a: Krookodile
|-resisted|p2a: Krookodile
|-damage|p2a: Krookodile|13/100
|move|p2a: Krookodile|Knock Off|p1a: glow in the dark
|-resisted|p1a: glow in the dark
|-damage|p1a: glow in the dark|0 fnt
|faint|p1a: glow in the dark
|
|-heal|p2a: Krookodile|19/100|[from] item: Leftovers
|upkeep
|inactive|HaxxLR has 25 seconds left this turn.
|
|t:|1652987558
|switch|p1a: Scizor|Scizor, F|100/100
|turn|16
|inactive|HaxxLR has 30 seconds left.
|
|t:|1652987565
|switch|p2a: Rotom|Rotom-Heat|100/100
|move|p1a: Scizor|Bullet Punch|p2a: Rotom
|-resisted|p2a: Rotom
|-damage|p2a: Rotom|90/100
|-damage|p1a: Scizor|91/100|[from] item: Life Orb
|
|upkeep
|turn|17
|
|t:|1652987578
|move|p2a: Rotom|Overheat|p1a: Scizor
|-supereffective|p1a: Scizor
|-damage|p1a: Scizor|0 fnt
|-unboost|p2a: Rotom|spa|2
|faint|p1a: Scizor
|
|upkeep
|
|t:|1652987582
|switch|p1a: Polteageist|Polteageist|100/100
|turn|18
|inactive|HaxxLR has 30 seconds left.
|inactive|HaxxLR has 20 seconds left.
|inactive|HaxxLR has 15 seconds left.
|inactive|HaxxLR has 10 seconds left.
|
|t:|1652987622
|switch|p2a: Amoonguss|Amoonguss, F|100/100
|move|p1a: Polteageist|Shell Smash|p1a: Polteageist
|-unboost|p1a: Polteageist|def|1
|-unboost|p1a: Polteageist|spd|1
|-boost|p1a: Polteageist|atk|2
|-boost|p1a: Polteageist|spa|2
|-boost|p1a: Polteageist|spe|2
|
|upkeep
|turn|19
|inactive|HaxxLR has 20 seconds left this turn.
|inactive|HaxxLR has 15 seconds left.
|
|t:|1652987631
|move|p1a: Polteageist|Stored Power|p2a: Amoonguss
|-supereffective|p2a: Amoonguss
|-damage|p2a: Amoonguss|0 fnt
|faint|p2a: Amoonguss
|
|upkeep
|inactive|HaxxLR has 20 seconds left this turn.
|inactive|HaxxLR has 15 seconds left.
|
|t:|1652987640
|switch|p2a: Rotom|Rotom-Heat|90/100
|turn|20
|inactive|HaxxLR has 25 seconds left this turn.
|inactive|HaxxLR has 20 seconds left.
|inactive|HaxxLR has 15 seconds left.
|inactive|HaxxLR has 10 seconds left.
|
|t:|1652987656
|move|p1a: Polteageist|Stored Power|p2a: Rotom
|-damage|p2a: Rotom|0 fnt
|faint|p2a: Rotom
|
|upkeep
|inactive|HaxxLR has 15 seconds left this turn.
|
|t:|1652987661
|switch|p2a: Zygarde|Zygarde-10%|100/100
|-ability|p2a: Zygarde|Aura Break
|turn|21
|inactive|HaxxLR has 25 seconds left this turn.
|
|t:|1652987669
|move|p1a: Polteageist|Shadow Ball|p2a: Zygarde
|-damage|p2a: Zygarde|0 fnt
|faint|p2a: Zygarde
|
|upkeep
|inactive|HaxxLR has 30 seconds left this turn.
|
|t:|1652987676
|switch|p2a: Aegislash|Aegislash, F|26/100
|turn|22
|inactive|HaxxLR has 30 seconds left.
|
|t:|1652987681
|move|p1a: Polteageist|Shadow Ball|p2a: Aegislash
|-supereffective|p2a: Aegislash
|-damage|p2a: Aegislash|0 fnt
|faint|p2a: Aegislash
|
|upkeep
|
|t:|1652987684
|switch|p2a: Krookodile|Krookodile, M|19/100
|-ability|p2a: Krookodile|Intimidate|boost
|-unboost|p1a: Polteageist|atk|1
|turn|23
|
|t:|1652987685
|move|p1a: Polteageist|Shadow Ball|p2a: Krookodile
|-resisted|p2a: Krookodile
|-crit|p2a: Krookodile
|-damage|p2a: Krookodile|0 fnt
|faint|p2a: Krookodile
|
|win|UnzipsCrogre
|c|☆UnzipsCrogre|gg
