|inactive|Battle timer is ON: inactive players will automatically lose when time's up.
|t:|1657298331
|gametype|singles
|player|p1|KM|#uuplxsisters|
|player|p2|congelateur-sama|#fcpl4raichicheurs|
|teamsize|p1|6
|teamsize|p2|6
|gen|8
|tier|[Gen 8] UU
|rule|Sleep Clause Mod: Limit one foe put to sleep
|rule|Species Clause: Limit one of each Pokémon
|rule|OHKO Clause: OHKO moves are banned
|rule|Evasion Moves Clause: Evasion moves are banned
|rule|Endless Battle Clause: Forcing endless battles is banned
|rule|HP Percentage Mod: HP is shown in percentages
|rule|Dynamax Clause: You cannot dynamax
|clearpoke
|poke|p1|Hydreigon, F|
|poke|p1|Primarina, F|
|poke|p1|Jirachi|
|poke|p1|Nihilego|
|poke|p1|Cobalion|
|poke|p1|Hippowdon, M|
|poke|p2|Amoonguss, M|
|poke|p2|Cobalion|
|poke|p2|Hippowdon, M|
|poke|p2|Necrozma|
|poke|p2|Hydreigon, F|
|poke|p2|Scizor, F|
|teampreview
|c|☆congelateur-sama|hf
|c|☆KM|u2
|inactive|KM has 270 seconds left.
|inactive|congelateur-sama has 270 seconds left.
|c|+pokemonisfun|KM KM is so slay, KM KM save the day (but have fun too ksteve)
|c|☆congelateur-sama|km, do you have 4 mon with sr ?
|c|☆KM|yes
|c|☆KM|i must get them up
|c|☆congelateur-sama|damn
|inactive|congelateur-sama has 240 seconds left.
|c|☆congelateur-sama|must
|c|☆congelateur-sama|get 
|c|☆congelateur-sama|rocks
|c|+DonnyP|must
|c|+DonnyP|get
|c|+DonnyP|up
|inactive|congelateur-sama has 210 seconds left.
|
|t:|1657298435
|start
|switch|p1a: phonecall|Hydreigon, F|100/100
|switch|p2a: Hippowdon|Hippowdon, M|100/100
|turn|1
|
|t:|1657298452
|move|p1a: phonecall|Substitute|p1a: phonecall
|-start|p1a: phonecall|Substitute
|-damage|p1a: phonecall|76/100
|move|p2a: Hippowdon|Stealth Rock|p1a: phonecall
|-sidestart|p1: KM|move: Stealth Rock
|
|upkeep
|turn|2
|c|+pokemonisfun|lol
|
|t:|1657298473
|switch|p2a: Hydreigon|Hydreigon, F|100/100
|move|p1a: phonecall|Dark Pulse|p2a: Hydreigon
|-resisted|p2a: Hydreigon
|-damage|p2a: Hydreigon|75/100
|
|upkeep
|turn|3
|c|+Mr. Aldo|uh
|
|t:|1657298481
|move|p2a: Hydreigon|U-turn|p1a: phonecall
|-supereffective|p1a: phonecall
|-end|p1a: phonecall|Substitute
|c|+Mr. Aldo|Mom?
|c|+pokemonisfun|dad
|inactive|congelateur-sama has 240 seconds left.
|
|t:|1657298515
|switch|p2a: Cobalion|Cobalion|100/100|[from]move: U-turn
|move|p1a: phonecall|Substitute|p1a: phonecall
|-start|p1a: phonecall|Substitute
|-damage|p1a: phonecall|51/100
|
|upkeep
|turn|4
|
|t:|1657298520
|move|p2a: Cobalion|Iron Head|p1a: phonecall
|-end|p1a: phonecall|Substitute
|move|p1a: phonecall|Flamethrower|p2a: Cobalion
|-supereffective|p2a: Cobalion
|-damage|p2a: Cobalion|9/100
|
|-heal|p2a: Cobalion|16/100|[from] item: Leftovers
|upkeep
|turn|5
|inactive|congelateur-sama has 240 seconds left.
|inactive|congelateur-sama has 210 seconds left.
|
|t:|1657298587
|switch|p2a: Hippowdon|Hippowdon, M|100/100
|switch|p1a: dirty w me|Hippowdon, M|100/100
|-damage|p1a: dirty w me|94/100|[from] Stealth Rock
|
|-heal|p1a: dirty w me|100/100|[from] item: Leftovers
|upkeep
|turn|6
|
|t:|1657298597
|move|p2a: Hippowdon|Toxic|p1a: dirty w me
|-status|p1a: dirty w me|tox
|move|p1a: dirty w me|Stealth Rock|p2a: Hippowdon
|-sidestart|p2: congelateur-sama|move: Stealth Rock
|
|-damage|p1a: dirty w me|94/100 tox|[from] psn
|upkeep
|turn|7
|
|t:|1657298610
|switch|p2a: Scizor|Scizor, F|100/100
|move|p1a: dirty w me|Earthquake|p2a: Scizor
|-damage|p2a: Scizor|73/100
|
|-heal|p1a: dirty w me|100/100 tox|[from] item: Leftovers
|-damage|p1a: dirty w me|88/100 tox|[from] psn
|upkeep
|turn|8
|c|+TSR|sand force double 
|c|☆KM|sand force double
|
|t:|1657298623
|switch|p1a: TRAPPED|Cobalion|100/100
|-damage|p1a: TRAPPED|97/100|[from] Stealth Rock
|move|p2a: Scizor|U-turn|p1a: TRAPPED
|-resisted|p1a: TRAPPED
|-damage|p1a: TRAPPED|91/100
|inactive|congelateur-sama has 180 seconds left.
|
|t:|1657298664
|switch|p2a: Amoonguss|Amoonguss, M|100/100|[from]move: U-turn
|-damage|p2a: Amoonguss|88/100|[from] Stealth Rock
|
|-heal|p2a: Amoonguss|94/100|[from] item: Black Sludge
|upkeep
|turn|9
|
|t:|1657298680
|move|p1a: TRAPPED|Thunder Wave|p2a: Amoonguss
|-status|p2a: Amoonguss|par
|move|p2a: Amoonguss|Stun Spore|p1a: TRAPPED
|-activate|p1a: TRAPPED|item: Safety Goggles|Stun Spore
|
|-heal|p2a: Amoonguss|100/100 par|[from] item: Black Sludge
|upkeep
|turn|10
|c|+pokemonisfun|lol
|c|+pokemonisfun|that was such a good turn
|
|t:|1657298701
|switch|p2a: Hippowdon|Hippowdon, M|100/100
|-damage|p2a: Hippowdon|94/100|[from] Stealth Rock
|move|p1a: TRAPPED|Swords Dance|p1a: TRAPPED
|-boost|p1a: TRAPPED|atk|2
|
|-heal|p2a: Hippowdon|100/100|[from] item: Leftovers
|upkeep
|turn|11
|
|t:|1657298707
|switch|p1a: phonecall|Hydreigon, F|51/100
|-damage|p1a: phonecall|39/100|[from] Stealth Rock
|move|p2a: Hippowdon|Earthquake|p1a: phonecall
|-immune|p1a: phonecall|[from] ability: Levitate
|
|upkeep
|turn|12
|c|+dingbat|bonked
|inactive|congelateur-sama has 150 seconds left.
|
|t:|1657298735
|switch|p2a: Hydreigon|Hydreigon, F|75/100
|-damage|p2a: Hydreigon|63/100|[from] Stealth Rock
|move|p1a: phonecall|Roost|p1a: phonecall
|-heal|p1a: phonecall|89/100
|-singleturn|p1a: phonecall|move: Roost
|
|upkeep
|turn|13
|inactive|congelateur-sama has 150 seconds left.
|
|t:|1657298761
|switch|p1a: flowers|Primarina, F|100/100
|move|p2a: Hydreigon|U-turn|p1a: flowers
|-resisted|p1a: flowers
|-damage|p1a: flowers|93/100
|inactive|congelateur-sama has 120 seconds left.
|inactive|congelateur-sama has 90 seconds left.
|
|t:|1657298823
|switch|p2a: Necrozma|Necrozma|100/100|[from]move: U-turn
|-damage|p2a: Necrozma|88/100|[from] Stealth Rock
|
|upkeep
|turn|14
|
|t:|1657298830
|move|p2a: Necrozma|Calm Mind|p2a: Necrozma
|-boost|p2a: Necrozma|spa|1
|-boost|p2a: Necrozma|spd|1
|move|p1a: flowers|Moonblast|p2a: Necrozma
|-damage|p2a: Necrozma|63/100
|-unboost|p2a: Necrozma|spa|1
|
|upkeep
|turn|15
|
|t:|1657298858
|switch|p1a: phonecall|Hydreigon, F|89/100
|-damage|p1a: phonecall|76/100|[from] Stealth Rock
|move|p2a: Necrozma|Moonlight|p2a: Necrozma
|-heal|p2a: Necrozma|100/100
|
|upkeep
|turn|16
|inactive|congelateur-sama has 90 seconds left.
|
|t:|1657298866
|move|p1a: phonecall|Dark Pulse|p2a: Necrozma
|-supereffective|p2a: Necrozma
|-damage|p2a: Necrozma|62/100
|move|p2a: Necrozma|Calm Mind|p2a: Necrozma
|-boost|p2a: Necrozma|spa|1
|-boost|p2a: Necrozma|spd|1
|
|upkeep
|turn|17
|
|t:|1657298871
|move|p1a: phonecall|Dark Pulse|p2a: Necrozma
|-supereffective|p2a: Necrozma
|-damage|p2a: Necrozma|24/100
|cant|p2a: Necrozma|flinch
|
|upkeep
|turn|18
|c|☆KM|mb
|c|☆congelateur-sama|!
|inactive|congelateur-sama has 90 seconds left.
|c|☆congelateur-sama|this isn't funny at that point
|c|☆congelateur-sama|i feel like i'm fichinator on his casual bw uu games
|c|☆KM|:skull:
|c|☆congelateur-sama|and i don't like it
|inactive|congelateur-sama has 60 seconds left.
|c|+dingbat|:skull:
|inactive|congelateur-sama has 30 seconds left.
|
|t:|1657298955
|switch|p2a: Hydreigon|Hydreigon, F|63/100
|-damage|p2a: Hydreigon|51/100|[from] Stealth Rock
|move|p1a: phonecall|Dark Pulse|p2a: Hydreigon
|-resisted|p2a: Hydreigon
|-damage|p2a: Hydreigon|20/100
|
|upkeep
|turn|19
|
|t:|1657298964
|switch|p1a: flowers|Primarina, F|93/100
|move|p2a: Hydreigon|U-turn|p1a: flowers
|-resisted|p1a: flowers
|-damage|p1a: flowers|86/100
|inactive|congelateur-sama has 30 seconds left.
|inactive|congelateur-sama has 20 seconds left.
|inactive|congelateur-sama has 15 seconds left.
|
|t:|1657298992
|switch|p2a: Necrozma|Necrozma|24/100|[from]move: U-turn
|-damage|p2a: Necrozma|12/100|[from] Stealth Rock
|
|upkeep
|turn|20
|inactive|congelateur-sama has 25 seconds left this turn.
|
|t:|1657298996
|switch|p1a: phonecall|Hydreigon, F|76/100
|-damage|p1a: phonecall|64/100|[from] Stealth Rock
|move|p2a: Necrozma|Moonlight|p2a: Necrozma
|-heal|p2a: Necrozma|62/100
|
|upkeep
|turn|21
|inactive|congelateur-sama has 30 seconds left.
|
|t:|1657299012
|switch|p2a: Scizor|Scizor, F|73/100
|move|p1a: phonecall|Dark Pulse|p2a: Scizor
|-damage|p2a: Scizor|27/100
|
|upkeep
|turn|22
|inactive|congelateur-sama has 30 seconds left.
|
|t:|1657299036
|switch|p1a: TRAPPED|Cobalion|91/100
|-damage|p1a: TRAPPED|88/100|[from] Stealth Rock
|move|p2a: Scizor|Bullet Punch|p1a: TRAPPED
|-resisted|p1a: TRAPPED
|-damage|p1a: TRAPPED|78/100
|
|upkeep
|turn|23
|inactive|congelateur-sama has 30 seconds left.
|inactive|congelateur-sama has 20 seconds left.
|
|t:|1657299058
|move|p1a: TRAPPED|Close Combat|p2a: Scizor
|-damage|p2a: Scizor|0 fnt
|-unboost|p1a: TRAPPED|def|1
|-unboost|p1a: TRAPPED|spd|1
|faint|p2a: Scizor
|
|upkeep
|inactive|congelateur-sama has 25 seconds left this turn.
|inactive|congelateur-sama has 20 seconds left.
|
|t:|1657299067
|switch|p2a: Cobalion|Cobalion|16/100
|-damage|p2a: Cobalion|13/100|[from] Stealth Rock
|turn|24
|inactive|congelateur-sama has 30 seconds left this turn.
|inactive|congelateur-sama has 20 seconds left.
|
|t:|1657299085
|move|p2a: Cobalion|Swords Dance|p2a: Cobalion
|-boost|p2a: Cobalion|atk|2
|move|p1a: TRAPPED|Close Combat|p2a: Cobalion
|-supereffective|p2a: Cobalion
|-damage|p2a: Cobalion|0 fnt
|-unboost|p1a: TRAPPED|def|1
|-unboost|p1a: TRAPPED|spd|1
|faint|p2a: Cobalion
|
|upkeep
|inactive|congelateur-sama has 25 seconds left this turn.
|inactive|congelateur-sama has 20 seconds left.
|inactive|congelateur-sama has 15 seconds left.
|inactive|congelateur-sama has 10 seconds left.
|inactive|congelateur-sama has 5 seconds left.
|
|t:|1657299106
|switch|p2a: Hippowdon|Hippowdon, M|100/100
|-damage|p2a: Hippowdon|94/100|[from] Stealth Rock
|turn|25
|inactive|congelateur-sama has 15 seconds left this turn.
|inactive|congelateur-sama has 10 seconds left.
|
|t:|1657299112
|switch|p1a: flowers|Primarina, F|86/100
|move|p2a: Hippowdon|Earthquake|p1a: flowers
|-damage|p1a: flowers|49/100
|
|-heal|p2a: Hippowdon|100/100|[from] item: Leftovers
|upkeep
|turn|26
|inactive|congelateur-sama has 20 seconds left this turn.
|inactive|congelateur-sama has 15 seconds left.
|
|t:|1657299120
|switch|p2a: Amoonguss|Amoonguss, M|100/100 par
|-damage|p2a: Amoonguss|88/100 par|[from] Stealth Rock
|move|p1a: flowers|Scald|p2a: Amoonguss
|-resisted|p2a: Amoonguss
|-damage|p2a: Amoonguss|74/100 par
|
|-heal|p2a: Amoonguss|80/100 par|[from] item: Black Sludge
|upkeep
|turn|27
|inactive|congelateur-sama has 25 seconds left this turn.
|inactive|congelateur-sama has 20 seconds left.
|inactive|congelateur-sama has 15 seconds left.
|inactive|congelateur-sama has 10 seconds left.
|
|t:|1657299137
|switch|p1a: TRAPPED|Cobalion|78/100
|-damage|p1a: TRAPPED|75/100|[from] Stealth Rock
|switch|p2a: Hippowdon|Hippowdon, M|100/100
|-damage|p2a: Hippowdon|94/100|[from] Stealth Rock
|
|-heal|p2a: Hippowdon|100/100|[from] item: Leftovers
|upkeep
|turn|28
|inactive|congelateur-sama has 20 seconds left this turn.
|inactive|congelateur-sama has 15 seconds left.
|
|t:|1657299143
|switch|p1a: flowers|Primarina, F|49/100
|move|p2a: Hippowdon|Toxic|p1a: flowers
|-status|p1a: flowers|tox
|
|-damage|p1a: flowers|43/100 tox|[from] psn
|upkeep
|turn|29
|inactive|congelateur-sama has 25 seconds left this turn.
|inactive|congelateur-sama has 20 seconds left.
|
|t:|1657299149
|move|p1a: flowers|Rest|p1a: flowers
|-status|p1a: flowers|slp|[from] move: Rest
|-heal|p1a: flowers|100/100 slp|[silent]
|move|p2a: Hippowdon|Earthquake|p1a: flowers
|-damage|p1a: flowers|68/100 slp
|
|upkeep
|turn|30
|inactive|congelateur-sama has 30 seconds left this turn.
|inactive|congelateur-sama has 20 seconds left.
|c|☆congelateur-sama|biggest ct of my life
|
|t:|1657299160
|switch|p2a: Amoonguss|Amoonguss, M|100/100 par
|-damage|p2a: Amoonguss|88/100 par|[from] Stealth Rock
|cant|p1a: flowers|slp
|move|p1a: flowers|Sleep Talk|p1a: flowers
|move|p1a: flowers|Scald|p2a: Amoonguss|[from]move: Sleep Talk
|-resisted|p2a: Amoonguss
|-damage|p2a: Amoonguss|73/100 par
|
|-heal|p2a: Amoonguss|79/100 par|[from] item: Black Sludge
|upkeep
|turn|31
|inactive|congelateur-sama has 30 seconds left this turn.
|
|t:|1657299168
|switch|p1a: TRAPPED|Cobalion|75/100
|-damage|p1a: TRAPPED|72/100|[from] Stealth Rock
|move|p2a: Amoonguss|Sludge Bomb|p1a: TRAPPED
|-immune|p1a: TRAPPED
|
|-heal|p2a: Amoonguss|85/100 par|[from] item: Black Sludge
|upkeep
|turn|32
|inactive|congelateur-sama has 30 seconds left.
|
|t:|1657299176
|switch|p1a: phonecall|Hydreigon, F|64/100
|-damage|p1a: phonecall|52/100|[from] Stealth Rock
|switch|p2a: Hippowdon|Hippowdon, M|100/100
|-damage|p2a: Hippowdon|94/100|[from] Stealth Rock
|
|-heal|p2a: Hippowdon|100/100|[from] item: Leftovers
|upkeep
|turn|33
|
|t:|1657299181
|move|p1a: phonecall|Substitute|p1a: phonecall
|-start|p1a: phonecall|Substitute
|-damage|p1a: phonecall|27/100
|move|p2a: Hippowdon|Toxic||[still]
|-fail|p2a: Hippowdon
|
|upkeep
|turn|34
|c|☆congelateur-sama|gg
|c|☆KM|gg
|-message|congelateur-sama forfeited.
|
|win|KM
