|inactive|Battle timer is ON: inactive players will automatically lose when time's up.
|t:|1649004437
|gametype|singles
|player|p1|KSt3ve|#fcpl4raichicheurs|
|player|p2|TSR|cheryl|
|teamsize|p1|6
|teamsize|p2|6
|gen|8
|tier|[Gen 8] UU
|rule|Sleep Clause Mod: Limit one foe put to sleep
|rule|Species Clause: Limit one of each Pokémon
|rule|OHKO Clause: OHKO moves are banned
|rule|Evasion Moves Clause: Evasion moves are banned
|rule|Endless Battle Clause: Forcing endless battles is banned
|rule|HP Percentage Mod: HP is shown in percentages
|rule|Dynamax Clause: You cannot dynamax
|clearpoke
|poke|p1|Hydreigon, F|
|poke|p1|Tangrowth, M|
|poke|p1|Nihilego|
|poke|p1|Swampert, M|
|poke|p1|Thundurus-Therian, M|
|poke|p1|Jirachi|
|poke|p2|Crawdaunt, F|
|poke|p2|Thundurus-Therian, M|
|poke|p2|Registeel|
|poke|p2|Slowbro-Galar, M|
|poke|p2|Inteleon, F|
|poke|p2|Tangrowth, M|
|teampreview
|c|☆KSt3ve|hf
|c|☆TSR|hf 
|c|+Fakee|u lied. kst3ve
|c|+Micciu20250|STEVEEEEEE
|c|+Micciu20250|:pouss:
|c|☆KSt3ve|i lie yes
|inactive|KSt3ve has 270 seconds left.
|inactive|TSR has 270 seconds left.
|c|+Jeza.p|allez st3ve 
|c|+Jeza.p|:pouss
|c|+AzZoCcX|allez congelo
|c|☆KSt3ve|ce gros lézard de mes 2
|inactive|KSt3ve has 240 seconds left.
|inactive|TSR has 240 seconds left.
|c|☆KSt3ve|il fait peur
|c|+AzZoCcX|y'a r
|c|+DonnyP|VAMOS RAG LETS GOOOOO
|c|+Jeza.p|les mecs ! la , vous allez voir ! ca va etre incroyable !  
|c|☆KSt3ve|IL EST SPECS
|c|☆KSt3ve|ah bah non
|inactive|KSt3ve has 210 seconds left.
|c|+Jeza.p|allez focus ducon ! 
|c|+Jeza.p|:pouss:
|c|☆KSt3ve|c'est le cas de le pire
|c|☆KSt3ve|dire*
|
|t:|1649004550
|start
|switch|p1a: Swampert|Swampert, M|100/100
|switch|p2a: Slowbro|Slowbro-Galar, M|100/100
|turn|1
|c|+Micciu20250|Tu m'as ratio avec ce lezard
|c|+AzZoCcX|Oui focus enculé tsé l'mec méchant
|c|+Micciu20250|Oublie pas 
|c|+Mimilucha|tg et win kst3ve
|c|☆KSt3ve|je focus
|c|☆KSt3ve|yes yes
|
|t:|1649004571
|move|p1a: Swampert|Earthquake|p2a: Slowbro
|-supereffective|p2a: Slowbro
|-damage|p2a: Slowbro|50/100
|move|p2a: Slowbro|Sludge Bomb|p1a: Swampert
|-resisted|p1a: Swampert
|-damage|p1a: Swampert|90/100
|
|-heal|p1a: Swampert|96/100|[from] item: Leftovers
|upkeep
|turn|2
|c|+Jeza.p|toute la terre te ratio micciu tranquille .. 
|c|+Jeza.p|mdr 
|inactive|TSR has 270 seconds left.
|c|+Micciu20250|.....
|
|t:|1649004594
|switch|p2a: Crawdaunt|Crawdaunt, F|100/100
|move|p1a: Swampert|Flip Turn|p2a: Crawdaunt
|-resisted|p2a: Crawdaunt
|-damage|p2a: Crawdaunt|84/100
|c|+Micciu20250|Tu vas voir ce soir
|c|☆KSt3ve|sauf en adv
|c|+Micciu20250|tse
|c|+basaninho|Ah mais c'est contre tsr
|c|+basaninho|Fuck steve
|c|+Jeza.p|ca va arrete de faire la gueule ... 
|c|+basaninho|Go tsr
|c|+Micciu20250|RAWE 
|c|☆KSt3ve|fuck basa
|c|☆KSt3ve|tse
|c|+Jeza.p|pense au hjk miss ca ira mieux 
|c|+Micciu20250|SALE TRAITE
|c|+Micciu20250|fuck basa
|inactive|KSt3ve has 240 seconds left.
|c|+basaninho|Je suis fidèle aux miens ...
|c|+Micciu20250|PTDRRR jeza
|
|t:|1649004637
|switch|p1a: Hydreigon|Hydreigon, F|100/100|[from]move: Flip Turn
|
|upkeep
|turn|3
|
|t:|1649004645
|switch|p2a: Registeel|Registeel|100/100
|move|p1a: Hydreigon|Dark Pulse|p2a: Registeel
|-damage|p2a: Registeel|71/100
|-damage|p1a: Hydreigon|91/100|[from] item: Life Orb
|
|-heal|p2a: Registeel|77/100|[from] item: Leftovers
|upkeep
|turn|4
|c|☆KSt3ve|gros boomer
|
|t:|1649004656
|move|p1a: Hydreigon|Fire Blast|p2a: Registeel
|-supereffective|p2a: Registeel
|-damage|p2a: Registeel|27/100
|-status|p2a: Registeel|brn
|-damage|p1a: Hydreigon|81/100|[from] item: Life Orb
|move|p2a: Registeel|Stealth Rock|p1a: Hydreigon
|-sidestart|p1: KSt3ve|move: Stealth Rock
|
|-heal|p2a: Registeel|33/100 brn|[from] item: Leftovers
|-damage|p2a: Registeel|27/100 brn|[from] brn
|upkeep
|turn|5
|c|+basaninho|Ofc
|inactive|TSR has 270 seconds left.
|c|☆KSt3ve|c'est de ta faute basa
|c|+basaninho|Mdddr 
|c|+Micciu20250|Tu portes poise basa à tsr 
|c|+Micciu20250|Bravo
|c|+Jeza.p|basa c'est quand ta 3eme lose stt ? 
|c|+Micciu20250|PTDRRR
|c|+basaninho|23h
|inactive|KSt3ve has 240 seconds left.
|c|+Jeza.p|ho vous cassez les couilles a jouer dimanche a 23h mdr 
|c|+basaninho|Game décisive de la week...
|
|t:|1649004718
|switch|p2a: Tangrowth|Tangrowth, M|100/100
|move|p1a: Hydreigon|Fire Blast|p2a: Tangrowth
|-supereffective|p2a: Tangrowth
|-damage|p2a: Tangrowth|33/100
|-damage|p1a: Hydreigon|71/100|[from] item: Life Orb
|
|upkeep
|turn|6
|c|+basaninho|C'est lui hein
|c|+Micciu20250|Bah c'est heure dunoks
|
|t:|1649004725
|switch|p2a: Thundurus|Thundurus-Therian, M|100/100
|move|p1a: Hydreigon|Dark Pulse|p2a: Thundurus
|-damage|p2a: Thundurus|27/100
|-damage|p1a: Hydreigon|61/100|[from] item: Life Orb
|
|upkeep
|turn|7
|c|+Jeza.p|ouais y a que 9-0 rien est joue mdr 
|c|+Micciu20250|J'ai envie de dire 
|c|+Micciu20250|9-1 
|c|+Micciu20250|attention
|c|+basaninho|Mdddr
|c|+Jeza.p|ah pardon 
|
|t:|1649004755
|switch|p1a: If we give all|Thundurus-Therian, M|100/100
|move|p2a: Thundurus|Focus Blast|p1a: If we give all
|-resisted|p1a: If we give all
|-damage|p1a: If we give all|68/100
|-unboost|p1a: If we give all|spd|1
|
|upkeep
|turn|8
|inactive|KSt3ve has 210 seconds left.
|inactive|TSR has 240 seconds left.
|
|t:|1649004787
|switch|p2a: Tangrowth|Tangrowth, M|66/100
|move|p1a: If we give all|Knock Off|p2a: Tangrowth
|-damage|p2a: Tangrowth|53/100
|-enditem|p2a: Tangrowth|Assault Vest|[from] move: Knock Off|[of] p1a: If we give all
|
|upkeep
|turn|9
|inactive|KSt3ve has 210 seconds left.
|inactive|TSR has 210 seconds left.
|c|+Jeza.p|basa ? c'est a partir de combien de defaites que tu bench ton joueur UU ? ^^ 
|
|t:|1649004841
|switch|p2a: Registeel|Registeel|27/100 brn
|move|p1a: If we give all|Defog|p2a: Registeel
|-fail|p2a: Registeel|unboost|[from] ability: Clear Body|[of] p2a: Registeel
|-sideend|p1: KSt3ve|Stealth Rock|[from] move: Defog|[of] p1a: If we give all
|
|-heal|p2a: Registeel|33/100 brn|[from] item: Leftovers
|-damage|p2a: Registeel|27/100 brn|[from] brn
|upkeep
|turn|10
|c|+Micciu20250|Ptdrrrr
|
|t:|1649004851
|switch|p2a: Tangrowth|Tangrowth, M|86/100
|move|p1a: If we give all|Focus Blast|p2a: Tangrowth
|-damage|p2a: Tangrowth|34/100
|
|upkeep
|turn|11
|
|t:|1649004861
|switch|p2a: Registeel|Registeel|27/100 brn
|move|p1a: If we give all|Knock Off|p2a: Registeel
|-crit|p2a: Registeel
|-damage|p2a: Registeel|8/100 brn
|-enditem|p2a: Registeel|Leftovers|[from] move: Knock Off|[of] p1a: If we give all
|
|-damage|p2a: Registeel|2/100 brn|[from] brn
|upkeep
|turn|12
|
|t:|1649004865
|move|p1a: If we give all|Knock Off|p2a: Registeel
|-damage|p2a: Registeel|0 fnt
|faint|p2a: Registeel
|
|upkeep
|c|+Micciu20250|Il va mettre quartos le goat en UU si il doit bench 
|
|t:|1649004872
|switch|p2a: Inteleon|Inteleon, F|100/100
|turn|13
|inactive|TSR has 210 seconds left.
|c|+Jeza.p|je comprends pas pourquoi il n'y est pas deja ... 
|inactive|KSt3ve has 210 seconds left.
|c|+Jeza.p|:pouss:
|c|+Micciu20250|:pouss:
|
|t:|1649004904
|switch|p1a: Swampert|Swampert, M|96/100
|move|p2a: Inteleon|U-turn|p1a: Swampert
|-damage|p1a: Swampert|84/100
|
|t:|1649004906
|switch|p2a: Crawdaunt|Crawdaunt, F|84/100|[from]move: U-turn
|
|-heal|p1a: Swampert|90/100|[from] item: Leftovers
|upkeep
|turn|14
|inactive|KSt3ve has 210 seconds left.
|inactive|TSR has 210 seconds left.
|inactive|KSt3ve has 180 seconds left.
|
|t:|1649004950
|move|p2a: Crawdaunt|Sludge Bomb|p1a: Swampert
|-resisted|p1a: Swampert
|-damage|p1a: Swampert|84/100
|move|p1a: Swampert|Earthquake|p2a: Crawdaunt
|-damage|p2a: Crawdaunt|29/100
|
|-heal|p1a: Swampert|90/100|[from] item: Leftovers
|upkeep
|turn|15
|inactive|KSt3ve has 180 seconds left.
|c|☆KSt3ve|what
|c|☆KSt3ve|so confuse
|inactive|TSR has 180 seconds left.
|c|☆TSR|i cannot believe you wanted to take knock 
|
|t:|1649004984
|move|p2a: Crawdaunt|Knock Off|p1a: Swampert
|-damage|p1a: Swampert|28/100
|-enditem|p1a: Swampert|Leftovers|[from] move: Knock Off|[of] p2a: Crawdaunt
|move|p1a: Swampert|Earthquake|p2a: Crawdaunt
|-damage|p2a: Crawdaunt|0 fnt
|faint|p2a: Crawdaunt
|
|upkeep
|c|☆KSt3ve|i have my reason
|
|t:|1649004996
|switch|p2a: Inteleon|Inteleon, F|100/100
|turn|16
|inactive|KSt3ve has 150 seconds left.
|inactive|TSR has 150 seconds left.
|c|+Jeza.p|he has his reason, that the reason ignore ... 
|c|☆KSt3ve|.
|inactive|KSt3ve has 120 seconds left.
|c|+Jeza.p|ET LAAA ! 
|c|+Jeza.p|ca va etre oincroyable !
|
|t:|1649005081
|switch|p1a: Nihilego|Nihilego|100/100
|move|p2a: Inteleon|Surf|p1a: Nihilego
|-supereffective|p1a: Nihilego
|-damage|p1a: Nihilego|24/100
|
|-heal|p1a: Nihilego|30/100|[from] item: Black Sludge
|upkeep
|turn|17
|
|t:|1649005100
|switch|p1a: Tangrowth|Tangrowth, M|100/100
|move|p2a: Inteleon|Surf|p1a: Tangrowth
|-resisted|p1a: Tangrowth
|-damage|p1a: Tangrowth|75/100
|
|upkeep
|turn|18
|c|+Micciu20250|Omg 
|c|+Corazan|nice pivoting
|c|+Corazan|lets go tsr
|inactive|KSt3ve has 90 seconds left.
|c|+Gods armada|so confuse
|c|+Jeza.p|non.
|
|t:|1649005126
|move|p2a: Inteleon|U-turn|p1a: Tangrowth
|-supereffective|p1a: Tangrowth
|-damage|p1a: Tangrowth|55/100
|-damage|p2a: Inteleon|84/100|[from] item: Rocky Helmet|[of] p1a: Tangrowth
|
|t:|1649005132
|switch|p2a: Slowbro|Slowbro-Galar, M|83/100|[from]move: U-turn
|move|p1a: Tangrowth|Knock Off|p2a: Slowbro
|-supereffective|p2a: Slowbro
|-damage|p2a: Slowbro|57/100
|-enditem|p2a: Slowbro|Safety Goggles|[from] move: Knock Off|[of] p1a: Tangrowth
|
|upkeep
|turn|19
|inactive|KSt3ve has 90 seconds left.
|
|t:|1649005150
|switch|p1a: Swampert|Swampert, M|28/100
|move|p2a: Slowbro|Sludge Bomb|p1a: Swampert
|-resisted|p1a: Swampert
|-damage|p1a: Swampert|18/100
|-status|p1a: Swampert|psn
|
|-damage|p1a: Swampert|6/100 psn|[from] psn
|upkeep
|turn|20
|inactive|TSR has 150 seconds left.
|
|t:|1649005173
|move|p1a: Swampert|Rest|p1a: Swampert
|-status|p1a: Swampert|slp|[from] move: Rest
|-heal|p1a: Swampert|100/100 slp|[silent]
|move|p2a: Slowbro|Slack Off|p2a: Slowbro
|-heal|p2a: Slowbro|100/100
|
|upkeep
|turn|21
|
|t:|1649005178
|switch|p2a: Tangrowth|Tangrowth, M|67/100
|cant|p1a: Swampert|slp
|move|p1a: Swampert|Sleep Talk|p1a: Swampert
|move|p1a: Swampert|Earthquake|p2a: Tangrowth|[from]move: Sleep Talk
|-resisted|p2a: Tangrowth
|-crit|p2a: Tangrowth
|-damage|p2a: Tangrowth|51/100
|
|upkeep
|turn|22
|inactive|TSR has 150 seconds left.
|c|☆TSR|i see 
|
|t:|1649005207
|switch|p1a: If we give all|Thundurus-Therian, M|68/100
|move|p2a: Tangrowth|Knock Off|p1a: If we give all
|-damage|p1a: If we give all|35/100
|-enditem|p1a: If we give all|Heavy-Duty Boots|[from] move: Knock Off|[of] p2a: Tangrowth
|
|upkeep
|turn|23
|inactive|TSR has 120 seconds left.
|
|t:|1649005257
|switch|p2a: Slowbro|Slowbro-Galar, M|100/100
|move|p1a: If we give all|Focus Blast|p2a: Slowbro
|-resisted|p2a: Slowbro
|-damage|p2a: Slowbro|87/100
|
|upkeep
|turn|24
|inactive|KSt3ve has 90 seconds left.
|
|t:|1649005278
|switch|p1a: Swampert|Swampert, M|100/100 slp
|move|p2a: Slowbro|Future Sight|p1a: Swampert
|-start|p2a: Slowbro|move: Future Sight
|
|upkeep
|turn|25
|
|t:|1649005290
|switch|p2a: Tangrowth|Tangrowth, M|84/100
|cant|p1a: Swampert|slp
|move|p1a: Swampert|Sleep Talk|p1a: Swampert
|move|p1a: Swampert|Earthquake|p2a: Tangrowth|[from]move: Sleep Talk
|-resisted|p2a: Tangrowth
|-damage|p2a: Tangrowth|73/100
|
|upkeep
|turn|26
|inactive|KSt3ve has 90 seconds left.
|
|t:|1649005310
|-curestatus|p1a: Swampert|slp|[msg]
|move|p1a: Swampert|Flip Turn|p2a: Tangrowth
|-resisted|p2a: Tangrowth
|-damage|p2a: Tangrowth|66/100
|inactive|KSt3ve has 90 seconds left.
|
|t:|1649005320
|switch|p1a: If we give all|Thundurus-Therian, M|35/100|[from]move: Flip Turn
|move|p2a: Tangrowth|Sludge Bomb|p1a: If we give all
|-crit|p1a: If we give all
|-damage|p1a: If we give all|0 fnt
|faint|p1a: If we give all
|
|-hint|Future Sight did not hit because the target is fainted.
|upkeep
|
|t:|1649005324
|switch|p1a: Hydreigon|Hydreigon, F|61/100
|turn|27
|
|t:|1649005334
|switch|p2a: Thundurus|Thundurus-Therian, M|27/100
|move|p1a: Hydreigon|Draco Meteor|p2a: Thundurus
|-damage|p2a: Thundurus|0 fnt
|-unboost|p1a: Hydreigon|spa|2
|faint|p2a: Thundurus
|-damage|p1a: Hydreigon|51/100|[from] item: Life Orb
|
|upkeep
|
|t:|1649005341
|switch|p2a: Inteleon|Inteleon, F|84/100
|turn|28
|
|t:|1649005353
|switch|p1a: Swampert|Swampert, M|100/100
|move|p2a: Inteleon|Surf|p1a: Swampert
|-damage|p1a: Swampert|69/100
|
|upkeep
|turn|29
|inactive|TSR has 120 seconds left.
|inactive|KSt3ve has 90 seconds left.
|
|t:|1649005394
|move|p2a: Inteleon|Surf|p1a: Swampert
|-damage|p1a: Swampert|41/100
|move|p1a: Swampert|Flip Turn|p2a: Inteleon
|-resisted|p2a: Inteleon
|-damage|p2a: Inteleon|66/100
|
|t:|1649005396
|switch|p1a: Jirachi|Jirachi|100/100|[from]move: Flip Turn
|
|upkeep
|turn|30
|inactive|TSR has 120 seconds left.
|
|t:|1649005409
|move|p1a: Jirachi|U-turn|p2a: Inteleon
|-damage|p2a: Inteleon|33/100
|
|t:|1649005411
|switch|p1a: Tangrowth|Tangrowth, M|88/100|[from]move: U-turn
|move|p2a: Inteleon|Shadow Ball|p1a: Tangrowth
|-damage|p1a: Tangrowth|62/100
|
|upkeep
|turn|31
|
|t:|1649005434
|move|p2a: Inteleon|Ice Beam|p1a: Tangrowth
|-supereffective|p1a: Tangrowth
|-damage|p1a: Tangrowth|0 fnt
|faint|p1a: Tangrowth
|
|upkeep
|
|t:|1649005436
|switch|p1a: Jirachi|Jirachi|100/100
|turn|32
|inactive|TSR has 120 seconds left.
|inactive|KSt3ve has 90 seconds left.
|
|t:|1649005510
|switch|p2a: Tangrowth|Tangrowth, M|99/100
|move|p1a: Jirachi|U-turn|p2a: Tangrowth
|-supereffective|p2a: Tangrowth
|-damage|p2a: Tangrowth|72/100
|inactive|KSt3ve has 60 seconds left.
|
|t:|1649005531
|switch|p1a: Hydreigon|Hydreigon, F|51/100|[from]move: U-turn
|
|upkeep
|turn|33
|inactive|KSt3ve has 30 seconds left.
|
|t:|1649005569
|move|p1a: Hydreigon|Draco Meteor|p2a: Tangrowth
|-damage|p2a: Tangrowth|0 fnt
|-unboost|p1a: Hydreigon|spa|2
|faint|p2a: Tangrowth
|-damage|p1a: Hydreigon|41/100|[from] item: Life Orb
|
|upkeep
|
|t:|1649005577
|switch|p2a: Inteleon|Inteleon, F|33/100
|turn|34
|
|t:|1649005588
|switch|p1a: Nihilego|Nihilego|30/100
|move|p2a: Inteleon|Ice Beam|p1a: Nihilego
|-damage|p1a: Nihilego|6/100
|
|-heal|p1a: Nihilego|12/100|[from] item: Black Sludge
|upkeep
|turn|35
|
|t:|1649005599
|move|p2a: Inteleon|Shadow Ball|p1a: Nihilego
|-damage|p1a: Nihilego|0 fnt
|faint|p1a: Nihilego
|
|upkeep
|
|t:|1649005600
|switch|p1a: Jirachi|Jirachi|100/100
|turn|36
|inactive|TSR has 120 seconds left.
|
|t:|1649005611
|switch|p2a: Slowbro|Slowbro-Galar, M|100/100
|move|p1a: Jirachi|U-turn|p2a: Slowbro
|-damage|p2a: Slowbro|88/100
|
|t:|1649005614
|switch|p1a: Hydreigon|Hydreigon, F|41/100|[from]move: U-turn
|
|upkeep
|turn|37
|
|t:|1649005623
|move|p1a: Hydreigon|Dark Pulse|p2a: Slowbro
|-supereffective|p2a: Slowbro
|-damage|p2a: Slowbro|0 fnt
|faint|p2a: Slowbro
|-damage|p1a: Hydreigon|32/100|[from] item: Life Orb
|
|upkeep
|
|t:|1649005625
|switch|p2a: Inteleon|Inteleon, F|33/100
|turn|38
|
|t:|1649005627
|move|p2a: Inteleon|Ice Beam|p1a: Hydreigon
|-supereffective|p1a: Hydreigon
|-damage|p1a: Hydreigon|0 fnt
|faint|p1a: Hydreigon
|
|upkeep
|c|☆KSt3ve|gg
|c|☆TSR|gg
|
|t:|1649005630
|switch|p1a: Jirachi|Jirachi|100/100
|turn|39
|
|t:|1649005633
|move|p1a: Jirachi|U-turn|p2a: Inteleon
|-damage|p2a: Inteleon|0 fnt
|faint|p2a: Inteleon
|
|win|KSt3ve
