|inactive|Battle timer is ON: inactive players will automatically lose when time's up.
|t:|1668181340
|gametype|singles
|player|p1|Micciu20250|kris-masters|
|player|p2|Elfuseon|#bdspplempoleonshow|
|teamsize|p1|6
|teamsize|p2|6
|gen|8
|tier|[Gen 8] UU
|rule|Sleep Clause Mod: Limit one foe put to sleep
|rule|Species Clause: Limit one of each Pokémon
|rule|OHKO Clause: OHKO moves are banned
|rule|Evasion Items Clause: Evasion items are banned
|rule|Evasion Moves Clause: Evasion moves are banned
|rule|Endless Battle Clause: Forcing endless battles is banned
|rule|HP Percentage Mod: HP is shown in percentages
|rule|Dynamax Clause: You cannot dynamax
|clearpoke
|poke|p1|Registeel|
|poke|p1|Suicune|
|poke|p1|Salamence, F|
|poke|p1|Umbreon, M|
|poke|p1|Tangrowth, F|
|poke|p1|Hippowdon, M|
|poke|p2|Primarina, M|
|poke|p2|Thundurus-Therian, M|
|poke|p2|Reuniclus, M|
|poke|p2|Zarude|
|poke|p2|Tangrowth, F|
|poke|p2|Cobalion|
|teampreview
|c|☆Elfuseon|hf
|c|☆Micciu20250|hf
|c|☆Elfuseon|je vais avoir des ptsd
|inactive|Micciu20250 has 270 seconds left.
|inactive|Elfuseon has 270 seconds left.
|
|t:|1668181389
|start
|switch|p1a: Inder Le Cover|Tangrowth, F|100/100
|switch|p2a: Reuniclus|Reuniclus, M|100/100
|turn|1
|
|t:|1668181403
|switch|p1a: Congelo|Registeel|100/100
|move|p2a: Reuniclus|Toxic|p1a: Congelo
|-immune|p1a: Congelo
|
|upkeep
|turn|2
|
|t:|1668181407
|move|p1a: Congelo|Amnesia|p1a: Congelo
|-boost|p1a: Congelo|spd|2
|move|p2a: Reuniclus|Knock Off|p1a: Congelo
|-damage|p1a: Congelo|93/100
|-enditem|p1a: Congelo|Chesto Berry|[from] move: Knock Off|[of] p2a: Reuniclus
|
|upkeep
|turn|3
|
|t:|1668181435
|switch|p2a: Thundurus|Thundurus-Therian, M|100/100
|move|p1a: Congelo|Iron Defense|p1a: Congelo
|-boost|p1a: Congelo|def|2
|
|upkeep
|turn|4
|
|t:|1668181443
|move|p2a: Thundurus|Focus Blast|p1a: Congelo
|-supereffective|p1a: Congelo
|-damage|p1a: Congelo|65/100
|move|p1a: Congelo|Amnesia|p1a: Congelo
|-boost|p1a: Congelo|spd|2
|
|upkeep
|turn|5
|
|t:|1668181459
|move|p2a: Thundurus|Focus Blast|p1a: Congelo|[miss]
|-miss|p2a: Thundurus|p1a: Congelo
|move|p1a: Congelo|Iron Defense|p1a: Congelo
|-boost|p1a: Congelo|def|2
|
|upkeep
|turn|6
|
|t:|1668181464
|move|p2a: Thundurus|Focus Blast|p1a: Congelo
|-supereffective|p1a: Congelo
|-damage|p1a: Congelo|45/100
|move|p1a: Congelo|Iron Defense|p1a: Congelo
|-boost|p1a: Congelo|def|2
|
|upkeep
|turn|7
|
|t:|1668181468
|move|p2a: Thundurus|Focus Blast|p1a: Congelo
|-supereffective|p1a: Congelo
|-damage|p1a: Congelo|25/100
|move|p1a: Congelo|Rest|p1a: Congelo
|-status|p1a: Congelo|slp|[from] move: Rest
|-heal|p1a: Congelo|100/100 slp|[silent]
|
|upkeep
|turn|8
|
|t:|1668181484
|move|p2a: Thundurus|Focus Blast|p1a: Congelo
|-supereffective|p1a: Congelo
|-damage|p1a: Congelo|81/100 slp
|cant|p1a: Congelo|slp
|
|upkeep
|turn|9
|
|t:|1668181489
|move|p2a: Thundurus|Focus Blast|p1a: Congelo
|-supereffective|p1a: Congelo
|-damage|p1a: Congelo|61/100 slp
|cant|p1a: Congelo|slp
|
|upkeep
|turn|10
|
|t:|1668181492
|move|p2a: Thundurus|Focus Blast|p1a: Congelo
|-supereffective|p1a: Congelo
|-damage|p1a: Congelo|41/100 slp
|-curestatus|p1a: Congelo|slp|[msg]
|move|p1a: Congelo|Body Press|p2a: Thundurus
|-resisted|p2a: Thundurus
|-crit|p2a: Thundurus
|-damage|p2a: Thundurus|0 fnt
|faint|p2a: Thundurus
|
|upkeep
|
|t:|1668181501
|switch|p2a: Primarina|Primarina, M|100/100
|turn|11
|
|t:|1668181504
|move|p2a: Primarina|Calm Mind|p2a: Primarina
|-boost|p2a: Primarina|spa|1
|-boost|p2a: Primarina|spd|1
|move|p1a: Congelo|Body Press|p2a: Primarina
|-resisted|p2a: Primarina
|-damage|p2a: Primarina|46/100
|
|-heal|p2a: Primarina|52/100|[from] item: Leftovers
|upkeep
|turn|12
|
|t:|1668181528
|switch|p2a: Reuniclus|Reuniclus, M|100/100
|move|p1a: Congelo|Body Press|p2a: Reuniclus
|-resisted|p2a: Reuniclus
|-damage|p2a: Reuniclus|29/100
|-damage|p1a: Congelo|25/100|[from] item: Rocky Helmet|[of] p2a: Reuniclus
|
|upkeep
|turn|13
|
|t:|1668181538
|switch|p2a: Cobalion|Cobalion|100/100
|move|p1a: Congelo|Rest|p1a: Congelo
|-status|p1a: Congelo|slp|[from] move: Rest
|-heal|p1a: Congelo|100/100 slp|[silent]
|
|upkeep
|turn|14
|
|t:|1668181542
|move|p2a: Cobalion|Swords Dance|p2a: Cobalion
|-boost|p2a: Cobalion|atk|2
|cant|p1a: Congelo|slp
|
|upkeep
|turn|15
|
|t:|1668181560
|move|p2a: Cobalion|Close Combat|p1a: Congelo
|-supereffective|p1a: Congelo
|-damage|p1a: Congelo|74/100 slp
|-unboost|p2a: Cobalion|def|1
|-unboost|p2a: Cobalion|spd|1
|cant|p1a: Congelo|slp
|
|upkeep
|turn|16
|
|t:|1668181565
|move|p2a: Cobalion|Close Combat|p1a: Congelo
|-supereffective|p1a: Congelo
|-damage|p1a: Congelo|50/100 slp
|-unboost|p2a: Cobalion|def|1
|-unboost|p2a: Cobalion|spd|1
|-curestatus|p1a: Congelo|slp|[msg]
|move|p1a: Congelo|Body Press|p2a: Cobalion
|-supereffective|p2a: Cobalion
|-damage|p2a: Cobalion|0 fnt
|faint|p2a: Cobalion
|
|upkeep
|c|☆Elfuseon|ggs
|-message|Elfuseon forfeited.
|
|win|Micciu20250
|c|☆Micciu20250|ggs
