|inactive|Battle timer is ON: inactive players will automatically lose when time's up.
|t:|1616347441
|player|p1|grookeyfan24|phoebe-gen3|
|player|p2|KSt3ve|#fcpl4raichicheurs|
|teamsize|p1|6
|teamsize|p2|6
|gametype|singles
|gen|8
|tier|[Gen 8] UU
|clearpoke
|poke|p1|Tangrowth, M|
|poke|p1|Mienshao, M|
|poke|p1|Slowking, F|
|poke|p1|Chansey, F|
|poke|p1|Skarmory, M|
|poke|p1|Zeraora|
|poke|p2|Zeraora|
|poke|p2|Keldeo-Resolute|
|poke|p2|Celesteela|
|poke|p2|Slowbro-Galar, F|
|poke|p2|Zarude-Dada|
|poke|p2|Rhyperior, M|
|rule|Sleep Clause Mod: Limit one foe put to sleep
|rule|Species Clause: Limit one of each Pokémon
|rule|OHKO Clause: OHKO moves are banned
|rule|Evasion Moves Clause: Evasion moves are banned
|rule|Endless Battle Clause: Forcing endless battles is banned
|rule|HP Percentage Mod: HP is shown in percentages
|rule|Dynamax Clause: You cannot dynamax
|teampreview
|c|☆grookeyfan24|hf
|c|☆KSt3ve|hf
|c|+ChillShadow|grookeyfan24 oml
|inactive|grookeyfan24 has 270 seconds left.
|inactive|KSt3ve has 270 seconds left.
|inactive|KSt3ve has 240 seconds left.
|c|+7MM|Lgi groookey
|c|+Askov|the rice show...
|inactive|KSt3ve has 210 seconds left.
|inactive|KSt3ve has 180 seconds left.
|
|t:|1616347566
|start
|switch|p1a: NATURAL|Tangrowth, M|100/100
|switch|p2a: Zeraora|Zeraora|100/100
|turn|1
|
|t:|1616347573
|move|p2a: Zeraora|Volt Switch|p1a: NATURAL
|-resisted|p1a: NATURAL
|-damage|p1a: NATURAL|84/100
|inactive|KSt3ve has 240 seconds left.
|
|t:|1616347593
|switch|p2a: Slowbro|Slowbro-Galar, F|100/100|[from]move: Volt Switch
|move|p1a: NATURAL|Knock Off|p2a: Slowbro
|-supereffective|p2a: Slowbro
|-damage|p2a: Slowbro|74/100
|-enditem|p2a: Slowbro|Safety Goggles|[from] move: Knock Off|[of] p1a: NATURAL
|
|upkeep
|turn|2
|inactive|KSt3ve has 240 seconds left.
|c|+a rabbit|knuck
|inactive|grookeyfan24 has 270 seconds left.
|
|t:|1616347631
|move|p1a: NATURAL|Sleep Powder|p2a: Slowbro
|-status|p2a: Slowbro|slp|[from] move: Sleep Powder
|cant|p2a: Slowbro|slp
|
|upkeep
|turn|3
|inactive|grookeyfan24 has 270 seconds left.
|
|t:|1616347641
|switch|p1a: LOW|Chansey, F|100/100
|-curestatus|p2a: Slowbro|slp|[msg]
|move|p2a: Slowbro|Scald|p1a: LOW
|-damage|p1a: LOW|95/100
|-status|p1a: LOW|brn
|
|-damage|p1a: LOW|89/100 brn|[from] brn
|upkeep
|turn|4
|inactive|grookeyfan24 has 270 seconds left.
|
|t:|1616347651
|move|p1a: LOW|Stealth Rock|p2a: Slowbro
|-sidestart|p2: KSt3ve|move: Stealth Rock
|move|p2a: Slowbro|Calm Mind|p2a: Slowbro
|-boost|p2a: Slowbro|spa|1
|-boost|p2a: Slowbro|spd|1
|
|-damage|p1a: LOW|82/100 brn|[from] brn
|upkeep
|turn|5
|
|t:|1616347660
|move|p1a: LOW|Seismic Toss|p2a: Slowbro
|-damage|p2a: Slowbro|48/100
|move|p2a: Slowbro|Slack Off|p2a: Slowbro
|-heal|p2a: Slowbro|98/100
|
|-damage|p1a: LOW|76/100 brn|[from] brn
|upkeep
|turn|6
|
|t:|1616347667
|move|p2a: Slowbro|Calm Mind|p2a: Slowbro
|-boost|p2a: Slowbro|spa|1
|-boost|p2a: Slowbro|spd|1
|move|p1a: LOW|Teleport|p1a: LOW
|
|t:|1616347671
|switch|p1a: NATURAL|Tangrowth, M|100/100|[from]move: Teleport
|
|upkeep
|turn|7
|
|t:|1616347675
|move|p1a: NATURAL|Sleep Powder|p2a: Slowbro
|-status|p2a: Slowbro|slp|[from] move: Sleep Powder
|cant|p2a: Slowbro|slp
|
|upkeep
|turn|8
|inactive|grookeyfan24 has 270 seconds left.
|
|t:|1616347729
|switch|p1a: END OF YOUR LIFE|Zeraora|100/100
|-curestatus|p2a: Slowbro|slp|[msg]
|move|p2a: Slowbro|Sludge Bomb|p1a: END OF YOUR LIFE
|-damage|p1a: END OF YOUR LIFE|17/100
|
|upkeep
|turn|9
|
|t:|1616347739
|move|p1a: END OF YOUR LIFE|Volt Switch|p2a: Slowbro
|-damage|p2a: Slowbro|86/100
|
|t:|1616347742
|switch|p1a: LOW|Chansey, F|76/100|[from]move: Volt Switch
|move|p2a: Slowbro|Scald|p1a: LOW
|-damage|p1a: LOW|65/100
|
|upkeep
|turn|10
|
|t:|1616347750
|move|p1a: LOW|Soft-Boiled|p1a: LOW
|-heal|p1a: LOW|100/100
|move|p2a: Slowbro|Calm Mind|p2a: Slowbro
|-boost|p2a: Slowbro|spa|1
|-boost|p2a: Slowbro|spd|1
|
|upkeep
|turn|11
|
|t:|1616347754
|move|p1a: LOW|Seismic Toss|p2a: Slowbro
|-damage|p2a: Slowbro|60/100
|move|p2a: Slowbro|Calm Mind|p2a: Slowbro
|-boost|p2a: Slowbro|spa|1
|-boost|p2a: Slowbro|spd|1
|
|upkeep
|turn|12
|
|t:|1616347760
|move|p1a: LOW|Seismic Toss|p2a: Slowbro
|-damage|p2a: Slowbro|35/100
|move|p2a: Slowbro|Slack Off|p2a: Slowbro
|-heal|p2a: Slowbro|85/100
|
|upkeep
|turn|13
|
|t:|1616347775
|move|p1a: LOW|Seismic Toss|p2a: Slowbro
|-damage|p2a: Slowbro|60/100
|move|p2a: Slowbro|Scald|p1a: LOW
|-damage|p1a: LOW|82/100
|
|upkeep
|turn|14
|
|t:|1616347781
|move|p2a: Slowbro|Slack Off|p2a: Slowbro
|-heal|p2a: Slowbro|100/100
|move|p1a: LOW|Teleport|p1a: LOW
|
|t:|1616347784
|switch|p1a: NATURAL|Tangrowth, M|100/100|[from]move: Teleport
|
|upkeep
|turn|15
|
|t:|1616347788
|move|p1a: NATURAL|Sleep Powder|p2a: Slowbro|[miss]
|-miss|p1a: NATURAL|p2a: Slowbro
|move|p2a: Slowbro|Sludge Bomb|p1a: NATURAL
|-supereffective|p1a: NATURAL
|-damage|p1a: NATURAL|0 fnt
|faint|p1a: NATURAL
|
|upkeep
|c|☆grookeyfan24|do i get infracted for clicking x
|inactive|grookeyfan24 has 270 seconds left.
|c|+HYDREIGON SPECS|i mean its a teamtour
|c|☆KSt3ve|yeap
|
|t:|1616347828
|switch|p1a: LOW|Chansey, F|82/100
|turn|16
|c|+HYDREIGON SPECS|you shouldn't
|c|+HYDREIGON SPECS|'-'
|c|+ChillShadow|is it a team tour
|
|t:|1616347836
|move|p1a: LOW|Seismic Toss|p2a: Slowbro
|-damage|p2a: Slowbro|75/100
|move|p2a: Slowbro|Calm Mind|p2a: Slowbro
|-boost|p2a: Slowbro|spa|1
|-boost|p2a: Slowbro|spd|1
|
|upkeep
|turn|17
|
|t:|1616347841
|move|p1a: LOW|Seismic Toss|p2a: Slowbro
|-damage|p2a: Slowbro|50/100
|move|p2a: Slowbro|Calm Mind|p2a: Slowbro
|-boost|p2a: Slowbro|spa|1
|-boost|p2a: Slowbro|spd|1
|
|upkeep
|turn|18
|
|t:|1616347845
|move|p1a: LOW|Seismic Toss|p2a: Slowbro
|-damage|p2a: Slowbro|24/100
|move|p2a: Slowbro|Slack Off|p2a: Slowbro
|-heal|p2a: Slowbro|74/100
|
|upkeep
|turn|19
|c|+HYDREIGON SPECS|it is chillshadow. constituted by 12 players at least
|
|t:|1616347849
|move|p1a: LOW|Seismic Toss|p2a: Slowbro
|-damage|p2a: Slowbro|49/100
|move|p2a: Slowbro|Slack Off|p2a: Slowbro
|-heal|p2a: Slowbro|99/100
|
|upkeep
|turn|20
|c|+ChillShadow|which one
|c|+HYDREIGON SPECS|(8 players + 4 subs)
|
|t:|1616347854
|move|p1a: LOW|Seismic Toss|p2a: Slowbro
|-damage|p2a: Slowbro|74/100
|move|p2a: Slowbro|Sludge Bomb|p1a: LOW
|-damage|p1a: LOW|42/100
|
|upkeep
|turn|21
|c|+HYDREIGON SPECS|it is underused premier league
|c|+ChillShadow|no it's not
|
|t:|1616347862
|move|p1a: LOW|Soft-Boiled|p1a: LOW
|-heal|p1a: LOW|92/100
|move|p2a: Slowbro|Slack Off|p2a: Slowbro
|-heal|p2a: Slowbro|100/100
|
|upkeep
|turn|22
|c|+ChillShadow|._.
|c|+pinkdragontamer|Good Morning Chill Shadow 
|c|+HYDREIGON SPECS|how is it not
|
|t:|1616347868
|move|p1a: LOW|Seismic Toss|p2a: Slowbro
|-damage|p2a: Slowbro|75/100
|move|p2a: Slowbro|Sludge Bomb|p1a: LOW
|-damage|p1a: LOW|54/100
|
|upkeep
|turn|23
|
|t:|1616347873
|move|p1a: LOW|Soft-Boiled|p1a: LOW
|-heal|p1a: LOW|100/100
|move|p2a: Slowbro|Scald|p1a: LOW
|-crit|p1a: LOW
|-damage|p1a: LOW|68/100
|-status|p1a: LOW|brn
|
|-damage|p1a: LOW|62/100 brn|[from] brn
|upkeep
|turn|24
|c|+ChillShadow|nat isnt on the lineup this week
|
|t:|1616347881
|move|p1a: LOW|Soft-Boiled|p1a: LOW
|-heal|p1a: LOW|100/100 brn
|move|p2a: Slowbro|Sludge Bomb|p1a: LOW
|-damage|p1a: LOW|64/100 brn
|
|-damage|p1a: LOW|58/100 brn|[from] brn
|upkeep
|turn|25
|
|t:|1616347887
|-curestatus|p1a: LOW|brn|[from] ability: Natural Cure
|switch|p1a: AFTERGLOW|Slowking, F|100/100
|move|p2a: Slowbro|Scald|p1a: AFTERGLOW
|-resisted|p1a: AFTERGLOW
|-damage|p1a: AFTERGLOW|73/100
|
|upkeep
|turn|26
|
|t:|1616347898
|move|p2a: Slowbro|Sludge Bomb|p1a: AFTERGLOW
|-damage|p1a: AFTERGLOW|0 fnt
|faint|p1a: AFTERGLOW
|
|upkeep
|
|t:|1616347903
|switch|p1a: LOW|Chansey, F|58/100
|turn|27
|c|☆KSt3ve|oof
|c|☆KSt3ve|delete
|
|t:|1616347908
|move|p1a: LOW|Soft-Boiled|p1a: LOW
|-heal|p1a: LOW|100/100
|move|p2a: Slowbro|Sludge Bomb|p1a: LOW
|-damage|p1a: LOW|60/100
|
|upkeep
|turn|28
|
|t:|1616347913
|move|p1a: LOW|Seismic Toss|p2a: Slowbro
|-damage|p2a: Slowbro|50/100
|move|p2a: Slowbro|Scald|p1a: LOW
|-damage|p1a: LOW|39/100
|-status|p1a: LOW|brn
|
|-damage|p1a: LOW|32/100 brn|[from] brn
|upkeep
|turn|29
|
|t:|1616347916
|move|p1a: LOW|Soft-Boiled|p1a: LOW
|-heal|p1a: LOW|82/100 brn
|move|p2a: Slowbro|Slack Off|p2a: Slowbro
|-heal|p2a: Slowbro|99/100
|
|-damage|p1a: LOW|76/100 brn|[from] brn
|upkeep
|turn|30
|
|t:|1616347919
|move|p1a: LOW|Soft-Boiled|p1a: LOW
|-heal|p1a: LOW|100/100 brn
|move|p2a: Slowbro|Scald|p1a: LOW
|-damage|p1a: LOW|80/100 brn
|
|-damage|p1a: LOW|73/100 brn|[from] brn
|upkeep
|turn|31
|
|t:|1616347925
|move|p1a: LOW|Seismic Toss|p2a: Slowbro
|-damage|p2a: Slowbro|74/100
|move|p2a: Slowbro|Scald|p1a: LOW
|-damage|p1a: LOW|52/100 brn
|
|-damage|p1a: LOW|46/100 brn|[from] brn
|upkeep
|turn|32
|
|t:|1616347927
|move|p1a: LOW|Soft-Boiled|p1a: LOW
|-heal|p1a: LOW|96/100 brn
|move|p2a: Slowbro|Sludge Bomb|p1a: LOW
|-damage|p1a: LOW|60/100 brn
|
|-damage|p1a: LOW|53/100 brn|[from] brn
|upkeep
|turn|33
|
|t:|1616347932
|move|p1a: LOW|Soft-Boiled|p1a: LOW
|-heal|p1a: LOW|100/100 brn
|move|p2a: Slowbro|Sludge Bomb|p1a: LOW
|-damage|p1a: LOW|63/100 brn
|
|-damage|p1a: LOW|56/100 brn|[from] brn
|upkeep
|turn|34
|inactive|grookeyfan24 has 270 seconds left.
|c|☆grookeyfan24|not that this was a game but
|c|☆grookeyfan24|gg
|-message|grookeyfan24 forfeited.
|
|win|KSt3ve
|c|☆KSt3ve|gg
