|inactive|Battle timer is ON: inactive players will automatically lose when time's up.
|t:|1664735189
|gametype|singles
|player|p1|Lily|irida|
|player|p2|KM|#scl2foxes|
|teamsize|p1|6
|teamsize|p2|6
|gen|8
|tier|[Gen 8] UU
|rule|Sleep Clause Mod: Limit one foe put to sleep
|rule|Species Clause: Limit one of each Pokémon
|rule|OHKO Clause: OHKO moves are banned
|rule|Evasion Items Clause: Evasion items are banned
|rule|Evasion Moves Clause: Evasion moves are banned
|rule|Endless Battle Clause: Forcing endless battles is banned
|rule|HP Percentage Mod: HP is shown in percentages
|rule|Dynamax Clause: You cannot dynamax
|clearpoke
|poke|p1|Tsareena, F|
|poke|p1|Slowbro-Galar, F|
|poke|p1|Noivern, F|
|poke|p1|Rhyperior, F|
|poke|p1|Cobalion|
|poke|p1|Mimikyu, M|
|poke|p2|Cobalion|
|poke|p2|Zygarde-10%|
|poke|p2|Zarude|
|poke|p2|Togekiss, F|
|poke|p2|Salamence, M|
|poke|p2|Slowbro-Galar, M|
|teampreview
|c|☆KM|hf...
|c|☆Lily|hf like
|c|+TSR|indigo plateau is interested in one of your team members lily 
|inactive|Lily has 270 seconds left.
|c|☆KM|tsr the matchmaker
|c|+avarice|so true
|
|t:|1664735225
|start
|switch|p1a: Cobalion|Cobalion|100/100
|switch|p2a: Zarude|Zarude|100/100
|turn|1
|
|t:|1664735228
|move|p1a: Cobalion|Stealth Rock|p2a: Zarude
|-sidestart|p2: KM|move: Stealth Rock
|move|p2a: Zarude|Close Combat|p1a: Cobalion
|-supereffective|p1a: Cobalion
|-enditem|p1a: Cobalion|Chople Berry|[eat]
|-enditem|p1a: Cobalion|Chople Berry|[weaken]
|-damage|p1a: Cobalion|49/100
|-unboost|p2a: Zarude|def|1
|-unboost|p2a: Zarude|spd|1
|
|upkeep
|turn|2
|c|☆Lily|yeah i knew
|c|☆Lily|what of it
|c|☆KM|ummm
|
|t:|1664735239
|switch|p2a: Slowbro|Slowbro-Galar, M|100/100
|-damage|p2a: Slowbro|88/100|[from] Stealth Rock
|move|p1a: Cobalion|Volt Switch|p2a: Slowbro
|-damage|p2a: Slowbro|74/100
|
|t:|1664735244
|switch|p1a: Rhyperior|Rhyperior, F|100/100|[from]move: Volt Switch
|
|upkeep
|turn|3
|
|t:|1664735253
|move|p1a: Rhyperior|Stone Edge|p2a: Slowbro
|-damage|p2a: Slowbro|6/100
|move|p2a: Slowbro|Scald|p1a: Rhyperior
|-supereffective|p1a: Rhyperior
|-damage|p1a: Rhyperior|29/100
|-status|p1a: Rhyperior|brn
|
|-damage|p1a: Rhyperior|22/100 brn|[from] brn
|upkeep
|turn|4
|c|☆Lily|of course dude
|
|t:|1664735263
|switch|p1a: Tsareena|Tsareena, F|100/100
|switch|p2a: Cobalion|Cobalion|100/100
|-damage|p2a: Cobalion|97/100|[from] Stealth Rock
|
|upkeep
|turn|5
|
|t:|1664735267
|move|p2a: Cobalion|Iron Head|p1a: Tsareena
|-damage|p1a: Tsareena|63/100
|move|p1a: Tsareena|Rapid Spin|p2a: Cobalion
|-resisted|p2a: Cobalion
|-damage|p2a: Cobalion|90/100
|-boost|p1a: Tsareena|spe|1
|
|upkeep
|turn|6
|c|+Luthier|beef batle? 
|c|+Luthier|battle
|
|t:|1664735279
|switch|p2a: Togekiss|Togekiss, F|100/100
|move|p1a: Tsareena|Low Kick|p2a: Togekiss
|-resisted|p2a: Togekiss
|-damage|p2a: Togekiss|96/100
|
|upkeep
|turn|7
|
|t:|1664735284
|move|p1a: Tsareena|Triple Axel|p2a: Togekiss
|-supereffective|p2a: Togekiss
|-damage|p2a: Togekiss|83/100
|-supereffective|p2a: Togekiss
|-crit|p2a: Togekiss
|-damage|p2a: Togekiss|47/100
|-supereffective|p2a: Togekiss
|-damage|p2a: Togekiss|11/100
|-hitcount|p2a: Togekiss|3
|move|p2a: Togekiss|Air Slash|p1a: Tsareena
|-supereffective|p1a: Tsareena
|-damage|p1a: Tsareena|0 fnt
|faint|p1a: Tsareena
|
|upkeep
|
|t:|1664735293
|switch|p1a: Noivern|Noivern, F|100/100
|turn|8
|c|☆Lily|gg
|c|☆KM|?
|
|t:|1664735304
|move|p1a: Noivern|Flamethrower|p2a: Togekiss
|-damage|p2a: Togekiss|0 fnt
|faint|p2a: Togekiss
|
|upkeep
|
|t:|1664735307
|switch|p2a: Zygarde|Zygarde-10%|100/100
|-damage|p2a: Zygarde|94/100|[from] Stealth Rock
|-ability|p2a: Zygarde|Aura Break
|turn|9
|c|☆Lily|hes not.
|c|☆Lily|i dont believe you.
|
|t:|1664735314
|switch|p2a: Slowbro|Slowbro-Galar, M|39/100
|-damage|p2a: Slowbro|27/100|[from] Stealth Rock
|move|p1a: Noivern|Draco Meteor|p2a: Slowbro
|-damage|p2a: Slowbro|0 fnt
|-unboost|p1a: Noivern|spa|2
|faint|p2a: Slowbro
|
|upkeep
|
|t:|1664735316
|switch|p2a: Salamence|Salamence, M|100/100
|turn|10
|
|t:|1664735319
|move|p1a: Noivern|U-turn|p2a: Salamence
|-resisted|p2a: Salamence
|-damage|p2a: Salamence|94/100
|
|t:|1664735321
|switch|p1a: Mimikyu|Mimikyu, M|100/100|[from]move: U-turn
|move|p2a: Salamence|Dragon Dance|p2a: Salamence
|-boost|p2a: Salamence|atk|1
|-boost|p2a: Salamence|spe|1
|
|upkeep
|turn|11
|
|t:|1664735323
|move|p2a: Salamence|Dual Wingbeat|p1a: Mimikyu
|-activate|p1a: Mimikyu|ability: Disguise
|-damage|p1a: Mimikyu|100/100
|detailschange|p1a: Mimikyu|Mimikyu-Busted, M
|-damage|p1a: Mimikyu|88/100|[from] pokemon: Mimikyu-Busted
|-damage|p1a: Mimikyu|32/100
|-hitcount|p1a: Mimikyu|2
|move|p1a: Mimikyu|Play Rough|p2a: Salamence
|-supereffective|p2a: Salamence
|-damage|p2a: Salamence|0 fnt
|faint|p2a: Salamence
|-damage|p1a: Mimikyu|22/100|[from] item: Life Orb
|
|upkeep
|
|t:|1664735328
|switch|p2a: Zygarde|Zygarde-10%|94/100
|-damage|p2a: Zygarde|88/100|[from] Stealth Rock
|-ability|p2a: Zygarde|Aura Break
|turn|12
|
|t:|1664735330
|move|p2a: Zygarde|Thousand Arrows|p1a: Mimikyu
|-damage|p1a: Mimikyu|0 fnt
|faint|p1a: Mimikyu
|
|upkeep
|
|t:|1664735332
|switch|p1a: Noivern|Noivern, F|100/100
|turn|13
|
|t:|1664735336
|switch|p2a: Cobalion|Cobalion|90/100
|-damage|p2a: Cobalion|87/100|[from] Stealth Rock
|move|p1a: Noivern|U-turn|p2a: Cobalion
|-resisted|p2a: Cobalion
|-damage|p2a: Cobalion|85/100
|
|t:|1664735338
|switch|p1a: Slowbro|Slowbro-Galar, F|100/100|[from]move: U-turn
|
|upkeep
|turn|14
|
|t:|1664735341
|move|p2a: Cobalion|Swords Dance|p2a: Cobalion
|-boost|p2a: Cobalion|atk|2
|move|p1a: Slowbro|Fire Blast|p2a: Cobalion
|-supereffective|p2a: Cobalion
|-damage|p2a: Cobalion|0 fnt
|faint|p2a: Cobalion
|
|upkeep
|c|☆KM|a
|
|t:|1664735345
|switch|p2a: Zygarde|Zygarde-10%|88/100
|-damage|p2a: Zygarde|82/100|[from] Stealth Rock
|-ability|p2a: Zygarde|Aura Break
|turn|15
|c|☆Lily|gone
|
|t:|1664735347
|move|p2a: Zygarde|Thousand Arrows|p1a: Slowbro
|-supereffective|p1a: Slowbro
|-damage|p1a: Slowbro|0 fnt
|faint|p1a: Slowbro
|
|upkeep
|
|t:|1664735349
|switch|p1a: Noivern|Noivern, F|100/100
|turn|16
|c|+Luthier|bye 
|c|+Luthier|bye 
|c|☆KM|miss
|
|t:|1664735352
|move|p1a: Noivern|Draco Meteor|p2a: Zygarde
|-supereffective|p2a: Zygarde
|-damage|p2a: Zygarde|0 fnt
|-unboost|p1a: Noivern|spa|2
|faint|p2a: Zygarde
|
|upkeep
|c|☆KM|tf..
|
|t:|1664735355
|switch|p2a: Zarude|Zarude|100/100
|-damage|p2a: Zarude|88/100|[from] Stealth Rock
|turn|17
|
|t:|1664735357
|move|p1a: Noivern|U-turn|p2a: Zarude
|-supereffective|p2a: Zarude
|-damage|p2a: Zarude|51/100
|
|t:|1664735359
|switch|p1a: Rhyperior|Rhyperior, F|22/100 brn|[from]move: U-turn
|move|p2a: Zarude|Darkest Lariat|p1a: Rhyperior
|-damage|p1a: Rhyperior|0 fnt
|faint|p1a: Rhyperior
|
|upkeep
|
|t:|1664735360
|switch|p1a: Noivern|Noivern, F|100/100
|turn|18
|
|t:|1664735362
|move|p1a: Noivern|U-turn|p2a: Zarude
|-supereffective|p2a: Zarude
|-damage|p2a: Zarude|7/100
|
|t:|1664735363
|switch|p1a: Cobalion|Cobalion|49/100|[from]move: U-turn
|move|p2a: Zarude|Darkest Lariat|p1a: Cobalion
|-resisted|p1a: Cobalion
|-damage|p1a: Cobalion|20/100
|-ability|p1a: Cobalion|Justified|boost
|-boost|p1a: Cobalion|atk|1
|
|upkeep
|turn|19
|
|t:|1664735365
|move|p1a: Cobalion|Stealth Rock||[still]
|-fail|p1a: Cobalion
|move|p2a: Zarude|Darkest Lariat|p1a: Cobalion
|-resisted|p1a: Cobalion
|-damage|p1a: Cobalion|0 fnt
|faint|p1a: Cobalion
|
|upkeep
|
|t:|1664735366
|switch|p1a: Noivern|Noivern, F|100/100
|turn|20
|c|☆KM|gg.
|-message|KM forfeited.
|
|win|Lily
