|inactive|Battle timer is ON: inactive players will automatically lose when time's up.
|t:|1658849139
|gametype|singles
|player|p1|Highways|marlon|
|player|p2|Adaam|#uutrio2ladder|
|teamsize|p1|6
|teamsize|p2|6
|gen|8
|tier|[Gen 8] UU
|rule|Sleep Clause Mod: Limit one foe put to sleep
|rule|Species Clause: Limit one of each Pokémon
|rule|OHKO Clause: OHKO moves are banned
|rule|Evasion Moves Clause: Evasion moves are banned
|rule|Endless Battle Clause: Forcing endless battles is banned
|rule|HP Percentage Mod: HP is shown in percentages
|rule|Dynamax Clause: You cannot dynamax
|clearpoke
|poke|p1|Slowking, M|
|poke|p1|Skarmory, F|
|poke|p1|Dhelmise|
|poke|p1|Keldeo-Resolute|
|poke|p1|Nihilego|
|poke|p1|Diggersby, F|
|poke|p2|Salamence, M|
|poke|p2|Magneton|
|poke|p2|Diggersby, F|
|poke|p2|Zarude-Dada|
|poke|p2|Slowking, F|
|poke|p2|Cobalion|
|teampreview
|c|☆Adaam|hf
|c|☆Highways|hf
|inactive|Highways has 270 seconds left.
|inactive|Adaam has 270 seconds left.
|inactive|Adaam has 240 seconds left.
|
|t:|1658849220
|start
|switch|p1a: Nihilego|Nihilego|100/100
|switch|p2a: Slowking|Slowking, F|100/100
|turn|1
|inactive|Highways has 270 seconds left.
|
|t:|1658849261
|move|p1a: Nihilego|Stealth Rock|p2a: Slowking
|-sidestart|p2: Adaam|move: Stealth Rock
|move|p2a: Slowking|Scald|p1a: Nihilego
|-supereffective|p1a: Nihilego
|-damage|p1a: Nihilego|60/100
|
|-heal|p1a: Nihilego|66/100|[from] item: Black Sludge
|upkeep
|turn|2
|
|t:|1658849270
|move|p1a: Nihilego|Grass Knot|p2a: Slowking
|-supereffective|p2a: Slowking
|-damage|p2a: Slowking|59/100
|move|p2a: Slowking|Teleport|p2a: Slowking
|
|t:|1658849275
|switch|p2a: Cobalion|Cobalion|100/100|[from]move: Teleport
|-damage|p2a: Cobalion|97/100|[from] Stealth Rock
|
|-heal|p1a: Nihilego|72/100|[from] item: Black Sludge
|upkeep
|turn|3
|
|t:|1658849281
|switch|p1a: Keldeo|Keldeo-Resolute|100/100
|move|p2a: Cobalion|Stealth Rock|p1a: Keldeo
|-sidestart|p1: Highways|move: Stealth Rock
|
|upkeep
|turn|4
|
|t:|1658849287
|switch|p2a: Slowking|Slowking, F|93/100
|-damage|p2a: Slowking|80/100|[from] Stealth Rock
|move|p1a: Keldeo|Scald|p2a: Slowking
|-resisted|p2a: Slowking
|-damage|p2a: Slowking|57/100
|
|upkeep
|turn|5
|inactive|Adaam has 270 seconds left.
|
|t:|1658849320
|switch|p1a: Dhelmise|Dhelmise|100/100
|move|p2a: Slowking|Thunder Wave|p1a: Dhelmise|[miss]
|-miss|p2a: Slowking|p1a: Dhelmise
|
|upkeep
|turn|6
|
|t:|1658849326
|switch|p2a: Cobalion|Cobalion|97/100
|-damage|p2a: Cobalion|94/100|[from] Stealth Rock
|move|p1a: Dhelmise|Rapid Spin|p2a: Cobalion
|-resisted|p2a: Cobalion
|-damage|p2a: Cobalion|88/100
|-boost|p1a: Dhelmise|spe|1
|-damage|p1a: Dhelmise|84/100|[from] item: Rocky Helmet|[of] p2a: Cobalion
|-sideend|p1: Highways|Stealth Rock|[from] move: Rapid Spin|[of] p1a: Dhelmise
|
|upkeep
|turn|7
|
|t:|1658849328
|switch|p1a: Keldeo|Keldeo-Resolute|100/100
|move|p2a: Cobalion|Stealth Rock|p1a: Keldeo
|-sidestart|p1: Highways|move: Stealth Rock
|
|upkeep
|turn|8
|
|t:|1658849338
|switch|p2a: Slowking|Slowking, F|91/100
|-damage|p2a: Slowking|78/100|[from] Stealth Rock
|move|p1a: Keldeo|Scald|p2a: Slowking
|-resisted|p2a: Slowking
|-damage|p2a: Slowking|55/100
|-status|p2a: Slowking|brn
|
|-damage|p2a: Slowking|48/100 brn|[from] brn
|upkeep
|turn|9
|
|t:|1658849344
|switch|p1a: Dhelmise|Dhelmise|84/100
|move|p2a: Slowking|Teleport|p2a: Slowking
|
|t:|1658849357
|switch|p2a: Zarude|Zarude-Dada|100/100|[from]move: Teleport
|
|upkeep
|turn|10
|
|t:|1658849360
|switch|p1a: Keldeo|Keldeo-Resolute|100/100
|-damage|p1a: Keldeo|94/100|[from] Stealth Rock
|move|p2a: Zarude|Darkest Lariat|p1a: Keldeo
|-resisted|p1a: Keldeo
|-damage|p1a: Keldeo|70/100
|-ability|p1a: Keldeo|Justified|boost
|-boost|p1a: Keldeo|atk|1
|
|upkeep
|turn|11
|
|t:|1658849370
|switch|p2a: Slowking|Slowking, F|82/100 brn
|-damage|p2a: Slowking|69/100 brn|[from] Stealth Rock
|move|p1a: Keldeo|Secret Sword|p2a: Slowking
|-resisted|p2a: Slowking
|-damage|p2a: Slowking|42/100 brn
|
|-damage|p2a: Slowking|36/100 brn|[from] brn
|upkeep
|turn|12
|
|t:|1658849386
|switch|p1a: Dhelmise|Dhelmise|84/100
|move|p2a: Slowking|Slack Off|p2a: Slowking
|-heal|p2a: Slowking|86/100 brn
|
|-damage|p2a: Slowking|79/100 brn|[from] brn
|upkeep
|turn|13
|
|t:|1658849407
|switch|p1a: Keldeo|Keldeo-Resolute|70/100
|-damage|p1a: Keldeo|64/100|[from] Stealth Rock
|switch|p2a: Cobalion|Cobalion|88/100
|-damage|p2a: Cobalion|85/100|[from] Stealth Rock
|
|upkeep
|turn|14
|
|t:|1658849411
|switch|p2a: Slowking|Slowking, F|100/100 brn
|-damage|p2a: Slowking|88/100 brn|[from] Stealth Rock
|move|p1a: Keldeo|Secret Sword|p2a: Slowking
|-resisted|p2a: Slowking
|-damage|p2a: Slowking|64/100 brn
|
|-damage|p2a: Slowking|58/100 brn|[from] brn
|upkeep
|turn|15
|
|t:|1658849422
|switch|p1a: Diggersby|Diggersby, F|100/100
|-damage|p1a: Diggersby|94/100|[from] Stealth Rock
|move|p2a: Slowking|Teleport|p2a: Slowking
|inactive|Adaam has 270 seconds left.
|
|t:|1658849464
|switch|p2a: Diggersby|Diggersby, F|100/100|[from]move: Teleport
|-damage|p2a: Diggersby|94/100|[from] Stealth Rock
|
|upkeep
|turn|16
|
|t:|1658849478
|move|p1a: Diggersby|U-turn|p2a: Diggersby
|-damage|p2a: Diggersby|54/100
|
|t:|1658849482
|switch|p1a: Dhelmise|Dhelmise|84/100|[from]move: U-turn
|move|p2a: Diggersby|Knock Off|p1a: Dhelmise
|-supereffective|p1a: Dhelmise
|-damage|p1a: Dhelmise|0 fnt
|-enditem|p1a: Dhelmise|Heavy-Duty Boots|[from] move: Knock Off|[of] p2a: Diggersby
|faint|p1a: Dhelmise
|
|upkeep
|
|t:|1658849496
|switch|p1a: Skarmory|Skarmory, F|100/100
|-damage|p1a: Skarmory|88/100|[from] Stealth Rock
|turn|17
|inactive|Adaam has 270 seconds left.
|
|t:|1658849507
|move|p2a: Diggersby|Knock Off|p1a: Skarmory
|-damage|p1a: Skarmory|63/100
|-damage|p2a: Diggersby|38/100|[from] item: Rocky Helmet|[of] p1a: Skarmory
|-enditem|p1a: Skarmory|Rocky Helmet|[from] move: Knock Off|[of] p2a: Diggersby
|move|p1a: Skarmory|Spikes|p2a: Diggersby
|-sidestart|p2: Adaam|Spikes
|
|upkeep
|turn|18
|inactive|Adaam has 270 seconds left.
|
|t:|1658849530
|move|p2a: Diggersby|Knock Off|p1a: Skarmory
|-damage|p1a: Skarmory|44/100
|move|p1a: Skarmory|Roost|p1a: Skarmory
|-heal|p1a: Skarmory|94/100
|-singleturn|p1a: Skarmory|move: Roost
|
|upkeep
|turn|19
|
|t:|1658849537
|switch|p1a: Slowking|Slowking, M|100/100
|-damage|p1a: Slowking|88/100|[from] Stealth Rock
|move|p2a: Diggersby|Knock Off|p1a: Slowking
|-supereffective|p1a: Slowking
|-enditem|p1a: Slowking|Colbur Berry|[eat]
|-enditem|p1a: Slowking|Colbur Berry|[weaken]
|-damage|p1a: Slowking|59/100
|
|upkeep
|turn|20
|inactive|Adaam has 270 seconds left.
|inactive|Adaam has 240 seconds left.
|
|t:|1658849611
|switch|p2a: Zarude|Zarude-Dada|100/100
|move|p1a: Slowking|Teleport|p1a: Slowking
|
|t:|1658849614
|switch|p1a: Diggersby|Diggersby, F|94/100|[from]move: Teleport
|-damage|p1a: Diggersby|88/100|[from] Stealth Rock
|
|upkeep
|turn|21
|inactive|Adaam has 210 seconds left.
|inactive|Adaam has 180 seconds left.
|
|t:|1658849685
|switch|p2a: Cobalion|Cobalion|85/100
|-damage|p2a: Cobalion|82/100|[from] Stealth Rock
|-damage|p2a: Cobalion|70/100|[from] Spikes
|move|p1a: Diggersby|Earthquake|p2a: Cobalion
|-supereffective|p2a: Cobalion
|-damage|p2a: Cobalion|0 fnt
|faint|p2a: Cobalion
|
|upkeep
|
|t:|1658849689
|switch|p2a: Zarude|Zarude-Dada|100/100
|turn|22
|
|t:|1658849696
|switch|p1a: Slowking|Slowking, M|92/100
|-damage|p1a: Slowking|79/100|[from] Stealth Rock
|move|p2a: Zarude|Power Whip|p1a: Slowking|[miss]
|-miss|p2a: Zarude|p1a: Slowking
|
|upkeep
|turn|23
|
|t:|1658849701
|move|p2a: Zarude|Power Whip|p1a: Slowking|[miss]
|-miss|p2a: Zarude|p1a: Slowking
|move|p1a: Slowking|Teleport|p1a: Slowking
|c|☆Highways|mb
|
|t:|1658849709
|switch|p1a: Diggersby|Diggersby, F|88/100|[from]move: Teleport
|-damage|p1a: Diggersby|82/100|[from] Stealth Rock
|
|upkeep
|turn|24
|inactive|Adaam has 180 seconds left.
|
|t:|1658849722
|switch|p2a: joey salami|Salamence, M|100/100
|move|p1a: Diggersby|U-turn|p2a: joey salami
|-resisted|p2a: joey salami
|-crit|p2a: joey salami
|-damage|p2a: joey salami|74/100
|
|t:|1658849730
|switch|p1a: Nihilego|Nihilego|72/100|[from]move: U-turn
|-damage|p1a: Nihilego|60/100|[from] Stealth Rock
|
|-heal|p1a: Nihilego|66/100|[from] item: Black Sludge
|upkeep
|turn|25
|
|t:|1658849743
|switch|p2a: Zarude|Zarude-Dada|100/100
|move|p1a: Nihilego|Power Gem|p2a: Zarude
|-crit|p2a: Zarude
|-damage|p2a: Zarude|34/100
|
|-heal|p1a: Nihilego|72/100|[from] item: Black Sludge
|upkeep
|turn|26
|c|+Luthier|ofc
|inactive|Highways has 270 seconds left.
|
|t:|1658849782
|switch|p1a: Slowking|Slowking, M|100/100
|-damage|p1a: Slowking|88/100|[from] Stealth Rock
|move|p2a: Zarude|Power Whip|p1a: Slowking
|-supereffective|p1a: Slowking
|-damage|p1a: Slowking|7/100
|
|upkeep
|turn|27
|inactive|Highways has 270 seconds left.
|
|t:|1658849793
|move|p2a: Zarude|U-turn|p1a: Slowking
|-supereffective|p1a: Slowking
|-damage|p1a: Slowking|0 fnt
|faint|p1a: Slowking
|
|t:|1658849801
|switch|p2a: Slowking|Slowking, F|91/100 brn|[from]move: U-turn
|-damage|p2a: Slowking|79/100 brn|[from] Stealth Rock
|-damage|p2a: Slowking|66/100 brn|[from] Spikes
|
|-damage|p2a: Slowking|60/100 brn|[from] brn
|upkeep
|c|+pokemonisfun|adaam adaam is my dadaam, adaam adaam, losing? we cannot fathom
|inactive|Highways has 270 seconds left.
|
|t:|1658849824
|switch|p1a: Nihilego|Nihilego|72/100
|-damage|p1a: Nihilego|59/100|[from] Stealth Rock
|turn|28
|inactive|Adaam has 180 seconds left.
|
|t:|1658849874
|move|p1a: Nihilego|Grass Knot|p2a: Slowking
|-supereffective|p2a: Slowking
|-damage|p2a: Slowking|16/100 brn
|move|p2a: Slowking|Slack Off|p2a: Slowking
|-heal|p2a: Slowking|66/100 brn
|
|-heal|p1a: Nihilego|65/100|[from] item: Black Sludge
|-damage|p2a: Slowking|60/100 brn|[from] brn
|upkeep
|turn|29
|inactive|Highways has 270 seconds left.
|
|t:|1658849881
|switch|p2a: magnemite triple|Magneton|100/100
|-damage|p2a: magnemite triple|94/100|[from] Stealth Rock
|-damage|p2a: magnemite triple|82/100|[from] Spikes
|move|p1a: Nihilego|Grass Knot|p2a: magnemite triple
|-resisted|p2a: magnemite triple
|-damage|p2a: magnemite triple|55/100
|
|-heal|p1a: Nihilego|72/100|[from] item: Black Sludge
|upkeep
|turn|30
|inactive|Highways has 270 seconds left.
|
|t:|1658849893
|move|p1a: Nihilego|Power Gem|p2a: magnemite triple
|-resisted|p2a: magnemite triple
|-damage|p2a: magnemite triple|17/100
|move|p2a: magnemite triple|Flash Cannon|p1a: Nihilego
|-supereffective|p1a: Nihilego
|-damage|p1a: Nihilego|0 fnt
|faint|p1a: Nihilego
|
|upkeep
|inactive|Highways has 270 seconds left.
|
|t:|1658849904
|switch|p1a: Diggersby|Diggersby, F|82/100
|-damage|p1a: Diggersby|76/100|[from] Stealth Rock
|turn|31
|
|t:|1658849907
|move|p1a: Diggersby|Body Slam|p2a: magnemite triple
|-resisted|p2a: magnemite triple
|-damage|p2a: magnemite triple|0 fnt
|faint|p2a: magnemite triple
|
|upkeep
|inactive|Adaam has 180 seconds left.
|
|t:|1658849916
|switch|p2a: Slowking|Slowking, F|93/100 brn
|-damage|p2a: Slowking|81/100 brn|[from] Stealth Rock
|-damage|p2a: Slowking|68/100 brn|[from] Spikes
|turn|32
|inactive|Highways has 270 seconds left.
|
|t:|1658849939
|move|p1a: Diggersby|Body Slam|p2a: Slowking
|-damage|p2a: Slowking|30/100 brn
|move|p2a: Slowking|Scald|p1a: Diggersby
|-supereffective|p1a: Diggersby
|-damage|p1a: Diggersby|0 fnt
|faint|p1a: Diggersby
|
|-damage|p2a: Slowking|24/100 brn|[from] brn
|upkeep
|
|t:|1658849943
|switch|p1a: Keldeo|Keldeo-Resolute|64/100
|-damage|p1a: Keldeo|58/100|[from] Stealth Rock
|turn|33
|
|t:|1658849960
|switch|p2a: Diggersby|Diggersby, F|38/100
|-damage|p2a: Diggersby|32/100|[from] Stealth Rock
|-damage|p2a: Diggersby|19/100|[from] Spikes
|move|p1a: Keldeo|Secret Sword|p2a: Diggersby
|-supereffective|p2a: Diggersby
|-damage|p2a: Diggersby|0 fnt
|faint|p2a: Diggersby
|
|upkeep
|
|t:|1658849964
|switch|p2a: Slowking|Slowking, F|57/100 brn
|-damage|p2a: Slowking|45/100 brn|[from] Stealth Rock
|-damage|p2a: Slowking|32/100 brn|[from] Spikes
|turn|34
|
|t:|1658849975
|move|p1a: Keldeo|Secret Sword|p2a: Slowking
|-resisted|p2a: Slowking
|-damage|p2a: Slowking|9/100 brn
|move|p2a: Slowking|Slack Off|p2a: Slowking
|-heal|p2a: Slowking|59/100 brn
|
|-damage|p2a: Slowking|53/100 brn|[from] brn
|upkeep
|turn|35
|
|t:|1658849977
|move|p1a: Keldeo|Secret Sword|p2a: Slowking
|-resisted|p2a: Slowking
|-damage|p2a: Slowking|27/100 brn
|move|p2a: Slowking|Slack Off|p2a: Slowking
|-heal|p2a: Slowking|77/100 brn
|
|-damage|p2a: Slowking|71/100 brn|[from] brn
|upkeep
|turn|36
|
|t:|1658849979
|switch|p1a: Skarmory|Skarmory, F|94/100
|-damage|p1a: Skarmory|82/100|[from] Stealth Rock
|move|p2a: Slowking|Slack Off|p2a: Slowking
|-heal|p2a: Slowking|100/100 brn
|
|-damage|p2a: Slowking|94/100 brn|[from] brn
|upkeep
|turn|37
|
|t:|1658849983
|move|p1a: Skarmory|Iron Defense|p1a: Skarmory
|-boost|p1a: Skarmory|def|2
|move|p2a: Slowking|Scald|p1a: Skarmory
|-damage|p1a: Skarmory|45/100
|
|-damage|p2a: Slowking|88/100 brn|[from] brn
|upkeep
|turn|38
|
|t:|1658849988
|move|p1a: Skarmory|Roost|p1a: Skarmory
|-heal|p1a: Skarmory|95/100
|-singleturn|p1a: Skarmory|move: Roost
|move|p2a: Slowking|Scald|p1a: Skarmory
|-damage|p1a: Skarmory|57/100
|-status|p1a: Skarmory|brn
|
|-damage|p1a: Skarmory|51/100 brn|[from] brn
|-damage|p2a: Slowking|82/100 brn|[from] brn
|upkeep
|turn|39
|
|t:|1658849995
|move|p1a: Skarmory|Iron Defense|p1a: Skarmory
|-boost|p1a: Skarmory|def|2
|move|p2a: Slowking|Scald|p1a: Skarmory
|-damage|p1a: Skarmory|13/100 brn
|
|-damage|p1a: Skarmory|7/100 brn|[from] brn
|-damage|p2a: Slowking|76/100 brn|[from] brn
|upkeep
|turn|40
|
|t:|1658849997
|move|p1a: Skarmory|Roost|p1a: Skarmory
|-heal|p1a: Skarmory|57/100 brn
|-singleturn|p1a: Skarmory|move: Roost
|move|p2a: Slowking|Scald|p1a: Skarmory
|-damage|p1a: Skarmory|16/100 brn
|
|-damage|p1a: Skarmory|10/100 brn|[from] brn
|-damage|p2a: Slowking|70/100 brn|[from] brn
|upkeep
|turn|41
|
|t:|1658849999
|move|p1a: Skarmory|Roost|p1a: Skarmory
|-heal|p1a: Skarmory|60/100 brn
|-singleturn|p1a: Skarmory|move: Roost
|move|p2a: Slowking|Scald|p1a: Skarmory
|-damage|p1a: Skarmory|25/100 brn
|
|-damage|p1a: Skarmory|19/100 brn|[from] brn
|-damage|p2a: Slowking|64/100 brn|[from] brn
|upkeep
|turn|42
|
|t:|1658850001
|move|p1a: Skarmory|Roost|p1a: Skarmory
|-heal|p1a: Skarmory|69/100 brn
|-singleturn|p1a: Skarmory|move: Roost
|move|p2a: Slowking|Scald|p1a: Skarmory
|-damage|p1a: Skarmory|33/100 brn
|
|-damage|p1a: Skarmory|27/100 brn|[from] brn
|-damage|p2a: Slowking|58/100 brn|[from] brn
|upkeep
|turn|43
|inactive|Adaam has 270 seconds left.
|
|t:|1658850007
|move|p1a: Skarmory|Roost|p1a: Skarmory
|-heal|p1a: Skarmory|77/100 brn
|-singleturn|p1a: Skarmory|move: Roost
|move|p2a: Slowking|Scald|p1a: Skarmory
|-damage|p1a: Skarmory|39/100 brn
|
|-damage|p1a: Skarmory|33/100 brn|[from] brn
|-damage|p2a: Slowking|52/100 brn|[from] brn
|upkeep
|turn|44
|
|t:|1658850010
|move|p1a: Skarmory|Roost|p1a: Skarmory
|-heal|p1a: Skarmory|83/100 brn
|-singleturn|p1a: Skarmory|move: Roost
|move|p2a: Slowking|Slack Off|p2a: Slowking
|-heal|p2a: Slowking|100/100 brn
|
|-damage|p1a: Skarmory|77/100 brn|[from] brn
|-damage|p2a: Slowking|94/100 brn|[from] brn
|upkeep
|turn|45
|
|t:|1658850013
|move|p1a: Skarmory|Iron Defense|p1a: Skarmory
|-boost|p1a: Skarmory|def|2
|move|p2a: Slowking|Scald|p1a: Skarmory
|-damage|p1a: Skarmory|42/100 brn
|
|-damage|p1a: Skarmory|36/100 brn|[from] brn
|-damage|p2a: Slowking|88/100 brn|[from] brn
|upkeep
|turn|46
|
|t:|1658850035
|move|p1a: Skarmory|Roost|p1a: Skarmory
|-heal|p1a: Skarmory|86/100 brn
|-singleturn|p1a: Skarmory|move: Roost
|move|p2a: Slowking|Scald|p1a: Skarmory
|-damage|p1a: Skarmory|49/100 brn
|
|-damage|p1a: Skarmory|43/100 brn|[from] brn
|-damage|p2a: Slowking|82/100 brn|[from] brn
|upkeep
|turn|47
|
|t:|1658850042
|move|p1a: Skarmory|Roost|p1a: Skarmory
|-heal|p1a: Skarmory|93/100 brn
|-singleturn|p1a: Skarmory|move: Roost
|move|p2a: Slowking|Scald|p1a: Skarmory
|-damage|p1a: Skarmory|52/100 brn
|
|-damage|p1a: Skarmory|46/100 brn|[from] brn
|-damage|p2a: Slowking|76/100 brn|[from] brn
|upkeep
|turn|48
|
|t:|1658850046
|move|p1a: Skarmory|Body Press|p2a: Slowking
|-resisted|p2a: Slowking
|-damage|p2a: Slowking|55/100 brn
|move|p2a: Slowking|Scald|p1a: Skarmory
|-damage|p1a: Skarmory|7/100 brn
|
|-damage|p1a: Skarmory|1/100 brn|[from] brn
|-damage|p2a: Slowking|48/100 brn|[from] brn
|upkeep
|turn|49
|
|t:|1658850050
|move|p1a: Skarmory|Roost|p1a: Skarmory
|-heal|p1a: Skarmory|51/100 brn
|-singleturn|p1a: Skarmory|move: Roost
|move|p2a: Slowking|Slack Off|p2a: Slowking
|-heal|p2a: Slowking|98/100 brn
|
|-damage|p1a: Skarmory|45/100 brn|[from] brn
|-damage|p2a: Slowking|92/100 brn|[from] brn
|upkeep
|turn|50
|
|t:|1658850056
|move|p1a: Skarmory|Roost|p1a: Skarmory
|-heal|p1a: Skarmory|95/100 brn
|-singleturn|p1a: Skarmory|move: Roost
|move|p2a: Slowking|Scald|p1a: Skarmory
|-damage|p1a: Skarmory|56/100 brn
|
|-damage|p1a: Skarmory|50/100 brn|[from] brn
|-damage|p2a: Slowking|86/100 brn|[from] brn
|upkeep
|turn|51
|
|t:|1658850060
|move|p1a: Skarmory|Body Press|p2a: Slowking
|-resisted|p2a: Slowking
|-damage|p2a: Slowking|61/100 brn
|move|p2a: Slowking|Scald|p1a: Skarmory
|-crit|p1a: Skarmory
|-damage|p1a: Skarmory|0 fnt
|faint|p1a: Skarmory
|
|-damage|p2a: Slowking|55/100 brn|[from] brn
|upkeep
|
|t:|1658850064
|switch|p1a: Keldeo|Keldeo-Resolute|58/100
|-damage|p1a: Keldeo|52/100|[from] Stealth Rock
|turn|52
|inactive|Adaam has 270 seconds left.
|
|t:|1658850119
|move|p1a: Keldeo|Air Slash|p2a: Slowking
|-damage|p2a: Slowking|24/100 brn
|move|p2a: Slowking|Slack Off|p2a: Slowking
|-heal|p2a: Slowking|74/100 brn
|
|-damage|p2a: Slowking|68/100 brn|[from] brn
|upkeep
|turn|53
|inactive|Adaam has 240 seconds left.
|
|t:|1658850144
|move|p1a: Keldeo|Air Slash|p2a: Slowking
|-damage|p2a: Slowking|40/100 brn
|move|p2a: Slowking|Slack Off|p2a: Slowking
|-heal|p2a: Slowking|90/100 brn
|
|-damage|p2a: Slowking|84/100 brn|[from] brn
|upkeep
|turn|54
|
|t:|1658850147
|move|p1a: Keldeo|Air Slash|p2a: Slowking
|-damage|p2a: Slowking|54/100 brn
|cant|p2a: Slowking|flinch
|
|-damage|p2a: Slowking|47/100 brn|[from] brn
|upkeep
|turn|55
|
|t:|1658850154
|move|p1a: Keldeo|Air Slash|p2a: Slowking
|-damage|p2a: Slowking|19/100 brn
|move|p2a: Slowking|Thunder Wave|p1a: Keldeo
|-status|p1a: Keldeo|par
|
|-damage|p2a: Slowking|12/100 brn|[from] brn
|upkeep
|turn|56
|
|t:|1658850160
|move|p1a: Keldeo|Air Slash|p2a: Slowking|[miss]
|-miss|p1a: Keldeo|p2a: Slowking
|move|p2a: Slowking|Scald|p1a: Keldeo
|-resisted|p1a: Keldeo
|-damage|p1a: Keldeo|35/100 par
|
|-damage|p2a: Slowking|6/100 brn|[from] brn
|upkeep
|turn|57
|
|t:|1658850163
|move|p1a: Keldeo|Air Slash|p2a: Slowking
|-damage|p2a: Slowking|0 fnt
|faint|p2a: Slowking
|
|upkeep
|
|t:|1658850164
|switch|p2a: joey salami|Salamence, M|74/100
|turn|58
|c|☆Highways|gg
|
|t:|1658850166
|move|p2a: joey salami|Outrage|p1a: Keldeo
|-damage|p1a: Keldeo|0 fnt
|faint|p1a: Keldeo
|
|win|Adaam
