|inactive|Battle timer is ON: inactive players will automatically lose when time's up.
|t:|1646169128
|gametype|singles
|player|p1|estarossa|#estarossa|
|player|p2|KSt3ve|2|
|teamsize|p1|6
|teamsize|p2|6
|gen|8
|tier|[Gen 8] UU
|rule|Sleep Clause Mod: Limit one foe put to sleep
|rule|Species Clause: Limit one of each Pokémon
|rule|OHKO Clause: OHKO moves are banned
|rule|Evasion Moves Clause: Evasion moves are banned
|rule|Endless Battle Clause: Forcing endless battles is banned
|rule|HP Percentage Mod: HP is shown in percentages
|rule|Dynamax Clause: You cannot dynamax
|clearpoke
|poke|p1|Aegislash, F|
|poke|p1|Umbreon, M|
|poke|p1|Slowking, M|
|poke|p1|Chansey, F|
|poke|p1|Skarmory, F|
|poke|p1|Flygon, F|
|poke|p2|Aegislash, M|
|poke|p2|Tapu Bulu|
|poke|p2|Conkeldurr, F|
|poke|p2|Moltres-Galar|
|poke|p2|Jirachi|
|poke|p2|Swampert, M|
|teampreview
|inactive|KSt3ve has 270 seconds left.
|inactive|KSt3ve has 240 seconds left.
|
|t:|1646169208
|start
|switch|p1a: Umbreon|Umbreon, M|100/100
|switch|p2a: Conkeldurr|Conkeldurr, F|100/100
|turn|1
|
|t:|1646169220
|move|p1a: Umbreon|Toxic|p2a: Conkeldurr
|-status|p2a: Conkeldurr|tox
|move|p2a: Conkeldurr|Knock Off|p1a: Umbreon
|-resisted|p1a: Umbreon
|-damage|p1a: Umbreon|86/100
|-enditem|p1a: Umbreon|Leftovers|[from] move: Knock Off|[of] p2a: Conkeldurr
|
|-damage|p2a: Conkeldurr|94/100 tox|[from] psn
|upkeep
|turn|2
|
|t:|1646169226
|move|p1a: Umbreon|Protect|p1a: Umbreon
|-singleturn|p1a: Umbreon|Protect
|move|p2a: Conkeldurr|Bulk Up|p2a: Conkeldurr
|-boost|p2a: Conkeldurr|atk|1
|-boost|p2a: Conkeldurr|def|1
|
|-heal|p2a: Conkeldurr|100/100 tox|[from] item: Leftovers
|-damage|p2a: Conkeldurr|88/100 tox|[from] psn
|upkeep
|turn|3
|
|t:|1646169248
|switch|p1a: Slowking|Slowking, M|100/100
|move|p2a: Conkeldurr|Knock Off|p1a: Slowking
|-supereffective|p1a: Slowking
|-enditem|p1a: Slowking|Colbur Berry|[eat]
|-enditem|p1a: Slowking|Colbur Berry|[weaken]
|-damage|p1a: Slowking|47/100
|
|-heal|p2a: Conkeldurr|94/100 tox|[from] item: Leftovers
|-damage|p2a: Conkeldurr|76/100 tox|[from] psn
|upkeep
|turn|4
|inactive|estarossa has 270 seconds left.
|
|t:|1646169280
|switch|p1a: Skarmory|Skarmory, F|100/100
|move|p2a: Conkeldurr|Knock Off|p1a: Skarmory
|-damage|p1a: Skarmory|56/100
|-damage|p2a: Conkeldurr|60/100 tox|[from] item: Rocky Helmet|[of] p1a: Skarmory
|-enditem|p1a: Skarmory|Rocky Helmet|[from] move: Knock Off|[of] p2a: Conkeldurr
|
|-heal|p2a: Conkeldurr|66/100 tox|[from] item: Leftovers
|-damage|p2a: Conkeldurr|42/100 tox|[from] psn
|upkeep
|turn|5
|
|t:|1646169291
|switch|p1a: Aegislash|Aegislash, F|100/100
|move|p2a: Conkeldurr|Drain Punch|p1a: Aegislash
|-immune|p1a: Aegislash
|
|-heal|p2a: Conkeldurr|48/100 tox|[from] item: Leftovers
|-damage|p2a: Conkeldurr|17/100 tox|[from] psn
|upkeep
|turn|6
|
|t:|1646169301
|switch|p2a: Moltres|Moltres-Galar|100/100
|-formechange|p1a: Aegislash|Aegislash-Blade||[from] ability: Stance Change
|move|p1a: Aegislash|Shadow Ball|p2a: Moltres
|-resisted|p2a: Moltres
|-damage|p2a: Moltres|86/100
|
|upkeep
|turn|7
|
|t:|1646169305
|switch|p2a: Swampert|Swampert, M|100/100
|switch|p1a: Chansey|Chansey, F|100/100
|
|upkeep
|turn|8
|
|t:|1646169314
|move|p2a: Swampert|Stealth Rock|p1a: Chansey
|-sidestart|p1: estarossa|move: Stealth Rock
|move|p1a: Chansey|Toxic|p2a: Swampert
|-status|p2a: Swampert|tox
|
|-damage|p2a: Swampert|94/100 tox|[from] psn
|upkeep
|turn|9
|inactive|estarossa has 270 seconds left.
|
|t:|1646169329
|switch|p1a: Umbreon|Umbreon, M|86/100
|-damage|p1a: Umbreon|74/100|[from] Stealth Rock
|move|p2a: Swampert|Flip Turn|p1a: Umbreon
|-damage|p1a: Umbreon|60/100
|
|t:|1646169334
|switch|p2a: Jirachi|Jirachi|100/100|[from]move: Flip Turn
|
|upkeep
|turn|10
|
|t:|1646169338
|move|p1a: Umbreon|Protect|p1a: Umbreon
|-singleturn|p1a: Umbreon|Protect
|move|p2a: Jirachi|Trick|p1a: Umbreon
|-activate|p1a: Umbreon|move: Protect
|
|upkeep
|turn|11
|
|t:|1646169358
|switch|p1a: Flygon|Flygon, F|100/100
|-damage|p1a: Flygon|95/100|[from] Stealth Rock
|move|p2a: Jirachi|Trick|p1a: Flygon
|-activate|p2a: Jirachi|move: Trick|[of] p1a: Flygon
|-item|p1a: Flygon|Choice Scarf|[from] move: Trick
|-item|p2a: Jirachi|Leftovers|[from] move: Trick
|
|upkeep
|turn|12
|
|t:|1646169365
|move|p1a: Flygon|Defog|p2a: Jirachi
|-unboost|p2a: Jirachi|evasion|1
|-sideend|p1: estarossa|Stealth Rock|[from] move: Defog|[of] p1a: Flygon
|move|p2a: Jirachi|U-turn|p1a: Flygon
|-crit|p1a: Flygon
|-damage|p1a: Flygon|55/100
|
|t:|1646169370
|switch|p2a: Swampert|Swampert, M|94/100 tox|[from]move: U-turn
|
|-heal|p2a: Swampert|100/100 tox|[from] item: Leftovers
|-damage|p2a: Swampert|94/100 tox|[from] psn
|upkeep
|turn|13
|
|t:|1646169372
|switch|p1a: Skarmory|Skarmory, F|56/100
|move|p2a: Swampert|Stealth Rock|p1a: Skarmory
|-sidestart|p1: estarossa|move: Stealth Rock
|
|-heal|p2a: Swampert|100/100 tox|[from] item: Leftovers
|-damage|p2a: Swampert|88/100 tox|[from] psn
|upkeep
|turn|14
|
|t:|1646169376
|move|p1a: Skarmory|Defog|p2a: Swampert
|-unboost|p2a: Swampert|evasion|1
|-sideend|p1: estarossa|Stealth Rock|[from] move: Defog|[of] p1a: Skarmory
|move|p2a: Swampert|Flip Turn|p1a: Skarmory
|-damage|p1a: Skarmory|42/100
|
|t:|1646169385
|switch|p2a: Aegislash|Aegislash, M|100/100|[from]move: Flip Turn
|
|upkeep
|turn|15
|
|t:|1646169393
|switch|p1a: Umbreon|Umbreon, M|60/100
|switch|p2a: Swampert|Swampert, M|88/100 tox
|
|-heal|p2a: Swampert|94/100 tox|[from] item: Leftovers
|-damage|p2a: Swampert|88/100 tox|[from] psn
|upkeep
|turn|16
|
|t:|1646169400
|switch|p1a: Skarmory|Skarmory, F|42/100
|move|p2a: Swampert|Stealth Rock|p1a: Skarmory
|-sidestart|p1: estarossa|move: Stealth Rock
|
|-heal|p2a: Swampert|94/100 tox|[from] item: Leftovers
|-damage|p2a: Swampert|82/100 tox|[from] psn
|upkeep
|turn|17
|
|t:|1646169404
|move|p1a: Skarmory|Defog|p2a: Swampert
|-unboost|p2a: Swampert|evasion|1
|-sideend|p1: estarossa|Stealth Rock|[from] move: Defog|[of] p1a: Skarmory
|move|p2a: Swampert|Flip Turn|p1a: Skarmory
|-damage|p1a: Skarmory|30/100
|
|t:|1646169408
|switch|p2a: Aegislash|Aegislash, M|100/100|[from]move: Flip Turn
|
|upkeep
|turn|18
|
|t:|1646169423
|switch|p1a: Chansey|Chansey, F|100/100
|-formechange|p2a: Aegislash|Aegislash-Blade||[from] ability: Stance Change
|move|p2a: Aegislash|Shadow Ball|p1a: Chansey
|-immune|p1a: Chansey
|
|upkeep
|turn|19
|inactive|KSt3ve has 270 seconds left.
|
|t:|1646169457
|switch|p2a: Jirachi|Jirachi|100/100
|move|p1a: Chansey|Seismic Toss|p2a: Jirachi
|-damage|p2a: Jirachi|71/100
|
|-heal|p2a: Jirachi|77/100|[from] item: Leftovers
|upkeep
|turn|20
|
|t:|1646169471
|move|p2a: Jirachi|U-turn|p1a: Chansey
|-damage|p1a: Chansey|88/100
|
|t:|1646169473
|switch|p2a: Aegislash|Aegislash, M|100/100|[from]move: U-turn
|move|p1a: Chansey|Seismic Toss|p2a: Aegislash
|-immune|p2a: Aegislash
|
|upkeep
|turn|21
|
|t:|1646169480
|move|p2a: Aegislash|Toxic|p1a: Chansey
|-status|p1a: Chansey|tox
|move|p1a: Chansey|Soft-Boiled|p1a: Chansey
|-heal|p1a: Chansey|100/100 tox
|
|-damage|p1a: Chansey|94/100 tox|[from] psn
|upkeep
|turn|22
|
|t:|1646169495
|switch|p2a: Jirachi|Jirachi|77/100
|-curestatus|p1a: Chansey|tox|[from] ability: Natural Cure
|switch|p1a: Umbreon|Umbreon, M|60/100
|
|-heal|p2a: Jirachi|83/100|[from] item: Leftovers
|upkeep
|turn|23
|
|t:|1646169502
|move|p2a: Jirachi|Iron Head|p1a: Umbreon
|-damage|p1a: Umbreon|41/100
|move|p1a: Umbreon|Wish|p1a: Umbreon
|
|-heal|p2a: Jirachi|90/100|[from] item: Leftovers
|upkeep
|turn|24
|
|t:|1646169518
|move|p1a: Umbreon|Protect|p1a: Umbreon
|-singleturn|p1a: Umbreon|Protect
|move|p2a: Jirachi|U-turn|p1a: Umbreon
|-activate|p1a: Umbreon|move: Protect
|
|-heal|p1a: Umbreon|91/100|[from] move: Wish|[wisher] Umbreon
|-heal|p2a: Jirachi|96/100|[from] item: Leftovers
|upkeep
|turn|25
|
|t:|1646169520
|move|p2a: Jirachi|U-turn|p1a: Umbreon
|-supereffective|p1a: Umbreon
|-damage|p1a: Umbreon|69/100
|
|t:|1646169522
|switch|p2a: Moltres|Moltres-Galar|86/100|[from]move: U-turn
|move|p1a: Umbreon|Wish|p1a: Umbreon
|
|upkeep
|turn|26
|
|t:|1646169528
|move|p2a: Moltres|Hurricane|p1a: Umbreon|[miss]
|-miss|p2a: Moltres|p1a: Umbreon
|move|p1a: Umbreon|Toxic|p2a: Moltres
|-status|p2a: Moltres|tox
|
|-heal|p1a: Umbreon|100/100|[from] move: Wish|[wisher] Umbreon
|-damage|p2a: Moltres|80/100 tox|[from] psn
|upkeep
|turn|27
|
|t:|1646169536
|move|p2a: Moltres|Hurricane|p1a: Umbreon
|-damage|p1a: Umbreon|72/100
|move|p1a: Umbreon|Wish|p1a: Umbreon
|
|-damage|p2a: Moltres|68/100 tox|[from] psn
|upkeep
|turn|28
|
|t:|1646169542
|switch|p1a: Slowking|Slowking, M|80/100
|move|p2a: Moltres|Hurricane|p1a: Slowking
|-damage|p1a: Slowking|46/100
|
|-heal|p1a: Slowking|96/100|[from] move: Wish|[wisher] Umbreon
|-damage|p2a: Moltres|50/100 tox|[from] psn
|upkeep
|turn|29
|
|t:|1646169550
|move|p2a: Moltres|Rest|p2a: Moltres
|-status|p2a: Moltres|slp|[from] move: Rest
|-heal|p2a: Moltres|100/100 slp|[silent]
|move|p1a: Slowking|Calm Mind|p1a: Slowking
|-boost|p1a: Slowking|spa|1
|-boost|p1a: Slowking|spd|1
|
|upkeep
|turn|30
|
|t:|1646169557
|cant|p2a: Moltres|slp
|move|p2a: Moltres|Sleep Talk|p2a: Moltres
|move|p2a: Moltres|Hurricane|p1a: Slowking|[from]move: Sleep Talk
|-damage|p1a: Slowking|75/100
|move|p1a: Slowking|Scald|p2a: Moltres
|-damage|p2a: Moltres|75/100 slp
|
|upkeep
|turn|31
|
|t:|1646169562
|cant|p2a: Moltres|slp
|move|p2a: Moltres|Sleep Talk|p2a: Moltres
|move|p2a: Moltres|Rest||[from]move: Sleep Talk|[still]
|-fail|p2a: Moltres
|move|p1a: Slowking|Calm Mind|p1a: Slowking
|-boost|p1a: Slowking|spa|1
|-boost|p1a: Slowking|spd|1
|
|upkeep
|turn|32
|
|t:|1646169567
|-curestatus|p2a: Moltres|slp|[msg]
|move|p2a: Moltres|Fiery Wrath|p1a: Slowking
|-supereffective|p1a: Slowking
|-damage|p1a: Slowking|51/100
|move|p1a: Slowking|Slack Off|p1a: Slowking
|-heal|p1a: Slowking|100/100
|
|upkeep
|turn|33
|
|t:|1646169574
|move|p2a: Moltres|Fiery Wrath|p1a: Slowking
|-supereffective|p1a: Slowking
|-damage|p1a: Slowking|74/100
|move|p1a: Slowking|Scald|p2a: Moltres
|-damage|p2a: Moltres|36/100
|-ability|p2a: Moltres|Berserk|boost
|-boost|p2a: Moltres|spa|1
|
|upkeep
|turn|34
|
|t:|1646169581
|move|p2a: Moltres|Fiery Wrath|p1a: Slowking
|-supereffective|p1a: Slowking
|-damage|p1a: Slowking|36/100
|move|p1a: Slowking|Scald|p2a: Moltres
|-damage|p2a: Moltres|0 fnt
|faint|p2a: Moltres
|
|upkeep
|c|☆KSt3ve|gg soz for wasting your time
|-message|KSt3ve forfeited.
|
|win|estarossa
|c|☆estarossa|ggs
