|inactive|Battle timer is ON: inactive players will automatically lose when time's up.
|t:|1665344115
|gametype|singles
|player|p1|Floss|#scl2machines|
|player|p2|JustFranco‽|acetrainerf-gen6|
|teamsize|p1|6
|teamsize|p2|6
|gen|8
|tier|[Gen 8] UU
|rule|Sleep Clause Mod: Limit one foe put to sleep
|rule|Species Clause: Limit one of each Pokémon
|rule|OHKO Clause: OHKO moves are banned
|rule|Evasion Items Clause: Evasion items are banned
|rule|Evasion Moves Clause: Evasion moves are banned
|rule|Endless Battle Clause: Forcing endless battles is banned
|rule|HP Percentage Mod: HP is shown in percentages
|rule|Dynamax Clause: You cannot dynamax
|clearpoke
|poke|p1|Azumarill, M|
|poke|p1|Entei|
|poke|p1|Excadrill, F|
|poke|p1|Mandibuzz, F|
|poke|p1|Tangrowth, F|
|poke|p1|Crobat, M|
|poke|p2|Entei|
|poke|p2|Rotom-Wash|
|poke|p2|Celesteela|
|poke|p2|Nihilego|
|poke|p2|Tangrowth, M|
|poke|p2|Froslass, F|
|teampreview
|inactive|JustFranco‽ also wants the timer to be on.
|c|☆Floss|hf
|c|☆JustFranco‽|u2
|inactive|Floss has 270 seconds left.
|
|t:|1665344155
|start
|switch|p1a: Excadrill|Excadrill, F|100/100
|switch|p2a: Rotom|Rotom-Wash|100/100
|-ability|p1a: Excadrill|Mold Breaker
|turn|1
|
|t:|1665344176
|switch|p1a: Tangrowth|Tangrowth, F|100/100
|switch|p2a: Celesteela|Celesteela|100/100
|
|upkeep
|turn|2
|
|t:|1665344199
|switch|p1a: Crobat|Crobat, M|100/100
|move|p2a: Celesteela|Substitute|p2a: Celesteela
|-start|p2a: Celesteela|Substitute
|-damage|p2a: Celesteela|76/100
|
|-heal|p2a: Celesteela|82/100|[from] item: Leftovers
|upkeep
|turn|3
|
|t:|1665344212
|move|p1a: Crobat|Heat Wave|p2a: Celesteela
|-supereffective|p2a: Celesteela
|-damage|p2a: Celesteela|53/100
|move|p2a: Celesteela|Meteor Beam||[still]
|-prepare|p2a: Celesteela|Meteor Beam
|-boost|p2a: Celesteela|spa|1
|
|-heal|p2a: Celesteela|59/100|[from] item: Leftovers
|upkeep
|turn|4
|
|t:|1665344224
|move|p1a: Crobat|Heat Wave|p2a: Celesteela
|-supereffective|p2a: Celesteela
|-damage|p2a: Celesteela|32/100
|move|p2a: Celesteela|Meteor Beam|p1a: Crobat|[from]lockedmove|[miss]
|-miss|p2a: Celesteela|p1a: Crobat
|
|-heal|p2a: Celesteela|38/100|[from] item: Leftovers
|upkeep
|turn|5
|c|☆JustFranco‽|,
|
|t:|1665344239
|switch|p2a: Nihilego|Nihilego|100/100
|move|p1a: Crobat|Heat Wave|p2a: Nihilego
|-resisted|p2a: Nihilego
|-damage|p2a: Nihilego|92/100
|
|-heal|p2a: Nihilego|98/100|[from] item: Black Sludge
|upkeep
|turn|6
|inactive|JustFranco‽ has 270 seconds left.
|
|t:|1665344268
|switch|p1a: Excadrill|Excadrill, F|100/100
|-ability|p1a: Excadrill|Mold Breaker
|move|p2a: Nihilego|Stealth Rock|p1a: Excadrill
|-sidestart|p1: Floss|move: Stealth Rock
|
|-heal|p2a: Nihilego|100/100|[from] item: Black Sludge
|upkeep
|turn|7
|
|t:|1665344273
|switch|p2a: Celesteela|Celesteela|38/100
|move|p1a: Excadrill|Stealth Rock|p2a: Celesteela
|-sidestart|p2: JustFranco‽|move: Stealth Rock
|
|-heal|p2a: Celesteela|44/100|[from] item: Leftovers
|upkeep
|turn|8
|
|t:|1665344280
|switch|p1a: Entei|Entei|100/100
|-damage|p1a: Entei|75/100|[from] Stealth Rock
|move|p2a: Celesteela|Leech Seed|p1a: Entei
|-start|p1a: Entei|move: Leech Seed
|
|-heal|p1a: Entei|82/100|[from] item: Leftovers
|-heal|p2a: Celesteela|50/100|[from] item: Leftovers
|-damage|p1a: Entei|69/100|[from] Leech Seed|[of] p2a: Celesteela
|-heal|p2a: Celesteela|63/100|[silent]
|upkeep
|turn|9
|
|t:|1665344291
|switch|p1a: Azumarill|Azumarill, M|100/100
|-damage|p1a: Azumarill|88/100|[from] Stealth Rock
|switch|p2a: Rotom|Rotom-Wash|100/100
|-damage|p2a: Rotom|88/100|[from] Stealth Rock
|
|-heal|p2a: Rotom|94/100|[from] item: Leftovers
|upkeep
|turn|10
|inactive|JustFranco‽ has 270 seconds left.
|
|t:|1665344312
|switch|p1a: Tangrowth|Tangrowth, F|100/100
|-damage|p1a: Tangrowth|88/100|[from] Stealth Rock
|move|p2a: Rotom|Volt Switch|p1a: Tangrowth
|-resisted|p1a: Tangrowth
|-damage|p1a: Tangrowth|79/100
|inactive|JustFranco‽ has 270 seconds left.
|
|t:|1665344318
|switch|p2a: Entei|Entei|100/100|[from]move: Volt Switch
|-damage|p2a: Entei|76/100|[from] Stealth Rock
|
|upkeep
|turn|11
|
|t:|1665344328
|switch|p1a: Mandibuzz|Mandibuzz, F|100/100
|move|p2a: Entei|Sacred Fire|p1a: Mandibuzz
|-damage|p1a: Mandibuzz|47/100
|-status|p1a: Mandibuzz|brn
|
|-damage|p1a: Mandibuzz|41/100 brn|[from] brn
|upkeep
|turn|12
|
|t:|1665344332
|move|p2a: Entei|Sacred Fire|p1a: Mandibuzz
|-damage|p1a: Mandibuzz|0 fnt
|faint|p1a: Mandibuzz
|
|upkeep
|
|t:|1665344333
|switch|p1a: Azumarill|Azumarill, M|88/100
|-damage|p1a: Azumarill|76/100|[from] Stealth Rock
|turn|13
|
|t:|1665344339
|switch|p2a: Tangrowth|Tangrowth, M|100/100
|-damage|p2a: Tangrowth|88/100|[from] Stealth Rock
|move|p1a: Azumarill|Play Rough|p2a: Tangrowth
|-damage|p2a: Tangrowth|44/100
|-enditem|p2a: Tangrowth|Eject Button
|
|t:|1665344350
|switch|p2a: Nihilego|Nihilego|100/100
|-damage|p2a: Nihilego|88/100|[from] Stealth Rock
|
|-heal|p2a: Nihilego|94/100|[from] item: Black Sludge
|upkeep
|turn|14
|
|t:|1665344360
|move|p2a: Nihilego|Thunderbolt|p1a: Azumarill
|-supereffective|p1a: Azumarill
|-damage|p1a: Azumarill|0 fnt
|faint|p1a: Azumarill
|-ability|p2a: Nihilego|Beast Boost|boost
|-boost|p2a: Nihilego|spa|1
|
|-heal|p2a: Nihilego|100/100|[from] item: Black Sludge
|upkeep
|
|t:|1665344364
|switch|p1a: Excadrill|Excadrill, F|100/100
|-damage|p1a: Excadrill|97/100|[from] Stealth Rock
|-ability|p1a: Excadrill|Mold Breaker
|turn|15
|
|t:|1665344372
|switch|p2a: Celesteela|Celesteela|63/100
|-damage|p2a: Celesteela|50/100|[from] Stealth Rock
|move|p1a: Excadrill|Rapid Spin|p2a: Celesteela
|-resisted|p2a: Celesteela
|-damage|p2a: Celesteela|43/100
|-boost|p1a: Excadrill|spe|1
|-sideend|p1: Floss|Stealth Rock|[from] move: Rapid Spin|[of] p1a: Excadrill
|
|-heal|p1a: Excadrill|100/100|[from] item: Leftovers
|-heal|p2a: Celesteela|49/100|[from] item: Leftovers
|upkeep
|turn|16
|
|t:|1665344380
|switch|p1a: Entei|Entei|69/100
|move|p2a: Celesteela|Leech Seed|p1a: Entei
|-start|p1a: Entei|move: Leech Seed
|
|-heal|p1a: Entei|75/100|[from] item: Leftovers
|-heal|p2a: Celesteela|56/100|[from] item: Leftovers
|-damage|p1a: Entei|63/100|[from] Leech Seed|[of] p2a: Celesteela
|-heal|p2a: Celesteela|68/100|[silent]
|upkeep
|turn|17
|
|t:|1665344397
|switch|p1a: Excadrill|Excadrill, F|100/100
|-ability|p1a: Excadrill|Mold Breaker
|switch|p2a: Rotom|Rotom-Wash|94/100
|-damage|p2a: Rotom|82/100|[from] Stealth Rock
|
|-heal|p2a: Rotom|88/100|[from] item: Leftovers
|upkeep
|turn|18
|
|t:|1665344403
|switch|p1a: Entei|Entei|63/100
|switch|p2a: Tangrowth|Tangrowth, M|77/100
|-damage|p2a: Tangrowth|65/100|[from] Stealth Rock
|
|-heal|p1a: Entei|69/100|[from] item: Leftovers
|upkeep
|turn|19
|
|t:|1665344414
|switch|p2a: Rotom|Rotom-Wash|88/100
|-damage|p2a: Rotom|75/100|[from] Stealth Rock
|move|p1a: Entei|Sacred Fire|p2a: Rotom
|-resisted|p2a: Rotom
|-damage|p2a: Rotom|47/100
|-status|p2a: Rotom|brn
|
|-heal|p2a: Rotom|53/100 brn|[from] item: Leftovers
|-heal|p1a: Entei|75/100|[from] item: Leftovers
|-damage|p2a: Rotom|47/100 brn|[from] brn
|upkeep
|turn|20
|
|t:|1665344421
|switch|p1a: Tangrowth|Tangrowth, F|100/100
|move|p2a: Rotom|Pain Split|p1a: Tangrowth
|-sethp|p1a: Tangrowth|68/100|[from] move: Pain Split|[silent]
|-sethp|p2a: Rotom|90/100 brn|[from] move: Pain Split
|
|-heal|p2a: Rotom|96/100 brn|[from] item: Leftovers
|-damage|p2a: Rotom|90/100 brn|[from] brn
|upkeep
|turn|21
|
|t:|1665344435
|move|p2a: Rotom|Defog|p1a: Tangrowth
|-unboost|p1a: Tangrowth|evasion|1
|-sideend|p2: JustFranco‽|Stealth Rock|[from] move: Defog|[of] p2a: Rotom
|move|p1a: Tangrowth|Sludge Bomb|p2a: Rotom
|-crit|p2a: Rotom
|-damage|p2a: Rotom|51/100 brn
|
|-heal|p2a: Rotom|57/100 brn|[from] item: Leftovers
|-damage|p2a: Rotom|51/100 brn|[from] brn
|upkeep
|turn|22
|
|t:|1665344446
|move|p2a: Rotom|Volt Switch|p1a: Tangrowth
|-resisted|p1a: Tangrowth
|-damage|p1a: Tangrowth|59/100
|
|t:|1665344457
|switch|p2a: Tangrowth|Tangrowth, M|98/100|[from]move: Volt Switch
|move|p1a: Tangrowth|Knock Off|p2a: Tangrowth
|-damage|p2a: Tangrowth|91/100
|
|upkeep
|turn|23
|
|t:|1665344478
|switch|p2a: Celesteela|Celesteela|68/100
|move|p1a: Tangrowth|Sludge Bomb|p2a: Celesteela
|-immune|p2a: Celesteela
|
|-heal|p2a: Celesteela|74/100|[from] item: Leftovers
|upkeep
|turn|24
|
|t:|1665344487
|switch|p1a: Entei|Entei|75/100
|move|p2a: Celesteela|Substitute|p2a: Celesteela
|-start|p2a: Celesteela|Substitute
|-damage|p2a: Celesteela|49/100
|
|-heal|p1a: Entei|82/100|[from] item: Leftovers
|-heal|p2a: Celesteela|55/100|[from] item: Leftovers
|upkeep
|turn|25
|
|t:|1665344491
|move|p1a: Entei|Substitute|p1a: Entei
|-start|p1a: Entei|Substitute
|-damage|p1a: Entei|57/100
|move|p2a: Celesteela|Leech Seed||[still]
|-fail|p2a: Celesteela
|
|-heal|p1a: Entei|63/100|[from] item: Leftovers
|-heal|p2a: Celesteela|61/100|[from] item: Leftovers
|upkeep
|turn|26
|
|t:|1665344497
|move|p1a: Entei|Sacred Fire|p2a: Celesteela
|-supereffective|p2a: Celesteela
|-end|p2a: Celesteela|Substitute
|move|p2a: Celesteela|Air Slash|p1a: Entei
|-end|p1a: Entei|Substitute
|
|-heal|p1a: Entei|69/100|[from] item: Leftovers
|-heal|p2a: Celesteela|67/100|[from] item: Leftovers
|upkeep
|turn|27
|
|t:|1665344506
|switch|p2a: Nihilego|Nihilego|100/100
|move|p1a: Entei|Sacred Fire|p2a: Nihilego
|-resisted|p2a: Nihilego
|-damage|p2a: Nihilego|55/100
|-status|p2a: Nihilego|brn
|
|-heal|p2a: Nihilego|62/100 brn|[from] item: Black Sludge
|-heal|p1a: Entei|75/100|[from] item: Leftovers
|-damage|p2a: Nihilego|55/100 brn|[from] brn
|upkeep
|turn|28
|
|t:|1665344513
|switch|p2a: Entei|Entei|76/100
|switch|p1a: Excadrill|Excadrill, F|100/100
|-ability|p1a: Excadrill|Mold Breaker
|
|upkeep
|turn|29
|
|t:|1665344532
|switch|p1a: Tangrowth|Tangrowth, F|92/100
|move|p2a: Entei|Sacred Fire|p1a: Tangrowth
|-supereffective|p1a: Tangrowth
|-damage|p1a: Tangrowth|0 fnt
|faint|p1a: Tangrowth
|
|upkeep
|
|t:|1665344546
|switch|p1a: Entei|Entei|75/100
|turn|30
|
|t:|1665344565
|move|p2a: Entei|Sacred Fire|p1a: Entei
|-resisted|p1a: Entei
|-damage|p1a: Entei|43/100
|move|p1a: Entei|Howl|p1a: Entei
|-boost|p1a: Entei|atk|1
|
|-heal|p1a: Entei|50/100|[from] item: Leftovers
|upkeep
|turn|31
|
|t:|1665344575
|move|p2a: Entei|Sacred Fire|p1a: Entei
|-resisted|p1a: Entei
|-damage|p1a: Entei|14/100
|move|p1a: Entei|Sacred Fire|p2a: Entei
|-resisted|p2a: Entei
|-damage|p2a: Entei|35/100
|
|-heal|p1a: Entei|20/100|[from] item: Leftovers
|upkeep
|turn|32
|
|t:|1665344580
|switch|p2a: Froslass|Froslass, F|100/100
|move|p1a: Entei|Extreme Speed|p2a: Froslass
|-immune|p2a: Froslass
|
|-heal|p1a: Entei|26/100|[from] item: Leftovers
|upkeep
|turn|33
|
|t:|1665344586
|move|p2a: Froslass|Poltergeist|p1a: Entei|[miss]
|-miss|p2a: Froslass|p1a: Entei
|move|p1a: Entei|Sacred Fire|p2a: Froslass
|-supereffective|p2a: Froslass
|-damage|p2a: Froslass|0 fnt
|-start|p1a: Entei|Disable|Sacred Fire|[from] ability: Cursed Body|[of] p2a: Froslass
|faint|p2a: Froslass
|
|-heal|p1a: Entei|32/100|[from] item: Leftovers
|upkeep
|c|☆JustFranco‽|bruhhhhhhhh
|c|☆Floss|ur winning man
|c|☆Floss|that did not matter
|
|t:|1665344608
|switch|p2a: Celesteela|Celesteela|67/100
|turn|34
|
|t:|1665344616
|move|p1a: Entei|Substitute|p1a: Entei
|-start|p1a: Entei|Substitute
|-damage|p1a: Entei|7/100
|move|p2a: Celesteela|Air Slash|p1a: Entei
|-end|p1a: Entei|Substitute
|
|-heal|p1a: Entei|14/100|[from] item: Leftovers
|-heal|p2a: Celesteela|73/100|[from] item: Leftovers
|upkeep
|turn|35
|
|t:|1665344621
|move|p1a: Entei|Extreme Speed|p2a: Celesteela
|-resisted|p2a: Celesteela
|-damage|p2a: Celesteela|57/100
|move|p2a: Celesteela|Air Slash|p1a: Entei
|-damage|p1a: Entei|0 fnt
|faint|p1a: Entei
|-ability|p2a: Celesteela|Beast Boost|boost
|-boost|p2a: Celesteela|spd|1
|
|-heal|p2a: Celesteela|63/100|[from] item: Leftovers
|upkeep
|
|t:|1665344624
|switch|p1a: Crobat|Crobat, M|100/100
|turn|36
|
|t:|1665344634
|move|p1a: Crobat|Nasty Plot|p1a: Crobat
|-boost|p1a: Crobat|spa|2
|move|p2a: Celesteela|Leech Seed|p1a: Crobat
|-start|p1a: Crobat|move: Leech Seed
|
|-heal|p2a: Celesteela|69/100|[from] item: Leftovers
|-damage|p1a: Crobat|88/100|[from] Leech Seed|[of] p2a: Celesteela
|-heal|p2a: Celesteela|79/100|[silent]
|upkeep
|turn|37
|
|t:|1665344643
|move|p1a: Crobat|Nasty Plot|p1a: Crobat
|-boost|p1a: Crobat|spa|2
|move|p2a: Celesteela|Meteor Beam||[still]
|-prepare|p2a: Celesteela|Meteor Beam
|-boost|p2a: Celesteela|spa|1
|
|-heal|p2a: Celesteela|85/100|[from] item: Leftovers
|-damage|p1a: Crobat|76/100|[from] Leech Seed|[of] p2a: Celesteela
|-heal|p2a: Celesteela|94/100|[silent]
|upkeep
|turn|38
|
|t:|1665344646
|move|p1a: Crobat|Heat Wave|p2a: Celesteela
|-supereffective|p2a: Celesteela
|-damage|p2a: Celesteela|43/100
|move|p2a: Celesteela|Meteor Beam|p1a: Crobat|[from]lockedmove|[miss]
|-miss|p2a: Celesteela|p1a: Crobat
|
|-heal|p2a: Celesteela|49/100|[from] item: Leftovers
|-damage|p1a: Crobat|64/100|[from] Leech Seed|[of] p2a: Celesteela
|-heal|p2a: Celesteela|59/100|[silent]
|upkeep
|turn|39
|
|t:|1665344653
|move|p1a: Crobat|Heat Wave|p2a: Celesteela
|-supereffective|p2a: Celesteela
|-damage|p2a: Celesteela|8/100
|move|p2a: Celesteela|Air Slash|p1a: Crobat
|-damage|p1a: Crobat|9/100
|
|-heal|p2a: Celesteela|14/100|[from] item: Leftovers
|-damage|p1a: Crobat|0 fnt|[from] Leech Seed|[of] p2a: Celesteela
|-heal|p2a: Celesteela|20/100|[silent]
|faint|p1a: Crobat
|upkeep
|
|t:|1665344656
|switch|p1a: Excadrill|Excadrill, F|100/100
|-ability|p1a: Excadrill|Mold Breaker
|turn|40
|c|☆Floss|gg
|
|t:|1665344661
|move|p1a: Excadrill|Rapid Spin|p2a: Celesteela
|-resisted|p2a: Celesteela
|-damage|p2a: Celesteela|14/100
|-boost|p1a: Excadrill|spe|1
|move|p2a: Celesteela|Leech Seed|p1a: Excadrill
|-start|p1a: Excadrill|move: Leech Seed
|
|-heal|p2a: Celesteela|20/100|[from] item: Leftovers
|-damage|p1a: Excadrill|88/100|[from] Leech Seed|[of] p2a: Celesteela
|-heal|p2a: Celesteela|32/100|[silent]
|upkeep
|turn|41
|c|☆JustFranco‽|gg
|
|t:|1665344666
|move|p1a: Excadrill|Rapid Spin|p2a: Celesteela
|-resisted|p2a: Celesteela
|-crit|p2a: Celesteela
|-damage|p2a: Celesteela|23/100
|-boost|p1a: Excadrill|spe|1
|-end|p1a: Excadrill|Leech Seed|[from] move: Rapid Spin|[of] p1a: Excadrill
|move|p2a: Celesteela|Air Slash|p1a: Excadrill
|-resisted|p1a: Excadrill
|-damage|p1a: Excadrill|69/100
|
|-heal|p1a: Excadrill|75/100|[from] item: Leftovers
|-heal|p2a: Celesteela|29/100|[from] item: Leftovers
|upkeep
|turn|42
|-message|Floss forfeited.
|
|win|JustFranco‽
