|inactive|Battle timer is ON: inactive players will automatically lose when time's up.
|t:|1665344692
|gametype|singles
|player|p1|Floss|#scl2machines|
|player|p2|JustFranco‽|acetrainerf-gen6|
|teamsize|p1|6
|teamsize|p2|6
|gen|8
|tier|[Gen 8] UU
|rule|Sleep Clause Mod: Limit one foe put to sleep
|rule|Species Clause: Limit one of each Pokémon
|rule|OHKO Clause: OHKO moves are banned
|rule|Evasion Items Clause: Evasion items are banned
|rule|Evasion Moves Clause: Evasion moves are banned
|rule|Endless Battle Clause: Forcing endless battles is banned
|rule|HP Percentage Mod: HP is shown in percentages
|rule|Dynamax Clause: You cannot dynamax
|clearpoke
|poke|p1|Crawdaunt, M|
|poke|p1|Slowking, F|
|poke|p1|Zygarde-10%|
|poke|p1|Tapu Bulu|
|poke|p1|Cobalion|
|poke|p1|Salamence, M|
|poke|p2|Skarmory, M|
|poke|p2|Hippowdon, F|
|poke|p2|Lycanroc-Dusk, M|
|poke|p2|Zarude-Dada|
|poke|p2|Slowking, M|
|poke|p2|Scizor, F|
|teampreview
|inactive|JustFranco‽ also wants the timer to be on.
|c|☆Floss|hf
|c|☆JustFranco‽|u2
|inactive|Floss has 270 seconds left.
|
|t:|1665344724
|start
|switch|p1a: Cobalion|Cobalion|100/100
|switch|p2a: Zarude|Zarude-Dada|100/100
|turn|1
|
|t:|1665344736
|switch|p2a: Hippowdon|Hippowdon, F|100/100
|-weather|Sandstorm|[from] ability: Sand Stream|[of] p2a: Hippowdon
|move|p1a: Cobalion|Stealth Rock|p2a: Hippowdon
|-sidestart|p2: JustFranco‽|move: Stealth Rock
|
|-weather|Sandstorm|[upkeep]
|upkeep
|turn|2
|
|t:|1665344741
|switch|p1a: Slowking|Slowking, F|100/100
|move|p2a: Hippowdon|Stealth Rock|p1a: Slowking
|-sidestart|p1: Floss|move: Stealth Rock
|
|-weather|Sandstorm|[upkeep]
|-damage|p1a: Slowking|94/100|[from] Sandstorm
|upkeep
|turn|3
|
|t:|1665344759
|move|p2a: Hippowdon|Toxic|p1a: Slowking
|-status|p1a: Slowking|tox
|move|p1a: Slowking|Future Sight|p2a: Hippowdon
|-start|p1a: Slowking|move: Future Sight
|
|-weather|Sandstorm|[upkeep]
|-damage|p1a: Slowking|88/100 tox|[from] Sandstorm
|-damage|p1a: Slowking|82/100 tox|[from] psn
|upkeep
|turn|4
|inactive|JustFranco‽ has 270 seconds left.
|
|t:|1665344794
|switch|p2a: Zarude|Zarude-Dada|100/100
|move|p1a: Slowking|Teleport|p1a: Slowking
|
|t:|1665344798
|switch|p1a: Cobalion|Cobalion|100/100|[from]move: Teleport
|-damage|p1a: Cobalion|97/100|[from] Stealth Rock
|
|-weather|Sandstorm|[upkeep]
|-damage|p2a: Zarude|95/100|[from] Sandstorm
|upkeep
|turn|5
|
|t:|1665344801
|switch|p2a: Slowking|Slowking, M|100/100
|-damage|p2a: Slowking|88/100|[from] Stealth Rock
|move|p1a: Cobalion|Volt Switch|p2a: Slowking
|-supereffective|p2a: Slowking
|-damage|p2a: Slowking|73/100
|
|t:|1665344803
|switch|p1a: Crawdaunt|Crawdaunt, M|100/100|[from]move: Volt Switch
|-damage|p1a: Crawdaunt|88/100|[from] Stealth Rock
|
|-weather|none
|-end|p2a: Slowking|move: Future Sight
|-resisted|p2a: Slowking
|-damage|p2a: Slowking|62/100
|upkeep
|turn|6
|
|t:|1665344812
|switch|p2a: Zarude|Zarude-Dada|95/100
|move|p1a: Crawdaunt|Knock Off|p2a: Zarude
|-resisted|p2a: Zarude
|-damage|p2a: Zarude|47/100
|-enditem|p2a: Zarude|Heavy-Duty Boots|[from] move: Knock Off|[of] p1a: Crawdaunt
|
|upkeep
|turn|7
|
|t:|1665344816
|switch|p1a: Cobalion|Cobalion|97/100
|-damage|p1a: Cobalion|94/100|[from] Stealth Rock
|move|p2a: Zarude|Jungle Healing|p2a: Zarude
|-heal|p2a: Zarude|72/100
|
|upkeep
|turn|8
|
|t:|1665344822
|switch|p1a: Crawdaunt|Crawdaunt, M|88/100
|-damage|p1a: Crawdaunt|76/100|[from] Stealth Rock
|switch|p2a: Hippowdon|Hippowdon, F|100/100
|-damage|p2a: Hippowdon|94/100|[from] Stealth Rock
|-weather|Sandstorm|[from] ability: Sand Stream|[of] p2a: Hippowdon
|
|-weather|Sandstorm|[upkeep]
|-damage|p1a: Crawdaunt|70/100|[from] Sandstorm
|-heal|p2a: Hippowdon|100/100|[from] item: Leftovers
|upkeep
|turn|9
|
|t:|1665344835
|switch|p2a: Zarude|Zarude-Dada|72/100
|-damage|p2a: Zarude|60/100|[from] Stealth Rock
|move|p1a: Crawdaunt|Crabhammer|p2a: Zarude
|-resisted|p2a: Zarude
|-damage|p2a: Zarude|9/100
|
|-weather|Sandstorm|[upkeep]
|-damage|p2a: Zarude|3/100|[from] Sandstorm
|-damage|p1a: Crawdaunt|64/100|[from] Sandstorm
|upkeep
|turn|10
|
|t:|1665344842
|switch|p1a: Cobalion|Cobalion|94/100
|-damage|p1a: Cobalion|91/100|[from] Stealth Rock
|move|p2a: Zarude|Jungle Healing|p2a: Zarude
|-heal|p2a: Zarude|28/100
|
|-weather|Sandstorm|[upkeep]
|-damage|p2a: Zarude|22/100|[from] Sandstorm
|upkeep
|turn|11
|
|t:|1665344848
|switch|p2a: Hippowdon|Hippowdon, F|100/100
|-damage|p2a: Hippowdon|94/100|[from] Stealth Rock
|move|p1a: Cobalion|Close Combat|p2a: Hippowdon
|-damage|p2a: Hippowdon|65/100
|-unboost|p1a: Cobalion|def|1
|-unboost|p1a: Cobalion|spd|1
|
|-weather|Sandstorm|[upkeep]
|-heal|p2a: Hippowdon|71/100|[from] item: Leftovers
|upkeep
|turn|12
|
|t:|1665344866
|switch|p1a: Tapu Bulu|Tapu Bulu|100/100
|-damage|p1a: Tapu Bulu|88/100|[from] Stealth Rock
|-fieldstart|move: Grassy Terrain|[from] ability: Grassy Surge|[of] p1a: Tapu Bulu
|move|p2a: Hippowdon|Toxic|p1a: Tapu Bulu
|-status|p1a: Tapu Bulu|tox
|
|-weather|none
|-heal|p1a: Tapu Bulu|94/100 tox|[from] Grassy Terrain
|-heal|p2a: Hippowdon|77/100|[from] Grassy Terrain
|-heal|p2a: Hippowdon|84/100|[from] item: Leftovers
|-damage|p1a: Tapu Bulu|88/100 tox|[from] psn
|upkeep
|turn|13
|
|t:|1665344885
|switch|p1a: Zygarde|Zygarde-10%|100/100
|-damage|p1a: Zygarde|94/100|[from] Stealth Rock
|-ability|p1a: Zygarde|Aura Break
|switch|p2a: Skarmory|Skarmory, M|100/100
|-damage|p2a: Skarmory|88/100|[from] Stealth Rock
|
|-heal|p1a: Zygarde|100/100|[from] Grassy Terrain
|upkeep
|turn|14
|
|t:|1665344898
|move|p1a: Zygarde|Thousand Arrows|p2a: Skarmory
|-damage|p2a: Skarmory|54/100
|-start|p2a: Skarmory|Smack Down
|move|p2a: Skarmory|Iron Defense|p2a: Skarmory
|-boost|p2a: Skarmory|def|2
|
|-heal|p2a: Skarmory|60/100|[from] Grassy Terrain
|upkeep
|turn|15
|
|t:|1665344904
|switch|p1a: Slowking|Slowking, F|100/100 tox
|-damage|p1a: Slowking|88/100 tox|[from] Stealth Rock
|move|p2a: Skarmory|Roost|p2a: Skarmory
|-heal|p2a: Skarmory|100/100
|-singleturn|p2a: Skarmory|move: Roost
|
|-heal|p1a: Slowking|94/100 tox|[from] Grassy Terrain
|-damage|p1a: Slowking|88/100 tox|[from] psn
|upkeep
|turn|16
|
|t:|1665344909
|move|p2a: Skarmory|Spikes|p1a: Slowking
|-sidestart|p1: Floss|Spikes
|move|p1a: Slowking|Scald|p2a: Skarmory
|-damage|p2a: Skarmory|57/100
|-status|p2a: Skarmory|brn
|
|-heal|p2a: Skarmory|63/100 brn|[from] Grassy Terrain
|-heal|p1a: Slowking|94/100 tox|[from] Grassy Terrain
|-damage|p1a: Slowking|82/100 tox|[from] psn
|-damage|p2a: Skarmory|57/100 brn|[from] brn
|-fieldend|move: Grassy Terrain
|upkeep
|turn|17
|
|t:|1665344915
|move|p2a: Skarmory|Roost|p2a: Skarmory
|-heal|p2a: Skarmory|100/100 brn
|-singleturn|p2a: Skarmory|move: Roost
|move|p1a: Slowking|Future Sight|p2a: Skarmory
|-start|p1a: Slowking|move: Future Sight
|
|-damage|p1a: Slowking|64/100 tox|[from] psn
|-damage|p2a: Skarmory|94/100 brn|[from] brn
|upkeep
|turn|18
|
|t:|1665344936
|switch|p1a: Salamence|Salamence, M|100/100
|-ability|p1a: Salamence|Intimidate|boost
|-unboost|p2a: Skarmory|atk|1
|move|p2a: Skarmory|Iron Defense|p2a: Skarmory
|-boost|p2a: Skarmory|def|2
|
|-damage|p2a: Skarmory|88/100 brn|[from] brn
|upkeep
|turn|19
|
|t:|1665344943
|switch|p2a: Slowking|Slowking, M|95/100
|-damage|p2a: Slowking|83/100|[from] Stealth Rock
|move|p1a: Salamence|Defog|p2a: Slowking
|-unboost|p2a: Slowking|evasion|1
|-sideend|p2: JustFranco‽|Stealth Rock|[from] move: Defog|[of] p1a: Salamence
|-sideend|p1: Floss|Spikes|[from] move: Defog|[of] p1a: Salamence
|-sideend|p1: Floss|Stealth Rock|[from] move: Defog|[of] p1a: Salamence
|
|-end|p2a: Slowking|move: Future Sight
|-resisted|p2a: Slowking
|-damage|p2a: Slowking|72/100
|upkeep
|turn|20
|inactive|JustFranco‽ has 270 seconds left.
|
|t:|1665344976
|switch|p1a: Tapu Bulu|Tapu Bulu|88/100 tox
|-fieldstart|move: Grassy Terrain|[from] ability: Grassy Surge|[of] p1a: Tapu Bulu
|switch|p2a: Zarude|Zarude-Dada|22/100
|
|-heal|p1a: Tapu Bulu|94/100 tox|[from] Grassy Terrain
|-heal|p2a: Zarude|28/100|[from] Grassy Terrain
|-damage|p1a: Tapu Bulu|88/100 tox|[from] psn
|upkeep
|turn|21
|
|t:|1665344982
|switch|p2a: Scizor|Scizor, F|100/100
|move|p1a: Tapu Bulu|Close Combat|p2a: Scizor
|-damage|p2a: Scizor|61/100
|-unboost|p1a: Tapu Bulu|def|1
|-unboost|p1a: Tapu Bulu|spd|1
|
|-heal|p1a: Tapu Bulu|94/100 tox|[from] Grassy Terrain
|-heal|p2a: Scizor|67/100|[from] Grassy Terrain
|-damage|p1a: Tapu Bulu|82/100 tox|[from] psn
|upkeep
|turn|22
|inactive|JustFranco‽ has 270 seconds left.
|
|t:|1665344998
|switch|p1a: Cobalion|Cobalion|91/100
|switch|p2a: Lycanroc|Lycanroc-Dusk, M|100/100
|
|-heal|p1a: Cobalion|97/100|[from] Grassy Terrain
|upkeep
|turn|23
|inactive|JustFranco‽ has 270 seconds left.
|
|t:|1665345010
|move|p2a: Lycanroc|Stone Edge|p1a: Cobalion
|-resisted|p1a: Cobalion
|-damage|p1a: Cobalion|82/100
|move|p1a: Cobalion|Close Combat|p2a: Lycanroc
|-supereffective|p2a: Lycanroc
|-damage|p2a: Lycanroc|0 fnt
|-unboost|p1a: Cobalion|def|1
|-unboost|p1a: Cobalion|spd|1
|faint|p2a: Lycanroc
|
|-heal|p1a: Cobalion|88/100|[from] Grassy Terrain
|upkeep
|inactive|JustFranco‽ has 270 seconds left.
|
|t:|1665345023
|switch|p2a: Hippowdon|Hippowdon, F|84/100
|-weather|Sandstorm|[from] ability: Sand Stream|[of] p2a: Hippowdon
|turn|24
|
|t:|1665345035
|switch|p1a: Crawdaunt|Crawdaunt, M|64/100
|move|p2a: Hippowdon|Stealth Rock|p1a: Crawdaunt
|-sidestart|p1: Floss|move: Stealth Rock
|
|-weather|Sandstorm|[upkeep]
|-damage|p1a: Crawdaunt|58/100|[from] Sandstorm
|-heal|p1a: Crawdaunt|64/100|[from] Grassy Terrain
|-heal|p2a: Hippowdon|90/100|[from] Grassy Terrain
|-heal|p2a: Hippowdon|96/100|[from] item: Leftovers
|-fieldend|move: Grassy Terrain
|upkeep
|turn|25
|inactive|JustFranco‽ has 270 seconds left.
|
|t:|1665345065
|switch|p2a: Slowking|Slowking, M|100/100
|move|p1a: Crawdaunt|Crabhammer|p2a: Slowking
|-resisted|p2a: Slowking
|-damage|p2a: Slowking|62/100
|
|-weather|Sandstorm|[upkeep]
|-damage|p1a: Crawdaunt|58/100|[from] Sandstorm
|-damage|p2a: Slowking|55/100|[from] Sandstorm
|upkeep
|turn|26
|
|t:|1665345079
|switch|p1a: Tapu Bulu|Tapu Bulu|82/100 tox
|-damage|p1a: Tapu Bulu|70/100 tox|[from] Stealth Rock
|-fieldstart|move: Grassy Terrain|[from] ability: Grassy Surge|[of] p1a: Tapu Bulu
|move|p2a: Slowking|Scald|p1a: Tapu Bulu
|-resisted|p1a: Tapu Bulu
|-damage|p1a: Tapu Bulu|52/100 tox
|
|-weather|Sandstorm|[upkeep]
|-damage|p1a: Tapu Bulu|46/100 tox|[from] Sandstorm
|-damage|p2a: Slowking|49/100|[from] Sandstorm
|-heal|p1a: Tapu Bulu|52/100 tox|[from] Grassy Terrain
|-heal|p2a: Slowking|55/100|[from] Grassy Terrain
|-damage|p1a: Tapu Bulu|46/100 tox|[from] psn
|upkeep
|turn|27
|
|t:|1665345090
|switch|p1a: Crawdaunt|Crawdaunt, M|58/100
|-damage|p1a: Crawdaunt|46/100|[from] Stealth Rock
|switch|p2a: Skarmory|Skarmory, M|88/100 brn
|
|-weather|Sandstorm|[upkeep]
|-damage|p1a: Crawdaunt|40/100|[from] Sandstorm
|-heal|p1a: Crawdaunt|46/100|[from] Grassy Terrain
|-damage|p2a: Skarmory|82/100 brn|[from] brn
|upkeep
|turn|28
|inactive|JustFranco‽ has 270 seconds left.
|
|t:|1665345100
|move|p1a: Crawdaunt|Knock Off|p2a: Skarmory
|-damage|p2a: Skarmory|16/100 brn
|-damage|p1a: Crawdaunt|29/100|[from] item: Rocky Helmet|[of] p2a: Skarmory
|-enditem|p2a: Skarmory|Rocky Helmet|[from] move: Knock Off|[of] p1a: Crawdaunt
|move|p2a: Skarmory|Body Press|p1a: Crawdaunt
|-supereffective|p1a: Crawdaunt
|-crit|p1a: Crawdaunt
|-damage|p1a: Crawdaunt|0 fnt
|faint|p1a: Crawdaunt
|
|-weather|none
|-damage|p2a: Skarmory|10/100 brn|[from] brn
|upkeep
|
|t:|1665345104
|switch|p1a: Zygarde|Zygarde-10%|100/100
|-damage|p1a: Zygarde|94/100|[from] Stealth Rock
|-ability|p1a: Zygarde|Aura Break
|turn|29
|
|t:|1665345111
|switch|p2a: Hippowdon|Hippowdon, F|96/100
|-weather|Sandstorm|[from] ability: Sand Stream|[of] p2a: Hippowdon
|move|p1a: Zygarde|Toxic|p2a: Hippowdon|[miss]
|-miss|p1a: Zygarde|p2a: Hippowdon
|
|-weather|Sandstorm|[upkeep]
|-heal|p1a: Zygarde|100/100|[from] Grassy Terrain
|-heal|p2a: Hippowdon|100/100|[from] Grassy Terrain
|upkeep
|turn|30
|
|t:|1665345125
|switch|p2a: Slowking|Slowking, M|89/100
|move|p1a: Zygarde|Toxic|p2a: Slowking
|-status|p2a: Slowking|tox
|
|-weather|Sandstorm|[upkeep]
|-damage|p2a: Slowking|83/100 tox|[from] Sandstorm
|-heal|p2a: Slowking|89/100 tox|[from] Grassy Terrain
|-damage|p2a: Slowking|83/100 tox|[from] psn
|-fieldend|move: Grassy Terrain
|upkeep
|turn|31
|inactive|JustFranco‽ has 270 seconds left.
|
|t:|1665345142
|switch|p1a: Tapu Bulu|Tapu Bulu|46/100 tox
|-damage|p1a: Tapu Bulu|34/100 tox|[from] Stealth Rock
|-fieldstart|move: Grassy Terrain|[from] ability: Grassy Surge|[of] p1a: Tapu Bulu
|switch|p2a: Skarmory|Skarmory, M|10/100 brn
|
|-weather|Sandstorm|[upkeep]
|-damage|p1a: Tapu Bulu|28/100 tox|[from] Sandstorm
|-heal|p1a: Tapu Bulu|34/100 tox|[from] Grassy Terrain
|-damage|p1a: Tapu Bulu|28/100 tox|[from] psn
|-damage|p2a: Skarmory|4/100 brn|[from] brn
|upkeep
|turn|32
|
|t:|1665345150
|move|p1a: Tapu Bulu|Horn Leech|p2a: Skarmory
|-resisted|p2a: Skarmory
|-damage|p2a: Skarmory|0 fnt
|-heal|p1a: Tapu Bulu|29/100 tox|[from] drain|[of] p2a: Skarmory
|faint|p2a: Skarmory
|
|-weather|Sandstorm|[upkeep]
|-damage|p1a: Tapu Bulu|23/100 tox|[from] Sandstorm
|-heal|p1a: Tapu Bulu|29/100 tox|[from] Grassy Terrain
|-damage|p1a: Tapu Bulu|17/100 tox|[from] psn
|upkeep
|
|t:|1665345153
|switch|p2a: Scizor|Scizor, F|67/100
|turn|33
|
|t:|1665345159
|switch|p1a: Cobalion|Cobalion|88/100
|-damage|p1a: Cobalion|85/100|[from] Stealth Rock
|move|p2a: Scizor|Roost|p2a: Scizor
|-heal|p2a: Scizor|100/100
|-singleturn|p2a: Scizor|move: Roost
|
|-weather|none
|-heal|p1a: Cobalion|91/100|[from] Grassy Terrain
|upkeep
|turn|34
|
|t:|1665345169
|switch|p2a: Hippowdon|Hippowdon, F|100/100
|-weather|Sandstorm|[from] ability: Sand Stream|[of] p2a: Hippowdon
|move|p1a: Cobalion|Stealth Rock|p2a: Hippowdon
|-sidestart|p2: JustFranco‽|move: Stealth Rock
|
|-weather|Sandstorm|[upkeep]
|-heal|p1a: Cobalion|97/100|[from] Grassy Terrain
|upkeep
|turn|35
|
|t:|1665345174
|switch|p1a: Slowking|Slowking, F|97/100 tox
|-damage|p1a: Slowking|85/100 tox|[from] Stealth Rock
|move|p2a: Hippowdon|Earthquake|p1a: Slowking
|-damage|p1a: Slowking|72/100 tox
|
|-weather|Sandstorm|[upkeep]
|-damage|p1a: Slowking|65/100 tox|[from] Sandstorm
|-heal|p1a: Slowking|72/100 tox|[from] Grassy Terrain
|-damage|p1a: Slowking|65/100 tox|[from] psn
|-fieldend|move: Grassy Terrain
|upkeep
|turn|36
|
|t:|1665345183
|move|p2a: Hippowdon|Earthquake|p1a: Slowking
|-damage|p1a: Slowking|38/100 tox
|move|p1a: Slowking|Future Sight|p2a: Hippowdon
|-start|p1a: Slowking|move: Future Sight
|
|-weather|Sandstorm|[upkeep]
|-damage|p1a: Slowking|32/100 tox|[from] Sandstorm
|-damage|p1a: Slowking|20/100 tox|[from] psn
|upkeep
|turn|37
|
|t:|1665345195
|switch|p1a: Salamence|Salamence, M|100/100
|-ability|p1a: Salamence|Intimidate|boost
|-unboost|p2a: Hippowdon|atk|1
|move|p2a: Hippowdon|Earthquake|p1a: Salamence
|-immune|p1a: Salamence
|
|-weather|Sandstorm|[upkeep]
|-damage|p1a: Salamence|95/100|[from] Sandstorm
|upkeep
|turn|38
|
|t:|1665345202
|move|p1a: Salamence|Draco Meteor|p2a: Hippowdon
|-damage|p2a: Hippowdon|58/100
|-unboost|p1a: Salamence|spa|2
|move|p2a: Hippowdon|Slack Off|p2a: Hippowdon
|-heal|p2a: Hippowdon|100/100
|
|-weather|none
|-end|p2a: Hippowdon|move: Future Sight
|-damage|p2a: Hippowdon|69/100
|-heal|p2a: Hippowdon|75/100|[from] item: Leftovers
|upkeep
|turn|39
|inactive|Floss has 270 seconds left.
|
|t:|1665345240
|switch|p1a: Slowking|Slowking, F|53/100 tox
|-damage|p1a: Slowking|40/100 tox|[from] Stealth Rock
|move|p2a: Hippowdon|Toxic|p1a: Slowking
|-fail|p1a: Slowking|tox
|
|-heal|p2a: Hippowdon|81/100|[from] item: Leftovers
|-damage|p1a: Slowking|34/100 tox|[from] psn
|upkeep
|turn|40
|inactive|Floss has 270 seconds left.
|
|t:|1665345249
|switch|p2a: Scizor|Scizor, F|100/100
|-damage|p2a: Scizor|88/100|[from] Stealth Rock
|move|p1a: Slowking|Slack Off|p1a: Slowking
|-heal|p1a: Slowking|84/100 tox
|
|-damage|p1a: Slowking|72/100 tox|[from] psn
|upkeep
|turn|41
|inactive|Floss has 270 seconds left.
|
|t:|1665345270
|switch|p1a: Cobalion|Cobalion|97/100
|-damage|p1a: Cobalion|94/100|[from] Stealth Rock
|move|p2a: Scizor|U-turn|p1a: Cobalion
|-resisted|p1a: Cobalion
|-damage|p1a: Cobalion|87/100
|-damage|p2a: Scizor|72/100|[from] item: Rocky Helmet|[of] p1a: Cobalion
|
|t:|1665345273
|switch|p2a: Hippowdon|Hippowdon, F|81/100|[from]move: U-turn
|-damage|p2a: Hippowdon|75/100|[from] Stealth Rock
|-weather|Sandstorm|[from] ability: Sand Stream|[of] p2a: Hippowdon
|
|-weather|Sandstorm|[upkeep]
|-heal|p2a: Hippowdon|81/100|[from] item: Leftovers
|upkeep
|turn|42
|
|t:|1665345278
|switch|p1a: Slowking|Slowking, F|100/100 tox
|-damage|p1a: Slowking|88/100 tox|[from] Stealth Rock
|move|p2a: Hippowdon|Earthquake|p1a: Slowking
|-damage|p1a: Slowking|60/100 tox
|
|-weather|Sandstorm|[upkeep]
|-damage|p1a: Slowking|54/100 tox|[from] Sandstorm
|-heal|p2a: Hippowdon|88/100|[from] item: Leftovers
|-damage|p1a: Slowking|48/100 tox|[from] psn
|upkeep
|turn|43
|
|t:|1665345282
|move|p2a: Hippowdon|Earthquake|p1a: Slowking
|-crit|p1a: Slowking
|-damage|p1a: Slowking|8/100 tox
|move|p1a: Slowking|Slack Off|p1a: Slowking
|-heal|p1a: Slowking|58/100 tox
|
|-weather|Sandstorm|[upkeep]
|-damage|p1a: Slowking|52/100 tox|[from] Sandstorm
|-heal|p2a: Hippowdon|94/100|[from] item: Leftovers
|-damage|p1a: Slowking|40/100 tox|[from] psn
|upkeep
|turn|44
|
|t:|1665345288
|move|p2a: Hippowdon|Earthquake|p1a: Slowking
|-damage|p1a: Slowking|14/100 tox
|move|p1a: Slowking|Slack Off|p1a: Slowking
|-heal|p1a: Slowking|64/100 tox
|
|-weather|Sandstorm|[upkeep]
|-damage|p1a: Slowking|58/100 tox|[from] Sandstorm
|-heal|p2a: Hippowdon|99/100|[from] item: Leftovers
|-damage|p1a: Slowking|40/100 tox|[from] psn
|upkeep
|turn|45
|
|t:|1665345299
|switch|p1a: Salamence|Salamence, M|95/100
|-ability|p1a: Salamence|Intimidate|boost
|-unboost|p2a: Hippowdon|atk|1
|move|p2a: Hippowdon|Toxic|p1a: Salamence
|-status|p1a: Salamence|tox
|
|-weather|none
|-heal|p2a: Hippowdon|100/100|[from] item: Leftovers
|-damage|p1a: Salamence|89/100 tox|[from] psn
|upkeep
|turn|46
|
|t:|1665345315
|switch|p2a: Slowking|Slowking, M|100/100 tox
|-damage|p2a: Slowking|88/100 tox|[from] Stealth Rock
|move|p1a: Salamence|Defog|p2a: Slowking
|-unboost|p2a: Slowking|evasion|1
|-sideend|p2: JustFranco‽|Stealth Rock|[from] move: Defog|[of] p1a: Salamence
|-sideend|p1: Floss|Stealth Rock|[from] move: Defog|[of] p1a: Salamence
|
|-damage|p1a: Salamence|77/100 tox|[from] psn
|-damage|p2a: Slowking|82/100 tox|[from] psn
|upkeep
|turn|47
|
|t:|1665345326
|switch|p1a: Slowking|Slowking, F|73/100 tox
|move|p2a: Slowking|Ice Beam|p1a: Slowking
|-resisted|p1a: Slowking
|-damage|p1a: Slowking|65/100 tox
|
|-damage|p2a: Slowking|70/100 tox|[from] psn
|-damage|p1a: Slowking|59/100 tox|[from] psn
|upkeep
|turn|48
|
|t:|1665345333
|switch|p2a: Hippowdon|Hippowdon, F|100/100
|-weather|Sandstorm|[from] ability: Sand Stream|[of] p2a: Hippowdon
|move|p1a: Slowking|Teleport|p1a: Slowking
|
|t:|1665345338
|switch|p1a: Tapu Bulu|Tapu Bulu|17/100 tox|[from]move: Teleport
|-fieldstart|move: Grassy Terrain|[from] ability: Grassy Surge|[of] p1a: Tapu Bulu
|
|-weather|Sandstorm|[upkeep]
|-damage|p1a: Tapu Bulu|11/100 tox|[from] Sandstorm
|-heal|p1a: Tapu Bulu|17/100 tox|[from] Grassy Terrain
|-damage|p1a: Tapu Bulu|11/100 tox|[from] psn
|upkeep
|turn|49
|
|t:|1665345356
|switch|p1a: Salamence|Salamence, M|77/100 tox
|-ability|p1a: Salamence|Intimidate|boost
|-unboost|p2a: Hippowdon|atk|1
|switch|p2a: Scizor|Scizor, F|72/100
|
|-weather|Sandstorm|[upkeep]
|-damage|p1a: Salamence|71/100 tox|[from] Sandstorm
|-heal|p2a: Scizor|78/100|[from] Grassy Terrain
|-damage|p1a: Salamence|65/100 tox|[from] psn
|upkeep
|turn|50
|
|t:|1665345366
|switch|p1a: Zygarde|Zygarde-10%|100/100
|-ability|p1a: Zygarde|Aura Break
|switch|p2a: Hippowdon|Hippowdon, F|100/100
|
|-weather|Sandstorm|[upkeep]
|upkeep
|turn|51
|
|t:|1665345376
|switch|p2a: Slowking|Slowking, M|100/100 tox
|move|p1a: Zygarde|Thousand Arrows|p2a: Slowking
|-damage|p2a: Slowking|59/100 tox
|
|-weather|Sandstorm|[upkeep]
|-damage|p2a: Slowking|52/100 tox|[from] Sandstorm
|-heal|p2a: Slowking|59/100 tox|[from] Grassy Terrain
|-damage|p2a: Slowking|52/100 tox|[from] psn
|upkeep
|turn|52
|
|t:|1665345385
|switch|p1a: Slowking|Slowking, F|92/100 tox
|switch|p2a: Hippowdon|Hippowdon, F|100/100
|
|-weather|none
|-heal|p1a: Slowking|98/100 tox|[from] Grassy Terrain
|-damage|p1a: Slowking|92/100 tox|[from] psn
|-fieldend|move: Grassy Terrain
|upkeep
|turn|53
|
|t:|1665345391
|move|p2a: Hippowdon|Stealth Rock|p1a: Slowking
|-sidestart|p1: Floss|move: Stealth Rock
|move|p1a: Slowking|Future Sight|p2a: Hippowdon
|-start|p1a: Slowking|move: Future Sight
|
|-damage|p1a: Slowking|80/100 tox|[from] psn
|upkeep
|turn|54
|
|t:|1665345413
|switch|p2a: Scizor|Scizor, F|78/100
|move|p1a: Slowking|Teleport|p1a: Slowking
|
|t:|1665345415
|switch|p1a: Salamence|Salamence, M|65/100 tox|[from]move: Teleport
|-ability|p1a: Salamence|Intimidate|boost
|-unboost|p2a: Scizor|atk|1
|
|-damage|p1a: Salamence|59/100 tox|[from] psn
|upkeep
|turn|55
|
|t:|1665345419
|switch|p1a: Zygarde|Zygarde-10%|100/100
|-damage|p1a: Zygarde|94/100|[from] Stealth Rock
|-ability|p1a: Zygarde|Aura Break
|switch|p2a: Slowking|Slowking, M|86/100 tox
|
|-end|p2a: Slowking|move: Future Sight
|-resisted|p2a: Slowking
|-damage|p2a: Slowking|74/100 tox
|-damage|p2a: Slowking|68/100 tox|[from] psn
|upkeep
|turn|56
|
|t:|1665345433
|switch|p2a: Hippowdon|Hippowdon, F|100/100
|-weather|Sandstorm|[from] ability: Sand Stream|[of] p2a: Hippowdon
|move|p1a: Zygarde|Thousand Arrows|p2a: Hippowdon
|-damage|p2a: Hippowdon|63/100
|
|-weather|Sandstorm|[upkeep]
|-heal|p2a: Hippowdon|70/100|[from] item: Leftovers
|upkeep
|turn|57
|
|t:|1665345443
|switch|p1a: Slowking|Slowking, F|100/100 tox
|-damage|p1a: Slowking|88/100 tox|[from] Stealth Rock
|move|p2a: Hippowdon|Slack Off|p2a: Hippowdon
|-heal|p2a: Hippowdon|100/100
|
|-weather|Sandstorm|[upkeep]
|-damage|p1a: Slowking|82/100 tox|[from] Sandstorm
|-damage|p1a: Slowking|76/100 tox|[from] psn
|upkeep
|turn|58
|
|t:|1665345449
|move|p2a: Hippowdon|Earthquake|p1a: Slowking
|-damage|p1a: Slowking|49/100 tox
|move|p1a: Slowking|Scald|p2a: Hippowdon
|-supereffective|p2a: Hippowdon
|-damage|p2a: Hippowdon|57/100
|-status|p2a: Hippowdon|brn
|
|-weather|Sandstorm|[upkeep]
|-damage|p1a: Slowking|43/100 tox|[from] Sandstorm
|-heal|p2a: Hippowdon|63/100 brn|[from] item: Leftovers
|-damage|p1a: Slowking|31/100 tox|[from] psn
|-damage|p2a: Hippowdon|57/100 brn|[from] brn
|upkeep
|turn|59
|
|t:|1665345452
|move|p2a: Hippowdon|Slack Off|p2a: Hippowdon
|-heal|p2a: Hippowdon|100/100 brn
|move|p1a: Slowking|Slack Off|p1a: Slowking
|-heal|p1a: Slowking|81/100 tox
|
|-weather|Sandstorm|[upkeep]
|-damage|p1a: Slowking|75/100 tox|[from] Sandstorm
|-damage|p1a: Slowking|57/100 tox|[from] psn
|-damage|p2a: Hippowdon|94/100 brn|[from] brn
|upkeep
|turn|60
|
|t:|1665345462
|switch|p2a: Zarude|Zarude-Dada|28/100
|move|p1a: Slowking|Slack Off|p1a: Slowking
|-heal|p1a: Slowking|100/100 tox
|
|-weather|none
|-damage|p1a: Slowking|76/100 tox|[from] psn
|upkeep
|turn|61
|
|t:|1665345465
|switch|p1a: Cobalion|Cobalion|87/100
|-damage|p1a: Cobalion|83/100|[from] Stealth Rock
|move|p2a: Zarude|Jungle Healing|p2a: Zarude
|-heal|p2a: Zarude|53/100
|
|upkeep
|turn|62
|
|t:|1665345473
|switch|p2a: Slowking|Slowking, M|100/100 tox
|move|p1a: Cobalion|Stealth Rock|p2a: Slowking
|-sidestart|p2: JustFranco‽|move: Stealth Rock
|
|-damage|p2a: Slowking|94/100 tox|[from] psn
|upkeep
|turn|63
|
|t:|1665345484
|switch|p1a: Slowking|Slowking, F|100/100 tox
|-damage|p1a: Slowking|88/100 tox|[from] Stealth Rock
|move|p2a: Slowking|Ice Beam|p1a: Slowking
|-resisted|p1a: Slowking
|-damage|p1a: Slowking|80/100 tox
|
|-damage|p2a: Slowking|82/100 tox|[from] psn
|-damage|p1a: Slowking|74/100 tox|[from] psn
|upkeep
|turn|64
|
|t:|1665345500
|switch|p2a: Zarude|Zarude-Dada|53/100
|-damage|p2a: Zarude|41/100|[from] Stealth Rock
|move|p1a: Slowking|Teleport|p1a: Slowking
|
|t:|1665345504
|switch|p1a: Cobalion|Cobalion|83/100|[from]move: Teleport
|-damage|p1a: Cobalion|80/100|[from] Stealth Rock
|
|upkeep
|turn|65
|
|t:|1665345511
|switch|p2a: Hippowdon|Hippowdon, F|94/100 brn
|-damage|p2a: Hippowdon|88/100 brn|[from] Stealth Rock
|-weather|Sandstorm|[from] ability: Sand Stream|[of] p2a: Hippowdon
|move|p1a: Cobalion|Close Combat|p2a: Hippowdon
|-damage|p2a: Hippowdon|60/100 brn
|-unboost|p1a: Cobalion|def|1
|-unboost|p1a: Cobalion|spd|1
|
|-weather|Sandstorm|[upkeep]
|-heal|p2a: Hippowdon|66/100 brn|[from] item: Leftovers
|-damage|p2a: Hippowdon|60/100 brn|[from] brn
|upkeep
|turn|66
|
|t:|1665345517
|move|p1a: Cobalion|Iron Head|p2a: Hippowdon
|-damage|p2a: Hippowdon|39/100 brn
|cant|p2a: Hippowdon|flinch
|
|-weather|Sandstorm|[upkeep]
|-heal|p2a: Hippowdon|45/100 brn|[from] item: Leftovers
|-damage|p2a: Hippowdon|39/100 brn|[from] brn
|upkeep
|turn|67
|
|t:|1665345521
|move|p1a: Cobalion|Iron Head|p2a: Hippowdon
|-damage|p2a: Hippowdon|19/100 brn
|move|p2a: Hippowdon|Slack Off|p2a: Hippowdon
|-heal|p2a: Hippowdon|69/100 brn
|
|-weather|Sandstorm|[upkeep]
|-heal|p2a: Hippowdon|75/100 brn|[from] item: Leftovers
|-damage|p2a: Hippowdon|69/100 brn|[from] brn
|upkeep
|turn|68
|
|t:|1665345527
|switch|p1a: Slowking|Slowking, F|100/100 tox
|-damage|p1a: Slowking|88/100 tox|[from] Stealth Rock
|move|p2a: Hippowdon|Slack Off|p2a: Hippowdon
|-heal|p2a: Hippowdon|100/100 brn
|
|-weather|Sandstorm|[upkeep]
|-damage|p1a: Slowking|82/100 tox|[from] Sandstorm
|-damage|p1a: Slowking|76/100 tox|[from] psn
|-damage|p2a: Hippowdon|94/100 brn|[from] brn
|upkeep
|turn|69
|
|t:|1665345533
|move|p2a: Hippowdon|Earthquake|p1a: Slowking
|-crit|p1a: Slowking
|-damage|p1a: Slowking|56/100 tox
|move|p1a: Slowking|Teleport|p1a: Slowking
|
|t:|1665345538
|switch|p1a: Salamence|Salamence, M|59/100 tox|[from]move: Teleport
|-ability|p1a: Salamence|Intimidate|boost
|-unboost|p2a: Hippowdon|atk|1
|
|-weather|none
|-heal|p2a: Hippowdon|100/100 brn|[from] item: Leftovers
|-damage|p1a: Salamence|53/100 tox|[from] psn
|-damage|p2a: Hippowdon|94/100 brn|[from] brn
|upkeep
|turn|70
|
|t:|1665345545
|switch|p2a: Slowking|Slowking, M|100/100 tox
|-damage|p2a: Slowking|88/100 tox|[from] Stealth Rock
|move|p1a: Salamence|Roost|p1a: Salamence
|-heal|p1a: Salamence|100/100 tox
|-singleturn|p1a: Salamence|move: Roost
|
|-damage|p1a: Salamence|89/100 tox|[from] psn
|-damage|p2a: Slowking|82/100 tox|[from] psn
|upkeep
|turn|71
|
|t:|1665345553
|switch|p1a: Slowking|Slowking, F|89/100 tox
|-damage|p1a: Slowking|77/100 tox|[from] Stealth Rock
|switch|p2a: Zarude|Zarude-Dada|41/100
|-damage|p2a: Zarude|29/100|[from] Stealth Rock
|
|-damage|p1a: Slowking|71/100 tox|[from] psn
|upkeep
|turn|72
|
|t:|1665345559
|switch|p1a: Cobalion|Cobalion|80/100
|-damage|p1a: Cobalion|77/100|[from] Stealth Rock
|move|p2a: Zarude|Jungle Healing|p2a: Zarude
|-heal|p2a: Zarude|54/100
|
|upkeep
|turn|73
|
|t:|1665345563
|switch|p2a: Slowking|Slowking, M|100/100 tox
|-damage|p2a: Slowking|88/100 tox|[from] Stealth Rock
|move|p1a: Cobalion|Iron Head|p2a: Slowking
|-resisted|p2a: Slowking
|-damage|p2a: Slowking|76/100 tox
|
|-damage|p2a: Slowking|70/100 tox|[from] psn
|upkeep
|turn|74
|
|t:|1665345582
|move|p1a: Cobalion|Volt Switch|p2a: Slowking
|-supereffective|p2a: Slowking
|-crit|p2a: Slowking
|-damage|p2a: Slowking|50/100 tox
|
|t:|1665345585
|switch|p1a: Slowking|Slowking, F|100/100 tox|[from]move: Volt Switch
|-damage|p1a: Slowking|88/100 tox|[from] Stealth Rock
|move|p2a: Slowking|Scald|p1a: Slowking
|-resisted|p1a: Slowking
|-damage|p1a: Slowking|76/100 tox
|
|-damage|p2a: Slowking|38/100 tox|[from] psn
|-damage|p1a: Slowking|70/100 tox|[from] psn
|upkeep
|turn|75
|
|t:|1665345592
|switch|p2a: Hippowdon|Hippowdon, F|94/100 brn
|-damage|p2a: Hippowdon|88/100 brn|[from] Stealth Rock
|-weather|Sandstorm|[from] ability: Sand Stream|[of] p2a: Hippowdon
|move|p1a: Slowking|Scald|p2a: Hippowdon
|-supereffective|p2a: Hippowdon
|-damage|p2a: Hippowdon|41/100 brn
|
|-weather|Sandstorm|[upkeep]
|-damage|p1a: Slowking|64/100 tox|[from] Sandstorm
|-heal|p2a: Hippowdon|47/100 brn|[from] item: Leftovers
|-damage|p1a: Slowking|52/100 tox|[from] psn
|-damage|p2a: Hippowdon|41/100 brn|[from] brn
|upkeep
|turn|76
|
|t:|1665345597
|move|p2a: Hippowdon|Slack Off|p2a: Hippowdon
|-heal|p2a: Hippowdon|91/100 brn
|move|p1a: Slowking|Scald|p2a: Hippowdon
|-supereffective|p2a: Hippowdon
|-damage|p2a: Hippowdon|46/100 brn
|
|-weather|Sandstorm|[upkeep]
|-damage|p1a: Slowking|46/100 tox|[from] Sandstorm
|-heal|p2a: Hippowdon|52/100 brn|[from] item: Leftovers
|-damage|p1a: Slowking|28/100 tox|[from] psn
|-damage|p2a: Hippowdon|46/100 brn|[from] brn
|upkeep
|turn|77
|
|t:|1665345602
|move|p2a: Hippowdon|Slack Off|p2a: Hippowdon
|-heal|p2a: Hippowdon|96/100 brn
|move|p1a: Slowking|Teleport|p1a: Slowking
|
|t:|1665345607
|switch|p1a: Salamence|Salamence, M|89/100 tox|[from]move: Teleport
|-ability|p1a: Salamence|Intimidate|boost
|-unboost|p2a: Hippowdon|atk|1
|
|-weather|Sandstorm|[upkeep]
|-damage|p1a: Salamence|83/100 tox|[from] Sandstorm
|-heal|p2a: Hippowdon|100/100 brn|[from] item: Leftovers
|-damage|p1a: Salamence|77/100 tox|[from] psn
|-damage|p2a: Hippowdon|94/100 brn|[from] brn
|upkeep
|turn|78
|
|t:|1665345620
|move|p1a: Salamence|Draco Meteor|p2a: Hippowdon
|-damage|p2a: Hippowdon|45/100 brn
|-unboost|p1a: Salamence|spa|2
|move|p2a: Hippowdon|Earthquake|p1a: Salamence
|-immune|p1a: Salamence
|
|-weather|Sandstorm|[upkeep]
|-damage|p1a: Salamence|71/100 tox|[from] Sandstorm
|-heal|p2a: Hippowdon|52/100 brn|[from] item: Leftovers
|-damage|p1a: Salamence|59/100 tox|[from] psn
|-damage|p2a: Hippowdon|45/100 brn|[from] brn
|upkeep
|turn|79
|
|t:|1665345628
|move|p1a: Salamence|Roost|p1a: Salamence
|-heal|p1a: Salamence|100/100 tox
|-singleturn|p1a: Salamence|move: Roost
|move|p2a: Hippowdon|Slack Off|p2a: Hippowdon
|-heal|p2a: Hippowdon|95/100 brn
|
|-weather|none
|-heal|p2a: Hippowdon|100/100 brn|[from] item: Leftovers
|-damage|p1a: Salamence|83/100 tox|[from] psn
|-damage|p2a: Hippowdon|94/100 brn|[from] brn
|upkeep
|turn|80
|
|t:|1665345633
|switch|p1a: Slowking|Slowking, F|61/100 tox
|-damage|p1a: Slowking|48/100 tox|[from] Stealth Rock
|switch|p2a: Slowking|Slowking, M|71/100 tox
|-damage|p2a: Slowking|59/100 tox|[from] Stealth Rock
|
|-damage|p2a: Slowking|52/100 tox|[from] psn
|-damage|p1a: Slowking|42/100 tox|[from] psn
|upkeep
|turn|81
|
|t:|1665345643
|switch|p2a: Scizor|Scizor, F|78/100
|-damage|p2a: Scizor|66/100|[from] Stealth Rock
|move|p1a: Slowking|Teleport|p1a: Slowking
|
|t:|1665345647
|switch|p1a: Salamence|Salamence, M|83/100 tox|[from]move: Teleport
|-ability|p1a: Salamence|Intimidate|boost
|-unboost|p2a: Scizor|atk|1
|
|-damage|p1a: Salamence|77/100 tox|[from] psn
|upkeep
|turn|82
|
|t:|1665345654
|switch|p1a: Slowking|Slowking, F|76/100 tox
|-damage|p1a: Slowking|63/100 tox|[from] Stealth Rock
|switch|p2a: Slowking|Slowking, M|86/100 tox
|-damage|p2a: Slowking|73/100 tox|[from] Stealth Rock
|
|-damage|p2a: Slowking|67/100 tox|[from] psn
|-damage|p1a: Slowking|57/100 tox|[from] psn
|upkeep
|turn|83
|
|t:|1665345666
|switch|p2a: Zarude|Zarude-Dada|54/100
|-damage|p2a: Zarude|42/100|[from] Stealth Rock
|move|p1a: Slowking|Scald|p2a: Zarude
|-resisted|p2a: Zarude
|-damage|p2a: Zarude|28/100
|-status|p2a: Zarude|brn
|
|-damage|p1a: Slowking|45/100 tox|[from] psn
|-damage|p2a: Zarude|22/100 brn|[from] brn
|upkeep
|turn|84
|
|t:|1665345672
|move|p2a: Zarude|Jungle Healing|p2a: Zarude
|-heal|p2a: Zarude|47/100 brn
|-curestatus|p2a: Zarude|brn|[msg]
|move|p1a: Slowking|Teleport|p1a: Slowking
|
|t:|1665345678
|switch|p1a: Zygarde|Zygarde-10%|94/100|[from]move: Teleport
|-damage|p1a: Zygarde|88/100|[from] Stealth Rock
|-ability|p1a: Zygarde|Aura Break
|
|upkeep
|turn|85
|
|t:|1665345704
|move|p1a: Zygarde|Outrage|p2a: Zarude
|-damage|p2a: Zarude|0 fnt
|faint|p2a: Zarude
|
|upkeep
|inactive|JustFranco‽ has 270 seconds left.
|
|t:|1665345724
|switch|p2a: Slowking|Slowking, M|100/100 tox
|-damage|p2a: Slowking|88/100 tox|[from] Stealth Rock
|turn|86
|
|t:|1665345726
|move|p1a: Zygarde|Outrage|p2a: Slowking|[from]lockedmove
|-damage|p2a: Slowking|27/100 tox
|-start|p1a: Zygarde|confusion|[fatigue]
|move|p2a: Slowking|Ice Beam|p1a: Zygarde
|-supereffective|p1a: Zygarde
|-damage|p1a: Zygarde|0 fnt
|faint|p1a: Zygarde
|
|-damage|p2a: Slowking|21/100 tox|[from] psn
|upkeep
|
|t:|1665345733
|switch|p1a: Slowking|Slowking, F|78/100 tox
|-damage|p1a: Slowking|66/100 tox|[from] Stealth Rock
|turn|87
|
|t:|1665345743
|switch|p2a: Scizor|Scizor, F|66/100
|-damage|p2a: Scizor|53/100|[from] Stealth Rock
|move|p1a: Slowking|Scald|p2a: Scizor
|-damage|p2a: Scizor|24/100
|-status|p2a: Scizor|brn
|
|-damage|p1a: Slowking|60/100 tox|[from] psn
|-damage|p2a: Scizor|18/100 brn|[from] brn
|upkeep
|turn|88
|
|t:|1665345747
|switch|p1a: Cobalion|Cobalion|77/100
|-damage|p1a: Cobalion|74/100|[from] Stealth Rock
|move|p2a: Scizor|Roost|p2a: Scizor
|-heal|p2a: Scizor|68/100 brn
|-singleturn|p2a: Scizor|move: Roost
|
|-damage|p2a: Scizor|62/100 brn|[from] brn
|upkeep
|turn|89
|
|t:|1665345750
|move|p1a: Cobalion|Close Combat|p2a: Scizor
|-damage|p2a: Scizor|22/100 brn
|-unboost|p1a: Cobalion|def|1
|-unboost|p1a: Cobalion|spd|1
|move|p2a: Scizor|Roost|p2a: Scizor
|-heal|p2a: Scizor|72/100 brn
|-singleturn|p2a: Scizor|move: Roost
|
|-damage|p2a: Scizor|66/100 brn|[from] brn
|upkeep
|turn|90
|
|t:|1665345755
|move|p1a: Cobalion|Close Combat|p2a: Scizor
|-damage|p2a: Scizor|21/100 brn
|-unboost|p1a: Cobalion|def|1
|-unboost|p1a: Cobalion|spd|1
|move|p2a: Scizor|Roost|p2a: Scizor
|-heal|p2a: Scizor|71/100 brn
|-singleturn|p2a: Scizor|move: Roost
|
|-damage|p2a: Scizor|65/100 brn|[from] brn
|upkeep
|turn|91
|
|t:|1665345758
|switch|p1a: Salamence|Salamence, M|77/100 tox
|-ability|p1a: Salamence|Intimidate|boost
|-unboost|p2a: Scizor|atk|1
|move|p2a: Scizor|Roost|p2a: Scizor
|-heal|p2a: Scizor|100/100 brn
|-singleturn|p2a: Scizor|move: Roost
|
|-damage|p1a: Salamence|71/100 tox|[from] psn
|-damage|p2a: Scizor|94/100 brn|[from] brn
|upkeep
|turn|92
|
|t:|1665345765
|switch|p2a: Slowking|Slowking, M|55/100 tox
|-damage|p2a: Slowking|42/100 tox|[from] Stealth Rock
|move|p1a: Salamence|Flamethrower|p2a: Slowking
|-resisted|p2a: Slowking
|-damage|p2a: Slowking|36/100 tox
|
|-damage|p1a: Salamence|59/100 tox|[from] psn
|-damage|p2a: Slowking|30/100 tox|[from] psn
|upkeep
|turn|93
|
|t:|1665345792
|switch|p2a: Hippowdon|Hippowdon, F|94/100 brn
|-damage|p2a: Hippowdon|88/100 brn|[from] Stealth Rock
|-weather|Sandstorm|[from] ability: Sand Stream|[of] p2a: Hippowdon
|move|p1a: Salamence|Roost|p1a: Salamence
|-heal|p1a: Salamence|100/100 tox
|-singleturn|p1a: Salamence|move: Roost
|
|-weather|Sandstorm|[upkeep]
|-damage|p1a: Salamence|95/100 tox|[from] Sandstorm
|-heal|p2a: Hippowdon|94/100 brn|[from] item: Leftovers
|-damage|p1a: Salamence|77/100 tox|[from] psn
|-damage|p2a: Hippowdon|88/100 brn|[from] brn
|upkeep
|turn|94
|
|t:|1665345809
|switch|p1a: Slowking|Slowking, F|93/100 tox
|-damage|p1a: Slowking|80/100 tox|[from] Stealth Rock
|move|p2a: Hippowdon|Slack Off|p2a: Hippowdon
|-heal|p2a: Hippowdon|100/100 brn
|
|-weather|Sandstorm|[upkeep]
|-damage|p1a: Slowking|74/100 tox|[from] Sandstorm
|-damage|p1a: Slowking|68/100 tox|[from] psn
|-damage|p2a: Hippowdon|94/100 brn|[from] brn
|upkeep
|turn|95
|
|t:|1665345814
|switch|p2a: Slowking|Slowking, M|63/100 tox
|-damage|p2a: Slowking|50/100 tox|[from] Stealth Rock
|move|p1a: Slowking|Future Sight|p2a: Slowking
|-start|p1a: Slowking|move: Future Sight
|
|-weather|Sandstorm|[upkeep]
|-damage|p2a: Slowking|44/100 tox|[from] Sandstorm
|-damage|p1a: Slowking|62/100 tox|[from] Sandstorm
|-damage|p2a: Slowking|38/100 tox|[from] psn
|-damage|p1a: Slowking|50/100 tox|[from] psn
|upkeep
|turn|96
|
|t:|1665345829
|switch|p2a: Hippowdon|Hippowdon, F|94/100 brn
|-damage|p2a: Hippowdon|88/100 brn|[from] Stealth Rock
|move|p1a: Slowking|Teleport|p1a: Slowking
|
|t:|1665345835
|switch|p1a: Salamence|Salamence, M|77/100 tox|[from]move: Teleport
|-ability|p1a: Salamence|Intimidate|boost
|-unboost|p2a: Hippowdon|atk|1
|
|-weather|Sandstorm|[upkeep]
|-damage|p1a: Salamence|71/100 tox|[from] Sandstorm
|-heal|p2a: Hippowdon|94/100 brn|[from] item: Leftovers
|-damage|p1a: Salamence|65/100 tox|[from] psn
|-damage|p2a: Hippowdon|88/100 brn|[from] brn
|upkeep
|turn|97
|
|t:|1665345841
|move|p1a: Salamence|Roost|p1a: Salamence
|-heal|p1a: Salamence|100/100 tox
|-singleturn|p1a: Salamence|move: Roost
|move|p2a: Hippowdon|Slack Off|p2a: Hippowdon
|-heal|p2a: Hippowdon|100/100 brn
|
|-weather|none
|-end|p2a: Hippowdon|move: Future Sight
|-damage|p2a: Hippowdon|65/100 brn
|-heal|p2a: Hippowdon|72/100 brn|[from] item: Leftovers
|-damage|p1a: Salamence|89/100 tox|[from] psn
|-damage|p2a: Hippowdon|65/100 brn|[from] brn
|upkeep
|turn|98
|
|t:|1665345846
|move|p1a: Salamence|Draco Meteor|p2a: Hippowdon|[miss]
|-miss|p1a: Salamence|p2a: Hippowdon
|move|p2a: Hippowdon|Slack Off|p2a: Hippowdon
|-heal|p2a: Hippowdon|100/100 brn
|
|-damage|p1a: Salamence|71/100 tox|[from] psn
|-damage|p2a: Hippowdon|94/100 brn|[from] brn
|upkeep
|turn|99
|
|t:|1665345850
|switch|p1a: Slowking|Slowking, F|83/100 tox
|-damage|p1a: Slowking|71/100 tox|[from] Stealth Rock
|switch|p2a: Slowking|Slowking, M|71/100 tox
|-damage|p2a: Slowking|59/100 tox|[from] Stealth Rock
|
|-damage|p2a: Slowking|53/100 tox|[from] psn
|-damage|p1a: Slowking|65/100 tox|[from] psn
|upkeep
|turn|100
|
|t:|1665345857
|switch|p2a: Scizor|Scizor, F|94/100 brn
|-damage|p2a: Scizor|82/100 brn|[from] Stealth Rock
|move|p1a: Slowking|Future Sight|p2a: Scizor
|-start|p1a: Slowking|move: Future Sight
|
|-damage|p1a: Slowking|53/100 tox|[from] psn
|-damage|p2a: Scizor|76/100 brn|[from] brn
|upkeep
|turn|101
|
|t:|1665345869
|move|p2a: Scizor|Knock Off|p1a: Slowking
|-supereffective|p1a: Slowking
|-enditem|p1a: Slowking|Colbur Berry|[eat]
|-enditem|p1a: Slowking|Colbur Berry|[weaken]
|-damage|p1a: Slowking|41/100 tox
|move|p1a: Slowking|Teleport|p1a: Slowking
|
|t:|1665345872
|switch|p1a: Salamence|Salamence, M|71/100 tox|[from]move: Teleport
|-ability|p1a: Salamence|Intimidate|boost
|-unboost|p2a: Scizor|atk|1
|
|-damage|p1a: Salamence|65/100 tox|[from] psn
|-damage|p2a: Scizor|70/100 brn|[from] brn
|upkeep
|turn|102
|
|t:|1665345880
|switch|p2a: Slowking|Slowking, M|86/100 tox
|-damage|p2a: Slowking|74/100 tox|[from] Stealth Rock
|move|p1a: Salamence|Draco Meteor|p2a: Slowking
|-crit|p2a: Slowking
|-damage|p2a: Slowking|25/100 tox
|-unboost|p1a: Salamence|spa|2
|
|-end|p2a: Slowking|move: Future Sight
|-resisted|p2a: Slowking
|-damage|p2a: Slowking|14/100 tox
|-damage|p1a: Salamence|53/100 tox|[from] psn
|-damage|p2a: Slowking|8/100 tox|[from] psn
|upkeep
|turn|103
|
|t:|1665345890
|switch|p2a: Scizor|Scizor, F|70/100 brn
|-damage|p2a: Scizor|58/100 brn|[from] Stealth Rock
|move|p1a: Salamence|Roost|p1a: Salamence
|-heal|p1a: Salamence|100/100 tox
|-singleturn|p1a: Salamence|move: Roost
|
|-damage|p1a: Salamence|83/100 tox|[from] psn
|-damage|p2a: Scizor|52/100 brn|[from] brn
|upkeep
|turn|104
|
|t:|1665345905
|move|p1a: Salamence|Draco Meteor|p2a: Scizor
|-resisted|p2a: Scizor
|-crit|p2a: Scizor
|-damage|p2a: Scizor|9/100 brn
|-unboost|p1a: Salamence|spa|2
|move|p2a: Scizor|Roost|p2a: Scizor
|-heal|p2a: Scizor|59/100 brn
|-singleturn|p2a: Scizor|move: Roost
|
|-damage|p1a: Salamence|59/100 tox|[from] psn
|-damage|p2a: Scizor|53/100 brn|[from] brn
|upkeep
|turn|105
|c|☆JustFranco‽|stop
|c|☆Floss|u dodged toxic
|
|t:|1665345919
|switch|p1a: Slowking|Slowking, F|74/100 tox
|-damage|p1a: Slowking|61/100 tox|[from] Stealth Rock
|move|p2a: Scizor|Roost|p2a: Scizor
|-heal|p2a: Scizor|100/100 brn
|-singleturn|p2a: Scizor|move: Roost
|
|-damage|p1a: Slowking|55/100 tox|[from] psn
|-damage|p2a: Scizor|94/100 brn|[from] brn
|upkeep
|turn|106
|c|☆Floss|u cant say anything now..
|
|t:|1665345932
|move|p2a: Scizor|U-turn|p1a: Slowking
|-supereffective|p1a: Slowking
|-damage|p1a: Slowking|31/100 tox
|
|t:|1665345934
|switch|p2a: Slowking|Slowking, M|41/100 tox|[from]move: U-turn
|-damage|p2a: Slowking|29/100 tox|[from] Stealth Rock
|move|p1a: Slowking|Slack Off|p1a: Slowking
|-heal|p1a: Slowking|81/100 tox
|
|-damage|p2a: Slowking|23/100 tox|[from] psn
|-damage|p1a: Slowking|69/100 tox|[from] psn
|upkeep
|turn|107
|
|t:|1665345946
|switch|p2a: Hippowdon|Hippowdon, F|94/100 brn
|-damage|p2a: Hippowdon|88/100 brn|[from] Stealth Rock
|-weather|Sandstorm|[from] ability: Sand Stream|[of] p2a: Hippowdon
|move|p1a: Slowking|Scald|p2a: Hippowdon
|-supereffective|p2a: Hippowdon
|-crit|p2a: Hippowdon
|-damage|p2a: Hippowdon|15/100 brn
|
|-weather|Sandstorm|[upkeep]
|-damage|p1a: Slowking|63/100 tox|[from] Sandstorm
|-heal|p2a: Hippowdon|21/100 brn|[from] item: Leftovers
|-damage|p1a: Slowking|45/100 tox|[from] psn
|-damage|p2a: Hippowdon|15/100 brn|[from] brn
|upkeep
|turn|108
|
|t:|1665345950
|move|p2a: Hippowdon|Slack Off|p2a: Hippowdon
|-heal|p2a: Hippowdon|65/100 brn
|move|p1a: Slowking|Scald|p2a: Hippowdon
|-supereffective|p2a: Hippowdon
|-damage|p2a: Hippowdon|16/100 brn
|
|-weather|Sandstorm|[upkeep]
|-damage|p1a: Slowking|39/100 tox|[from] Sandstorm
|-heal|p2a: Hippowdon|22/100 brn|[from] item: Leftovers
|-damage|p1a: Slowking|14/100 tox|[from] psn
|-damage|p2a: Hippowdon|16/100 brn|[from] brn
|upkeep
|turn|109
|
|t:|1665345959
|switch|p1a: Salamence|Salamence, M|59/100 tox
|-ability|p1a: Salamence|Intimidate|boost
|-unboost|p2a: Hippowdon|atk|1
|move|p2a: Hippowdon|Slack Off|p2a: Hippowdon
|-heal|p2a: Hippowdon|66/100 brn
|
|-weather|Sandstorm|[upkeep]
|-damage|p1a: Salamence|53/100 tox|[from] Sandstorm
|-heal|p2a: Hippowdon|72/100 brn|[from] item: Leftovers
|-damage|p1a: Salamence|47/100 tox|[from] psn
|-damage|p2a: Hippowdon|66/100 brn|[from] brn
|upkeep
|turn|110
|
|t:|1665345970
|switch|p2a: Slowking|Slowking, M|56/100 tox
|-damage|p2a: Slowking|44/100 tox|[from] Stealth Rock
|move|p1a: Salamence|Draco Meteor|p2a: Slowking|[miss]
|-miss|p1a: Salamence|p2a: Slowking
|
|-weather|Sandstorm|[upkeep]
|-damage|p1a: Salamence|41/100 tox|[from] Sandstorm
|-damage|p2a: Slowking|38/100 tox|[from] Sandstorm
|-damage|p1a: Salamence|29/100 tox|[from] psn
|-damage|p2a: Slowking|32/100 tox|[from] psn
|upkeep
|turn|111
|
|t:|1665345994
|switch|p1a: Cobalion|Cobalion|74/100
|-damage|p1a: Cobalion|71/100|[from] Stealth Rock
|move|p2a: Slowking|Ice Beam|p1a: Cobalion
|-resisted|p1a: Cobalion
|-damage|p1a: Cobalion|57/100
|
|-weather|none
|-damage|p2a: Slowking|19/100 tox|[from] psn
|upkeep
|turn|112
|
|t:|1665346006
|switch|p2a: Hippowdon|Hippowdon, F|66/100 brn
|-damage|p2a: Hippowdon|60/100 brn|[from] Stealth Rock
|-weather|Sandstorm|[from] ability: Sand Stream|[of] p2a: Hippowdon
|move|p1a: Cobalion|Close Combat|p2a: Hippowdon
|-damage|p2a: Hippowdon|30/100 brn
|-unboost|p1a: Cobalion|def|1
|-unboost|p1a: Cobalion|spd|1
|
|-weather|Sandstorm|[upkeep]
|-heal|p2a: Hippowdon|36/100 brn|[from] item: Leftovers
|-damage|p2a: Hippowdon|30/100 brn|[from] brn
|upkeep
|turn|113
|
|t:|1665346017
|move|p1a: Cobalion|Close Combat|p2a: Hippowdon
|-damage|p2a: Hippowdon|1/100 brn
|-unboost|p1a: Cobalion|def|1
|-unboost|p1a: Cobalion|spd|1
|move|p2a: Hippowdon|Slack Off|p2a: Hippowdon
|-heal|p2a: Hippowdon|51/100 brn
|
|-weather|Sandstorm|[upkeep]
|-heal|p2a: Hippowdon|57/100 brn|[from] item: Leftovers
|-damage|p2a: Hippowdon|51/100 brn|[from] brn
|upkeep
|turn|114
|
|t:|1665346021
|switch|p1a: Salamence|Salamence, M|29/100 tox
|-ability|p1a: Salamence|Intimidate|boost
|-unboost|p2a: Hippowdon|atk|1
|move|p2a: Hippowdon|Slack Off|p2a: Hippowdon
|-heal|p2a: Hippowdon|100/100 brn
|
|-weather|Sandstorm|[upkeep]
|-damage|p1a: Salamence|23/100 tox|[from] Sandstorm
|-damage|p1a: Salamence|17/100 tox|[from] psn
|-damage|p2a: Hippowdon|94/100 brn|[from] brn
|upkeep
|turn|115
|
|t:|1665346028
|switch|p2a: Slowking|Slowking, M|53/100 tox
|-damage|p2a: Slowking|40/100 tox|[from] Stealth Rock
|move|p1a: Salamence|Roost|p1a: Salamence
|-heal|p1a: Salamence|67/100 tox
|-singleturn|p1a: Salamence|move: Roost
|
|-weather|Sandstorm|[upkeep]
|-damage|p1a: Salamence|61/100 tox|[from] Sandstorm
|-damage|p2a: Slowking|34/100 tox|[from] Sandstorm
|-damage|p1a: Salamence|49/100 tox|[from] psn
|-damage|p2a: Slowking|28/100 tox|[from] psn
|upkeep
|turn|116
|
|t:|1665346034
|switch|p2a: Scizor|Scizor, F|94/100 brn
|-damage|p2a: Scizor|82/100 brn|[from] Stealth Rock
|move|p1a: Salamence|Draco Meteor|p2a: Scizor
|-resisted|p2a: Scizor
|-damage|p2a: Scizor|54/100 brn
|-unboost|p1a: Salamence|spa|2
|
|-weather|none
|-damage|p1a: Salamence|31/100 tox|[from] psn
|-damage|p2a: Scizor|48/100 brn|[from] brn
|upkeep
|turn|117
|
|t:|1665346042
|switch|p1a: Slowking|Slowking, F|48/100 tox
|-damage|p1a: Slowking|35/100 tox|[from] Stealth Rock
|move|p2a: Scizor|Roost|p2a: Scizor
|-heal|p2a: Scizor|98/100 brn
|-singleturn|p2a: Scizor|move: Roost
|
|-damage|p1a: Slowking|29/100 tox|[from] psn
|-damage|p2a: Scizor|92/100 brn|[from] brn
|upkeep
|turn|118
|
|t:|1665346048
|switch|p1a: Cobalion|Cobalion|57/100
|-damage|p1a: Cobalion|54/100|[from] Stealth Rock
|move|p2a: Scizor|U-turn|p1a: Cobalion
|-resisted|p1a: Cobalion
|-damage|p1a: Cobalion|51/100
|-damage|p2a: Scizor|76/100 brn|[from] item: Rocky Helmet|[of] p1a: Cobalion
|
|t:|1665346052
|switch|p2a: Slowking|Slowking, M|61/100 tox|[from]move: U-turn
|-damage|p2a: Slowking|49/100 tox|[from] Stealth Rock
|
|-damage|p2a: Slowking|43/100 tox|[from] psn
|upkeep
|turn|119
|
|t:|1665346065
|switch|p2a: Hippowdon|Hippowdon, F|94/100 brn
|-damage|p2a: Hippowdon|88/100 brn|[from] Stealth Rock
|-weather|Sandstorm|[from] ability: Sand Stream|[of] p2a: Hippowdon
|move|p1a: Cobalion|Iron Head|p2a: Hippowdon
|-damage|p2a: Hippowdon|66/100 brn
|
|-weather|Sandstorm|[upkeep]
|-heal|p2a: Hippowdon|72/100 brn|[from] item: Leftovers
|-damage|p2a: Hippowdon|66/100 brn|[from] brn
|upkeep
|turn|120
|
|t:|1665346072
|switch|p1a: Salamence|Salamence, M|31/100 tox
|-ability|p1a: Salamence|Intimidate|boost
|-unboost|p2a: Hippowdon|atk|1
|switch|p2a: Slowking|Slowking, M|76/100 tox
|-damage|p2a: Slowking|64/100 tox|[from] Stealth Rock
|
|-weather|Sandstorm|[upkeep]
|-damage|p1a: Salamence|25/100 tox|[from] Sandstorm
|-damage|p2a: Slowking|57/100 tox|[from] Sandstorm
|-damage|p1a: Salamence|19/100 tox|[from] psn
|-damage|p2a: Slowking|51/100 tox|[from] psn
|upkeep
|turn|121
|
|t:|1665346086
|switch|p1a: Slowking|Slowking, F|62/100 tox
|-damage|p1a: Slowking|50/100 tox|[from] Stealth Rock
|move|p2a: Slowking|Fire Blast|p1a: Slowking
|-resisted|p1a: Slowking
|-damage|p1a: Slowking|39/100 tox
|
|-weather|Sandstorm|[upkeep]
|-damage|p2a: Slowking|45/100 tox|[from] Sandstorm
|-damage|p1a: Slowking|33/100 tox|[from] Sandstorm
|-damage|p2a: Slowking|33/100 tox|[from] psn
|-damage|p1a: Slowking|27/100 tox|[from] psn
|upkeep
|turn|122
|
|t:|1665346098
|switch|p2a: Hippowdon|Hippowdon, F|66/100 brn
|-damage|p2a: Hippowdon|60/100 brn|[from] Stealth Rock
|move|p1a: Slowking|Slack Off|p1a: Slowking
|-heal|p1a: Slowking|77/100 tox
|
|-weather|Sandstorm|[upkeep]
|-damage|p1a: Slowking|71/100 tox|[from] Sandstorm
|-heal|p2a: Hippowdon|66/100 brn|[from] item: Leftovers
|-damage|p1a: Slowking|58/100 tox|[from] psn
|-damage|p2a: Hippowdon|60/100 brn|[from] brn
|upkeep
|turn|123
|
|t:|1665346121
|switch|p2a: Slowking|Slowking, M|66/100 tox
|-damage|p2a: Slowking|54/100 tox|[from] Stealth Rock
|move|p1a: Slowking|Future Sight|p2a: Slowking
|-start|p1a: Slowking|move: Future Sight
|
|-weather|none
|-damage|p2a: Slowking|48/100 tox|[from] psn
|-damage|p1a: Slowking|40/100 tox|[from] psn
|upkeep
|turn|124
|
|t:|1665346128
|switch|p2a: Hippowdon|Hippowdon, F|60/100 brn
|-damage|p2a: Hippowdon|54/100 brn|[from] Stealth Rock
|-weather|Sandstorm|[from] ability: Sand Stream|[of] p2a: Hippowdon
|move|p1a: Slowking|Teleport|p1a: Slowking
|
|t:|1665346131
|switch|p1a: Salamence|Salamence, M|19/100 tox|[from]move: Teleport
|-ability|p1a: Salamence|Intimidate|boost
|-unboost|p2a: Hippowdon|atk|1
|
|-weather|Sandstorm|[upkeep]
|-damage|p1a: Salamence|13/100 tox|[from] Sandstorm
|-heal|p2a: Hippowdon|60/100 brn|[from] item: Leftovers
|-damage|p1a: Salamence|7/100 tox|[from] psn
|-damage|p2a: Hippowdon|54/100 brn|[from] brn
|upkeep
|turn|125
|
|t:|1665346140
|switch|p2a: Slowking|Slowking, M|81/100 tox
|-damage|p2a: Slowking|69/100 tox|[from] Stealth Rock
|move|p1a: Salamence|Roost|p1a: Salamence
|-heal|p1a: Salamence|57/100 tox
|-singleturn|p1a: Salamence|move: Roost
|
|-weather|Sandstorm|[upkeep]
|-damage|p1a: Salamence|51/100 tox|[from] Sandstorm
|-damage|p2a: Slowking|63/100 tox|[from] Sandstorm
|-end|p2a: Slowking|move: Future Sight
|-resisted|p2a: Slowking
|-damage|p2a: Slowking|52/100 tox
|-damage|p1a: Salamence|39/100 tox|[from] psn
|-damage|p2a: Slowking|46/100 tox|[from] psn
|upkeep
|turn|126
|
|t:|1665346152
|switch|p1a: Slowking|Slowking, F|73/100 tox
|-damage|p1a: Slowking|61/100 tox|[from] Stealth Rock
|switch|p2a: Scizor|Scizor, F|76/100 brn
|-damage|p2a: Scizor|63/100 brn|[from] Stealth Rock
|
|-weather|Sandstorm|[upkeep]
|-damage|p1a: Slowking|55/100 tox|[from] Sandstorm
|-damage|p1a: Slowking|49/100 tox|[from] psn
|-damage|p2a: Scizor|57/100 brn|[from] brn
|upkeep
|turn|127
|
|t:|1665346157
|move|p2a: Scizor|Roost|p2a: Scizor
|-heal|p2a: Scizor|100/100 brn
|-singleturn|p2a: Scizor|move: Roost
|move|p1a: Slowking|Slack Off|p1a: Slowking
|-heal|p1a: Slowking|99/100 tox
|
|-weather|Sandstorm|[upkeep]
|-damage|p1a: Slowking|93/100 tox|[from] Sandstorm
|-damage|p1a: Slowking|80/100 tox|[from] psn
|-damage|p2a: Scizor|94/100 brn|[from] brn
|upkeep
|turn|128
|
|t:|1665346165
|move|p2a: Scizor|U-turn|p1a: Slowking
|-supereffective|p1a: Slowking
|-damage|p1a: Slowking|56/100 tox
|
|t:|1665346168
|switch|p2a: Slowking|Slowking, M|79/100 tox|[from]move: U-turn
|-damage|p2a: Slowking|67/100 tox|[from] Stealth Rock
|move|p1a: Slowking|Future Sight|p2a: Slowking
|-start|p1a: Slowking|move: Future Sight
|
|-weather|none
|-damage|p2a: Slowking|61/100 tox|[from] psn
|-damage|p1a: Slowking|38/100 tox|[from] psn
|upkeep
|turn|129
|
|t:|1665346176
|switch|p2a: Hippowdon|Hippowdon, F|54/100 brn
|-damage|p2a: Hippowdon|47/100 brn|[from] Stealth Rock
|-weather|Sandstorm|[from] ability: Sand Stream|[of] p2a: Hippowdon
|move|p1a: Slowking|Teleport|p1a: Slowking
|
|t:|1665346180
|switch|p1a: Cobalion|Cobalion|51/100|[from]move: Teleport
|-damage|p1a: Cobalion|48/100|[from] Stealth Rock
|
|-weather|Sandstorm|[upkeep]
|-heal|p2a: Hippowdon|54/100 brn|[from] item: Leftovers
|-damage|p2a: Hippowdon|47/100 brn|[from] brn
|upkeep
|turn|130
|
|t:|1665346192
|move|p1a: Cobalion|Close Combat|p2a: Hippowdon
|-damage|p2a: Hippowdon|19/100 brn
|-unboost|p1a: Cobalion|def|1
|-unboost|p1a: Cobalion|spd|1
|move|p2a: Hippowdon|Slack Off|p2a: Hippowdon
|-heal|p2a: Hippowdon|69/100 brn
|
|-weather|Sandstorm|[upkeep]
|-end|p2a: Hippowdon|move: Future Sight
|-damage|p2a: Hippowdon|37/100 brn
|-heal|p2a: Hippowdon|43/100 brn|[from] item: Leftovers
|-damage|p2a: Hippowdon|37/100 brn|[from] brn
|upkeep
|turn|131
|
|t:|1665346204
|switch|p1a: Slowking|Slowking, F|71/100 tox
|-damage|p1a: Slowking|58/100 tox|[from] Stealth Rock
|switch|p2a: Slowking|Slowking, M|94/100 tox
|-damage|p2a: Slowking|81/100 tox|[from] Stealth Rock
|
|-weather|Sandstorm|[upkeep]
|-damage|p2a: Slowking|75/100 tox|[from] Sandstorm
|-damage|p1a: Slowking|52/100 tox|[from] Sandstorm
|-damage|p2a: Slowking|69/100 tox|[from] psn
|-damage|p1a: Slowking|46/100 tox|[from] psn
|upkeep
|turn|132
|
|t:|1665346213
|switch|p2a: Scizor|Scizor, F|94/100 brn
|-damage|p2a: Scizor|82/100 brn|[from] Stealth Rock
|move|p1a: Slowking|Slack Off|p1a: Slowking
|-heal|p1a: Slowking|96/100 tox
|
|-weather|Sandstorm|[upkeep]
|-damage|p1a: Slowking|90/100 tox|[from] Sandstorm
|-damage|p1a: Slowking|78/100 tox|[from] psn
|-damage|p2a: Scizor|76/100 brn|[from] brn
|upkeep
|turn|133
|
|t:|1665346219
|move|p2a: Scizor|Knock Off|p1a: Slowking
|-supereffective|p1a: Slowking
|-damage|p1a: Slowking|63/100 tox
|move|p1a: Slowking|Future Sight|p2a: Scizor
|-start|p1a: Slowking|move: Future Sight
|
|-weather|none
|-damage|p1a: Slowking|45/100 tox|[from] psn
|-damage|p2a: Scizor|70/100 brn|[from] brn
|upkeep
|turn|134
|
|t:|1665346230
|move|p2a: Scizor|Knock Off|p1a: Slowking
|-supereffective|p1a: Slowking
|-damage|p1a: Slowking|30/100 tox
|move|p1a: Slowking|Slack Off|p1a: Slowking
|-heal|p1a: Slowking|80/100 tox
|
|-damage|p1a: Slowking|55/100 tox|[from] psn
|-damage|p2a: Scizor|64/100 brn|[from] brn
|upkeep
|turn|135
|
|t:|1665346238
|move|p2a: Scizor|Roost|p2a: Scizor
|-heal|p2a: Scizor|100/100 brn
|-singleturn|p2a: Scizor|move: Roost
|move|p1a: Slowking|Teleport|p1a: Slowking
|
|t:|1665346240
|switch|p1a: Salamence|Salamence, M|39/100 tox|[from]move: Teleport
|-ability|p1a: Salamence|Intimidate|boost
|-unboost|p2a: Scizor|atk|1
|
|-end|p2a: Scizor|move: Future Sight
|-resisted|p2a: Scizor
|-damage|p2a: Scizor|79/100 brn
|-damage|p1a: Salamence|33/100 tox|[from] psn
|-damage|p2a: Scizor|73/100 brn|[from] brn
|upkeep
|turn|136
|
|t:|1665346246
|switch|p2a: Slowking|Slowking, M|100/100 tox
|-damage|p2a: Slowking|88/100 tox|[from] Stealth Rock
|move|p1a: Salamence|Roost|p1a: Salamence
|-heal|p1a: Salamence|83/100 tox
|-singleturn|p1a: Salamence|move: Roost
|
|-damage|p1a: Salamence|71/100 tox|[from] psn
|-damage|p2a: Slowking|82/100 tox|[from] psn
|upkeep
|turn|137
|
|t:|1665346255
|switch|p1a: Slowking|Slowking, F|89/100 tox
|-damage|p1a: Slowking|76/100 tox|[from] Stealth Rock
|move|p2a: Slowking|Psyshock|p1a: Slowking
|-resisted|p1a: Slowking
|-crit|p1a: Slowking
|-damage|p1a: Slowking|62/100 tox
|
|-damage|p2a: Slowking|70/100 tox|[from] psn
|-damage|p1a: Slowking|56/100 tox|[from] psn
|upkeep
|turn|138
|
|t:|1665346266
|switch|p2a: Scizor|Scizor, F|73/100 brn
|-damage|p2a: Scizor|60/100 brn|[from] Stealth Rock
|move|p1a: Slowking|Teleport|p1a: Slowking
|
|t:|1665346268
|switch|p1a: Salamence|Salamence, M|71/100 tox|[from]move: Teleport
|-ability|p1a: Salamence|Intimidate|boost
|-unboost|p2a: Scizor|atk|1
|
|-damage|p1a: Salamence|65/100 tox|[from] psn
|-damage|p2a: Scizor|54/100 brn|[from] brn
|upkeep
|turn|139
|
|t:|1665346272
|switch|p2a: Slowking|Slowking, M|100/100 tox
|-damage|p2a: Slowking|88/100 tox|[from] Stealth Rock
|move|p1a: Salamence|Defog|p2a: Slowking
|-unboost|p2a: Slowking|evasion|1
|-sideend|p2: JustFranco‽|Stealth Rock|[from] move: Defog|[of] p1a: Salamence
|-sideend|p1: Floss|Stealth Rock|[from] move: Defog|[of] p1a: Salamence
|
|-damage|p1a: Salamence|53/100 tox|[from] psn
|-damage|p2a: Slowking|82/100 tox|[from] psn
|upkeep
|turn|140
|
|t:|1665346285
|switch|p1a: Slowking|Slowking, F|89/100 tox
|move|p2a: Slowking|Fire Blast|p1a: Slowking
|-resisted|p1a: Slowking
|-damage|p1a: Slowking|78/100 tox
|
|-damage|p2a: Slowking|70/100 tox|[from] psn
|-damage|p1a: Slowking|72/100 tox|[from] psn
|upkeep
|turn|141
|
|t:|1665346308
|switch|p2a: Scizor|Scizor, F|54/100 brn
|move|p1a: Slowking|Scald|p2a: Scizor
|-damage|p2a: Scizor|27/100 brn
|
|-damage|p1a: Slowking|60/100 tox|[from] psn
|-damage|p2a: Scizor|21/100 brn|[from] brn
|upkeep
|turn|142
|
|t:|1665346312
|move|p2a: Scizor|Roost|p2a: Scizor
|-heal|p2a: Scizor|71/100 brn
|-singleturn|p2a: Scizor|move: Roost
|move|p1a: Slowking|Scald|p2a: Scizor
|-damage|p2a: Scizor|43/100 brn
|
|-damage|p1a: Slowking|42/100 tox|[from] psn
|-damage|p2a: Scizor|37/100 brn|[from] brn
|upkeep
|turn|143
|
|t:|1665346321
|move|p2a: Scizor|Roost|p2a: Scizor
|-heal|p2a: Scizor|87/100 brn
|-singleturn|p2a: Scizor|move: Roost
|move|p1a: Slowking|Slack Off|p1a: Slowking
|-heal|p1a: Slowking|92/100 tox
|
|-damage|p1a: Slowking|68/100 tox|[from] psn
|-damage|p2a: Scizor|81/100 brn|[from] brn
|upkeep
|turn|144
|
|t:|1665346327
|move|p2a: Scizor|U-turn|p1a: Slowking
|-supereffective|p1a: Slowking
|-damage|p1a: Slowking|42/100 tox
|
|t:|1665346332
|switch|p2a: Hippowdon|Hippowdon, F|37/100 brn|[from]move: U-turn
|-weather|Sandstorm|[from] ability: Sand Stream|[of] p2a: Hippowdon
|move|p1a: Slowking|Teleport|p1a: Slowking
|
|t:|1665346336
|switch|p1a: Cobalion|Cobalion|48/100|[from]move: Teleport
|
|-weather|Sandstorm|[upkeep]
|-heal|p2a: Hippowdon|43/100 brn|[from] item: Leftovers
|-damage|p2a: Hippowdon|37/100 brn|[from] brn
|upkeep
|turn|145
|
|t:|1665346357
|switch|p2a: Slowking|Slowking, M|100/100 tox
|move|p1a: Cobalion|Iron Head|p2a: Slowking
|-resisted|p2a: Slowking
|-damage|p2a: Slowking|87/100 tox
|
|-weather|Sandstorm|[upkeep]
|-damage|p2a: Slowking|81/100 tox|[from] Sandstorm
|-damage|p2a: Slowking|75/100 tox|[from] psn
|upkeep
|turn|146
|
|t:|1665346362
|move|p1a: Cobalion|Volt Switch|p2a: Slowking
|-supereffective|p2a: Slowking
|-damage|p2a: Slowking|59/100 tox
|
|t:|1665346363
|switch|p1a: Slowking|Slowking, F|75/100 tox|[from]move: Volt Switch
|move|p2a: Slowking|Fire Blast|p1a: Slowking
|-resisted|p1a: Slowking
|-damage|p1a: Slowking|65/100 tox
|
|-weather|Sandstorm|[upkeep]
|-damage|p2a: Slowking|53/100 tox|[from] Sandstorm
|-damage|p1a: Slowking|59/100 tox|[from] Sandstorm
|-damage|p2a: Slowking|41/100 tox|[from] psn
|-damage|p1a: Slowking|53/100 tox|[from] psn
|upkeep
|turn|147
|
|t:|1665346376
|switch|p2a: Scizor|Scizor, F|81/100 brn
|move|p1a: Slowking|Teleport|p1a: Slowking
|
|t:|1665346378
|switch|p1a: Cobalion|Cobalion|48/100|[from]move: Teleport
|
|-weather|Sandstorm|[upkeep]
|-damage|p2a: Scizor|75/100 brn|[from] brn
|upkeep
|turn|148
|
|t:|1665346382
|switch|p2a: Hippowdon|Hippowdon, F|37/100 brn
|move|p1a: Cobalion|Stealth Rock|p2a: Hippowdon
|-sidestart|p2: JustFranco‽|move: Stealth Rock
|
|-weather|none
|-heal|p2a: Hippowdon|43/100 brn|[from] item: Leftovers
|-damage|p2a: Hippowdon|37/100 brn|[from] brn
|upkeep
|turn|149
|
|t:|1665346389
|move|p1a: Cobalion|Iron Head|p2a: Hippowdon
|-damage|p2a: Hippowdon|18/100 brn
|move|p2a: Hippowdon|Stealth Rock|p1a: Cobalion
|-sidestart|p1: Floss|move: Stealth Rock
|
|-heal|p2a: Hippowdon|24/100 brn|[from] item: Leftovers
|-damage|p2a: Hippowdon|18/100 brn|[from] brn
|upkeep
|turn|150
|
|t:|1665346395
|switch|p2a: Scizor|Scizor, F|75/100 brn
|-damage|p2a: Scizor|63/100 brn|[from] Stealth Rock
|move|p1a: Cobalion|Iron Head|p2a: Scizor
|-resisted|p2a: Scizor
|-damage|p2a: Scizor|48/100 brn
|
|-damage|p2a: Scizor|42/100 brn|[from] brn
|upkeep
|turn|151
|
|t:|1665346398
|move|p1a: Cobalion|Volt Switch|p2a: Scizor
|-damage|p2a: Scizor|27/100 brn
|
|t:|1665346401
|switch|p1a: Slowking|Slowking, F|87/100 tox|[from]move: Volt Switch
|-damage|p1a: Slowking|74/100 tox|[from] Stealth Rock
|move|p2a: Scizor|Roost|p2a: Scizor
|-heal|p2a: Scizor|77/100 brn
|-singleturn|p2a: Scizor|move: Roost
|
|-damage|p1a: Slowking|68/100 tox|[from] psn
|-damage|p2a: Scizor|71/100 brn|[from] brn
|upkeep
|turn|152
|
|t:|1665346407
|move|p2a: Scizor|Knock Off|p1a: Slowking
|-supereffective|p1a: Slowking
|-damage|p1a: Slowking|54/100 tox
|move|p1a: Slowking|Teleport|p1a: Slowking
|
|t:|1665346410
|switch|p1a: Salamence|Salamence, M|53/100 tox|[from]move: Teleport
|-ability|p1a: Salamence|Intimidate|boost
|-unboost|p2a: Scizor|atk|1
|
|-damage|p1a: Salamence|48/100 tox|[from] psn
|-damage|p2a: Scizor|65/100 brn|[from] brn
|upkeep
|turn|153
|
|t:|1665346420
|move|p1a: Salamence|Roost|p1a: Salamence
|-heal|p1a: Salamence|98/100 tox
|-singleturn|p1a: Salamence|move: Roost
|move|p2a: Scizor|Knock Off|p1a: Salamence
|-damage|p1a: Salamence|85/100 tox
|-enditem|p1a: Salamence|Heavy-Duty Boots|[from] move: Knock Off|[of] p2a: Scizor
|
|-damage|p1a: Salamence|73/100 tox|[from] psn
|-damage|p2a: Scizor|59/100 brn|[from] brn
|upkeep
|turn|154
|
|t:|1665346428
|move|p1a: Salamence|Defog|p2a: Scizor
|-unboost|p2a: Scizor|evasion|1
|-sideend|p2: JustFranco‽|Stealth Rock|[from] move: Defog|[of] p1a: Salamence
|-sideend|p1: Floss|Stealth Rock|[from] move: Defog|[of] p1a: Salamence
|move|p2a: Scizor|Roost|p2a: Scizor
|-heal|p2a: Scizor|100/100 brn
|-singleturn|p2a: Scizor|move: Roost
|
|-damage|p1a: Salamence|55/100 tox|[from] psn
|-damage|p2a: Scizor|94/100 brn|[from] brn
|upkeep
|turn|155
|
|t:|1665346434
|switch|p1a: Cobalion|Cobalion|48/100
|switch|p2a: Slowking|Slowking, M|74/100 tox
|
|-damage|p2a: Slowking|68/100 tox|[from] psn
|upkeep
|turn|156
|
|t:|1665346439
|move|p1a: Cobalion|Volt Switch|p2a: Slowking
|-supereffective|p2a: Slowking
|-damage|p2a: Slowking|53/100 tox
|
|t:|1665346441
|switch|p1a: Slowking|Slowking, F|87/100 tox|[from]move: Volt Switch
|move|p2a: Slowking|Fire Blast|p1a: Slowking
|-resisted|p1a: Slowking
|-damage|p1a: Slowking|77/100 tox
|
|-damage|p2a: Slowking|41/100 tox|[from] psn
|-damage|p1a: Slowking|71/100 tox|[from] psn
|upkeep
|turn|157
|
|t:|1665346451
|switch|p2a: Hippowdon|Hippowdon, F|18/100 brn
|-weather|Sandstorm|[from] ability: Sand Stream|[of] p2a: Hippowdon
|move|p1a: Slowking|Teleport|p1a: Slowking
|
|t:|1665346455
|switch|p1a: Cobalion|Cobalion|48/100|[from]move: Teleport
|
|-weather|Sandstorm|[upkeep]
|-heal|p2a: Hippowdon|24/100 brn|[from] item: Leftovers
|-damage|p2a: Hippowdon|18/100 brn|[from] brn
|upkeep
|turn|158
|
|t:|1665346469
|switch|p2a: Slowking|Slowking, M|74/100 tox
|move|p1a: Cobalion|Iron Head|p2a: Slowking
|-resisted|p2a: Slowking
|-damage|p2a: Slowking|62/100 tox
|
|-weather|Sandstorm|[upkeep]
|-damage|p2a: Slowking|56/100 tox|[from] Sandstorm
|-damage|p2a: Slowking|50/100 tox|[from] psn
|upkeep
|turn|159
|
|t:|1665346480
|switch|p2a: Hippowdon|Hippowdon, F|18/100 brn
|move|p1a: Cobalion|Volt Switch|p2a: Hippowdon
|-immune|p2a: Hippowdon
|
|-weather|Sandstorm|[upkeep]
|-heal|p2a: Hippowdon|24/100 brn|[from] item: Leftovers
|-damage|p2a: Hippowdon|18/100 brn|[from] brn
|upkeep
|turn|160
|
|t:|1665346484
|switch|p2a: Slowking|Slowking, M|83/100 tox
|move|p1a: Cobalion|Iron Head|p2a: Slowking
|-resisted|p2a: Slowking
|-crit|p2a: Slowking
|-damage|p2a: Slowking|65/100 tox
|
|-weather|Sandstorm|[upkeep]
|-damage|p2a: Slowking|59/100 tox|[from] Sandstorm
|-damage|p2a: Slowking|53/100 tox|[from] psn
|upkeep
|turn|161
|
|t:|1665346490
|move|p1a: Cobalion|Volt Switch|p2a: Slowking
|-supereffective|p2a: Slowking
|-damage|p2a: Slowking|37/100 tox
|
|t:|1665346491
|switch|p1a: Slowking|Slowking, F|100/100 tox|[from]move: Volt Switch
|move|p2a: Slowking|Fire Blast|p1a: Slowking
|-resisted|p1a: Slowking
|-damage|p1a: Slowking|91/100 tox
|
|-weather|none
|-damage|p2a: Slowking|25/100 tox|[from] psn
|-damage|p1a: Slowking|85/100 tox|[from] psn
|upkeep
|turn|162
|
|t:|1665346499
|switch|p2a: Hippowdon|Hippowdon, F|18/100 brn
|-weather|Sandstorm|[from] ability: Sand Stream|[of] p2a: Hippowdon
|move|p1a: Slowking|Teleport|p1a: Slowking
|
|t:|1665346501
|switch|p1a: Cobalion|Cobalion|48/100|[from]move: Teleport
|
|-weather|Sandstorm|[upkeep]
|-heal|p2a: Hippowdon|24/100 brn|[from] item: Leftovers
|-damage|p2a: Hippowdon|18/100 brn|[from] brn
|upkeep
|turn|163
|c|☆JustFranco‽|gg
|c|☆Floss|gg
|-message|JustFranco‽ forfeited.
|
|win|Floss
