|inactive|Battle timer is ON: inactive players will automatically lose when time's up.
|t:|1641761903
|gametype|singles
|player|p1|EviGaro|lass-gen4dp|
|player|p2|KSt3ve|2|
|teamsize|p1|6
|teamsize|p2|6
|gen|8
|tier|[Gen 8] UU
|rule|Sleep Clause Mod: Limit one foe put to sleep
|rule|Species Clause: Limit one of each Pokémon
|rule|OHKO Clause: OHKO moves are banned
|rule|Evasion Moves Clause: Evasion moves are banned
|rule|Endless Battle Clause: Forcing endless battles is banned
|rule|HP Percentage Mod: HP is shown in percentages
|rule|Dynamax Clause: You cannot dynamax
|clearpoke
|poke|p1|Swampert, M|
|poke|p1|Gardevoir, F|
|poke|p1|Roserade, F|
|poke|p1|Hydreigon, M|
|poke|p1|Talonflame, F|
|poke|p1|Aegislash, M|
|poke|p2|Registeel|
|poke|p2|Swampert, F|
|poke|p2|Azelf|
|poke|p2|Moltres-Galar|
|poke|p2|Tapu Bulu|
|poke|p2|Zygarde-10%|
|teampreview
|c|☆KSt3ve|hf
|c|☆EviGaro|hf
|inactive|EviGaro has 270 seconds left.
|inactive|KSt3ve has 270 seconds left.
|inactive|EviGaro has 240 seconds left.
|inactive|KSt3ve has 240 seconds left.
|
|t:|1641761987
|start
|switch|p1a: Roserade|Roserade, F|100/100
|switch|p2a: Swampert|Swampert, F|100/100
|turn|1
|
|t:|1641761993
|switch|p2a: Moltres|Moltres-Galar|100/100
|move|p1a: Roserade|Spikes|p2a: Moltres
|-sidestart|p2: KSt3ve|Spikes
|
|upkeep
|turn|2
|
|t:|1641762000
|move|p1a: Roserade|Sludge Bomb|p2a: Moltres
|-damage|p2a: Moltres|75/100
|move|p2a: Moltres|Hurricane|p1a: Roserade
|-supereffective|p1a: Roserade
|-damage|p1a: Roserade|20/100
|
|-heal|p1a: Roserade|26/100|[from] item: Black Sludge
|upkeep
|turn|3
|
|t:|1641762016
|move|p1a: Roserade|Sludge Bomb|p2a: Moltres
|-damage|p2a: Moltres|53/100
|move|p2a: Moltres|Hurricane|p1a: Roserade
|-supereffective|p1a: Roserade
|-damage|p1a: Roserade|0 fnt
|faint|p1a: Roserade
|
|upkeep
|
|t:|1641762027
|switch|p1a: Hydreigon|Hydreigon, M|100/100
|turn|4
|c|+Fathiryxi|Zaphkiel 
|c|☆KSt3ve|kurumi
|inactive|KSt3ve has 270 seconds left.
|c|+Fathiryxi|<3
|
|t:|1641762075
|switch|p2a: Swampert|Swampert, F|100/100
|-damage|p2a: Swampert|88/100|[from] Spikes
|move|p1a: Hydreigon|Nasty Plot|p1a: Hydreigon
|-boost|p1a: Hydreigon|spa|2
|
|-heal|p2a: Swampert|94/100|[from] item: Leftovers
|upkeep
|turn|5
|
|t:|1641762096
|switch|p2a: Tapu Bulu|Tapu Bulu|100/100
|-damage|p2a: Tapu Bulu|88/100|[from] Spikes
|-fieldstart|move: Grassy Terrain|[from] ability: Grassy Surge|[of] p2a: Tapu Bulu
|move|p1a: Hydreigon|Taunt|p2a: Tapu Bulu
|-start|p2a: Tapu Bulu|move: Taunt
|
|-heal|p2a: Tapu Bulu|94/100|[from] Grassy Terrain
|upkeep
|turn|6
|
|t:|1641762107
|switch|p1a: Talonflame|Talonflame, F|100/100
|move|p2a: Tapu Bulu|Dazzling Gleam|p1a: Talonflame
|-resisted|p1a: Talonflame
|-damage|p1a: Talonflame|86/100
|
|-heal|p2a: Tapu Bulu|99/100|[from] Grassy Terrain
|upkeep
|turn|7
|
|t:|1641762115
|switch|p2a: Swampert|Swampert, F|94/100
|-damage|p2a: Swampert|82/100|[from] Spikes
|move|p1a: Talonflame|Will-O-Wisp|p2a: Swampert|[miss]
|-miss|p1a: Talonflame|p2a: Swampert
|
|-heal|p2a: Swampert|88/100|[from] Grassy Terrain
|-heal|p2a: Swampert|94/100|[from] item: Leftovers
|upkeep
|turn|8
|
|t:|1641762121
|switch|p1a: Swampert|Swampert, M|100/100
|move|p2a: Swampert|Toxic|p1a: Swampert
|-status|p1a: Swampert|tox
|
|-heal|p2a: Swampert|100/100|[from] Grassy Terrain
|-damage|p1a: Swampert|94/100 tox|[from] psn
|upkeep
|turn|9
|
|t:|1641762124
|move|p2a: Swampert|Stealth Rock|p1a: Swampert
|-sidestart|p1: EviGaro|move: Stealth Rock
|move|p1a: Swampert|Stealth Rock|p2a: Swampert
|-sidestart|p2: KSt3ve|move: Stealth Rock
|
|-heal|p1a: Swampert|100/100 tox|[from] Grassy Terrain
|-damage|p1a: Swampert|88/100 tox|[from] psn
|-fieldend|move: Grassy Terrain
|upkeep
|turn|10
|
|t:|1641762139
|move|p2a: Swampert|High Horsepower|p1a: Swampert
|-damage|p1a: Swampert|64/100 tox
|move|p1a: Swampert|Flip Turn|p2a: Swampert
|-damage|p2a: Swampert|78/100
|
|t:|1641762143
|switch|p1a: Hydreigon|Hydreigon, M|100/100|[from]move: Flip Turn
|-damage|p1a: Hydreigon|88/100|[from] Stealth Rock
|
|-heal|p1a: Hydreigon|94/100|[from] item: Leftovers
|-heal|p2a: Swampert|84/100|[from] item: Leftovers
|upkeep
|turn|11
|
|t:|1641762150
|move|p1a: Hydreigon|Dark Pulse|p2a: Swampert
|-damage|p2a: Swampert|60/100
|cant|p2a: Swampert|flinch
|
|-heal|p1a: Hydreigon|100/100|[from] item: Leftovers
|-heal|p2a: Swampert|66/100|[from] item: Leftovers
|upkeep
|turn|12
|
|t:|1641762156
|move|p1a: Hydreigon|Taunt|p2a: Swampert
|-start|p2a: Swampert|move: Taunt
|cant|p2a: Swampert|move: Taunt|Toxic
|
|-heal|p2a: Swampert|72/100|[from] item: Leftovers
|upkeep
|turn|13
|
|t:|1641762161
|move|p1a: Hydreigon|Dark Pulse|p2a: Swampert
|-damage|p2a: Swampert|45/100
|move|p2a: Swampert|Flip Turn|p1a: Hydreigon
|-resisted|p1a: Hydreigon
|-damage|p1a: Hydreigon|88/100
|inactive|KSt3ve has 270 seconds left.
|inactive|KSt3ve has 240 seconds left.
|
|t:|1641762221
|switch|p2a: Tapu Bulu|Tapu Bulu|99/100|[from]move: Flip Turn
|-damage|p2a: Tapu Bulu|88/100|[from] Spikes
|-damage|p2a: Tapu Bulu|75/100|[from] Stealth Rock
|-fieldstart|move: Grassy Terrain|[from] ability: Grassy Surge|[of] p2a: Tapu Bulu
|
|-heal|p1a: Hydreigon|94/100|[from] item: Leftovers
|-heal|p2a: Tapu Bulu|81/100|[from] Grassy Terrain
|upkeep
|turn|14
|
|t:|1641762225
|switch|p1a: Aegislash|Aegislash, M|100/100
|-damage|p1a: Aegislash|94/100|[from] Stealth Rock
|move|p2a: Tapu Bulu|Toxic|p1a: Aegislash|[miss]
|-miss|p2a: Tapu Bulu|p1a: Aegislash
|
|-heal|p2a: Tapu Bulu|87/100|[from] Grassy Terrain
|-heal|p1a: Aegislash|100/100|[from] Grassy Terrain
|upkeep
|turn|15
|
|t:|1641762239
|move|p2a: Tapu Bulu|Toxic|p1a: Aegislash
|-immune|p1a: Aegislash
|-formechange|p1a: Aegislash|Aegislash-Blade||[from] ability: Stance Change
|move|p1a: Aegislash|Close Combat|p2a: Tapu Bulu
|-resisted|p2a: Tapu Bulu
|-damage|p2a: Tapu Bulu|75/100
|-unboost|p1a: Aegislash|def|1
|-unboost|p1a: Aegislash|spd|1
|-damage|p1a: Aegislash|84/100|[from] item: Rocky Helmet|[of] p2a: Tapu Bulu
|
|-heal|p2a: Tapu Bulu|81/100|[from] Grassy Terrain
|-heal|p1a: Aegislash|90/100|[from] Grassy Terrain
|-heal|p1a: Aegislash|96/100|[from] item: Leftovers
|upkeep
|turn|16
|
|t:|1641762244
|switch|p2a: Moltres|Moltres-Galar|53/100
|move|p1a: Aegislash|Toxic|p2a: Moltres
|-status|p2a: Moltres|tox
|
|-heal|p1a: Aegislash|100/100|[from] Grassy Terrain
|-damage|p2a: Moltres|47/100 tox|[from] psn
|upkeep
|turn|17
|
|t:|1641762249
|switch|p1a: Hydreigon|Hydreigon, M|94/100
|-damage|p1a: Hydreigon|81/100|[from] Stealth Rock
|move|p2a: Moltres|Rest|p2a: Moltres
|-status|p2a: Moltres|slp|[from] move: Rest
|-heal|p2a: Moltres|100/100 slp|[silent]
|
|-heal|p1a: Hydreigon|88/100|[from] item: Leftovers
|-fieldend|move: Grassy Terrain
|upkeep
|turn|18
|
|t:|1641762254
|switch|p2a: Tapu Bulu|Tapu Bulu|81/100
|-damage|p2a: Tapu Bulu|69/100|[from] Stealth Rock
|-damage|p2a: Tapu Bulu|56/100|[from] Spikes
|-fieldstart|move: Grassy Terrain|[from] ability: Grassy Surge|[of] p2a: Tapu Bulu
|move|p1a: Hydreigon|Nasty Plot|p1a: Hydreigon
|-boost|p1a: Hydreigon|spa|2
|
|-heal|p1a: Hydreigon|94/100|[from] item: Leftovers
|-heal|p2a: Tapu Bulu|62/100|[from] Grassy Terrain
|upkeep
|turn|19
|
|t:|1641762258
|switch|p1a: Aegislash|Aegislash, M|100/100
|-damage|p1a: Aegislash|94/100|[from] Stealth Rock
|move|p2a: Tapu Bulu|Synthesis|p2a: Tapu Bulu
|-heal|p2a: Tapu Bulu|100/100
|
|-heal|p1a: Aegislash|100/100|[from] Grassy Terrain
|upkeep
|turn|20
|
|t:|1641762265
|switch|p2a: Moltres|Moltres-Galar|100/100 slp
|switch|p1a: Gardevoir|Gardevoir, F|100/100
|-damage|p1a: Gardevoir|88/100|[from] Stealth Rock
|-ability|p1a: Gardevoir|Berserk|[from] ability: Trace|[of] p2a: Moltres
|
|-heal|p1a: Gardevoir|94/100|[from] Grassy Terrain
|upkeep
|turn|21
|
|t:|1641762294
|switch|p2a: Registeel|Registeel|100/100
|-damage|p2a: Registeel|94/100|[from] Stealth Rock
|-damage|p2a: Registeel|82/100|[from] Spikes
|move|p1a: Gardevoir|Moonblast|p2a: Registeel
|-resisted|p2a: Registeel
|-damage|p2a: Registeel|58/100
|
|-heal|p1a: Gardevoir|100/100|[from] Grassy Terrain
|-heal|p2a: Registeel|64/100|[from] Grassy Terrain
|upkeep
|turn|22
|inactive|KSt3ve has 270 seconds left.
|
|t:|1641762322
|move|p1a: Gardevoir|Moonblast|p2a: Registeel
|-resisted|p2a: Registeel
|-damage|p2a: Registeel|39/100
|move|p2a: Registeel|Iron Defense|p2a: Registeel
|-boost|p2a: Registeel|def|2
|
|-heal|p2a: Registeel|45/100|[from] Grassy Terrain
|-fieldend|move: Grassy Terrain
|upkeep
|turn|23
|
|t:|1641762327
|switch|p1a: Aegislash|Aegislash, M|100/100
|-damage|p1a: Aegislash|94/100|[from] Stealth Rock
|move|p2a: Registeel|Rest|p2a: Registeel
|-status|p2a: Registeel|slp|[from] move: Rest
|-heal|p2a: Registeel|100/100 slp|[silent]
|-enditem|p2a: Registeel|Chesto Berry|[eat]
|-curestatus|p2a: Registeel|slp|[msg]
|
|-heal|p1a: Aegislash|100/100|[from] item: Leftovers
|upkeep
|turn|24
|
|t:|1641762335
|-formechange|p1a: Aegislash|Aegislash-Blade||[from] ability: Stance Change
|move|p1a: Aegislash|Shadow Ball|p2a: Registeel
|-damage|p2a: Registeel|74/100
|move|p2a: Registeel|Iron Defense|p2a: Registeel
|-boost|p2a: Registeel|def|2
|
|upkeep
|turn|25
|
|t:|1641762339
|move|p1a: Aegislash|Shadow Ball|p2a: Registeel
|-damage|p2a: Registeel|48/100
|move|p2a: Registeel|Amnesia|p2a: Registeel
|-boost|p2a: Registeel|spd|2
|
|upkeep
|turn|26
|
|t:|1641762348
|switch|p1a: Gardevoir|Gardevoir, F|100/100
|-damage|p1a: Gardevoir|88/100|[from] Stealth Rock
|-ability|p1a: Gardevoir|Clear Body|[from] ability: Trace|[of] p2a: Registeel
|move|p2a: Registeel|Amnesia|p2a: Registeel
|-boost|p2a: Registeel|spd|2
|
|upkeep
|turn|27
|
|t:|1641762352
|move|p1a: Gardevoir|Trick|p2a: Registeel
|-activate|p1a: Gardevoir|move: Trick|[of] p2a: Registeel
|-item|p2a: Registeel|Choice Specs|[from] move: Trick
|-enditem|p1a: Gardevoir|Choice Specs|[silent]|[from] move: Trick
|move|p2a: Registeel|Body Press|p1a: Gardevoir
|-resisted|p1a: Gardevoir
|-damage|p1a: Gardevoir|40/100
|
|upkeep
|turn|28
|
|t:|1641762375
|switch|p1a: Aegislash|Aegislash, M|100/100
|-damage|p1a: Aegislash|94/100|[from] Stealth Rock
|move|p2a: Registeel|Body Press|p1a: Aegislash
|-immune|p1a: Aegislash
|
|-heal|p1a: Aegislash|100/100|[from] item: Leftovers
|upkeep
|turn|29
|
|t:|1641762382
|switch|p2a: Moltres|Moltres-Galar|100/100 slp
|-formechange|p1a: Aegislash|Aegislash-Blade||[from] ability: Stance Change
|move|p1a: Aegislash|Shadow Ball|p2a: Moltres
|-resisted|p2a: Moltres
|-damage|p2a: Moltres|88/100 slp
|
|upkeep
|turn|30
|
|t:|1641762385
|switch|p1a: Gardevoir|Gardevoir, F|40/100
|-damage|p1a: Gardevoir|28/100|[from] Stealth Rock
|-ability|p1a: Gardevoir|Berserk|[from] ability: Trace|[of] p2a: Moltres
|cant|p2a: Moltres|slp
|move|p2a: Moltres|Sleep Talk|p2a: Moltres
|move|p2a: Moltres|Fiery Wrath|p1a: Gardevoir|[from]move: Sleep Talk
|-damage|p1a: Gardevoir|0 fnt
|faint|p1a: Gardevoir
|
|upkeep
|
|t:|1641762388
|switch|p1a: Hydreigon|Hydreigon, M|94/100
|-damage|p1a: Hydreigon|81/100|[from] Stealth Rock
|turn|31
|
|t:|1641762396
|switch|p2a: Tapu Bulu|Tapu Bulu|100/100
|-damage|p2a: Tapu Bulu|88/100|[from] Stealth Rock
|-damage|p2a: Tapu Bulu|75/100|[from] Spikes
|-fieldstart|move: Grassy Terrain|[from] ability: Grassy Surge|[of] p2a: Tapu Bulu
|move|p1a: Hydreigon|Nasty Plot|p1a: Hydreigon
|-boost|p1a: Hydreigon|spa|2
|
|-heal|p1a: Hydreigon|88/100|[from] item: Leftovers
|-heal|p2a: Tapu Bulu|82/100|[from] Grassy Terrain
|upkeep
|turn|32
|
|t:|1641762405
|switch|p1a: Aegislash|Aegislash, M|100/100
|-damage|p1a: Aegislash|94/100|[from] Stealth Rock
|move|p2a: Tapu Bulu|Dazzling Gleam|p1a: Aegislash
|-resisted|p1a: Aegislash
|-damage|p1a: Aegislash|88/100
|
|-heal|p2a: Tapu Bulu|88/100|[from] Grassy Terrain
|-heal|p1a: Aegislash|94/100|[from] Grassy Terrain
|-heal|p1a: Aegislash|99/100|[from] item: Leftovers
|upkeep
|turn|33
|
|t:|1641762412
|switch|p2a: Moltres|Moltres-Galar|88/100 slp
|-formechange|p1a: Aegislash|Aegislash-Blade||[from] ability: Stance Change
|move|p1a: Aegislash|Close Combat|p2a: Moltres
|-damage|p2a: Moltres|49/100 slp
|-unboost|p1a: Aegislash|def|1
|-unboost|p1a: Aegislash|spd|1
|-ability|p2a: Moltres|Berserk|boost
|-boost|p2a: Moltres|spa|1
|
|-heal|p1a: Aegislash|100/100|[from] Grassy Terrain
|upkeep
|turn|34
|
|t:|1641762417
|switch|p1a: Hydreigon|Hydreigon, M|88/100
|-damage|p1a: Hydreigon|75/100|[from] Stealth Rock
|cant|p2a: Moltres|slp
|move|p2a: Moltres|Sleep Talk|p2a: Moltres
|move|p2a: Moltres|Fiery Wrath|p1a: Hydreigon|[from]move: Sleep Talk
|-resisted|p1a: Hydreigon
|-damage|p1a: Hydreigon|47/100
|
|-heal|p1a: Hydreigon|54/100|[from] item: Leftovers
|upkeep
|turn|35
|
|t:|1641762427
|move|p1a: Hydreigon|Taunt|p2a: Moltres
|-start|p2a: Moltres|move: Taunt
|-curestatus|p2a: Moltres|slp|[msg]
|move|p2a: Moltres|Hurricane|p1a: Hydreigon
|-damage|p1a: Hydreigon|0 fnt
|faint|p1a: Hydreigon
|
|-fieldend|move: Grassy Terrain
|upkeep
|
|t:|1641762432
|switch|p1a: Talonflame|Talonflame, F|86/100
|turn|36
|
|t:|1641762455
|switch|p2a: Registeel|Registeel|48/100
|-damage|p2a: Registeel|36/100|[from] Spikes
|-damage|p2a: Registeel|30/100|[from] Stealth Rock
|move|p1a: Talonflame|Brave Bird|p2a: Registeel
|-resisted|p2a: Registeel
|-damage|p2a: Registeel|21/100
|-damage|p1a: Talonflame|83/100|[from] Recoil
|
|upkeep
|turn|37
|
|t:|1641762464
|move|p1a: Talonflame|Will-O-Wisp|p2a: Registeel
|-status|p2a: Registeel|brn
|move|p2a: Registeel|Body Press|p1a: Talonflame
|-resisted|p1a: Talonflame
|-damage|p1a: Talonflame|73/100
|
|-damage|p2a: Registeel|15/100 brn|[from] brn
|upkeep
|turn|38
|
|t:|1641762469
|move|p1a: Talonflame|Roost|p1a: Talonflame
|-heal|p1a: Talonflame|100/100
|-singleturn|p1a: Talonflame|move: Roost
|move|p2a: Registeel|Body Press|p1a: Talonflame
|-damage|p1a: Talonflame|83/100
|
|-damage|p2a: Registeel|8/100 brn|[from] brn
|upkeep
|turn|39
|
|t:|1641762482
|move|p1a: Talonflame|Roost|p1a: Talonflame
|-heal|p1a: Talonflame|100/100
|-singleturn|p1a: Talonflame|move: Roost
|move|p2a: Registeel|Body Press|p1a: Talonflame
|-damage|p1a: Talonflame|82/100
|
|-damage|p2a: Registeel|2/100 brn|[from] brn
|upkeep
|turn|40
|
|t:|1641762500
|move|p1a: Talonflame|Roost|p1a: Talonflame
|-heal|p1a: Talonflame|100/100
|-singleturn|p1a: Talonflame|move: Roost
|move|p2a: Registeel|Body Press|p1a: Talonflame
|-damage|p1a: Talonflame|83/100
|
|-damage|p2a: Registeel|0 fnt|[from] brn
|faint|p2a: Registeel
|upkeep
|inactive|KSt3ve has 270 seconds left.
|inactive|KSt3ve has 240 seconds left.
|
|t:|1641762573
|switch|p2a: Moltres|Moltres-Galar|49/100
|turn|41
|
|t:|1641762576
|move|p1a: Talonflame|Brave Bird|p2a: Moltres
|-damage|p2a: Moltres|12/100
|-damage|p1a: Talonflame|70/100|[from] Recoil
|move|p2a: Moltres|Rest|p2a: Moltres
|-status|p2a: Moltres|slp|[from] move: Rest
|-heal|p2a: Moltres|100/100 slp|[silent]
|
|upkeep
|turn|42
|
|t:|1641762580
|move|p1a: Talonflame|Brave Bird|p2a: Moltres
|-damage|p2a: Moltres|67/100 slp
|-damage|p1a: Talonflame|58/100|[from] Recoil
|cant|p2a: Moltres|slp
|move|p2a: Moltres|Sleep Talk|p2a: Moltres
|move|p2a: Moltres|Fiery Wrath|p1a: Talonflame|[from]move: Sleep Talk
|-damage|p1a: Talonflame|14/100
|
|upkeep
|turn|43
|
|t:|1641762585
|move|p1a: Talonflame|Brave Bird|p2a: Moltres
|-damage|p2a: Moltres|34/100 slp
|-damage|p1a: Talonflame|3/100|[from] Recoil
|-ability|p2a: Moltres|Berserk|boost
|-boost|p2a: Moltres|spa|1
|cant|p2a: Moltres|slp
|move|p2a: Moltres|Sleep Talk|p2a: Moltres
|move|p2a: Moltres|Fiery Wrath|p1a: Talonflame|[from]move: Sleep Talk
|-damage|p1a: Talonflame|0 fnt
|faint|p1a: Talonflame
|
|upkeep
|c|☆EviGaro|yea
|c|☆EviGaro|gg
|c|☆KSt3ve|gg
|-message|EviGaro forfeited.
|
|win|KSt3ve
