|inactive|Battle timer is ON: inactive players will automatically lose when time's up.
|t:|1666125189
|gametype|singles
|player|p1|Mimilucha|ethan-masters|
|player|p2|Luirromen|lucas-gen4pt|
|teamsize|p1|6
|teamsize|p2|6
|gen|8
|tier|[Gen 8] UU
|rule|Sleep Clause Mod: Limit one foe put to sleep
|rule|Species Clause: Limit one of each Pokémon
|rule|OHKO Clause: OHKO moves are banned
|rule|Evasion Items Clause: Evasion items are banned
|rule|Evasion Moves Clause: Evasion moves are banned
|rule|Endless Battle Clause: Forcing endless battles is banned
|rule|HP Percentage Mod: HP is shown in percentages
|rule|Dynamax Clause: You cannot dynamax
|clearpoke
|poke|p1|Starmie|
|poke|p1|Zarude|
|poke|p1|Mamoswine, F|
|poke|p1|Chansey, F|
|poke|p1|Skarmory, F|
|poke|p1|Crobat, M|
|poke|p2|Zygarde-10%|
|poke|p2|Cobalion|
|poke|p2|Celesteela|
|poke|p2|Regieleki|
|poke|p2|Roserade, F|
|poke|p2|Mandibuzz, F|
|teampreview
|inactive|Mimilucha also wants the timer to be on.
|c|☆Luirromen|hf
|c|☆Mimilucha|hf
|inactive|Luirromen has 270 seconds left.
|
|t:|1666125233
|start
|switch|p1a: Crobat|Crobat, M|100/100
|switch|p2a: Celesteela|Celesteela|100/100
|turn|1
|
|t:|1666125239
|move|p1a: Crobat|U-turn|p2a: Celesteela
|-resisted|p2a: Celesteela
|-damage|p2a: Celesteela|96/100
|
|t:|1666125240
|switch|p1a: Starmie|Starmie|100/100|[from]move: U-turn
|move|p2a: Celesteela|Heavy Slam|p1a: Starmie
|-resisted|p1a: Starmie
|-damage|p1a: Starmie|77/100
|
|-heal|p2a: Celesteela|100/100|[from] item: Leftovers
|upkeep
|turn|2
|
|t:|1666125245
|move|p2a: Celesteela|Protect|p2a: Celesteela
|-singleturn|p2a: Celesteela|Protect
|move|p1a: Starmie|Scald|p2a: Celesteela
|-activate|p2a: Celesteela|move: Protect
|
|upkeep
|turn|3
|
|t:|1666125252
|switch|p2a: Mandibuzz|Mandibuzz, F|100/100
|move|p1a: Starmie|Scald|p2a: Mandibuzz
|-damage|p2a: Mandibuzz|77/100
|-status|p2a: Mandibuzz|brn
|
|-damage|p2a: Mandibuzz|71/100 brn|[from] brn
|upkeep
|turn|4
|
|t:|1666125265
|switch|p1a: Skarmory|Skarmory, F|100/100
|move|p2a: Mandibuzz|Knock Off|p1a: Skarmory
|-damage|p1a: Skarmory|93/100
|-damage|p2a: Mandibuzz|54/100 brn|[from] item: Rocky Helmet|[of] p1a: Skarmory
|-enditem|p1a: Skarmory|Rocky Helmet|[from] move: Knock Off|[of] p2a: Mandibuzz
|
|-damage|p2a: Mandibuzz|48/100 brn|[from] brn
|upkeep
|turn|5
|
|t:|1666125273
|move|p2a: Mandibuzz|U-turn|p1a: Skarmory
|-resisted|p1a: Skarmory
|-damage|p1a: Skarmory|93/100
|
|t:|1666125283
|switch|p2a: Celesteela|Celesteela|100/100|[from]move: U-turn
|move|p1a: Skarmory|Spikes|p2a: Celesteela
|-sidestart|p2: Luirromen|Spikes
|
|upkeep
|turn|6
|
|t:|1666125287
|switch|p1a: Starmie|Starmie|77/100
|switch|p2a: Mandibuzz|Mandibuzz, F|48/100 brn
|
|-damage|p2a: Mandibuzz|42/100 brn|[from] brn
|upkeep
|turn|7
|
|t:|1666125292
|switch|p1a: Mamoswine|Mamoswine, F|100/100
|move|p2a: Mandibuzz|Knock Off|p1a: Mamoswine
|-damage|p1a: Mamoswine|86/100
|-enditem|p1a: Mamoswine|Never-Melt Ice|[from] move: Knock Off|[of] p2a: Mandibuzz
|
|-damage|p2a: Mandibuzz|36/100 brn|[from] brn
|upkeep
|turn|8
|
|t:|1666125300
|switch|p2a: Celesteela|Celesteela|100/100
|move|p1a: Mamoswine|Icicle Crash|p2a: Celesteela
|-damage|p2a: Celesteela|62/100
|
|-heal|p2a: Celesteela|68/100|[from] item: Leftovers
|upkeep
|turn|9
|
|t:|1666125307
|switch|p1a: Starmie|Starmie|77/100
|move|p2a: Celesteela|Leech Seed|p1a: Starmie
|-start|p1a: Starmie|move: Leech Seed
|
|-heal|p2a: Celesteela|74/100|[from] item: Leftovers
|-damage|p1a: Starmie|65/100|[from] Leech Seed|[of] p2a: Celesteela
|-heal|p2a: Celesteela|84/100|[silent]
|upkeep
|turn|10
|
|t:|1666125314
|switch|p1a: Crobat|Crobat, M|100/100
|switch|p2a: Roserade|Roserade, F, shiny|100/100
|-damage|p2a: Roserade|88/100|[from] Spikes
|
|-heal|p2a: Roserade|94/100|[from] item: Black Sludge
|upkeep
|turn|11
|
|t:|1666125320
|switch|p2a: Celesteela|Celesteela|84/100
|move|p1a: Crobat|Brave Bird|p2a: Celesteela
|-resisted|p2a: Celesteela
|-damage|p2a: Celesteela|65/100
|-damage|p1a: Crobat|93/100|[from] Recoil
|
|-heal|p2a: Celesteela|72/100|[from] item: Leftovers
|upkeep
|turn|12
|
|t:|1666125324
|move|p1a: Crobat|U-turn|p2a: Celesteela
|-resisted|p2a: Celesteela
|-damage|p2a: Celesteela|68/100
|
|t:|1666125326
|switch|p1a: Starmie|Starmie|65/100|[from]move: U-turn
|move|p2a: Celesteela|Heavy Slam|p1a: Starmie
|-resisted|p1a: Starmie
|-damage|p1a: Starmie|40/100
|
|-heal|p2a: Celesteela|74/100|[from] item: Leftovers
|upkeep
|turn|13
|
|t:|1666125335
|switch|p2a: Mandibuzz|Mandibuzz, F|36/100 brn
|move|p1a: Starmie|Recover|p1a: Starmie
|-heal|p1a: Starmie|90/100
|
|-damage|p2a: Mandibuzz|30/100 brn|[from] brn
|upkeep
|turn|14
|
|t:|1666125337
|switch|p1a: Mamoswine|Mamoswine, F|86/100
|move|p2a: Mandibuzz|Roost|p2a: Mandibuzz
|-heal|p2a: Mandibuzz|80/100 brn
|-singleturn|p2a: Mandibuzz|move: Roost
|
|-damage|p2a: Mandibuzz|74/100 brn|[from] brn
|upkeep
|turn|15
|
|t:|1666125345
|switch|p2a: Cobalion|Cobalion|100/100
|-damage|p2a: Cobalion|88/100|[from] Spikes
|move|p1a: Mamoswine|Icicle Crash|p2a: Cobalion
|-resisted|p2a: Cobalion
|-damage|p2a: Cobalion|68/100
|
|upkeep
|turn|16
|
|t:|1666125354
|switch|p1a: Starmie|Starmie|90/100
|move|p2a: Cobalion|Stealth Rock|p1a: Starmie
|-sidestart|p1: Mimilucha|move: Stealth Rock
|
|upkeep
|turn|17
|
|t:|1666125358
|switch|p2a: Mandibuzz|Mandibuzz, F|74/100 brn
|move|p1a: Starmie|Scald|p2a: Mandibuzz
|-damage|p2a: Mandibuzz|51/100 brn
|
|-damage|p2a: Mandibuzz|45/100 brn|[from] brn
|upkeep
|turn|18
|
|t:|1666125361
|move|p1a: Starmie|Rapid Spin|p2a: Mandibuzz
|-damage|p2a: Mandibuzz|40/100 brn
|-boost|p1a: Starmie|spe|1
|-sideend|p1: Mimilucha|Stealth Rock|[from] move: Rapid Spin|[of] p1a: Starmie
|move|p2a: Mandibuzz|U-turn|p1a: Starmie
|-supereffective|p1a: Starmie
|-crit|p1a: Starmie
|-damage|p1a: Starmie|70/100
|
|t:|1666125368
|switch|p2a: Roserade|Roserade, F, shiny|94/100|[from]move: U-turn
|-damage|p2a: Roserade|82/100|[from] Spikes
|
|-heal|p2a: Roserade|88/100|[from] item: Black Sludge
|upkeep
|turn|19
|
|t:|1666125380
|switch|p1a: Crobat|Crobat, M|93/100
|move|p2a: Roserade|Spikes|p1a: Crobat
|-sidestart|p1: Mimilucha|Spikes
|
|-heal|p2a: Roserade|94/100|[from] item: Black Sludge
|upkeep
|turn|20
|
|t:|1666125385
|switch|p2a: Regieleki|Regieleki|100/100
|move|p1a: Crobat|U-turn|p2a: Regieleki
|-damage|p2a: Regieleki|63/100
|
|t:|1666125392
|switch|p1a: Zarude|Zarude|100/100|[from]move: U-turn
|
|upkeep
|turn|21
|
|t:|1666125396
|move|p2a: Regieleki|Volt Switch|p1a: Zarude
|-resisted|p1a: Zarude
|-damage|p1a: Zarude|75/100
|
|t:|1666125403
|switch|p2a: Celesteela|Celesteela|74/100|[from]move: Volt Switch
|move|p1a: Zarude|U-turn|p2a: Celesteela
|-resisted|p2a: Celesteela
|-damage|p2a: Celesteela|69/100
|
|t:|1666125405
|switch|p1a: Starmie|Starmie|70/100|[from]move: U-turn
|
|-heal|p2a: Celesteela|75/100|[from] item: Leftovers
|upkeep
|turn|22
|
|t:|1666125407
|move|p2a: Celesteela|Protect|p2a: Celesteela
|-singleturn|p2a: Celesteela|Protect
|move|p1a: Starmie|Scald|p2a: Celesteela
|-activate|p2a: Celesteela|move: Protect
|
|-heal|p2a: Celesteela|81/100|[from] item: Leftovers
|upkeep
|turn|23
|
|t:|1666125412
|move|p1a: Starmie|Scald|p2a: Celesteela
|-damage|p2a: Celesteela|63/100
|move|p2a: Celesteela|Leech Seed|p1a: Starmie
|-start|p1a: Starmie|move: Leech Seed
|
|-heal|p2a: Celesteela|69/100|[from] item: Leftovers
|-damage|p1a: Starmie|57/100|[from] Leech Seed|[of] p2a: Celesteela
|-heal|p2a: Celesteela|79/100|[silent]
|upkeep
|turn|24
|
|t:|1666125419
|switch|p2a: Regieleki|Regieleki|63/100
|move|p1a: Starmie|Rapid Spin|p2a: Regieleki
|-damage|p2a: Regieleki|48/100
|-boost|p1a: Starmie|spe|1
|-end|p1a: Starmie|Leech Seed|[from] move: Rapid Spin|[of] p1a: Starmie
|-sideend|p1: Mimilucha|Spikes|[from] move: Rapid Spin|[of] p1a: Starmie
|
|upkeep
|turn|25
|
|t:|1666125427
|switch|p1a: Mamoswine|Mamoswine, F|86/100
|switch|p2a: Celesteela|Celesteela|79/100
|
|-heal|p2a: Celesteela|85/100|[from] item: Leftovers
|upkeep
|turn|26
|
|t:|1666125431
|switch|p1a: Starmie|Starmie|57/100
|move|p2a: Celesteela|Heavy Slam|p1a: Starmie
|-resisted|p1a: Starmie
|-damage|p1a: Starmie|33/100
|
|-heal|p2a: Celesteela|91/100|[from] item: Leftovers
|upkeep
|turn|27
|
|t:|1666125435
|switch|p2a: Roserade|Roserade, F, shiny|94/100
|-damage|p2a: Roserade|82/100|[from] Spikes
|move|p1a: Starmie|Recover|p1a: Starmie
|-heal|p1a: Starmie|83/100
|
|-heal|p2a: Roserade|88/100|[from] item: Black Sludge
|upkeep
|turn|28
|
|t:|1666125442
|switch|p1a: Crobat|Crobat, M|93/100
|move|p2a: Roserade|Spikes|p1a: Crobat
|-sidestart|p1: Mimilucha|Spikes
|
|-heal|p2a: Roserade|94/100|[from] item: Black Sludge
|upkeep
|turn|29
|
|t:|1666125446
|switch|p2a: Celesteela|Celesteela|91/100
|move|p1a: Crobat|U-turn|p2a: Celesteela
|-resisted|p2a: Celesteela
|-damage|p2a: Celesteela|87/100
|
|t:|1666125448
|switch|p1a: Starmie|Starmie|83/100|[from]move: U-turn
|
|-heal|p2a: Celesteela|93/100|[from] item: Leftovers
|upkeep
|turn|30
|
|t:|1666125454
|switch|p2a: Roserade|Roserade, F, shiny|94/100
|-damage|p2a: Roserade|82/100|[from] Spikes
|move|p1a: Starmie|Scald|p2a: Roserade
|-resisted|p2a: Roserade
|-damage|p2a: Roserade|70/100
|
|-heal|p2a: Roserade|76/100|[from] item: Black Sludge
|upkeep
|turn|31
|
|t:|1666125457
|move|p1a: Starmie|Psyshock|p2a: Roserade
|-supereffective|p2a: Roserade
|-damage|p2a: Roserade|9/100
|move|p2a: Roserade|Giga Drain|p1a: Starmie
|-supereffective|p1a: Starmie
|-damage|p1a: Starmie|10/100
|-heal|p2a: Roserade|45/100|[from] drain|[of] p1a: Starmie
|
|-heal|p2a: Roserade|52/100|[from] item: Black Sludge
|upkeep
|turn|32
|
|t:|1666125465
|switch|p2a: Mandibuzz|Mandibuzz, F|40/100 brn
|move|p1a: Starmie|Psyshock|p2a: Mandibuzz
|-immune|p2a: Mandibuzz
|
|-damage|p2a: Mandibuzz|34/100 brn|[from] brn
|upkeep
|turn|33
|
|t:|1666125472
|move|p1a: Starmie|Recover|p1a: Starmie
|-heal|p1a: Starmie|60/100
|move|p2a: Mandibuzz|U-turn|p1a: Starmie
|-supereffective|p1a: Starmie
|-damage|p1a: Starmie|46/100
|
|t:|1666125475
|switch|p2a: Regieleki|Regieleki|48/100|[from]move: U-turn
|
|upkeep
|turn|34
|
|t:|1666125479
|switch|p1a: Chansey|Chansey, F|100/100
|-damage|p1a: Chansey|88/100|[from] Spikes
|move|p2a: Regieleki|Swift|p1a: Chansey
|-damage|p1a: Chansey|82/100
|
|upkeep
|turn|35
|
|t:|1666125483
|move|p2a: Regieleki|Volt Switch|p1a: Chansey
|-damage|p1a: Chansey|65/100
|
|t:|1666125506
|switch|p2a: Cobalion|Cobalion|68/100|[from]move: Volt Switch
|-damage|p2a: Cobalion|55/100|[from] Spikes
|move|p1a: Chansey|Stealth Rock|p2a: Cobalion
|-sidestart|p2: Luirromen|move: Stealth Rock
|
|upkeep
|turn|36
|
|t:|1666125511
|switch|p1a: Crobat|Crobat, M|93/100
|move|p2a: Cobalion|Swords Dance|p2a: Cobalion
|-boost|p2a: Cobalion|atk|2
|
|upkeep
|turn|37
|
|t:|1666125530
|move|p1a: Crobat|U-turn|p2a: Cobalion
|-resisted|p2a: Cobalion
|-damage|p2a: Cobalion|52/100
|
|t:|1666125532
|switch|p1a: Skarmory|Skarmory, F|93/100|[from]move: U-turn
|move|p2a: Cobalion|Stone Edge|p1a: Skarmory
|-damage|p1a: Skarmory|56/100
|
|upkeep
|turn|38
|inactive|Mimilucha has 270 seconds left.
|
|t:|1666125573
|move|p2a: Cobalion|Close Combat|p1a: Skarmory
|-damage|p1a: Skarmory|0 fnt
|-unboost|p2a: Cobalion|def|1
|-unboost|p2a: Cobalion|spd|1
|faint|p1a: Skarmory
|
|upkeep
|inactive|Mimilucha has 270 seconds left.
|
|t:|1666125582
|switch|p1a: Crobat|Crobat, M|93/100
|turn|39
|
|t:|1666125587
|switch|p2a: Celesteela|Celesteela|93/100
|-damage|p2a: Celesteela|80/100|[from] Stealth Rock
|move|p1a: Crobat|Brave Bird|p2a: Celesteela
|-resisted|p2a: Celesteela
|-damage|p2a: Celesteela|61/100
|-damage|p1a: Crobat|85/100|[from] Recoil
|
|-heal|p2a: Celesteela|67/100|[from] item: Leftovers
|upkeep
|turn|40
|
|t:|1666125591
|move|p1a: Crobat|U-turn|p2a: Celesteela
|-resisted|p2a: Celesteela
|-damage|p2a: Celesteela|64/100
|
|t:|1666125592
|switch|p1a: Starmie|Starmie|46/100|[from]move: U-turn
|move|p2a: Celesteela|Leech Seed|p1a: Starmie
|-start|p1a: Starmie|move: Leech Seed
|
|-heal|p2a: Celesteela|70/100|[from] item: Leftovers
|-damage|p1a: Starmie|34/100|[from] Leech Seed|[of] p2a: Celesteela
|-heal|p2a: Celesteela|80/100|[silent]
|upkeep
|turn|41
|
|t:|1666125604
|switch|p2a: Zygarde|Zygarde-10%|100/100
|-damage|p2a: Zygarde|88/100|[from] Spikes
|-damage|p2a: Zygarde|82/100|[from] Stealth Rock
|-ability|p2a: Zygarde|Aura Break
|move|p1a: Starmie|Rapid Spin|p2a: Zygarde
|-damage|p2a: Zygarde|68/100
|-boost|p1a: Starmie|spe|1
|-end|p1a: Starmie|Leech Seed|[from] move: Rapid Spin|[of] p1a: Starmie
|-sideend|p1: Mimilucha|Spikes|[from] move: Rapid Spin|[of] p1a: Starmie
|
|upkeep
|turn|42
|
|t:|1666125629
|switch|p1a: Zarude|Zarude|75/100
|move|p2a: Zygarde|Thousand Arrows|p1a: Zarude
|-resisted|p1a: Zarude
|-damage|p1a: Zarude|49/100
|
|upkeep
|turn|43
|
|t:|1666125642
|switch|p2a: Mandibuzz|Mandibuzz, F|34/100 brn
|move|p1a: Zarude|U-turn|p2a: Mandibuzz
|-damage|p2a: Mandibuzz|20/100 brn
|
|t:|1666125646
|switch|p1a: Crobat|Crobat, M|85/100|[from]move: U-turn
|
|-damage|p2a: Mandibuzz|14/100 brn|[from] brn
|upkeep
|turn|44
|
|t:|1666125649
|move|p1a: Crobat|Brave Bird|p2a: Mandibuzz
|-damage|p2a: Mandibuzz|0 fnt
|faint|p2a: Mandibuzz
|-damage|p1a: Crobat|79/100|[from] Recoil
|
|upkeep
|
|t:|1666125652
|switch|p2a: Regieleki|Regieleki|48/100
|turn|45
|
|t:|1666125655
|switch|p1a: Chansey|Chansey, F|65/100
|move|p2a: Regieleki|Rapid Spin|p1a: Chansey
|-damage|p1a: Chansey|59/100
|-boost|p2a: Regieleki|spe|1
|-sideend|p2: Luirromen|Spikes|[from] move: Rapid Spin|[of] p2a: Regieleki
|-sideend|p2: Luirromen|Stealth Rock|[from] move: Rapid Spin|[of] p2a: Regieleki
|
|upkeep
|turn|46
|
|t:|1666125661
|move|p2a: Regieleki|Volt Switch|p1a: Chansey
|-damage|p1a: Chansey|42/100
|
|t:|1666125664
|switch|p2a: Cobalion|Cobalion|52/100|[from]move: Volt Switch
|move|p1a: Chansey|Seismic Toss|p2a: Cobalion
|-damage|p2a: Cobalion|21/100
|
|upkeep
|turn|47
|
|t:|1666125687
|move|p2a: Cobalion|Stone Edge|p1a: Chansey|[miss]
|-miss|p2a: Cobalion|p1a: Chansey
|move|p1a: Chansey|Teleport|p1a: Chansey
|
|t:|1666125690
|switch|p1a: Crobat|Crobat, M|79/100|[from]move: Teleport
|
|upkeep
|turn|48
|
|t:|1666125694
|switch|p2a: Celesteela|Celesteela|80/100
|move|p1a: Crobat|Brave Bird|p2a: Celesteela
|-resisted|p2a: Celesteela
|-damage|p2a: Celesteela|61/100
|-damage|p1a: Crobat|72/100|[from] Recoil
|
|-heal|p2a: Celesteela|67/100|[from] item: Leftovers
|upkeep
|turn|49
|
|t:|1666125698
|move|p1a: Crobat|U-turn|p2a: Celesteela
|-resisted|p2a: Celesteela
|-crit|p2a: Celesteela
|-damage|p2a: Celesteela|62/100
|
|t:|1666125700
|switch|p1a: Starmie|Starmie|34/100|[from]move: U-turn
|move|p2a: Celesteela|Heavy Slam|p1a: Starmie
|-resisted|p1a: Starmie
|-damage|p1a: Starmie|8/100
|
|-heal|p2a: Celesteela|68/100|[from] item: Leftovers
|upkeep
|turn|50
|
|t:|1666125707
|switch|p2a: Regieleki|Regieleki|48/100
|move|p1a: Starmie|Recover|p1a: Starmie
|-heal|p1a: Starmie|58/100
|
|upkeep
|turn|51
|
|t:|1666125713
|switch|p1a: Mamoswine|Mamoswine, F|86/100
|move|p2a: Regieleki|Volt Switch|p1a: Mamoswine
|-immune|p1a: Mamoswine
|
|upkeep
|turn|52
|
|t:|1666125723
|switch|p2a: Cobalion|Cobalion|21/100
|move|p1a: Mamoswine|Icicle Crash|p2a: Cobalion
|-resisted|p2a: Cobalion
|-damage|p2a: Cobalion|0 fnt
|faint|p2a: Cobalion
|
|upkeep
|
|t:|1666125725
|switch|p2a: Celesteela|Celesteela|68/100
|turn|53
|
|t:|1666125735
|switch|p1a: Chansey|Chansey, F|42/100
|switch|p2a: Regieleki|Regieleki|48/100
|
|upkeep
|turn|54
|
|t:|1666125738
|move|p2a: Regieleki|Volt Switch|p1a: Chansey
|-damage|p1a: Chansey|27/100
|
|t:|1666125741
|switch|p2a: Roserade|Roserade, F, shiny|52/100|[from]move: Volt Switch
|move|p1a: Chansey|Soft-Boiled|p1a: Chansey
|-heal|p1a: Chansey|77/100
|
|-heal|p2a: Roserade|58/100|[from] item: Black Sludge
|upkeep
|turn|55
|
|t:|1666125745
|move|p2a: Roserade|Spikes|p1a: Chansey
|-sidestart|p1: Mimilucha|Spikes
|move|p1a: Chansey|Teleport|p1a: Chansey
|
|t:|1666125747
|switch|p1a: Crobat|Crobat, M|72/100|[from]move: Teleport
|
|-heal|p2a: Roserade|64/100|[from] item: Black Sludge
|upkeep
|turn|56
|
|t:|1666125751
|switch|p2a: Celesteela|Celesteela|68/100
|move|p1a: Crobat|U-turn|p2a: Celesteela
|-resisted|p2a: Celesteela
|-damage|p2a: Celesteela|64/100
|
|t:|1666125753
|switch|p1a: Starmie|Starmie|58/100|[from]move: U-turn
|
|-heal|p2a: Celesteela|70/100|[from] item: Leftovers
|upkeep
|turn|57
|
|t:|1666125756
|move|p1a: Starmie|Rapid Spin|p2a: Celesteela
|-resisted|p2a: Celesteela
|-damage|p2a: Celesteela|67/100
|-boost|p1a: Starmie|spe|1
|-sideend|p1: Mimilucha|Spikes|[from] move: Rapid Spin|[of] p1a: Starmie
|move|p2a: Celesteela|Leech Seed|p1a: Starmie
|-start|p1a: Starmie|move: Leech Seed
|
|-heal|p2a: Celesteela|73/100|[from] item: Leftovers
|-damage|p1a: Starmie|46/100|[from] Leech Seed|[of] p2a: Celesteela
|-heal|p2a: Celesteela|83/100|[silent]
|upkeep
|turn|58
|
|t:|1666125762
|switch|p2a: Roserade|Roserade, F, shiny|64/100
|move|p1a: Starmie|Recover|p1a: Starmie
|-heal|p1a: Starmie|96/100
|
|-heal|p2a: Roserade|70/100|[from] item: Black Sludge
|-damage|p1a: Starmie|83/100|[from] Leech Seed|[of] p2a: Roserade
|-heal|p2a: Roserade|83/100|[silent]
|upkeep
|turn|59
|
|t:|1666125769
|switch|p1a: Chansey|Chansey, F|77/100
|move|p2a: Roserade|Giga Drain|p1a: Chansey
|-crit|p1a: Chansey
|-damage|p1a: Chansey|62/100
|-heal|p2a: Roserade|99/100|[from] drain|[of] p1a: Chansey
|
|-heal|p2a: Roserade|100/100|[from] item: Black Sludge
|upkeep
|turn|60
|
|t:|1666125772
|move|p2a: Roserade|Spikes|p1a: Chansey
|-sidestart|p1: Mimilucha|Spikes
|move|p1a: Chansey|Stealth Rock|p2a: Roserade
|-sidestart|p2: Luirromen|move: Stealth Rock
|
|upkeep
|turn|61
|
|t:|1666125786
|move|p2a: Roserade|Spikes|p1a: Chansey
|-sidestart|p1: Mimilucha|Spikes
|move|p1a: Chansey|Seismic Toss|p2a: Roserade
|-damage|p2a: Roserade|69/100
|
|-heal|p2a: Roserade|76/100|[from] item: Black Sludge
|upkeep
|turn|62
|
|t:|1666125790
|move|p2a: Roserade|Sludge Bomb|p1a: Chansey
|-damage|p1a: Chansey|49/100
|move|p1a: Chansey|Seismic Toss|p2a: Roserade
|-damage|p2a: Roserade|44/100
|
|-heal|p2a: Roserade|51/100|[from] item: Black Sludge
|upkeep
|turn|63
|
|t:|1666125796
|move|p2a: Roserade|Synthesis|p2a: Roserade
|-heal|p2a: Roserade|100/100
|move|p1a: Chansey|Soft-Boiled|p1a: Chansey
|-heal|p1a: Chansey|99/100
|
|upkeep
|turn|64
|
|t:|1666125799
|move|p2a: Roserade|Sludge Bomb|p1a: Chansey
|-damage|p1a: Chansey|87/100
|move|p1a: Chansey|Seismic Toss|p2a: Roserade
|-damage|p2a: Roserade|69/100
|
|-heal|p2a: Roserade|76/100|[from] item: Black Sludge
|upkeep
|turn|65
|
|t:|1666125804
|switch|p2a: Celesteela|Celesteela|83/100
|-damage|p2a: Celesteela|71/100|[from] Stealth Rock
|move|p1a: Chansey|Seismic Toss|p2a: Celesteela
|-damage|p2a: Celesteela|46/100
|
|-heal|p2a: Celesteela|52/100|[from] item: Leftovers
|upkeep
|turn|66
|
|t:|1666125810
|move|p2a: Celesteela|Protect|p2a: Celesteela
|-singleturn|p2a: Celesteela|Protect
|move|p1a: Chansey|Teleport|p1a: Chansey
|
|t:|1666125811
|switch|p1a: Starmie|Starmie|83/100|[from]move: Teleport
|
|-heal|p2a: Celesteela|58/100|[from] item: Leftovers
|upkeep
|turn|67
|
|t:|1666125816
|move|p1a: Starmie|Scald|p2a: Celesteela
|-damage|p2a: Celesteela|40/100
|move|p2a: Celesteela|Leech Seed|p1a: Starmie
|-start|p1a: Starmie|move: Leech Seed
|
|-heal|p2a: Celesteela|46/100|[from] item: Leftovers
|-damage|p1a: Starmie|71/100|[from] Leech Seed|[of] p2a: Celesteela
|-heal|p2a: Celesteela|56/100|[silent]
|upkeep
|turn|68
|
|t:|1666125819
|move|p2a: Celesteela|Protect|p2a: Celesteela
|-singleturn|p2a: Celesteela|Protect
|move|p1a: Starmie|Rapid Spin|p2a: Celesteela
|-activate|p2a: Celesteela|move: Protect
|
|-heal|p2a: Celesteela|62/100|[from] item: Leftovers
|-damage|p1a: Starmie|59/100|[from] Leech Seed|[of] p2a: Celesteela
|-heal|p2a: Celesteela|72/100|[silent]
|upkeep
|turn|69
|
|t:|1666125824
|move|p1a: Starmie|Rapid Spin|p2a: Celesteela
|-resisted|p2a: Celesteela
|-damage|p2a: Celesteela|69/100
|-boost|p1a: Starmie|spe|1
|-end|p1a: Starmie|Leech Seed|[from] move: Rapid Spin|[of] p1a: Starmie
|-sideend|p1: Mimilucha|Spikes|[from] move: Rapid Spin|[of] p1a: Starmie
|move|p2a: Celesteela|Leech Seed|p1a: Starmie
|-start|p1a: Starmie|move: Leech Seed
|
|-heal|p2a: Celesteela|75/100|[from] item: Leftovers
|-damage|p1a: Starmie|46/100|[from] Leech Seed|[of] p2a: Celesteela
|-heal|p2a: Celesteela|85/100|[silent]
|upkeep
|turn|70
|
|t:|1666125832
|move|p1a: Starmie|Recover|p1a: Starmie
|-heal|p1a: Starmie|96/100
|move|p2a: Celesteela|Heavy Slam|p1a: Starmie
|-resisted|p1a: Starmie
|-damage|p1a: Starmie|73/100
|
|-heal|p2a: Celesteela|91/100|[from] item: Leftovers
|-damage|p1a: Starmie|61/100|[from] Leech Seed|[of] p2a: Celesteela
|-heal|p2a: Celesteela|100/100|[silent]
|upkeep
|turn|71
|
|t:|1666125837
|switch|p1a: Chansey|Chansey, F|87/100
|move|p2a: Celesteela|Protect||[still]
|-fail|p2a: Celesteela
|
|upkeep
|turn|72
|
|t:|1666125842
|move|p2a: Celesteela|Heavy Slam|p1a: Chansey
|-damage|p1a: Chansey|58/100
|move|p1a: Chansey|Teleport|p1a: Chansey
|
|t:|1666125845
|switch|p1a: Starmie|Starmie|61/100|[from]move: Teleport
|
|upkeep
|turn|73
|
|t:|1666125849
|move|p1a: Starmie|Scald|p2a: Celesteela
|-damage|p2a: Celesteela|85/100
|move|p2a: Celesteela|Leech Seed|p1a: Starmie
|-start|p1a: Starmie|move: Leech Seed
|
|-heal|p2a: Celesteela|91/100|[from] item: Leftovers
|-damage|p1a: Starmie|48/100|[from] Leech Seed|[of] p2a: Celesteela
|-heal|p2a: Celesteela|100/100|[silent]
|upkeep
|turn|74
|
|t:|1666125853
|switch|p2a: Regieleki|Regieleki|48/100
|move|p1a: Starmie|Recover|p1a: Starmie
|-heal|p1a: Starmie|98/100
|
|-damage|p1a: Starmie|86/100|[from] Leech Seed|[of] p2a: Regieleki
|-heal|p2a: Regieleki|61/100|[silent]
|upkeep
|turn|75
|
|t:|1666125860
|switch|p1a: Mamoswine|Mamoswine, F|86/100
|move|p2a: Regieleki|Rapid Spin|p1a: Mamoswine
|-damage|p1a: Mamoswine|74/100
|-boost|p2a: Regieleki|spe|1
|-sideend|p2: Luirromen|Stealth Rock|[from] move: Rapid Spin|[of] p2a: Regieleki
|
|upkeep
|turn|76
|
|t:|1666125876
|switch|p2a: Celesteela|Celesteela|100/100
|move|p1a: Mamoswine|Knock Off|p2a: Celesteela
|-crit|p2a: Celesteela
|-damage|p2a: Celesteela|57/100
|-enditem|p2a: Celesteela|Leftovers|[from] move: Knock Off|[of] p1a: Mamoswine
|
|upkeep
|turn|77
|
|t:|1666125880
|switch|p1a: Starmie|Starmie|86/100
|switch|p2a: Regieleki|Regieleki|61/100
|
|upkeep
|turn|78
|
|t:|1666125886
|switch|p1a: Chansey|Chansey, F|58/100
|move|p2a: Regieleki|Volt Switch|p1a: Chansey
|-damage|p1a: Chansey|43/100
|
|t:|1666125889
|switch|p2a: Zygarde|Zygarde-10%|68/100|[from]move: Volt Switch
|-ability|p2a: Zygarde|Aura Break
|
|upkeep
|turn|79
|
|t:|1666125907
|switch|p1a: Zarude|Zarude|49/100
|move|p2a: Zygarde|Outrage|p1a: Zarude
|-damage|p1a: Zarude|0 fnt
|faint|p1a: Zarude
|
|upkeep
|
|t:|1666125910
|switch|p1a: Mamoswine|Mamoswine, F|74/100
|turn|80
|
|t:|1666125913
|move|p1a: Mamoswine|Ice Shard|p2a: Zygarde
|-supereffective|p2a: Zygarde
|-damage|p2a: Zygarde|0 fnt
|faint|p2a: Zygarde
|
|upkeep
|
|t:|1666125916
|switch|p2a: Celesteela|Celesteela|57/100
|turn|81
|
|t:|1666125922
|switch|p1a: Starmie|Starmie|86/100
|switch|p2a: Roserade|Roserade, F, shiny|76/100
|
|-heal|p2a: Roserade|82/100|[from] item: Black Sludge
|upkeep
|turn|82
|
|t:|1666125928
|switch|p1a: Crobat|Crobat, M|72/100
|move|p2a: Roserade|Giga Drain|p1a: Crobat
|-resisted|p1a: Crobat
|-damage|p1a: Crobat|61/100
|-heal|p2a: Roserade|87/100|[from] drain|[of] p1a: Crobat
|
|-heal|p2a: Roserade|93/100|[from] item: Black Sludge
|upkeep
|turn|83
|
|t:|1666125934
|switch|p2a: Celesteela|Celesteela|57/100
|move|p1a: Crobat|Taunt|p2a: Celesteela
|-start|p2a: Celesteela|move: Taunt
|
|upkeep
|turn|84
|
|t:|1666125939
|move|p1a: Crobat|U-turn|p2a: Celesteela
|-resisted|p2a: Celesteela
|-damage|p2a: Celesteela|53/100
|
|t:|1666125941
|switch|p1a: Starmie|Starmie|86/100|[from]move: U-turn
|move|p2a: Celesteela|Heavy Slam|p1a: Starmie
|-resisted|p1a: Starmie
|-damage|p1a: Starmie|62/100
|
|upkeep
|turn|85
|
|t:|1666125945
|switch|p2a: Roserade|Roserade, F, shiny|93/100
|move|p1a: Starmie|Scald|p2a: Roserade
|-resisted|p2a: Roserade
|-damage|p2a: Roserade|81/100
|
|-heal|p2a: Roserade|87/100|[from] item: Black Sludge
|upkeep
|turn|86
|
|t:|1666125952
|switch|p1a: Chansey|Chansey, F|43/100
|move|p2a: Roserade|Spikes|p1a: Chansey
|-sidestart|p1: Mimilucha|Spikes
|
|-heal|p2a: Roserade|94/100|[from] item: Black Sludge
|upkeep
|turn|87
|
|t:|1666125957
|move|p2a: Roserade|Spikes|p1a: Chansey
|-sidestart|p1: Mimilucha|Spikes
|move|p1a: Chansey|Soft-Boiled|p1a: Chansey
|-heal|p1a: Chansey|93/100
|
|-heal|p2a: Roserade|99/100|[from] item: Black Sludge
|upkeep
|turn|88
|
|t:|1666125960
|move|p2a: Roserade|Spikes|p1a: Chansey
|-sidestart|p1: Mimilucha|Spikes
|move|p1a: Chansey|Stealth Rock|p2a: Roserade
|-sidestart|p2: Luirromen|move: Stealth Rock
|
|-heal|p2a: Roserade|100/100|[from] item: Black Sludge
|upkeep
|turn|89
|
|t:|1666125963
|move|p2a: Roserade|Sludge Bomb|p1a: Chansey
|-crit|p1a: Chansey
|-damage|p1a: Chansey|74/100
|move|p1a: Chansey|Teleport|p1a: Chansey
|
|t:|1666125965
|switch|p1a: Crobat|Crobat, M|61/100|[from]move: Teleport
|
|upkeep
|turn|90
|
|t:|1666125968
|switch|p2a: Regieleki|Regieleki|61/100
|move|p1a: Crobat|Brave Bird|p2a: Regieleki
|-resisted|p2a: Regieleki
|-damage|p2a: Regieleki|15/100
|-damage|p1a: Crobat|47/100|[from] Recoil
|
|upkeep
|turn|91
|
|t:|1666125976
|switch|p1a: Chansey|Chansey, F|74/100
|-damage|p1a: Chansey|49/100|[from] Spikes
|move|p2a: Regieleki|Volt Switch|p1a: Chansey
|-damage|p1a: Chansey|34/100
|
|t:|1666125983
|switch|p2a: Celesteela|Celesteela|53/100|[from]move: Volt Switch
|-damage|p2a: Celesteela|41/100|[from] Stealth Rock
|
|upkeep
|turn|92
|
|t:|1666125990
|move|p2a: Celesteela|Leech Seed|p1a: Chansey
|-start|p1a: Chansey|move: Leech Seed
|move|p1a: Chansey|Seismic Toss|p2a: Celesteela
|-damage|p2a: Celesteela|16/100
|
|-damage|p1a: Chansey|22/100|[from] Leech Seed|[of] p2a: Celesteela
|-heal|p2a: Celesteela|38/100|[silent]
|upkeep
|turn|93
|
|t:|1666125998
|switch|p1a: Starmie|Starmie|62/100
|move|p2a: Celesteela|Heavy Slam|p1a: Starmie
|-resisted|p1a: Starmie
|-damage|p1a: Starmie|37/100
|
|upkeep
|turn|94
|
|t:|1666126004
|switch|p2a: Roserade|Roserade, F, shiny|100/100
|-damage|p2a: Roserade|88/100|[from] Stealth Rock
|move|p1a: Starmie|Rapid Spin|p2a: Roserade
|-damage|p2a: Roserade|78/100
|-boost|p1a: Starmie|spe|1
|-sideend|p1: Mimilucha|Spikes|[from] move: Rapid Spin|[of] p1a: Starmie
|
|-heal|p2a: Roserade|84/100|[from] item: Black Sludge
|upkeep
|turn|95
|
|t:|1666126014
|move|p1a: Starmie|Psyshock|p2a: Roserade
|-supereffective|p2a: Roserade
|-damage|p2a: Roserade|19/100
|move|p2a: Roserade|Giga Drain|p1a: Starmie
|-supereffective|p1a: Starmie
|-damage|p1a: Starmie|0 fnt
|-heal|p2a: Roserade|37/100|[from] drain|[of] p1a: Starmie
|faint|p1a: Starmie
|
|-heal|p2a: Roserade|43/100|[from] item: Black Sludge
|upkeep
|
|t:|1666126020
|switch|p1a: Crobat|Crobat, M|47/100
|turn|96
|
|t:|1666126037
|move|p1a: Crobat|Brave Bird|p2a: Roserade
|-supereffective|p2a: Roserade
|-damage|p2a: Roserade|0 fnt
|faint|p2a: Roserade
|-damage|p1a: Crobat|33/100|[from] Recoil
|
|upkeep
|
|t:|1666126041
|switch|p2a: Regieleki|Regieleki|15/100
|turn|97
|
|t:|1666126063
|switch|p1a: Chansey|Chansey, F|22/100
|move|p2a: Regieleki|Rapid Spin|p1a: Chansey
|-damage|p1a: Chansey|15/100
|-boost|p2a: Regieleki|spe|1
|-sideend|p2: Luirromen|Stealth Rock|[from] move: Rapid Spin|[of] p2a: Regieleki
|
|upkeep
|turn|98
|
|t:|1666126074
|move|p2a: Regieleki|Thunderbolt|p1a: Chansey
|-damage|p1a: Chansey|0 fnt
|faint|p1a: Chansey
|
|upkeep
|
|t:|1666126076
|switch|p1a: Mamoswine|Mamoswine, F|74/100
|turn|99
|
|t:|1666126089
|move|p1a: Mamoswine|Ice Shard|p2a: Regieleki
|-damage|p2a: Regieleki|0 fnt
|faint|p2a: Regieleki
|
|upkeep
|
|t:|1666126091
|switch|p2a: Celesteela|Celesteela|38/100
|turn|100
|
|t:|1666126095
|move|p1a: Mamoswine|Icicle Crash|p2a: Celesteela
|-damage|p2a: Celesteela|0 fnt
|faint|p2a: Celesteela
|
|win|Mimilucha
|c|☆Luirromen|ggs
|c|☆Mimilucha|ggs
