|inactive|Battle timer is ON: inactive players will automatically lose when time's up.
|t:|1665508401
|gametype|singles
|player|p1|Cam|#agplivlionsden|
|player|p2|Lily|#scl1machines|
|teamsize|p1|6
|teamsize|p2|6
|gen|8
|tier|[Gen 8] UU
|rule|Sleep Clause Mod: Limit one foe put to sleep
|rule|Species Clause: Limit one of each Pokémon
|rule|OHKO Clause: OHKO moves are banned
|rule|Evasion Items Clause: Evasion items are banned
|rule|Evasion Moves Clause: Evasion moves are banned
|rule|Endless Battle Clause: Forcing endless battles is banned
|rule|HP Percentage Mod: HP is shown in percentages
|rule|Dynamax Clause: You cannot dynamax
|clearpoke
|poke|p1|Glastrier|
|poke|p1|Cresselia, F|
|poke|p1|Regidrago|
|poke|p1|Hatterene, F|
|poke|p1|Diancie|
|poke|p1|Marowak-Alola, F|
|poke|p2|Zarude-Dada|
|poke|p2|Mamoswine, M|
|poke|p2|Hatterene, F|
|poke|p2|Cobalion|
|poke|p2|Rotom-Wash|
|poke|p2|Chandelure, F|
|teampreview
|c|☆Lily|hf
|c|☆Cam|h_f
|
|t:|1665508429
|start
|switch|p1a: Hatterene|Hatterene, F|100/100
|switch|p2a: Chandelure|Chandelure, F|100/100
|turn|1
|
|t:|1665508437
|move|p2a: Chandelure|Shadow Ball|p1a: Hatterene
|-supereffective|p1a: Hatterene
|-enditem|p1a: Hatterene|Focus Sash
|-damage|p1a: Hatterene|1/100
|-unboost|p1a: Hatterene|spd|1
|move|p1a: Hatterene|Trick Room|p1a: Hatterene
|-fieldstart|move: Trick Room|[of] p1a: Hatterene
|
|upkeep
|turn|2
|
|t:|1665508443
|move|p1a: Hatterene|Psychic|p2a: Chandelure
|-damage|p2a: Chandelure|22/100
|-unboost|p2a: Chandelure|spd|1
|move|p2a: Chandelure|Shadow Ball|p1a: Hatterene
|-supereffective|p1a: Hatterene
|-damage|p1a: Hatterene|0 fnt
|faint|p1a: Hatterene
|
|upkeep
|c|+Sage|horse
|
|t:|1665508463
|switch|p1a: Marowak|Marowak-Alola, F|100/100
|turn|3
|
|t:|1665508467
|switch|p2a: Rotom|Rotom-Wash|100/100
|move|p1a: Marowak|Poltergeist|p2a: Rotom
|-activate|p2a: Rotom|move: Poltergeist|Leftovers
|-damage|p2a: Rotom|10/100
|
|-heal|p2a: Rotom|16/100|[from] item: Leftovers
|upkeep
|turn|4
|
|t:|1665508474
|switch|p2a: Zarude|Zarude-Dada|100/100
|move|p1a: Marowak|Flare Blitz|p2a: Zarude
|-supereffective|p2a: Zarude
|-damage|p2a: Zarude|0 fnt
|faint|p2a: Zarude
|
|upkeep
|
|t:|1665508478
|switch|p2a: Rotom|Rotom-Wash|16/100
|turn|5
|
|t:|1665508481
|move|p1a: Marowak|Poltergeist|p2a: Rotom
|-activate|p2a: Rotom|move: Poltergeist|Leftovers
|-damage|p2a: Rotom|0 fnt
|faint|p2a: Rotom
|
|-fieldend|move: Trick Room
|upkeep
|
|t:|1665508482
|switch|p2a: Chandelure|Chandelure, F|22/100
|turn|6
|inactive|Cam has 270 seconds left.
|
|t:|1665508538
|switch|p1a: Regidrago|Regidrago|100/100
|move|p2a: Chandelure|Shadow Ball|p1a: Regidrago
|-damage|p1a: Regidrago|47/100
|
|upkeep
|turn|7
|
|t:|1665508546
|move|p2a: Chandelure|Shadow Ball|p1a: Regidrago
|-damage|p1a: Regidrago|0 fnt
|faint|p1a: Regidrago
|
|upkeep
|
|t:|1665508552
|switch|p1a: Diancie|Diancie|100/100
|turn|8
|
|t:|1665508556
|switch|p2a: Cobalion|Cobalion|100/100
|move|p1a: Diancie|Trick Room|p1a: Diancie
|-fieldstart|move: Trick Room|[of] p1a: Diancie
|
|upkeep
|turn|9
|
|t:|1665508568
|switch|p1a: Marowak|Marowak-Alola, F|100/100
|move|p2a: Cobalion|Stealth Rock|p1a: Marowak
|-sidestart|p1: Cam|move: Stealth Rock
|
|upkeep
|turn|10
|
|t:|1665508573
|move|p1a: Marowak|Earthquake|p2a: Cobalion
|-supereffective|p2a: Cobalion
|-damage|p2a: Cobalion|5/100
|move|p2a: Cobalion|Stone Edge|p1a: Marowak|[miss]
|-miss|p2a: Cobalion|p1a: Marowak
|
|upkeep
|turn|11
|
|t:|1665508575
|move|p1a: Marowak|Earthquake|p2a: Cobalion
|-supereffective|p2a: Cobalion
|-damage|p2a: Cobalion|0 fnt
|faint|p2a: Cobalion
|
|upkeep
|
|t:|1665508596
|switch|p2a: Mamoswine|Mamoswine, M|100/100
|turn|12
|
|t:|1665508603
|move|p1a: Marowak|Flare Blitz|p2a: Mamoswine
|-supereffective|p2a: Mamoswine
|-damage|p2a: Mamoswine|0 fnt
|faint|p2a: Mamoswine
|
|-fieldend|move: Trick Room
|upkeep
|
|t:|1665508605
|switch|p2a: Chandelure|Chandelure, F|22/100
|turn|13
|
|t:|1665508614
|switch|p1a: Glastrier|Glastrier|100/100
|-damage|p1a: Glastrier|76/100|[from] Stealth Rock
|move|p2a: Chandelure|Shadow Ball|p1a: Glastrier
|-damage|p1a: Glastrier|21/100
|
|upkeep
|turn|14
|
|t:|1665508617
|move|p2a: Chandelure|Shadow Ball|p1a: Glastrier
|-damage|p1a: Glastrier|0 fnt
|faint|p1a: Glastrier
|
|upkeep
|
|t:|1665508619
|switch|p1a: Diancie|Diancie|100/100
|-damage|p1a: Diancie|88/100|[from] Stealth Rock
|turn|15
|
|t:|1665508621
|switch|p2a: Hatterene|Hatterene, F|100/100
|move|p1a: Diancie|Trick Room|p1a: Diancie
|-fieldstart|move: Trick Room|[of] p1a: Diancie
|
|upkeep
|turn|16
|
|t:|1665508624
|move|p1a: Diancie|Explosion|p2a: Hatterene
|-damage|p2a: Hatterene|22/100
|faint|p1a: Diancie
|move|p2a: Hatterene|Calm Mind|p2a: Hatterene
|-boost|p2a: Hatterene|spa|1
|-boost|p2a: Hatterene|spd|1
|
|-heal|p2a: Hatterene|28/100|[from] item: Leftovers
|upkeep
|
|t:|1665508626
|switch|p1a: Marowak|Marowak-Alola, F|100/100
|-damage|p1a: Marowak|76/100|[from] Stealth Rock
|turn|17
|
|t:|1665508630
|move|p1a: Marowak|Earthquake|p2a: Hatterene
|-damage|p2a: Hatterene|0 fnt
|faint|p2a: Hatterene
|
|upkeep
|
|t:|1665508631
|switch|p2a: Chandelure|Chandelure, F|22/100
|turn|18
|
|t:|1665508633
|move|p1a: Marowak|Earthquake|p2a: Chandelure
|-supereffective|p2a: Chandelure
|-damage|p2a: Chandelure|0 fnt
|faint|p2a: Chandelure
|
|win|Cam
|c|☆Cam|gg
|c|☆Lily|gg
