|inactive|Battle timer is ON: inactive players will automatically lose when time's up.
|t:|1659293849
|gametype|singles
|player|p1|Micciu20250|kris-masters|
|player|p2|Moutemoute|#moutemoute|
|teamsize|p1|6
|teamsize|p2|6
|gen|8
|tier|[Gen 8] UU
|rule|Sleep Clause Mod: Limit one foe put to sleep
|rule|Species Clause: Limit one of each Pokémon
|rule|OHKO Clause: OHKO moves are banned
|rule|Evasion Moves Clause: Evasion moves are banned
|rule|Endless Battle Clause: Forcing endless battles is banned
|rule|HP Percentage Mod: HP is shown in percentages
|rule|Dynamax Clause: You cannot dynamax
|clearpoke
|poke|p1|Gyarados, M|
|poke|p1|Swampert, F|
|poke|p1|Tangrowth, F|
|poke|p1|Crobat, M|
|poke|p1|Hydreigon, F|
|poke|p1|Celesteela|
|poke|p2|Scizor, F|
|poke|p2|Azelf|
|poke|p2|Tangrowth, M|
|poke|p2|Cobalion|
|poke|p2|Swampert, F|
|poke|p2|Salamence, F|
|teampreview
|c|☆Micciu20250|hf
|inactive|Micciu20250 has 270 seconds left.
|inactive|Moutemoute has 270 seconds left.
|c|☆Moutemoute|hf
|inactive|Micciu20250 has 240 seconds left.
|inactive|Micciu20250 has 210 seconds left.
|c|+TDK ✿|:pouss:
|c|+umbry ✿|:pouss:
|
|t:|1659293959
|start
|switch|p1a: STT de mort|Hydreigon, F|100/100
|switch|p2a: Cobalion|Cobalion|100/100
|turn|1
|
|t:|1659293968
|switch|p2a: Tangrowth|Tangrowth, M|100/100
|switch|p1a: Impression|Swampert, F|100/100
|
|upkeep
|turn|2
|inactive|Micciu20250 has 240 seconds left.
|
|t:|1659294000
|move|p1a: Impression|Flip Turn|p2a: Tangrowth
|-resisted|p2a: Tangrowth
|-damage|p2a: Tangrowth|92/100
|c|+TDK ✿|this game is way too blue btw it's making me uneasy
|
|t:|1659294004
|switch|p1a: Ce ptn de|Crobat, M|100/100|[from]move: Flip Turn
|move|p2a: Tangrowth|Knock Off|p1a: Ce ptn de
|-damage|p1a: Ce ptn de|78/100
|-enditem|p1a: Ce ptn de|Heavy-Duty Boots|[from] move: Knock Off|[of] p2a: Tangrowth
|
|upkeep
|turn|3
|
|t:|1659294011
|move|p1a: Ce ptn de|Brave Bird|p2a: Tangrowth
|-supereffective|p2a: Tangrowth
|-damage|p2a: Tangrowth|32/100
|-damage|p1a: Ce ptn de|55/100|[from] Recoil
|move|p2a: Tangrowth|Knock Off|p1a: Ce ptn de
|-damage|p1a: Ce ptn de|40/100
|
|upkeep
|turn|4
|
|t:|1659294018
|switch|p2a: Cobalion|Cobalion|100/100
|move|p1a: Ce ptn de|Roost|p1a: Ce ptn de
|-heal|p1a: Ce ptn de|90/100
|-singleturn|p1a: Ce ptn de|move: Roost
|
|upkeep
|turn|5
|
|t:|1659294041
|move|p1a: Ce ptn de|U-turn|p2a: Cobalion
|-resisted|p2a: Cobalion
|-damage|p2a: Cobalion|97/100
|-damage|p1a: Ce ptn de|73/100|[from] item: Rocky Helmet|[of] p2a: Cobalion
|
|t:|1659294043
|switch|p1a: Envie de Mourir|Celesteela|100/100|[from]move: U-turn
|move|p2a: Cobalion|Volt Switch|p1a: Envie de Mourir
|-supereffective|p1a: Envie de Mourir
|-damage|p1a: Envie de Mourir|81/100
|
|t:|1659294048
|switch|p2a: Swampert|Swampert, F|100/100|[from]move: Volt Switch
|
|-heal|p1a: Envie de Mourir|87/100|[from] item: Leftovers
|upkeep
|turn|6
|
|t:|1659294063
|switch|p1a: J'ai une légère|Gyarados, M|100/100
|-ability|p1a: J'ai une légère|Intimidate|boost
|-unboost|p2a: Swampert|atk|1
|move|p2a: Swampert|Flip Turn|p1a: J'ai une légère
|-resisted|p1a: J'ai une légère
|-damage|p1a: J'ai une légère|83/100
|
|t:|1659294069
|switch|p2a: Cobalion|Cobalion|97/100|[from]move: Flip Turn
|
|-heal|p1a: J'ai une légère|89/100|[from] item: Leftovers
|upkeep
|turn|7
|
|t:|1659294074
|switch|p1a: Impression|Swampert, F|100/100
|move|p2a: Cobalion|Stealth Rock|p1a: Impression
|-sidestart|p1: Micciu20250|move: Stealth Rock
|
|upkeep
|turn|8
|
|t:|1659294078
|move|p2a: Cobalion|Toxic|p1a: Impression
|-status|p1a: Impression|tox
|move|p1a: Impression|Stealth Rock|p2a: Cobalion
|-sidestart|p2: Moutemoute|move: Stealth Rock
|
|-damage|p1a: Impression|94/100 tox|[from] psn
|upkeep
|turn|9
|
|t:|1659294092
|move|p2a: Cobalion|Close Combat|p1a: Impression
|-damage|p1a: Impression|59/100 tox
|-unboost|p2a: Cobalion|def|1
|-unboost|p2a: Cobalion|spd|1
|move|p1a: Impression|Flip Turn|p2a: Cobalion
|-damage|p2a: Cobalion|70/100
|-damage|p1a: Impression|42/100 tox|[from] item: Rocky Helmet|[of] p2a: Cobalion
|
|t:|1659294103
|switch|p1a: Ce ptn de|Crobat, M|73/100|[from]move: Flip Turn
|-damage|p1a: Ce ptn de|48/100|[from] Stealth Rock
|
|upkeep
|turn|10
|
|t:|1659294114
|move|p1a: Ce ptn de|Roost|p1a: Ce ptn de
|-heal|p1a: Ce ptn de|98/100
|-singleturn|p1a: Ce ptn de|move: Roost
|move|p2a: Cobalion|Volt Switch|p1a: Ce ptn de
|-damage|p1a: Ce ptn de|80/100
|
|t:|1659294123
|switch|p2a: Scizor|Scizor, F|100/100|[from]move: Volt Switch
|-damage|p2a: Scizor|88/100|[from] Stealth Rock
|
|upkeep
|turn|11
|
|t:|1659294150
|move|p1a: Ce ptn de|Taunt|p2a: Scizor
|-start|p2a: Scizor|move: Taunt
|move|p2a: Scizor|U-turn|p1a: Ce ptn de
|-resisted|p1a: Ce ptn de
|-damage|p1a: Ce ptn de|72/100
|
|t:|1659294153
|switch|p2a: Swampert|Swampert, F|100/100|[from]move: U-turn
|-damage|p2a: Swampert|94/100|[from] Stealth Rock
|
|upkeep
|turn|12
|
|t:|1659294169
|move|p1a: Ce ptn de|Roost|p1a: Ce ptn de
|-heal|p1a: Ce ptn de|100/100
|-singleturn|p1a: Ce ptn de|move: Roost
|move|p2a: Swampert|Ice Punch|p1a: Ce ptn de
|-damage|p1a: Ce ptn de|62/100
|
|upkeep
|turn|13
|inactive|Micciu20250 has 270 seconds left.
|
|t:|1659294210
|move|p1a: Ce ptn de|U-turn|p2a: Swampert
|-damage|p2a: Swampert|77/100
|
|t:|1659294212
|switch|p1a: Envie de Mourir|Celesteela|87/100|[from]move: U-turn
|-damage|p1a: Envie de Mourir|75/100|[from] Stealth Rock
|move|p2a: Swampert|Ice Punch|p1a: Envie de Mourir
|-damage|p1a: Envie de Mourir|48/100
|
|-heal|p1a: Envie de Mourir|55/100|[from] item: Leftovers
|upkeep
|turn|14
|
|t:|1659294231
|switch|p2a: Tangrowth|Tangrowth, M|66/100
|-damage|p2a: Tangrowth|53/100|[from] Stealth Rock
|move|p1a: Envie de Mourir|Leech Seed|p2a: Tangrowth
|-immune|p2a: Tangrowth
|
|-heal|p1a: Envie de Mourir|61/100|[from] item: Leftovers
|upkeep
|turn|15
|inactive|Micciu20250 has 270 seconds left.
|
|t:|1659294244
|switch|p1a: Ce ptn de|Crobat, M|62/100
|-damage|p1a: Ce ptn de|37/100|[from] Stealth Rock
|switch|p2a: Swampert|Swampert, F|77/100
|-damage|p2a: Swampert|71/100|[from] Stealth Rock
|
|upkeep
|turn|16
|
|t:|1659294255
|move|p1a: Ce ptn de|U-turn|p2a: Swampert
|-damage|p2a: Swampert|56/100
|
|t:|1659294257
|switch|p1a: Impression|Swampert, F|42/100 tox|[from]move: U-turn
|-damage|p1a: Impression|36/100 tox|[from] Stealth Rock
|move|p2a: Swampert|Flip Turn|p1a: Impression
|-damage|p1a: Impression|0 fnt
|faint|p1a: Impression
|
|t:|1659294262
|switch|p2a: Cobalion|Cobalion|70/100|[from]move: Flip Turn
|-damage|p2a: Cobalion|67/100|[from] Stealth Rock
|
|upkeep
|
|t:|1659294275
|switch|p1a: Ce ptn de|Crobat, M|37/100
|-damage|p1a: Ce ptn de|12/100|[from] Stealth Rock
|turn|17
|
|t:|1659294278
|move|p1a: Ce ptn de|Roost|p1a: Ce ptn de
|-heal|p1a: Ce ptn de|62/100
|-singleturn|p1a: Ce ptn de|move: Roost
|move|p2a: Cobalion|Volt Switch|p1a: Ce ptn de
|-damage|p1a: Ce ptn de|47/100
|
|t:|1659294285
|switch|p2a: Scizor|Scizor, F|88/100|[from]move: Volt Switch
|-damage|p2a: Scizor|76/100|[from] Stealth Rock
|
|upkeep
|turn|18
|
|t:|1659294289
|move|p2a: Scizor|Bullet Punch|p1a: Ce ptn de
|-damage|p1a: Ce ptn de|19/100
|move|p1a: Ce ptn de|Roost|p1a: Ce ptn de
|-heal|p1a: Ce ptn de|69/100
|-singleturn|p1a: Ce ptn de|move: Roost
|
|upkeep
|turn|19
|
|t:|1659294295
|move|p1a: Ce ptn de|Roost|p1a: Ce ptn de
|-heal|p1a: Ce ptn de|100/100
|-singleturn|p1a: Ce ptn de|move: Roost
|move|p2a: Scizor|Swords Dance|p2a: Scizor
|-boost|p2a: Scizor|atk|2
|
|upkeep
|turn|20
|inactive|Micciu20250 has 270 seconds left.
|
|t:|1659294329
|switch|p1a: Envie de Mourir|Celesteela|61/100
|-damage|p1a: Envie de Mourir|48/100|[from] Stealth Rock
|move|p2a: Scizor|Bullet Punch|p1a: Envie de Mourir
|-resisted|p1a: Envie de Mourir
|-damage|p1a: Envie de Mourir|27/100
|
|-heal|p1a: Envie de Mourir|33/100|[from] item: Leftovers
|upkeep
|turn|21
|
|t:|1659294337
|move|p2a: Scizor|U-turn|p1a: Envie de Mourir
|-resisted|p1a: Envie de Mourir
|-damage|p1a: Envie de Mourir|22/100
|
|t:|1659294339
|switch|p2a: Azelf|Azelf|100/100|[from]move: U-turn
|-damage|p2a: Azelf|88/100|[from] Stealth Rock
|move|p1a: Envie de Mourir|Toxic|p2a: Azelf|[miss]
|-miss|p1a: Envie de Mourir|p2a: Azelf
|
|-heal|p1a: Envie de Mourir|28/100|[from] item: Leftovers
|upkeep
|turn|22
|
|t:|1659294353
|switch|p1a: De me refaire|Tangrowth, F|100/100
|-damage|p1a: De me refaire|88/100|[from] Stealth Rock
|move|p2a: Azelf|Flamethrower|p1a: De me refaire
|-supereffective|p1a: De me refaire
|-damage|p1a: De me refaire|46/100
|
|upkeep
|turn|23
|inactive|Micciu20250 has 270 seconds left.
|inactive|Micciu20250 has 240 seconds left.
|
|t:|1659294406
|move|p2a: Azelf|Flamethrower|p1a: De me refaire
|-supereffective|p1a: De me refaire
|-damage|p1a: De me refaire|0 fnt
|faint|p1a: De me refaire
|
|upkeep
|inactive|Micciu20250 has 240 seconds left.
|
|t:|1659294412
|switch|p1a: Ce ptn de|Crobat, M|100/100
|-damage|p1a: Ce ptn de|76/100|[from] Stealth Rock
|turn|24
|inactive|Micciu20250 has 240 seconds left.
|
|t:|1659294435
|move|p1a: Ce ptn de|U-turn|p2a: Azelf
|-supereffective|p2a: Azelf
|-damage|p2a: Azelf|39/100
|
|t:|1659294438
|switch|p1a: Envie de Mourir|Celesteela|28/100|[from]move: U-turn
|-damage|p1a: Envie de Mourir|15/100|[from] Stealth Rock
|move|p2a: Azelf|Psychic|p1a: Envie de Mourir
|-resisted|p1a: Envie de Mourir
|-damage|p1a: Envie de Mourir|0 fnt
|faint|p1a: Envie de Mourir
|
|upkeep
|
|t:|1659294441
|switch|p1a: Ce ptn de|Crobat, M|76/100
|-damage|p1a: Ce ptn de|51/100|[from] Stealth Rock
|turn|25
|
|t:|1659294449
|switch|p2a: Cobalion|Cobalion|67/100
|-damage|p2a: Cobalion|64/100|[from] Stealth Rock
|move|p1a: Ce ptn de|Brave Bird|p2a: Cobalion
|-damage|p2a: Cobalion|32/100
|-damage|p1a: Ce ptn de|34/100|[from] item: Rocky Helmet|[of] p2a: Cobalion
|-damage|p1a: Ce ptn de|24/100|[from] Recoil
|
|upkeep
|turn|26
|
|t:|1659294455
|move|p1a: Ce ptn de|Roost|p1a: Ce ptn de
|-heal|p1a: Ce ptn de|74/100
|-singleturn|p1a: Ce ptn de|move: Roost
|move|p2a: Cobalion|Volt Switch|p1a: Ce ptn de
|-damage|p1a: Ce ptn de|59/100
|
|t:|1659294458
|switch|p2a: Swampert|Swampert, F|56/100|[from]move: Volt Switch
|-damage|p2a: Swampert|50/100|[from] Stealth Rock
|
|upkeep
|turn|27
|inactive|Micciu20250 has 270 seconds left.
|inactive|Micciu20250 has 240 seconds left.
|
|t:|1659294498
|move|p1a: Ce ptn de|U-turn|p2a: Swampert
|-damage|p2a: Swampert|32/100
|
|t:|1659294501
|switch|p1a: STT de mort|Hydreigon, F|100/100|[from]move: U-turn
|-damage|p1a: STT de mort|88/100|[from] Stealth Rock
|move|p2a: Swampert|Flip Turn|p1a: STT de mort
|-resisted|p1a: STT de mort
|-damage|p1a: STT de mort|46/100
|
|t:|1659294512
|switch|p2a: Azelf|Azelf|39/100|[from]move: Flip Turn
|-damage|p2a: Azelf|27/100|[from] Stealth Rock
|
|upkeep
|turn|28
|
|t:|1659294518
|move|p2a: Azelf|Dazzling Gleam|p1a: STT de mort
|-supereffective|p1a: STT de mort
|-damage|p1a: STT de mort|0 fnt
|faint|p1a: STT de mort
|
|upkeep
|
|t:|1659294520
|switch|p1a: Ce ptn de|Crobat, M|59/100
|-damage|p1a: Ce ptn de|34/100|[from] Stealth Rock
|turn|29
|
|t:|1659294527
|move|p1a: Ce ptn de|Brave Bird|p2a: Azelf
|-damage|p2a: Azelf|0 fnt
|faint|p2a: Azelf
|-damage|p1a: Ce ptn de|27/100|[from] Recoil
|
|upkeep
|
|t:|1659294532
|switch|p2a: Scizor|Scizor, F|76/100
|-damage|p2a: Scizor|64/100|[from] Stealth Rock
|turn|30
|inactive|Micciu20250 has 270 seconds left.
|inactive|Micciu20250 has 240 seconds left.
|
|t:|1659294596
|move|p1a: Ce ptn de|Roost|p1a: Ce ptn de
|-heal|p1a: Ce ptn de|77/100
|-singleturn|p1a: Ce ptn de|move: Roost
|move|p2a: Scizor|U-turn|p1a: Ce ptn de
|-resisted|p1a: Ce ptn de
|-crit|p1a: Ce ptn de
|-damage|p1a: Ce ptn de|52/100
|
|t:|1659294600
|switch|p2a: Salamence|Salamence, F|100/100|[from]move: U-turn
|-ability|p2a: Salamence|Intimidate|boost
|-fail|p1a: Ce ptn de|unboost|Attack|[from] ability: Inner Focus|[of] p1a: Ce ptn de
|
|upkeep
|turn|31
|inactive|Micciu20250 has 240 seconds left.
|
|t:|1659294607
|move|p1a: Ce ptn de|Roost|p1a: Ce ptn de
|-heal|p1a: Ce ptn de|100/100
|-singleturn|p1a: Ce ptn de|move: Roost
|move|p2a: Salamence|Flamethrower|p1a: Ce ptn de
|-damage|p1a: Ce ptn de|73/100
|
|upkeep
|turn|32
|
|t:|1659294611
|move|p1a: Ce ptn de|Brave Bird|p2a: Salamence
|-damage|p2a: Salamence|67/100
|-damage|p1a: Ce ptn de|60/100|[from] Recoil
|move|p2a: Salamence|Flamethrower|p1a: Ce ptn de
|-damage|p1a: Ce ptn de|32/100
|
|upkeep
|turn|33
|
|t:|1659294619
|move|p1a: Ce ptn de|Taunt|p2a: Salamence
|-start|p2a: Salamence|move: Taunt
|move|p2a: Salamence|Flamethrower|p1a: Ce ptn de
|-damage|p1a: Ce ptn de|6/100
|
|upkeep
|turn|34
|
|t:|1659294625
|move|p1a: Ce ptn de|Roost|p1a: Ce ptn de
|-heal|p1a: Ce ptn de|56/100
|-singleturn|p1a: Ce ptn de|move: Roost
|move|p2a: Salamence|Flamethrower|p1a: Ce ptn de
|-damage|p1a: Ce ptn de|26/100
|
|upkeep
|turn|35
|
|t:|1659294627
|move|p1a: Ce ptn de|Roost|p1a: Ce ptn de
|-heal|p1a: Ce ptn de|76/100
|-singleturn|p1a: Ce ptn de|move: Roost
|move|p2a: Salamence|Flamethrower|p1a: Ce ptn de
|-damage|p1a: Ce ptn de|49/100
|
|-end|p2a: Salamence|move: Taunt
|upkeep
|turn|36
|
|t:|1659294632
|move|p1a: Ce ptn de|Roost|p1a: Ce ptn de
|-heal|p1a: Ce ptn de|99/100
|-singleturn|p1a: Ce ptn de|move: Roost
|move|p2a: Salamence|Flamethrower|p1a: Ce ptn de
|-damage|p1a: Ce ptn de|72/100
|
|upkeep
|turn|37
|
|t:|1659294635
|move|p1a: Ce ptn de|Brave Bird|p2a: Salamence
|-damage|p2a: Salamence|33/100
|-damage|p1a: Ce ptn de|59/100|[from] Recoil
|move|p2a: Salamence|Flamethrower|p1a: Ce ptn de
|-damage|p1a: Ce ptn de|32/100
|
|upkeep
|turn|38
|
|t:|1659294654
|move|p1a: Ce ptn de|Taunt|p2a: Salamence
|-start|p2a: Salamence|move: Taunt
|cant|p2a: Salamence|move: Taunt|Roost
|
|upkeep
|turn|39
|
|t:|1659294659
|move|p1a: Ce ptn de|Roost|p1a: Ce ptn de
|-heal|p1a: Ce ptn de|82/100
|-singleturn|p1a: Ce ptn de|move: Roost
|move|p2a: Salamence|Flamethrower|p1a: Ce ptn de
|-damage|p1a: Ce ptn de|55/100
|
|upkeep
|turn|40
|
|t:|1659294662
|move|p1a: Ce ptn de|Brave Bird|p2a: Salamence
|-damage|p2a: Salamence|1/100
|-damage|p1a: Ce ptn de|43/100|[from] Recoil
|move|p2a: Salamence|Flamethrower|p1a: Ce ptn de
|-damage|p1a: Ce ptn de|14/100
|
|-end|p2a: Salamence|move: Taunt
|upkeep
|turn|41
|inactive|Micciu20250 has 270 seconds left.
|
|t:|1659294709
|switch|p2a: Swampert|Swampert, F|32/100
|-damage|p2a: Swampert|26/100|[from] Stealth Rock
|move|p1a: Ce ptn de|Brave Bird|p2a: Swampert
|-damage|p2a: Swampert|0 fnt
|faint|p2a: Swampert
|-damage|p1a: Ce ptn de|5/100|[from] Recoil
|
|upkeep
|
|t:|1659294713
|switch|p2a: Scizor|Scizor, F|64/100
|-damage|p2a: Scizor|52/100|[from] Stealth Rock
|turn|42
|
|t:|1659294720
|move|p2a: Scizor|Bullet Punch|p1a: Ce ptn de
|-damage|p1a: Ce ptn de|0 fnt
|faint|p1a: Ce ptn de
|
|upkeep
|
|t:|1659294722
|switch|p1a: J'ai une légère|Gyarados, M|89/100
|-damage|p1a: J'ai une légère|64/100|[from] Stealth Rock
|-ability|p1a: J'ai une légère|Intimidate|boost
|-unboost|p2a: Scizor|atk|1
|turn|43
|
|t:|1659294727
|move|p1a: J'ai une légère|Dragon Dance|p1a: J'ai une légère
|-boost|p1a: J'ai une légère|atk|1
|-boost|p1a: J'ai une légère|spe|1
|move|p2a: Scizor|Swords Dance|p2a: Scizor
|-boost|p2a: Scizor|atk|2
|
|-heal|p1a: J'ai une légère|70/100|[from] item: Leftovers
|upkeep
|turn|44
|
|t:|1659294734
|move|p2a: Scizor|Bullet Punch|p1a: J'ai une légère
|-resisted|p1a: J'ai une légère
|-damage|p1a: J'ai une légère|44/100
|move|p1a: J'ai une légère|Waterfall|p2a: Scizor
|-damage|p2a: Scizor|0 fnt
|faint|p2a: Scizor
|
|-heal|p1a: J'ai une légère|50/100|[from] item: Leftovers
|upkeep
|
|t:|1659294746
|switch|p2a: Cobalion|Cobalion|32/100
|-damage|p2a: Cobalion|29/100|[from] Stealth Rock
|turn|45
|
|t:|1659294751
|switch|p2a: Salamence|Salamence, F|1/100
|-ability|p2a: Salamence|Intimidate|boost
|-unboost|p1a: J'ai une légère|atk|1
|move|p1a: J'ai une légère|Waterfall|p2a: Salamence
|-resisted|p2a: Salamence
|-damage|p2a: Salamence|0 fnt
|faint|p2a: Salamence
|
|-heal|p1a: J'ai une légère|56/100|[from] item: Leftovers
|upkeep
|
|t:|1659294756
|switch|p2a: Cobalion|Cobalion|29/100
|-damage|p2a: Cobalion|26/100|[from] Stealth Rock
|turn|46
|inactive|Micciu20250 has 270 seconds left.
|inactive|Micciu20250 has 240 seconds left.
|
|t:|1659294821
|move|p1a: J'ai une légère|Bounce||[still]
|-prepare|p1a: J'ai une légère|Bounce
|move|p2a: Cobalion|Volt Switch|p1a: J'ai une légère|[miss]
|-miss|p2a: Cobalion|p1a: J'ai une légère
|
|-heal|p1a: J'ai une légère|62/100|[from] item: Leftovers
|upkeep
|turn|47
|
|t:|1659294827
|move|p1a: J'ai une légère|Bounce|p2a: Cobalion|[from]lockedmove
|-damage|p2a: Cobalion|0 fnt
|-damage|p1a: J'ai une légère|46/100|[from] item: Rocky Helmet|[of] p2a: Cobalion
|faint|p2a: Cobalion
|
|-heal|p1a: J'ai une légère|52/100|[from] item: Leftovers
|upkeep
|
|t:|1659294830
|switch|p2a: Tangrowth|Tangrowth, M|86/100
|-damage|p2a: Tangrowth|74/100|[from] Stealth Rock
|turn|48
|
|t:|1659294837
|move|p1a: J'ai une légère|Bounce||[still]
|-prepare|p1a: J'ai une légère|Bounce
|move|p2a: Tangrowth|Knock Off|p1a: J'ai une légère|[miss]
|-miss|p2a: Tangrowth|p1a: J'ai une légère
|
|-heal|p1a: J'ai une légère|58/100|[from] item: Leftovers
|upkeep
|turn|49
|
|t:|1659294843
|move|p1a: J'ai une légère|Bounce|p2a: Tangrowth|[from]lockedmove
|-supereffective|p2a: Tangrowth
|-damage|p2a: Tangrowth|4/100
|-status|p2a: Tangrowth|par
|cant|p2a: Tangrowth|par
|
|-heal|p1a: J'ai une légère|64/100|[from] item: Leftovers
|upkeep
|turn|50
|c|☆Moutemoute|f
|c|☆Moutemoute|gg
|-message|Moutemoute forfeited.
|
|win|Micciu20250
|c|☆Micciu20250|gg
