|inactive|Battle timer is ON: inactive players will automatically lose when time's up.
|t:|1660242847
|gametype|singles
|player|p1|lax|#lax|
|player|p2|Moutemoute|#moutemoute|
|teamsize|p1|6
|teamsize|p2|6
|gen|8
|tier|[Gen 8] UU
|rule|Sleep Clause Mod: Limit one foe put to sleep
|rule|Species Clause: Limit one of each Pokémon
|rule|OHKO Clause: OHKO moves are banned
|rule|Evasion Moves Clause: Evasion moves are banned
|rule|Endless Battle Clause: Forcing endless battles is banned
|rule|HP Percentage Mod: HP is shown in percentages
|rule|Dynamax Clause: You cannot dynamax
|clearpoke
|poke|p1|Amoonguss, M|
|poke|p1|Chansey, F|
|poke|p1|Skarmory, F|
|poke|p1|Excadrill, M|
|poke|p1|Keldeo-Resolute|
|poke|p1|Rotom-Heat|
|poke|p2|Noivern, F|
|poke|p2|Rotom-Wash|
|poke|p2|Celesteela|
|poke|p2|Mamoswine, M|
|poke|p2|Amoonguss, M|
|poke|p2|Necrozma|
|teampreview
|c|☆Moutemoute|hf
|c|☆lax|u2
|inactive|lax has 270 seconds left.
|inactive|Moutemoute has 270 seconds left.
|
|t:|1660242883
|start
|switch|p1a: YoBuddyTheBaker|Rotom-Heat|100/100
|switch|p2a: Necrozma|Necrozma|100/100
|turn|1
|
|t:|1660242889
|move|p2a: Necrozma|Stealth Rock|p1a: YoBuddyTheBaker
|-sidestart|p1: lax|move: Stealth Rock
|move|p1a: YoBuddyTheBaker|Toxic|p2a: Necrozma|[miss]
|-miss|p1a: YoBuddyTheBaker|p2a: Necrozma
|
|upkeep
|turn|2
|
|t:|1660242899
|move|p2a: Necrozma|Photon Geyser|p1a: YoBuddyTheBaker
|-damage|p1a: YoBuddyTheBaker|56/100
|move|p1a: YoBuddyTheBaker|Toxic|p2a: Necrozma
|-status|p2a: Necrozma|tox
|
|-damage|p2a: Necrozma|94/100 tox|[from] psn
|upkeep
|turn|3
|
|t:|1660242915
|switch|p2a: Amoonguss|Amoonguss, M|100/100
|switch|p1a: blargh|Chansey, F|100/100
|-damage|p1a: blargh|88/100|[from] Stealth Rock
|
|upkeep
|turn|4
|
|t:|1660242921
|move|p1a: blargh|Stealth Rock|p2a: Amoonguss
|-sidestart|p2: Moutemoute|move: Stealth Rock
|move|p2a: Amoonguss|Sludge Bomb|p1a: blargh
|-damage|p1a: blargh|80/100
|
|upkeep
|turn|5
|
|t:|1660242927
|move|p1a: blargh|Soft-Boiled|p1a: blargh
|-heal|p1a: blargh|100/100
|move|p2a: Amoonguss|Spore|p1a: blargh
|-status|p1a: blargh|slp|[from] move: Spore
|
|upkeep
|turn|6
|
|t:|1660242931
|-curestatus|p1a: blargh|slp|[from] ability: Natural Cure
|switch|p1a: Amoonguss|Amoonguss, M|100/100
|-damage|p1a: Amoonguss|88/100|[from] Stealth Rock
|move|p2a: Amoonguss|Spore|p1a: Amoonguss
|-immune|p1a: Amoonguss
|
|upkeep
|turn|7
|
|t:|1660242937
|move|p1a: Amoonguss|Sludge Bomb|p2a: Amoonguss
|-damage|p2a: Amoonguss|77/100
|move|p2a: Amoonguss|Sludge Bomb|p1a: Amoonguss
|-damage|p1a: Amoonguss|69/100
|
|-heal|p2a: Amoonguss|84/100|[from] item: Black Sludge
|upkeep
|turn|8
|
|t:|1660242940
|move|p1a: Amoonguss|Sludge Bomb|p2a: Amoonguss
|-damage|p2a: Amoonguss|59/100
|move|p2a: Amoonguss|Sludge Bomb|p1a: Amoonguss
|-damage|p1a: Amoonguss|51/100
|
|-heal|p2a: Amoonguss|66/100|[from] item: Black Sludge
|upkeep
|turn|9
|
|t:|1660242944
|move|p1a: Amoonguss|Sludge Bomb|p2a: Amoonguss
|-damage|p2a: Amoonguss|39/100
|move|p2a: Amoonguss|Sludge Bomb|p1a: Amoonguss
|-damage|p1a: Amoonguss|32/100
|
|-heal|p2a: Amoonguss|45/100|[from] item: Black Sludge
|upkeep
|turn|10
|
|t:|1660242947
|move|p1a: Amoonguss|Sludge Bomb|p2a: Amoonguss
|-damage|p2a: Amoonguss|19/100
|move|p2a: Amoonguss|Sludge Bomb|p1a: Amoonguss
|-damage|p1a: Amoonguss|12/100
|
|-heal|p2a: Amoonguss|25/100|[from] item: Black Sludge
|upkeep
|turn|11
|
|t:|1660242957
|switch|p1a: blargh|Chansey, F|100/100
|-damage|p1a: blargh|88/100|[from] Stealth Rock
|switch|p2a: Celesteela|Celesteela|100/100
|-damage|p2a: Celesteela|88/100|[from] Stealth Rock
|
|-heal|p2a: Celesteela|94/100|[from] item: Leftovers
|upkeep
|turn|12
|
|t:|1660242962
|switch|p1a: Amoonguss|Amoonguss, M|45/100
|-damage|p1a: Amoonguss|33/100|[from] Stealth Rock
|move|p2a: Celesteela|Leech Seed|p1a: Amoonguss
|-immune|p1a: Amoonguss
|
|-heal|p2a: Celesteela|99/100|[from] item: Leftovers
|upkeep
|turn|13
|
|t:|1660242967
|switch|p1a: YoBuddyTheBaker|Rotom-Heat|56/100
|move|p2a: Celesteela|Heavy Slam|p1a: YoBuddyTheBaker
|-resisted|p1a: YoBuddyTheBaker
|-damage|p1a: YoBuddyTheBaker|45/100
|
|-heal|p2a: Celesteela|100/100|[from] item: Leftovers
|upkeep
|turn|14
|
|t:|1660242976
|move|p1a: YoBuddyTheBaker|Toxic|p2a: Celesteela|[miss]
|-miss|p1a: YoBuddyTheBaker|p2a: Celesteela
|move|p2a: Celesteela|Leech Seed|p1a: YoBuddyTheBaker
|-start|p1a: YoBuddyTheBaker|move: Leech Seed
|
|-damage|p1a: YoBuddyTheBaker|33/100|[from] Leech Seed|[of] p2a: Celesteela
|upkeep
|turn|15
|
|t:|1660242981
|switch|p1a: Amoonguss|Amoonguss, M|66/100
|-damage|p1a: Amoonguss|54/100|[from] Stealth Rock
|move|p2a: Celesteela|Protect||[still]
|-fail|p2a: Celesteela
|
|upkeep
|turn|16
|
|t:|1660242986
|switch|p1a: YoBuddyTheBaker|Rotom-Heat|33/100
|move|p2a: Celesteela|Leech Seed|p1a: YoBuddyTheBaker
|-start|p1a: YoBuddyTheBaker|move: Leech Seed
|
|-damage|p1a: YoBuddyTheBaker|21/100|[from] Leech Seed|[of] p2a: Celesteela
|upkeep
|turn|17
|
|t:|1660242992
|move|p2a: Celesteela|Protect|p2a: Celesteela
|-singleturn|p2a: Celesteela|Protect
|move|p1a: YoBuddyTheBaker|Pain Split|p2a: Celesteela
|-activate|p2a: Celesteela|move: Protect
|
|-damage|p1a: YoBuddyTheBaker|9/100|[from] Leech Seed|[of] p2a: Celesteela
|upkeep
|turn|18
|
|t:|1660242999
|switch|p2a: Rotom|Rotom-Wash|100/100
|-damage|p2a: Rotom|88/100|[from] Stealth Rock
|move|p1a: YoBuddyTheBaker|Pain Split|p2a: Rotom
|-sethp|p2a: Rotom|48/100|[from] move: Pain Split|[silent]
|-sethp|p1a: YoBuddyTheBaker|48/100|[from] move: Pain Split
|
|-heal|p2a: Rotom|54/100|[from] item: Leftovers
|-damage|p1a: YoBuddyTheBaker|36/100|[from] Leech Seed|[of] p2a: Rotom
|-heal|p2a: Rotom|67/100|[silent]
|upkeep
|turn|19
|
|t:|1660243009
|switch|p1a: Amoonguss|Amoonguss, M|87/100
|-damage|p1a: Amoonguss|75/100|[from] Stealth Rock
|move|p2a: Rotom|Pain Split|p1a: Amoonguss
|-sethp|p1a: Amoonguss|61/100|[from] move: Pain Split|[silent]
|-sethp|p2a: Rotom|86/100|[from] move: Pain Split
|
|-heal|p2a: Rotom|92/100|[from] item: Leftovers
|upkeep
|turn|20
|
|t:|1660243016
|move|p2a: Rotom|Volt Switch|p1a: Amoonguss
|-resisted|p1a: Amoonguss
|-damage|p1a: Amoonguss|52/100
|
|t:|1660243019
|switch|p2a: Celesteela|Celesteela|100/100|[from]move: Volt Switch
|-damage|p2a: Celesteela|88/100|[from] Stealth Rock
|move|p1a: Amoonguss|Sludge Bomb|p2a: Celesteela
|-immune|p2a: Celesteela
|
|-heal|p2a: Celesteela|94/100|[from] item: Leftovers
|upkeep
|turn|21
|
|t:|1660243028
|switch|p2a: Noivern|Noivern, F|100/100
|switch|p1a: YoBuddyTheBaker|Rotom-Heat|36/100
|
|upkeep
|turn|22
|
|t:|1660243034
|switch|p1a: blargh|Chansey, F|88/100
|-damage|p1a: blargh|76/100|[from] Stealth Rock
|move|p2a: Noivern|U-turn|p1a: blargh
|-damage|p1a: blargh|69/100
|
|t:|1660243038
|switch|p2a: Mamoswine|Mamoswine, M|100/100|[from]move: U-turn
|-damage|p2a: Mamoswine|88/100|[from] Stealth Rock
|
|upkeep
|turn|23
|
|t:|1660243047
|move|p2a: Mamoswine|Knock Off|p1a: blargh
|-damage|p1a: blargh|44/100
|-enditem|p1a: blargh|Eviolite|[from] move: Knock Off|[of] p2a: Mamoswine
|move|p1a: blargh|Toxic|p2a: Mamoswine
|-status|p2a: Mamoswine|tox
|
|-damage|p2a: Mamoswine|82/100 tox|[from] psn
|upkeep
|turn|24
|
|t:|1660243066
|switch|p1a: Skarmory|Skarmory, F|100/100
|-damage|p1a: Skarmory|88/100|[from] Stealth Rock
|move|p2a: Mamoswine|Icicle Crash|p1a: Skarmory
|-damage|p1a: Skarmory|59/100
|
|-damage|p2a: Mamoswine|70/100 tox|[from] psn
|upkeep
|turn|25
|
|t:|1660243075
|switch|p2a: Rotom|Rotom-Wash|92/100
|-damage|p2a: Rotom|80/100|[from] Stealth Rock
|move|p1a: Skarmory|Roost|p1a: Skarmory
|-heal|p1a: Skarmory|100/100
|-singleturn|p1a: Skarmory|move: Roost
|
|-heal|p2a: Rotom|86/100|[from] item: Leftovers
|upkeep
|turn|26
|
|t:|1660243083
|switch|p1a: Amoonguss|Amoonguss, M|85/100
|-damage|p1a: Amoonguss|72/100|[from] Stealth Rock
|move|p2a: Rotom|Volt Switch|p1a: Amoonguss
|-resisted|p1a: Amoonguss
|-damage|p1a: Amoonguss|64/100
|
|t:|1660243092
|switch|p2a: Necrozma|Necrozma|94/100 tox|[from]move: Volt Switch
|-damage|p2a: Necrozma|82/100 tox|[from] Stealth Rock
|
|-damage|p2a: Necrozma|76/100 tox|[from] psn
|upkeep
|turn|27
|
|t:|1660243113
|switch|p1a: Excadrill|Excadrill, M|100/100
|-damage|p1a: Excadrill|98/100|[from] Stealth Rock
|-ability|p1a: Excadrill|Mold Breaker
|move|p2a: Necrozma|Meteor Beam||[still]
|-prepare|p2a: Necrozma|Meteor Beam
|-boost|p2a: Necrozma|spa|1
|-enditem|p2a: Necrozma|Power Herb
|-anim|p2a: Necrozma|Meteor Beam|p1a: Excadrill|[miss]
|-miss|p2a: Necrozma|p1a: Excadrill
|
|-heal|p1a: Excadrill|100/100|[from] item: Leftovers
|-damage|p2a: Necrozma|64/100 tox|[from] psn
|upkeep
|turn|28
|
|t:|1660243121
|switch|p1a: Keldeo|Keldeo-Resolute|100/100
|-damage|p1a: Keldeo|94/100|[from] Stealth Rock
|move|p2a: Necrozma|Heat Wave|p1a: Keldeo
|-resisted|p1a: Keldeo
|-damage|p1a: Keldeo|69/100
|
|-heal|p1a: Keldeo|75/100|[from] item: Leftovers
|-damage|p2a: Necrozma|46/100 tox|[from] psn
|upkeep
|turn|29
|
|t:|1660243125
|move|p1a: Keldeo|Substitute|p1a: Keldeo
|-start|p1a: Keldeo|Substitute
|-damage|p1a: Keldeo|50/100
|move|p2a: Necrozma|Photon Geyser|p1a: Keldeo
|-supereffective|p1a: Keldeo
|-end|p1a: Keldeo|Substitute
|
|-heal|p1a: Keldeo|56/100|[from] item: Leftovers
|-damage|p2a: Necrozma|21/100 tox|[from] psn
|upkeep
|turn|30
|
|t:|1660243133
|switch|p2a: Noivern|Noivern, F|100/100
|move|p1a: Keldeo|Scald|p2a: Noivern
|-resisted|p2a: Noivern
|-damage|p2a: Noivern|75/100
|
|-heal|p1a: Keldeo|62/100|[from] item: Leftovers
|upkeep
|turn|31
|
|t:|1660243139
|move|p2a: Noivern|Draco Meteor|p1a: Keldeo
|-damage|p1a: Keldeo|3/100
|-unboost|p2a: Noivern|spa|2
|move|p1a: Keldeo|Scald|p2a: Noivern
|-resisted|p2a: Noivern
|-damage|p2a: Noivern|51/100
|
|-heal|p1a: Keldeo|9/100|[from] item: Leftovers
|upkeep
|turn|32
|
|t:|1660243145
|move|p2a: Noivern|Flamethrower|p1a: Keldeo
|-resisted|p1a: Keldeo
|-damage|p1a: Keldeo|3/100
|move|p1a: Keldeo|Scald|p2a: Noivern
|-resisted|p2a: Noivern
|-damage|p2a: Noivern|25/100
|
|-heal|p1a: Keldeo|10/100|[from] item: Leftovers
|upkeep
|turn|33
|
|t:|1660243152
|switch|p1a: blargh|Chansey, F|44/100
|-damage|p1a: blargh|32/100|[from] Stealth Rock
|move|p2a: Noivern|Draco Meteor|p1a: blargh
|-damage|p1a: blargh|20/100
|-unboost|p2a: Noivern|spa|2
|
|upkeep
|turn|34
|
|t:|1660243157
|move|p2a: Noivern|U-turn|p1a: blargh
|-damage|p1a: blargh|10/100
|
|t:|1660243161
|switch|p2a: Mamoswine|Mamoswine, M|70/100 tox|[from]move: U-turn
|-damage|p2a: Mamoswine|57/100 tox|[from] Stealth Rock
|move|p1a: blargh|Soft-Boiled|p1a: blargh
|-heal|p1a: blargh|60/100
|
|-damage|p2a: Mamoswine|51/100 tox|[from] psn
|upkeep
|turn|35
|inactive|lax has 270 seconds left.
|
|t:|1660243207
|move|p2a: Mamoswine|Icicle Crash|p1a: blargh
|-damage|p1a: blargh|9/100
|move|p1a: blargh|Soft-Boiled|p1a: blargh
|-heal|p1a: blargh|59/100
|
|-damage|p2a: Mamoswine|39/100 tox|[from] psn
|upkeep
|turn|36
|
|t:|1660243215
|switch|p1a: Skarmory|Skarmory, F|100/100
|-damage|p1a: Skarmory|88/100|[from] Stealth Rock
|move|p2a: Mamoswine|Icicle Crash|p1a: Skarmory|[miss]
|-miss|p2a: Mamoswine|p1a: Skarmory
|
|-damage|p2a: Mamoswine|21/100 tox|[from] psn
|upkeep
|turn|37
|inactive|lax has 270 seconds left.
|
|t:|1660243222
|switch|p2a: Celesteela|Celesteela|94/100
|-damage|p2a: Celesteela|82/100|[from] Stealth Rock
|move|p1a: Skarmory|Spikes|p2a: Celesteela
|-sidestart|p2: Moutemoute|Spikes
|
|-heal|p2a: Celesteela|88/100|[from] item: Leftovers
|upkeep
|turn|38
|
|t:|1660243228
|switch|p1a: Amoonguss|Amoonguss, M|97/100
|-damage|p1a: Amoonguss|85/100|[from] Stealth Rock
|move|p2a: Celesteela|Leech Seed|p1a: Amoonguss
|-immune|p1a: Amoonguss
|
|-heal|p2a: Celesteela|94/100|[from] item: Leftovers
|upkeep
|turn|39
|
|t:|1660243232
|move|p2a: Celesteela|Leech Seed|p1a: Amoonguss
|-immune|p1a: Amoonguss
|move|p1a: Amoonguss|Spore|p2a: Celesteela
|-status|p2a: Celesteela|slp|[from] move: Spore
|
|-heal|p2a: Celesteela|99/100 slp|[from] item: Leftovers
|upkeep
|turn|40
|
|t:|1660243236
|switch|p1a: YoBuddyTheBaker|Rotom-Heat|36/100
|cant|p2a: Celesteela|slp
|
|-heal|p2a: Celesteela|100/100 slp|[from] item: Leftovers
|upkeep
|turn|41
|
|t:|1660243241
|switch|p2a: Mamoswine|Mamoswine, M|21/100 tox
|-damage|p2a: Mamoswine|8/100 tox|[from] Stealth Rock
|-damage|p2a: Mamoswine|0 fnt|[from] Spikes
|faint|p2a: Mamoswine
|move|p1a: YoBuddyTheBaker|Volt Switch|p2: Mamoswine|[notarget]
|-fail|p1a: YoBuddyTheBaker
|
|upkeep
|
|t:|1660243243
|switch|p2a: Rotom|Rotom-Wash|86/100
|-damage|p2a: Rotom|73/100|[from] Stealth Rock
|turn|42
|
|t:|1660243251
|switch|p1a: Amoonguss|Amoonguss, M|100/100
|-damage|p1a: Amoonguss|88/100|[from] Stealth Rock
|move|p2a: Rotom|Volt Switch|p1a: Amoonguss
|-resisted|p1a: Amoonguss
|-damage|p1a: Amoonguss|80/100
|
|t:|1660243253
|switch|p2a: Celesteela|Celesteela|100/100 slp|[from]move: Volt Switch
|-damage|p2a: Celesteela|88/100 slp|[from] Stealth Rock
|
|-heal|p2a: Celesteela|94/100 slp|[from] item: Leftovers
|upkeep
|turn|43
|
|t:|1660243257
|switch|p1a: YoBuddyTheBaker|Rotom-Heat|36/100
|cant|p2a: Celesteela|slp
|
|-heal|p2a: Celesteela|99/100 slp|[from] item: Leftovers
|upkeep
|turn|44
|
|t:|1660243262
|move|p1a: YoBuddyTheBaker|Pain Split|p2a: Celesteela
|-sethp|p2a: Celesteela|64/100 slp|[from] move: Pain Split|[silent]
|-sethp|p1a: YoBuddyTheBaker|84/100|[from] move: Pain Split
|-curestatus|p2a: Celesteela|slp|[msg]
|move|p2a: Celesteela|Leech Seed|p1a: YoBuddyTheBaker
|-start|p1a: YoBuddyTheBaker|move: Leech Seed
|
|-heal|p2a: Celesteela|70/100|[from] item: Leftovers
|-damage|p1a: YoBuddyTheBaker|71/100|[from] Leech Seed|[of] p2a: Celesteela
|-heal|p2a: Celesteela|79/100|[silent]
|upkeep
|turn|45
|
|t:|1660243269
|switch|p1a: Amoonguss|Amoonguss, M|100/100
|-damage|p1a: Amoonguss|88/100|[from] Stealth Rock
|move|p2a: Celesteela|Flamethrower|p1a: Amoonguss
|-supereffective|p1a: Amoonguss
|-damage|p1a: Amoonguss|57/100
|
|-heal|p2a: Celesteela|85/100|[from] item: Leftovers
|upkeep
|turn|46
|
|t:|1660243274
|switch|p2a: Rotom|Rotom-Wash|73/100
|-damage|p2a: Rotom|61/100|[from] Stealth Rock
|switch|p1a: YoBuddyTheBaker|Rotom-Heat|71/100
|
|-heal|p2a: Rotom|67/100|[from] item: Leftovers
|upkeep
|turn|47
|
|t:|1660243279
|switch|p1a: Amoonguss|Amoonguss, M|90/100
|-damage|p1a: Amoonguss|78/100|[from] Stealth Rock
|move|p2a: Rotom|Pain Split|p1a: Amoonguss
|-sethp|p1a: Amoonguss|62/100|[from] move: Pain Split|[silent]
|-sethp|p2a: Rotom|89/100|[from] move: Pain Split
|
|-heal|p2a: Rotom|95/100|[from] item: Leftovers
|upkeep
|turn|48
|
|t:|1660243286
|move|p2a: Rotom|Defog|p1a: Amoonguss
|-unboost|p1a: Amoonguss|evasion|1
|-sideend|p1: lax|Stealth Rock|[from] move: Defog|[of] p2a: Rotom
|-sideend|p2: Moutemoute|Spikes|[from] move: Defog|[of] p2a: Rotom
|-sideend|p2: Moutemoute|Stealth Rock|[from] move: Defog|[of] p2a: Rotom
|move|p1a: Amoonguss|Sludge Bomb|p2a: Rotom
|-damage|p2a: Rotom|65/100
|
|-heal|p2a: Rotom|70/100|[from] item: Leftovers
|upkeep
|turn|49
|
|t:|1660243290
|move|p2a: Rotom|Volt Switch|p1a: Amoonguss
|-resisted|p1a: Amoonguss
|-damage|p1a: Amoonguss|54/100
|
|t:|1660243292
|switch|p2a: Amoonguss|Amoonguss, M|58/100|[from]move: Volt Switch
|move|p1a: Amoonguss|Sludge Bomb|p2a: Amoonguss
|-crit|p2a: Amoonguss
|-damage|p2a: Amoonguss|19/100
|
|-heal|p2a: Amoonguss|26/100|[from] item: Black Sludge
|upkeep
|turn|50
|
|t:|1660243298
|switch|p2a: Celesteela|Celesteela|85/100
|move|p1a: Amoonguss|Spore|p2a: Celesteela
|-status|p2a: Celesteela|slp|[from] move: Spore
|
|-heal|p2a: Celesteela|91/100 slp|[from] item: Leftovers
|upkeep
|turn|51
|
|t:|1660243326
|switch|p1a: YoBuddyTheBaker|Rotom-Heat|71/100
|cant|p2a: Celesteela|slp
|
|-heal|p2a: Celesteela|97/100 slp|[from] item: Leftovers
|upkeep
|turn|52
|
|t:|1660243332
|move|p1a: YoBuddyTheBaker|Toxic||[still]
|-fail|p1a: YoBuddyTheBaker
|cant|p2a: Celesteela|slp
|
|-heal|p2a: Celesteela|100/100 slp|[from] item: Leftovers
|upkeep
|turn|53
|
|t:|1660243337
|move|p1a: YoBuddyTheBaker|Volt Switch|p2a: Celesteela
|-supereffective|p2a: Celesteela
|-damage|p2a: Celesteela|70/100 slp
|
|t:|1660243339
|switch|p1a: Amoonguss|Amoonguss, M|87/100|[from]move: Volt Switch
|-curestatus|p2a: Celesteela|slp|[msg]
|move|p2a: Celesteela|Leech Seed|p1a: Amoonguss
|-immune|p1a: Amoonguss
|
|-heal|p2a: Celesteela|76/100|[from] item: Leftovers
|upkeep
|turn|54
|
|t:|1660243345
|switch|p2a: Amoonguss|Amoonguss, M|59/100
|switch|p1a: YoBuddyTheBaker|Rotom-Heat|71/100
|
|-heal|p2a: Amoonguss|65/100|[from] item: Black Sludge
|upkeep
|turn|55
|
|t:|1660243351
|move|p1a: YoBuddyTheBaker|Volt Switch|p2a: Amoonguss
|-resisted|p2a: Amoonguss
|-damage|p2a: Amoonguss|54/100
|
|t:|1660243353
|switch|p1a: Amoonguss|Amoonguss, M|100/100|[from]move: Volt Switch
|move|p2a: Amoonguss|Spore|p1a: Amoonguss
|-immune|p1a: Amoonguss
|
|-heal|p2a: Amoonguss|61/100|[from] item: Black Sludge
|upkeep
|turn|56
|
|t:|1660243358
|switch|p1a: Skarmory|Skarmory, F|88/100
|switch|p2a: Celesteela|Celesteela|76/100
|
|-heal|p2a: Celesteela|82/100|[from] item: Leftovers
|upkeep
|turn|57
|
|t:|1660243363
|switch|p1a: YoBuddyTheBaker|Rotom-Heat|71/100
|move|p2a: Celesteela|Flamethrower|p1a: YoBuddyTheBaker
|-resisted|p1a: YoBuddyTheBaker
|-damage|p1a: YoBuddyTheBaker|63/100
|
|-heal|p2a: Celesteela|88/100|[from] item: Leftovers
|upkeep
|turn|58
|
|t:|1660243370
|move|p1a: YoBuddyTheBaker|Volt Switch|p2a: Celesteela
|-supereffective|p2a: Celesteela
|-damage|p2a: Celesteela|56/100
|
|t:|1660243371
|switch|p1a: Amoonguss|Amoonguss, M|100/100|[from]move: Volt Switch
|move|p2a: Celesteela|Leech Seed|p1a: Amoonguss
|-immune|p1a: Amoonguss
|
|-heal|p2a: Celesteela|62/100|[from] item: Leftovers
|upkeep
|turn|59
|
|t:|1660243376
|move|p2a: Celesteela|Flamethrower|p1a: Amoonguss
|-supereffective|p1a: Amoonguss
|-damage|p1a: Amoonguss|73/100
|move|p1a: Amoonguss|Spore|p2a: Celesteela
|-status|p2a: Celesteela|slp|[from] move: Spore
|
|-heal|p2a: Celesteela|68/100 slp|[from] item: Leftovers
|upkeep
|turn|60
|
|t:|1660243379
|switch|p1a: YoBuddyTheBaker|Rotom-Heat|63/100
|cant|p2a: Celesteela|slp
|
|-heal|p2a: Celesteela|74/100 slp|[from] item: Leftovers
|upkeep
|turn|61
|
|t:|1660243382
|switch|p2a: Rotom|Rotom-Wash|70/100
|move|p1a: YoBuddyTheBaker|Volt Switch|p2a: Rotom
|-crit|p2a: Rotom
|-damage|p2a: Rotom|29/100
|
|t:|1660243388
|switch|p1a: blargh|Chansey, F|59/100|[from]move: Volt Switch
|
|-heal|p2a: Rotom|34/100|[from] item: Leftovers
|upkeep
|turn|62
|
|t:|1660243393
|move|p2a: Rotom|Pain Split|p1a: blargh
|-sethp|p1a: blargh|37/100|[from] move: Pain Split|[silent]
|-sethp|p2a: Rotom|86/100|[from] move: Pain Split
|move|p1a: blargh|Soft-Boiled|p1a: blargh
|-heal|p1a: blargh|87/100
|
|-heal|p2a: Rotom|92/100|[from] item: Leftovers
|upkeep
|turn|63
|
|t:|1660243396
|move|p2a: Rotom|Volt Switch|p1a: blargh
|-damage|p1a: blargh|75/100
|
|t:|1660243398
|switch|p2a: Celesteela|Celesteela|74/100 slp|[from]move: Volt Switch
|move|p1a: blargh|Stealth Rock|p2a: Celesteela
|-sidestart|p2: Moutemoute|move: Stealth Rock
|
|-heal|p2a: Celesteela|80/100 slp|[from] item: Leftovers
|upkeep
|turn|64
|
|t:|1660243400
|switch|p1a: YoBuddyTheBaker|Rotom-Heat|63/100
|cant|p2a: Celesteela|slp
|
|-heal|p2a: Celesteela|86/100 slp|[from] item: Leftovers
|upkeep
|turn|65
|c|☆Moutemoute|yeah game aids don't understand a single play and haxx isn't there neither
|
|t:|1660243428
|move|p1a: YoBuddyTheBaker|Volt Switch|p2a: Celesteela
|-supereffective|p2a: Celesteela
|-damage|p2a: Celesteela|53/100 slp
|c|☆lax|:c sorry for disappointing ?
|
|t:|1660243440
|switch|p1a: Amoonguss|Amoonguss, M|100/100|[from]move: Volt Switch
|cant|p2a: Celesteela|slp
|
|-heal|p2a: Celesteela|59/100 slp|[from] item: Leftovers
|upkeep
|turn|66
|c|☆Moutemoute|first turn rotom was dead if i clicked meteor beam, i don't understand
|inactive|Moutemoute has 270 seconds left.
|c|☆lax|ya but u didn't
|c|☆lax|so rotom is alive
|c|☆Moutemoute|yeah cuz it makes no sense to stay
|inactive|lax has 270 seconds left.
|c|+pokemonisfun|well you did miss your meteor beam so maybe it was programmed to miss anyways idk how ps coding works
|c|☆lax|true^
|
|t:|1660243499
|-curestatus|p2a: Celesteela|slp|[msg]
|move|p2a: Celesteela|Protect|p2a: Celesteela
|-singleturn|p2a: Celesteela|Protect
|move|p1a: Amoonguss|Spore|p2a: Celesteela
|-activate|p2a: Celesteela|move: Protect
|
|-heal|p2a: Celesteela|65/100|[from] item: Leftovers
|upkeep
|turn|67
|c|☆Moutemoute|that's not how it works pif
|
|t:|1660243508
|move|p2a: Celesteela|Flamethrower|p1a: Amoonguss
|-supereffective|p1a: Amoonguss
|-damage|p1a: Amoonguss|70/100
|move|p1a: Amoonguss|Spore|p2a: Celesteela
|-status|p2a: Celesteela|slp|[from] move: Spore
|
|-heal|p2a: Celesteela|71/100 slp|[from] item: Leftovers
|upkeep
|turn|68
|c|☆Moutemoute|yeah aids no luck
|-message|Moutemoute forfeited.
|
|win|lax
|c|+pokemonisfun|oh sorry
|c|☆lax|gg
|c|☆lax|gl in poffs the tdks have decided we will not participate
