|inactive|Battle timer is ON: inactive players will automatically lose when time's up.
|t:|1668265849
|gametype|singles
|player|p1|pokemonisfun|#uutrio2ladder|
|player|p2|umbry ✿|elesa-masters|
|teamsize|p1|6
|teamsize|p2|6
|gen|8
|tier|[Gen 8] UU
|rule|Sleep Clause Mod: Limit one foe put to sleep
|rule|Species Clause: Limit one of each Pokémon
|rule|OHKO Clause: OHKO moves are banned
|rule|Evasion Items Clause: Evasion items are banned
|rule|Evasion Moves Clause: Evasion moves are banned
|rule|Endless Battle Clause: Forcing endless battles is banned
|rule|HP Percentage Mod: HP is shown in percentages
|rule|Dynamax Clause: You cannot dynamax
|clearpoke
|poke|p1|Sirfetch’d, M|
|poke|p1|Scizor, M|
|poke|p1|Tapu Bulu|
|poke|p1|Cobalion|
|poke|p1|Thundurus-Therian, M|
|poke|p1|Starmie|
|poke|p2|Nihilego|
|poke|p2|Scizor, F|
|poke|p2|Excadrill, M|
|poke|p2|Amoonguss, F|
|poke|p2|Togekiss, F|
|poke|p2|Hydreigon, M|
|teampreview
|c|☆umbry ✿|hf
|inactive|pokemonisfun has 270 seconds left.
|inactive|umbry ✿ has 270 seconds left.
|
|t:|1668265908
|start
|switch|p1a: QUACK ATTACK|Sirfetch’d, M|100/100
|switch|p2a: Excadrill|Excadrill, M|100/100
|turn|1
|
|t:|1668265920
|switch|p2a: Amoonguss|Amoonguss, F|100/100
|move|p1a: QUACK ATTACK|Brave Bird|p2a: Amoonguss
|-supereffective|p2a: Amoonguss
|-crit|p2a: Amoonguss
|-damage|p2a: Amoonguss|0 fnt
|-damage|p1a: QUACK ATTACK|84/100|[from] item: Rocky Helmet|[of] p2a: Amoonguss
|faint|p2a: Amoonguss
|-damage|p1a: QUACK ATTACK|30/100|[from] Recoil
|
|upkeep
|
|t:|1668265930
|switch|p2a: Togekiss|Togekiss, F|100/100
|turn|2
|
|t:|1668265939
|switch|p1a: howdy mr cloudy|Thundurus-Therian, M|100/100
|move|p2a: Togekiss|Flamethrower|p1a: howdy mr cloudy
|-crit|p1a: howdy mr cloudy
|-damage|p1a: howdy mr cloudy|51/100
|-status|p1a: howdy mr cloudy|brn
|
|-damage|p1a: howdy mr cloudy|45/100 brn|[from] brn
|upkeep
|turn|3
|
|t:|1668265953
|move|p1a: howdy mr cloudy|Volt Switch|p2a: Togekiss
|-supereffective|p2a: Togekiss
|-damage|p2a: Togekiss|31/100
|
|t:|1668265964
|switch|p1a: bizarre star|Starmie|100/100|[from]move: Volt Switch
|move|p2a: Togekiss|Roost|p2a: Togekiss
|-heal|p2a: Togekiss|81/100
|-singleturn|p2a: Togekiss|move: Roost
|
|upkeep
|turn|4
|
|t:|1668265972
|switch|p2a: Scizor|Scizor, F|100/100
|move|p1a: bizarre star|Ice Beam|p2a: Scizor
|-resisted|p2a: Scizor
|-damage|p2a: Scizor|74/100
|-damage|p1a: bizarre star|91/100|[from] item: Life Orb
|
|upkeep
|turn|5
|
|t:|1668266000
|switch|p1a: chuggy buggy|Scizor, M|100/100
|move|p2a: Scizor|Dual Wingbeat|p1a: chuggy buggy
|-crit|p1a: chuggy buggy
|-damage|p1a: chuggy buggy|75/100
|-damage|p1a: chuggy buggy|57/100
|-hitcount|p1a: chuggy buggy|2
|
|upkeep
|turn|6
|
|t:|1668266013
|move|p2a: Scizor|Swords Dance|p2a: Scizor
|-boost|p2a: Scizor|atk|2
|move|p1a: chuggy buggy|Roost|p1a: chuggy buggy
|-heal|p1a: chuggy buggy|100/100
|-singleturn|p1a: chuggy buggy|move: Roost
|
|upkeep
|turn|7
|
|t:|1668266025
|move|p2a: Scizor|Roost|p2a: Scizor
|-heal|p2a: Scizor|100/100
|-singleturn|p2a: Scizor|move: Roost
|move|p1a: chuggy buggy|U-turn|p2a: Scizor
|-resisted|p2a: Scizor
|-crit|p2a: Scizor
|-damage|p2a: Scizor|75/100
|
|t:|1668266044
|switch|p1a: sheeper sweeper|Cobalion|100/100|[from]move: U-turn
|
|upkeep
|turn|8
|
|t:|1668266055
|move|p1a: sheeper sweeper|Stealth Rock|p2a: Scizor
|-sidestart|p2: umbry ✿|move: Stealth Rock
|move|p2a: Scizor|Dual Wingbeat|p1a: sheeper sweeper
|-damage|p1a: sheeper sweeper|69/100
|-damage|p2a: Scizor|59/100|[from] item: Rocky Helmet|[of] p1a: sheeper sweeper
|-damage|p1a: sheeper sweeper|38/100
|-damage|p2a: Scizor|42/100|[from] item: Rocky Helmet|[of] p1a: sheeper sweeper
|-hitcount|p1a: sheeper sweeper|2
|
|upkeep
|turn|9
|inactive|pokemonisfun has 270 seconds left.
|
|t:|1668266073
|switch|p2a: Togekiss|Togekiss, F|81/100
|move|p1a: sheeper sweeper|Swords Dance|p1a: sheeper sweeper
|-boost|p1a: sheeper sweeper|atk|2
|
|upkeep
|turn|10
|
|t:|1668266077
|switch|p2a: Excadrill|Excadrill, M|100/100
|-damage|p2a: Excadrill|97/100|[from] Stealth Rock
|move|p1a: sheeper sweeper|Iron Head|p2a: Excadrill
|-resisted|p2a: Excadrill
|-damage|p2a: Excadrill|55/100
|
|upkeep
|turn|11
|inactive|pokemonisfun has 270 seconds left.
|inactive|pokemonisfun has 240 seconds left.
|inactive|pokemonisfun has 210 seconds left.
|
|t:|1668266162
|switch|p2a: Togekiss|Togekiss, F|81/100
|switch|p1a: edgy veggie|Tapu Bulu|100/100
|-fieldstart|move: Grassy Terrain|[from] ability: Grassy Surge|[of] p1a: edgy veggie
|
|upkeep
|turn|12
|inactive|pokemonisfun has 210 seconds left.
|
|t:|1668266173
|switch|p1a: bizarre star|Starmie|91/100
|move|p2a: Togekiss|Roost|p2a: Togekiss
|-heal|p2a: Togekiss|100/100
|-singleturn|p2a: Togekiss|move: Roost
|
|-heal|p1a: bizarre star|97/100|[from] Grassy Terrain
|upkeep
|turn|13
|inactive|pokemonisfun has 210 seconds left.
|
|t:|1668266185
|move|p1a: bizarre star|Ice Beam|p2a: Togekiss
|-supereffective|p2a: Togekiss
|-damage|p2a: Togekiss|42/100
|-damage|p1a: bizarre star|87/100|[from] item: Life Orb
|move|p2a: Togekiss|Roost|p2a: Togekiss
|-heal|p2a: Togekiss|92/100
|-singleturn|p2a: Togekiss|move: Roost
|
|-heal|p1a: bizarre star|93/100|[from] Grassy Terrain
|-heal|p2a: Togekiss|98/100|[from] Grassy Terrain
|upkeep
|turn|14
|
|t:|1668266193
|move|p1a: bizarre star|Ice Beam|p2a: Togekiss
|-supereffective|p2a: Togekiss
|-damage|p2a: Togekiss|48/100
|-damage|p1a: bizarre star|83/100|[from] item: Life Orb
|move|p2a: Togekiss|Roost|p2a: Togekiss
|-heal|p2a: Togekiss|98/100
|-singleturn|p2a: Togekiss|move: Roost
|
|-heal|p1a: bizarre star|89/100|[from] Grassy Terrain
|-heal|p2a: Togekiss|100/100|[from] Grassy Terrain
|upkeep
|turn|15
|
|t:|1668266199
|move|p1a: bizarre star|Ice Beam|p2a: Togekiss
|-supereffective|p2a: Togekiss
|-damage|p2a: Togekiss|44/100
|-damage|p1a: bizarre star|79/100|[from] item: Life Orb
|move|p2a: Togekiss|Roost|p2a: Togekiss
|-heal|p2a: Togekiss|94/100
|-singleturn|p2a: Togekiss|move: Roost
|
|-heal|p1a: bizarre star|85/100|[from] Grassy Terrain
|-heal|p2a: Togekiss|99/100|[from] Grassy Terrain
|-fieldend|move: Grassy Terrain
|upkeep
|turn|16
|
|t:|1668266209
|move|p1a: bizarre star|Ice Beam|p2a: Togekiss
|-supereffective|p2a: Togekiss
|-damage|p2a: Togekiss|41/100
|-damage|p1a: bizarre star|75/100|[from] item: Life Orb
|move|p2a: Togekiss|Air Slash|p1a: bizarre star
|-damage|p1a: bizarre star|30/100
|
|upkeep
|turn|17
|
|t:|1668266215
|switch|p2a: Hydreigon|Hydreigon, M|100/100
|-damage|p2a: Hydreigon|88/100|[from] Stealth Rock
|move|p1a: bizarre star|Thunderbolt|p2a: Hydreigon
|-resisted|p2a: Hydreigon
|-damage|p2a: Hydreigon|68/100
|-status|p2a: Hydreigon|par
|-damage|p1a: bizarre star|20/100|[from] item: Life Orb
|
|-heal|p2a: Hydreigon|74/100 par|[from] item: Leftovers
|upkeep
|turn|18
|
|t:|1668266223
|move|p1a: bizarre star|Ice Beam|p2a: Hydreigon
|-supereffective|p2a: Hydreigon
|-damage|p2a: Hydreigon|7/100 par
|-damage|p1a: bizarre star|10/100|[from] item: Life Orb
|move|p2a: Hydreigon|Dark Pulse|p1a: bizarre star
|-supereffective|p1a: bizarre star
|-damage|p1a: bizarre star|0 fnt
|faint|p1a: bizarre star
|
|-heal|p2a: Hydreigon|13/100 par|[from] item: Leftovers
|upkeep
|inactive|pokemonisfun has 240 seconds left.
|
|t:|1668266258
|switch|p1a: chuggy buggy|Scizor, M|100/100
|turn|19
|
|t:|1668266265
|move|p1a: chuggy buggy|U-turn|p2a: Hydreigon
|-supereffective|p2a: Hydreigon
|-damage|p2a: Hydreigon|0 fnt
|faint|p2a: Hydreigon
|
|t:|1668266281
|switch|p1a: sheeper sweeper|Cobalion|38/100|[from]move: U-turn
|
|upkeep
|
|t:|1668266286
|switch|p2a: Excadrill|Excadrill, M|55/100
|-damage|p2a: Excadrill|52/100|[from] Stealth Rock
|turn|20
|inactive|pokemonisfun has 210 seconds left.
|
|t:|1668266318
|switch|p2a: Scizor|Scizor, F|42/100
|switch|p1a: edgy veggie|Tapu Bulu|100/100
|-fieldstart|move: Grassy Terrain|[from] ability: Grassy Surge|[of] p1a: edgy veggie
|
|-heal|p2a: Scizor|48/100|[from] Grassy Terrain
|upkeep
|turn|21
|
|t:|1668266326
|switch|p1a: sheeper sweeper|Cobalion|38/100
|move|p2a: Scizor|Roost|p2a: Scizor
|-heal|p2a: Scizor|98/100
|-singleturn|p2a: Scizor|move: Roost
|
|-heal|p1a: sheeper sweeper|44/100|[from] Grassy Terrain
|-heal|p2a: Scizor|100/100|[from] Grassy Terrain
|upkeep
|turn|22
|inactive|pokemonisfun has 210 seconds left.
|
|t:|1668266354
|switch|p2a: Togekiss|Togekiss, F|41/100
|move|p1a: sheeper sweeper|Swords Dance|p1a: sheeper sweeper
|-boost|p1a: sheeper sweeper|atk|2
|
|-heal|p1a: sheeper sweeper|50/100|[from] Grassy Terrain
|upkeep
|turn|23
|
|t:|1668266363
|switch|p2a: Excadrill|Excadrill, M|52/100
|-damage|p2a: Excadrill|49/100|[from] Stealth Rock
|move|p1a: sheeper sweeper|Iron Head|p2a: Excadrill
|-resisted|p2a: Excadrill
|-damage|p2a: Excadrill|6/100
|
|-heal|p2a: Excadrill|12/100|[from] Grassy Terrain
|-heal|p1a: sheeper sweeper|56/100|[from] Grassy Terrain
|upkeep
|turn|24
|
|t:|1668266369
|move|p2a: Excadrill|Earthquake|p1a: sheeper sweeper
|-supereffective|p1a: sheeper sweeper
|-damage|p1a: sheeper sweeper|9/100
|move|p1a: sheeper sweeper|Iron Head|p2a: Excadrill
|-resisted|p2a: Excadrill
|-damage|p2a: Excadrill|0 fnt
|faint|p2a: Excadrill
|
|-heal|p1a: sheeper sweeper|15/100|[from] Grassy Terrain
|-fieldend|move: Grassy Terrain
|upkeep
|
|t:|1668266377
|switch|p2a: Scizor|Scizor, F|100/100
|turn|25
|
|t:|1668266393
|switch|p2a: Nihilego|Nihilego|100/100
|-damage|p2a: Nihilego|88/100|[from] Stealth Rock
|move|p1a: sheeper sweeper|Close Combat|p2a: Nihilego
|-damage|p2a: Nihilego|0 fnt
|-unboost|p1a: sheeper sweeper|def|1
|-unboost|p1a: sheeper sweeper|spd|1
|faint|p2a: Nihilego
|
|upkeep
|
|t:|1668266395
|switch|p2a: Scizor|Scizor, F|100/100
|turn|26
|inactive|pokemonisfun has 210 seconds left.
|inactive|pokemonisfun has 180 seconds left.
|inactive|pokemonisfun has 150 seconds left.
|inactive|pokemonisfun has 120 seconds left.
|
|t:|1668266527
|move|p2a: Scizor|Bullet Punch|p1a: sheeper sweeper
|-resisted|p1a: sheeper sweeper
|-damage|p1a: sheeper sweeper|0 fnt
|-damage|p2a: Scizor|84/100|[from] item: Rocky Helmet|[of] p1a: sheeper sweeper
|faint|p1a: sheeper sweeper
|
|upkeep
|
|t:|1668266531
|switch|p1a: howdy mr cloudy|Thundurus-Therian, M|45/100 brn
|turn|27
|
|t:|1668266540
|switch|p2a: Togekiss|Togekiss, F|41/100
|move|p1a: howdy mr cloudy|Volt Switch|p2a: Togekiss
|-supereffective|p2a: Togekiss
|-damage|p2a: Togekiss|0 fnt
|faint|p2a: Togekiss
|inactive|pokemonisfun has 120 seconds left.
|inactive|pokemonisfun has 90 seconds left.
|
|t:|1668266595
|switch|p1a: QUACK ATTACK|Sirfetch’d, M|30/100|[from]move: Volt Switch
|
|upkeep
|
|t:|1668266597
|switch|p2a: Scizor|Scizor, F|84/100
|turn|28
|
|t:|1668266602
|move|p1a: QUACK ATTACK|First Impression|p2a: Scizor
|-resisted|p2a: Scizor
|-crit|p2a: Scizor
|-damage|p2a: Scizor|62/100
|move|p2a: Scizor|Bullet Punch|p1a: QUACK ATTACK
|-damage|p1a: QUACK ATTACK|0 fnt
|faint|p1a: QUACK ATTACK
|
|upkeep
|inactive|pokemonisfun has 90 seconds left.
|
|t:|1668266612
|switch|p1a: howdy mr cloudy|Thundurus-Therian, M|45/100 brn
|turn|29
|c|☆umbry ✿|uh
|c|☆umbry ✿|crit mightve been unideal
|c|☆umbry ✿|ig it was 50% anyway
|inactive|umbry ✿ has 270 seconds left.
|
|t:|1668266647
|move|p1a: howdy mr cloudy|Volt Switch|p2a: Scizor
|-damage|p2a: Scizor|16/100
|inactive|pokemonisfun has 90 seconds left.
|
|t:|1668266668
|switch|p1a: edgy veggie|Tapu Bulu|100/100|[from]move: Volt Switch
|-fieldstart|move: Grassy Terrain|[from] ability: Grassy Surge|[of] p1a: edgy veggie
|move|p2a: Scizor|Swords Dance|p2a: Scizor
|-boost|p2a: Scizor|atk|2
|
|-heal|p2a: Scizor|23/100|[from] Grassy Terrain
|upkeep
|turn|30
|
|t:|1668266674
|move|p2a: Scizor|Bullet Punch|p1a: edgy veggie
|-supereffective|p1a: edgy veggie
|-damage|p1a: edgy veggie|0 fnt
|faint|p1a: edgy veggie
|
|-heal|p2a: Scizor|29/100|[from] Grassy Terrain
|upkeep
|
|t:|1668266676
|switch|p1a: howdy mr cloudy|Thundurus-Therian, M|45/100 brn
|turn|31
|
|t:|1668266679
|move|p2a: Scizor|Bullet Punch|p1a: howdy mr cloudy
|-resisted|p1a: howdy mr cloudy
|-damage|p1a: howdy mr cloudy|1/100 brn
|move|p1a: howdy mr cloudy|Volt Switch|p2a: Scizor
|-crit|p2a: Scizor
|-damage|p2a: Scizor|0 fnt
|faint|p2a: Scizor
|
|win|pokemonisfun
