|inactive|Battle timer is ON: inactive players will automatically lose when time's up.
|t:|1650229386
|gametype|singles
|player|p1|S3tanta7|backpacker|
|player|p2|Fathiryxi|preschoolers|
|teamsize|p1|6
|teamsize|p2|6
|gen|8
|tier|[Gen 8] UU
|rule|Sleep Clause Mod: Limit one foe put to sleep
|rule|Species Clause: Limit one of each Pokémon
|rule|OHKO Clause: OHKO moves are banned
|rule|Evasion Moves Clause: Evasion moves are banned
|rule|Endless Battle Clause: Forcing endless battles is banned
|rule|HP Percentage Mod: HP is shown in percentages
|rule|Dynamax Clause: You cannot dynamax
|clearpoke
|poke|p1|Zarude|
|poke|p1|Conkeldurr, F|
|poke|p1|Raikou|
|poke|p1|Nidoqueen, F|
|poke|p1|Salamence, F|
|poke|p1|Klefki, M|
|poke|p2|Azelf|
|poke|p2|Keldeo-Resolute|
|poke|p2|Tangrowth, F|
|poke|p2|Nihilego|
|poke|p2|Cobalion|
|poke|p2|Salamence, M|
|teampreview
|c|☆S3tanta7|glhf
|c|☆Fathiryxi|u2 
|inactive|S3tanta7 has 270 seconds left.
|inactive|Fathiryxi has 270 seconds left.
|c|+szns|is this 4 something
|c|+Accel|mono blue omg
|c|+Accel|uufpl
|c|+szns|thx
|inactive|S3tanta7 has 240 seconds left.
|inactive|Fathiryxi has 240 seconds left.
|c|+szns|GL fren
|c|+avarice|GOOOO VENU
|c|+cherryb0ng|go Fath
|inactive|S3tanta7 has 210 seconds left.
|inactive|Fathiryxi has 210 seconds left.
|inactive|S3tanta7 has 180 seconds left.
|c|+omicorio|GOOOOO VENU
|c|+cherryb0ng|Fath rocking the Mono color team
|
|t:|1650229524
|start
|switch|p1a: Klefki|Klefki, M|100/100
|switch|p2a: Tangrowth|Tangrowth, F|100/100
|turn|1
|c|+cherryb0ng|You guys are doomed
|inactive|Fathiryxi has 240 seconds left.
|inactive|S3tanta7 has 210 seconds left.
|
|t:|1650229568
|move|p1a: Klefki|Spikes|p2a: Tangrowth
|-sidestart|p2: Fathiryxi|Spikes
|move|p2a: Tangrowth|Knock Off|p1a: Klefki
|-resisted|p1a: Klefki
|-damage|p1a: Klefki|89/100
|-enditem|p1a: Klefki|Safety Goggles|[from] move: Knock Off|[of] p2a: Tangrowth
|
|upkeep
|turn|2
|inactive|S3tanta7 has 210 seconds left.
|inactive|Fathiryxi has 240 seconds left.
|inactive|S3tanta7 has 180 seconds left.
|inactive|Fathiryxi has 210 seconds left.
|inactive|S3tanta7 has 150 seconds left.
|
|t:|1650229644
|switch|p1a: Nidoqueen|Nidoqueen, F|100/100
|switch|p2a: Cobalion|Cobalion|100/100
|-damage|p2a: Cobalion|88/100|[from] Spikes
|
|upkeep
|turn|3
|inactive|S3tanta7 has 150 seconds left.
|inactive|Fathiryxi has 180 seconds left.
|inactive|S3tanta7 has 120 seconds left.
|
|t:|1650229691
|switch|p2a: Keldeo|Keldeo-Resolute|100/100
|-damage|p2a: Keldeo|88/100|[from] Spikes
|move|p1a: Nidoqueen|Stealth Rock|p2a: Keldeo
|-sidestart|p2: Fathiryxi|move: Stealth Rock
|
|upkeep
|turn|4
|inactive|S3tanta7 has 90 seconds left.
|
|t:|1650229741
|switch|p1a: Salamence|Salamence, F|100/100
|-ability|p1a: Salamence|Intimidate|boost
|-unboost|p2a: Keldeo|atk|1
|move|p2a: Keldeo|Flip Turn|p1a: Salamence
|-resisted|p1a: Salamence
|-damage|p1a: Salamence|95/100
|inactive|Fathiryxi has 150 seconds left.
|inactive|Fathiryxi has 120 seconds left.
|
|t:|1650229784
|switch|p2a: Salamence|Salamence, M|100/100|[from]move: Flip Turn
|-ability|p2a: Salamence|Intimidate|boost
|-unboost|p1a: Salamence|atk|1
|
|upkeep
|turn|5
|inactive|Fathiryxi has 120 seconds left.
|inactive|S3tanta7 has 60 seconds left.
|
|t:|1650229819
|switch|p2a: Nihilego|Nihilego|100/100
|-damage|p2a: Nihilego|88/100|[from] Spikes
|-damage|p2a: Nihilego|75/100|[from] Stealth Rock
|move|p1a: Salamence|Draco Meteor|p2a: Nihilego
|-damage|p2a: Nihilego|39/100
|-unboost|p1a: Salamence|spa|2
|
|-heal|p2a: Nihilego|45/100|[from] item: Black Sludge
|upkeep
|turn|6
|inactive|S3tanta7 has 60 seconds left.
|inactive|Fathiryxi has 90 seconds left.
|
|t:|1650229847
|switch|p2a: Tangrowth|Tangrowth, F|100/100
|-damage|p2a: Tangrowth|88/100|[from] Spikes
|-damage|p2a: Tangrowth|76/100|[from] Stealth Rock
|switch|p1a: Klefki|Klefki, M|89/100
|
|upkeep
|turn|7
|inactive|Fathiryxi has 90 seconds left.
|
|t:|1650229861
|move|p1a: Klefki|Spikes|p2a: Tangrowth
|-sidestart|p2: Fathiryxi|Spikes
|move|p2a: Tangrowth|Power Whip|p1a: Klefki
|-resisted|p1a: Klefki
|-damage|p1a: Klefki|68/100
|
|upkeep
|turn|8
|inactive|S3tanta7 has 60 seconds left.
|inactive|Fathiryxi has 90 seconds left.
|
|t:|1650229876
|switch|p2a: Salamence|Salamence, M|100/100
|-ability|p2a: Salamence|Intimidate|boost
|-unboost|p1a: Klefki|atk|1
|move|p1a: Klefki|Spikes|p2a: Salamence
|-sidestart|p2: Fathiryxi|Spikes
|
|upkeep
|turn|9
|
|t:|1650229883
|move|p1a: Klefki|Thunder Wave|p2a: Salamence
|-status|p2a: Salamence|par
|cant|p2a: Salamence|par
|
|upkeep
|turn|10
|inactive|S3tanta7 has 60 seconds left.
|
|t:|1650229904
|move|p1a: Klefki|Dazzling Gleam|p2a: Salamence
|-supereffective|p2a: Salamence
|-damage|p2a: Salamence|50/100 par
|move|p2a: Salamence|Defog|p1a: Klefki
|-unboost|p1a: Klefki|evasion|1
|-sideend|p2: Fathiryxi|Spikes|[from] move: Defog|[of] p2a: Salamence
|-sideend|p2: Fathiryxi|Stealth Rock|[from] move: Defog|[of] p2a: Salamence
|
|upkeep
|turn|11
|inactive|S3tanta7 has 60 seconds left.
|
|t:|1650229911
|switch|p2a: Azelf|Azelf|100/100
|move|p1a: Klefki|Spikes|p2a: Azelf
|-sidestart|p2: Fathiryxi|Spikes
|
|upkeep
|turn|12
|inactive|S3tanta7 has 60 seconds left.
|inactive|Fathiryxi has 90 seconds left.
|inactive|S3tanta7 has 30 seconds left.
|
|t:|1650229957
|switch|p1a: Salamence|Salamence, F|95/100
|-ability|p1a: Salamence|Intimidate|boost
|-unboost|p2a: Azelf|atk|1
|move|p2a: Azelf|Flamethrower|p1a: Salamence
|-resisted|p1a: Salamence
|-damage|p1a: Salamence|79/100
|
|upkeep
|turn|13
|inactive|S3tanta7 has 30 seconds left.
|inactive|Fathiryxi has 90 seconds left.
|
|t:|1650229971
|move|p2a: Azelf|U-turn|p1a: Salamence
|-resisted|p1a: Salamence
|-damage|p1a: Salamence|72/100
|inactive|S3tanta7 has 30 seconds left this turn.
|
|t:|1650229975
|switch|p2a: Tangrowth|Tangrowth, F|100/100|[from]move: U-turn
|-damage|p2a: Tangrowth|88/100|[from] Spikes
|move|p1a: Salamence|Flamethrower|p2a: Tangrowth
|-supereffective|p2a: Tangrowth
|-damage|p2a: Tangrowth|56/100
|
|upkeep
|turn|14
|inactive|S3tanta7 has 30 seconds left.
|inactive|Fathiryxi has 90 seconds left.
|inactive|S3tanta7 has 20 seconds left.
|inactive|S3tanta7 has 15 seconds left.
|inactive|S3tanta7 has 10 seconds left.
|
|t:|1650230011
|switch|p1a: Nidoqueen|Nidoqueen, F|100/100
|switch|p2a: Nihilego|Nihilego|45/100
|-damage|p2a: Nihilego|33/100|[from] Spikes
|
|-heal|p2a: Nihilego|39/100|[from] item: Black Sludge
|upkeep
|turn|15
|inactive|S3tanta7 has 20 seconds left this turn.
|inactive|S3tanta7 has 15 seconds left.
|inactive|S3tanta7 has 10 seconds left.
|inactive|Fathiryxi has 60 seconds left.
|
|t:|1650230050
|switch|p2a: Keldeo|Keldeo-Resolute|88/100
|-damage|p2a: Keldeo|76/100|[from] Spikes
|move|p1a: Nidoqueen|Thunderbolt|p2a: Keldeo
|-supereffective|p2a: Keldeo
|-damage|p2a: Keldeo|0 fnt
|faint|p2a: Keldeo
|
|upkeep
|inactive|S3tanta7 has 15 seconds left this turn.
|
|t:|1650230054
|switch|p2a: Azelf|Azelf|100/100
|turn|16
|inactive|S3tanta7 has 25 seconds left this turn.
|inactive|S3tanta7 has 20 seconds left.
|inactive|S3tanta7 has 15 seconds left.
|inactive|S3tanta7 has 10 seconds left.
|
|t:|1650230070
|switch|p1a: Salamence|Salamence, F|72/100
|-ability|p1a: Salamence|Intimidate|boost
|-unboost|p2a: Azelf|atk|1
|move|p2a: Azelf|Psyshock|p1a: Salamence
|-damage|p1a: Salamence|25/100
|
|upkeep
|turn|17
|inactive|S3tanta7 has 20 seconds left this turn.
|inactive|S3tanta7 has 15 seconds left.
|inactive|S3tanta7 has 10 seconds left.
|
|t:|1650230086
|switch|p1a: Klefki|Klefki, M|68/100
|move|p2a: Azelf|Psyshock|p1a: Klefki
|-resisted|p1a: Klefki
|-damage|p1a: Klefki|47/100
|
|upkeep
|turn|18
|inactive|S3tanta7 has 20 seconds left this turn.
|inactive|S3tanta7 has 15 seconds left.
|inactive|Fathiryxi has 30 seconds left.
|
|t:|1650230111
|switch|p2a: Tangrowth|Tangrowth, F|89/100
|-damage|p2a: Tangrowth|77/100|[from] Spikes
|move|p1a: Klefki|Thunder Wave|p2a: Tangrowth|[miss]
|-miss|p1a: Klefki|p2a: Tangrowth
|
|upkeep
|turn|19
|inactive|S3tanta7 has 25 seconds left this turn.
|inactive|S3tanta7 has 20 seconds left.
|inactive|Fathiryxi has 30 seconds left.
|
|t:|1650230122
|move|p1a: Klefki|Spikes|p2a: Tangrowth
|-sidestart|p2: Fathiryxi|Spikes
|move|p2a: Tangrowth|Sludge Bomb|p1a: Klefki
|-immune|p1a: Klefki
|
|upkeep
|turn|20
|inactive|S3tanta7 has 30 seconds left this turn.
|inactive|Fathiryxi has 30 seconds left.
|
|t:|1650230131
|move|p1a: Klefki|Spikes|p2a: Tangrowth
|-sidestart|p2: Fathiryxi|Spikes
|move|p2a: Tangrowth|Power Whip|p1a: Klefki
|-resisted|p1a: Klefki
|-damage|p1a: Klefki|27/100
|
|upkeep
|turn|21
|inactive|S3tanta7 has 30 seconds left.
|
|t:|1650230144
|switch|p1a: Nidoqueen|Nidoqueen, F|100/100
|move|p2a: Tangrowth|Sludge Bomb|p1a: Nidoqueen
|-resisted|p1a: Nidoqueen
|-damage|p1a: Nidoqueen|94/100
|
|upkeep
|turn|22
|inactive|Fathiryxi has 30 seconds left.
|inactive|Fathiryxi has 20 seconds left.
|inactive|Fathiryxi has 15 seconds left.
|
|t:|1650230176
|move|p1a: Nidoqueen|Sludge Wave|p2a: Tangrowth
|-supereffective|p2a: Tangrowth
|-damage|p2a: Tangrowth|0 fnt
|faint|p2a: Tangrowth
|
|upkeep
|inactive|Fathiryxi has 20 seconds left this turn.
|
|t:|1650230180
|switch|p2a: Azelf|Azelf|100/100
|turn|23
|inactive|Fathiryxi has 30 seconds left this turn.
|
|t:|1650230185
|switch|p1a: Salamence|Salamence, F|25/100
|-ability|p1a: Salamence|Intimidate|boost
|-unboost|p2a: Azelf|atk|1
|move|p2a: Azelf|Psyshock|p1a: Salamence
|-damage|p1a: Salamence|0 fnt
|faint|p1a: Salamence
|
|upkeep
|
|t:|1650230188
|switch|p1a: Klefki|Klefki, M|27/100
|turn|24
|
|t:|1650230197
|move|p1a: Klefki|Thunder Wave|p2a: Azelf
|-status|p2a: Azelf|par
|move|p2a: Azelf|Flamethrower|p1a: Klefki
|-supereffective|p1a: Klefki
|-damage|p1a: Klefki|0 fnt
|faint|p1a: Klefki
|
|upkeep
|inactive|S3tanta7 has 60 seconds left.
|inactive|S3tanta7 has 30 seconds left.
|
|t:|1650230238
|switch|p1a: Conkeldurr|Conkeldurr, F|100/100
|turn|25
|inactive|S3tanta7 has 30 seconds left.
|inactive|S3tanta7 has 20 seconds left.
|inactive|Fathiryxi has 30 seconds left.
|inactive|Fathiryxi has 20 seconds left.
|
|t:|1650230274
|switch|p2a: Nihilego|Nihilego|39/100
|-damage|p2a: Nihilego|14/100|[from] Spikes
|move|p1a: Conkeldurr|Knock Off|p2a: Nihilego
|-damage|p2a: Nihilego|0 fnt
|-enditem|p2a: Nihilego|Black Sludge|[from] move: Knock Off|[of] p1a: Conkeldurr
|faint|p2a: Nihilego
|
|-status|p1a: Conkeldurr|brn|[from] item: Flame Orb
|upkeep
|inactive|S3tanta7 has 25 seconds left this turn.
|inactive|Fathiryxi has 25 seconds left this turn.
|
|t:|1650230278
|switch|p2a: Salamence|Salamence, M|50/100 par
|-ability|p2a: Salamence|Intimidate|boost
|-unboost|p1a: Conkeldurr|atk|1
|turn|26
|inactive|S3tanta7 has 30 seconds left.
|inactive|Fathiryxi has 30 seconds left.
|inactive|Fathiryxi has 20 seconds left.
|inactive|Fathiryxi has 15 seconds left.
|inactive|Fathiryxi has 10 seconds left.
|
|t:|1650230305
|switch|p2a: Azelf|Azelf|100/100 par
|move|p1a: Conkeldurr|Facade|p2a: Azelf
|-damage|p2a: Azelf|14/100 par
|
|-damage|p1a: Conkeldurr|95/100 brn|[from] brn
|upkeep
|turn|27
|inactive|Fathiryxi has 20 seconds left this turn.
|inactive|Fathiryxi has 15 seconds left.
|
|t:|1650230311
|switch|p2a: Salamence|Salamence, M|50/100 par
|-ability|p2a: Salamence|Intimidate|boost
|-unboost|p1a: Conkeldurr|atk|1
|move|p1a: Conkeldurr|Knock Off|p2a: Salamence
|-damage|p2a: Salamence|24/100 par
|-enditem|p2a: Salamence|Heavy-Duty Boots|[from] move: Knock Off|[of] p1a: Conkeldurr
|
|-damage|p1a: Conkeldurr|89/100 brn|[from] brn
|upkeep
|turn|28
|inactive|Fathiryxi has 25 seconds left this turn.
|inactive|Fathiryxi has 20 seconds left.
|inactive|Fathiryxi has 15 seconds left.
|
|t:|1650230325
|switch|p1a: Zarude|Zarude|100/100
|move|p2a: Salamence|Roost|p2a: Salamence
|-heal|p2a: Salamence|74/100 par
|-singleturn|p2a: Salamence|move: Roost
|
|upkeep
|turn|29
|inactive|Fathiryxi has 25 seconds left this turn.
|
|t:|1650230330
|move|p1a: Zarude|U-turn|p2a: Salamence
|-resisted|p2a: Salamence
|-damage|p2a: Salamence|63/100 par
|inactive|Fathiryxi has 30 seconds left this turn.
|inactive|S3tanta7 has 30 seconds left.
|inactive|S3tanta7 has 20 seconds left.
|
|t:|1650230365
|switch|p1a: Raikou|Raikou|100/100|[from]move: U-turn
|cant|p2a: Salamence|par
|
|upkeep
|turn|30
|inactive|S3tanta7 has 30 seconds left this turn.
|inactive|Fathiryxi has 30 seconds left.
|
|t:|1650230379
|move|p1a: Raikou|Thunderbolt|p2a: Salamence
|-damage|p2a: Salamence|18/100 par
|move|p2a: Salamence|Defog|p1a: Raikou
|-unboost|p1a: Raikou|evasion|1
|-sideend|p2: Fathiryxi|Spikes|[from] move: Defog|[of] p2a: Salamence
|
|upkeep
|turn|31
|
|t:|1650230389
|move|p1a: Raikou|Thunderbolt|p2a: Salamence
|-damage|p2a: Salamence|0 fnt
|faint|p2a: Salamence
|
|upkeep
|
|t:|1650230395
|switch|p2a: Cobalion|Cobalion|88/100
|turn|32
|
|t:|1650230405
|move|p1a: Raikou|Aura Sphere|p2a: Cobalion
|-supereffective|p2a: Cobalion
|-damage|p2a: Cobalion|21/100
|move|p2a: Cobalion|Close Combat|p1a: Raikou
|-damage|p1a: Raikou|37/100
|-unboost|p2a: Cobalion|def|1
|-unboost|p2a: Cobalion|spd|1
|
|upkeep
|turn|33
|
|t:|1650230413
|switch|p2a: Azelf|Azelf|14/100 par
|move|p1a: Raikou|Thunderbolt|p2a: Azelf
|-damage|p2a: Azelf|0 fnt
|faint|p2a: Azelf
|
|upkeep
|c|☆Fathiryxi|gg 
|-message|Fathiryxi forfeited.
|
|win|S3tanta7
|c|☆S3tanta7|gg
|c|☆S3tanta7|wp
|player|p1|S3tanta7|backpacker
