|inactive|Battle timer is ON: inactive players will automatically lose when time's up.
|t:|1647996830
|gametype|singles
|player|p1|pif|#uutrio2ladder|
|player|p2|joey the goon|falkner-gen2|
|teamsize|p1|6
|teamsize|p2|6
|gen|8
|tier|[Gen 8] UU
|rule|Sleep Clause Mod: Limit one foe put to sleep
|rule|Species Clause: Limit one of each Pokémon
|rule|OHKO Clause: OHKO moves are banned
|rule|Evasion Moves Clause: Evasion moves are banned
|rule|Endless Battle Clause: Forcing endless battles is banned
|rule|HP Percentage Mod: HP is shown in percentages
|rule|Dynamax Clause: You cannot dynamax
|clearpoke
|poke|p1|Hydreigon, M|
|poke|p1|Tapu Bulu|
|poke|p1|Swampert, F|
|poke|p1|Lycanroc-Dusk, F|
|poke|p1|Moltres|
|poke|p1|Jirachi|
|poke|p2|Nihilego|
|poke|p2|Excadrill, M|
|poke|p2|Keldeo-Resolute|
|poke|p2|Thundurus-Therian, M|
|poke|p2|Tangrowth, M|
|poke|p2|Rotom-Wash|
|teampreview
|c|☆joey the goon|hf
|c|☆pif|hf
|inactive|pif has 270 seconds left.
|inactive|joey the goon has 270 seconds left.
|
|t:|1647996872
|start
|switch|p1a: pert that HURTS|Swampert, F|100/100
|switch|p2a: me|Tangrowth, M, shiny|100/100
|turn|1
|
|t:|1647996889
|move|p1a: pert that HURTS|Flip Turn|p2a: me
|-resisted|p2a: me
|-damage|p2a: me|92/100
|
|t:|1647996892
|switch|p1a: moltres leche|Moltres|100/100|[from]move: Flip Turn
|move|p2a: me|Knock Off|p1a: moltres leche
|-damage|p1a: moltres leche|80/100
|-enditem|p1a: moltres leche|Heavy-Duty Boots|[from] move: Knock Off|[of] p2a: me
|
|upkeep
|turn|2
|
|t:|1647996900
|switch|p2a: bup|Nihilego, shiny|100/100
|move|p1a: moltres leche|Flamethrower|p2a: bup
|-resisted|p2a: bup
|-damage|p2a: bup|86/100
|
|upkeep
|turn|3
|inactive|joey the goon has 270 seconds left.
|
|t:|1647996933
|switch|p2a: these|Rotom-Wash|100/100
|switch|p1a: flinchy winchy|Jirachi|100/100
|
|upkeep
|turn|4
|inactive|joey the goon has 270 seconds left.
|
|t:|1647996971
|switch|p2a: me|Tangrowth, M, shiny|100/100
|move|p1a: flinchy winchy|U-turn|p2a: me
|-supereffective|p2a: me
|-damage|p2a: me|70/100
|
|t:|1647996989
|switch|p1a: moltres leche|Moltres|80/100|[from]move: U-turn
|
|upkeep
|turn|5
|
|t:|1647997000
|switch|p1a: pert that HURTS|Swampert, F|100/100
|switch|p2a: these|Rotom-Wash|100/100
|
|upkeep
|turn|6
|
|t:|1647997013
|switch|p2a: but it was me|Keldeo-Resolute|100/100
|move|p1a: pert that HURTS|Stealth Rock|p2a: but it was me
|-sidestart|p2: joey the goon|move: Stealth Rock
|
|upkeep
|turn|7
|
|t:|1647997023
|move|p2a: but it was me|Hydro Pump|p1a: pert that HURTS
|-damage|p1a: pert that HURTS|37/100
|move|p1a: pert that HURTS|Toxic|p2a: but it was me
|-status|p2a: but it was me|tox
|
|-heal|p1a: pert that HURTS|44/100|[from] item: Leftovers
|-damage|p2a: but it was me|94/100 tox|[from] psn
|upkeep
|turn|8
|
|t:|1647997029
|switch|p1a: edgy veggie|Tapu Bulu|100/100
|-fieldstart|move: Grassy Terrain|[from] ability: Grassy Surge|[of] p1a: edgy veggie
|move|p2a: but it was me|Hydro Pump|p1a: edgy veggie|[miss]
|-miss|p2a: but it was me|p1a: edgy veggie
|
|-heal|p2a: but it was me|100/100 tox|[from] Grassy Terrain
|-damage|p2a: but it was me|88/100 tox|[from] psn
|upkeep
|turn|9
|inactive|joey the goon has 270 seconds left.
|
|t:|1647997034
|switch|p2a: me|Tangrowth, M, shiny|100/100
|-damage|p2a: me|88/100|[from] Stealth Rock
|switch|p1a: pert that HURTS|Swampert, F|44/100
|
|-heal|p1a: pert that HURTS|50/100|[from] Grassy Terrain
|-heal|p1a: pert that HURTS|56/100|[from] item: Leftovers
|-heal|p2a: me|94/100|[from] Grassy Terrain
|upkeep
|turn|10
|inactive|joey the goon has 270 seconds left.
|
|t:|1647997056
|switch|p2a: these|Rotom-Wash|100/100
|-damage|p2a: these|88/100|[from] Stealth Rock
|move|p1a: pert that HURTS|Flip Turn|p2a: these
|-resisted|p2a: these
|-damage|p2a: these|72/100
|
|t:|1647997066
|switch|p1a: snekky snek|Hydreigon, M|100/100|[from]move: Flip Turn
|
|-heal|p2a: these|79/100|[from] item: Leftovers
|upkeep
|turn|11
|inactive|joey the goon has 270 seconds left.
|
|t:|1647997079
|move|p1a: snekky snek|Dark Pulse|p2a: these
|-damage|p2a: these|0 fnt
|faint|p2a: these
|
|upkeep
|inactive|joey the goon has 270 seconds left.
|
|t:|1647997088
|switch|p2a: but it was me|Keldeo-Resolute|88/100 tox
|-damage|p2a: but it was me|82/100 tox|[from] Stealth Rock
|turn|12
|inactive|joey the goon has 270 seconds left.
|
|t:|1647997111
|switch|p1a: edgy veggie|Tapu Bulu|100/100
|move|p2a: but it was me|Icy Wind|p1a: edgy veggie
|-supereffective|p1a: edgy veggie
|-damage|p1a: edgy veggie|44/100
|-unboost|p1a: edgy veggie|spe|1
|
|-heal|p2a: but it was me|88/100 tox|[from] Grassy Terrain
|-heal|p1a: edgy veggie|50/100|[from] Grassy Terrain
|-heal|p1a: edgy veggie|56/100|[from] item: Leftovers
|-damage|p2a: but it was me|82/100 tox|[from] psn
|-fieldend|move: Grassy Terrain
|upkeep
|turn|13
|
|t:|1647997130
|switch|p2a: lily|Excadrill, M|100/100
|-damage|p2a: lily|97/100|[from] Stealth Rock
|-ability|p2a: lily|Mold Breaker
|switch|p1a: pert that HURTS|Swampert, F|56/100
|
|-heal|p2a: lily|100/100|[from] item: Leftovers
|-heal|p1a: pert that HURTS|62/100|[from] item: Leftovers
|upkeep
|turn|14
|inactive|joey the goon has 270 seconds left.
|
|t:|1647997149
|move|p2a: lily|Stealth Rock|p1a: pert that HURTS
|-sidestart|p1: pif|move: Stealth Rock
|move|p1a: pert that HURTS|High Horsepower|p2a: lily
|-supereffective|p2a: lily
|-damage|p2a: lily|2/100
|
|-heal|p2a: lily|9/100|[from] item: Leftovers
|-heal|p1a: pert that HURTS|68/100|[from] item: Leftovers
|upkeep
|turn|15
|inactive|joey the goon has 270 seconds left.
|inactive|pif has 270 seconds left.
|
|t:|1647997187
|switch|p2a: me|Tangrowth, M, shiny|100/100
|-damage|p2a: me|88/100|[from] Stealth Rock
|move|p1a: pert that HURTS|Flip Turn|p2a: me
|-resisted|p2a: me
|-damage|p2a: me|81/100
|inactive|pif has 240 seconds left.
|
|t:|1647997210
|switch|p1a: snekky snek|Hydreigon, M|100/100|[from]move: Flip Turn
|-damage|p1a: snekky snek|88/100|[from] Stealth Rock
|
|upkeep
|turn|16
|inactive|pif has 240 seconds left.
|inactive|joey the goon has 270 seconds left.
|
|t:|1647997234
|move|p1a: snekky snek|Draco Meteor|p2a: me
|-damage|p2a: me|24/100
|-unboost|p1a: snekky snek|spa|2
|move|p2a: me|Knock Off|p1a: snekky snek
|-resisted|p1a: snekky snek
|-damage|p1a: snekky snek|76/100
|-enditem|p1a: snekky snek|Choice Specs|[from] move: Knock Off|[of] p2a: me
|
|upkeep
|turn|17
|
|t:|1647997255
|switch|p2a: bup|Nihilego, shiny|86/100
|-damage|p2a: bup|74/100|[from] Stealth Rock
|move|p1a: snekky snek|Draco Meteor|p2a: bup
|-damage|p2a: bup|49/100
|-unboost|p1a: snekky snek|spa|2
|
|upkeep
|turn|18
|inactive|joey the goon has 270 seconds left.
|
|t:|1647997275
|switch|p1a: flinchy winchy|Jirachi|100/100
|-damage|p1a: flinchy winchy|94/100|[from] Stealth Rock
|move|p2a: bup|Sludge Wave|p1a: flinchy winchy
|-immune|p1a: flinchy winchy
|
|upkeep
|turn|19
|c|+bruno bros bres|uu open?
|c|+suloxiv ♫|y
|
|t:|1647997294
|switch|p2a: but it was me|Keldeo-Resolute|82/100 tox
|-damage|p2a: but it was me|76/100 tox|[from] Stealth Rock
|move|p1a: flinchy winchy|Iron Head|p2a: but it was me
|-resisted|p2a: but it was me
|-damage|p2a: but it was me|57/100 tox
|
|-damage|p2a: but it was me|50/100 tox|[from] psn
|upkeep
|turn|20
|inactive|pif has 210 seconds left.
|
|t:|1647997321
|switch|p1a: moltres leche|Moltres|80/100
|-damage|p1a: moltres leche|30/100|[from] Stealth Rock
|move|p2a: but it was me|Hydro Pump|p1a: moltres leche
|-supereffective|p1a: moltres leche
|-damage|p1a: moltres leche|0 fnt
|faint|p1a: moltres leche
|
|-damage|p2a: but it was me|38/100 tox|[from] psn
|upkeep
|
|t:|1647997328
|switch|p1a: all bite no bark|Lycanroc-Dusk, F|100/100
|-damage|p1a: all bite no bark|88/100|[from] Stealth Rock
|turn|21
|inactive|pif has 210 seconds left.
|inactive|joey the goon has 240 seconds left.
|
|t:|1647997369
|switch|p2a: me|Tangrowth, M, shiny|57/100
|-damage|p2a: me|45/100|[from] Stealth Rock
|move|p1a: all bite no bark|Close Combat|p2a: me
|-damage|p2a: me|0 fnt
|-unboost|p1a: all bite no bark|def|1
|-unboost|p1a: all bite no bark|spd|1
|faint|p2a: me
|-damage|p1a: all bite no bark|78/100|[from] item: Life Orb
|
|upkeep
|
|t:|1647997380
|switch|p2a: bear hug|Thundurus-Therian, M|100/100
|turn|22
|inactive|pif has 210 seconds left.
|
|t:|1647997406
|switch|p1a: pert that HURTS|Swampert, F|68/100
|-damage|p1a: pert that HURTS|62/100|[from] Stealth Rock
|move|p2a: bear hug|Focus Blast|p1a: pert that HURTS
|-damage|p1a: pert that HURTS|28/100
|-unboost|p1a: pert that HURTS|spd|1
|
|-heal|p1a: pert that HURTS|35/100|[from] item: Leftovers
|upkeep
|turn|23
|inactive|joey the goon has 210 seconds left.
|inactive|joey the goon has 180 seconds left.
|
|t:|1647997476
|move|p2a: bear hug|Focus Blast|p1a: pert that HURTS
|-crit|p1a: pert that HURTS
|-damage|p1a: pert that HURTS|0 fnt
|faint|p1a: pert that HURTS
|
|upkeep
|
|t:|1647997481
|switch|p1a: flinchy winchy|Jirachi|94/100
|-damage|p1a: flinchy winchy|88/100|[from] Stealth Rock
|turn|24
|inactive|joey the goon has 150 seconds left.
|
|t:|1647997519
|move|p1a: flinchy winchy|U-turn|p2a: bear hug
|-resisted|p2a: bear hug
|-damage|p2a: bear hug|84/100
|inactive|pif has 210 seconds left.
|
|t:|1647997534
|switch|p1a: edgy veggie|Tapu Bulu|56/100|[from]move: U-turn
|-damage|p1a: edgy veggie|44/100|[from] Stealth Rock
|-fieldstart|move: Grassy Terrain|[from] ability: Grassy Surge|[of] p1a: edgy veggie
|move|p2a: bear hug|Nasty Plot|p2a: bear hug
|-boost|p2a: bear hug|spa|2
|
|-heal|p1a: edgy veggie|50/100|[from] Grassy Terrain
|-heal|p1a: edgy veggie|56/100|[from] item: Leftovers
|upkeep
|turn|25
|inactive|joey the goon has 150 seconds left.
|
|t:|1647997557
|move|p2a: bear hug|Psychic|p1a: edgy veggie
|-damage|p1a: edgy veggie|0 fnt
|faint|p1a: edgy veggie
|
|upkeep
|
|t:|1647997562
|switch|p1a: all bite no bark|Lycanroc-Dusk, F|78/100
|-damage|p1a: all bite no bark|66/100|[from] Stealth Rock
|turn|26
|inactive|joey the goon has 150 seconds left.
|
|t:|1647997582
|move|p1a: all bite no bark|Accelerock|p2a: bear hug
|-supereffective|p2a: bear hug
|-damage|p2a: bear hug|0 fnt
|faint|p2a: bear hug
|-damage|p1a: all bite no bark|56/100|[from] item: Life Orb
|
|-heal|p1a: all bite no bark|62/100|[from] Grassy Terrain
|upkeep
|
|t:|1647997591
|switch|p2a: but it was me|Keldeo-Resolute|38/100 tox
|-damage|p2a: but it was me|32/100 tox|[from] Stealth Rock
|turn|27
|inactive|pif has 240 seconds left.
|inactive|pif disconnected and has 300 seconds to reconnect!
|player|p1|
|inactive|pif reconnected and has 230 seconds left.
|player|p1|pif|#uutrio2ladder
|inactive|pif has 210 seconds left.
|
|t:|1647997668
|move|p1a: all bite no bark|Close Combat|p2a: but it was me
|-damage|p2a: but it was me|0 fnt
|-unboost|p1a: all bite no bark|def|1
|-unboost|p1a: all bite no bark|spd|1
|faint|p2a: but it was me
|-damage|p1a: all bite no bark|52/100|[from] item: Life Orb
|
|-heal|p1a: all bite no bark|58/100|[from] Grassy Terrain
|upkeep
|c|☆joey the goon|ggh
|
|t:|1647997676
|switch|p2a: bup|Nihilego, shiny|49/100
|-damage|p2a: bup|37/100|[from] Stealth Rock
|turn|28
|
|t:|1647997682
|move|p1a: all bite no bark|Close Combat|p2a: bup
|-damage|p2a: bup|0 fnt
|-unboost|p1a: all bite no bark|def|1
|-unboost|p1a: all bite no bark|spd|1
|faint|p2a: bup
|-damage|p1a: all bite no bark|48/100|[from] item: Life Orb
|
|-heal|p1a: all bite no bark|54/100|[from] Grassy Terrain
|-fieldend|move: Grassy Terrain
|upkeep
|
|t:|1647997684
|switch|p2a: lily|Excadrill, M|9/100
|-damage|p2a: lily|5/100|[from] Stealth Rock
|-ability|p2a: lily|Mold Breaker
|turn|29
|
|t:|1647997687
|move|p1a: all bite no bark|Close Combat|p2a: lily
|-supereffective|p2a: lily
|-damage|p2a: lily|0 fnt
|-unboost|p1a: all bite no bark|def|1
|-unboost|p1a: all bite no bark|spd|1
|faint|p2a: lily
|-damage|p1a: all bite no bark|44/100|[from] item: Life Orb
|
|win|pif
|c|☆pif|gg and welcome to uu joey, hope you stick around - if anyone interested likes uu content, please feel free to join a discord in my smogon profile https://www.smogon.com/forums/members/pokemonisfun.56643/
|c|☆joey the goon|was an honor :)
|c|☆pif|main point of server is to learn about uu and enjoy uu content
|c|☆pif|just a game but thanks!
|c|☆joey the goon|i tried to get into uu earlier but i got busy
|c|☆pif|do you play other tiers
|c|☆joey the goon|now that i have more time i may start laddering again, this battle will def help w that
|c|☆joey the goon|RU
|c|☆pif|oh great! are you playing ru open
|c|☆joey the goon|was gonna sign up for the open but i figured i'd only have time for one open tour
|c|☆pif|well now you have time for ru 
|c|☆pif|you can sign up as a sub still easily
|c|☆pif|there are a lot of byes still i think
|c|☆pif|there were 18 byes when it started
|c|☆joey the goon|wait oh really?
|c|☆pif|yes for sure
|c|☆joey the goon|i didnt know that was how it works!
|c|☆pif|i signed up in ru open as a sub
|c|☆pif|tbh idk exactly how it works either
|c|☆pif|but basically you can usually sign up in r1 as a sub
|c|☆joey the goon|sweet how do i sign up as a sub if player signups are already closed?
|c|☆pif|of most tours
|c|☆joey the goon|same thread or
|c|☆pif|you just post in the r1 thread
|c|☆pif|wouldnt hurt to tag the host to make sure she sees it
|c|☆joey the goon|will do
|c|☆joey the goon|thanks for everything man, i appreciate it :D
|c|☆pif|gl in ru open 
|c|☆joey the goon|u too :)
|player|p2|joey the goon|falkner-gen2
