|inactive|Battle timer is ON: inactive players will automatically lose when time's up.
|t:|1658160137
|gametype|singles
|player|p1|Adaam|#uutrio2ladder|
|player|p2|TDK ✿|#tdk|
|teamsize|p1|6
|teamsize|p2|6
|gen|8
|tier|[Gen 8] UU
|rule|Sleep Clause Mod: Limit one foe put to sleep
|rule|Species Clause: Limit one of each Pokémon
|rule|OHKO Clause: OHKO moves are banned
|rule|Evasion Moves Clause: Evasion moves are banned
|rule|Endless Battle Clause: Forcing endless battles is banned
|rule|HP Percentage Mod: HP is shown in percentages
|rule|Dynamax Clause: You cannot dynamax
|clearpoke
|poke|p1|Nidoqueen, F|
|poke|p1|Raikou|
|poke|p1|Tapu Bulu|
|poke|p1|Scizor, F|
|poke|p1|Suicune|
|poke|p1|Mandibuzz, F|
|poke|p2|Hatterene, F|
|poke|p2|Porygon2|
|poke|p2|Cresselia, F|
|poke|p2|Stakataka|
|poke|p2|Marowak-Alola, M|
|poke|p2|Conkeldurr, M|
|teampreview
|c|☆TDK ✿|hf
|c|☆Adaam|u2
|inactive|Adaam has 270 seconds left.
|inactive|TDK ✿ has 270 seconds left.
|c|+jeza.p|:pouss:
|inactive|TDK ✿ has 240 seconds left.
|
|t:|1658160204
|start
|switch|p1a: bad cune rising|Suicune, shiny|100/100
|switch|p2a: Stakataka|Stakataka|100/100
|-ability|p1a: bad cune rising|Pressure
|turn|1
|
|t:|1658160217
|move|p1a: bad cune rising|Calm Mind|p1a: bad cune rising
|-boost|p1a: bad cune rising|spa|1
|-boost|p1a: bad cune rising|spd|1
|move|p2a: Stakataka|Stone Edge|p1a: bad cune rising|[miss]
|-miss|p2a: Stakataka|p1a: bad cune rising
|
|upkeep
|turn|2
|
|t:|1658160225
|move|p1a: bad cune rising|Scald|p2a: Stakataka
|-supereffective|p2a: Stakataka
|-damage|p2a: Stakataka|21/100
|move|p2a: Stakataka|Stone Edge|p1a: bad cune rising
|-damage|p1a: bad cune rising|54/100
|
|-heal|p1a: bad cune rising|61/100|[from] item: Leftovers
|upkeep
|turn|3
|
|t:|1658160232
|switch|p2a: Porygon2|Porygon2|100/100
|-ability|p2a: Porygon2|Pressure|[from] ability: Trace|[of] p1a: bad cune rising
|-ability|p2a: Porygon2|Pressure
|move|p1a: bad cune rising|Scald|p2a: Porygon2
|-damage|p2a: Porygon2|83/100
|-status|p2a: Porygon2|brn
|
|-heal|p1a: bad cune rising|67/100|[from] item: Leftovers
|-damage|p2a: Porygon2|76/100 brn|[from] brn
|upkeep
|turn|4
|c|+NoahDeKnight|I see garf
|
|t:|1658160235
|move|p1a: bad cune rising|Calm Mind|p1a: bad cune rising
|-boost|p1a: bad cune rising|spa|1
|-boost|p1a: bad cune rising|spd|1
|move|p2a: Porygon2|Trick Room|p2a: Porygon2
|-fieldstart|move: Trick Room|[of] p2a: Porygon2
|
|-heal|p1a: bad cune rising|73/100|[from] item: Leftovers
|-damage|p2a: Porygon2|70/100 brn|[from] brn
|upkeep
|turn|5
|
|t:|1658160265
|move|p1a: bad cune rising|Calm Mind|p1a: bad cune rising
|-boost|p1a: bad cune rising|spa|1
|-boost|p1a: bad cune rising|spd|1
|move|p2a: Porygon2|Teleport|p2a: Porygon2
|
|t:|1658160270
|switch|p2a: Conkeldurr|Conkeldurr, M|100/100|[from]move: Teleport
|
|-heal|p1a: bad cune rising|79/100|[from] item: Leftovers
|-status|p2a: Conkeldurr|brn|[from] item: Flame Orb
|upkeep
|turn|6
|inactive|Adaam has 270 seconds left.
|
|t:|1658160312
|move|p2a: Conkeldurr|Facade|p1a: bad cune rising
|-damage|p1a: bad cune rising|36/100
|move|p1a: bad cune rising|Scald|p2a: Conkeldurr
|-damage|p2a: Conkeldurr|29/100 brn
|
|-heal|p1a: bad cune rising|42/100|[from] item: Leftovers
|-damage|p2a: Conkeldurr|22/100 brn|[from] brn
|upkeep
|turn|7
|inactive|Adaam has 240 seconds left.
|
|t:|1658160335
|switch|p1a: hey! ho! ni-do!|Nidoqueen, F|100/100
|move|p2a: Conkeldurr|Close Combat|p1a: hey! ho! ni-do!
|-resisted|p1a: hey! ho! ni-do!
|-damage|p1a: hey! ho! ni-do!|39/100
|-unboost|p2a: Conkeldurr|def|1
|-unboost|p2a: Conkeldurr|spd|1
|
|-damage|p2a: Conkeldurr|16/100 brn|[from] brn
|upkeep
|turn|8
|
|t:|1658160342
|move|p2a: Conkeldurr|Close Combat|p1a: hey! ho! ni-do!
|-resisted|p1a: hey! ho! ni-do!
|-damage|p1a: hey! ho! ni-do!|0 fnt
|-unboost|p2a: Conkeldurr|def|1
|-unboost|p2a: Conkeldurr|spd|1
|faint|p1a: hey! ho! ni-do!
|
|-damage|p2a: Conkeldurr|10/100 brn|[from] brn
|-fieldend|move: Trick Room
|upkeep
|inactive|Adaam has 240 seconds left.
|inactive|Adaam has 210 seconds left.
|
|t:|1658160409
|switch|p1a: bad cune rising|Suicune, shiny|42/100
|-ability|p1a: bad cune rising|Pressure
|turn|9
|
|t:|1658160431
|switch|p2a: Hatterene|Hatterene, F|100/100
|move|p1a: bad cune rising|Calm Mind|p1a: bad cune rising
|-boost|p1a: bad cune rising|spa|1
|-boost|p1a: bad cune rising|spd|1
|
|-heal|p1a: bad cune rising|48/100|[from] item: Leftovers
|upkeep
|turn|10
|inactive|Adaam has 180 seconds left.
|
|t:|1658160478
|move|p1a: bad cune rising|Calm Mind|p1a: bad cune rising
|-boost|p1a: bad cune rising|spa|1
|-boost|p1a: bad cune rising|spd|1
|move|p2a: Hatterene|Trick Room|p2a: Hatterene
|-fieldstart|move: Trick Room|[of] p2a: Hatterene
|
|-heal|p1a: bad cune rising|54/100|[from] item: Leftovers
|upkeep
|turn|11
|inactive|Adaam has 150 seconds left.
|
|t:|1658160494
|move|p2a: Hatterene|Healing Wish|p2a: Hatterene
|faint|p2a: Hatterene
|move|p1a: bad cune rising|Rest|p1a: bad cune rising
|-status|p1a: bad cune rising|slp|[from] move: Rest
|-heal|p1a: bad cune rising|100/100 slp|[silent]
|
|upkeep
|inactive|TDK ✿ has 270 seconds left.
|
|t:|1658160533
|switch|p2a: Conkeldurr|Conkeldurr, M|10/100 brn
|-heal|p2a: Conkeldurr|100/100|[from] move: Healing Wish
|turn|12
|inactive|TDK ✿ has 270 seconds left.
|inactive|Adaam has 150 seconds left.
|inactive|Adaam has 120 seconds left.
|inactive|Adaam has 90 seconds left.
|
|t:|1658160635
|switch|p1a: shaka bulu|Tapu Bulu|100/100
|-fieldstart|move: Grassy Terrain|[from] ability: Grassy Surge|[of] p1a: shaka bulu
|move|p2a: Conkeldurr|Close Combat|p1a: shaka bulu
|-resisted|p1a: shaka bulu
|-damage|p1a: shaka bulu|70/100
|-unboost|p2a: Conkeldurr|def|1
|-unboost|p2a: Conkeldurr|spd|1
|
|-heal|p1a: shaka bulu|76/100|[from] Grassy Terrain
|-status|p2a: Conkeldurr|brn|[from] item: Flame Orb
|upkeep
|turn|13
|inactive|TDK ✿ has 270 seconds left.
|inactive|Adaam has 60 seconds left.
|
|t:|1658160662
|switch|p2a: Marowak|Marowak-Alola, M|100/100
|move|p1a: shaka bulu|Horn Leech|p2a: Marowak
|-resisted|p2a: Marowak
|-damage|p2a: Marowak|74/100
|-heal|p1a: shaka bulu|89/100|[from] drain|[of] p2a: Marowak
|
|-heal|p2a: Marowak|80/100|[from] Grassy Terrain
|-heal|p1a: shaka bulu|95/100|[from] Grassy Terrain
|upkeep
|turn|14
|inactive|Adaam has 60 seconds left.
|
|t:|1658160682
|switch|p1a: prometheus 💀|Mandibuzz, F|100/100
|move|p2a: Marowak|Flare Blitz|p1a: prometheus 💀
|-damage|p1a: prometheus 💀|33/100
|
|-heal|p2a: Marowak|86/100|[from] Grassy Terrain
|-fieldend|move: Trick Room
|upkeep
|turn|15
|inactive|TDK ✿ has 240 seconds left.
|
|t:|1658160712
|move|p1a: prometheus 💀|Foul Play|p2a: Marowak
|-supereffective|p2a: Marowak
|-damage|p2a: Marowak|13/100
|move|p2a: Marowak|Flare Blitz|p1a: prometheus 💀
|-damage|p1a: prometheus 💀|0 fnt
|faint|p1a: prometheus 💀
|
|-heal|p2a: Marowak|19/100|[from] Grassy Terrain
|upkeep
|inactive|Adaam has 30 seconds left.
|
|t:|1658160727
|switch|p1a: ip teeth|Raikou|100/100
|turn|16
|
|t:|1658160739
|switch|p2a: Porygon2|Porygon2|70/100 brn
|-ability|p2a: Porygon2|Inner Focus|[from] ability: Trace|[of] p1a: ip teeth
|move|p1a: ip teeth|Volt Switch|p2a: Porygon2
|-damage|p2a: Porygon2|54/100 brn
|inactive|Adaam has 30 seconds left.
|inactive|Adaam has 20 seconds left.
|inactive|Adaam has 15 seconds left.
|
|t:|1658160767
|switch|p1a: shaka bulu|Tapu Bulu|95/100|[from]move: Volt Switch
|
|-heal|p1a: shaka bulu|100/100|[from] Grassy Terrain
|-heal|p2a: Porygon2|60/100 brn|[from] Grassy Terrain
|-damage|p2a: Porygon2|54/100 brn|[from] brn
|-fieldend|move: Grassy Terrain
|upkeep
|turn|17
|inactive|Adaam has 25 seconds left this turn.
|
|t:|1658160774
|switch|p2a: Cresselia|Cresselia, F|100/100
|move|p1a: shaka bulu|Swords Dance|p1a: shaka bulu
|-boost|p1a: shaka bulu|atk|2
|
|upkeep
|turn|18
|inactive|Adaam has 30 seconds left.
|
|t:|1658160783
|move|p1a: shaka bulu|Swords Dance|p1a: shaka bulu
|-boost|p1a: shaka bulu|atk|2
|move|p2a: Cresselia|Trick Room|p2a: Cresselia
|-fieldstart|move: Trick Room|[of] p2a: Cresselia
|
|upkeep
|turn|19
|
|t:|1658160789
|switch|p1a: bad cune rising|Suicune, shiny|100/100 slp
|-ability|p1a: bad cune rising|Pressure
|move|p2a: Cresselia|Lunar Dance|p2a: Cresselia
|faint|p2a: Cresselia
|
|upkeep
|
|t:|1658160791
|switch|p2a: Marowak|Marowak-Alola, M|19/100
|-heal|p2a: Marowak|100/100|[from] move: Lunar Dance
|turn|20
|
|t:|1658160809
|move|p2a: Marowak|Swords Dance|p2a: Marowak
|-boost|p2a: Marowak|atk|2
|cant|p1a: bad cune rising|slp
|move|p1a: bad cune rising|Sleep Talk|p1a: bad cune rising
|move|p1a: bad cune rising|Scald|p2a: Marowak|[from]move: Sleep Talk
|-supereffective|p2a: Marowak
|-damage|p2a: Marowak|40/100
|
|upkeep
|turn|21
|inactive|Adaam has 30 seconds left.
|inactive|Adaam has 20 seconds left.
|
|t:|1658160838
|move|p2a: Marowak|Poltergeist|p1a: bad cune rising
|-activate|p1a: bad cune rising|move: Poltergeist|Leftovers
|-damage|p1a: bad cune rising|0 fnt
|faint|p1a: bad cune rising
|
|upkeep
|inactive|Adaam has 25 seconds left this turn.
|inactive|Adaam has 20 seconds left.
|inactive|Adaam has 15 seconds left.
|inactive|Adaam has 10 seconds left.
|inactive|Adaam has 5 seconds left.
|
|t:|1658160860
|switch|p1a: its zorbin time|Scizor, F|100/100
|turn|22
|inactive|Adaam has 15 seconds left this turn.
|
|t:|1658160863
|move|p1a: its zorbin time|Bullet Punch|p2a: Marowak
|-resisted|p2a: Marowak
|-damage|p2a: Marowak|23/100
|move|p2a: Marowak|Flare Blitz|p1a: its zorbin time
|-supereffective|p1a: its zorbin time
|-damage|p1a: its zorbin time|0 fnt
|faint|p1a: its zorbin time
|
|-fieldend|move: Trick Room
|upkeep
|inactive|Adaam has 20 seconds left this turn.
|inactive|Adaam has 15 seconds left.
|inactive|Adaam has 10 seconds left.
|
|t:|1658160875
|switch|p1a: shaka bulu|Tapu Bulu|100/100
|-fieldstart|move: Grassy Terrain|[from] ability: Grassy Surge|[of] p1a: shaka bulu
|turn|23
|inactive|Adaam has 20 seconds left this turn.
|
|t:|1658160885
|move|p1a: shaka bulu|Horn Leech|p2a: Marowak
|-resisted|p2a: Marowak
|-damage|p2a: Marowak|0 fnt
|faint|p2a: Marowak
|
|upkeep
|inactive|Adaam has 25 seconds left this turn.
|
|t:|1658160888
|switch|p2a: Porygon2|Porygon2|54/100 brn
|-ability|p2a: Porygon2|Grassy Surge|[from] ability: Trace|[of] p1a: shaka bulu
|turn|24
|inactive|Adaam has 30 seconds left.
|inactive|Adaam has 20 seconds left.
|inactive|Adaam has 15 seconds left.
|
|t:|1658160909
|move|p1a: shaka bulu|Close Combat|p2a: Porygon2
|-supereffective|p2a: Porygon2
|-damage|p2a: Porygon2|0 fnt
|-unboost|p1a: shaka bulu|def|1
|-unboost|p1a: shaka bulu|spd|1
|faint|p2a: Porygon2
|
|upkeep
|inactive|Adaam has 20 seconds left this turn.
|
|t:|1658160931
|switch|p2a: Conkeldurr|Conkeldurr, M|100/100 brn
|turn|25
|inactive|Adaam has 30 seconds left this turn.
|inactive|Adaam has 20 seconds left.
|inactive|Adaam has 15 seconds left.
|
|t:|1658160956
|switch|p1a: ip teeth|Raikou|100/100
|move|p2a: Conkeldurr|Facade|p1a: ip teeth
|-damage|p1a: ip teeth|0 fnt
|faint|p1a: ip teeth
|
|-damage|p2a: Conkeldurr|94/100 brn|[from] brn
|upkeep
|inactive|Adaam has 20 seconds left this turn.
|
|t:|1658160961
|switch|p1a: shaka bulu|Tapu Bulu|100/100
|turn|26
|inactive|Adaam has 30 seconds left this turn.
|inactive|Adaam has 20 seconds left.
|
|t:|1658160976
|move|p1a: shaka bulu|Horn Leech|p2a: Conkeldurr
|-damage|p2a: Conkeldurr|52/100 brn
|move|p2a: Conkeldurr|Facade|p1a: shaka bulu
|-damage|p1a: shaka bulu|29/100
|
|-heal|p1a: shaka bulu|35/100|[from] Grassy Terrain
|-heal|p2a: Conkeldurr|58/100 brn|[from] Grassy Terrain
|-damage|p2a: Conkeldurr|52/100 brn|[from] brn
|upkeep
|turn|27
|inactive|Adaam has 30 seconds left this turn.
|
|t:|1658160985
|move|p1a: shaka bulu|Horn Leech|p2a: Conkeldurr
|-damage|p2a: Conkeldurr|5/100 brn
|-heal|p1a: shaka bulu|63/100|[from] drain|[of] p2a: Conkeldurr
|move|p2a: Conkeldurr|Facade|p1a: shaka bulu
|-damage|p1a: shaka bulu|0 fnt
|faint|p1a: shaka bulu
|
|win|TDK ✿
|inactive|Adaam has 30 seconds left this turn.
