|inactive|Battle timer is ON: inactive players will automatically lose when time's up.
|t:|1667334676
|gametype|singles
|player|p1|KM|#scl2foxes|
|player|p2|romanji ≛|courtney|
|teamsize|p1|6
|teamsize|p2|6
|gen|8
|tier|[Gen 8] UU
|rule|Sleep Clause Mod: Limit one foe put to sleep
|rule|Species Clause: Limit one of each Pokémon
|rule|OHKO Clause: OHKO moves are banned
|rule|Evasion Items Clause: Evasion items are banned
|rule|Evasion Moves Clause: Evasion moves are banned
|rule|Endless Battle Clause: Forcing endless battles is banned
|rule|HP Percentage Mod: HP is shown in percentages
|rule|Dynamax Clause: You cannot dynamax
|clearpoke
|poke|p1|Indeedee-F, F|
|poke|p1|Hitmonlee, M|
|poke|p1|Polteageist|
|poke|p1|Amoonguss, F|
|poke|p1|Kadabra, M|
|poke|p1|Cofagrigus, M|
|poke|p2|Excadrill, M|
|poke|p2|Cobalion|
|poke|p2|Salamence, M|
|poke|p2|Indeedee-F, F|
|poke|p2|Polteageist|
|poke|p2|Lycanroc-Dusk, F|
|teampreview
|c|☆KM|ah
|c|☆KM|LOOOOL
|c|+passion|..
|c|☆romanji ≛|we have cheesed eachother
|c|+passion|kill this tier
|c|☆romanji ≛|wait
|c|☆romanji ≛|i saw the 5th
|c|+passion|father
|inactive|KM has 270 seconds left.
|inactive|romanji ≛ has 270 seconds left.
|c|☆KM|wait
|c|☆KM|i made
|c|☆KM|oh ...
|c|☆KM|nvm
|
|t:|1667334729
|start
|switch|p1a: Indeedee|Indeedee-F, F|100/100
|switch|p2a: Excadrill|Excadrill, M|100/100
|-ability|p2a: Excadrill|Mold Breaker
|-fieldstart|move: Psychic Terrain|[from] ability: Psychic Surge|[of] p1a: Indeedee
|turn|1
|c|+Sage|bruh
|c|+passion|km 
|c|+passion|sister'
|
|t:|1667334751
|move|p2a: Excadrill|Stealth Rock|p1a: Indeedee
|-sidestart|p1: KM|move: Stealth Rock
|move|p1a: Indeedee|Mystical Fire|p2a: Excadrill
|-supereffective|p2a: Excadrill
|-damage|p2a: Excadrill|41/100
|-unboost|p2a: Excadrill|spa|1
|
|upkeep
|turn|2
|c|+passion|what the fuck is this man
|
|t:|1667334757
|switch|p1a: Amoonguss|Amoonguss, F|100/100
|-damage|p1a: Amoonguss|88/100|[from] Stealth Rock
|move|p2a: Excadrill|Rapid Spin|p1a: Amoonguss
|-damage|p1a: Amoonguss|68/100
|-boost|p2a: Excadrill|spe|1
|-enditem|p1a: Amoonguss|Eject Button
|c|+passion|meow
|
|t:|1667334774
|switch|p1a: Hitmonlee|Hitmonlee, M|100/100
|-damage|p1a: Hitmonlee|94/100|[from] Stealth Rock
|-enditem|p1a: Hitmonlee|Psychic Seed
|-boost|p1a: Hitmonlee|spd|1|[from] item: Psychic Seed
|
|upkeep
|turn|3
|c|☆romanji ≛|in
|
|t:|1667334784
|move|p1a: Hitmonlee|Bulk Up|p1a: Hitmonlee
|-boost|p1a: Hitmonlee|atk|1
|-boost|p1a: Hitmonlee|def|1
|move|p2a: Excadrill|Earthquake|p1a: Hitmonlee
|-damage|p1a: Hitmonlee|10/100
|
|upkeep
|turn|4
|c|☆KM|ummm that di d alot...
|c|+passion|bro 
|c|+passion|come on
|
|t:|1667334801
|move|p1a: Hitmonlee|Blaze Kick|p2a: Excadrill
|-supereffective|p2a: Excadrill
|-damage|p2a: Excadrill|0 fnt
|faint|p2a: Excadrill
|
|upkeep
|c|+passion|man
|
|t:|1667334814
|switch|p2a: Salamence|Salamence, M|100/100
|-ability|p2a: Salamence|Intimidate|boost
|-unboost|p1a: Hitmonlee|atk|1
|turn|5
|inactive|romanji ≛ has 270 seconds left.
|
|t:|1667334842
|move|p1a: Hitmonlee|Stone Edge|p2a: Salamence
|-supereffective|p2a: Salamence
|-damage|p2a: Salamence|14/100
|move|p2a: Salamence|Dual Wingbeat|p1a: Hitmonlee
|-supereffective|p1a: Hitmonlee
|-damage|p1a: Hitmonlee|0 fnt
|faint|p1a: Hitmonlee
|-hitcount|p1: Hitmonlee|1
|
|upkeep
|c|☆KM|ayo 86
|
|t:|1667334863
|switch|p1a: Kadabra|Kadabra, M|100/100
|turn|6
|
|t:|1667334869
|move|p1a: Kadabra|Expanding Force|p2a: Salamence
|-damage|p2a: Salamence|0 fnt
|faint|p2a: Salamence
|
|upkeep
|inactive|romanji ≛ has 270 seconds left.
|c|☆KM|kadabbed
|
|t:|1667334900
|switch|p2a: Cobalion|Cobalion|100/100
|turn|7
|
|t:|1667334913
|switch|p1a: Cofagrigus|Cofagrigus, M|100/100
|-damage|p1a: Cofagrigus|88/100|[from] Stealth Rock
|move|p2a: Cobalion|Rock Polish|p2a: Cobalion
|-boost|p2a: Cobalion|spe|2
|
|upkeep
|turn|8
|
|t:|1667334922
|move|p2a: Cobalion|Swords Dance|p2a: Cobalion
|-boost|p2a: Cobalion|atk|2
|move|p1a: Cofagrigus|Shadow Ball|p2a: Cobalion
|-damage|p2a: Cobalion|72/100
|-unboost|p2a: Cobalion|spd|1
|
|-fieldend|move: Psychic Terrain
|upkeep
|turn|9
|inactive|KM has 270 seconds left.
|
|t:|1667334959
|move|p2a: Cobalion|Stone Edge|p1a: Cofagrigus|[miss]
|-miss|p2a: Cobalion|p1a: Cofagrigus
|move|p1a: Cofagrigus|Shadow Ball|p2a: Cobalion
|-damage|p2a: Cobalion|23/100
|-unboost|p2a: Cobalion|spd|1
|
|upkeep
|turn|10
|c|☆KM|a
|inactive|KM has 270 seconds left.
|
|t:|1667334966
|move|p2a: Cobalion|Stone Edge|p1a: Cofagrigus
|-damage|p1a: Cofagrigus|53/100
|move|p1a: Cofagrigus|Shadow Ball|p2a: Cobalion
|-crit|p2a: Cobalion
|-damage|p2a: Cobalion|0 fnt
|faint|p2a: Cobalion
|
|upkeep
|inactive|romanji ≛ has 240 seconds left.
|c|☆romanji ≛|hm
|
|t:|1667335005
|switch|p2a: Polteageist|Polteageist|100/100
|turn|11
|inactive|romanji ≛ has 240 seconds left.
|
|t:|1667335011
|move|p2a: Polteageist|Substitute|p2a: Polteageist
|-start|p2a: Polteageist|Substitute
|-damage|p2a: Polteageist|76/100
|move|p1a: Cofagrigus|Shadow Ball|p2a: Polteageist
|-supereffective|p2a: Polteageist
|-end|p2a: Polteageist|Substitute
|
|upkeep
|turn|12
|
|t:|1667335018
|switch|p1a: Indeedee|Indeedee-F, F|100/100
|-damage|p1a: Indeedee|88/100|[from] Stealth Rock
|-fieldstart|move: Psychic Terrain|[from] ability: Psychic Surge|[of] p1a: Indeedee
|move|p2a: Polteageist|Substitute|p2a: Polteageist
|-start|p2a: Polteageist|Substitute
|-damage|p2a: Polteageist|51/100
|
|upkeep
|turn|13
|
|t:|1667335029
|move|p1a: Indeedee|Expanding Force|p2a: Polteageist
|-end|p2a: Polteageist|Substitute
|move|p2a: Polteageist|Shell Smash|p2a: Polteageist
|-unboost|p2a: Polteageist|def|1
|-unboost|p2a: Polteageist|spd|1
|-boost|p2a: Polteageist|atk|2
|-boost|p2a: Polteageist|spa|2
|-boost|p2a: Polteageist|spe|2
|-enditem|p2a: Polteageist|White Herb
|-clearnegativeboost|p2a: Polteageist|[silent]
|
|upkeep
|turn|14
|inactive|romanji ≛ has 240 seconds left.
|
|t:|1667335057
|move|p2a: Polteageist|Substitute|p2a: Polteageist
|-start|p2a: Polteageist|Substitute
|-damage|p2a: Polteageist|26/100
|move|p1a: Indeedee|Expanding Force|p2a: Polteageist
|-end|p2a: Polteageist|Substitute
|
|upkeep
|turn|15
|c|☆KM|i'm like
|c|☆KM|scared
|
|t:|1667335076
|move|p2a: Polteageist|Stored Power|p1a: Indeedee
|-resisted|p1a: Indeedee
|-damage|p1a: Indeedee|11/100
|move|p1a: Indeedee|Expanding Force|p2a: Polteageist
|-damage|p2a: Polteageist|0 fnt
|faint|p2a: Polteageist
|
|upkeep
|c|☆KM|nv
|c|☆KM|m
|
|t:|1667335088
|switch|p2a: Lycanroc|Lycanroc-Dusk, F|100/100
|turn|16
|
|t:|1667335105
|move|p2a: Lycanroc|Swords Dance|p2a: Lycanroc
|-boost|p2a: Lycanroc|atk|2
|move|p1a: Indeedee|Expanding Force|p2a: Lycanroc
|-damage|p2a: Lycanroc|1/100
|
|upkeep
|turn|17
|c|☆KM|not even sasah
|c|☆KM|sash
|c|+Sage|the evs
|c|☆KM|LOL
|
|t:|1667335121
|move|p2a: Lycanroc|Psychic Fangs|p1a: Indeedee
|-resisted|p1a: Indeedee
|-damage|p1a: Indeedee|0 fnt
|faint|p1a: Indeedee
|-damage|p2a: Lycanroc|0 fnt|[from] item: Life Orb
|faint|p2a: Lycanroc
|
|upkeep
|c|+passion|meow
|c|☆KM|wait
|c|☆KM|it literally
|c|☆KM|wasn't sash
|c|☆KM|LOL
|c|+passion|purr
|
|t:|1667335147
|switch|p2a: Indeedee|Indeedee-F, F|100/100
|switch|p1a: Kadabra|Kadabra, M|100/100
|turn|18
|c|☆romanji ≛|if this is someone's first time seeing a uu game
|c|+passion|*licks paws*
|c|☆romanji ≛|i wish them the best in life
|c|☆KM|can i 
|inactive|romanji ≛ has 210 seconds left.
|c|☆KM|expose my stupidity real quick
|
|t:|1667335167
|move|p1a: Kadabra|Expanding Force|p2a: Indeedee
|-resisted|p2a: Indeedee
|-damage|p2a: Indeedee|54/100
|move|p2a: Indeedee|Expanding Force|p1a: Kadabra
|-resisted|p1a: Kadabra
|-damage|p1a: Kadabra|32/100
|
|upkeep
|turn|19
|c|☆KM|i accidentally
|c|☆KM|copypasted
|c|☆KM|cofa wrong
|c|☆KM|!showset cofagrigus
|c|+KM|/raw <div class="infobox">Cofagrigus @ Grassy Seed  <br />Ability: Mummy  <br />EVs: 248 HP &#x2f; 240 Def &#x2f; 20 Spe  <br />Bold Nature  <br />IVs: 0 Atk  <br />- Calm Mind  <br />- Shadow Ball  <br />- Body Press  <br />- Rest  <br /><br /></div>
|inactive|romanji ≛ has 210 seconds left.
|c|☆romanji ≛|,
|c|+Sage|LOOOL
|inactive|KM has 270 seconds left.
|
|t:|1667335209
|move|p1a: Kadabra|Thunder Wave|p2a: Indeedee
|-status|p2a: Indeedee|par
|move|p2a: Indeedee|Expanding Force|p1a: Kadabra
|-resisted|p1a: Kadabra
|-damage|p1a: Kadabra|0 fnt
|faint|p1a: Kadabra
|
|-fieldend|move: Psychic Terrain
|upkeep
|
|t:|1667335219
|switch|p1a: Cofagrigus|Cofagrigus, M|53/100
|-damage|p1a: Cofagrigus|41/100|[from] Stealth Rock
|turn|20
|inactive|romanji ≛ has 210 seconds left.
|
|t:|1667335225
|cant|p2a: Indeedee|par
|move|p1a: Cofagrigus|Body Press|p2a: Indeedee
|-damage|p2a: Indeedee|0 fnt
|faint|p2a: Indeedee
|
|win|KM
