|inactive|Battle timer is ON: inactive players will automatically lose when time's up.
|t:|1654283726
|gametype|singles
|player|p1|DAL FRIDAY !!!!|preschoolers|
|player|p2|congelateur-sama|#fcpl4raichicheurs|
|teamsize|p1|6
|teamsize|p2|6
|gen|8
|tier|[Gen 8] UU
|rule|Sleep Clause Mod: Limit one foe put to sleep
|rule|Species Clause: Limit one of each Pokémon
|rule|OHKO Clause: OHKO moves are banned
|rule|Evasion Moves Clause: Evasion moves are banned
|rule|Endless Battle Clause: Forcing endless battles is banned
|rule|HP Percentage Mod: HP is shown in percentages
|rule|Dynamax Clause: You cannot dynamax
|clearpoke
|poke|p1|Scrafty, M|
|poke|p1|Slowbro-Galar, M|
|poke|p1|Azumarill, M|
|poke|p1|Skarmory, M|
|poke|p1|Rotom-Wash|
|poke|p1|Hippowdon, M|
|poke|p2|Moltres|
|poke|p2|Chansey, F|
|poke|p2|Aegislash, M|
|poke|p2|Rotom-Wash|
|poke|p2|Zygarde-10%|
|poke|p2|Amoonguss, F|
|teampreview
|c|☆congelateur-sama|hf
|c|☆DAL FRIDAY !!!!|u2 
|inactive|DAL FRIDAY !!!! has 270 seconds left.
|inactive|congelateur-sama has 270 seconds left.
|c|+KM|gaming af
|inactive|DAL FRIDAY !!!! has 240 seconds left.
|inactive|congelateur-sama has 240 seconds left.
|inactive|DAL FRIDAY !!!! has 210 seconds left.
|inactive|congelateur-sama has 210 seconds left.
|c|+dingbat|pants
|c|+hariyana grande|brexus?
|c|+hariyana grande|fathyiri?
|c|☆DAL FRIDAY !!!!|y 
|
|t:|1654283839
|start
|switch|p1a: Rotom|Rotom-Wash|100/100
|switch|p2a: Chansey|Chansey, F|100/100
|turn|1
|
|t:|1654283867
|switch|p2a: Amoonguss|Amoonguss, F|100/100
|move|p1a: Rotom|Volt Switch|p2a: Amoonguss
|-resisted|p2a: Amoonguss
|-damage|p2a: Amoonguss|89/100
|inactive|DAL FRIDAY !!!! has 240 seconds left.
|
|t:|1654283885
|switch|p1a: Scrafty|Scrafty, M|100/100|[from]move: Volt Switch
|
|-heal|p2a: Amoonguss|96/100|[from] item: Black Sludge
|upkeep
|turn|2
|inactive|DAL FRIDAY !!!! has 240 seconds left.
|
|t:|1654283893
|move|p1a: Scrafty|Knock Off|p2a: Amoonguss
|-damage|p2a: Amoonguss|70/100
|-enditem|p2a: Amoonguss|Black Sludge|[from] move: Knock Off|[of] p1a: Scrafty
|move|p2a: Amoonguss|Spore|p1a: Scrafty
|-status|p1a: Scrafty|slp|[from] move: Spore
|
|upkeep
|turn|3
|inactive|DAL FRIDAY !!!! has 240 seconds left.
|inactive|congelateur-sama has 270 seconds left.
|c|☆congelateur-sama|10/threat
|c|+KM|10 / threat
|c|+dingbat|threat/10
|
|t:|1654283927
|switch|p2a: Moltres|Moltres|100/100
|cant|p1a: Scrafty|slp
|
|upkeep
|turn|4
|
|t:|1654283936
|switch|p2a: Chansey|Chansey, F|100/100
|switch|p1a: Slowbro|Slowbro-Galar, M|100/100
|
|upkeep
|turn|5
|c|☆DAL FRIDAY !!!!|where kurumi fan club alt ? :( 
|inactive|DAL FRIDAY !!!! has 210 seconds left.
|c|☆congelateur-sama|damn
|c|☆congelateur-sama|we will watch after 
|
|t:|1654283983
|switch|p1a: Skarmory|Skarmory, M|100/100
|move|p2a: Chansey|Stealth Rock|p1a: Skarmory
|-sidestart|p1: DAL FRIDAY !!!!|move: Stealth Rock
|
|upkeep
|turn|6
|c|☆congelateur-sama|everyone here
|inactive|congelateur-sama has 270 seconds left.
|c|☆congelateur-sama|watch date a live
|
|t:|1654284005
|switch|p2a: Rotom|Rotom-Wash|100/100
|move|p1a: Skarmory|Spikes|p2a: Rotom
|-sidestart|p2: congelateur-sama|Spikes
|
|upkeep
|turn|7
|c|☆DAL FRIDAY !!!!|go watch date a live after this game 
|inactive|DAL FRIDAY !!!! has 180 seconds left.
|
|t:|1654284041
|switch|p1a: Slowbro|Slowbro-Galar, M|100/100
|-damage|p1a: Slowbro|88/100|[from] Stealth Rock
|move|p2a: Rotom|Volt Switch|p1a: Slowbro
|-crit|p1a: Slowbro
|-damage|p1a: Slowbro|64/100
|inactive|congelateur-sama has 240 seconds left.
|
|t:|1654284077
|switch|p2a: Zygarde|Zygarde-10%|100/100|[from]move: Volt Switch
|-damage|p2a: Zygarde|88/100|[from] Spikes
|-ability|p2a: Zygarde|Aura Break
|
|upkeep
|turn|8
|
|t:|1654284086
|switch|p1a: Hippowdon|Hippowdon, M|100/100
|-damage|p1a: Hippowdon|94/100|[from] Stealth Rock
|-weather|Sandstorm|[from] ability: Sand Stream|[of] p1a: Hippowdon
|move|p2a: Zygarde|Thousand Arrows|p1a: Hippowdon
|-damage|p1a: Hippowdon|64/100
|
|-weather|Sandstorm|[upkeep]
|-heal|p1a: Hippowdon|70/100|[from] item: Leftovers
|upkeep
|turn|9
|
|t:|1654284106
|switch|p2a: Rotom|Rotom-Wash|100/100
|move|p1a: Hippowdon|Slack Off|p1a: Hippowdon
|-heal|p1a: Hippowdon|100/100
|
|-weather|Sandstorm|[upkeep]
|-damage|p2a: Rotom|94/100|[from] Sandstorm
|upkeep
|turn|10
|inactive|DAL FRIDAY !!!! has 180 seconds left.
|inactive|congelateur-sama has 210 seconds left.
|
|t:|1654284144
|switch|p1a: Rotom|Rotom-Wash|100/100
|-damage|p1a: Rotom|88/100|[from] Stealth Rock
|move|p2a: Rotom|Volt Switch|p1a: Rotom
|-damage|p1a: Rotom|62/100
|inactive|congelateur-sama has 180 seconds left.
|inactive|congelateur-sama has 150 seconds left.
|inactive|congelateur-sama has 120 seconds left.
|c|+Micciu20250|L’épisode est incroyable fathi
|c|+Micciu20250|👍
|
|t:|1654284247
|switch|p2a: Zygarde|Zygarde-10%|88/100|[from]move: Volt Switch
|-damage|p2a: Zygarde|76/100|[from] Spikes
|-ability|p2a: Zygarde|Aura Break
|
|-weather|Sandstorm|[upkeep]
|-damage|p1a: Rotom|56/100|[from] Sandstorm
|upkeep
|turn|11
|c|+pokemonisfun|go FRIENDS
|inactive|DAL FRIDAY !!!! has 150 seconds left.
|c|☆DAL FRIDAY !!!!|micciu plz don't spoil date a live ty :pouss: 
|
|t:|1654284287
|switch|p1a: Hippowdon|Hippowdon, M|100/100
|-damage|p1a: Hippowdon|94/100|[from] Stealth Rock
|switch|p2a: Rotom|Rotom-Wash|94/100
|
|-weather|Sandstorm|[upkeep]
|-damage|p2a: Rotom|88/100|[from] Sandstorm
|-heal|p1a: Hippowdon|100/100|[from] item: Leftovers
|upkeep
|turn|12
|inactive|DAL FRIDAY !!!! has 150 seconds left.
|c|+Micciu20250|Je dis rien 🙏
|c|+Micciu20250|no talk
|c|+dingbat|:pouss:
|inactive|congelateur-sama has 90 seconds left.
|c|+Micciu20250|:pouss:
|
|t:|1654284320
|switch|p1a: Slowbro|Slowbro-Galar, M|98/100
|-damage|p1a: Slowbro|85/100|[from] Stealth Rock
|move|p2a: Rotom|Trick|p1a: Slowbro
|-activate|p2a: Rotom|move: Trick|[of] p1a: Slowbro
|-item|p1a: Slowbro|Choice Scarf|[from] move: Trick
|-item|p2a: Rotom|Assault Vest|[from] move: Trick
|
|-weather|none
|upkeep
|turn|13
|inactive|DAL FRIDAY !!!! has 150 seconds left.
|inactive|DAL FRIDAY !!!! has 120 seconds left.
|
|t:|1654284356
|move|p2a: Rotom|Volt Switch|p1a: Slowbro
|-damage|p1a: Slowbro|62/100
|
|t:|1654284362
|switch|p2a: Amoonguss|Amoonguss, F|100/100|[from]move: Volt Switch
|-damage|p2a: Amoonguss|88/100|[from] Spikes
|move|p1a: Slowbro|Psyshock|p2a: Amoonguss
|-supereffective|p2a: Amoonguss
|-damage|p2a: Amoonguss|37/100
|
|upkeep
|turn|14
|inactive|DAL FRIDAY !!!! has 120 seconds left.
|
|t:|1654284383
|switch|p1a: Scrafty|Scrafty, M|100/100 slp
|-damage|p1a: Scrafty|95/100 slp|[from] Stealth Rock
|switch|p2a: Moltres|Moltres|100/100
|
|-heal|p1a: Scrafty|100/100 slp|[from] item: Leftovers
|upkeep
|turn|15
|inactive|DAL FRIDAY !!!! has 120 seconds left.
|inactive|DAL FRIDAY !!!! has 90 seconds left.
|
|t:|1654284438
|switch|p1a: Slowbro|Slowbro-Galar, M|95/100
|-damage|p1a: Slowbro|83/100|[from] Stealth Rock
|move|p2a: Moltres|Hurricane|p1a: Slowbro
|-damage|p1a: Slowbro|38/100
|
|upkeep
|turn|16
|inactive|congelateur-sama has 90 seconds left.
|
|t:|1654284479
|switch|p1a: Rotom|Rotom-Wash|56/100
|-damage|p1a: Rotom|43/100|[from] Stealth Rock
|move|p2a: Moltres|Hurricane|p1a: Rotom
|-resisted|p1a: Rotom
|-damage|p1a: Rotom|18/100
|
|upkeep
|turn|17
|c|+pokemonisfun|ban this moltres form too
|c|+pokemonisfun|tbh
|
|t:|1654284496
|move|p1a: Rotom|Trick|p2a: Moltres
|-activate|p1a: Rotom|move: Trick|[of] p2a: Moltres
|-item|p2a: Moltres|Choice Scarf|[from] move: Trick
|-item|p1a: Rotom|Heavy-Duty Boots|[from] move: Trick
|move|p2a: Moltres|Hurricane|p1a: Rotom
|-resisted|p1a: Rotom
|-damage|p1a: Rotom|0 fnt
|faint|p1a: Rotom
|
|upkeep
|
|t:|1654284503
|switch|p1a: Hippowdon|Hippowdon, M|100/100
|-damage|p1a: Hippowdon|94/100|[from] Stealth Rock
|-weather|Sandstorm|[from] ability: Sand Stream|[of] p1a: Hippowdon
|turn|18
|
|t:|1654284518
|move|p2a: Moltres|Hurricane|p1a: Hippowdon|[miss]
|-miss|p2a: Moltres|p1a: Hippowdon
|move|p1a: Hippowdon|Stealth Rock|p2a: Moltres
|-sidestart|p2: congelateur-sama|move: Stealth Rock
|
|-weather|Sandstorm|[upkeep]
|-damage|p2a: Moltres|94/100|[from] Sandstorm
|-heal|p1a: Hippowdon|100/100|[from] item: Leftovers
|upkeep
|turn|19
|
|t:|1654284523
|move|p2a: Moltres|Hurricane|p1a: Hippowdon
|-damage|p1a: Hippowdon|49/100
|-start|p1a: Hippowdon|confusion
|-activate|p1a: Hippowdon|confusion
|move|p1a: Hippowdon|Toxic|p2a: Moltres
|-status|p2a: Moltres|tox
|
|-weather|Sandstorm|[upkeep]
|-damage|p2a: Moltres|88/100 tox|[from] Sandstorm
|-heal|p1a: Hippowdon|55/100|[from] item: Leftovers
|-damage|p2a: Moltres|82/100 tox|[from] psn
|upkeep
|turn|20
|c|☆congelateur-sama|perdemos
|
|t:|1654284535
|move|p2a: Moltres|Hurricane|p1a: Hippowdon
|-damage|p1a: Hippowdon|0 fnt
|faint|p1a: Hippowdon
|
|-weather|Sandstorm|[upkeep]
|-damage|p2a: Moltres|76/100 tox|[from] Sandstorm
|-damage|p2a: Moltres|64/100 tox|[from] psn
|upkeep
|
|t:|1654284540
|switch|p1a: Slowbro|Slowbro-Galar, M|71/100
|-damage|p1a: Slowbro|59/100|[from] Stealth Rock
|turn|21
|c|☆congelateur-sama|oh
|c|☆congelateur-sama|season save
|c|+pokemonisfun|ganhamos
|inactive|DAL FRIDAY !!!! has 60 seconds left.
|
|t:|1654284570
|move|p2a: Moltres|Hurricane|p1a: Slowbro|[miss]
|-miss|p2a: Moltres|p1a: Slowbro
|move|p1a: Slowbro|Future Sight|p2a: Moltres
|-start|p1a: Slowbro|move: Future Sight
|
|-weather|Sandstorm|[upkeep]
|-damage|p2a: Moltres|58/100 tox|[from] Sandstorm
|-damage|p1a: Slowbro|53/100|[from] Sandstorm
|-damage|p2a: Moltres|39/100 tox|[from] psn
|upkeep
|turn|22
|inactive|DAL FRIDAY !!!! has 60 seconds left.
|c|☆congelateur-sama|he has sand on his eyes
|inactive|DAL FRIDAY !!!! has 30 seconds left.
|
|t:|1654284613
|switch|p1a: Skarmory|Skarmory, M|100/100
|-damage|p1a: Skarmory|88/100|[from] Stealth Rock
|move|p2a: Moltres|Hurricane|p1a: Skarmory|[miss]
|-miss|p2a: Moltres|p1a: Skarmory
|
|-weather|none
|-damage|p2a: Moltres|15/100 tox|[from] psn
|upkeep
|turn|23
|
|t:|1654284620
|switch|p1a: Slowbro|Slowbro-Galar, M|86/100
|-damage|p1a: Slowbro|73/100|[from] Stealth Rock
|move|p2a: Moltres|Hurricane|p1a: Slowbro
|-damage|p1a: Slowbro|24/100
|
|-end|p2a: Moltres|move: Future Sight
|-damage|p2a: Moltres|0 fnt
|faint|p2a: Moltres
|upkeep
|
|t:|1654284641
|switch|p2a: Zygarde|Zygarde-10%|76/100
|-damage|p2a: Zygarde|63/100|[from] Spikes
|-damage|p2a: Zygarde|57/100|[from] Stealth Rock
|-ability|p2a: Zygarde|Aura Break
|turn|24
|c|+pokemonisfun|6 out of 9 hurrianes hit correct?
|c|+pokemonisfun|this game is statistical perfection
|inactive|DAL FRIDAY !!!! has 30 seconds left.
|inactive|DAL FRIDAY !!!! has 20 seconds left.
|
|t:|1654284674
|move|p2a: Zygarde|Thousand Arrows|p1a: Slowbro
|-supereffective|p1a: Slowbro
|-damage|p1a: Slowbro|0 fnt
|faint|p1a: Slowbro
|
|upkeep
|inactive|DAL FRIDAY !!!! has 25 seconds left this turn.
|
|t:|1654284675
|switch|p1a: Azumarill|Azumarill, M|100/100
|-damage|p1a: Azumarill|88/100|[from] Stealth Rock
|turn|25
|inactive|DAL FRIDAY !!!! has 30 seconds left.
|inactive|congelateur-sama has 120 seconds left.
|
|t:|1654284693
|switch|p2a: Rotom|Rotom-Wash|88/100
|-damage|p2a: Rotom|75/100|[from] Stealth Rock
|move|p1a: Azumarill|Liquidation|p2a: Rotom
|-resisted|p2a: Rotom
|-damage|p2a: Rotom|35/100
|
|upkeep
|turn|26
|inactive|DAL FRIDAY !!!! has 30 seconds left.
|
|t:|1654284706
|move|p2a: Rotom|Volt Switch|p1a: Azumarill
|-supereffective|p1a: Azumarill
|-damage|p1a: Azumarill|24/100
|inactive|DAL FRIDAY !!!! has 30 seconds left this turn.
|inactive|congelateur-sama has 120 seconds left.
|
|t:|1654284734
|switch|p2a: Chansey|Chansey, F|100/100|[from]move: Volt Switch
|-damage|p2a: Chansey|88/100|[from] Spikes
|-damage|p2a: Chansey|76/100|[from] Stealth Rock
|move|p1a: Azumarill|Liquidation|p2a: Chansey
|-damage|p2a: Chansey|24/100
|
|upkeep
|turn|27
|
|t:|1654284744
|move|p1a: Azumarill|Liquidation|p2a: Chansey
|-damage|p2a: Chansey|0 fnt
|faint|p2a: Chansey
|
|upkeep
|
|t:|1654284749
|switch|p2a: Rotom|Rotom-Wash|35/100
|-damage|p2a: Rotom|23/100|[from] Stealth Rock
|turn|28
|
|t:|1654284760
|switch|p1a: Scrafty|Scrafty, M|100/100 slp
|-damage|p1a: Scrafty|95/100 slp|[from] Stealth Rock
|move|p2a: Rotom|Volt Switch|p1a: Scrafty
|-damage|p1a: Scrafty|77/100 slp
|inactive|congelateur-sama has 120 seconds left.
|
|t:|1654284767
|switch|p2a: Zygarde|Zygarde-10%|57/100|[from]move: Volt Switch
|-damage|p2a: Zygarde|45/100|[from] Spikes
|-damage|p2a: Zygarde|39/100|[from] Stealth Rock
|-ability|p2a: Zygarde|Aura Break
|
|-heal|p1a: Scrafty|83/100 slp|[from] item: Leftovers
|upkeep
|turn|29
|
|t:|1654284792
|switch|p1a: Skarmory|Skarmory, M|88/100
|-damage|p1a: Skarmory|76/100|[from] Stealth Rock
|move|p2a: Zygarde|Thousand Arrows|p1a: Skarmory
|-damage|p1a: Skarmory|39/100
|-start|p1a: Skarmory|Smack Down
|
|upkeep
|turn|30
|
|t:|1654284797
|move|p2a: Zygarde|Thousand Arrows|p1a: Skarmory
|-supereffective|p1a: Skarmory
|-damage|p1a: Skarmory|0 fnt
|faint|p1a: Skarmory
|
|upkeep
|
|t:|1654284801
|switch|p1a: Azumarill|Azumarill, M|24/100
|-damage|p1a: Azumarill|12/100|[from] Stealth Rock
|turn|31
|
|t:|1654284807
|switch|p2a: Rotom|Rotom-Wash|23/100
|-damage|p2a: Rotom|10/100|[from] Stealth Rock
|move|p1a: Azumarill|Aqua Jet|p2a: Rotom
|-resisted|p2a: Rotom
|-damage|p2a: Rotom|0 fnt
|faint|p2a: Rotom
|
|upkeep
|
|t:|1654284818
|switch|p2a: Amoonguss|Amoonguss, F|70/100
|-damage|p2a: Amoonguss|57/100|[from] Spikes
|-damage|p2a: Amoonguss|45/100|[from] Stealth Rock
|turn|32
|
|t:|1654284825
|switch|p1a: Scrafty|Scrafty, M|83/100 slp
|-damage|p1a: Scrafty|77/100 slp|[from] Stealth Rock
|move|p2a: Amoonguss|Sludge Bomb|p1a: Scrafty
|-damage|p1a: Scrafty|60/100 slp
|
|-heal|p1a: Scrafty|66/100 slp|[from] item: Leftovers
|upkeep
|turn|33
|
|t:|1654284829
|switch|p2a: Zygarde|Zygarde-10%|39/100
|-damage|p2a: Zygarde|26/100|[from] Spikes
|-damage|p2a: Zygarde|20/100|[from] Stealth Rock
|-ability|p2a: Zygarde|Aura Break
|cant|p1a: Scrafty|slp
|
|-heal|p1a: Scrafty|72/100 slp|[from] item: Leftovers
|upkeep
|turn|34
|
|t:|1654284841
|move|p2a: Zygarde|Thousand Arrows|p1a: Scrafty
|-damage|p1a: Scrafty|19/100 slp
|cant|p1a: Scrafty|slp
|
|-activate|p1a: Scrafty|ability: Shed Skin
|-curestatus|p1a: Scrafty|slp|[msg]
|-heal|p1a: Scrafty|25/100|[from] item: Leftovers
|upkeep
|turn|35
|
|t:|1654284845
|move|p2a: Zygarde|Thousand Arrows|p1a: Scrafty
|-damage|p1a: Scrafty|0 fnt
|faint|p1a: Scrafty
|
|upkeep
|c|☆congelateur-sama|gg
|c|☆DAL FRIDAY !!!!|gg 
|c|+KM|most bm shed dskin
|c|+KM|ever
|inactive|DAL FRIDAY !!!! has 90 seconds left.
|-message|DAL FRIDAY !!!! forfeited.
|
|win|congelateur-sama
