|inactive|Battle timer is ON: inactive players will automatically lose when time's up.
|t:|1664653645
|gametype|singles
|player|p1|Highways|#uuplxsisters|
|player|p2|KSt3ve|#scl2dynamos|
|teamsize|p1|6
|teamsize|p2|6
|gen|8
|tier|[Gen 8] UU
|rule|Sleep Clause Mod: Limit one foe put to sleep
|rule|Species Clause: Limit one of each Pokémon
|rule|OHKO Clause: OHKO moves are banned
|rule|Evasion Items Clause: Evasion items are banned
|rule|Evasion Moves Clause: Evasion moves are banned
|rule|Endless Battle Clause: Forcing endless battles is banned
|rule|HP Percentage Mod: HP is shown in percentages
|rule|Dynamax Clause: You cannot dynamax
|clearpoke
|poke|p1|Cobalion|
|poke|p1|Hydreigon, M|
|poke|p1|Swampert, M|
|poke|p1|Chandelure, M|
|poke|p1|Tapu Bulu|
|poke|p1|Crobat, F|
|poke|p2|Excadrill, M|
|poke|p2|Necrozma|
|poke|p2|Salamence, M|
|poke|p2|Gyarados, M|
|poke|p2|Scizor, M|
|poke|p2|Nihilego|
|teampreview
|c|☆KSt3ve|hf
|c|☆Highways|hf
|inactive|Highways has 270 seconds left.
|inactive|KSt3ve has 270 seconds left.
|
|t:|1664653690
|start
|switch|p1a: cachorro da agua|Swampert, M|100/100
|switch|p2a: Excadrill|Excadrill, M|100/100
|-ability|p2a: Excadrill|Mold Breaker
|turn|1
|
|t:|1664653715
|move|p2a: Excadrill|Stealth Rock|p1a: cachorro da agua
|-sidestart|p1: Highways|move: Stealth Rock
|move|p1a: cachorro da agua|Flip Turn|p2a: Excadrill
|-supereffective|p2a: Excadrill
|-damage|p2a: Excadrill|35/100
|
|t:|1664653720
|switch|p1a: cavalo|Cobalion|100/100|[from]move: Flip Turn
|-damage|p1a: cavalo|97/100|[from] Stealth Rock
|
|upkeep
|turn|2
|
|t:|1664653724
|move|p1a: cavalo|Close Combat|p2a: Excadrill
|-supereffective|p2a: Excadrill
|-damage|p2a: Excadrill|0 fnt
|-unboost|p1a: cavalo|def|1
|-unboost|p1a: cavalo|spd|1
|faint|p2a: Excadrill
|
|upkeep
|inactive|KSt3ve has 270 seconds left.
|
|t:|1664653771
|switch|p2a: Necrozma|Necrozma|100/100
|turn|3
|
|t:|1664653779
|switch|p1a: tubarão que voa|Hydreigon, M|100/100
|-damage|p1a: tubarão que voa|88/100|[from] Stealth Rock
|move|p2a: Necrozma|Dragon Dance|p2a: Necrozma
|-boost|p2a: Necrozma|atk|1
|-boost|p2a: Necrozma|spe|1
|
|-heal|p1a: tubarão que voa|94/100|[from] item: Leftovers
|upkeep
|turn|4
|inactive|KSt3ve has 270 seconds left.
|inactive|Highways has 270 seconds left.
|c|+blarghlfarghl|gg
|raw|<div class="broadcast-red"><strong>Moderated chat was set to ☆!</strong><br />Only users of rank ☆ and higher can talk.</div>
|
|t:|1664653837
|move|p2a: Necrozma|X-Scissor|p1a: tubarão que voa
|-supereffective|p1a: tubarão que voa
|-damage|p1a: tubarão que voa|25/100
|move|p1a: tubarão que voa|Dark Pulse|p2a: Necrozma
|-supereffective|p2a: Necrozma
|-damage|p2a: Necrozma|28/100
|
|-heal|p1a: tubarão que voa|31/100|[from] item: Leftovers
|upkeep
|turn|5
|
|t:|1664653843
|switch|p1a: cavalo|Cobalion|97/100
|-damage|p1a: cavalo|94/100|[from] Stealth Rock
|move|p2a: Necrozma|X-Scissor|p1a: cavalo
|-resisted|p1a: cavalo
|-damage|p1a: cavalo|86/100
|-damage|p2a: Necrozma|11/100|[from] item: Rocky Helmet|[of] p1a: cavalo
|
|upkeep
|turn|6
|inactive|Highways has 240 seconds left.
|inactive|KSt3ve has 270 seconds left.
|inactive|Highways has 210 seconds left.
|inactive|Highways has 180 seconds left.
|inactive|Highways has 150 seconds left.
|inactive|Highways has 120 seconds left.
|
|t:|1664653990
|move|p2a: Necrozma|Heat Wave|p1a: cavalo
|-supereffective|p1a: cavalo
|-damage|p1a: cavalo|7/100
|move|p1a: cavalo|Iron Head|p2a: Necrozma
|-damage|p2a: Necrozma|0 fnt
|faint|p2a: Necrozma
|
|upkeep
|inactive|KSt3ve has 240 seconds left.
|
|t:|1664654012
|switch|p2a: Salamence|Salamence, M|100/100
|turn|7
|
|t:|1664654015
|move|p1a: cavalo|Thunder Wave|p2a: Salamence
|-status|p2a: Salamence|par
|-enditem|p2a: Salamence|Lum Berry|[eat]
|-curestatus|p2a: Salamence|par|[msg]
|move|p2a: Salamence|Dragon Dance|p2a: Salamence
|-boost|p2a: Salamence|atk|1
|-boost|p2a: Salamence|spe|1
|
|upkeep
|turn|8
|inactive|KSt3ve has 240 seconds left.
|
|t:|1664654031
|move|p2a: Salamence|Dual Wingbeat|p1a: cavalo
|-damage|p1a: cavalo|0 fnt
|-damage|p2a: Salamence|84/100|[from] item: Rocky Helmet|[of] p1a: cavalo
|faint|p1a: cavalo
|-ability|p2a: Salamence|Moxie|boost
|-boost|p2a: Salamence|atk|1
|-hitcount|p1: cavalo|1
|
|upkeep
|
|t:|1664654034
|switch|p1a: cachorro da agua|Swampert, M|100/100
|-damage|p1a: cachorro da agua|94/100|[from] Stealth Rock
|turn|9
|
|t:|1664654050
|move|p2a: Salamence|Outrage|p1a: cachorro da agua
|-damage|p1a: cachorro da agua|0 fnt
|faint|p1a: cachorro da agua
|-ability|p2a: Salamence|Moxie|boost
|-boost|p2a: Salamence|atk|1
|
|upkeep
|
|t:|1664654052
|switch|p1a: homem da grama|Tapu Bulu|100/100
|-damage|p1a: homem da grama|88/100|[from] Stealth Rock
|-fieldstart|move: Grassy Terrain|[from] ability: Grassy Surge|[of] p1a: homem da grama
|turn|10
|c|☆Highways|gg
|inactive|Highways has 120 seconds left.
|
|t:|1664654098
|move|p2a: Salamence|Outrage|p1a: homem da grama|[from]lockedmove
|-immune|p1a: homem da grama
|-start|p2a: Salamence|confusion|[fatigue]
|move|p1a: homem da grama|Toxic|p2a: Salamence
|-status|p2a: Salamence|tox
|
|-heal|p1a: homem da grama|94/100|[from] Grassy Terrain
|-damage|p2a: Salamence|78/100 tox|[from] psn
|upkeep
|turn|11
|
|t:|1664654109
|switch|p1a: morcego do tóxico|Crobat, F|100/100
|-activate|p2a: Salamence|confusion
|move|p2a: Salamence|Dual Wingbeat|p1a: morcego do tóxico
|-damage|p1a: morcego do tóxico|35/100
|-damage|p1a: morcego do tóxico|0 fnt
|faint|p1a: morcego do tóxico
|-ability|p2a: Salamence|Moxie|boost
|-boost|p2a: Salamence|atk|1
|-hitcount|p1: morcego do tóxico|2
|
|-damage|p2a: Salamence|66/100 tox|[from] psn
|upkeep
|
|t:|1664654113
|switch|p1a: homem da grama|Tapu Bulu|94/100
|-damage|p1a: homem da grama|82/100|[from] Stealth Rock
|turn|12
|
|t:|1664654117
|-end|p2a: Salamence|confusion
|move|p2a: Salamence|Dual Wingbeat|p1a: homem da grama
|-supereffective|p1a: homem da grama
|-damage|p1a: homem da grama|0 fnt
|faint|p1a: homem da grama
|-ability|p2a: Salamence|Moxie|boost
|-boost|p2a: Salamence|atk|1
|-hitcount|p1: homem da grama|1
|
|-damage|p2a: Salamence|48/100 tox|[from] psn
|upkeep
|
|t:|1664654120
|switch|p1a: lustre|Chandelure, M|100/100
|-damage|p1a: lustre|76/100|[from] Stealth Rock
|turn|13
|
|t:|1664654123
|move|p2a: Salamence|Outrage|p1a: lustre
|-damage|p1a: lustre|0 fnt
|faint|p1a: lustre
|-ability|p2a: Salamence|Moxie|boost
|-boost|p2a: Salamence|atk|1
|
|-damage|p2a: Salamence|23/100 tox|[from] psn
|upkeep
|-message|Highways forfeited.
|
|win|KSt3ve
|c|☆KSt3ve|gg
