|inactive|Battle timer is ON: inactive players will automatically lose when time's up.
|t:|1666552161
|gametype|singles
|player|p1|pokemonisfun|#uutrio2ladder|
|player|p2|kythr|candice|
|teamsize|p1|6
|teamsize|p2|6
|gen|8
|tier|[Gen 8] UU
|rule|Sleep Clause Mod: Limit one foe put to sleep
|rule|Species Clause: Limit one of each Pokémon
|rule|OHKO Clause: OHKO moves are banned
|rule|Evasion Items Clause: Evasion items are banned
|rule|Evasion Moves Clause: Evasion moves are banned
|rule|Endless Battle Clause: Forcing endless battles is banned
|rule|HP Percentage Mod: HP is shown in percentages
|rule|Dynamax Clause: You cannot dynamax
|clearpoke
|poke|p1|Necrozma|
|poke|p1|Krookodile, M|
|poke|p1|Rotom-Wash|
|poke|p1|Registeel|
|poke|p1|Tapu Bulu|
|poke|p1|Salamence, F|
|poke|p2|Cobalion|
|poke|p2|Slowbro-Galar, F|
|poke|p2|Gyarados, F|
|poke|p2|Scolipede, F|
|poke|p2|Zygarde-10%|
|poke|p2|Polteageist-Antique|
|teampreview
|c|☆kythr|glhf
|c|☆pokemonisfun|glhf
|inactive|pokemonisfun has 270 seconds left.
|inactive|kythr has 270 seconds left.
|inactive|kythr has 240 seconds left.
|inactive|kythr has 210 seconds left.
|inactive|kythr has 180 seconds left.
|inactive|kythr has 150 seconds left.
|inactive|kythr has 120 seconds left.
|
|t:|1666552354
|start
|switch|p1a: Rotom|Rotom-Wash|100/100
|switch|p2a: Scolipede|Scolipede, F|100/100
|turn|1
|
|t:|1666552361
|move|p2a: Scolipede|Spikes|p1a: Rotom
|-sidestart|p1: pokemonisfun|Spikes
|move|p1a: Rotom|Will-O-Wisp|p2a: Scolipede|[miss]
|-miss|p1a: Rotom|p2a: Scolipede
|
|-ability|p2a: Scolipede|Speed Boost|boost
|-boost|p2a: Scolipede|spe|1
|upkeep
|turn|2
|inactive|kythr has 180 seconds left.
|
|t:|1666552390
|move|p2a: Scolipede|Poison Jab|p1a: Rotom
|-damage|p1a: Rotom|63/100
|move|p1a: Rotom|Will-O-Wisp|p2a: Scolipede
|-status|p2a: Scolipede|brn
|
|-heal|p1a: Rotom|69/100|[from] item: Leftovers
|-damage|p2a: Scolipede|94/100 brn|[from] brn
|-ability|p2a: Scolipede|Speed Boost|boost
|-boost|p2a: Scolipede|spe|1
|upkeep
|turn|3
|
|t:|1666552395
|switch|p1a: Necrozma|Necrozma|100/100
|-damage|p1a: Necrozma|88/100|[from] Spikes
|move|p2a: Scolipede|Spikes|p1a: Necrozma
|-sidestart|p1: pokemonisfun|Spikes
|
|-damage|p2a: Scolipede|88/100 brn|[from] brn
|-ability|p2a: Scolipede|Speed Boost|boost
|-boost|p2a: Scolipede|spe|1
|upkeep
|turn|4
|inactive|kythr has 150 seconds left.
|inactive|kythr has 120 seconds left.
|
|t:|1666552481
|move|p2a: Scolipede|Poison Jab|p1a: Necrozma
|-damage|p1a: Necrozma|76/100
|-status|p1a: Necrozma|psn
|-enditem|p1a: Necrozma|Lum Berry|[eat]
|-curestatus|p1a: Necrozma|psn|[msg]
|move|p1a: Necrozma|Calm Mind|p1a: Necrozma
|-boost|p1a: Necrozma|spa|1
|-boost|p1a: Necrozma|spd|1
|
|-damage|p2a: Scolipede|82/100 brn|[from] brn
|-ability|p2a: Scolipede|Speed Boost|boost
|-boost|p2a: Scolipede|spe|1
|upkeep
|turn|5
|inactive|pokemonisfun has 270 seconds left.
|
|t:|1666552526
|move|p2a: Scolipede|Endeavor|p1a: Necrozma
|-damage|p1a: Necrozma|48/100
|move|p1a: Necrozma|Calm Mind|p1a: Necrozma
|-boost|p1a: Necrozma|spa|1
|-boost|p1a: Necrozma|spd|1
|
|-damage|p2a: Scolipede|76/100 brn|[from] brn
|-ability|p2a: Scolipede|Speed Boost|boost
|-boost|p2a: Scolipede|spe|1
|upkeep
|turn|6
|inactive|pokemonisfun has 240 seconds left.
|
|t:|1666552566
|move|p2a: Scolipede|Poison Jab|p1a: Necrozma
|-damage|p1a: Necrozma|36/100
|-status|p1a: Necrozma|psn
|move|p1a: Necrozma|Calm Mind|p1a: Necrozma
|-boost|p1a: Necrozma|spa|1
|-boost|p1a: Necrozma|spd|1
|
|-damage|p1a: Necrozma|24/100 psn|[from] psn
|-damage|p2a: Scolipede|70/100 brn|[from] brn
|-ability|p2a: Scolipede|Speed Boost|boost
|-boost|p2a: Scolipede|spe|1
|upkeep
|turn|7
|
|t:|1666552574
|move|p2a: Scolipede|Spikes|p1a: Necrozma
|-sidestart|p1: pokemonisfun|Spikes
|move|p1a: Necrozma|Moonlight|p1a: Necrozma
|-heal|p1a: Necrozma|74/100 psn
|
|-damage|p1a: Necrozma|62/100 psn|[from] psn
|-damage|p2a: Scolipede|64/100 brn|[from] brn
|upkeep
|turn|8
|inactive|pokemonisfun has 240 seconds left.
|
|t:|1666552597
|move|p2a: Scolipede|Endeavor|p1a: Necrozma
|-damage|p1a: Necrozma|37/100 psn
|move|p1a: Necrozma|Photon Geyser|p2a: Scolipede
|-supereffective|p2a: Scolipede
|-damage|p2a: Scolipede|0 fnt
|faint|p2a: Scolipede
|
|-damage|p1a: Necrozma|25/100 psn|[from] psn
|upkeep
|inactive|kythr has 120 seconds left.
|inactive|kythr has 90 seconds left.
|inactive|kythr has 60 seconds left.
|
|t:|1666552675
|switch|p2a: Polteageist|Polteageist-Antique|100/100
|turn|9
|inactive|pokemonisfun has 240 seconds left.
|
|t:|1666552692
|move|p2a: Polteageist|Shadow Ball|p1a: Necrozma
|-supereffective|p1a: Necrozma
|-damage|p1a: Necrozma|0 fnt
|faint|p1a: Necrozma
|
|upkeep
|inactive|pokemonisfun has 210 seconds left.
|inactive|pokemonisfun has 180 seconds left.
|
|t:|1666552772
|switch|p1a: Salamence|Salamence, F|100/100
|-ability|p1a: Salamence|Intimidate|boost
|-unboost|p2a: Polteageist|atk|1
|-enditem|p2a: Polteageist|White Herb
|-clearnegativeboost|p2a: Polteageist|[silent]
|turn|10
|inactive|kythr has 60 seconds left.
|inactive|pokemonisfun has 150 seconds left.
|inactive|kythr has 30 seconds left.
|
|t:|1666552813
|move|p1a: Salamence|Defog|p2a: Polteageist
|-unboost|p2a: Polteageist|evasion|1
|-sideend|p1: pokemonisfun|Spikes|[from] move: Defog|[of] p1a: Salamence
|move|p2a: Polteageist|Shell Smash|p2a: Polteageist
|-unboost|p2a: Polteageist|def|1
|-unboost|p2a: Polteageist|spd|1
|-boost|p2a: Polteageist|atk|2
|-boost|p2a: Polteageist|spa|2
|-boost|p2a: Polteageist|spe|2
|
|upkeep
|turn|11
|inactive|pokemonisfun has 120 seconds left.
|
|t:|1666552839
|move|p2a: Polteageist|Shadow Ball|p1a: Salamence
|-damage|p1a: Salamence|5/100
|-unboost|p1a: Salamence|spd|1
|move|p1a: Salamence|Toxic|p2a: Polteageist
|-status|p2a: Polteageist|tox
|
|-damage|p2a: Polteageist|94/100 tox|[from] psn
|upkeep
|turn|12
|inactive|pokemonisfun has 120 seconds left.
|inactive|pokemonisfun has 90 seconds left.
|
|t:|1666552894
|move|p2a: Polteageist|Shadow Ball|p1a: Salamence
|-damage|p1a: Salamence|0 fnt
|faint|p1a: Salamence
|
|-damage|p2a: Polteageist|82/100 tox|[from] psn
|upkeep
|inactive|pokemonisfun has 60 seconds left.
|
|t:|1666552931
|switch|p1a: Registeel|Registeel|100/100
|turn|13
|
|t:|1666552952
|move|p2a: Polteageist|Shadow Ball|p1a: Registeel
|-damage|p1a: Registeel|43/100
|move|p1a: Registeel|Amnesia|p1a: Registeel
|-boost|p1a: Registeel|spd|2
|
|-damage|p2a: Polteageist|64/100 tox|[from] psn
|upkeep
|turn|14
|inactive|pokemonisfun has 60 seconds left.
|
|t:|1666552966
|move|p2a: Polteageist|Shell Smash|p2a: Polteageist
|-unboost|p2a: Polteageist|def|1
|-unboost|p2a: Polteageist|spd|1
|-boost|p2a: Polteageist|atk|2
|-boost|p2a: Polteageist|spa|2
|-boost|p2a: Polteageist|spe|2
|move|p1a: Registeel|Rest|p1a: Registeel
|-status|p1a: Registeel|slp|[from] move: Rest
|-heal|p1a: Registeel|100/100 slp|[silent]
|-enditem|p1a: Registeel|Chesto Berry|[eat]
|-curestatus|p1a: Registeel|slp|[msg]
|
|-damage|p2a: Polteageist|39/100 tox|[from] psn
|upkeep
|turn|15
|inactive|pokemonisfun has 60 seconds left.
|inactive|pokemonisfun has 30 seconds left.
|
|t:|1666553010
|move|p2a: Polteageist|Shadow Ball|p1a: Registeel
|-damage|p1a: Registeel|53/100
|move|p1a: Registeel|Iron Defense|p1a: Registeel
|-boost|p1a: Registeel|def|2
|
|-damage|p2a: Polteageist|9/100 tox|[from] psn
|upkeep
|turn|16
|inactive|kythr has 30 seconds left.
|
|t:|1666553039
|switch|p2a: Slowbro|Slowbro-Galar, F|100/100
|move|p1a: Registeel|Rest|p1a: Registeel
|-status|p1a: Registeel|slp|[from] move: Rest
|-heal|p1a: Registeel|100/100 slp|[silent]
|
|upkeep
|turn|17
|inactive|kythr has 30 seconds left.
|inactive|pokemonisfun has 30 seconds left.
|inactive|pokemonisfun has 20 seconds left.
|inactive|pokemonisfun has 15 seconds left.
|
|t:|1666553070
|cant|p1a: Registeel|slp
|move|p2a: Slowbro|Nasty Plot|p2a: Slowbro
|-boost|p2a: Slowbro|spa|2
|
|upkeep
|turn|18
|inactive|pokemonisfun has 25 seconds left this turn.
|
|t:|1666553073
|cant|p1a: Registeel|slp
|move|p2a: Slowbro|Nasty Plot|p2a: Slowbro
|-boost|p2a: Slowbro|spa|2
|
|upkeep
|turn|19
|
|t:|1666553076
|-curestatus|p1a: Registeel|slp|[msg]
|move|p1a: Registeel|Amnesia|p1a: Registeel
|-boost|p1a: Registeel|spd|2
|move|p2a: Slowbro|Nasty Plot|p2a: Slowbro
|-boost|p2a: Slowbro|spa|2
|
|upkeep
|turn|20
|inactive|pokemonisfun has 30 seconds left.
|inactive|pokemonisfun has 20 seconds left.
|inactive|pokemonisfun has 15 seconds left.
|inactive|pokemonisfun has 10 seconds left.
|inactive|pokemonisfun has 5 seconds left.
|-activate|p2a: Slowbro|ability: Quick Draw
|
|t:|1666553116
|switch|p1a: Rotom|Rotom-Wash|69/100
|move|p2a: Slowbro|Flamethrower|p1a: Rotom
|-resisted|p1a: Rotom
|-damage|p1a: Rotom|7/100
|
|-heal|p1a: Rotom|13/100|[from] item: Leftovers
|upkeep
|turn|21
|inactive|pokemonisfun has 15 seconds left this turn.
|inactive|pokemonisfun has 10 seconds left.
|-activate|p2a: Slowbro|item: Quick Claw
|
|t:|1666553126
|move|p2a: Slowbro|Flamethrower|p1a: Rotom
|-resisted|p1a: Rotom
|-crit|p1a: Rotom
|-damage|p1a: Rotom|0 fnt
|faint|p1a: Rotom
|
|upkeep
|inactive|pokemonisfun has 15 seconds left this turn.
|
|t:|1666553130
|switch|p1a: Krookodile|Krookodile, M|100/100
|-ability|p1a: Krookodile|Intimidate|boost
|-unboost|p2a: Slowbro|atk|1
|turn|22
|inactive|pokemonisfun has 25 seconds left this turn.
|inactive|kythr has 60 seconds left.
|
|t:|1666553180
|move|p1a: Krookodile|Knock Off|p2a: Slowbro
|-supereffective|p2a: Slowbro
|-damage|p2a: Slowbro|15/100
|-enditem|p2a: Slowbro|Quick Claw|[from] move: Knock Off|[of] p1a: Krookodile
|move|p2a: Slowbro|Flamethrower|p1a: Krookodile
|-damage|p1a: Krookodile|0 fnt
|faint|p1a: Krookodile
|
|upkeep
|inactive|pokemonisfun has 30 seconds left this turn.
|inactive|pokemonisfun has 20 seconds left.
|
|t:|1666553194
|switch|p1a: Tapu Bulu|Tapu Bulu|100/100
|-fieldstart|move: Grassy Terrain|[from] ability: Grassy Surge|[of] p1a: Tapu Bulu
|turn|23
|inactive|pokemonisfun has 30 seconds left this turn.
|
|t:|1666553201
|move|p1a: Tapu Bulu|Wood Hammer|p2a: Slowbro
|-resisted|p2a: Slowbro
|-damage|p2a: Slowbro|0 fnt
|faint|p2a: Slowbro
|-damage|p1a: Tapu Bulu|94/100|[from] Recoil
|
|-heal|p1a: Tapu Bulu|99/100|[from] Grassy Terrain
|upkeep
|inactive|pokemonisfun has 30 seconds left this turn.
|inactive|kythr has 30 seconds left.
|inactive|kythr has 20 seconds left.
|
|t:|1666553239
|switch|p2a: Cobalion|Cobalion|100/100
|-item|p2a: Cobalion|Air Balloon
|turn|24
|inactive|kythr has 30 seconds left this turn.
|
|t:|1666553244
|switch|p1a: Registeel|Registeel|100/100
|move|p2a: Cobalion|Swords Dance|p2a: Cobalion
|-boost|p2a: Cobalion|atk|2
|
|upkeep
|turn|25
|
|t:|1666553249
|switch|p1a: Tapu Bulu|Tapu Bulu|99/100
|move|p2a: Cobalion|Close Combat|p1a: Tapu Bulu
|-resisted|p1a: Tapu Bulu
|-damage|p1a: Tapu Bulu|47/100
|-unboost|p2a: Cobalion|def|1
|-unboost|p2a: Cobalion|spd|1
|
|-heal|p1a: Tapu Bulu|53/100|[from] Grassy Terrain
|upkeep
|turn|26
|inactive|kythr has 30 seconds left.
|inactive|kythr has 20 seconds left.
|inactive|kythr has 15 seconds left.
|
|t:|1666553282
|switch|p2a: Zygarde|Zygarde-10%|100/100
|-ability|p2a: Zygarde|Aura Break
|move|p1a: Tapu Bulu|Close Combat|p2a: Zygarde
|-damage|p2a: Zygarde|15/100
|-unboost|p1a: Tapu Bulu|def|1
|-unboost|p1a: Tapu Bulu|spd|1
|
|-heal|p1a: Tapu Bulu|59/100|[from] Grassy Terrain
|-heal|p2a: Zygarde|21/100|[from] Grassy Terrain
|upkeep
|turn|27
|inactive|kythr has 25 seconds left this turn.
|inactive|pokemonisfun has 60 seconds left.
|inactive|kythr has 20 seconds left.
|
|t:|1666553289
|switch|p2a: Polteageist|Polteageist-Antique|9/100 tox
|move|p1a: Tapu Bulu|Close Combat|p2a: Polteageist
|-immune|p2a: Polteageist
|
|-heal|p1a: Tapu Bulu|65/100|[from] Grassy Terrain
|-heal|p2a: Polteageist|15/100 tox|[from] Grassy Terrain
|-damage|p2a: Polteageist|9/100 tox|[from] psn
|-fieldend|move: Grassy Terrain
|upkeep
|turn|28
|inactive|kythr has 30 seconds left this turn.
|
|t:|1666553294
|switch|p1a: Registeel|Registeel|100/100
|move|p2a: Polteageist|Shadow Ball|p1a: Registeel
|-crit|p1a: Registeel
|-damage|p1a: Registeel|56/100
|
|-damage|p2a: Polteageist|0 fnt|[from] psn
|faint|p2a: Polteageist
|upkeep
|inactive|kythr has 30 seconds left.
|inactive|kythr has 20 seconds left.
|
|t:|1666553310
|switch|p2a: Zygarde|Zygarde-10%|21/100
|-ability|p2a: Zygarde|Aura Break
|turn|29
|inactive|kythr has 30 seconds left this turn.
|
|t:|1666553315
|switch|p1a: Tapu Bulu|Tapu Bulu|65/100
|-fieldstart|move: Grassy Terrain|[from] ability: Grassy Surge|[of] p1a: Tapu Bulu
|move|p2a: Zygarde|Thousand Arrows|p1a: Tapu Bulu
|-resisted|p1a: Tapu Bulu
|-damage|p1a: Tapu Bulu|35/100
|-damage|p2a: Zygarde|11/100|[from] item: Life Orb
|
|-heal|p1a: Tapu Bulu|41/100|[from] Grassy Terrain
|-heal|p2a: Zygarde|17/100|[from] Grassy Terrain
|upkeep
|turn|30
|inactive|pokemonisfun has 90 seconds left.
|
|t:|1666553324
|move|p1a: Tapu Bulu|Close Combat|p2a: Zygarde
|-damage|p2a: Zygarde|0 fnt
|-unboost|p1a: Tapu Bulu|def|1
|-unboost|p1a: Tapu Bulu|spd|1
|faint|p2a: Zygarde
|
|-heal|p1a: Tapu Bulu|47/100|[from] Grassy Terrain
|upkeep
|inactive|kythr has 30 seconds left.
|inactive|kythr has 20 seconds left.
|inactive|kythr has 15 seconds left.
|inactive|kythr has 10 seconds left.
|inactive|kythr has 5 seconds left.
|
|t:|1666553360
|switch|p2a: Cobalion|Cobalion|100/100
|-item|p2a: Cobalion|Air Balloon
|turn|31
|inactive|kythr has 15 seconds left this turn.
|inactive|kythr has 10 seconds left.
|
|t:|1666553369
|move|p1a: Tapu Bulu|Close Combat|p2a: Cobalion
|-supereffective|p2a: Cobalion
|-damage|p2a: Cobalion|22/100
|-unboost|p1a: Tapu Bulu|def|1
|-unboost|p1a: Tapu Bulu|spd|1
|-enditem|p2a: Cobalion|Air Balloon
|move|p2a: Cobalion|Megahorn|p1a: Tapu Bulu
|-damage|p1a: Tapu Bulu|0 fnt
|faint|p1a: Tapu Bulu
|
|-heal|p2a: Cobalion|28/100|[from] Grassy Terrain
|upkeep
|inactive|kythr has 15 seconds left this turn.
|
|t:|1666553373
|switch|p1a: Registeel|Registeel|56/100
|turn|32
|inactive|kythr has 25 seconds left this turn.
|inactive|kythr has 20 seconds left.
|inactive|kythr has 15 seconds left.
|inactive|pokemonisfun has 90 seconds left.
|inactive|pokemonisfun has 60 seconds left.
|inactive|pokemonisfun has 30 seconds left.
|inactive|pokemonisfun has 20 seconds left.
|inactive|pokemonisfun has 15 seconds left.
|inactive|pokemonisfun has 10 seconds left.
|
|t:|1666553483
|move|p2a: Cobalion|Close Combat|p1a: Registeel
|-supereffective|p1a: Registeel
|-damage|p1a: Registeel|5/100
|-unboost|p2a: Cobalion|def|1
|-unboost|p2a: Cobalion|spd|1
|move|p1a: Registeel|Body Press|p2a: Cobalion
|-supereffective|p2a: Cobalion
|-damage|p2a: Cobalion|0 fnt
|faint|p2a: Cobalion
|
|-heal|p1a: Registeel|11/100|[from] Grassy Terrain
|upkeep
|inactive|pokemonisfun has 15 seconds left this turn.
|inactive|kythr has 20 seconds left this turn.
|inactive|kythr has 15 seconds left.
|
|t:|1666553493
|switch|p2a: Gyarados|Gyarados, F|100/100
|-ability|p2a: Gyarados|Intimidate|boost
|-fail|p1a: Registeel|unboost|[from] ability: Clear Body|[of] p1a: Registeel
|turn|33
|inactive|pokemonisfun has 25 seconds left this turn.
|inactive|kythr has 25 seconds left this turn.
|inactive|pokemonisfun has 20 seconds left.
|
|t:|1666553502
|move|p2a: Gyarados|Waterfall|p1a: Registeel
|-damage|p1a: Registeel|0 fnt
|faint|p1a: Registeel
|
|win|kythr
|inactive|pokemonisfun has 25 seconds left this turn.
|inactive|kythr has 30 seconds left this turn.
|c|☆kythr|gg
