|inactive|Battle timer is ON: inactive players will automatically lose when time's up.
|t:|1617566066
|player|p1|KSt3ve|#fcpl4raichicheurs|
|player|p2|all that matters|#ssdivserpents|
|teamsize|p1|6
|teamsize|p2|6
|gametype|singles
|gen|8
|tier|[Gen 8] UU
|clearpoke
|poke|p1|Slowbro-Galar, F|
|poke|p1|Tangrowth, F|
|poke|p1|Bisharp, M|
|poke|p1|Nidoqueen, F|
|poke|p1|Salamence, M|
|poke|p1|Zeraora|
|poke|p2|Slowking, M|
|poke|p2|Zeraora|
|poke|p2|Salamence, F|
|poke|p2|Amoonguss, M|
|poke|p2|Scizor, F|
|poke|p2|Krookodile, F|
|rule|Sleep Clause Mod: Limit one foe put to sleep
|rule|Species Clause: Limit one of each Pokémon
|rule|OHKO Clause: OHKO moves are banned
|rule|Evasion Moves Clause: Evasion moves are banned
|rule|Endless Battle Clause: Forcing endless battles is banned
|rule|HP Percentage Mod: HP is shown in percentages
|rule|Dynamax Clause: You cannot dynamax
|teampreview
|c|☆KSt3ve|hf
|c|☆all that matters|hf
|c|+Clark_03|let´s gooooooooo
|c|+Clark_03|vamos steve
|inactive|KSt3ve has 270 seconds left.
|inactive|all that matters has 270 seconds left.
|c|+Avarice|LETS GO ASKOV
|c|+Mindnight|ASKOV
|c|+HYDREIGON SPECS|VAI ASKOV
|c|+vivalospride|ass kov
|c|+HYDREIGON SPECS|MARAVILHOSO
|c|+vivalospride|gooo
|c|+mncmt '-'|BOTA ASSKOV
|c|+vivalospride|another glowbro from steven
|c|+vivalospride|bold of him
|inactive|KSt3ve has 240 seconds left.
|inactive|all that matters has 240 seconds left.
|
|t:|1617566141
|start
|switch|p1a: The tankito|Tangrowth, F|100/100
|switch|p2a: HATE MY GUTS|Salamence, F|100/100
|-ability|p2a: HATE MY GUTS|Intimidate|boost
|-unboost|p1a: The tankito|atk|1
|turn|1
|c|+hyogafodex|asskov
|inactive|all that matters has 270 seconds left.
|
|t:|1617566176
|switch|p2a: DRUGDEALER|Amoonguss, M|100/100
|switch|p1a: The returno|Slowbro-Galar, F|100/100
|
|upkeep
|turn|2
|inactive|all that matters has 270 seconds left.
|
|t:|1617566185
|switch|p1a: The fearito|Bisharp, M|100/100
|switch|p2a: ALL GONNA BURN|Slowking, M|100/100
|
|upkeep
|turn|3
|inactive|all that matters has 270 seconds left.
|c|+mncmt '-'|Ass kov....
|c|+Spl4sh|Perdemos ja 
|c|+HYDREIGON SPECS|eh
|c|+hyogafodex|perdemo
|c|+HYDREIGON SPECS|'-'
|c|+hyogafodex|pera
|c|+hyogafodex|esse mlk dai eh o welliou?
|inactive|all that matters has 240 seconds left.
|c|+mncmt '-'|Nao
|c|+Corazan|vai askov ganhamos haha ^^
|inactive|all that matters has 210 seconds left.
|c|+hyogafodex|^^
|c|+TNunes|^^
|c|+Clark_03|so good
|inactive|all that matters has 180 seconds left.
|c|+Avarice|omg?
|c|+Clark_03|NUNES
|c|+Clark_03|SUP
|c|+TNunes|Cloat <3
|c|+HYDREIGON SPECS|carai mano a gente é ruim demais
|inactive|all that matters has 150 seconds left.
|c|+hyogafodex|qual o check
|c|+HYDREIGON SPECS|já tamos com 150s de timer
|c|+mncmt '-'|LOL dms
|c|+HYDREIGON SPECS|tnc
|c|+hyogafodex|de bisharpson
|c|+hyogafodex|fé em deus?
|
|t:|1617566335
|switch|p2a: HEARTBROKEN|Scizor, F|100/100
|move|p1a: The fearito|Knock Off|p2a: HEARTBROKEN
|-damage|p2a: HEARTBROKEN|44/100
|-enditem|p2a: HEARTBROKEN|Heavy-Duty Boots|[from] move: Knock Off|[of] p1a: The fearito
|
|upkeep
|turn|4
|
|t:|1617566351
|move|p1a: The fearito|Swords Dance|p1a: The fearito
|-boost|p1a: The fearito|atk|2
|move|p2a: HEARTBROKEN|Roost|p2a: HEARTBROKEN
|-heal|p2a: HEARTBROKEN|94/100
|-singleturn|p2a: HEARTBROKEN|move: Roost
|
|upkeep
|turn|5
|
|t:|1617566355
|move|p1a: The fearito|Knock Off|p2a: HEARTBROKEN
|-crit|p2a: HEARTBROKEN
|-damage|p2a: HEARTBROKEN|0 fnt
|faint|p2a: HEARTBROKEN
|
|upkeep
|
|t:|1617566359
|switch|p2a: MAKE A MESS|Krookodile, F|100/100
|-ability|p2a: MAKE A MESS|Intimidate|boost
|-unboost|p1a: The fearito|atk|1
|-ability|p1a: The fearito|Defiant
|-boost|p1a: The fearito|atk|2
|turn|6
|inactive|all that matters has 150 seconds left.
|c|+HYDREIGON SPECS|.
|c|+mncmt '-'|,
|c|+HYDREIGON SPECS|ah cara
|c|+HYDREIGON SPECS|nego sortudo do caralho
|c|+HYDREIGON SPECS|vai se fuder
|
|t:|1617566380
|switch|p1a: The tankito|Tangrowth, F|100/100
|move|p2a: MAKE A MESS|Knock Off|p1a: The tankito
|-crit|p1a: The tankito
|-damage|p1a: The tankito|41/100
|-damage|p2a: MAKE A MESS|84/100|[from] item: Rocky Helmet|[of] p1a: The tankito
|-enditem|p1a: The tankito|Rocky Helmet|[from] move: Knock Off|[of] p2a: MAKE A MESS
|
|upkeep
|turn|7
|inactive|KSt3ve has 270 seconds left.
|inactive|all that matters has 120 seconds left.
|
|t:|1617566440
|switch|p2a: HATE MY GUTS|Salamence, F|100/100
|-ability|p2a: HATE MY GUTS|Intimidate|boost
|-unboost|p1a: The tankito|atk|1
|move|p1a: The tankito|Giga Drain|p2a: HATE MY GUTS
|-resisted|p2a: HATE MY GUTS
|-damage|p2a: HATE MY GUTS|92/100
|-heal|p1a: The tankito|45/100|[from] drain|[of] p2a: HATE MY GUTS
|
|upkeep
|turn|8
|inactive|all that matters has 90 seconds left.
|
|t:|1617566461
|switch|p1a: The returno|Slowbro-Galar, F|100/100
|move|p2a: HATE MY GUTS|Hurricane|p1a: The returno|[miss]
|-miss|p2a: HATE MY GUTS|p1a: The returno
|
|upkeep
|turn|9
|
|t:|1617566470
|switch|p1a: The fearito|Bisharp, M|100/100
|move|p2a: HATE MY GUTS|Hurricane|p1a: The fearito|[miss]
|-miss|p2a: HATE MY GUTS|p1a: The fearito
|
|upkeep
|turn|10
|c|+Avarice|immaculate
|inactive|all that matters has 90 seconds left.
|
|t:|1617566487
|switch|p1a: The returno|Slowbro-Galar, F|100/100
|move|p2a: HATE MY GUTS|Flamethrower|p1a: The returno
|-damage|p1a: The returno|85/100
|
|upkeep
|turn|11
|inactive|all that matters has 90 seconds left.
|inactive|all that matters has 60 seconds left.
|
|t:|1617566531
|switch|p2a: ALL GONNA BURN|Slowking, M|100/100
|move|p1a: The returno|Ice Beam|p2a: ALL GONNA BURN
|-resisted|p2a: ALL GONNA BURN
|-damage|p2a: ALL GONNA BURN|94/100
|
|upkeep
|turn|12
|
|t:|1617566541
|move|p1a: The returno|Sludge Bomb|p2a: ALL GONNA BURN
|-damage|p2a: ALL GONNA BURN|73/100
|move|p2a: ALL GONNA BURN|Teleport|p2a: ALL GONNA BURN
|
|t:|1617566545
|switch|p2a: MAKE A MESS|Krookodile, F|84/100|[from]move: Teleport
|-ability|p2a: MAKE A MESS|Intimidate|boost
|-unboost|p1a: The returno|atk|1
|
|upkeep
|turn|13
|
|t:|1617566557
|switch|p1a: The dragonito|Salamence, M|100/100
|-ability|p1a: The dragonito|Intimidate|boost
|-unboost|p2a: MAKE A MESS|atk|1
|move|p2a: MAKE A MESS|Stealth Rock|p1a: The dragonito
|-sidestart|p1: KSt3ve|move: Stealth Rock
|
|upkeep
|turn|14
|c|+hyogafodex|up
|inactive|all that matters has 60 seconds left.
|
|t:|1617566584
|switch|p2a: DEAD TO ME|Zeraora|100/100
|move|p1a: The dragonito|Defog|p2a: DEAD TO ME
|-unboost|p2a: DEAD TO ME|evasion|1
|-sideend|p1: KSt3ve|Stealth Rock|[from] move: Defog|[of] p1a: The dragonito
|
|upkeep
|turn|15
|inactive|all that matters has 60 seconds left.
|
|t:|1617566598
|switch|p2a: ALL GONNA BURN|Slowking, M|100/100
|switch|p1a: The womanito|Nidoqueen, F|100/100
|
|upkeep
|turn|16
|inactive|all that matters has 60 seconds left.
|
|t:|1617566604
|move|p1a: The womanito|Stealth Rock|p2a: ALL GONNA BURN
|-sidestart|p2: all that matters|move: Stealth Rock
|move|p2a: ALL GONNA BURN|Future Sight|p1a: The womanito
|-start|p2a: ALL GONNA BURN|move: Future Sight
|
|upkeep
|turn|17
|inactive|KSt3ve has 270 seconds left.
|inactive|KSt3ve has 240 seconds left.
|
|t:|1617566670
|move|p1a: The womanito|Sludge Wave|p2a: ALL GONNA BURN
|-damage|p2a: ALL GONNA BURN|59/100
|move|p2a: ALL GONNA BURN|Teleport|p2a: ALL GONNA BURN
|
|t:|1617566677
|switch|p2a: MAKE A MESS|Krookodile, F|84/100|[from]move: Teleport
|-damage|p2a: MAKE A MESS|78/100|[from] Stealth Rock
|-ability|p2a: MAKE A MESS|Intimidate|boost
|-unboost|p1a: The womanito|atk|1
|
|upkeep
|turn|18
|inactive|KSt3ve has 240 seconds left.
|
|t:|1617566694
|switch|p1a: The dragonito|Salamence, M|100/100
|-ability|p1a: The dragonito|Intimidate|boost
|-unboost|p2a: MAKE A MESS|atk|1
|move|p2a: MAKE A MESS|Knock Off|p1a: The dragonito
|-damage|p1a: The dragonito|43/100
|-enditem|p1a: The dragonito|Heavy-Duty Boots|[from] move: Knock Off|[of] p2a: MAKE A MESS
|
|-end|p1a: The dragonito|move: Future Sight
|-damage|p1a: The dragonito|0 fnt
|upkeep
|faint|p1a: The dragonito
|
|t:|1617566708
|switch|p1a: The fearito|Bisharp, M|100/100
|turn|19
|
|t:|1617566736
|switch|p2a: DEAD TO ME|Zeraora|100/100
|move|p1a: The fearito|Swords Dance|p1a: The fearito
|-boost|p1a: The fearito|atk|2
|
|upkeep
|turn|20
|inactive|all that matters has 60 seconds left.
|
|t:|1617566770
|move|p1a: The fearito|Sucker Punch|p2a: DEAD TO ME
|-damage|p2a: DEAD TO ME|0 fnt
|faint|p2a: DEAD TO ME
|
|upkeep
|
|t:|1617566774
|switch|p2a: MAKE A MESS|Krookodile, F|78/100
|-damage|p2a: MAKE A MESS|72/100|[from] Stealth Rock
|-ability|p2a: MAKE A MESS|Intimidate|boost
|-unboost|p1a: The fearito|atk|1
|-ability|p1a: The fearito|Defiant
|-boost|p1a: The fearito|atk|2
|turn|21
|inactive|all that matters has 60 seconds left.
|
|t:|1617566793
|switch|p1a: The tankito|Tangrowth, F|78/100
|move|p2a: MAKE A MESS|Earthquake|p1a: The tankito
|-resisted|p1a: The tankito
|-damage|p1a: The tankito|59/100
|
|upkeep
|turn|22
|inactive|all that matters has 60 seconds left.
|
|t:|1617566811
|switch|p2a: DRUGDEALER|Amoonguss, M|100/100
|-damage|p2a: DRUGDEALER|88/100|[from] Stealth Rock
|move|p1a: The tankito|Knock Off|p2a: DRUGDEALER
|-damage|p2a: DRUGDEALER|73/100
|-damage|p1a: The tankito|43/100|[from] item: Rocky Helmet|[of] p2a: DRUGDEALER
|-enditem|p2a: DRUGDEALER|Rocky Helmet|[from] move: Knock Off|[of] p1a: The tankito
|
|upkeep
|turn|23
|
|t:|1617566836
|switch|p1a: The fearito|Bisharp, M|100/100
|switch|p2a: HATE MY GUTS|Salamence, F|92/100
|-ability|p2a: HATE MY GUTS|Intimidate|boost
|-unboost|p1a: The fearito|atk|1
|-ability|p1a: The fearito|Defiant
|-boost|p1a: The fearito|atk|2
|
|upkeep
|turn|24
|inactive|KSt3ve has 240 seconds left.
|
|t:|1617566860
|move|p2a: HATE MY GUTS|Flamethrower|p1a: The fearito
|-supereffective|p1a: The fearito
|-damage|p1a: The fearito|8/100
|move|p1a: The fearito|Knock Off|p2a: HATE MY GUTS
|-damage|p2a: HATE MY GUTS|0 fnt
|-enditem|p2a: HATE MY GUTS|Heavy-Duty Boots|[from] move: Knock Off|[of] p1a: The fearito
|faint|p2a: HATE MY GUTS
|
|upkeep
|inactive|all that matters has 30 seconds left.
|inactive|all that matters has 20 seconds left.
|
|t:|1617566886
|switch|p2a: MAKE A MESS|Krookodile, F|72/100
|-damage|p2a: MAKE A MESS|66/100|[from] Stealth Rock
|-ability|p2a: MAKE A MESS|Intimidate|boost
|-unboost|p1a: The fearito|atk|1
|-ability|p1a: The fearito|Defiant
|-boost|p1a: The fearito|atk|2
|turn|25
|inactive|all that matters has 30 seconds left this turn.
|inactive|KSt3ve has 240 seconds left.
|
|t:|1617566902
|switch|p1a: The tankito|Tangrowth, F|76/100
|move|p2a: MAKE A MESS|Knock Off|p1a: The tankito
|-crit|p1a: The tankito
|-damage|p1a: The tankito|38/100
|
|upkeep
|turn|26
|inactive|KSt3ve has 240 seconds left.
|
|t:|1617566912
|switch|p2a: DRUGDEALER|Amoonguss, M|100/100
|-damage|p2a: DRUGDEALER|88/100|[from] Stealth Rock
|move|p1a: The tankito|Giga Drain|p2a: DRUGDEALER
|-resisted|p2a: DRUGDEALER
|-damage|p2a: DRUGDEALER|82/100
|-heal|p1a: The tankito|41/100|[from] drain|[of] p2a: DRUGDEALER
|
|upkeep
|turn|27
|inactive|KSt3ve has 240 seconds left.
|inactive|all that matters has 30 seconds left.
|
|t:|1617566933
|switch|p1a: The returno|Slowbro-Galar, F|100/100
|move|p2a: DRUGDEALER|Sludge Bomb|p1a: The returno
|-resisted|p1a: The returno
|-damage|p1a: The returno|92/100
|
|upkeep
|turn|28
|inactive|KSt3ve has 240 seconds left.
|inactive|all that matters has 30 seconds left.
|
|t:|1617566943
|switch|p1a: The fearito|Bisharp, M|8/100
|switch|p2a: ALL GONNA BURN|Slowking, M|92/100
|
|upkeep
|turn|29
|inactive|all that matters has 30 seconds left.
|
|t:|1617566954
|switch|p2a: DRUGDEALER|Amoonguss, M|100/100
|-damage|p2a: DRUGDEALER|88/100|[from] Stealth Rock
|move|p1a: The fearito|Knock Off|p2a: DRUGDEALER
|-damage|p2a: DRUGDEALER|64/100
|
|upkeep
|turn|30
|inactive|all that matters has 30 seconds left.
|
|t:|1617566965
|switch|p1a: The returno|Slowbro-Galar, F|100/100
|move|p2a: DRUGDEALER|Giga Drain|p1a: The returno
|-resisted|p1a: The returno
|-damage|p1a: The returno|94/100
|-heal|p2a: DRUGDEALER|67/100|[from] drain|[of] p1a: The returno
|
|upkeep
|turn|31
|
|t:|1617566973
|switch|p2a: ALL GONNA BURN|Slowking, M|100/100
|move|p1a: The returno|Psychic|p2a: ALL GONNA BURN
|-resisted|p2a: ALL GONNA BURN
|-damage|p2a: ALL GONNA BURN|91/100
|
|upkeep
|turn|32
|
|t:|1617566983
|switch|p1a: The disparitio|Zeraora|100/100
|move|p2a: ALL GONNA BURN|Future Sight|p1a: The disparitio
|-start|p2a: ALL GONNA BURN|move: Future Sight
|
|upkeep
|turn|33
|
|t:|1617567002
|switch|p2a: DRUGDEALER|Amoonguss, M|99/100
|-damage|p2a: DRUGDEALER|88/100|[from] Stealth Rock
|move|p1a: The disparitio|Plasma Fists|p2a: DRUGDEALER
|-resisted|p2a: DRUGDEALER
|-damage|p2a: DRUGDEALER|70/100
|-fieldactivate|move: Ion Deluge
|
|upkeep
|turn|34
|
|t:|1617567026
|switch|p1a: The returno|Slowbro-Galar, F|100/100
|move|p2a: DRUGDEALER|Foul Play|p1a: The returno
|-supereffective|p1a: The returno
|-damage|p1a: The returno|71/100
|
|-end|p1a: The returno|move: Future Sight
|-damage|p1a: The returno|46/100
|upkeep
|turn|35
|inactive|KSt3ve has 270 seconds left.
|
|t:|1617567034
|switch|p2a: ALL GONNA BURN|Slowking, M|100/100
|move|p1a: The returno|Sludge Bomb|p2a: ALL GONNA BURN
|-damage|p2a: ALL GONNA BURN|80/100
|
|upkeep
|turn|36
|inactive|KSt3ve has 270 seconds left.
|
|t:|1617567073
|move|p1a: The returno|Sludge Bomb|p2a: ALL GONNA BURN
|-damage|p2a: ALL GONNA BURN|58/100
|move|p2a: ALL GONNA BURN|Future Sight|p1a: The returno
|-start|p2a: ALL GONNA BURN|move: Future Sight
|
|upkeep
|turn|37
|
|t:|1617567084
|move|p1a: The returno|Sludge Bomb|p2a: ALL GONNA BURN
|-damage|p2a: ALL GONNA BURN|39/100
|move|p2a: ALL GONNA BURN|Teleport|p2a: ALL GONNA BURN
|
|t:|1617567087
|switch|p2a: MAKE A MESS|Krookodile, F|66/100|[from]move: Teleport
|-damage|p2a: MAKE A MESS|60/100|[from] Stealth Rock
|-ability|p2a: MAKE A MESS|Intimidate|boost
|-unboost|p1a: The returno|atk|1
|
|upkeep
|turn|38
|inactive|all that matters has 60 seconds left.
|inactive|KSt3ve has 240 seconds left.
|inactive|KSt3ve has 210 seconds left.
|inactive|KSt3ve has 180 seconds left.
|
|t:|1617567181
|move|p2a: MAKE A MESS|Knock Off|p1a: The returno
|-supereffective|p1a: The returno
|-damage|p1a: The returno|0 fnt
|-enditem|p1a: The returno|Assault Vest|[from] move: Knock Off|[of] p2a: MAKE A MESS
|faint|p1a: The returno
|
|-hint|Future Sight did not hit because the target is fainted.
|upkeep
|inactive|KSt3ve has 150 seconds left.
|
|t:|1617567211
|switch|p1a: The womanito|Nidoqueen, F|100/100
|turn|39
|inactive|KSt3ve has 150 seconds left.
|inactive|all that matters has 60 seconds left.
|
|t:|1617567245
|move|p2a: MAKE A MESS|Knock Off|p1a: The womanito
|-damage|p1a: The womanito|23/100
|-enditem|p1a: The womanito|Life Orb|[from] move: Knock Off|[of] p2a: MAKE A MESS
|move|p1a: The womanito|Sludge Wave|p2a: MAKE A MESS
|-resisted|p2a: MAKE A MESS
|-damage|p2a: MAKE A MESS|26/100
|
|upkeep
|turn|40
|
|t:|1617567262
|switch|p1a: The tankito|Tangrowth, F|75/100
|move|p2a: MAKE A MESS|Knock Off|p1a: The tankito
|-damage|p1a: The tankito|46/100
|
|upkeep
|turn|41
|inactive|all that matters has 60 seconds left.
|
|t:|1617567269
|switch|p2a: DRUGDEALER|Amoonguss, M|100/100
|-damage|p2a: DRUGDEALER|88/100|[from] Stealth Rock
|switch|p1a: The womanito|Nidoqueen, F|23/100
|
|upkeep
|turn|42
|inactive|all that matters has 60 seconds left.
|
|t:|1617567306
|move|p1a: The womanito|Sludge Wave|p2a: DRUGDEALER
|-damage|p2a: DRUGDEALER|40/100
|move|p2a: DRUGDEALER|Giga Drain|p1a: The womanito
|-damage|p1a: The womanito|0 fnt
|-heal|p2a: DRUGDEALER|48/100|[from] drain|[of] p1a: The womanito
|faint|p1a: The womanito
|
|upkeep
|inactive|KSt3ve has 120 seconds left.
|
|t:|1617567321
|switch|p1a: The disparitio|Zeraora|100/100
|turn|43
|inactive|KSt3ve has 120 seconds left.
|
|t:|1617567338
|switch|p2a: MAKE A MESS|Krookodile, F|26/100
|-damage|p2a: MAKE A MESS|20/100|[from] Stealth Rock
|-ability|p2a: MAKE A MESS|Intimidate|boost
|-unboost|p1a: The disparitio|atk|1
|move|p1a: The disparitio|Volt Switch|p2a: MAKE A MESS
|-immune|p2a: MAKE A MESS
|
|upkeep
|turn|44
|
|t:|1617567346
|switch|p1a: The tankito|Tangrowth, F|79/100
|switch|p2a: DRUGDEALER|Amoonguss, M|81/100
|-damage|p2a: DRUGDEALER|69/100|[from] Stealth Rock
|
|upkeep
|turn|45
|c|+Luthier|genio 
|inactive|all that matters has 60 seconds left.
|c|+HYDREIGON SPECS|GENIO
|c|+HYDREIGON SPECS|PQP
|c|+mncmt '-'|GENIO
|
|t:|1617567354
|switch|p1a: The fearito|Bisharp, M|8/100
|move|p2a: DRUGDEALER|Giga Drain|p1a: The fearito
|-resisted|p1a: The fearito
|-damage|p1a: The fearito|0 fnt
|-heal|p2a: DRUGDEALER|72/100|[from] drain|[of] p1a: The fearito
|faint|p1a: The fearito
|
|upkeep
|c|+TNunes| genio
|c|+Luthier|GENIO
|c|+hyogafodex|GENIO
|c|+HYDREIGON SPECS|LOOOOL
|c|+HYDREIGON SPECS|ASKOV
|c|+Avarice|LOOOOOOL
|c|+Spl4sh|LMAOOOO
|c|☆KSt3ve|gg
|c|+mncmt '-'|ASSSSSSSSKOOOOOVVVVVV
|c|☆all that matters|gg
|c|☆KSt3ve|i play so fucking bad
|c|+Spl4sh|QUE NEGO PESSIMO VAI TOMA NOCU
|c|☆KSt3ve|soz team
|-message|KSt3ve forfeited.
|
|win|all that matters
|c|+mncmt '-'|np
|c|+Clark_03|rip
