|inactive|Battle timer is ON: inactive players will automatically lose when time's up.
|t:|1654306905
|gametype|singles
|player|p1|Adaam|#uutrio2ladder|
|player|p2|BigFatMantis|faba|
|teamsize|p1|6
|teamsize|p2|6
|gen|8
|tier|[Gen 8] UU
|rule|Sleep Clause Mod: Limit one foe put to sleep
|rule|Species Clause: Limit one of each Pokémon
|rule|OHKO Clause: OHKO moves are banned
|rule|Evasion Moves Clause: Evasion moves are banned
|rule|Endless Battle Clause: Forcing endless battles is banned
|rule|HP Percentage Mod: HP is shown in percentages
|rule|Dynamax Clause: You cannot dynamax
|clearpoke
|poke|p1|Ditto|
|poke|p1|Hippowdon, F|
|poke|p1|Scizor, M|
|poke|p1|Salamence, M|
|poke|p1|Zarude-Dada|
|poke|p1|Slowking, F|
|poke|p2|Scizor, F|
|poke|p2|Celesteela|
|poke|p2|Incineroar, M|
|poke|p2|Starmie|
|poke|p2|Tangrowth, M|
|poke|p2|Excadrill, M|
|teampreview
|c|☆BigFatMantis|hf
|c|☆Adaam|hf
|inactive|BigFatMantis has 270 seconds left.
|
|t:|1654306946
|start
|switch|p1a: Ditto|Ditto|100/100
|switch|p2a: Starmie|Starmie|100/100
|-transform|p1a: Ditto|p2a: Starmie|[from] ability: Imposter
|turn|1
|c|☆Adaam|recover hydro tbolt beam
|inactive|Adaam has 270 seconds left.
|inactive|BigFatMantis has 270 seconds left.
|c|+Highways|stop speculating in battle chat adaam
|inactive|Adaam has 240 seconds left.
|inactive|BigFatMantis has 240 seconds left.
|
|t:|1654307015
|switch|p1a: Zarude|Zarude-Dada|100/100
|switch|p2a: Tangrowth|Tangrowth, M|100/100
|
|upkeep
|turn|2
|inactive|BigFatMantis has 240 seconds left.
|
|t:|1654307028
|move|p1a: Zarude|U-turn|p2a: Tangrowth
|-supereffective|p2a: Tangrowth
|-damage|p2a: Tangrowth|70/100
|inactive|Adaam has 240 seconds left.
|
|t:|1654307043
|switch|p1a: Scizor|Scizor, M|100/100|[from]move: U-turn
|move|p2a: Tangrowth|Knock Off|p1a: Scizor
|-damage|p1a: Scizor|57/100
|-enditem|p1a: Scizor|Safety Goggles|[from] move: Knock Off|[of] p2a: Tangrowth
|
|upkeep
|turn|3
|c|☆Adaam|what the fuck
|inactive|BigFatMantis has 240 seconds left.
|inactive|Adaam has 240 seconds left.
|
|t:|1654307064
|switch|p2a: Incineroar|Incineroar, M|100/100
|-ability|p2a: Incineroar|Intimidate|boost
|-unboost|p1a: Scizor|atk|1
|move|p1a: Scizor|Knock Off|p2a: Incineroar
|-resisted|p2a: Incineroar
|-damage|p2a: Incineroar|91/100
|-enditem|p2a: Incineroar|Heavy-Duty Boots|[from] move: Knock Off|[of] p1a: Scizor
|
|upkeep
|turn|4
|inactive|Adaam has 240 seconds left.
|
|t:|1654307076
|switch|p1a: Slowking|Slowking, F|100/100
|move|p2a: Incineroar|Parting Shot|p1a: Slowking
|-unboost|p1a: Slowking|atk|1
|-unboost|p1a: Slowking|spa|1
|
|t:|1654307091
|switch|p2a: Tangrowth|Tangrowth, M|100/100|[from]move: Parting Shot
|
|upkeep
|turn|5
|inactive|Adaam has 240 seconds left.
|inactive|BigFatMantis has 210 seconds left.
|inactive|Adaam has 210 seconds left.
|inactive|Adaam has 180 seconds left.
|
|t:|1654307166
|switch|p1a: Scizor|Scizor, M|57/100
|move|p2a: Tangrowth|Knock Off|p1a: Scizor
|-damage|p1a: Scizor|30/100
|
|upkeep
|turn|6
|inactive|BigFatMantis has 210 seconds left.
|
|t:|1654307172
|switch|p2a: Incineroar|Incineroar, M|91/100
|-ability|p2a: Incineroar|Intimidate|boost
|-unboost|p1a: Scizor|atk|1
|move|p1a: Scizor|Roost|p1a: Scizor
|-heal|p1a: Scizor|80/100
|-singleturn|p1a: Scizor|move: Roost
|
|upkeep
|turn|7
|inactive|BigFatMantis has 210 seconds left.
|inactive|Adaam has 180 seconds left.
|
|t:|1654307199
|switch|p1a: Slowking|Slowking, F|100/100
|move|p2a: Incineroar|Will-O-Wisp|p1a: Slowking
|-status|p1a: Slowking|brn
|
|-damage|p1a: Slowking|94/100 brn|[from] brn
|upkeep
|turn|8
|inactive|Adaam has 180 seconds left.
|
|t:|1654307211
|move|p2a: Incineroar|Parting Shot|p1a: Slowking
|-unboost|p1a: Slowking|atk|1
|-unboost|p1a: Slowking|spa|1
|
|t:|1654307216
|switch|p2a: Starmie|Starmie|100/100|[from]move: Parting Shot
|move|p1a: Slowking|Calm Mind|p1a: Slowking
|-boost|p1a: Slowking|spa|1
|-boost|p1a: Slowking|spd|1
|
|-damage|p1a: Slowking|88/100 brn|[from] brn
|upkeep
|turn|9
|inactive|BigFatMantis has 210 seconds left.
|inactive|Adaam has 180 seconds left.
|inactive|BigFatMantis has 180 seconds left.
|
|t:|1654307257
|move|p2a: Starmie|Thunderbolt|p1a: Slowking
|-supereffective|p1a: Slowking
|-damage|p1a: Slowking|51/100 brn
|-damage|p2a: Starmie|91/100|[from] item: Life Orb
|move|p1a: Slowking|Scald|p2a: Starmie
|-resisted|p2a: Starmie
|-damage|p2a: Starmie|72/100
|
|-damage|p1a: Slowking|45/100 brn|[from] brn
|upkeep
|turn|10
|inactive|BigFatMantis has 180 seconds left.
|
|t:|1654307269
|switch|p2a: Tangrowth|Tangrowth, M|100/100
|move|p1a: Slowking|Slack Off|p1a: Slowking
|-heal|p1a: Slowking|95/100 brn
|
|-damage|p1a: Slowking|89/100 brn|[from] brn
|upkeep
|turn|11
|inactive|BigFatMantis has 180 seconds left.
|inactive|BigFatMantis has 150 seconds left.
|inactive|Adaam has 150 seconds left.
|
|t:|1654307327
|switch|p2a: Incineroar|Incineroar, M|91/100
|-ability|p2a: Incineroar|Intimidate|boost
|-unboost|p1a: Slowking|atk|1
|switch|p1a: Zarude|Zarude-Dada|100/100
|
|upkeep
|turn|12
|
|t:|1654307337
|move|p1a: Zarude|U-turn|p2a: Incineroar
|-damage|p2a: Incineroar|68/100
|inactive|Adaam has 150 seconds left.
|
|t:|1654307359
|switch|p1a: Slowking|Slowking, F|100/100 brn|[from]move: U-turn
|move|p2a: Incineroar|Parting Shot|p1a: Slowking
|-unboost|p1a: Slowking|atk|1
|-unboost|p1a: Slowking|spa|1
|
|t:|1654307381
|switch|p2a: Scizor|Scizor, F|100/100|[from]move: Parting Shot
|
|-damage|p1a: Slowking|94/100 brn|[from] brn
|upkeep
|turn|13
|inactive|Adaam has 150 seconds left.
|
|t:|1654307403
|switch|p1a: Hippowdon|Hippowdon, F|100/100
|-weather|Sandstorm|[from] ability: Sand Stream|[of] p1a: Hippowdon
|move|p2a: Scizor|Knock Off|p1a: Hippowdon
|-damage|p1a: Hippowdon|70/100
|-damage|p2a: Scizor|84/100|[from] item: Rocky Helmet|[of] p1a: Hippowdon
|-enditem|p1a: Hippowdon|Rocky Helmet|[from] move: Knock Off|[of] p2a: Scizor
|-damage|p2a: Scizor|74/100|[from] item: Life Orb
|
|-weather|Sandstorm|[upkeep]
|upkeep
|turn|14
|inactive|BigFatMantis has 120 seconds left.
|inactive|BigFatMantis has 90 seconds left.
|
|t:|1654307466
|switch|p2a: Tangrowth|Tangrowth, M|100/100
|move|p1a: Hippowdon|Stealth Rock|p2a: Tangrowth
|-sidestart|p2: BigFatMantis|move: Stealth Rock
|
|-weather|Sandstorm|[upkeep]
|-damage|p2a: Tangrowth|94/100|[from] Sandstorm
|upkeep
|turn|15
|
|t:|1654307492
|switch|p1a: Zarude|Zarude-Dada|100/100
|move|p2a: Tangrowth|Power Whip|p1a: Zarude
|-resisted|p1a: Zarude
|-damage|p1a: Zarude|58/100
|
|-weather|Sandstorm|[upkeep]
|-damage|p1a: Zarude|52/100|[from] Sandstorm
|-damage|p2a: Tangrowth|88/100|[from] Sandstorm
|upkeep
|turn|16
|inactive|BigFatMantis has 60 seconds left.
|
|t:|1654307516
|switch|p2a: Celesteela|Celesteela|100/100
|-damage|p2a: Celesteela|88/100|[from] Stealth Rock
|move|p1a: Zarude|U-turn|p2a: Celesteela
|-resisted|p2a: Celesteela
|-crit|p2a: Celesteela
|-damage|p2a: Celesteela|80/100
|inactive|Adaam has 120 seconds left.
|
|t:|1654307548
|switch|p1a: Ditto|Ditto|100/100|[from]move: U-turn
|-transform|p1a: Ditto|p2a: Celesteela|[from] ability: Imposter
|
|-weather|Sandstorm|[upkeep]
|upkeep
|turn|17
|inactive|BigFatMantis has 60 seconds left.
|
|t:|1654307564
|move|p1a: Ditto|Flamethrower|p2a: Celesteela
|-supereffective|p2a: Celesteela
|-damage|p2a: Celesteela|17/100
|-status|p2a: Celesteela|brn
|move|p2a: Celesteela|Meteor Beam||[still]
|-prepare|p2a: Celesteela|Meteor Beam
|-boost|p2a: Celesteela|spa|1
|-enditem|p2a: Celesteela|Power Herb
|-anim|p2a: Celesteela|Meteor Beam|p1a: Ditto
|-damage|p1a: Ditto|29/100
|
|-weather|none
|-damage|p2a: Celesteela|11/100 brn|[from] brn
|upkeep
|turn|18
|inactive|Adaam has 120 seconds left.
|inactive|BigFatMantis has 60 seconds left.
|
|t:|1654307583
|move|p1a: Ditto|Flamethrower|p2a: Celesteela
|-supereffective|p2a: Celesteela
|-damage|p2a: Celesteela|0 fnt
|faint|p2a: Celesteela
|-ability|p1a: Ditto|Beast Boost|boost
|-boost|p1a: Ditto|spa|1
|
|upkeep
|
|t:|1654307585
|switch|p2a: Starmie|Starmie|72/100
|-damage|p2a: Starmie|60/100|[from] Stealth Rock
|turn|19
|inactive|BigFatMantis has 60 seconds left.
|inactive|Adaam has 120 seconds left.
|inactive|Adaam has 90 seconds left.
|inactive|Adaam has 60 seconds left.
|
|t:|1654307686
|switch|p1a: Scizor|Scizor, M|80/100
|move|p2a: Starmie|Thunderbolt|p1a: Scizor
|-damage|p1a: Scizor|32/100
|-damage|p2a: Starmie|50/100|[from] item: Life Orb
|
|upkeep
|turn|20
|inactive|BigFatMantis has 60 seconds left.
|inactive|Adaam has 30 seconds left.
|inactive|BigFatMantis has 30 seconds left.
|inactive|BigFatMantis has 20 seconds left.
|inactive|BigFatMantis has 15 seconds left.
|
|t:|1654307739
|move|p2a: Starmie|Thunderbolt|p1a: Scizor
|-damage|p1a: Scizor|0 fnt
|faint|p1a: Scizor
|-damage|p2a: Starmie|40/100|[from] item: Life Orb
|
|upkeep
|inactive|Adaam has 30 seconds left this turn.
|inactive|BigFatMantis has 20 seconds left this turn.
|
|t:|1654307748
|switch|p1a: Ditto|Ditto|29/100
|-transform|p1a: Ditto|p2a: Starmie|[from] ability: Imposter
|turn|21
|inactive|BigFatMantis has 30 seconds left this turn.
|inactive|Adaam has 30 seconds left.
|inactive|BigFatMantis has 20 seconds left.
|inactive|BigFatMantis has 15 seconds left.
|
|t:|1654307765
|switch|p2a: Tangrowth|Tangrowth, M|100/100
|-damage|p2a: Tangrowth|88/100|[from] Stealth Rock
|move|p1a: Ditto|Hydro Pump|p2a: Tangrowth
|-resisted|p2a: Tangrowth
|-damage|p2a: Tangrowth|41/100
|
|upkeep
|turn|22
|inactive|BigFatMantis has 25 seconds left this turn.
|inactive|Adaam has 30 seconds left.
|inactive|BigFatMantis has 20 seconds left.
|inactive|BigFatMantis has 15 seconds left.
|
|t:|1654307779
|switch|p1a: Salamence|Salamence, M|100/100
|-ability|p1a: Salamence|Intimidate|boost
|-unboost|p2a: Tangrowth|atk|1
|switch|p2a: Incineroar|Incineroar, M|68/100
|-damage|p2a: Incineroar|43/100|[from] Stealth Rock
|-ability|p2a: Incineroar|Intimidate|boost
|-unboost|p1a: Salamence|atk|1
|
|upkeep
|turn|23
|inactive|BigFatMantis has 25 seconds left this turn.
|inactive|Adaam has 30 seconds left.
|inactive|BigFatMantis has 20 seconds left.
|inactive|BigFatMantis has 15 seconds left.
|inactive|BigFatMantis has 10 seconds left.
|inactive|Adaam has 20 seconds left.
|inactive|Adaam has 15 seconds left.
|inactive|Adaam has 10 seconds left.
|
|t:|1654307810
|switch|p1a: Hippowdon|Hippowdon, F|70/100
|-weather|Sandstorm|[from] ability: Sand Stream|[of] p1a: Hippowdon
|move|p2a: Incineroar|Parting Shot|p1a: Hippowdon
|-unboost|p1a: Hippowdon|atk|1
|-unboost|p1a: Hippowdon|spa|1
|inactive|Adaam has 15 seconds left this turn.
|inactive|BigFatMantis has 15 seconds left this turn.
|inactive|BigFatMantis has 10 seconds left.
|
|t:|1654307817
|switch|p2a: Tangrowth|Tangrowth, M|74/100|[from]move: Parting Shot
|-damage|p2a: Tangrowth|61/100|[from] Stealth Rock
|
|-weather|Sandstorm|[upkeep]
|-damage|p2a: Tangrowth|55/100|[from] Sandstorm
|upkeep
|turn|24
|inactive|Adaam has 25 seconds left this turn.
|inactive|BigFatMantis has 20 seconds left this turn.
|inactive|Adaam has 20 seconds left.
|inactive|BigFatMantis has 15 seconds left.
|inactive|BigFatMantis has 10 seconds left.
|
|t:|1654307831
|switch|p2a: Excadrill|Excadrill, M|100/100
|-damage|p2a: Excadrill|97/100|[from] Stealth Rock
|-ability|p2a: Excadrill|Mold Breaker
|switch|p1a: Salamence|Salamence, M|100/100
|-ability|p1a: Salamence|Intimidate|boost
|-unboost|p2a: Excadrill|atk|1
|
|-weather|Sandstorm|[upkeep]
|-damage|p1a: Salamence|94/100|[from] Sandstorm
|upkeep
|turn|25
|inactive|Adaam has 30 seconds left this turn.
|inactive|BigFatMantis has 20 seconds left this turn.
|
|t:|1654307835
|move|p1a: Salamence|Flamethrower|p2a: Excadrill
|-supereffective|p2a: Excadrill
|-crit|p2a: Excadrill
|-damage|p2a: Excadrill|8/100
|move|p2a: Excadrill|Rapid Spin|p1a: Salamence
|-damage|p1a: Salamence|81/100
|-boost|p2a: Excadrill|spe|1
|-sideend|p2: BigFatMantis|Stealth Rock|[from] move: Rapid Spin|[of] p2a: Excadrill
|
|-weather|Sandstorm|[upkeep]
|-damage|p1a: Salamence|75/100|[from] Sandstorm
|upkeep
|turn|26
|inactive|BigFatMantis has 30 seconds left this turn.
|
|t:|1654307844
|move|p2a: Excadrill|Stealth Rock|p1a: Salamence
|-sidestart|p1: Adaam|move: Stealth Rock
|move|p1a: Salamence|Dual Wingbeat|p2a: Excadrill
|-resisted|p2a: Excadrill
|-damage|p2a: Excadrill|0 fnt
|faint|p2a: Excadrill
|-hitcount|p2: Excadrill|1
|
|-weather|Sandstorm|[upkeep]
|-damage|p1a: Salamence|69/100|[from] Sandstorm
|upkeep
|inactive|BigFatMantis has 30 seconds left this turn.
|inactive|BigFatMantis has 20 seconds left.
|
|t:|1654307855
|switch|p2a: Starmie|Starmie|40/100
|turn|27
|inactive|BigFatMantis has 30 seconds left this turn.
|inactive|BigFatMantis has 20 seconds left.
|inactive|Adaam has 30 seconds left.
|
|t:|1654307876
|move|p2a: Starmie|Recover|p2a: Starmie
|-heal|p2a: Starmie|90/100
|move|p1a: Salamence|Dual Wingbeat|p2a: Starmie
|-damage|p2a: Starmie|65/100
|-damage|p2a: Starmie|40/100
|-hitcount|p2a: Starmie|2
|
|-weather|none
|upkeep
|turn|28
|inactive|BigFatMantis has 30 seconds left this turn.
|inactive|Adaam has 30 seconds left.
|inactive|BigFatMantis has 20 seconds left.
|
|t:|1654307887
|switch|p1a: Ditto|Ditto|29/100
|-damage|p1a: Ditto|16/100|[from] Stealth Rock
|-transform|p1a: Ditto|p2a: Starmie|[from] ability: Imposter
|move|p2a: Starmie|Ice Beam|p1a: Ditto
|-resisted|p1a: Ditto
|-damage|p1a: Ditto|0 fnt
|faint|p1a: Ditto
|-damage|p2a: Starmie|30/100|[from] item: Life Orb
|
|upkeep
|inactive|BigFatMantis has 25 seconds left this turn.
|inactive|Adaam has 30 seconds left.
|inactive|Adaam has 20 seconds left.
|
|t:|1654307903
|switch|p1a: Slowking|Slowking, F|100/100 brn
|-damage|p1a: Slowking|88/100 brn|[from] Stealth Rock
|turn|29
|inactive|Adaam has 30 seconds left this turn.
|inactive|BigFatMantis has 30 seconds left.
|
|t:|1654307917
|move|p2a: Starmie|Recover|p2a: Starmie
|-heal|p2a: Starmie|80/100
|move|p1a: Slowking|Calm Mind|p1a: Slowking
|-boost|p1a: Slowking|spa|1
|-boost|p1a: Slowking|spd|1
|
|-damage|p1a: Slowking|82/100 brn|[from] brn
|upkeep
|turn|30
|inactive|BigFatMantis has 30 seconds left.
|
|t:|1654307924
|switch|p2a: Incineroar|Incineroar, M|43/100
|-ability|p2a: Incineroar|Intimidate|boost
|-unboost|p1a: Slowking|atk|1
|move|p1a: Slowking|Scald|p2a: Incineroar
|-supereffective|p2a: Incineroar
|-damage|p2a: Incineroar|0 fnt
|faint|p2a: Incineroar
|
|-damage|p1a: Slowking|76/100 brn|[from] brn
|upkeep
|inactive|BigFatMantis has 30 seconds left.
|inactive|BigFatMantis has 20 seconds left.
|
|t:|1654307940
|switch|p2a: Tangrowth|Tangrowth, M|88/100
|turn|31
|inactive|BigFatMantis has 30 seconds left this turn.
|inactive|BigFatMantis has 20 seconds left.
|
|t:|1654307951
|switch|p1a: Salamence|Salamence, M|69/100
|-ability|p1a: Salamence|Intimidate|boost
|-unboost|p2a: Tangrowth|atk|1
|move|p2a: Tangrowth|Knock Off|p1a: Salamence
|-damage|p1a: Salamence|39/100
|-enditem|p1a: Salamence|Heavy-Duty Boots|[from] move: Knock Off|[of] p2a: Tangrowth
|
|upkeep
|turn|32
|inactive|BigFatMantis has 30 seconds left this turn.
|inactive|BigFatMantis has 20 seconds left.
|
|t:|1654307967
|switch|p2a: Starmie|Starmie|80/100
|move|p1a: Salamence|Defog|p2a: Starmie
|-unboost|p2a: Starmie|evasion|1
|-sideend|p1: Adaam|Stealth Rock|[from] move: Defog|[of] p1a: Salamence
|
|upkeep
|turn|33
|inactive|BigFatMantis has 30 seconds left this turn.
|
|t:|1654307976
|switch|p1a: Hippowdon|Hippowdon, F|70/100
|-weather|Sandstorm|[from] ability: Sand Stream|[of] p1a: Hippowdon
|move|p2a: Starmie|Thunderbolt|p1a: Hippowdon
|-immune|p1a: Hippowdon
|
|-weather|Sandstorm|[upkeep]
|-damage|p2a: Starmie|74/100|[from] Sandstorm
|upkeep
|turn|34
|inactive|BigFatMantis has 30 seconds left.
|
|t:|1654307985
|switch|p1a: Slowking|Slowking, F|100/100 brn
|move|p2a: Starmie|Hydro Pump|p1a: Slowking
|-resisted|p1a: Slowking
|-damage|p1a: Slowking|68/100 brn
|-damage|p2a: Starmie|64/100|[from] item: Life Orb
|
|-weather|Sandstorm|[upkeep]
|-damage|p2a: Starmie|58/100|[from] Sandstorm
|-damage|p1a: Slowking|62/100 brn|[from] Sandstorm
|-damage|p1a: Slowking|56/100 brn|[from] brn
|upkeep
|turn|35
|
|t:|1654307996
|switch|p1a: Hippowdon|Hippowdon, F|70/100
|move|p2a: Starmie|Recover|p2a: Starmie
|-heal|p2a: Starmie|100/100
|
|-weather|Sandstorm|[upkeep]
|-damage|p2a: Starmie|94/100|[from] Sandstorm
|upkeep
|turn|36
|
|t:|1654308006
|move|p2a: Starmie|Hydro Pump|p1a: Hippowdon
|-supereffective|p1a: Hippowdon
|-damage|p1a: Hippowdon|0 fnt
|faint|p1a: Hippowdon
|-damage|p2a: Starmie|84/100|[from] item: Life Orb
|
|-weather|Sandstorm|[upkeep]
|-damage|p2a: Starmie|78/100|[from] Sandstorm
|upkeep
|
|t:|1654308011
|switch|p1a: Slowking|Slowking, F|89/100 brn
|turn|37
|inactive|Adaam has 60 seconds left.
|
|t:|1654308019
|move|p2a: Starmie|Thunderbolt|p1a: Slowking
|-supereffective|p1a: Slowking
|-damage|p1a: Slowking|30/100 brn
|-damage|p2a: Starmie|68/100|[from] item: Life Orb
|move|p1a: Slowking|Slack Off|p1a: Slowking
|-heal|p1a: Slowking|80/100 brn
|
|-weather|none
|-damage|p1a: Slowking|74/100 brn|[from] brn
|upkeep
|turn|38
|inactive|Adaam has 60 seconds left.
|inactive|BigFatMantis has 30 seconds left.
|
|t:|1654308045
|switch|p2a: Tangrowth|Tangrowth, M|100/100
|move|p1a: Slowking|Calm Mind|p1a: Slowking
|-boost|p1a: Slowking|spa|1
|-boost|p1a: Slowking|spd|1
|
|-damage|p1a: Slowking|68/100 brn|[from] brn
|upkeep
|turn|39
|inactive|Adaam has 60 seconds left.
|inactive|BigFatMantis has 30 seconds left.
|
|t:|1654308062
|switch|p1a: Salamence|Salamence, M|39/100
|-ability|p1a: Salamence|Intimidate|boost
|-unboost|p2a: Tangrowth|atk|1
|move|p2a: Tangrowth|Rock Slide|p1a: Salamence
|-supereffective|p1a: Salamence
|-damage|p1a: Salamence|0 fnt
|faint|p1a: Salamence
|
|upkeep
|inactive|BigFatMantis has 30 seconds left this turn.
|
|t:|1654308069
|switch|p1a: Slowking|Slowking, F|100/100 brn
|turn|40
|
|t:|1654308076
|switch|p2a: Scizor|Scizor, F|74/100
|move|p1a: Slowking|Calm Mind|p1a: Slowking
|-boost|p1a: Slowking|spa|1
|-boost|p1a: Slowking|spd|1
|
|-damage|p1a: Slowking|94/100 brn|[from] brn
|upkeep
|turn|41
|
|t:|1654308080
|move|p2a: Scizor|Knock Off|p1a: Slowking
|-supereffective|p1a: Slowking
|-enditem|p1a: Slowking|Colbur Berry|[eat]
|-enditem|p1a: Slowking|Colbur Berry|[weaken]
|-damage|p1a: Slowking|58/100 brn
|-damage|p2a: Scizor|64/100|[from] item: Life Orb
|move|p1a: Slowking|Scald|p2a: Scizor
|-damage|p2a: Scizor|1/100
|
|-damage|p1a: Slowking|52/100 brn|[from] brn
|upkeep
|turn|42
|
|t:|1654308093
|move|p2a: Scizor|Swords Dance|p2a: Scizor
|-boost|p2a: Scizor|atk|2
|move|p1a: Slowking|Slack Off|p1a: Slowking
|-heal|p1a: Slowking|100/100 brn
|
|-damage|p1a: Slowking|94/100 brn|[from] brn
|upkeep
|turn|43
|
|t:|1654308105
|move|p2a: Scizor|Knock Off|p1a: Slowking
|-supereffective|p1a: Slowking
|-damage|p1a: Slowking|0 fnt
|faint|p1a: Slowking
|-damage|p2a: Scizor|0 fnt|[from] item: Life Orb
|faint|p2a: Scizor
|
|upkeep
|
|t:|1654308111
|switch|p2a: Starmie|Starmie|68/100
|switch|p1a: Zarude|Zarude-Dada|52/100
|turn|44
|c|☆Adaam|gg
|
|t:|1654308115
|move|p2a: Starmie|Ice Beam|p1a: Zarude
|-supereffective|p1a: Zarude
|-damage|p1a: Zarude|0 fnt
|faint|p1a: Zarude
|-damage|p2a: Starmie|58/100|[from] item: Life Orb
|
|win|BigFatMantis
|c|☆BigFatMantis|gg
|player|p1|Adaam|#uutrio2ladder
|player|p1|
