|inactive|Battle timer is ON: inactive players will automatically lose when time's up.
|t:|1657572212
|gametype|singles
|player|p1|Dunoks|#fcl9mighty|
|player|p2|Lily|#lily|
|teamsize|p1|6
|teamsize|p2|6
|gen|8
|tier|[Gen 8] UU
|rule|Sleep Clause Mod: Limit one foe put to sleep
|rule|Species Clause: Limit one of each Pokémon
|rule|OHKO Clause: OHKO moves are banned
|rule|Evasion Moves Clause: Evasion moves are banned
|rule|Endless Battle Clause: Forcing endless battles is banned
|rule|HP Percentage Mod: HP is shown in percentages
|rule|Dynamax Clause: You cannot dynamax
|clearpoke
|poke|p1|Rotom-Wash|
|poke|p1|Hippowdon, F|
|poke|p1|Scizor, F|
|poke|p1|Hydreigon, M|
|poke|p1|Amoonguss, F|
|poke|p1|Crobat, F|
|poke|p2|Crobat, F|
|poke|p2|Chansey, F|
|poke|p2|Scizor, M|
|poke|p2|Salamence, F|
|poke|p2|Slowking, M|
|poke|p2|Hippowdon, F|
|teampreview
|c|☆Lily|hf
|c|☆Dunoks|hf 
|inactive|Dunoks has 270 seconds left.
|inactive|Lily has 270 seconds left.
|inactive|Dunoks has 240 seconds left.
|inactive|Lily has 240 seconds left.
|c|+LpZ IV|bat double
|c|+KM|yasss
|inactive|Dunoks has 210 seconds left.
|
|t:|1657572313
|start
|switch|p1a: Rotom|Rotom-Wash|100/100
|switch|p2a: Free Woman|Chansey, F|100/100
|turn|1
|
|t:|1657572317
|move|p1a: Rotom|Volt Switch|p2a: Free Woman
|-damage|p2a: Free Woman|92/100
|inactive|Dunoks has 270 seconds left.
|c|+basaninho|Dunoks allez mon grand !!!
|c|+Mimilucha|LFGI DUNOKS
|
|t:|1657572338
|switch|p1a: Scizor|Scizor, F|100/100|[from]move: Volt Switch
|move|p2a: Free Woman|Stealth Rock|p1a: Scizor
|-sidestart|p1: Dunoks|move: Stealth Rock
|
|upkeep
|turn|2
|
|t:|1657572345
|move|p1a: Scizor|U-turn|p2a: Free Woman
|-damage|p2a: Free Woman|70/100
|
|t:|1657572349
|switch|p1a: Amoonguss|Amoonguss, F|100/100|[from]move: U-turn
|-damage|p1a: Amoonguss|88/100|[from] Stealth Rock
|move|p2a: Free Woman|Seismic Toss|p1a: Amoonguss
|-damage|p1a: Amoonguss|65/100
|-damage|p2a: Free Woman|53/100|[from] item: Rocky Helmet|[of] p1a: Amoonguss
|
|upkeep
|turn|3
|inactive|Dunoks has 270 seconds left.
|
|t:|1657572356
|switch|p1a: Scizor|Scizor, F|100/100
|move|p2a: Free Woman|Soft-Boiled|p2a: Free Woman
|-heal|p2a: Free Woman|100/100
|
|upkeep
|turn|4
|
|t:|1657572358
|switch|p2a: Babylon|Scizor, M|100/100
|move|p1a: Scizor|U-turn|p2a: Babylon
|-resisted|p2a: Babylon
|-damage|p2a: Babylon|88/100
|-damage|p1a: Scizor|84/100|[from] item: Rocky Helmet|[of] p2a: Babylon
|
|t:|1657572369
|switch|p1a: Amoonguss|Amoonguss, F|98/100|[from]move: U-turn
|-damage|p1a: Amoonguss|86/100|[from] Stealth Rock
|
|upkeep
|turn|5
|
|t:|1657572375
|move|p2a: Babylon|Knock Off|p1a: Amoonguss
|-damage|p1a: Amoonguss|66/100
|-damage|p2a: Babylon|71/100|[from] item: Rocky Helmet|[of] p1a: Amoonguss
|-enditem|p1a: Amoonguss|Rocky Helmet|[from] move: Knock Off|[of] p2a: Babylon
|move|p1a: Amoonguss|Spore|p2a: Babylon
|-status|p2a: Babylon|slp|[from] move: Spore
|
|upkeep
|turn|6
|
|t:|1657572386
|switch|p1a: Hippowdon|Hippowdon, F|100/100
|-damage|p1a: Hippowdon|94/100|[from] Stealth Rock
|-weather|Sandstorm|[from] ability: Sand Stream|[of] p1a: Hippowdon
|cant|p2a: Babylon|slp
|
|-weather|Sandstorm|[upkeep]
|-heal|p1a: Hippowdon|100/100|[from] item: Leftovers
|upkeep
|turn|7
|
|t:|1657572388
|-curestatus|p2a: Babylon|slp|[msg]
|move|p2a: Babylon|Knock Off|p1a: Hippowdon
|-damage|p1a: Hippowdon|82/100
|-enditem|p1a: Hippowdon|Leftovers|[from] move: Knock Off|[of] p2a: Babylon
|move|p1a: Hippowdon|Stealth Rock|p2a: Babylon
|-sidestart|p2: Lily|move: Stealth Rock
|
|-weather|Sandstorm|[upkeep]
|upkeep
|turn|8
|
|t:|1657572394
|move|p2a: Babylon|Roost|p2a: Babylon
|-heal|p2a: Babylon|100/100
|-singleturn|p2a: Babylon|move: Roost
|move|p1a: Hippowdon|Earthquake|p2a: Babylon
|-damage|p2a: Babylon|72/100
|
|-weather|Sandstorm|[upkeep]
|upkeep
|turn|9
|c|+basaninho|On shoota babylon ici 
|
|t:|1657572400
|move|p2a: Babylon|Knock Off|p1a: Hippowdon
|-damage|p1a: Hippowdon|68/100
|move|p1a: Hippowdon|Earthquake|p2a: Babylon
|-damage|p2a: Babylon|43/100
|
|-weather|Sandstorm|[upkeep]
|upkeep
|turn|10
|
|t:|1657572403
|move|p2a: Babylon|Roost|p2a: Babylon
|-heal|p2a: Babylon|94/100
|-singleturn|p2a: Babylon|move: Roost
|move|p1a: Hippowdon|Slack Off|p1a: Hippowdon
|-heal|p1a: Hippowdon|100/100
|
|-weather|none
|upkeep
|turn|11
|c|+Mimilucha|hippo le facho
|
|t:|1657572408
|switch|p1a: Amoonguss|Amoonguss, F|99/100
|-damage|p1a: Amoonguss|87/100|[from] Stealth Rock
|move|p2a: Babylon|Bullet Punch|p1a: Amoonguss
|-damage|p1a: Amoonguss|67/100
|
|upkeep
|turn|12
|c|+basaninho|Mdddr
|
|t:|1657572425
|switch|p2a: Replay|Slowking, M|100/100
|-damage|p2a: Replay|88/100|[from] Stealth Rock
|move|p1a: Amoonguss|Spore|p2a: Replay
|-status|p2a: Replay|slp|[from] move: Spore
|
|upkeep
|turn|13
|
|t:|1657572428
|switch|p1a: Hydreigon|Hydreigon, M|100/100
|-damage|p1a: Hydreigon|88/100|[from] Stealth Rock
|switch|p2a: 911|Crobat, F|100/100
|
|upkeep
|turn|14
|
|t:|1657572445
|switch|p1a: Rotom|Rotom-Wash|100/100
|-damage|p1a: Rotom|88/100|[from] Stealth Rock
|move|p2a: 911|U-turn|p1a: Rotom
|-damage|p1a: Rotom|71/100
|
|t:|1657572450
|switch|p2a: Sour Candy|Hippowdon, F|100/100|[from]move: U-turn
|-damage|p2a: Sour Candy|94/100|[from] Stealth Rock
|-weather|Sandstorm|[from] ability: Sand Stream|[of] p2a: Sour Candy
|
|-weather|Sandstorm|[upkeep]
|-damage|p1a: Rotom|64/100|[from] Sandstorm
|-heal|p1a: Rotom|71/100|[from] item: Leftovers
|-heal|p2a: Sour Candy|100/100|[from] item: Leftovers
|upkeep
|turn|15
|
|t:|1657572461
|switch|p1a: Scizor|Scizor, F|84/100
|move|p2a: Sour Candy|Toxic|p1a: Scizor
|-immune|p1a: Scizor
|
|-weather|Sandstorm|[upkeep]
|upkeep
|turn|16
|
|t:|1657572477
|move|p1a: Scizor|Swords Dance|p1a: Scizor
|-boost|p1a: Scizor|atk|2
|move|p2a: Sour Candy|Earthquake|p1a: Scizor
|-damage|p1a: Scizor|50/100
|
|-weather|Sandstorm|[upkeep]
|upkeep
|turn|17
|
|t:|1657572480
|switch|p2a: Rain On Me|Salamence, F|100/100
|-ability|p2a: Rain On Me|Intimidate|boost
|-unboost|p1a: Scizor|atk|1
|move|p1a: Scizor|Roost|p1a: Scizor
|-heal|p1a: Scizor|100/100
|-singleturn|p1a: Scizor|move: Roost
|
|-weather|Sandstorm|[upkeep]
|-damage|p2a: Rain On Me|94/100|[from] Sandstorm
|upkeep
|turn|18
|
|t:|1657572485
|switch|p1a: Hippowdon|Hippowdon, F|100/100
|-damage|p1a: Hippowdon|94/100|[from] Stealth Rock
|move|p2a: Rain On Me|Flamethrower|p1a: Hippowdon
|-damage|p1a: Hippowdon|78/100
|
|-weather|none
|upkeep
|turn|19
|
|t:|1657572492
|switch|p2a: 911|Crobat, F|100/100
|move|p1a: Hippowdon|Earthquake|p2a: 911
|-immune|p2a: 911
|
|upkeep
|turn|20
|
|t:|1657572498
|switch|p1a: Rotom|Rotom-Wash|71/100
|-damage|p1a: Rotom|58/100|[from] Stealth Rock
|move|p2a: 911|Brave Bird|p1a: Rotom
|-resisted|p1a: Rotom
|-damage|p1a: Rotom|37/100
|-damage|p2a: 911|94/100|[from] Recoil
|
|-heal|p1a: Rotom|44/100|[from] item: Leftovers
|upkeep
|turn|21
|
|t:|1657572503
|move|p2a: 911|U-turn|p1a: Rotom
|-damage|p1a: Rotom|26/100
|
|t:|1657572516
|switch|p2a: Free Woman|Chansey, F|100/100|[from]move: U-turn
|-damage|p2a: Free Woman|88/100|[from] Stealth Rock
|move|p1a: Rotom|Pain Split|p2a: Free Woman
|-sethp|p2a: Free Woman|50/100|[from] move: Pain Split|[silent]
|-sethp|p1a: Rotom|100/100|[from] move: Pain Split
|
|upkeep
|turn|22
|
|t:|1657572531
|move|p1a: Rotom|Volt Switch|p2a: Free Woman
|-damage|p2a: Free Woman|42/100
|
|t:|1657572539
|switch|p1a: Scizor|Scizor, F|100/100|[from]move: Volt Switch
|move|p2a: Free Woman|Soft-Boiled|p2a: Free Woman
|-heal|p2a: Free Woman|92/100
|
|upkeep
|turn|23
|
|t:|1657572553
|move|p1a: Scizor|U-turn|p2a: Free Woman
|-damage|p2a: Free Woman|70/100
|
|t:|1657572558
|switch|p1a: Amoonguss|Amoonguss, F|99/100|[from]move: U-turn
|-damage|p1a: Amoonguss|88/100|[from] Stealth Rock
|move|p2a: Free Woman|Seismic Toss|p1a: Amoonguss
|-damage|p1a: Amoonguss|65/100
|
|upkeep
|turn|24
|
|t:|1657572560
|switch|p1a: Scizor|Scizor, F|100/100
|move|p2a: Free Woman|Seismic Toss|p1a: Scizor
|-damage|p1a: Scizor|71/100
|
|upkeep
|turn|25
|
|t:|1657572563
|move|p1a: Scizor|Swords Dance|p1a: Scizor
|-boost|p1a: Scizor|atk|2
|move|p2a: Free Woman|Seismic Toss|p1a: Scizor
|-damage|p1a: Scizor|42/100
|
|upkeep
|turn|26
|
|t:|1657572564
|switch|p2a: Rain On Me|Salamence, F|94/100
|-ability|p2a: Rain On Me|Intimidate|boost
|-unboost|p1a: Scizor|atk|1
|move|p1a: Scizor|Roost|p1a: Scizor
|-heal|p1a: Scizor|92/100
|-singleturn|p1a: Scizor|move: Roost
|
|upkeep
|turn|27
|
|t:|1657572569
|switch|p1a: Crobat|Crobat, F|100/100
|move|p2a: Rain On Me|Flamethrower|p1a: Crobat
|-damage|p1a: Crobat|76/100
|
|upkeep
|turn|28
|
|t:|1657572586
|move|p1a: Crobat|U-turn|p2a: Rain On Me
|-resisted|p2a: Rain On Me
|-damage|p2a: Rain On Me|88/100
|
|t:|1657572588
|switch|p1a: Hippowdon|Hippowdon, F|78/100|[from]move: U-turn
|-damage|p1a: Hippowdon|72/100|[from] Stealth Rock
|-weather|Sandstorm|[from] ability: Sand Stream|[of] p1a: Hippowdon
|move|p2a: Rain On Me|Flamethrower|p1a: Hippowdon
|-damage|p1a: Hippowdon|54/100
|
|-weather|Sandstorm|[upkeep]
|-damage|p2a: Rain On Me|82/100|[from] Sandstorm
|upkeep
|turn|29
|
|t:|1657572593
|switch|p2a: 911|Crobat, F|94/100
|move|p1a: Hippowdon|Toxic|p2a: 911
|-immune|p2a: 911
|
|-weather|Sandstorm|[upkeep]
|-damage|p2a: 911|88/100|[from] Sandstorm
|upkeep
|turn|30
|
|t:|1657572597
|switch|p1a: Rotom|Rotom-Wash|100/100
|-damage|p1a: Rotom|88/100|[from] Stealth Rock
|move|p2a: 911|U-turn|p1a: Rotom
|-damage|p1a: Rotom|71/100
|
|t:|1657572599
|switch|p2a: Sour Candy|Hippowdon, F|100/100|[from]move: U-turn
|-damage|p2a: Sour Candy|94/100|[from] Stealth Rock
|
|-weather|Sandstorm|[upkeep]
|-damage|p1a: Rotom|65/100|[from] Sandstorm
|-heal|p1a: Rotom|71/100|[from] item: Leftovers
|-heal|p2a: Sour Candy|100/100|[from] item: Leftovers
|upkeep
|turn|31
|
|t:|1657572602
|switch|p1a: Scizor|Scizor, F|92/100
|move|p2a: Sour Candy|Toxic|p1a: Scizor
|-immune|p1a: Scizor
|
|-weather|Sandstorm|[upkeep]
|upkeep
|turn|32
|
|t:|1657572607
|move|p1a: Scizor|U-turn|p2a: Sour Candy
|-damage|p2a: Sour Candy|81/100
|
|t:|1657572610
|switch|p1a: Crobat|Crobat, F|76/100|[from]move: U-turn
|move|p2a: Sour Candy|Earthquake|p1a: Crobat
|-immune|p1a: Crobat
|
|-weather|none
|-heal|p2a: Sour Candy|87/100|[from] item: Leftovers
|upkeep
|turn|33
|
|t:|1657572616
|move|p1a: Crobat|Taunt|p2a: Sour Candy
|-start|p2a: Sour Candy|move: Taunt
|move|p2a: Sour Candy|Heavy Slam|p1a: Crobat
|-damage|p1a: Crobat|47/100
|
|-heal|p2a: Sour Candy|93/100|[from] item: Leftovers
|upkeep
|turn|34
|
|t:|1657572618
|move|p1a: Crobat|U-turn|p2a: Sour Candy
|-damage|p2a: Sour Candy|81/100
|
|t:|1657572621
|switch|p1a: Rotom|Rotom-Wash|71/100|[from]move: U-turn
|-damage|p1a: Rotom|59/100|[from] Stealth Rock
|move|p2a: Sour Candy|Earthquake|p1a: Rotom
|-immune|p1a: Rotom|[from] ability: Levitate
|
|-heal|p1a: Rotom|65/100|[from] item: Leftovers
|-heal|p2a: Sour Candy|88/100|[from] item: Leftovers
|upkeep
|turn|35
|
|t:|1657572625
|switch|p2a: Rain On Me|Salamence, F|82/100
|-ability|p2a: Rain On Me|Intimidate|boost
|-unboost|p1a: Rotom|atk|1
|move|p1a: Rotom|Volt Switch|p2a: Rain On Me
|-damage|p2a: Rain On Me|57/100
|inactive|Dunoks has 270 seconds left.
|inactive|Dunoks has 240 seconds left.
|
|t:|1657572707
|switch|p1a: Hydreigon|Hydreigon, M|88/100|[from]move: Volt Switch
|-damage|p1a: Hydreigon|76/100|[from] Stealth Rock
|
|upkeep
|turn|36
|inactive|Dunoks has 210 seconds left.
|
|t:|1657572727
|switch|p2a: Replay|Slowking, M|100/100 slp
|-damage|p2a: Replay|88/100 slp|[from] Stealth Rock
|move|p1a: Hydreigon|Draco Meteor|p2a: Replay
|-damage|p2a: Replay|5/100 slp
|-unboost|p1a: Hydreigon|spa|2
|
|upkeep
|turn|37
|inactive|Dunoks has 210 seconds left.
|
|t:|1657572751
|switch|p1a: Crobat|Crobat, F|47/100
|switch|p2a: 911|Crobat, F|88/100
|
|upkeep
|turn|38
|
|t:|1657572754
|switch|p1a: Rotom|Rotom-Wash|65/100
|-damage|p1a: Rotom|52/100|[from] Stealth Rock
|move|p2a: 911|Brave Bird|p1a: Rotom
|-resisted|p1a: Rotom
|-damage|p1a: Rotom|28/100
|-damage|p2a: 911|80/100|[from] Recoil
|
|-heal|p1a: Rotom|34/100|[from] item: Leftovers
|upkeep
|turn|39
|
|t:|1657572763
|move|p2a: 911|Taunt|p1a: Rotom
|-start|p1a: Rotom|move: Taunt
|move|p1a: Rotom|Hydro Pump|p2a: 911
|-damage|p2a: 911|26/100
|
|-heal|p1a: Rotom|41/100|[from] item: Leftovers
|upkeep
|turn|40
|
|t:|1657572773
|switch|p1a: Scizor|Scizor, F|92/100
|move|p2a: 911|Roost|p2a: 911
|-heal|p2a: 911|76/100
|-singleturn|p2a: 911|move: Roost
|
|upkeep
|turn|41
|
|t:|1657572779
|move|p2a: 911|Brave Bird|p1a: Scizor
|-damage|p1a: Scizor|47/100
|-damage|p2a: 911|60/100|[from] Recoil
|move|p1a: Scizor|U-turn|p2a: 911
|-resisted|p2a: 911
|-damage|p2a: 911|48/100
|
|t:|1657572788
|switch|p1a: Rotom|Rotom-Wash|41/100|[from]move: U-turn
|-damage|p1a: Rotom|28/100|[from] Stealth Rock
|
|-heal|p1a: Rotom|34/100|[from] item: Leftovers
|upkeep
|turn|42
|
|t:|1657572804
|move|p2a: 911|U-turn|p1a: Rotom
|-damage|p1a: Rotom|15/100
|
|t:|1657572806
|switch|p2a: Sour Candy|Hippowdon, F|88/100|[from]move: U-turn
|-damage|p2a: Sour Candy|81/100|[from] Stealth Rock
|-weather|Sandstorm|[from] ability: Sand Stream|[of] p2a: Sour Candy
|move|p1a: Rotom|Pain Split|p2a: Sour Candy
|-sethp|p2a: Sour Candy|46/100|[from] move: Pain Split|[silent]
|-sethp|p1a: Rotom|64/100|[from] move: Pain Split
|
|-weather|Sandstorm|[upkeep]
|-damage|p1a: Rotom|57/100|[from] Sandstorm
|-heal|p1a: Rotom|64/100|[from] item: Leftovers
|-heal|p2a: Sour Candy|52/100|[from] item: Leftovers
|upkeep
|turn|43
|
|t:|1657572831
|switch|p2a: Free Woman|Chansey, F|70/100
|-damage|p2a: Free Woman|57/100|[from] Stealth Rock
|move|p1a: Rotom|Volt Switch|p2a: Free Woman
|-damage|p2a: Free Woman|49/100
|
|t:|1657572844
|switch|p1a: Crobat|Crobat, F|47/100|[from]move: Volt Switch
|
|-weather|Sandstorm|[upkeep]
|-damage|p1a: Crobat|41/100|[from] Sandstorm
|-damage|p2a: Free Woman|43/100|[from] Sandstorm
|upkeep
|turn|44
|
|t:|1657572847
|move|p1a: Crobat|Roost|p1a: Crobat
|-heal|p1a: Crobat|91/100
|-singleturn|p1a: Crobat|move: Roost
|move|p2a: Free Woman|Soft-Boiled|p2a: Free Woman
|-heal|p2a: Free Woman|93/100
|
|-weather|Sandstorm|[upkeep]
|-damage|p1a: Crobat|85/100|[from] Sandstorm
|-damage|p2a: Free Woman|87/100|[from] Sandstorm
|upkeep
|turn|45
|
|t:|1657572850
|move|p1a: Crobat|U-turn|p2a: Free Woman
|-damage|p2a: Free Woman|75/100
|
|t:|1657572853
|switch|p1a: Scizor|Scizor, F|47/100|[from]move: U-turn
|move|p2a: Free Woman|Seismic Toss|p1a: Scizor
|-damage|p1a: Scizor|18/100
|
|-weather|Sandstorm|[upkeep]
|-damage|p2a: Free Woman|68/100|[from] Sandstorm
|upkeep
|turn|46
|
|t:|1657572856
|switch|p2a: Rain On Me|Salamence, F|57/100
|-ability|p2a: Rain On Me|Intimidate|boost
|-unboost|p1a: Scizor|atk|1
|move|p1a: Scizor|Roost|p1a: Scizor
|-heal|p1a: Scizor|68/100
|-singleturn|p1a: Scizor|move: Roost
|
|-weather|none
|upkeep
|turn|47
|
|t:|1657572860
|switch|p1a: Hydreigon|Hydreigon, M|76/100
|-damage|p1a: Hydreigon|64/100|[from] Stealth Rock
|move|p2a: Rain On Me|Flamethrower|p1a: Hydreigon
|-resisted|p1a: Hydreigon
|-damage|p1a: Hydreigon|51/100
|
|upkeep
|turn|48
|
|t:|1657572884
|switch|p2a: Free Woman|Chansey, F|68/100
|-damage|p2a: Free Woman|56/100|[from] Stealth Rock
|move|p1a: Hydreigon|Roost|p1a: Hydreigon
|-heal|p1a: Hydreigon|100/100
|-singleturn|p1a: Hydreigon|move: Roost
|
|upkeep
|turn|49
|
|t:|1657572890
|switch|p1a: Scizor|Scizor, F|68/100
|move|p2a: Free Woman|Soft-Boiled|p2a: Free Woman
|-heal|p2a: Free Woman|100/100
|
|upkeep
|turn|50
|
|t:|1657572899
|switch|p2a: Rain On Me|Salamence, F|57/100
|-ability|p2a: Rain On Me|Intimidate|boost
|-unboost|p1a: Scizor|atk|1
|move|p1a: Scizor|U-turn|p2a: Rain On Me
|-resisted|p2a: Rain On Me
|-damage|p2a: Rain On Me|49/100
|
|t:|1657572915
|switch|p1a: Hydreigon|Hydreigon, M|100/100|[from]move: U-turn
|-damage|p1a: Hydreigon|88/100|[from] Stealth Rock
|
|upkeep
|turn|51
|
|t:|1657572922
|switch|p2a: Free Woman|Chansey, F|100/100
|-damage|p2a: Free Woman|88/100|[from] Stealth Rock
|move|p1a: Hydreigon|Dark Pulse|p2a: Free Woman
|-damage|p2a: Free Woman|70/100
|
|upkeep
|turn|52
|
|t:|1657572930
|switch|p1a: Crobat|Crobat, F|85/100
|move|p2a: Free Woman|Soft-Boiled|p2a: Free Woman
|-heal|p2a: Free Woman|100/100
|
|upkeep
|turn|53
|inactive|Dunoks has 270 seconds left.
|
|t:|1657572935
|move|p1a: Crobat|U-turn|p2a: Free Woman
|-damage|p2a: Free Woman|88/100
|inactive|Dunoks has 270 seconds left.
|
|t:|1657572941
|switch|p1a: Scizor|Scizor, F|68/100|[from]move: U-turn
|move|p2a: Free Woman|Seismic Toss|p1a: Scizor
|-damage|p1a: Scizor|39/100
|
|upkeep
|turn|54
|
|t:|1657572945
|switch|p2a: Rain On Me|Salamence, F|49/100
|-ability|p2a: Rain On Me|Intimidate|boost
|-unboost|p1a: Scizor|atk|1
|move|p1a: Scizor|U-turn|p2a: Rain On Me
|-resisted|p2a: Rain On Me
|-damage|p2a: Rain On Me|40/100
|
|t:|1657572948
|switch|p1a: Crobat|Crobat, F|85/100|[from]move: U-turn
|
|upkeep
|turn|55
|
|t:|1657572953
|switch|p2a: Babylon|Scizor, M|94/100
|-damage|p2a: Babylon|81/100|[from] Stealth Rock
|move|p1a: Crobat|Brave Bird|p2a: Babylon
|-damage|p2a: Babylon|42/100
|-damage|p1a: Crobat|68/100|[from] item: Rocky Helmet|[of] p2a: Babylon
|-damage|p1a: Crobat|55/100|[from] Recoil
|
|upkeep
|turn|56
|
|t:|1657572961
|move|p1a: Crobat|Taunt|p2a: Babylon
|-start|p2a: Babylon|move: Taunt
|move|p2a: Babylon|Knock Off|p1a: Crobat
|-damage|p1a: Crobat|21/100
|-enditem|p1a: Crobat|Heavy-Duty Boots|[from] move: Knock Off|[of] p2a: Babylon
|
|upkeep
|turn|57
|
|t:|1657572977
|switch|p1a: Rotom|Rotom-Wash|64/100
|-damage|p1a: Rotom|51/100|[from] Stealth Rock
|move|p2a: Babylon|Knock Off|p1a: Rotom
|-damage|p1a: Rotom|27/100
|-enditem|p1a: Rotom|Leftovers|[from] move: Knock Off|[of] p2a: Babylon
|
|upkeep
|turn|58
|
|t:|1657572993
|move|p1a: Rotom|Pain Split|p2a: Babylon
|-sethp|p2a: Babylon|33/100|[from] move: Pain Split|[silent]
|-sethp|p1a: Rotom|37/100|[from] move: Pain Split
|move|p2a: Babylon|Knock Off|p1a: Rotom
|-damage|p1a: Rotom|21/100
|
|-end|p2a: Babylon|move: Taunt
|upkeep
|turn|59
|
|t:|1657572996
|switch|p2a: Rain On Me|Salamence, F|40/100
|-ability|p2a: Rain On Me|Intimidate|boost
|-unboost|p1a: Rotom|atk|1
|move|p1a: Rotom|Hydro Pump|p2a: Rain On Me
|-resisted|p2a: Rain On Me
|-damage|p2a: Rain On Me|21/100
|
|upkeep
|turn|60
|
|t:|1657573002
|move|p1a: Rotom|Pain Split|p2a: Rain On Me
|-sethp|p2a: Rain On Me|19/100|[from] move: Pain Split|[silent]
|-sethp|p1a: Rotom|24/100|[from] move: Pain Split
|move|p2a: Rain On Me|Roost|p2a: Rain On Me
|-heal|p2a: Rain On Me|69/100
|-singleturn|p2a: Rain On Me|move: Roost
|
|upkeep
|turn|61
|
|t:|1657573011
|switch|p2a: Free Woman|Chansey, F|88/100
|-damage|p2a: Free Woman|76/100|[from] Stealth Rock
|move|p1a: Rotom|Pain Split|p2a: Free Woman
|-sethp|p2a: Free Woman|43/100|[from] move: Pain Split|[silent]
|-sethp|p1a: Rotom|99/100|[from] move: Pain Split
|
|upkeep
|turn|62
|
|t:|1657573016
|move|p1a: Rotom|Defog|p2a: Free Woman
|-unboost|p2a: Free Woman|evasion|1
|-sideend|p2: Lily|Stealth Rock|[from] move: Defog|[of] p1a: Rotom
|-sideend|p1: Dunoks|Stealth Rock|[from] move: Defog|[of] p1a: Rotom
|move|p2a: Free Woman|Soft-Boiled|p2a: Free Woman
|-heal|p2a: Free Woman|93/100
|
|upkeep
|turn|63
|
|t:|1657573020
|move|p1a: Rotom|Volt Switch|p2a: Free Woman
|-damage|p2a: Free Woman|86/100
|
|t:|1657573023
|switch|p1a: Scizor|Scizor, F|39/100|[from]move: Volt Switch
|move|p2a: Free Woman|Seismic Toss|p1a: Scizor
|-damage|p1a: Scizor|10/100
|
|upkeep
|turn|64
|
|t:|1657573025
|move|p1a: Scizor|Roost|p1a: Scizor
|-heal|p1a: Scizor|60/100
|-singleturn|p1a: Scizor|move: Roost
|move|p2a: Free Woman|Stealth Rock|p1a: Scizor
|-sidestart|p1: Dunoks|move: Stealth Rock
|
|upkeep
|turn|65
|
|t:|1657573030
|move|p1a: Scizor|Roost|p1a: Scizor
|-heal|p1a: Scizor|100/100
|-singleturn|p1a: Scizor|move: Roost
|move|p2a: Free Woman|Seismic Toss|p1a: Scizor
|-damage|p1a: Scizor|71/100
|
|upkeep
|turn|66
|
|t:|1657573034
|move|p1a: Scizor|Swords Dance|p1a: Scizor
|-boost|p1a: Scizor|atk|2
|move|p2a: Free Woman|Seismic Toss|p1a: Scizor
|-damage|p1a: Scizor|42/100
|
|upkeep
|turn|67
|
|t:|1657573037
|switch|p2a: Rain On Me|Salamence, F|69/100
|-ability|p2a: Rain On Me|Intimidate|boost
|-unboost|p1a: Scizor|atk|1
|move|p1a: Scizor|U-turn|p2a: Rain On Me
|-resisted|p2a: Rain On Me
|-damage|p2a: Rain On Me|50/100
|
|t:|1657573040
|switch|p1a: Hippowdon|Hippowdon, F|54/100|[from]move: U-turn
|-damage|p1a: Hippowdon|48/100|[from] Stealth Rock
|-weather|Sandstorm|[from] ability: Sand Stream|[of] p1a: Hippowdon
|
|-weather|Sandstorm|[upkeep]
|-damage|p2a: Rain On Me|44/100|[from] Sandstorm
|upkeep
|turn|68
|
|t:|1657573045
|switch|p2a: 911|Crobat, F|48/100
|move|p1a: Hippowdon|Slack Off|p1a: Hippowdon
|-heal|p1a: Hippowdon|98/100
|
|-weather|Sandstorm|[upkeep]
|-damage|p2a: 911|42/100|[from] Sandstorm
|upkeep
|turn|69
|
|t:|1657573049
|move|p2a: 911|U-turn|p1a: Hippowdon
|-damage|p1a: Hippowdon|85/100
|
|t:|1657573051
|switch|p2a: Sour Candy|Hippowdon, F|52/100|[from]move: U-turn
|move|p1a: Hippowdon|Earthquake|p2a: Sour Candy
|-crit|p2a: Sour Candy
|-damage|p2a: Sour Candy|15/100
|
|-weather|Sandstorm|[upkeep]
|-heal|p2a: Sour Candy|21/100|[from] item: Leftovers
|upkeep
|turn|70
|
|t:|1657573063
|switch|p2a: Free Woman|Chansey, F|86/100
|move|p1a: Hippowdon|Earthquake|p2a: Free Woman
|-damage|p2a: Free Woman|60/100
|
|-weather|Sandstorm|[upkeep]
|-damage|p2a: Free Woman|53/100|[from] Sandstorm
|upkeep
|turn|71
|
|t:|1657573070
|move|p1a: Hippowdon|Stealth Rock|p2a: Free Woman
|-sidestart|p2: Lily|move: Stealth Rock
|move|p2a: Free Woman|Toxic|p1a: Hippowdon|[miss]
|-miss|p2a: Free Woman|p1a: Hippowdon
|
|-weather|none
|upkeep
|turn|72
|
|t:|1657573077
|switch|p1a: Scizor|Scizor, F|42/100
|move|p2a: Free Woman|Soft-Boiled|p2a: Free Woman
|-heal|p2a: Free Woman|100/100
|
|upkeep
|turn|73
|
|t:|1657573091
|move|p1a: Scizor|Roost|p1a: Scizor
|-heal|p1a: Scizor|92/100
|-singleturn|p1a: Scizor|move: Roost
|move|p2a: Free Woman|Seismic Toss|p1a: Scizor
|-damage|p1a: Scizor|63/100
|
|upkeep
|turn|74
|
|t:|1657573095
|move|p1a: Scizor|Swords Dance|p1a: Scizor
|-boost|p1a: Scizor|atk|2
|move|p2a: Free Woman|Seismic Toss|p1a: Scizor
|-damage|p1a: Scizor|34/100
|
|upkeep
|turn|75
|inactive|Dunoks has 270 seconds left.
|inactive|Dunoks has 240 seconds left.
|inactive|Dunoks has 210 seconds left.
|inactive|Dunoks has 180 seconds left.
|
|t:|1657573218
|switch|p2a: Rain On Me|Salamence, F|44/100
|-ability|p2a: Rain On Me|Intimidate|boost
|-unboost|p1a: Scizor|atk|1
|move|p1a: Scizor|Swords Dance|p1a: Scizor
|-boost|p1a: Scizor|atk|2
|
|upkeep
|turn|76
|
|t:|1657573226
|switch|p2a: Babylon|Scizor, M|33/100
|-damage|p2a: Babylon|20/100|[from] Stealth Rock
|move|p1a: Scizor|Bullet Punch|p2a: Babylon
|-resisted|p2a: Babylon
|-damage|p2a: Babylon|0 fnt
|-damage|p1a: Scizor|18/100|[from] item: Rocky Helmet|[of] p2a: Babylon
|faint|p2a: Babylon
|
|upkeep
|
|t:|1657573232
|switch|p2a: Rain On Me|Salamence, F|44/100
|-ability|p2a: Rain On Me|Intimidate|boost
|-unboost|p1a: Scizor|atk|1
|turn|77
|
|t:|1657573243
|switch|p1a: Hippowdon|Hippowdon, F|85/100
|-damage|p1a: Hippowdon|79/100|[from] Stealth Rock
|-weather|Sandstorm|[from] ability: Sand Stream|[of] p1a: Hippowdon
|move|p2a: Rain On Me|Flamethrower|p1a: Hippowdon
|-damage|p1a: Hippowdon|63/100
|
|-weather|Sandstorm|[upkeep]
|-damage|p2a: Rain On Me|38/100|[from] Sandstorm
|upkeep
|turn|78
|
|t:|1657573249
|move|p2a: Rain On Me|Roost|p2a: Rain On Me
|-heal|p2a: Rain On Me|88/100
|-singleturn|p2a: Rain On Me|move: Roost
|move|p1a: Hippowdon|Toxic|p2a: Rain On Me
|-status|p2a: Rain On Me|tox
|
|-weather|Sandstorm|[upkeep]
|-damage|p2a: Rain On Me|82/100 tox|[from] Sandstorm
|-damage|p2a: Rain On Me|76/100 tox|[from] psn
|upkeep
|turn|79
|
|t:|1657573252
|switch|p2a: 911|Crobat, F|42/100
|move|p1a: Hippowdon|Slack Off|p1a: Hippowdon
|-heal|p1a: Hippowdon|100/100
|
|-weather|Sandstorm|[upkeep]
|-damage|p2a: 911|36/100|[from] Sandstorm
|upkeep
|turn|80
|
|t:|1657573258
|move|p2a: 911|Roost|p2a: 911
|-heal|p2a: 911|86/100
|-singleturn|p2a: 911|move: Roost
|move|p1a: Hippowdon|Earthquake|p2a: 911
|-supereffective|p2a: 911
|-crit|p2a: 911
|-damage|p2a: 911|0 fnt
|faint|p2a: 911
|
|-weather|Sandstorm|[upkeep]
|upkeep
|c|☆Lily|gg
|-message|Lily forfeited.
|
|win|Dunoks
|c|☆Dunoks|gg
