|inactive|Battle timer is ON: inactive players will automatically lose when time's up.
|t:|1663524089
|gametype|singles
|player|p1|Clark_03|#splxiiiscooters|
|player|p2|KSt3ve|#scl2dynamos|
|teamsize|p1|6
|teamsize|p2|6
|gen|8
|tier|[Gen 8] UU
|rule|Sleep Clause Mod: Limit one foe put to sleep
|rule|Species Clause: Limit one of each Pokémon
|rule|OHKO Clause: OHKO moves are banned
|rule|Evasion Items Clause: Evasion items are banned
|rule|Evasion Moves Clause: Evasion moves are banned
|rule|Endless Battle Clause: Forcing endless battles is banned
|rule|HP Percentage Mod: HP is shown in percentages
|rule|Dynamax Clause: You cannot dynamax
|clearpoke
|poke|p1|Slowbro-Galar, F|
|poke|p1|Chansey, F|
|poke|p1|Scizor, F|
|poke|p1|Salamence, F|
|poke|p1|Umbreon, M|
|poke|p1|Quagsire, M|
|poke|p2|Conkeldurr, M|
|poke|p2|Jirachi|
|poke|p2|Chansey, F|
|poke|p2|Salamence, M|
|poke|p2|Nihilego|
|poke|p2|Diggersby, M|
|teampreview
|c|☆Clark_03|hf
|c|☆KSt3ve|Hf
|raw|<div class="broadcast-red"><strong>Moderated chat was set to ☆!</strong><br />Only users of rank ☆ and higher can talk.</div>
|inactive|Clark_03 has 270 seconds left.
|inactive|KSt3ve has 270 seconds left.
|inactive|Clark_03 has 240 seconds left.
|inactive|KSt3ve has 240 seconds left.
|inactive|Clark_03 has 210 seconds left.
|
|t:|1663524195
|start
|switch|p1a: Salamence|Salamence, F|100/100
|switch|p2a: Chansey|Chansey, F|100/100
|-ability|p1a: Salamence|Intimidate|boost
|-unboost|p2a: Chansey|atk|1
|turn|1
|inactive|KSt3ve has 270 seconds left.
|
|t:|1663524223
|switch|p1a: Scizor|Scizor, F|100/100
|move|p2a: Chansey|Teleport|p2a: Chansey
|
|t:|1663524236
|switch|p2a: Conkeldurr|Conkeldurr, M|100/100|[from]move: Teleport
|
|-status|p2a: Conkeldurr|brn|[from] item: Flame Orb
|upkeep
|turn|2
|inactive|Clark_03 has 240 seconds left.
|
|t:|1663524269
|switch|p1a: Slowbro|Slowbro-Galar, F|100/100
|move|p2a: Conkeldurr|Knock Off|p1a: Slowbro
|-supereffective|p1a: Slowbro
|-enditem|p1a: Slowbro|Colbur Berry|[eat]
|-enditem|p1a: Slowbro|Colbur Berry|[weaken]
|-damage|p1a: Slowbro|63/100
|
|-damage|p2a: Conkeldurr|95/100 brn|[from] brn
|upkeep
|turn|3
|inactive|KSt3ve has 240 seconds left.
|inactive|Clark_03 has 210 seconds left.
|inactive|KSt3ve has 210 seconds left.
|
|t:|1663524338
|switch|p2a: Chansey|Chansey, F|100/100
|move|p1a: Slowbro|Sludge Bomb|p2a: Chansey
|-damage|p2a: Chansey|91/100
|
|upkeep
|turn|4
|
|t:|1663524358
|move|p1a: Slowbro|Slack Off|p1a: Slowbro
|-heal|p1a: Slowbro|100/100
|move|p2a: Chansey|Teleport|p2a: Chansey
|
|t:|1663524360
|switch|p2a: Nihilego|Nihilego|100/100|[from]move: Teleport
|
|upkeep
|turn|5
|inactive|Clark_03 has 210 seconds left.
|
|t:|1663524379
|switch|p1a: Scizor|Scizor, F|100/100
|move|p2a: Nihilego|Stealth Rock|p1a: Scizor
|-sidestart|p1: Clark_03|move: Stealth Rock
|
|upkeep
|turn|6
|inactive|Clark_03 has 210 seconds left.
|inactive|KSt3ve has 210 seconds left.
|
|t:|1663524391
|switch|p2a: Conkeldurr|Conkeldurr, M|95/100 brn
|move|p1a: Scizor|Defog|p2a: Conkeldurr
|-unboost|p2a: Conkeldurr|evasion|1
|-sideend|p1: Clark_03|Stealth Rock|[from] move: Defog|[of] p1a: Scizor
|
|-damage|p2a: Conkeldurr|89/100 brn|[from] brn
|upkeep
|turn|7
|inactive|Clark_03 has 210 seconds left.
|inactive|KSt3ve has 210 seconds left.
|inactive|KSt3ve has 180 seconds left.
|
|t:|1663524431
|switch|p1a: Salamence|Salamence, F|100/100
|-ability|p1a: Salamence|Intimidate|boost
|-unboost|p2a: Conkeldurr|atk|1
|move|p2a: Conkeldurr|Facade|p1a: Salamence
|-damage|p1a: Salamence|58/100
|
|-damage|p2a: Conkeldurr|83/100 brn|[from] brn
|upkeep
|turn|8
|inactive|KSt3ve has 180 seconds left.
|
|t:|1663524460
|switch|p2a: Nihilego|Nihilego|100/100
|move|p1a: Salamence|Roost|p1a: Salamence
|-heal|p1a: Salamence|100/100
|-singleturn|p1a: Salamence|move: Roost
|
|upkeep
|turn|9
|inactive|KSt3ve has 180 seconds left.
|inactive|Clark_03 has 180 seconds left.
|
|t:|1663524476
|switch|p1a: Scizor|Scizor, F|100/100
|move|p2a: Nihilego|Stealth Rock|p1a: Scizor
|-sidestart|p1: Clark_03|move: Stealth Rock
|
|upkeep
|turn|10
|
|t:|1663524484
|switch|p2a: Conkeldurr|Conkeldurr, M|83/100 brn
|move|p1a: Scizor|Defog|p2a: Conkeldurr
|-unboost|p2a: Conkeldurr|evasion|1
|-sideend|p1: Clark_03|Stealth Rock|[from] move: Defog|[of] p1a: Scizor
|
|-damage|p2a: Conkeldurr|77/100 brn|[from] brn
|upkeep
|turn|11
|inactive|Clark_03 has 180 seconds left.
|
|t:|1663524514
|switch|p1a: Salamence|Salamence, F|100/100
|-ability|p1a: Salamence|Intimidate|boost
|-unboost|p2a: Conkeldurr|atk|1
|move|p2a: Conkeldurr|Knock Off|p1a: Salamence
|-damage|p1a: Salamence|70/100
|-enditem|p1a: Salamence|Heavy-Duty Boots|[from] move: Knock Off|[of] p2a: Conkeldurr
|
|-damage|p2a: Conkeldurr|71/100 brn|[from] brn
|upkeep
|turn|12
|
|t:|1663524536
|switch|p2a: Nihilego|Nihilego|100/100
|move|p1a: Salamence|Roost|p1a: Salamence
|-heal|p1a: Salamence|100/100
|-singleturn|p1a: Salamence|move: Roost
|
|upkeep
|turn|13
|
|t:|1663524540
|switch|p1a: Scizor|Scizor, F|100/100
|move|p2a: Nihilego|Power Gem|p1a: Scizor
|-damage|p1a: Scizor|63/100
|
|upkeep
|turn|14
|
|t:|1663524552
|switch|p2a: Conkeldurr|Conkeldurr, M|71/100 brn
|move|p1a: Scizor|Roost|p1a: Scizor
|-heal|p1a: Scizor|100/100
|-singleturn|p1a: Scizor|move: Roost
|
|-damage|p2a: Conkeldurr|65/100 brn|[from] brn
|upkeep
|turn|15
|
|t:|1663524566
|switch|p1a: Salamence|Salamence, F|100/100
|-ability|p1a: Salamence|Intimidate|boost
|-unboost|p2a: Conkeldurr|atk|1
|move|p2a: Conkeldurr|Facade|p1a: Salamence
|-damage|p1a: Salamence|63/100
|
|-damage|p2a: Conkeldurr|59/100 brn|[from] brn
|upkeep
|turn|16
|
|t:|1663524571
|switch|p2a: Jirachi|Jirachi|100/100
|move|p1a: Salamence|Roost|p1a: Salamence
|-heal|p1a: Salamence|100/100
|-singleturn|p1a: Salamence|move: Roost
|
|upkeep
|turn|17
|inactive|Clark_03 has 210 seconds left.
|inactive|Clark_03 has 180 seconds left.
|
|t:|1663524615
|switch|p1a: Quagsire|Quagsire, M|100/100
|move|p2a: Jirachi|Wish|p2a: Jirachi
|
|upkeep
|turn|18
|inactive|Clark_03 has 180 seconds left.
|
|t:|1663524638
|switch|p2a: Conkeldurr|Conkeldurr, M|59/100 brn
|switch|p1a: Salamence|Salamence, F|100/100
|-ability|p1a: Salamence|Intimidate|boost
|-unboost|p2a: Conkeldurr|atk|1
|
|-heal|p2a: Conkeldurr|100/100 brn|[from] move: Wish|[wisher] Jirachi
|-damage|p2a: Conkeldurr|95/100 brn|[from] brn
|upkeep
|turn|19
|
|t:|1663524656
|switch|p1a: Scizor|Scizor, F|100/100
|switch|p2a: Nihilego|Nihilego|100/100
|
|upkeep
|turn|20
|inactive|Clark_03 has 180 seconds left.
|
|t:|1663524666
|switch|p2a: Salamence|Salamence, M|100/100
|-ability|p2a: Salamence|Intimidate|boost
|-unboost|p1a: Scizor|atk|1
|move|p1a: Scizor|Knock Off|p2a: Salamence
|-damage|p2a: Salamence|84/100
|-enditem|p2a: Salamence|Heavy-Duty Boots|[from] move: Knock Off|[of] p1a: Scizor
|
|upkeep
|turn|21
|inactive|Clark_03 has 180 seconds left.
|
|t:|1663524690
|switch|p1a: Slowbro|Slowbro-Galar, F|100/100
|move|p2a: Salamence|Dual Wingbeat|p1a: Slowbro
|-damage|p1a: Slowbro|88/100
|-damage|p1a: Slowbro|77/100
|-hitcount|p1a: Slowbro|2
|
|upkeep
|turn|22
|inactive|KSt3ve has 210 seconds left.
|inactive|Clark_03 has 150 seconds left.
|inactive|KSt3ve has 180 seconds left.
|
|t:|1663524745
|switch|p2a: Nihilego|Nihilego|100/100
|move|p1a: Slowbro|Scald|p2a: Nihilego
|-supereffective|p2a: Nihilego
|-damage|p2a: Nihilego|71/100
|-status|p2a: Nihilego|brn
|
|-heal|p2a: Nihilego|78/100 brn|[from] item: Black Sludge
|-damage|p2a: Nihilego|71/100 brn|[from] brn
|upkeep
|turn|23
|inactive|KSt3ve has 180 seconds left.
|
|t:|1663524761
|switch|p1a: Scizor|Scizor, F|100/100
|move|p2a: Nihilego|Power Gem|p1a: Scizor
|-damage|p1a: Scizor|67/100
|
|-heal|p2a: Nihilego|78/100 brn|[from] item: Black Sludge
|-damage|p2a: Nihilego|71/100 brn|[from] brn
|upkeep
|turn|24
|inactive|KSt3ve has 180 seconds left.
|
|t:|1663524785
|switch|p2a: Conkeldurr|Conkeldurr, M|95/100 brn
|move|p1a: Scizor|Roost|p1a: Scizor
|-heal|p1a: Scizor|100/100
|-singleturn|p1a: Scizor|move: Roost
|
|-damage|p2a: Conkeldurr|89/100 brn|[from] brn
|upkeep
|turn|25
|inactive|KSt3ve has 180 seconds left.
|
|t:|1663524801
|switch|p1a: Salamence|Salamence, F|100/100
|-ability|p1a: Salamence|Intimidate|boost
|-unboost|p2a: Conkeldurr|atk|1
|move|p2a: Conkeldurr|Facade|p1a: Salamence
|-damage|p1a: Salamence|58/100
|
|-damage|p2a: Conkeldurr|83/100 brn|[from] brn
|upkeep
|turn|26
|inactive|Clark_03 has 120 seconds left.
|
|t:|1663524835
|switch|p2a: Nihilego|Nihilego|71/100 brn
|move|p1a: Salamence|Dual Wingbeat|p2a: Nihilego
|-resisted|p2a: Nihilego
|-damage|p2a: Nihilego|56/100 brn
|-resisted|p2a: Nihilego
|-damage|p2a: Nihilego|41/100 brn
|-hitcount|p2a: Nihilego|2
|
|-heal|p2a: Nihilego|47/100 brn|[from] item: Black Sludge
|-damage|p2a: Nihilego|41/100 brn|[from] brn
|upkeep
|turn|27
|
|t:|1663524841
|switch|p1a: Scizor|Scizor, F|100/100
|move|p2a: Nihilego|Pain Split|p1a: Scizor
|-sethp|p1a: Scizor|73/100|[from] move: Pain Split|[silent]
|-sethp|p2a: Nihilego|66/100 brn|[from] move: Pain Split
|
|-heal|p2a: Nihilego|72/100 brn|[from] item: Black Sludge
|-damage|p2a: Nihilego|66/100 brn|[from] brn
|upkeep
|turn|28
|inactive|Clark_03 has 120 seconds left.
|inactive|KSt3ve has 180 seconds left.
|
|t:|1663524867
|switch|p2a: Salamence|Salamence, M|84/100
|-ability|p2a: Salamence|Intimidate|boost
|-unboost|p1a: Scizor|atk|1
|move|p1a: Scizor|Roost|p1a: Scizor
|-heal|p1a: Scizor|100/100
|-singleturn|p1a: Scizor|move: Roost
|
|upkeep
|turn|29
|inactive|KSt3ve has 180 seconds left.
|inactive|KSt3ve has 150 seconds left.
|
|t:|1663524915
|switch|p1a: Slowbro|Slowbro-Galar, F|100/100
|move|p2a: Salamence|Dual Wingbeat|p1a: Slowbro
|-damage|p1a: Slowbro|90/100
|-damage|p1a: Slowbro|77/100
|-hitcount|p1a: Slowbro|2
|
|upkeep
|turn|30
|
|t:|1663524935
|switch|p2a: Chansey|Chansey, F|91/100
|move|p1a: Slowbro|Scald|p2a: Chansey
|-damage|p2a: Chansey|86/100
|-status|p2a: Chansey|brn
|
|-damage|p2a: Chansey|80/100 brn|[from] brn
|upkeep
|turn|31
|inactive|Clark_03 has 90 seconds left.
|
|t:|1663524953
|move|p1a: Slowbro|Slack Off|p1a: Slowbro
|-heal|p1a: Slowbro|100/100
|move|p2a: Chansey|Teleport|p2a: Chansey
|
|t:|1663524969
|-curestatus|p2a: Chansey|brn|[from] ability: Natural Cure
|switch|p2a: Diggersby|Diggersby, M|100/100|[from]move: Teleport
|
|upkeep
|turn|32
|inactive|Clark_03 has 90 seconds left.
|
|t:|1663525008
|move|p2a: Diggersby|U-turn|p1a: Slowbro
|-damage|p1a: Slowbro|81/100
|
|t:|1663525012
|switch|p2a: Chansey|Chansey, F|80/100|[from]move: U-turn
|move|p1a: Slowbro|Scald|p2a: Chansey
|-damage|p2a: Chansey|75/100
|-status|p2a: Chansey|brn
|
|-damage|p2a: Chansey|68/100 brn|[from] brn
|upkeep
|turn|33
|
|t:|1663525017
|move|p2a: Chansey|Soft-Boiled|p2a: Chansey
|-heal|p2a: Chansey|100/100 brn
|move|p1a: Slowbro|Slack Off|p1a: Slowbro
|-heal|p1a: Slowbro|100/100
|
|-damage|p2a: Chansey|94/100 brn|[from] brn
|upkeep
|turn|34
|
|t:|1663525021
|move|p2a: Chansey|Seismic Toss|p1a: Slowbro
|-damage|p1a: Slowbro|75/100
|move|p1a: Slowbro|Calm Mind|p1a: Slowbro
|-boost|p1a: Slowbro|spa|1
|-boost|p1a: Slowbro|spd|1
|
|-damage|p2a: Chansey|88/100 brn|[from] brn
|upkeep
|turn|35
|inactive|Clark_03 has 90 seconds left.
|
|t:|1663525044
|switch|p1a: Scizor|Scizor, F|100/100
|move|p2a: Chansey|Teleport|p2a: Chansey
|inactive|KSt3ve has 150 seconds left.
|
|t:|1663525064
|-curestatus|p2a: Chansey|brn|[from] ability: Natural Cure
|switch|p2a: Diggersby|Diggersby, M|100/100|[from]move: Teleport
|
|upkeep
|turn|36
|inactive|KSt3ve has 150 seconds left.
|inactive|Clark_03 has 90 seconds left.
|
|t:|1663525084
|switch|p1a: Umbreon|Umbreon, M|100/100
|move|p2a: Diggersby|U-turn|p1a: Umbreon
|-supereffective|p1a: Umbreon
|-damage|p1a: Umbreon|66/100
|inactive|KSt3ve has 150 seconds left.
|
|t:|1663525105
|switch|p2a: Nihilego|Nihilego|66/100 brn|[from]move: U-turn
|
|-heal|p2a: Nihilego|72/100 brn|[from] item: Black Sludge
|-heal|p1a: Umbreon|73/100|[from] item: Leftovers
|-damage|p2a: Nihilego|66/100 brn|[from] brn
|upkeep
|turn|37
|
|t:|1663525111
|switch|p1a: Scizor|Scizor, F|100/100
|move|p2a: Nihilego|Stealth Rock|p1a: Scizor
|-sidestart|p1: Clark_03|move: Stealth Rock
|
|-heal|p2a: Nihilego|72/100 brn|[from] item: Black Sludge
|-damage|p2a: Nihilego|66/100 brn|[from] brn
|upkeep
|turn|38
|inactive|KSt3ve has 150 seconds left.
|
|t:|1663525121
|switch|p2a: Conkeldurr|Conkeldurr, M|83/100 brn
|move|p1a: Scizor|Defog|p2a: Conkeldurr
|-unboost|p2a: Conkeldurr|evasion|1
|-sideend|p1: Clark_03|Stealth Rock|[from] move: Defog|[of] p1a: Scizor
|
|-damage|p2a: Conkeldurr|77/100 brn|[from] brn
|upkeep
|turn|39
|inactive|KSt3ve has 150 seconds left.
|
|t:|1663525141
|switch|p1a: Salamence|Salamence, F|58/100
|-ability|p1a: Salamence|Intimidate|boost
|-unboost|p2a: Conkeldurr|atk|1
|move|p2a: Conkeldurr|Facade|p1a: Salamence
|-damage|p1a: Salamence|14/100
|
|-damage|p2a: Conkeldurr|71/100 brn|[from] brn
|upkeep
|turn|40
|inactive|KSt3ve has 150 seconds left.
|inactive|Clark_03 has 90 seconds left.
|
|t:|1663525161
|move|p1a: Salamence|Roost|p1a: Salamence
|-heal|p1a: Salamence|64/100
|-singleturn|p1a: Salamence|move: Roost
|move|p2a: Conkeldurr|Drain Punch|p1a: Salamence
|-crit|p1a: Salamence
|-damage|p1a: Salamence|0 fnt
|-heal|p2a: Conkeldurr|100/100 brn|[from] drain|[of] p1a: Salamence
|faint|p1a: Salamence
|
|-damage|p2a: Conkeldurr|95/100 brn|[from] brn
|upkeep
|inactive|Clark_03 has 90 seconds left.
|c|☆Clark_03|well
|
|t:|1663525188
|switch|p1a: Slowbro|Slowbro-Galar, F|100/100
|turn|41
|inactive|KSt3ve has 150 seconds left.
|
|t:|1663525197
|switch|p2a: Chansey|Chansey, F|88/100
|move|p1a: Slowbro|Calm Mind|p1a: Slowbro
|-boost|p1a: Slowbro|spa|1
|-boost|p1a: Slowbro|spd|1
|
|upkeep
|turn|42
|
|t:|1663525215
|move|p2a: Chansey|Seismic Toss|p1a: Slowbro
|-damage|p1a: Slowbro|75/100
|move|p1a: Slowbro|Calm Mind|p1a: Slowbro
|-boost|p1a: Slowbro|spa|1
|-boost|p1a: Slowbro|spd|1
|
|upkeep
|turn|43
|inactive|KSt3ve has 150 seconds left.
|inactive|KSt3ve has 120 seconds left.
|
|t:|1663525281
|move|p1a: Slowbro|Slack Off|p1a: Slowbro
|-heal|p1a: Slowbro|100/100
|move|p2a: Chansey|Teleport|p2a: Chansey
|
|t:|1663525283
|switch|p2a: Diggersby|Diggersby, M|100/100|[from]move: Teleport
|
|upkeep
|turn|44
|inactive|Clark_03 has 90 seconds left.
|
|t:|1663525290
|move|p2a: Diggersby|U-turn|p1a: Slowbro
|-damage|p1a: Slowbro|82/100
|
|t:|1663525292
|switch|p2a: Jirachi|Jirachi|100/100|[from]move: U-turn
|move|p1a: Slowbro|Calm Mind|p1a: Slowbro
|-boost|p1a: Slowbro|spa|1
|-boost|p1a: Slowbro|spd|1
|
|upkeep
|turn|45
|
|t:|1663525299
|move|p2a: Jirachi|U-turn|p1a: Slowbro
|-damage|p1a: Slowbro|72/100
|
|t:|1663525302
|switch|p2a: Chansey|Chansey, F|88/100|[from]move: U-turn
|move|p1a: Slowbro|Scald|p2a: Chansey
|-damage|p2a: Chansey|74/100
|
|upkeep
|turn|46
|
|t:|1663525310
|move|p2a: Chansey|Seismic Toss|p1a: Slowbro
|-damage|p1a: Slowbro|46/100
|move|p1a: Slowbro|Slack Off|p1a: Slowbro
|-heal|p1a: Slowbro|96/100
|
|upkeep
|turn|47
|
|t:|1663525314
|move|p2a: Chansey|Seismic Toss|p1a: Slowbro
|-damage|p1a: Slowbro|71/100
|move|p1a: Slowbro|Sludge Bomb|p2a: Chansey
|-damage|p2a: Chansey|51/100
|
|upkeep
|turn|48
|inactive|Clark_03 has 120 seconds left.
|
|t:|1663525326
|move|p2a: Chansey|Soft-Boiled|p2a: Chansey
|-heal|p2a: Chansey|100/100
|move|p1a: Slowbro|Sludge Bomb|p2a: Chansey
|-damage|p2a: Chansey|76/100
|-status|p2a: Chansey|psn
|
|-damage|p2a: Chansey|64/100 psn|[from] psn
|upkeep
|turn|49
|
|t:|1663525333
|move|p1a: Slowbro|Slack Off|p1a: Slowbro
|-heal|p1a: Slowbro|100/100
|move|p2a: Chansey|Teleport|p2a: Chansey
|inactive|KSt3ve has 150 seconds left.
|
|t:|1663525360
|-curestatus|p2a: Chansey|psn|[from] ability: Natural Cure
|switch|p2a: Diggersby|Diggersby, M|100/100|[from]move: Teleport
|
|upkeep
|turn|50
|inactive|Clark_03 has 120 seconds left.
|inactive|KSt3ve has 150 seconds left.
|
|t:|1663525405
|move|p2a: Diggersby|U-turn|p1a: Slowbro
|-damage|p1a: Slowbro|83/100
|
|t:|1663525407
|switch|p2a: Chansey|Chansey, F|64/100|[from]move: U-turn
|move|p1a: Slowbro|Scald|p2a: Chansey
|-damage|p2a: Chansey|48/100
|-status|p2a: Chansey|brn
|
|-damage|p2a: Chansey|42/100 brn|[from] brn
|upkeep
|turn|51
|inactive|Clark_03 has 120 seconds left.
|
|t:|1663525425
|move|p2a: Chansey|Soft-Boiled|p2a: Chansey
|-heal|p2a: Chansey|92/100 brn
|move|p1a: Slowbro|Sludge Bomb|p2a: Chansey
|-damage|p2a: Chansey|67/100 brn
|
|-damage|p2a: Chansey|61/100 brn|[from] brn
|upkeep
|turn|52
|
|t:|1663525432
|move|p1a: Slowbro|Slack Off|p1a: Slowbro
|-heal|p1a: Slowbro|100/100
|move|p2a: Chansey|Teleport|p2a: Chansey
|
|t:|1663525442
|-curestatus|p2a: Chansey|brn|[from] ability: Natural Cure
|switch|p2a: Diggersby|Diggersby, M|100/100|[from]move: Teleport
|
|upkeep
|turn|53
|
|t:|1663525444
|move|p2a: Diggersby|U-turn|p1a: Slowbro
|-damage|p1a: Slowbro|82/100
|
|t:|1663525446
|switch|p2a: Chansey|Chansey, F|61/100|[from]move: U-turn
|move|p1a: Slowbro|Calm Mind|p1a: Slowbro
|-boost|p1a: Slowbro|spa|1
|-boost|p1a: Slowbro|spd|1
|
|upkeep
|turn|54
|inactive|Clark_03 has 150 seconds left.
|
|t:|1663525460
|move|p2a: Chansey|Seismic Toss|p1a: Slowbro
|-damage|p1a: Slowbro|57/100
|move|p1a: Slowbro|Sludge Bomb|p2a: Chansey
|-damage|p2a: Chansey|31/100
|-status|p2a: Chansey|psn
|
|-damage|p2a: Chansey|19/100 psn|[from] psn
|upkeep
|turn|55
|inactive|Clark_03 has 150 seconds left.
|
|t:|1663525469
|move|p2a: Chansey|Soft-Boiled|p2a: Chansey
|-heal|p2a: Chansey|69/100 psn
|move|p1a: Slowbro|Sludge Bomb|p2a: Chansey
|-damage|p2a: Chansey|41/100 psn
|
|-damage|p2a: Chansey|29/100 psn|[from] psn
|upkeep
|turn|56
|
|t:|1663525476
|move|p2a: Chansey|Soft-Boiled|p2a: Chansey
|-heal|p2a: Chansey|79/100 psn
|move|p1a: Slowbro|Calm Mind|p1a: Slowbro
|-boost|p1a: Slowbro|spa|1
|-boost|p1a: Slowbro|spd|1
|
|-damage|p2a: Chansey|66/100 psn|[from] psn
|upkeep
|turn|57
|
|t:|1663525483
|move|p1a: Slowbro|Slack Off|p1a: Slowbro
|-heal|p1a: Slowbro|100/100
|move|p2a: Chansey|Teleport|p2a: Chansey
|
|t:|1663525511
|-curestatus|p2a: Chansey|psn|[from] ability: Natural Cure
|switch|p2a: Diggersby|Diggersby, M|100/100|[from]move: Teleport
|
|upkeep
|turn|58
|inactive|KSt3ve has 180 seconds left.
|
|t:|1663525536
|move|p2a: Diggersby|U-turn|p1a: Slowbro
|-damage|p1a: Slowbro|82/100
|
|t:|1663525539
|switch|p2a: Chansey|Chansey, F|66/100|[from]move: U-turn
|move|p1a: Slowbro|Scald|p2a: Chansey
|-damage|p2a: Chansey|48/100
|
|upkeep
|turn|59
|inactive|KSt3ve has 180 seconds left.
|
|t:|1663525555
|move|p2a: Chansey|Soft-Boiled|p2a: Chansey
|-heal|p2a: Chansey|98/100
|move|p1a: Slowbro|Sludge Bomb|p2a: Chansey
|-damage|p2a: Chansey|65/100
|
|upkeep
|turn|60
|
|t:|1663525563
|move|p2a: Chansey|Seismic Toss|p1a: Slowbro
|-damage|p1a: Slowbro|56/100
|move|p1a: Slowbro|Slack Off|p1a: Slowbro
|-heal|p1a: Slowbro|100/100
|
|upkeep
|turn|61
|
|t:|1663525566
|move|p2a: Chansey|Seismic Toss|p1a: Slowbro
|-damage|p1a: Slowbro|75/100
|move|p1a: Slowbro|Sludge Bomb|p2a: Chansey
|-crit|p2a: Chansey
|-damage|p2a: Chansey|11/100
|-status|p2a: Chansey|psn
|
|-damage|p2a: Chansey|0 fnt|[from] psn
|faint|p2a: Chansey
|upkeep
|
|t:|1663525580
|switch|p2a: Diggersby|Diggersby, M|100/100
|turn|62
|inactive|Clark_03 has 180 seconds left.
|inactive|KSt3ve has 180 seconds left.
|inactive|Clark_03 has 150 seconds left.
|inactive|KSt3ve has 150 seconds left.
|inactive|Clark_03 has 120 seconds left.
|
|t:|1663525685
|switch|p1a: Quagsire|Quagsire, M|100/100
|move|p2a: Diggersby|Earthquake|p1a: Quagsire
|-damage|p1a: Quagsire|56/100
|
|-heal|p1a: Quagsire|62/100|[from] item: Leftovers
|upkeep
|turn|63
|inactive|KSt3ve has 150 seconds left.
|inactive|Clark_03 has 90 seconds left.
|
|t:|1663525702
|switch|p2a: Conkeldurr|Conkeldurr, M|95/100 brn
|move|p1a: Quagsire|Scald|p2a: Conkeldurr
|-crit|p2a: Conkeldurr
|-damage|p2a: Conkeldurr|59/100 brn
|
|-heal|p1a: Quagsire|69/100|[from] item: Leftovers
|-damage|p2a: Conkeldurr|53/100 brn|[from] brn
|upkeep
|turn|64
|inactive|Clark_03 has 90 seconds left.
|inactive|KSt3ve has 150 seconds left.
|
|t:|1663525730
|move|p2a: Conkeldurr|Drain Punch|p1a: Quagsire
|-damage|p1a: Quagsire|21/100
|-heal|p2a: Conkeldurr|80/100 brn|[from] drain|[of] p1a: Quagsire
|move|p1a: Quagsire|Recover|p1a: Quagsire
|-heal|p1a: Quagsire|71/100
|
|-heal|p1a: Quagsire|77/100|[from] item: Leftovers
|-damage|p2a: Conkeldurr|74/100 brn|[from] brn
|upkeep
|turn|65
|inactive|Clark_03 has 90 seconds left.
|
|t:|1663525745
|move|p2a: Conkeldurr|Facade|p1a: Quagsire
|-damage|p1a: Quagsire|19/100
|move|p1a: Quagsire|Recover|p1a: Quagsire
|-heal|p1a: Quagsire|69/100
|
|-heal|p1a: Quagsire|75/100|[from] item: Leftovers
|-damage|p2a: Conkeldurr|68/100 brn|[from] brn
|upkeep
|turn|66
|
|t:|1663525753
|switch|p1a: Slowbro|Slowbro-Galar, F|100/100
|move|p2a: Conkeldurr|Drain Punch|p1a: Slowbro
|-resisted|p1a: Slowbro
|-damage|p1a: Slowbro|89/100
|-heal|p2a: Conkeldurr|74/100 brn|[from] drain|[of] p1a: Slowbro
|
|-damage|p2a: Conkeldurr|68/100 brn|[from] brn
|upkeep
|turn|67
|inactive|Clark_03 has 90 seconds left.
|
|t:|1663525776
|move|p2a: Conkeldurr|Facade|p1a: Slowbro
|-damage|p1a: Slowbro|30/100
|move|p1a: Slowbro|Sludge Bomb|p2a: Conkeldurr
|-damage|p2a: Conkeldurr|30/100 brn
|
|-damage|p2a: Conkeldurr|24/100 brn|[from] brn
|upkeep
|turn|68
|inactive|KSt3ve has 150 seconds left.
|inactive|Clark_03 has 60 seconds left.
|inactive|KSt3ve has 120 seconds left.
|inactive|KSt3ve has 90 seconds left.
|
|t:|1663525845
|switch|p1a: Quagsire|Quagsire, M|75/100
|move|p2a: Conkeldurr|Drain Punch|p1a: Quagsire
|-damage|p1a: Quagsire|22/100
|-heal|p2a: Conkeldurr|54/100 brn|[from] drain|[of] p1a: Quagsire
|
|-heal|p1a: Quagsire|28/100|[from] item: Leftovers
|-damage|p2a: Conkeldurr|48/100 brn|[from] brn
|upkeep
|turn|69
|inactive|Clark_03 has 30 seconds left.
|
|t:|1663525861
|switch|p1a: Slowbro|Slowbro-Galar, F|63/100
|move|p2a: Conkeldurr|Drain Punch|p1a: Slowbro
|-resisted|p1a: Slowbro
|-damage|p1a: Slowbro|53/100
|-heal|p2a: Conkeldurr|54/100 brn|[from] drain|[of] p1a: Slowbro
|
|-damage|p2a: Conkeldurr|48/100 brn|[from] brn
|upkeep
|turn|70
|inactive|KSt3ve has 90 seconds left.
|
|t:|1663525888
|switch|p1a: Quagsire|Quagsire, M|28/100
|move|p2a: Conkeldurr|Drain Punch|p1a: Quagsire
|-damage|p1a: Quagsire|0 fnt
|-heal|p2a: Conkeldurr|64/100 brn|[from] drain|[of] p1a: Quagsire
|faint|p1a: Quagsire
|
|-damage|p2a: Conkeldurr|58/100 brn|[from] brn
|upkeep
|
|t:|1663525892
|switch|p1a: Slowbro|Slowbro-Galar, F|86/100
|turn|71
|inactive|KSt3ve has 90 seconds left.
|inactive|KSt3ve has 60 seconds left.
|
|t:|1663525935
|switch|p2a: Diggersby|Diggersby, M|100/100
|move|p1a: Slowbro|Slack Off|p1a: Slowbro
|-heal|p1a: Slowbro|100/100
|
|upkeep
|turn|72
|
|t:|1663525955
|move|p2a: Diggersby|Earthquake|p1a: Slowbro
|-supereffective|p1a: Slowbro
|-damage|p1a: Slowbro|21/100
|move|p1a: Slowbro|Scald|p2a: Diggersby
|-supereffective|p2a: Diggersby
|-damage|p2a: Diggersby|54/100
|-status|p2a: Diggersby|brn
|
|-damage|p2a: Diggersby|47/100 brn|[from] brn
|upkeep
|turn|73
|inactive|KSt3ve has 60 seconds left.
|
|t:|1663525975
|switch|p2a: Conkeldurr|Conkeldurr, M|58/100 brn
|switch|p1a: Scizor|Scizor, F|100/100
|
|-damage|p2a: Conkeldurr|52/100 brn|[from] brn
|upkeep
|turn|74
|inactive|KSt3ve has 60 seconds left.
|inactive|Clark_03 has 30 seconds left.
|inactive|Clark_03 has 20 seconds left.
|inactive|Clark_03 has 15 seconds left.
|
|t:|1663526009
|switch|p1a: Slowbro|Slowbro-Galar, F|54/100
|move|p2a: Conkeldurr|Drain Punch|p1a: Slowbro
|-resisted|p1a: Slowbro
|-damage|p1a: Slowbro|44/100
|-heal|p2a: Conkeldurr|57/100 brn|[from] drain|[of] p1a: Slowbro
|
|-damage|p2a: Conkeldurr|51/100 brn|[from] brn
|upkeep
|turn|75
|inactive|Clark_03 has 25 seconds left this turn.
|inactive|Clark_03 has 20 seconds left.
|inactive|Clark_03 has 15 seconds left.
|inactive|KSt3ve has 60 seconds left.
|inactive|Clark_03 has 10 seconds left.
|
|t:|1663526025
|switch|p1a: Scizor|Scizor, F|100/100
|move|p2a: Conkeldurr|Facade|p1a: Scizor
|-resisted|p1a: Scizor
|-damage|p1a: Scizor|56/100
|
|-damage|p2a: Conkeldurr|46/100 brn|[from] brn
|upkeep
|turn|76
|inactive|Clark_03 has 20 seconds left this turn.
|inactive|Clark_03 has 15 seconds left.
|inactive|Clark_03 has 10 seconds left.
|inactive|KSt3ve has 60 seconds left.
|
|t:|1663526050
|move|p1a: Scizor|Bullet Punch|p2a: Conkeldurr
|-damage|p2a: Conkeldurr|16/100 brn
|move|p2a: Conkeldurr|Drain Punch|p1a: Scizor
|-damage|p1a: Scizor|0 fnt
|-heal|p2a: Conkeldurr|43/100 brn|[from] drain|[of] p1a: Scizor
|faint|p1a: Scizor
|
|-damage|p2a: Conkeldurr|37/100 brn|[from] brn
|upkeep
|inactive|Clark_03 has 15 seconds left this turn.
|
|t:|1663526053
|switch|p1a: Slowbro|Slowbro-Galar, F|77/100
|turn|77
|inactive|Clark_03 has 25 seconds left this turn.
|
|t:|1663526074
|switch|p2a: Jirachi|Jirachi|100/100
|move|p1a: Slowbro|Slack Off|p1a: Slowbro
|-heal|p1a: Slowbro|100/100
|
|upkeep
|turn|78
|
|t:|1663526082
|move|p2a: Jirachi|Iron Head|p1a: Slowbro
|-damage|p1a: Slowbro|83/100
|move|p1a: Slowbro|Calm Mind|p1a: Slowbro
|-boost|p1a: Slowbro|spa|1
|-boost|p1a: Slowbro|spd|1
|
|upkeep
|turn|79
|
|t:|1663526091
|move|p2a: Jirachi|Iron Head|p1a: Slowbro
|-damage|p1a: Slowbro|65/100
|move|p1a: Slowbro|Scald|p2a: Jirachi
|-damage|p2a: Jirachi|82/100
|
|-heal|p2a: Jirachi|88/100|[from] item: Leftovers
|upkeep
|turn|80
|
|t:|1663526097
|move|p2a: Jirachi|Iron Head|p1a: Slowbro
|-damage|p1a: Slowbro|47/100
|move|p1a: Slowbro|Slack Off|p1a: Slowbro
|-heal|p1a: Slowbro|97/100
|
|-heal|p2a: Jirachi|94/100|[from] item: Leftovers
|upkeep
|turn|81
|
|t:|1663526102
|move|p2a: Jirachi|Iron Head|p1a: Slowbro
|-damage|p1a: Slowbro|80/100
|cant|p1a: Slowbro|flinch
|
|-heal|p2a: Jirachi|99/100|[from] item: Leftovers
|upkeep
|turn|82
|
|t:|1663526104
|move|p2a: Jirachi|Iron Head|p1a: Slowbro
|-damage|p1a: Slowbro|63/100
|move|p1a: Slowbro|Scald|p2a: Jirachi
|-damage|p2a: Jirachi|83/100
|
|-heal|p2a: Jirachi|90/100|[from] item: Leftovers
|upkeep
|turn|83
|
|t:|1663526109
|move|p2a: Jirachi|Iron Head|p1a: Slowbro
|-damage|p1a: Slowbro|44/100
|cant|p1a: Slowbro|flinch
|
|-heal|p2a: Jirachi|96/100|[from] item: Leftovers
|upkeep
|turn|84
|inactive|KSt3ve has 90 seconds left.
|inactive|Clark_03 has 90 seconds left.
|
|t:|1663526141
|switch|p1a: Umbreon|Umbreon, M|73/100
|move|p2a: Jirachi|Wish|p2a: Jirachi
|
|-heal|p2a: Jirachi|100/100|[from] item: Leftovers
|-heal|p1a: Umbreon|79/100|[from] item: Leftovers
|upkeep
|turn|85
|
|t:|1663526150
|switch|p2a: Conkeldurr|Conkeldurr, M|37/100 brn
|switch|p1a: Slowbro|Slowbro-Galar, F|77/100
|
|-heal|p2a: Conkeldurr|95/100 brn|[from] move: Wish|[wisher] Jirachi
|-damage|p2a: Conkeldurr|89/100 brn|[from] brn
|upkeep
|turn|86
|
|t:|1663526168
|move|p2a: Conkeldurr|Facade|p1a: Slowbro
|-damage|p1a: Slowbro|17/100
|move|p1a: Slowbro|Slack Off|p1a: Slowbro
|-heal|p1a: Slowbro|67/100
|
|-damage|p2a: Conkeldurr|83/100 brn|[from] brn
|upkeep
|turn|87
|inactive|Clark_03 has 60 seconds left.
|inactive|Clark_03 has 30 seconds left.
|inactive|Clark_03 has 20 seconds left.
|inactive|Clark_03 has 15 seconds left.
|
|t:|1663526238
|switch|p1a: Umbreon|Umbreon, M|79/100
|move|p2a: Conkeldurr|Facade|p1a: Umbreon
|-damage|p1a: Umbreon|28/100
|
|-heal|p1a: Umbreon|34/100|[from] item: Leftovers
|-damage|p2a: Conkeldurr|77/100 brn|[from] brn
|upkeep
|turn|88
|inactive|Clark_03 has 25 seconds left this turn.
|inactive|Clark_03 has 20 seconds left.
|
|t:|1663526246
|move|p1a: Umbreon|Protect|p1a: Umbreon
|-singleturn|p1a: Umbreon|Protect
|move|p2a: Conkeldurr|Facade|p1a: Umbreon
|-activate|p1a: Umbreon|move: Protect
|
|-heal|p1a: Umbreon|40/100|[from] item: Leftovers
|-damage|p2a: Conkeldurr|71/100 brn|[from] brn
|upkeep
|turn|89
|inactive|Clark_03 has 30 seconds left this turn.
|
|t:|1663526250
|switch|p1a: Slowbro|Slowbro-Galar, F|100/100
|move|p2a: Conkeldurr|Facade|p1a: Slowbro
|-damage|p1a: Slowbro|48/100
|
|-damage|p2a: Conkeldurr|65/100 brn|[from] brn
|upkeep
|turn|90
|inactive|Clark_03 has 30 seconds left.
|inactive|Clark_03 has 20 seconds left.
|inactive|Clark_03 has 15 seconds left.
|inactive|Clark_03 has 10 seconds left.
|inactive|Clark_03 has 5 seconds left.
|inactive|KSt3ve has 90 seconds left.
|
|t:|1663526310
|switch|p1a: Chansey|Chansey, F|100/100
|move|p2a: Conkeldurr|Facade|p1a: Chansey
|-damage|p1a: Chansey|44/100
|
|-damage|p2a: Conkeldurr|59/100 brn|[from] brn
|upkeep
|turn|91
|inactive|Clark_03 has 15 seconds left this turn.
|inactive|Clark_03 has 10 seconds left.
|
|t:|1663526324
|switch|p1a: Slowbro|Slowbro-Galar, F|81/100
|move|p2a: Conkeldurr|Facade|p1a: Slowbro
|-damage|p1a: Slowbro|28/100
|
|-damage|p2a: Conkeldurr|53/100 brn|[from] brn
|upkeep
|turn|92
|inactive|Clark_03 has 20 seconds left this turn.
|
|t:|1663526328
|switch|p1a: Chansey|Chansey, F|44/100
|move|p2a: Conkeldurr|Drain Punch|p1a: Chansey
|-supereffective|p1a: Chansey
|-damage|p1a: Chansey|0 fnt
|-heal|p2a: Conkeldurr|96/100 brn|[from] drain|[of] p1a: Chansey
|faint|p1a: Chansey
|
|-damage|p2a: Conkeldurr|90/100 brn|[from] brn
|upkeep
|inactive|Clark_03 has 25 seconds left this turn.
|
|t:|1663526333
|switch|p1a: Slowbro|Slowbro-Galar, F|61/100
|turn|93
|
|t:|1663526337
|move|p2a: Conkeldurr|Facade|p1a: Slowbro
|-damage|p1a: Slowbro|4/100
|move|p1a: Slowbro|Sludge Bomb|p2a: Conkeldurr
|-damage|p2a: Conkeldurr|48/100 brn
|
|-damage|p2a: Conkeldurr|42/100 brn|[from] brn
|upkeep
|turn|94
|
|t:|1663526346
|move|p2a: Conkeldurr|Drain Punch|p1a: Slowbro
|-resisted|p1a: Slowbro
|-damage|p1a: Slowbro|0 fnt
|-heal|p2a: Conkeldurr|44/100 brn|[from] drain|[of] p1a: Slowbro
|faint|p1a: Slowbro
|
|-damage|p2a: Conkeldurr|38/100 brn|[from] brn
|upkeep
|
|t:|1663526347
|switch|p1a: Umbreon|Umbreon, M|40/100
|turn|95
|
|t:|1663526349
|move|p1a: Umbreon|Protect|p1a: Umbreon
|-singleturn|p1a: Umbreon|Protect
|move|p2a: Conkeldurr|Drain Punch|p1a: Umbreon
|-activate|p1a: Umbreon|move: Protect
|
|-heal|p1a: Umbreon|46/100|[from] item: Leftovers
|-damage|p2a: Conkeldurr|32/100 brn|[from] brn
|upkeep
|turn|96
|
|t:|1663526351
|move|p1a: Umbreon|Foul Play|p2a: Conkeldurr
|-resisted|p2a: Conkeldurr
|-damage|p2a: Conkeldurr|4/100 brn
|move|p2a: Conkeldurr|Drain Punch|p1a: Umbreon
|-supereffective|p1a: Umbreon
|-damage|p1a: Umbreon|0 fnt
|-heal|p2a: Conkeldurr|30/100 brn|[from] drain|[of] p1a: Umbreon
|faint|p1a: Umbreon
|
|win|KSt3ve
|c|☆KSt3ve|Gg
|player|p2|KSt3ve|#scl2dynamos
