|inactive|Battle timer is ON: inactive players will automatically lose when time's up.
|t:|1659202850
|gametype|singles
|player|p1|KM|#uuplxsisters|
|player|p2|Amane Misa|#amanemisa|
|teamsize|p1|6
|teamsize|p2|6
|gen|8
|tier|[Gen 8] UU
|rule|Sleep Clause Mod: Limit one foe put to sleep
|rule|Species Clause: Limit one of each Pokémon
|rule|OHKO Clause: OHKO moves are banned
|rule|Evasion Moves Clause: Evasion moves are banned
|rule|Endless Battle Clause: Forcing endless battles is banned
|rule|HP Percentage Mod: HP is shown in percentages
|rule|Dynamax Clause: You cannot dynamax
|clearpoke
|poke|p1|Toxtricity, F|
|poke|p1|Cobalion|
|poke|p1|Zygarde-10%|
|poke|p1|Primarina, M|
|poke|p1|Salamence, F|
|poke|p1|Lurantis, M|
|poke|p2|Mandibuzz, F|
|poke|p2|Zygarde-10%|
|poke|p2|Scizor, M|
|poke|p2|Rotom-Heat|
|poke|p2|Nidoqueen, F|
|poke|p2|Primarina, M|
|teampreview
|c|☆KM|hf!!
|c|☆Amane Misa|u2 o_o
|inactive|KM has 270 seconds left.
|inactive|Amane Misa has 270 seconds left.
|c|+Donny P.|go misa ye woooo
|c|+Donny P.|km who the f is lurantis
|inactive|Amane Misa has 240 seconds left.
|c|+Nalorium|woooo
|c|+Nalorium|go friends
|c|+Nalorium|@pif
|c|+hariyana grande|o_o
|c|+Donny P.|o_O
|c|☆KM|O_o
|inactive|Amane Misa has 210 seconds left.
|c|☆Amane Misa|!dt lurantis
|raw|<div class="message"><ul class="utilichart"><li class="result"><span class="col numcol">(PU)</span> <span class="col iconcol"><psicon pokemon="lurantis"/></span> <span class="col pokemonnamecol" style="white-space:nowrap"><a href="https://dex.pokemonshowdown.com/pokemon/lurantis" target="_blank">Lurantis</a></span> <span class="col typecol"><img src="https://play.pokemonshowdown.com/sprites/types/Grass.png" alt="Grass" height="14" width="32"></span> <span style="float:left;min-height:26px"><span class="col abilitycol">Leaf Guard</span><span class="col abilitycol"><em>Contrary</em></span></span><span style="float:left;min-height:26px"><span class="col statcol"><em>HP</em><br />70</span> <span class="col statcol"><em>Atk</em><br />105</span> <span class="col statcol"><em>Def</em><br />90</span> <span class="col statcol"><em>SpA</em><br />80</span> <span class="col statcol"><em>SpD</em><br />90</span> <span class="col statcol"><em>Spe</em><br />45</span> <span class="col bstcol"><em>BST<br />480</em></span> </span></li><li style="clear:both"></li></ul></div>
|raw|<font size="1"><font color="#686868">Dex#:</font> 754&nbsp;|&ThickSpace;<font color="#686868">Gen:</font> 7&nbsp;|&ThickSpace;<font color="#686868">Height:</font> 0.9 m&nbsp;|&ThickSpace;<font color="#686868">Weight:</font> 18.5 kg <em>(40 BP)</em>&nbsp;|&ThickSpace;<font color="#686868">Dex Colour:</font> Pink&nbsp;|&ThickSpace;<font color="#686868">Egg Group(s):</font> Grass&nbsp;|&ThickSpace;<font color="#686868">Does Not Evolve</font></font>

|c|☆Amane Misa|!analysis lurantis
|c|+Amane Misa|/raw <div class="infobox"><a href="https://www.smogon.com/dex/ss/pokemon/lurantis">SS  Lurantis analysis</a>, brought to you by <a href="https://www.smogon.com">Smogon University</a></div>
|c|☆Amane Misa|that is all i need
|inactive|Amane Misa has 180 seconds left.
|c|☆KM|i didn't even give it moves i just borught it to drain 2 mins of ur timer
|inactive|Amane Misa has 150 seconds left.
|c|☆KM|success....
|
|t:|1659203029
|start
|switch|p1a: the pit|Lurantis, M|100/100
|switch|p2a: Totom-Hear|Rotom-Heat|100/100
|turn|1
|inactive|Amane Misa has 180 seconds left.
|inactive|KM has 270 seconds left.
|
|t:|1659203069
|move|p2a: Totom-Hear|Toxic|p1a: the pit
|-status|p1a: the pit|tox
|move|p1a: the pit|Leaf Storm|p2a: Totom-Hear
|-resisted|p2a: Totom-Hear
|-damage|p2a: Totom-Hear|74/100
|-boost|p1a: the pit|spa|2
|
|-damage|p1a: the pit|94/100 tox|[from] psn
|upkeep
|turn|2
|inactive|KM has 270 seconds left.
|
|t:|1659203079
|switch|p1a: ruiner|Zygarde-10%|100/100
|-ability|p1a: ruiner|Aura Break
|move|p2a: Totom-Hear|Overheat|p1a: ruiner
|-resisted|p1a: ruiner
|-damage|p1a: ruiner|67/100
|-unboost|p2a: Totom-Hear|spa|2
|
|upkeep
|turn|3
|
|t:|1659203100
|switch|p2a: Ziscor|Scizor, M|100/100
|move|p1a: ruiner|Toxic|p2a: Ziscor
|-immune|p2a: Ziscor
|
|upkeep
|turn|4
|
|t:|1659203112
|switch|p1a: group photo|Cobalion|100/100
|switch|p2a: Niqodueen|Nidoqueen, F|100/100
|
|upkeep
|turn|5
|
|t:|1659203123
|move|p1a: group photo|Stealth Rock|p2a: Niqodueen
|-sidestart|p2: Amane Misa|move: Stealth Rock
|move|p2a: Niqodueen|Fire Blast|p1a: group photo
|-supereffective|p1a: group photo
|-damage|p1a: group photo|0 fnt
|faint|p1a: group photo
|
|upkeep
|c|☆KM|gone
|
|t:|1659203134
|switch|p1a: ruiner|Zygarde-10%|67/100
|-ability|p1a: ruiner|Aura Break
|turn|6
|
|t:|1659203137
|switch|p2a: Bandimuzz|Mandibuzz, F|100/100
|move|p1a: ruiner|Thousand Arrows|p2a: Bandimuzz
|-damage|p2a: Bandimuzz|68/100
|-start|p2a: Bandimuzz|Smack Down
|
|upkeep
|turn|7
|inactive|Amane Misa has 180 seconds left.
|
|t:|1659203154
|switch|p1a: wading season|Primarina, M|100/100
|move|p2a: Bandimuzz|Defog|p1a: wading season
|-unboost|p1a: wading season|evasion|1
|-sideend|p2: Amane Misa|Stealth Rock|[from] move: Defog|[of] p2a: Bandimuzz
|
|upkeep
|turn|8
|
|t:|1659203160
|switch|p2a: Rimaprina|Primarina, M|100/100
|move|p1a: wading season|Moonblast|p2a: Rimaprina
|-damage|p2a: Rimaprina|68/100
|
|-heal|p2a: Rimaprina|74/100|[from] item: Leftovers
|upkeep
|turn|9
|
|t:|1659203165
|move|p2a: Rimaprina|Moonblast|p1a: wading season
|-crit|p1a: wading season
|-damage|p1a: wading season|54/100
|-unboost|p1a: wading season|spa|1
|move|p1a: wading season|Moonblast|p2a: Rimaprina
|-damage|p2a: Rimaprina|52/100
|
|-heal|p1a: wading season|60/100|[from] item: Leftovers
|-heal|p2a: Rimaprina|58/100|[from] item: Leftovers
|upkeep
|turn|10
|
|t:|1659203174
|move|p1a: wading season|Moonblast|p2a: Rimaprina
|-damage|p2a: Rimaprina|34/100
|move|p2a: Rimaprina|Moonblast|p1a: wading season
|-damage|p1a: wading season|25/100
|
|-heal|p2a: Rimaprina|40/100|[from] item: Leftovers
|-heal|p1a: wading season|31/100|[from] item: Leftovers
|upkeep
|turn|11
|
|t:|1659203187
|switch|p1a: the pit|Lurantis, M|94/100 tox
|move|p2a: Rimaprina|Moonblast|p1a: the pit
|-damage|p1a: the pit|33/100 tox
|
|-heal|p2a: Rimaprina|46/100|[from] item: Leftovers
|-damage|p1a: the pit|27/100 tox|[from] psn
|upkeep
|turn|12
|inactive|Amane Misa has 210 seconds left.
|
|t:|1659203198
|switch|p2a: Ziscor|Scizor, M|100/100
|move|p1a: the pit|Leaf Storm|p2a: Ziscor
|-resisted|p2a: Ziscor
|-damage|p2a: Ziscor|84/100
|-boost|p1a: the pit|spa|2
|
|-damage|p1a: the pit|15/100 tox|[from] psn
|upkeep
|turn|13
|
|t:|1659203202
|switch|p1a: 1000knifescrimmage|Salamence, F|100/100
|-ability|p1a: 1000knifescrimmage|Intimidate|boost
|-unboost|p2a: Ziscor|atk|1
|move|p2a: Ziscor|Bullet Punch|p1a: 1000knifescrimmage
|-damage|p1a: 1000knifescrimmage|85/100
|
|upkeep
|turn|14
|
|t:|1659203210
|switch|p1a: comfort jpeg|Toxtricity, F|100/100
|-item|p1a: comfort jpeg|Air Balloon
|switch|p2a: Bandimuzz|Mandibuzz, F|68/100
|
|upkeep
|turn|15
|c|☆Amane Misa|LMFAO
|
|t:|1659203229
|switch|p2a: Totom-Hear|Rotom-Heat|74/100
|move|p1a: comfort jpeg|Overdrive|p2a: Totom-Hear
|-resisted|p2a: Totom-Hear
|-damage|p2a: Totom-Hear|45/100
|
|upkeep
|turn|16
|
|t:|1659203236
|move|p2a: Totom-Hear|Overheat|p1a: comfort jpeg|[miss]
|-miss|p2a: Totom-Hear|p1a: comfort jpeg
|move|p1a: comfort jpeg|Boomburst|p2a: Totom-Hear
|-damage|p2a: Totom-Hear|0 fnt
|faint|p2a: Totom-Hear
|
|upkeep
|c|☆KM|mb
|
|t:|1659203242
|switch|p2a: Dygarze-10%|Zygarde-10%|100/100
|-ability|p2a: Dygarze-10%|Aura Break
|turn|17
|
|t:|1659203247
|switch|p1a: 1000knifescrimmage|Salamence, F|85/100
|-ability|p1a: 1000knifescrimmage|Intimidate|boost
|-unboost|p2a: Dygarze-10%|atk|1
|move|p2a: Dygarze-10%|Thousand Arrows|p1a: 1000knifescrimmage
|-damage|p1a: 1000knifescrimmage|55/100
|-start|p1a: 1000knifescrimmage|Smack Down
|
|upkeep
|turn|18
|
|t:|1659203257
|switch|p2a: Niqodueen|Nidoqueen, F|100/100
|switch|p1a: comfort jpeg|Toxtricity, F|100/100
|-item|p1a: comfort jpeg|Air Balloon
|
|upkeep
|turn|19
|
|t:|1659203270
|move|p1a: comfort jpeg|Boomburst|p2a: Niqodueen
|-damage|p2a: Niqodueen|26/100
|move|p2a: Niqodueen|Fire Blast|p1a: comfort jpeg|[miss]
|-miss|p2a: Niqodueen|p1a: comfort jpeg
|
|upkeep
|turn|20
|c|☆Amane Misa|dude
|c|☆KM|...
|c|☆KM|sorry
|
|t:|1659203280
|move|p1a: comfort jpeg|Boomburst|p2a: Niqodueen
|-damage|p2a: Niqodueen|0 fnt
|faint|p2a: Niqodueen
|
|upkeep
|c|+mncmt|LMFAO
|
|t:|1659203281
|switch|p2a: Dygarze-10%|Zygarde-10%|100/100
|-ability|p2a: Dygarze-10%|Aura Break
|turn|21
|
|t:|1659203287
|switch|p1a: the pit|Lurantis, M|15/100 tox
|move|p2a: Dygarze-10%|Thousand Arrows|p1a: the pit
|-resisted|p1a: the pit
|-crit|p1a: the pit
|-damage|p1a: the pit|0 fnt
|faint|p1a: the pit
|
|upkeep
|
|t:|1659203291
|switch|p1a: 1000knifescrimmage|Salamence, F|55/100
|-ability|p1a: 1000knifescrimmage|Intimidate|boost
|-unboost|p2a: Dygarze-10%|atk|1
|turn|22
|
|t:|1659203297
|switch|p2a: Rimaprina|Primarina, M|46/100
|switch|p1a: comfort jpeg|Toxtricity, F|100/100
|-item|p1a: comfort jpeg|Air Balloon
|
|-heal|p2a: Rimaprina|52/100|[from] item: Leftovers
|upkeep
|turn|23
|inactive|Amane Misa has 270 seconds left.
|
|t:|1659203331
|move|p1a: comfort jpeg|Overdrive|p2a: Rimaprina
|-supereffective|p2a: Rimaprina
|-damage|p2a: Rimaprina|0 fnt
|faint|p2a: Rimaprina
|
|upkeep
|
|t:|1659203332
|switch|p2a: Dygarze-10%|Zygarde-10%|100/100
|-ability|p2a: Dygarze-10%|Aura Break
|turn|24
|inactive|KM has 270 seconds left.
|inactive|KM has 240 seconds left.
|inactive|KM has 210 seconds left.
|
|t:|1659203432
|switch|p1a: wading season|Primarina, M|31/100
|move|p2a: Dygarze-10%|Thousand Arrows|p1a: wading season
|-damage|p1a: wading season|0 fnt
|faint|p1a: wading season
|
|upkeep
|
|t:|1659203434
|switch|p1a: 1000knifescrimmage|Salamence, F|55/100
|-ability|p1a: 1000knifescrimmage|Intimidate|boost
|-unboost|p2a: Dygarze-10%|atk|1
|turn|25
|inactive|KM has 210 seconds left.
|
|t:|1659203454
|switch|p2a: Bandimuzz|Mandibuzz, F|68/100
|move|p1a: 1000knifescrimmage|Draco Meteor|p2a: Bandimuzz
|-damage|p2a: Bandimuzz|19/100
|-unboost|p1a: 1000knifescrimmage|spa|2
|
|upkeep
|turn|26
|
|t:|1659203477
|move|p1a: 1000knifescrimmage|Draco Meteor|p2a: Bandimuzz
|-crit|p2a: Bandimuzz
|-damage|p2a: Bandimuzz|0 fnt
|-unboost|p1a: 1000knifescrimmage|spa|2
|faint|p2a: Bandimuzz
|
|upkeep
|inactive|Amane Misa has 270 seconds left.
|
|t:|1659203497
|switch|p2a: Dygarze-10%|Zygarde-10%|100/100
|-ability|p2a: Dygarze-10%|Aura Break
|turn|27
|c|☆KM|it's possible
|c|☆KM|that i've made a mistake
|inactive|KM has 180 seconds left.
|
|t:|1659203523
|switch|p1a: comfort jpeg|Toxtricity, F|100/100
|-item|p1a: comfort jpeg|Air Balloon
|move|p2a: Dygarze-10%|Outrage|p1a: comfort jpeg
|-damage|p1a: comfort jpeg|0 fnt
|-enditem|p1a: comfort jpeg|Air Balloon
|faint|p1a: comfort jpeg
|
|upkeep
|c|☆KM|well
|inactive|KM has 180 seconds left.
|
|t:|1659203534
|switch|p1a: ruiner|Zygarde-10%|67/100
|-ability|p1a: ruiner|Aura Break
|turn|28
|inactive|KM has 180 seconds left.
|
|t:|1659203540
|move|p2a: Dygarze-10%|Outrage|p1a: ruiner|[from]lockedmove
|-supereffective|p1a: ruiner
|-damage|p1a: ruiner|0 fnt
|faint|p1a: ruiner
|-start|p2a: Dygarze-10%|confusion|[fatigue]
|
|upkeep
|
|t:|1659203542
|switch|p1a: 1000knifescrimmage|Salamence, F|55/100
|-ability|p1a: 1000knifescrimmage|Intimidate|boost
|-unboost|p2a: Dygarze-10%|atk|1
|turn|29
|
|t:|1659203545
|switch|p2a: Ziscor|Scizor, M|84/100
|move|p1a: 1000knifescrimmage|Roost|p1a: 1000knifescrimmage
|-heal|p1a: 1000knifescrimmage|100/100
|-singleturn|p1a: 1000knifescrimmage|move: Roost
|
|upkeep
|turn|30
|
|t:|1659203547
|move|p2a: Ziscor|Bullet Punch|p1a: 1000knifescrimmage
|-damage|p1a: 1000knifescrimmage|75/100
|move|p1a: 1000knifescrimmage|Flamethrower|p2a: Ziscor
|-supereffective|p2a: Ziscor
|-damage|p2a: Ziscor|0 fnt
|faint|p2a: Ziscor
|
|upkeep
|
|t:|1659203549
|switch|p2a: Dygarze-10%|Zygarde-10%|100/100
|-ability|p2a: Dygarze-10%|Aura Break
|turn|31
|c|☆KM|gg
|
|t:|1659203553
|move|p2a: Dygarze-10%|Outrage|p1a: 1000knifescrimmage
|-supereffective|p1a: 1000knifescrimmage
|-damage|p1a: 1000knifescrimmage|0 fnt
|faint|p1a: 1000knifescrimmage
|
|win|Amane Misa
|c|☆Amane Misa|gg
|player|p1|KM|#uuplxsisters
