|inactive|Battle timer is ON: inactive players will automatically lose when time's up.
|t:|1660495161
|gametype|singles
|player|p1|Gods armada|cyrus|
|player|p2|Fathiryxi|preschoolers|
|teamsize|p1|6
|teamsize|p2|6
|gen|8
|tier|[Gen 8] UU
|rule|Sleep Clause Mod: Limit one foe put to sleep
|rule|Species Clause: Limit one of each Pokémon
|rule|OHKO Clause: OHKO moves are banned
|rule|Evasion Moves Clause: Evasion moves are banned
|rule|Endless Battle Clause: Forcing endless battles is banned
|rule|HP Percentage Mod: HP is shown in percentages
|rule|Dynamax Clause: You cannot dynamax
|clearpoke
|poke|p1|Thundurus-Therian, M|
|poke|p1|Celesteela|
|poke|p1|Hydreigon, F|
|poke|p1|Conkeldurr, F|
|poke|p1|Swampert, M|
|poke|p1|Tangrowth, M|
|poke|p2|Krookodile, F|
|poke|p2|Primarina, M|
|poke|p2|Scizor, M|
|poke|p2|Tangrowth, F|
|poke|p2|Nidoqueen, F|
|poke|p2|Talonflame, F|
|teampreview
|c|☆Gods armada|hf
|c|☆Fathiryxi|u2 
|inactive|Gods armada has 270 seconds left.
|inactive|Fathiryxi has 270 seconds left.
|inactive|Fathiryxi has 240 seconds left.
|
|t:|1660495245
|start
|switch|p1a: monza|Swampert, M|100/100
|switch|p2a: Tangrowth|Tangrowth, F|100/100
|turn|1
|
|t:|1660495263
|move|p1a: monza|Toxic|p2a: Tangrowth
|-status|p2a: Tangrowth|tox
|move|p2a: Tangrowth|Knock Off|p1a: monza
|-damage|p1a: monza|84/100
|-enditem|p1a: monza|Leftovers|[from] move: Knock Off|[of] p2a: Tangrowth
|
|-damage|p2a: Tangrowth|94/100 tox|[from] psn
|upkeep
|turn|2
|inactive|Fathiryxi has 270 seconds left.
|
|t:|1660495305
|move|p1a: monza|Stealth Rock|p2a: Tangrowth
|-sidestart|p2: Fathiryxi|move: Stealth Rock
|move|p2a: Tangrowth|Sludge Bomb|p1a: monza
|-resisted|p1a: monza
|-damage|p1a: monza|75/100
|
|-damage|p2a: Tangrowth|82/100 tox|[from] psn
|upkeep
|turn|3
|inactive|Fathiryxi has 240 seconds left.
|
|t:|1660495332
|move|p1a: monza|Flip Turn|p2a: Tangrowth
|-resisted|p2a: Tangrowth
|-damage|p2a: Tangrowth|75/100 tox
|
|t:|1660495339
|switch|p1a: eau rogue|Hydreigon, F|100/100|[from]move: Flip Turn
|move|p2a: Tangrowth|Knock Off|p1a: eau rogue
|-resisted|p1a: eau rogue
|-damage|p1a: eau rogue|87/100
|-enditem|p1a: eau rogue|Choice Scarf|[from] move: Knock Off|[of] p2a: Tangrowth
|
|-damage|p2a: Tangrowth|57/100 tox|[from] psn
|upkeep
|turn|4
|inactive|Fathiryxi has 240 seconds left.
|
|t:|1660495347
|switch|p2a: Primarina|Primarina, M|100/100
|-damage|p2a: Primarina|88/100|[from] Stealth Rock
|move|p1a: eau rogue|U-turn|p2a: Primarina
|-resisted|p2a: Primarina
|-damage|p2a: Primarina|79/100
|
|t:|1660495370
|switch|p1a: il predestinato|Thundurus-Therian, M|100/100|[from]move: U-turn
|
|-heal|p2a: Primarina|85/100|[from] item: Leftovers
|upkeep
|turn|5
|inactive|Fathiryxi has 240 seconds left.
|
|t:|1660495415
|switch|p2a: Tangrowth|Tangrowth, F|90/100 tox
|-damage|p2a: Tangrowth|78/100 tox|[from] Stealth Rock
|move|p1a: il predestinato|Volt Switch|p2a: Tangrowth
|-resisted|p2a: Tangrowth
|-damage|p2a: Tangrowth|62/100 tox
|inactive|Gods armada has 270 seconds left.
|
|t:|1660495451
|switch|p1a: raidillon|Conkeldurr, F|100/100|[from]move: Volt Switch
|
|-damage|p2a: Tangrowth|55/100 tox|[from] psn
|-status|p1a: raidillon|brn|[from] item: Flame Orb
|upkeep
|turn|6
|inactive|Gods armada has 240 seconds left.
|inactive|Fathiryxi has 210 seconds left.
|inactive|Fathiryxi has 180 seconds left.
|inactive|Gods armada has 210 seconds left.
|inactive|Fathiryxi has 150 seconds left.
|
|t:|1660495545
|switch|p2a: Nidoqueen|Nidoqueen, F|100/100
|-damage|p2a: Nidoqueen|94/100|[from] Stealth Rock
|move|p1a: raidillon|Close Combat|p2a: Nidoqueen
|-resisted|p2a: Nidoqueen
|-crit|p2a: Nidoqueen
|-damage|p2a: Nidoqueen|0 fnt
|-unboost|p1a: raidillon|def|1
|-unboost|p1a: raidillon|spd|1
|faint|p2a: Nidoqueen
|
|-damage|p1a: raidillon|94/100 brn|[from] brn
|upkeep
|
|t:|1660495562
|switch|p2a: Talonflame|Talonflame, F|100/100
|turn|7
|inactive|Gods armada has 180 seconds left.
|inactive|Fathiryxi has 120 seconds left.
|
|t:|1660495615
|switch|p1a: monza|Swampert, M|75/100
|move|p2a: Talonflame|Brave Bird|p1a: monza
|-damage|p1a: monza|38/100
|-damage|p2a: Talonflame|84/100|[from] Recoil
|
|upkeep
|turn|8
|inactive|Gods armada has 150 seconds left.
|inactive|Fathiryxi has 90 seconds left.
|
|t:|1660495657
|switch|p2a: Scizor|Scizor, M|100/100
|move|p1a: monza|Flip Turn|p2a: Scizor
|-damage|p2a: Scizor|84/100
|inactive|Gods armada has 120 seconds left.
|inactive|Gods armada has 90 seconds left.
|
|t:|1660495728
|switch|p1a: raidillon|Conkeldurr, F|94/100 brn|[from]move: Flip Turn
|
|-damage|p1a: raidillon|88/100 brn|[from] brn
|upkeep
|turn|9
|inactive|Fathiryxi has 60 seconds left.
|inactive|Fathiryxi has 30 seconds left.
|
|t:|1660495785
|move|p2a: Scizor|U-turn|p1a: raidillon
|-resisted|p1a: raidillon
|-damage|p1a: raidillon|76/100 brn
|inactive|Fathiryxi has 30 seconds left this turn.
|inactive|Fathiryxi has 20 seconds left.
|inactive|Fathiryxi has 15 seconds left.
|
|t:|1660495804
|switch|p2a: Primarina|Primarina, M|85/100|[from]move: U-turn
|-damage|p2a: Primarina|73/100|[from] Stealth Rock
|move|p1a: raidillon|Close Combat|p2a: Primarina
|-resisted|p2a: Primarina
|-damage|p2a: Primarina|15/100
|-unboost|p1a: raidillon|def|1
|-unboost|p1a: raidillon|spd|1
|
|-heal|p2a: Primarina|21/100|[from] item: Leftovers
|-damage|p1a: raidillon|70/100 brn|[from] brn
|upkeep
|turn|10
|inactive|Fathiryxi has 25 seconds left this turn.
|inactive|Fathiryxi has 20 seconds left.
|inactive|Gods armada has 90 seconds left.
|inactive|Fathiryxi has 15 seconds left.
|
|t:|1660495818
|switch|p1a: honey badger|Tangrowth, M|100/100
|move|p2a: Primarina|Rest|p2a: Primarina
|-status|p2a: Primarina|slp|[from] move: Rest
|-heal|p2a: Primarina|100/100 slp|[silent]
|
|upkeep
|turn|11
|inactive|Fathiryxi has 25 seconds left this turn.
|inactive|Fathiryxi has 20 seconds left.
|inactive|Gods armada has 90 seconds left.
|
|t:|1660495829
|switch|p2a: Scizor|Scizor, M|84/100
|switch|p1a: il predestinato|Thundurus-Therian, M|100/100
|
|upkeep
|turn|12
|inactive|Fathiryxi has 30 seconds left this turn.
|inactive|Fathiryxi has 20 seconds left.
|
|t:|1660495841
|switch|p2a: Tangrowth|Tangrowth, F|89/100 tox
|-damage|p2a: Tangrowth|76/100 tox|[from] Stealth Rock
|move|p1a: il predestinato|Volt Switch|p2a: Tangrowth
|-resisted|p2a: Tangrowth
|-damage|p2a: Tangrowth|62/100 tox
|inactive|Fathiryxi has 25 seconds left this turn.
|inactive|Gods armada has 90 seconds left.
|inactive|Gods armada has 60 seconds left.
|c|+Micciu20250|pourquoi tu voles mon talon fathi ?
|
|t:|1660495885
|switch|p1a: raidillon|Conkeldurr, F|70/100 brn|[from]move: Volt Switch
|
|-damage|p2a: Tangrowth|56/100 tox|[from] psn
|-damage|p1a: raidillon|64/100 brn|[from] brn
|upkeep
|turn|13
|inactive|Fathiryxi has 30 seconds left.
|inactive|Gods armada has 60 seconds left.
|inactive|Fathiryxi has 20 seconds left.
|inactive|Fathiryxi has 15 seconds left.
|
|t:|1660495906
|switch|p2a: Scizor|Scizor, M|84/100
|move|p1a: raidillon|Close Combat|p2a: Scizor
|-damage|p2a: Scizor|0 fnt
|-unboost|p1a: raidillon|def|1
|-unboost|p1a: raidillon|spd|1
|faint|p2a: Scizor
|
|-damage|p1a: raidillon|58/100 brn|[from] brn
|upkeep
|inactive|Fathiryxi has 20 seconds left this turn.
|
|t:|1660495911
|switch|p2a: Talonflame|Talonflame, F|84/100
|turn|14
|inactive|Fathiryxi has 30 seconds left this turn.
|inactive|Fathiryxi has 20 seconds left.
|c|+dingbat|rip there goes 2 deadgame predictions
|inactive|Fathiryxi has 15 seconds left.
|inactive|Fathiryxi has 10 seconds left.
|inactive|Fathiryxi has 5 seconds left.
|
|t:|1660495937
|move|p2a: Talonflame|Brave Bird|p1a: raidillon
|-supereffective|p1a: raidillon
|-damage|p1a: raidillon|0 fnt
|faint|p1a: raidillon
|-damage|p2a: Talonflame|58/100|[from] Recoil
|
|upkeep
|inactive|Fathiryxi has 10 seconds left this turn.
|inactive|Gods armada has 60 seconds left.
|
|t:|1660495966
|switch|p1a: il predestinato|Thundurus-Therian, M|100/100
|turn|15
|inactive|Fathiryxi has 20 seconds left this turn.
|c|+Micciu20250|nooo dingbat :sob:
|inactive|Fathiryxi has 15 seconds left.
|
|t:|1660495973
|switch|p2a: Tangrowth|Tangrowth, F|89/100 tox
|-damage|p2a: Tangrowth|77/100 tox|[from] Stealth Rock
|move|p1a: il predestinato|Volt Switch|p2a: Tangrowth
|-resisted|p2a: Tangrowth
|-damage|p2a: Tangrowth|60/100 tox
|inactive|Fathiryxi has 20 seconds left this turn.
|c|+dingbat|i'll sleep comfortably though knowing at least one of my predicts will be correct
|c|+dingbat|:skull:
|inactive|Gods armada has 30 seconds left.
|
|t:|1660496008
|switch|p1a: eau rogue|Hydreigon, F|87/100|[from]move: Volt Switch
|
|-damage|p2a: Tangrowth|54/100 tox|[from] psn
|upkeep
|turn|16
|inactive|Fathiryxi has 30 seconds left this turn.
|inactive|Fathiryxi has 20 seconds left.
|inactive|Fathiryxi has 15 seconds left.
|inactive|Fathiryxi has 10 seconds left.
|
|t:|1660496029
|switch|p2a: Primarina|Primarina, M|100/100 slp
|-damage|p2a: Primarina|88/100 slp|[from] Stealth Rock
|move|p1a: eau rogue|U-turn|p2a: Primarina
|-resisted|p2a: Primarina
|-damage|p2a: Primarina|79/100 slp
|inactive|Fathiryxi has 15 seconds left this turn.
|
|t:|1660496037
|switch|p1a: il predestinato|Thundurus-Therian, M|100/100|[from]move: U-turn
|
|-heal|p2a: Primarina|85/100 slp|[from] item: Leftovers
|upkeep
|turn|17
|inactive|Fathiryxi has 25 seconds left this turn.
|inactive|Fathiryxi has 20 seconds left.
|
|t:|1660496045
|switch|p2a: Tangrowth|Tangrowth, F|87/100 tox
|-damage|p2a: Tangrowth|75/100 tox|[from] Stealth Rock
|move|p1a: il predestinato|Focus Blast|p2a: Tangrowth
|-damage|p2a: Tangrowth|38/100 tox
|
|-damage|p2a: Tangrowth|32/100 tox|[from] psn
|upkeep
|turn|18
|inactive|Fathiryxi has 30 seconds left this turn.
|inactive|Fathiryxi has 20 seconds left.
|inactive|Fathiryxi has 15 seconds left.
|inactive|Fathiryxi has 10 seconds left.
|inactive|Fathiryxi has 5 seconds left.
|
|t:|1660496071
|move|p1a: il predestinato|Focus Blast|p2a: Tangrowth|[miss]
|-miss|p1a: il predestinato|p2a: Tangrowth
|move|p2a: Tangrowth|Knock Off|p1a: il predestinato
|-damage|p1a: il predestinato|64/100
|-enditem|p1a: il predestinato|Heavy-Duty Boots|[from] move: Knock Off|[of] p2a: Tangrowth
|
|-damage|p2a: Tangrowth|20/100 tox|[from] psn
|upkeep
|turn|19
|inactive|Fathiryxi has 15 seconds left this turn.
|inactive|Fathiryxi has 10 seconds left.
|
|t:|1660496080
|switch|p2a: Krookodile|Krookodile, F|100/100
|-damage|p2a: Krookodile|94/100|[from] Stealth Rock
|-ability|p2a: Krookodile|Intimidate|boost
|-unboost|p1a: il predestinato|atk|1
|move|p1a: il predestinato|Volt Switch|p2a: Krookodile
|-immune|p2a: Krookodile
|
|upkeep
|turn|20
|inactive|Fathiryxi has 20 seconds left this turn.
|inactive|Fathiryxi has 15 seconds left.
|inactive|Fathiryxi has 10 seconds left.
|inactive|Fathiryxi has 5 seconds left.
|
|t:|1660496098
|switch|p1a: eau rogue|Hydreigon, F|87/100
|switch|p2a: Primarina|Primarina, M|85/100 slp
|-damage|p2a: Primarina|72/100 slp|[from] Stealth Rock
|
|-heal|p2a: Primarina|78/100 slp|[from] item: Leftovers
|upkeep
|turn|21
|inactive|Fathiryxi has 15 seconds left this turn.
|inactive|Fathiryxi has 10 seconds left.
|
|t:|1660496106
|move|p1a: eau rogue|U-turn|p2a: Primarina
|-resisted|p2a: Primarina
|-damage|p2a: Primarina|71/100 slp
|inactive|Fathiryxi has 15 seconds left this turn.
|
|t:|1660496111
|switch|p1a: honey badger|Tangrowth, M|100/100|[from]move: U-turn
|cant|p2a: Primarina|slp
|move|p2a: Primarina|Sleep Talk|p2a: Primarina
|move|p2a: Primarina|Scald|p1a: honey badger|[from]move: Sleep Talk
|-resisted|p1a: honey badger
|-damage|p1a: honey badger|90/100
|
|-heal|p2a: Primarina|77/100 slp|[from] item: Leftovers
|upkeep
|turn|22
|inactive|Fathiryxi has 25 seconds left this turn.
|inactive|Gods armada has 60 seconds left.
|inactive|Fathiryxi has 20 seconds left.
|inactive|Fathiryxi has 15 seconds left.
|inactive|Fathiryxi has 10 seconds left.
|inactive|Fathiryxi has 5 seconds left.
|
|t:|1660496134
|switch|p2a: Krookodile|Krookodile, F|94/100
|-damage|p2a: Krookodile|88/100|[from] Stealth Rock
|-ability|p2a: Krookodile|Intimidate|boost
|-unboost|p1a: honey badger|atk|1
|move|p1a: honey badger|Sludge Bomb|p2a: Krookodile
|-resisted|p2a: Krookodile
|-damage|p2a: Krookodile|72/100
|
|upkeep
|turn|23
|inactive|Fathiryxi has 15 seconds left this turn.
|inactive|Gods armada has 60 seconds left.
|inactive|Fathiryxi has 10 seconds left.
|inactive|Fathiryxi has 5 seconds left.
|
|t:|1660496146
|switch|p1a: eau rogue|Hydreigon, F|87/100
|move|p2a: Krookodile|Knock Off|p1a: eau rogue
|-resisted|p1a: eau rogue
|-crit|p1a: eau rogue
|-damage|p1a: eau rogue|44/100
|
|upkeep
|turn|24
|inactive|Fathiryxi has 15 seconds left this turn.
|inactive|Fathiryxi has 10 seconds left.
|inactive|Fathiryxi has 5 seconds left.
|
|t:|1660496156
|move|p1a: eau rogue|U-turn|p2a: Krookodile
|-supereffective|p2a: Krookodile
|-damage|p2a: Krookodile|37/100
|inactive|Fathiryxi has 10 seconds left this turn.
|
|t:|1660496164
|switch|p1a: honey badger|Tangrowth, M|100/100|[from]move: U-turn
|move|p2a: Krookodile|Knock Off|p1a: honey badger
|-damage|p1a: honey badger|50/100
|-enditem|p1a: honey badger|Assault Vest|[from] move: Knock Off|[of] p2a: Krookodile
|
|upkeep
|turn|25
|inactive|Fathiryxi has 20 seconds left this turn.
|inactive|Fathiryxi has 15 seconds left.
|inactive|Fathiryxi has 10 seconds left.
|
|t:|1660496178
|move|p2a: Krookodile|Knock Off|p1a: honey badger
|-damage|p1a: honey badger|16/100
|move|p1a: honey badger|Power Whip|p2a: Krookodile
|-supereffective|p2a: Krookodile
|-damage|p2a: Krookodile|0 fnt
|faint|p2a: Krookodile
|
|upkeep
|inactive|Fathiryxi has 15 seconds left this turn.
|inactive|Fathiryxi has 10 seconds left.
|
|t:|1660496186
|switch|p2a: Talonflame|Talonflame, F|58/100
|turn|26
|inactive|Fathiryxi has 20 seconds left this turn.
|inactive|Fathiryxi has 15 seconds left.
|inactive|Fathiryxi has 10 seconds left.
|
|t:|1660496197
|move|p2a: Talonflame|Swords Dance|p2a: Talonflame
|-boost|p2a: Talonflame|atk|2
|move|p1a: honey badger|Sludge Bomb|p2a: Talonflame
|-damage|p2a: Talonflame|24/100
|
|upkeep
|turn|27
|inactive|Fathiryxi has 20 seconds left this turn.
|inactive|Fathiryxi has 15 seconds left.
|
|t:|1660496205
|move|p2a: Talonflame|Roost|p2a: Talonflame
|-heal|p2a: Talonflame|74/100
|-singleturn|p2a: Talonflame|move: Roost
|move|p1a: honey badger|Sludge Bomb|p2a: Talonflame
|-damage|p2a: Talonflame|37/100
|-status|p2a: Talonflame|psn
|
|-damage|p2a: Talonflame|24/100 psn|[from] psn
|upkeep
|turn|28
|inactive|Fathiryxi has 25 seconds left this turn.
|inactive|Gods armada has 90 seconds left.
|inactive|Fathiryxi has 20 seconds left.
|inactive|Fathiryxi has 15 seconds left.
|inactive|Fathiryxi has 10 seconds left.
|
|t:|1660496221
|move|p2a: Talonflame|Roost|p2a: Talonflame
|-heal|p2a: Talonflame|74/100 psn
|-singleturn|p2a: Talonflame|move: Roost
|move|p1a: honey badger|Sludge Bomb|p2a: Talonflame
|-damage|p2a: Talonflame|41/100 psn
|
|-damage|p2a: Talonflame|28/100 psn|[from] psn
|upkeep
|turn|29
|inactive|Fathiryxi has 20 seconds left this turn.
|inactive|Gods armada has 90 seconds left.
|inactive|Fathiryxi has 15 seconds left.
|
|t:|1660496229
|move|p2a: Talonflame|Roost|p2a: Talonflame
|-heal|p2a: Talonflame|78/100 psn
|-singleturn|p2a: Talonflame|move: Roost
|move|p1a: honey badger|Sludge Bomb|p2a: Talonflame
|-damage|p2a: Talonflame|42/100 psn
|
|-damage|p2a: Talonflame|29/100 psn|[from] psn
|upkeep
|turn|30
|inactive|Fathiryxi has 25 seconds left this turn.
|inactive|Fathiryxi has 20 seconds left.
|inactive|Fathiryxi has 15 seconds left.
|
|t:|1660496241
|move|p2a: Talonflame|Roost|p2a: Talonflame
|-heal|p2a: Talonflame|79/100 psn
|-singleturn|p2a: Talonflame|move: Roost
|move|p1a: honey badger|Sludge Bomb|p2a: Talonflame
|-damage|p2a: Talonflame|44/100 psn
|
|-damage|p2a: Talonflame|32/100 psn|[from] psn
|upkeep
|turn|31
|inactive|Fathiryxi has 25 seconds left this turn.
|inactive|Fathiryxi has 20 seconds left.
|inactive|Fathiryxi has 15 seconds left.
|
|t:|1660496258
|move|p2a: Talonflame|Brave Bird|p1a: honey badger
|-supereffective|p1a: honey badger
|-damage|p1a: honey badger|0 fnt
|faint|p1a: honey badger
|-damage|p2a: Talonflame|25/100 psn|[from] Recoil
|
|-damage|p2a: Talonflame|13/100 psn|[from] psn
|upkeep
|inactive|Fathiryxi has 20 seconds left this turn.
|
|t:|1660496268
|switch|p1a: monza|Swampert, M|38/100
|turn|32
|inactive|Fathiryxi has 30 seconds left this turn.
|inactive|Fathiryxi has 20 seconds left.
|inactive|Fathiryxi has 15 seconds left.
|inactive|Fathiryxi has 10 seconds left.
|
|t:|1660496289
|move|p2a: Talonflame|Brave Bird|p1a: monza
|-damage|p1a: monza|0 fnt
|faint|p1a: monza
|-damage|p2a: Talonflame|0 fnt|[from] Recoil
|faint|p2a: Talonflame
|
|upkeep
|inactive|Fathiryxi has 20 seconds left this turn.
|inactive|Fathiryxi has 15 seconds left.
|
|t:|1660496299
|switch|p2a: Tangrowth|Tangrowth, F|53/100 tox
|switch|p1a: broken dream|Celesteela|100/100
|-damage|p2a: Tangrowth|40/100 tox|[from] Stealth Rock
|turn|33
|inactive|Fathiryxi has 25 seconds left this turn.
|
|t:|1660496303
|switch|p2a: Primarina|Primarina, M|77/100 slp
|-damage|p2a: Primarina|64/100 slp|[from] Stealth Rock
|move|p1a: broken dream|Meteor Beam||[still]
|-prepare|p1a: broken dream|Meteor Beam
|-boost|p1a: broken dream|spa|1
|-enditem|p1a: broken dream|Power Herb
|-anim|p1a: broken dream|Meteor Beam|p2a: Primarina
|-damage|p2a: Primarina|31/100 slp
|
|-heal|p2a: Primarina|37/100 slp|[from] item: Leftovers
|upkeep
|turn|34
|inactive|Fathiryxi has 30 seconds left.
|inactive|Gods armada has 120 seconds left.
|
|t:|1660496316
|move|p1a: broken dream|Air Slash|p2a: Primarina
|-damage|p2a: Primarina|3/100 slp
|cant|p2a: Primarina|slp
|cant|p2a: Primarina|flinch
|
|-heal|p2a: Primarina|9/100 slp|[from] item: Leftovers
|upkeep
|turn|35
|c|☆Gods armada|gg
|inactive|Fathiryxi has 30 seconds left.
|c|☆Fathiryxi|kk gg 
|-message|Fathiryxi forfeited.
|
|win|Gods armada
|inactive|Fathiryxi has 30 seconds left this turn.
