|inactive|Battle timer is ON: inactive players will automatically lose when time's up.
|t:|1657573936
|gametype|singles
|player|p1|Lily|#lily|
|player|p2|Dunoks|#fcl9mighty|
|teamsize|p1|6
|teamsize|p2|6
|gen|8
|tier|[Gen 8] UU
|rule|Sleep Clause Mod: Limit one foe put to sleep
|rule|Species Clause: Limit one of each Pokémon
|rule|OHKO Clause: OHKO moves are banned
|rule|Evasion Moves Clause: Evasion moves are banned
|rule|Endless Battle Clause: Forcing endless battles is banned
|rule|HP Percentage Mod: HP is shown in percentages
|rule|Dynamax Clause: You cannot dynamax
|clearpoke
|poke|p1|Celesteela|
|poke|p1|Keldeo-Resolute|
|poke|p1|Hippowdon, F|
|poke|p1|Scizor, F|
|poke|p1|Crobat, F|
|poke|p1|Tangrowth, M|
|poke|p2|Azumarill, M|
|poke|p2|Zygarde-10%|
|poke|p2|Rotom-Wash|
|poke|p2|Celesteela|
|poke|p2|Hippowdon, M|
|poke|p2|Azelf|
|teampreview
|c|☆Dunoks|hf 
|c|☆Lily|hf
|inactive|Lily has 270 seconds left.
|inactive|Dunoks has 270 seconds left.
|c|+pokemonisfun|please lily win i need another 15 minute break in between games
|c|+Mimilucha|BOULOT DUNOKS
|c|+Mimilucha|tu finis ça rfn
|inactive|Lily has 240 seconds left.
|inactive|Dunoks has 240 seconds left.
|inactive|Dunoks has 210 seconds left.
|c|+mncmt|vai lil y
|c|+omicorio|vai lil y
|inactive|Dunoks has 180 seconds left.
|
|t:|1657574057
|start
|switch|p1a: Infestation|Tangrowth, M|100/100
|switch|p2a: Celesteela|Celesteela|100/100
|turn|1
|
|t:|1657574066
|switch|p2a: Hippowdon|Hippowdon, M|100/100
|-weather|Sandstorm|[from] ability: Sand Stream|[of] p2a: Hippowdon
|move|p1a: Infestation|Knock Off|p2a: Hippowdon
|-damage|p2a: Hippowdon|86/100
|-enditem|p2a: Hippowdon|Leftovers|[from] move: Knock Off|[of] p1a: Infestation
|
|-weather|Sandstorm|[upkeep]
|-damage|p1a: Infestation|94/100|[from] Sandstorm
|upkeep
|turn|2
|
|t:|1657574078
|switch|p1a: InterstellarStompr|Celesteela|100/100
|move|p2a: Hippowdon|Toxic|p1a: InterstellarStompr
|-immune|p1a: InterstellarStompr
|
|-weather|Sandstorm|[upkeep]
|upkeep
|turn|3
|
|t:|1657574084
|switch|p2a: Celesteela|Celesteela|100/100
|move|p1a: InterstellarStompr|Toxic|p2a: Celesteela
|-immune|p2a: Celesteela
|
|-weather|Sandstorm|[upkeep]
|upkeep
|turn|4
|
|t:|1657574087
|move|p2a: Celesteela|Leech Seed|p1a: InterstellarStompr
|-start|p1a: InterstellarStompr|move: Leech Seed
|move|p1a: InterstellarStompr|Leech Seed|p2a: Celesteela
|-start|p2a: Celesteela|move: Leech Seed
|
|-weather|Sandstorm|[upkeep]
|-damage|p1a: InterstellarStompr|88/100|[from] Leech Seed|[of] p2a: Celesteela
|-damage|p2a: Celesteela|88/100|[from] Leech Seed|[of] p1a: InterstellarStompr
|-heal|p1a: InterstellarStompr|100/100|[silent]
|upkeep
|turn|5
|
|t:|1657574095
|switch|p2a: Rotom|Rotom-Wash|100/100
|move|p1a: InterstellarStompr|Toxic|p2a: Rotom
|-status|p2a: Rotom|tox
|
|-weather|none
|-damage|p1a: InterstellarStompr|88/100|[from] Leech Seed|[of] p2a: Rotom
|-damage|p2a: Rotom|94/100 tox|[from] psn
|upkeep
|turn|6
|inactive|Dunoks has 270 seconds left.
|
|t:|1657574100
|switch|p1a: Infestation|Tangrowth, M|100/100
|move|p2a: Rotom|Volt Switch|p1a: Infestation
|-resisted|p1a: Infestation
|-damage|p1a: Infestation|92/100
|
|t:|1657574103
|switch|p2a: Hippowdon|Hippowdon, M|86/100|[from]move: Volt Switch
|-weather|Sandstorm|[from] ability: Sand Stream|[of] p2a: Hippowdon
|
|-weather|Sandstorm|[upkeep]
|-damage|p1a: Infestation|86/100|[from] Sandstorm
|upkeep
|turn|7
|
|t:|1657574109
|switch|p1a: Leviathan Trilogy|Keldeo-Resolute|100/100
|move|p2a: Hippowdon|Stealth Rock|p1a: Leviathan Trilogy
|-sidestart|p1: Lily|move: Stealth Rock
|
|-weather|Sandstorm|[upkeep]
|-damage|p1a: Leviathan Trilogy|94/100|[from] Sandstorm
|upkeep
|turn|8
|
|t:|1657574113
|switch|p2a: Celesteela|Celesteela|88/100
|move|p1a: Leviathan Trilogy|Hydro Pump|p2a: Celesteela
|-damage|p2a: Celesteela|32/100
|
|-weather|Sandstorm|[upkeep]
|-damage|p1a: Leviathan Trilogy|88/100|[from] Sandstorm
|-heal|p2a: Celesteela|38/100|[from] item: Leftovers
|upkeep
|turn|9
|
|t:|1657574117
|switch|p2a: Rotom|Rotom-Wash|94/100 tox
|move|p1a: Leviathan Trilogy|Hydro Pump|p2a: Rotom
|-resisted|p2a: Rotom
|-damage|p2a: Rotom|53/100 tox
|
|-weather|Sandstorm|[upkeep]
|-damage|p1a: Leviathan Trilogy|82/100|[from] Sandstorm
|-damage|p2a: Rotom|47/100 tox|[from] Sandstorm
|-heal|p2a: Rotom|53/100 tox|[from] item: Leftovers
|-damage|p2a: Rotom|47/100 tox|[from] psn
|upkeep
|turn|10
|
|t:|1657574121
|switch|p1a: Infestation|Tangrowth, M|100/100
|-damage|p1a: Infestation|88/100|[from] Stealth Rock
|move|p2a: Rotom|Pain Split|p1a: Infestation
|-sethp|p1a: Infestation|62/100|[from] move: Pain Split|[silent]
|-sethp|p2a: Rotom|82/100 tox|[from] move: Pain Split
|
|-weather|none
|-heal|p2a: Rotom|88/100 tox|[from] item: Leftovers
|-damage|p2a: Rotom|75/100 tox|[from] psn
|upkeep
|turn|11
|
|t:|1657574126
|move|p2a: Rotom|Volt Switch|p1a: Infestation
|-resisted|p1a: Infestation
|-damage|p1a: Infestation|53/100
|
|t:|1657574129
|switch|p2a: Hippowdon|Hippowdon, M|86/100|[from]move: Volt Switch
|-weather|Sandstorm|[from] ability: Sand Stream|[of] p2a: Hippowdon
|move|p1a: Infestation|Power Whip|p2a: Hippowdon
|-supereffective|p2a: Hippowdon
|-damage|p2a: Hippowdon|36/100
|
|-weather|Sandstorm|[upkeep]
|-damage|p1a: Infestation|47/100|[from] Sandstorm
|upkeep
|turn|12
|
|t:|1657574134
|switch|p1a: Leviathan Trilogy|Keldeo-Resolute|82/100
|-damage|p1a: Leviathan Trilogy|76/100|[from] Stealth Rock
|move|p2a: Hippowdon|Slack Off|p2a: Hippowdon
|-heal|p2a: Hippowdon|86/100
|
|-weather|Sandstorm|[upkeep]
|-damage|p1a: Leviathan Trilogy|70/100|[from] Sandstorm
|upkeep
|turn|13
|
|t:|1657574142
|switch|p2a: Rotom|Rotom-Wash|75/100 tox
|move|p1a: Leviathan Trilogy|Hydro Pump|p2a: Rotom|[miss]
|-miss|p1a: Leviathan Trilogy|p2a: Rotom
|
|-weather|Sandstorm|[upkeep]
|-damage|p1a: Leviathan Trilogy|63/100|[from] Sandstorm
|-damage|p2a: Rotom|69/100 tox|[from] Sandstorm
|-heal|p2a: Rotom|75/100 tox|[from] item: Leftovers
|-damage|p2a: Rotom|69/100 tox|[from] psn
|upkeep
|turn|14
|
|t:|1657574148
|switch|p1a: Wasteland|Hippowdon, F|100/100
|-damage|p1a: Wasteland|94/100|[from] Stealth Rock
|move|p2a: Rotom|Volt Switch|p1a: Wasteland
|-immune|p1a: Wasteland
|
|-weather|Sandstorm|[upkeep]
|-damage|p2a: Rotom|63/100 tox|[from] Sandstorm
|-heal|p2a: Rotom|69/100 tox|[from] item: Leftovers
|-heal|p1a: Wasteland|100/100|[from] item: Leftovers
|-damage|p2a: Rotom|57/100 tox|[from] psn
|upkeep
|turn|15
|
|t:|1657574151
|move|p2a: Rotom|Hydro Pump|p1a: Wasteland
|-supereffective|p1a: Wasteland
|-damage|p1a: Wasteland|31/100
|move|p1a: Wasteland|Slack Off|p1a: Wasteland
|-heal|p1a: Wasteland|81/100
|
|-weather|none
|-heal|p2a: Rotom|63/100 tox|[from] item: Leftovers
|-heal|p1a: Wasteland|88/100|[from] item: Leftovers
|-damage|p2a: Rotom|44/100 tox|[from] psn
|upkeep
|turn|16
|
|t:|1657574156
|switch|p2a: Azumarill|Azumarill, M|100/100
|move|p1a: Wasteland|Stealth Rock|p2a: Azumarill
|-sidestart|p2: Dunoks|move: Stealth Rock
|
|-heal|p1a: Wasteland|94/100|[from] item: Leftovers
|upkeep
|turn|17
|
|t:|1657574161
|switch|p1a: Universal Collapse|Scizor, F|100/100
|move|p2a: Azumarill|Whirlpool|p1a: Universal Collapse
|-damage|p1a: Universal Collapse|93/100
|-activate|p1a: Universal Collapse|move: Whirlpool|[of] p2a: Azumarill
|
|-damage|p1a: Universal Collapse|80/100|[from] move: Whirlpool|[partiallytrapped]
|upkeep
|turn|18
|
|t:|1657574171
|move|p2a: Azumarill|Protect|p2a: Azumarill
|-singleturn|p2a: Azumarill|Protect
|move|p1a: Universal Collapse|Swords Dance|p1a: Universal Collapse
|-boost|p1a: Universal Collapse|atk|2
|
|-damage|p1a: Universal Collapse|68/100|[from] move: Whirlpool|[partiallytrapped]
|upkeep
|turn|19
|
|t:|1657574176
|switch|p2a: Rotom|Rotom-Wash|44/100 tox
|-damage|p2a: Rotom|32/100 tox|[from] Stealth Rock
|move|p1a: Universal Collapse|U-turn|p2a: Rotom
|-damage|p2a: Rotom|0 fnt
|faint|p2a: Rotom
|
|t:|1657574181
|switch|p1a: Fly of Beelzebub|Crobat, F|100/100|[from]move: U-turn
|
|upkeep
|
|t:|1657574203
|switch|p2a: Celesteela|Celesteela|38/100
|-damage|p2a: Celesteela|26/100|[from] Stealth Rock
|turn|20
|
|t:|1657574206
|move|p1a: Fly of Beelzebub|Taunt|p2a: Celesteela
|-start|p2a: Celesteela|move: Taunt
|move|p2a: Celesteela|Flamethrower|p1a: Fly of Beelzebub
|-damage|p1a: Fly of Beelzebub|74/100
|
|-heal|p2a: Celesteela|32/100|[from] item: Leftovers
|upkeep
|turn|21
|
|t:|1657574210
|move|p1a: Fly of Beelzebub|U-turn|p2a: Celesteela
|-resisted|p2a: Celesteela
|-damage|p2a: Celesteela|29/100
|
|t:|1657574211
|switch|p1a: Leviathan Trilogy|Keldeo-Resolute|63/100|[from]move: U-turn
|-damage|p1a: Leviathan Trilogy|57/100|[from] Stealth Rock
|move|p2a: Celesteela|Flamethrower|p1a: Leviathan Trilogy
|-resisted|p1a: Leviathan Trilogy
|-damage|p1a: Leviathan Trilogy|45/100
|
|-heal|p2a: Celesteela|35/100|[from] item: Leftovers
|upkeep
|turn|22
|
|t:|1657574216
|switch|p2a: Azumarill|Azumarill, M|100/100
|-damage|p2a: Azumarill|88/100|[from] Stealth Rock
|move|p1a: Leviathan Trilogy|Scald|p2a: Azumarill
|-resisted|p2a: Azumarill
|-damage|p2a: Azumarill|65/100
|
|upkeep
|turn|23
|
|t:|1657574221
|switch|p1a: Universal Collapse|Scizor, F|68/100
|switch|p2a: Azelf|Azelf|100/100
|
|upkeep
|turn|24
|
|t:|1657574230
|switch|p1a: Fly of Beelzebub|Crobat, F|74/100
|move|p2a: Azelf|Knock Off|p1a: Fly of Beelzebub
|-damage|p1a: Fly of Beelzebub|43/100
|-enditem|p1a: Fly of Beelzebub|Heavy-Duty Boots|[from] move: Knock Off|[of] p2a: Azelf
|
|upkeep
|turn|25
|
|t:|1657574235
|switch|p2a: Hippowdon|Hippowdon, M|86/100
|-damage|p2a: Hippowdon|80/100|[from] Stealth Rock
|-weather|Sandstorm|[from] ability: Sand Stream|[of] p2a: Hippowdon
|move|p1a: Fly of Beelzebub|U-turn|p2a: Hippowdon
|-damage|p2a: Hippowdon|69/100
|
|t:|1657574237
|switch|p1a: Leviathan Trilogy|Keldeo-Resolute|45/100|[from]move: U-turn
|-damage|p1a: Leviathan Trilogy|39/100|[from] Stealth Rock
|
|-weather|Sandstorm|[upkeep]
|-damage|p1a: Leviathan Trilogy|33/100|[from] Sandstorm
|upkeep
|turn|26
|
|t:|1657574241
|switch|p2a: Azumarill|Azumarill, M|65/100
|-damage|p2a: Azumarill|53/100|[from] Stealth Rock
|move|p1a: Leviathan Trilogy|Hydro Pump|p2a: Azumarill
|-resisted|p2a: Azumarill
|-damage|p2a: Azumarill|24/100
|
|-weather|Sandstorm|[upkeep]
|-damage|p1a: Leviathan Trilogy|27/100|[from] Sandstorm
|-damage|p2a: Azumarill|18/100|[from] Sandstorm
|upkeep
|turn|27
|
|t:|1657574245
|move|p2a: Azumarill|Protect|p2a: Azumarill
|-singleturn|p2a: Azumarill|Protect
|move|p1a: Leviathan Trilogy|Hydro Pump|p2a: Azumarill
|-activate|p2a: Azumarill|move: Protect
|
|-weather|Sandstorm|[upkeep]
|-damage|p1a: Leviathan Trilogy|21/100|[from] Sandstorm
|-damage|p2a: Azumarill|11/100|[from] Sandstorm
|upkeep
|turn|28
|
|t:|1657574250
|move|p1a: Leviathan Trilogy|Hydro Pump|p2a: Azumarill
|-resisted|p2a: Azumarill
|-damage|p2a: Azumarill|0 fnt
|faint|p2a: Azumarill
|
|-weather|Sandstorm|[upkeep]
|-damage|p1a: Leviathan Trilogy|14/100|[from] Sandstorm
|upkeep
|
|t:|1657574257
|switch|p2a: Azelf|Azelf|100/100
|turn|29
|
|t:|1657574297
|move|p2a: Azelf|Flamethrower|p1a: Leviathan Trilogy
|-resisted|p1a: Leviathan Trilogy
|-damage|p1a: Leviathan Trilogy|0 fnt
|faint|p1a: Leviathan Trilogy
|
|-weather|none
|upkeep
|
|t:|1657574311
|switch|p1a: InterstellarStompr|Celesteela|88/100
|-damage|p1a: InterstellarStompr|76/100|[from] Stealth Rock
|turn|30
|
|t:|1657574315
|move|p2a: Azelf|Flamethrower|p1a: InterstellarStompr
|-supereffective|p1a: InterstellarStompr
|-damage|p1a: InterstellarStompr|41/100
|move|p1a: InterstellarStompr|Heavy Slam|p2a: Azelf
|-damage|p2a: Azelf|31/100
|
|-heal|p1a: InterstellarStompr|47/100|[from] item: Leftovers
|upkeep
|turn|31
|
|t:|1657574323
|move|p2a: Azelf|Flamethrower|p1a: InterstellarStompr
|-supereffective|p1a: InterstellarStompr
|-damage|p1a: InterstellarStompr|9/100
|move|p1a: InterstellarStompr|Flamethrower|p2a: Azelf
|-damage|p2a: Azelf|0 fnt
|faint|p2a: Azelf
|-ability|p1a: InterstellarStompr|Beast Boost|boost
|-boost|p1a: InterstellarStompr|spd|1
|
|-heal|p1a: InterstellarStompr|15/100|[from] item: Leftovers
|upkeep
|
|t:|1657574327
|switch|p2a: Zygarde|Zygarde-10%|100/100
|-damage|p2a: Zygarde|94/100|[from] Stealth Rock
|-ability|p2a: Zygarde|Aura Break
|turn|32
|
|t:|1657574332
|switch|p1a: Wasteland|Hippowdon, F|94/100
|-damage|p1a: Wasteland|88/100|[from] Stealth Rock
|-weather|Sandstorm|[from] ability: Sand Stream|[of] p1a: Wasteland
|move|p2a: Zygarde|Thousand Arrows|p1a: Wasteland
|-damage|p1a: Wasteland|54/100
|
|-weather|Sandstorm|[upkeep]
|-heal|p1a: Wasteland|60/100|[from] item: Leftovers
|upkeep
|turn|33
|
|t:|1657574339
|switch|p2a: Celesteela|Celesteela|35/100
|-damage|p2a: Celesteela|22/100|[from] Stealth Rock
|switch|p1a: Infestation|Tangrowth, M|80/100
|-damage|p1a: Infestation|67/100|[from] Stealth Rock
|
|-weather|Sandstorm|[upkeep]
|-damage|p1a: Infestation|61/100|[from] Sandstorm
|-heal|p2a: Celesteela|28/100|[from] item: Leftovers
|upkeep
|turn|34
|
|t:|1657574345
|switch|p2a: Hippowdon|Hippowdon, M|69/100
|-damage|p2a: Hippowdon|63/100|[from] Stealth Rock
|move|p1a: Infestation|Knock Off|p2a: Hippowdon
|-damage|p2a: Hippowdon|53/100
|
|-weather|Sandstorm|[upkeep]
|-damage|p1a: Infestation|55/100|[from] Sandstorm
|upkeep
|turn|35
|
|t:|1657574353
|switch|p2a: Zygarde|Zygarde-10%|94/100
|-damage|p2a: Zygarde|88/100|[from] Stealth Rock
|-ability|p2a: Zygarde|Aura Break
|move|p1a: Infestation|Power Whip|p2a: Zygarde
|-damage|p2a: Zygarde|14/100
|
|-weather|Sandstorm|[upkeep]
|-damage|p1a: Infestation|49/100|[from] Sandstorm
|upkeep
|turn|36
|
|t:|1657574362
|switch|p1a: InterstellarStompr|Celesteela|15/100
|-damage|p1a: InterstellarStompr|3/100|[from] Stealth Rock
|move|p2a: Zygarde|Outrage|p1a: InterstellarStompr
|-resisted|p1a: InterstellarStompr
|-damage|p1a: InterstellarStompr|0 fnt
|faint|p1a: InterstellarStompr
|
|-weather|none
|upkeep
|
|t:|1657574366
|switch|p1a: Universal Collapse|Scizor, F|68/100
|turn|37
|
|t:|1657574368
|move|p2a: Zygarde|Outrage|p1a: Universal Collapse|[from]lockedmove
|-resisted|p1a: Universal Collapse
|-damage|p1a: Universal Collapse|38/100
|move|p1a: Universal Collapse|Swords Dance|p1a: Universal Collapse
|-boost|p1a: Universal Collapse|atk|2
|
|upkeep
|turn|38
|
|t:|1657574373
|move|p2a: Zygarde|Outrage|p1a: Universal Collapse|[from]lockedmove
|-resisted|p1a: Universal Collapse
|-damage|p1a: Universal Collapse|6/100
|-start|p2a: Zygarde|confusion|[fatigue]
|move|p1a: Universal Collapse|Roost|p1a: Universal Collapse
|-heal|p1a: Universal Collapse|56/100
|-singleturn|p1a: Universal Collapse|move: Roost
|
|upkeep
|turn|39
|
|t:|1657574381
|-activate|p2a: Zygarde|confusion
|move|p2a: Zygarde|Outrage|p1a: Universal Collapse
|-resisted|p1a: Universal Collapse
|-damage|p1a: Universal Collapse|27/100
|move|p1a: Universal Collapse|Swords Dance|p1a: Universal Collapse
|-boost|p1a: Universal Collapse|atk|2
|
|upkeep
|turn|40
|
|t:|1657574383
|move|p1a: Universal Collapse|Bullet Punch|p2a: Zygarde
|-damage|p2a: Zygarde|0 fnt
|faint|p2a: Zygarde
|
|upkeep
|
|t:|1657574385
|switch|p2a: Celesteela|Celesteela|28/100
|-damage|p2a: Celesteela|16/100|[from] Stealth Rock
|turn|41
|
|t:|1657574387
|move|p1a: Universal Collapse|Bullet Punch|p2a: Celesteela
|-resisted|p2a: Celesteela
|-damage|p2a: Celesteela|0 fnt
|faint|p2a: Celesteela
|
|upkeep
|c|☆Lily|gg
|c|☆Dunoks|gg
|-message|Dunoks forfeited.
|
|win|Lily
