|inactive|Battle timer is ON: inactive players will automatically lose when time's up.
|t:|1666375747
|gametype|singles
|player|p1|Mimilucha|ethan-masters|
|player|p2|corperaten|265|
|teamsize|p1|6
|teamsize|p2|6
|gen|8
|tier|[Gen 8] UU
|rule|Sleep Clause Mod: Limit one foe put to sleep
|rule|Species Clause: Limit one of each Pokémon
|rule|OHKO Clause: OHKO moves are banned
|rule|Evasion Items Clause: Evasion items are banned
|rule|Evasion Moves Clause: Evasion moves are banned
|rule|Endless Battle Clause: Forcing endless battles is banned
|rule|HP Percentage Mod: HP is shown in percentages
|rule|Dynamax Clause: You cannot dynamax
|clearpoke
|poke|p1|Starmie|
|poke|p1|Zarude|
|poke|p1|Mamoswine, F|
|poke|p1|Chansey, F|
|poke|p1|Skarmory, F|
|poke|p1|Crobat, F|
|poke|p2|Slowbro-Galar, F|
|poke|p2|Regieleki|
|poke|p2|Scizor, F|
|poke|p2|Cobalion|
|poke|p2|Chansey, F|
|poke|p2|Togekiss, F|
|teampreview
|inactive|Mimilucha also wants the timer to be on.
|c|☆corperaten|hf
|c|☆Mimilucha|hf
|inactive|Mimilucha has 270 seconds left.
|inactive|corperaten has 270 seconds left.
|inactive|corperaten has 240 seconds left.
|
|t:|1666375815
|start
|switch|p1a: Starmie|Starmie|100/100
|switch|p2a: Cobalion|Cobalion|100/100
|turn|1
|
|t:|1666375826
|switch|p2a: Chansey|Chansey, F|100/100
|move|p1a: Starmie|Scald|p2a: Chansey
|-damage|p2a: Chansey|92/100
|-status|p2a: Chansey|brn
|
|-damage|p2a: Chansey|86/100 brn|[from] brn
|upkeep
|turn|2
|
|t:|1666375831
|move|p1a: Starmie|Psyshock|p2a: Chansey
|-damage|p2a: Chansey|67/100 brn
|move|p2a: Chansey|Teleport|p2a: Chansey
|inactive|corperaten has 270 seconds left.
|
|t:|1666375864
|-curestatus|p2a: Chansey|brn|[from] ability: Natural Cure
|switch|p2a: Slowbro|Slowbro-Galar, F|100/100|[from]move: Teleport
|
|upkeep
|turn|3
|
|t:|1666375871
|move|p1a: Starmie|Scald|p2a: Slowbro
|-damage|p2a: Slowbro|66/100
|move|p2a: Slowbro|Nasty Plot|p2a: Slowbro
|-boost|p2a: Slowbro|spa|2
|
|upkeep
|turn|4
|
|t:|1666375880
|switch|p1a: Chansey|Chansey, F|100/100
|move|p2a: Slowbro|Grass Knot|p1a: Chansey
|-damage|p1a: Chansey|89/100
|
|upkeep
|turn|5
|
|t:|1666375885
|move|p1a: Chansey|Seismic Toss|p2a: Slowbro
|-damage|p2a: Slowbro|41/100
|move|p2a: Slowbro|Psyshock|p1a: Chansey
|-damage|p1a: Chansey|45/100
|
|upkeep
|turn|6
|
|t:|1666375888
|move|p1a: Chansey|Soft-Boiled|p1a: Chansey
|-heal|p1a: Chansey|95/100
|move|p2a: Slowbro|Nasty Plot|p2a: Slowbro
|-boost|p2a: Slowbro|spa|2
|
|upkeep
|turn|7
|
|t:|1666375902
|move|p2a: Slowbro|Psyshock|p1a: Chansey
|-damage|p1a: Chansey|36/100
|move|p1a: Chansey|Teleport|p1a: Chansey
|
|t:|1666375909
|switch|p1a: Mamoswine|Mamoswine, F|100/100|[from]move: Teleport
|
|upkeep
|turn|8
|inactive|corperaten has 270 seconds left.
|
|t:|1666375949
|switch|p2a: Scizor|Scizor, F|100/100
|move|p1a: Mamoswine|Earthquake|p2a: Scizor
|-damage|p2a: Scizor|45/100
|
|upkeep
|turn|9
|inactive|corperaten has 270 seconds left.
|
|t:|1666375962
|switch|p1a: Skarmory|Skarmory, F|100/100
|move|p2a: Scizor|Bullet Punch|p1a: Skarmory
|-resisted|p1a: Skarmory
|-damage|p1a: Skarmory|92/100
|-damage|p2a: Scizor|28/100|[from] item: Rocky Helmet|[of] p1a: Skarmory
|
|upkeep
|turn|10
|
|t:|1666375965
|move|p1a: Skarmory|Body Press|p2a: Scizor
|-damage|p2a: Scizor|0 fnt
|faint|p2a: Scizor
|
|upkeep
|inactive|corperaten has 270 seconds left.
|
|t:|1666375980
|switch|p2a: Togekiss|Togekiss, F|100/100
|turn|11
|
|t:|1666375989
|switch|p1a: Starmie|Starmie|100/100
|move|p2a: Togekiss|Nasty Plot|p2a: Togekiss
|-boost|p2a: Togekiss|spa|2
|
|upkeep
|turn|12
|
|t:|1666375992
|move|p1a: Starmie|Scald|p2a: Togekiss
|-damage|p2a: Togekiss|80/100
|move|p2a: Togekiss|Air Slash|p1a: Starmie
|-damage|p1a: Starmie|32/100
|
|upkeep
|turn|13
|
|t:|1666375995
|move|p1a: Starmie|Scald|p2a: Togekiss
|-damage|p2a: Togekiss|58/100
|move|p2a: Togekiss|Air Slash|p1a: Starmie
|-damage|p1a: Starmie|0 fnt
|faint|p1a: Starmie
|
|upkeep
|
|t:|1666376006
|switch|p1a: Mamoswine|Mamoswine, F|100/100
|turn|14
|inactive|corperaten has 270 seconds left.
|
|t:|1666376059
|move|p1a: Mamoswine|Ice Shard|p2a: Togekiss
|-supereffective|p2a: Togekiss
|-damage|p2a: Togekiss|5/100
|move|p2a: Togekiss|Flamethrower|p1a: Mamoswine
|-supereffective|p1a: Mamoswine
|-damage|p1a: Mamoswine|32/100
|-status|p1a: Mamoswine|brn
|
|-damage|p1a: Mamoswine|26/100 brn|[from] brn
|upkeep
|turn|15
|
|t:|1666376068
|switch|p2a: Cobalion|Cobalion|100/100
|move|p1a: Mamoswine|Earthquake|p2a: Cobalion
|-supereffective|p2a: Cobalion
|-damage|p2a: Cobalion|53/100
|
|-damage|p1a: Mamoswine|20/100 brn|[from] brn
|upkeep
|turn|16
|
|t:|1666376079
|move|p2a: Cobalion|Close Combat|p1a: Mamoswine
|-supereffective|p1a: Mamoswine
|-damage|p1a: Mamoswine|0 fnt
|-unboost|p2a: Cobalion|def|1
|-unboost|p2a: Cobalion|spd|1
|faint|p1a: Mamoswine
|
|upkeep
|
|t:|1666376081
|switch|p1a: Crobat|Crobat, F|100/100
|turn|17
|inactive|corperaten has 270 seconds left.
|
|t:|1666376087
|switch|p2a: Regieleki|Regieleki|100/100
|move|p1a: Crobat|Brave Bird|p2a: Regieleki
|-resisted|p2a: Regieleki
|-crit|p2a: Regieleki
|-damage|p2a: Regieleki|26/100
|-damage|p1a: Crobat|78/100|[from] Recoil
|
|upkeep
|turn|18
|
|t:|1666376093
|switch|p1a: Zarude|Zarude|100/100
|move|p2a: Regieleki|Thunderbolt|p1a: Zarude
|-resisted|p1a: Zarude
|-damage|p1a: Zarude|72/100
|
|upkeep
|turn|19
|
|t:|1666376096
|move|p2a: Regieleki|Volt Switch|p1a: Zarude
|-resisted|p1a: Zarude
|-damage|p1a: Zarude|51/100
|
|t:|1666376098
|switch|p2a: Cobalion|Cobalion|53/100|[from]move: Volt Switch
|move|p1a: Zarude|U-turn|p2a: Cobalion
|-resisted|p2a: Cobalion
|-crit|p2a: Cobalion
|-damage|p2a: Cobalion|46/100
|-damage|p1a: Zarude|34/100|[from] item: Rocky Helmet|[of] p2a: Cobalion
|
|t:|1666376108
|switch|p1a: Skarmory|Skarmory, F|92/100|[from]move: U-turn
|
|upkeep
|turn|20
|
|t:|1666376117
|move|p2a: Cobalion|Stealth Rock|p1a: Skarmory
|-sidestart|p1: Mimilucha|move: Stealth Rock
|move|p1a: Skarmory|Spikes|p2a: Cobalion
|-sidestart|p2: corperaten|Spikes
|
|upkeep
|turn|21
|
|t:|1666376123
|move|p2a: Cobalion|Taunt|p1a: Skarmory
|-start|p1a: Skarmory|move: Taunt
|move|p1a: Skarmory|Body Press|p2a: Cobalion
|-supereffective|p2a: Cobalion
|-damage|p2a: Cobalion|0 fnt
|-damage|p1a: Skarmory|75/100|[from] item: Rocky Helmet|[of] p2a: Cobalion
|faint|p2a: Cobalion
|
|upkeep
|
|t:|1666376126
|switch|p2a: Togekiss|Togekiss, F|5/100
|turn|22
|
|t:|1666376130
|switch|p1a: Crobat|Crobat, F|78/100
|move|p2a: Togekiss|Roost|p2a: Togekiss
|-heal|p2a: Togekiss|55/100
|-singleturn|p2a: Togekiss|move: Roost
|
|upkeep
|turn|23
|
|t:|1666376138
|move|p1a: Crobat|Taunt|p2a: Togekiss
|-start|p2a: Togekiss|move: Taunt
|cant|p2a: Togekiss|move: Taunt|Roost
|
|upkeep
|turn|24
|inactive|corperaten has 270 seconds left.
|inactive|corperaten has 240 seconds left.
|
|t:|1666376204
|move|p1a: Crobat|Brave Bird|p2a: Togekiss
|-damage|p2a: Togekiss|7/100
|-damage|p1a: Crobat|59/100|[from] Recoil
|move|p2a: Togekiss|Air Slash|p1a: Crobat
|-crit|p1a: Crobat
|-damage|p1a: Crobat|5/100
|
|upkeep
|turn|25
|inactive|corperaten has 240 seconds left.
|
|t:|1666376213
|switch|p2a: Regieleki|Regieleki|26/100
|move|p1a: Crobat|Roost|p1a: Crobat
|-heal|p1a: Crobat|55/100
|-singleturn|p1a: Crobat|move: Roost
|
|upkeep
|turn|26
|
|t:|1666376231
|switch|p1a: Skarmory|Skarmory, F|75/100
|-damage|p1a: Skarmory|63/100|[from] Stealth Rock
|move|p2a: Regieleki|Thunderbolt|p1a: Skarmory
|-supereffective|p1a: Skarmory
|-damage|p1a: Skarmory|0 fnt
|faint|p1a: Skarmory
|
|upkeep
|
|t:|1666376233
|switch|p1a: Chansey|Chansey, F|36/100
|-damage|p1a: Chansey|23/100|[from] Stealth Rock
|turn|27
|
|t:|1666376236
|move|p2a: Regieleki|Rapid Spin|p1a: Chansey
|-damage|p1a: Chansey|17/100
|-boost|p2a: Regieleki|spe|1
|-sideend|p2: corperaten|Spikes|[from] move: Rapid Spin|[of] p2a: Regieleki
|move|p1a: Chansey|Soft-Boiled|p1a: Chansey
|-heal|p1a: Chansey|67/100
|
|upkeep
|turn|28
|
|t:|1666376244
|move|p2a: Regieleki|Volt Switch|p1a: Chansey
|-damage|p1a: Chansey|53/100
|
|t:|1666376247
|switch|p2a: Chansey|Chansey, F|67/100|[from]move: Volt Switch
|move|p1a: Chansey|Stealth Rock|p2a: Chansey
|-sidestart|p2: corperaten|move: Stealth Rock
|
|upkeep
|turn|29
|
|t:|1666376257
|move|p2a: Chansey|Soft-Boiled|p2a: Chansey
|-heal|p2a: Chansey|100/100
|move|p1a: Chansey|Teleport|p1a: Chansey
|
|t:|1666376258
|switch|p1a: Crobat|Crobat, F|55/100|[from]move: Teleport
|
|upkeep
|turn|30
|
|t:|1666376264
|move|p1a: Crobat|Taunt|p2a: Chansey
|-start|p2a: Chansey|move: Taunt
|move|p2a: Chansey|Seismic Toss|p1a: Crobat
|-damage|p1a: Crobat|24/100
|
|upkeep
|turn|31
|
|t:|1666376274
|switch|p2a: Slowbro|Slowbro-Galar, F|74/100
|-damage|p2a: Slowbro|61/100|[from] Stealth Rock
|move|p1a: Crobat|Roost|p1a: Crobat
|-heal|p1a: Crobat|74/100
|-singleturn|p1a: Crobat|move: Roost
|
|upkeep
|turn|32
|
|t:|1666376281
|move|p1a: Crobat|U-turn|p2a: Slowbro
|-damage|p2a: Slowbro|46/100
|
|t:|1666376282
|switch|p1a: Zarude|Zarude|34/100|[from]move: U-turn
|move|p2a: Slowbro|Psyshock|p1a: Zarude
|-immune|p1a: Zarude
|
|upkeep
|turn|33
|
|t:|1666376285
|move|p1a: Zarude|Darkest Lariat|p2a: Slowbro
|-supereffective|p2a: Slowbro
|-enditem|p2a: Slowbro|Colbur Berry|[eat]
|-enditem|p2a: Slowbro|Colbur Berry|[weaken]
|-damage|p2a: Slowbro|14/100
|move|p2a: Slowbro|Flamethrower|p1a: Zarude
|-supereffective|p1a: Zarude
|-damage|p1a: Zarude|0 fnt
|faint|p1a: Zarude
|
|upkeep
|
|t:|1666376289
|switch|p1a: Crobat|Crobat, F|74/100
|turn|34
|
|t:|1666376298
|switch|p2a: Togekiss|Togekiss, F|7/100
|move|p1a: Crobat|Brave Bird|p2a: Togekiss
|-crit|p2a: Togekiss
|-damage|p2a: Togekiss|0 fnt
|faint|p2a: Togekiss
|-damage|p1a: Crobat|71/100|[from] Recoil
|
|upkeep
|
|t:|1666376299
|switch|p2a: Regieleki|Regieleki|26/100
|turn|35
|
|t:|1666376305
|switch|p1a: Chansey|Chansey, F|53/100
|-damage|p1a: Chansey|41/100|[from] Stealth Rock
|move|p2a: Regieleki|Thunderbolt|p1a: Chansey
|-damage|p1a: Chansey|23/100
|
|upkeep
|turn|36
|
|t:|1666376312
|move|p2a: Regieleki|Rapid Spin|p1a: Chansey
|-damage|p1a: Chansey|16/100
|-boost|p2a: Regieleki|spe|1
|-sideend|p2: corperaten|Stealth Rock|[from] move: Rapid Spin|[of] p2a: Regieleki
|move|p1a: Chansey|Soft-Boiled|p1a: Chansey
|-heal|p1a: Chansey|66/100
|
|upkeep
|turn|37
|
|t:|1666376314
|move|p2a: Regieleki|Volt Switch|p1a: Chansey
|-damage|p1a: Chansey|52/100
|
|t:|1666376316
|switch|p2a: Chansey|Chansey, F|100/100|[from]move: Volt Switch
|move|p1a: Chansey|Soft-Boiled|p1a: Chansey
|-heal|p1a: Chansey|100/100
|
|upkeep
|turn|38
|
|t:|1666376321
|move|p1a: Chansey|Stealth Rock|p2a: Chansey
|-sidestart|p2: corperaten|move: Stealth Rock
|move|p2a: Chansey|Teleport|p2a: Chansey
|
|t:|1666376323
|switch|p2a: Slowbro|Slowbro-Galar, F|47/100|[from]move: Teleport
|-damage|p2a: Slowbro|35/100|[from] Stealth Rock
|
|upkeep
|turn|39
|
|t:|1666376331
|switch|p2a: Chansey|Chansey, F|100/100
|-damage|p2a: Chansey|88/100|[from] Stealth Rock
|move|p1a: Chansey|Teleport|p1a: Chansey
|
|t:|1666376333
|switch|p1a: Crobat|Crobat, F|71/100|[from]move: Teleport
|
|upkeep
|turn|40
|
|t:|1666376342
|move|p1a: Crobat|Taunt|p2a: Chansey
|-start|p2a: Chansey|move: Taunt
|move|p2a: Chansey|Seismic Toss|p1a: Crobat
|-damage|p1a: Crobat|40/100
|
|upkeep
|turn|41
|
|t:|1666376345
|move|p1a: Crobat|Roost|p1a: Crobat
|-heal|p1a: Crobat|91/100
|-singleturn|p1a: Crobat|move: Roost
|move|p2a: Chansey|Seismic Toss|p1a: Crobat
|-damage|p1a: Crobat|60/100
|
|upkeep
|turn|42
|
|t:|1666376348
|move|p1a: Crobat|U-turn|p2a: Chansey
|-damage|p2a: Chansey|75/100
|
|t:|1666376350
|switch|p1a: Chansey|Chansey, F|100/100|[from]move: U-turn
|-damage|p1a: Chansey|88/100|[from] Stealth Rock
|move|p2a: Chansey|Seismic Toss|p1a: Chansey
|-damage|p1a: Chansey|74/100
|
|-end|p2a: Chansey|move: Taunt
|upkeep
|turn|43
|
|t:|1666376353
|move|p1a: Chansey|Seismic Toss|p2a: Chansey
|-damage|p2a: Chansey|61/100
|move|p2a: Chansey|Teleport|p2a: Chansey
|
|t:|1666376356
|switch|p2a: Slowbro|Slowbro-Galar, F|68/100|[from]move: Teleport
|-damage|p2a: Slowbro|56/100|[from] Stealth Rock
|
|upkeep
|turn|44
|
|t:|1666376360
|switch|p2a: Chansey|Chansey, F|61/100
|-damage|p2a: Chansey|49/100|[from] Stealth Rock
|move|p1a: Chansey|Seismic Toss|p2a: Chansey
|-damage|p2a: Chansey|34/100
|
|upkeep
|turn|45
|
|t:|1666376363
|move|p1a: Chansey|Seismic Toss|p2a: Chansey
|-damage|p2a: Chansey|20/100
|move|p2a: Chansey|Soft-Boiled|p2a: Chansey
|-heal|p2a: Chansey|70/100
|
|upkeep
|turn|46
|
|t:|1666376367
|move|p1a: Chansey|Seismic Toss|p2a: Chansey
|-damage|p2a: Chansey|56/100
|move|p2a: Chansey|Teleport|p2a: Chansey
|
|t:|1666376369
|switch|p2a: Slowbro|Slowbro-Galar, F|89/100|[from]move: Teleport
|-damage|p2a: Slowbro|77/100|[from] Stealth Rock
|
|upkeep
|turn|47
|
|t:|1666376373
|move|p1a: Chansey|Seismic Toss|p2a: Slowbro
|-damage|p2a: Slowbro|51/100
|move|p2a: Slowbro|Nasty Plot|p2a: Slowbro
|-boost|p2a: Slowbro|spa|2
|
|upkeep
|turn|48
|
|t:|1666376378
|move|p1a: Chansey|Seismic Toss|p2a: Slowbro
|-damage|p2a: Slowbro|26/100
|move|p2a: Slowbro|Psyshock|p1a: Chansey
|-damage|p1a: Chansey|30/100
|
|upkeep
|turn|49
|
|t:|1666376382
|switch|p2a: Chansey|Chansey, F|56/100
|-damage|p2a: Chansey|44/100|[from] Stealth Rock
|move|p1a: Chansey|Seismic Toss|p2a: Chansey
|-damage|p2a: Chansey|29/100
|
|upkeep
|turn|50
|
|t:|1666376389
|move|p1a: Chansey|Soft-Boiled|p1a: Chansey
|-heal|p1a: Chansey|80/100
|move|p2a: Chansey|Soft-Boiled|p2a: Chansey
|-heal|p2a: Chansey|79/100
|
|upkeep
|turn|51
|
|t:|1666376395
|move|p1a: Chansey|Seismic Toss|p2a: Chansey
|-damage|p2a: Chansey|65/100
|move|p2a: Chansey|Teleport|p2a: Chansey
|
|t:|1666376398
|switch|p2a: Slowbro|Slowbro-Galar, F|59/100|[from]move: Teleport
|-damage|p2a: Slowbro|47/100|[from] Stealth Rock
|
|upkeep
|turn|52
|
|t:|1666376401
|switch|p2a: Chansey|Chansey, F|65/100
|-damage|p2a: Chansey|53/100|[from] Stealth Rock
|move|p1a: Chansey|Teleport|p1a: Chansey
|
|t:|1666376403
|switch|p1a: Crobat|Crobat, F|60/100|[from]move: Teleport
|
|upkeep
|turn|53
|
|t:|1666376408
|move|p1a: Crobat|Brave Bird|p2a: Chansey
|-crit|p2a: Chansey
|-damage|p2a: Chansey|3/100
|-damage|p1a: Crobat|24/100|[from] Recoil
|move|p2a: Chansey|Soft-Boiled|p2a: Chansey
|-heal|p2a: Chansey|53/100
|
|upkeep
|turn|54
|
|t:|1666376419
|move|p1a: Crobat|Roost|p1a: Crobat
|-heal|p1a: Crobat|74/100
|-singleturn|p1a: Crobat|move: Roost
|move|p2a: Chansey|Soft-Boiled|p2a: Chansey
|-heal|p2a: Chansey|100/100
|
|upkeep
|turn|55
|
|t:|1666376423
|switch|p2a: Regieleki|Regieleki|26/100
|move|p1a: Crobat|Taunt|p2a: Regieleki
|-start|p2a: Regieleki|move: Taunt
|
|upkeep
|turn|56
|
|t:|1666376427
|switch|p1a: Chansey|Chansey, F|80/100
|-damage|p1a: Chansey|67/100|[from] Stealth Rock
|move|p2a: Regieleki|Volt Switch|p1a: Chansey
|-damage|p1a: Chansey|53/100
|
|t:|1666376430
|switch|p2a: Slowbro|Slowbro-Galar, F|80/100|[from]move: Volt Switch
|-damage|p2a: Slowbro|68/100|[from] Stealth Rock
|
|upkeep
|turn|57
|
|t:|1666376432
|switch|p2a: Chansey|Chansey, F|100/100
|-damage|p2a: Chansey|88/100|[from] Stealth Rock
|move|p1a: Chansey|Seismic Toss|p2a: Chansey
|-damage|p2a: Chansey|74/100
|
|upkeep
|turn|58
|
|t:|1666376435
|move|p1a: Chansey|Soft-Boiled|p1a: Chansey
|-heal|p1a: Chansey|100/100
|move|p2a: Chansey|Teleport|p2a: Chansey
|
|t:|1666376437
|switch|p2a: Slowbro|Slowbro-Galar, F|100/100|[from]move: Teleport
|-damage|p2a: Slowbro|88/100|[from] Stealth Rock
|
|upkeep
|turn|59
|
|t:|1666376439
|move|p1a: Chansey|Seismic Toss|p2a: Slowbro
|-damage|p2a: Slowbro|63/100
|move|p2a: Slowbro|Nasty Plot|p2a: Slowbro
|-boost|p2a: Slowbro|spa|2
|
|upkeep
|turn|60
|
|t:|1666376443
|move|p1a: Chansey|Seismic Toss|p2a: Slowbro
|-damage|p2a: Slowbro|37/100
|move|p2a: Slowbro|Nasty Plot|p2a: Slowbro
|-boost|p2a: Slowbro|spa|2
|
|upkeep
|turn|61
|
|t:|1666376446
|move|p1a: Chansey|Seismic Toss|p2a: Slowbro
|-damage|p2a: Slowbro|12/100
|move|p2a: Slowbro|Psyshock|p1a: Chansey
|-damage|p1a: Chansey|40/100
|
|upkeep
|turn|62
|
|t:|1666376450
|switch|p2a: Chansey|Chansey, F|74/100
|-damage|p2a: Chansey|61/100|[from] Stealth Rock
|move|p1a: Chansey|Soft-Boiled|p1a: Chansey
|-heal|p1a: Chansey|90/100
|
|upkeep
|turn|63
|
|t:|1666376456
|move|p2a: Chansey|Soft-Boiled|p2a: Chansey
|-heal|p2a: Chansey|100/100
|move|p1a: Chansey|Teleport|p1a: Chansey
|
|t:|1666376458
|switch|p1a: Crobat|Crobat, F|74/100|[from]move: Teleport
|
|upkeep
|turn|64
|
|t:|1666376462
|move|p1a: Crobat|Brave Bird|p2a: Chansey
|-damage|p2a: Chansey|68/100
|-damage|p1a: Crobat|50/100|[from] Recoil
|move|p2a: Chansey|Seismic Toss|p1a: Crobat
|-damage|p1a: Crobat|19/100
|
|upkeep
|turn|65
|
|t:|1666376468
|move|p1a: Crobat|Roost|p1a: Crobat
|-heal|p1a: Crobat|69/100
|-singleturn|p1a: Crobat|move: Roost
|move|p2a: Chansey|Teleport|p2a: Chansey
|
|t:|1666376474
|switch|p2a: Regieleki|Regieleki|26/100|[from]move: Teleport
|
|upkeep
|turn|66
|
|t:|1666376477
|switch|p1a: Chansey|Chansey, F|90/100
|-damage|p1a: Chansey|77/100|[from] Stealth Rock
|move|p2a: Regieleki|Volt Switch|p1a: Chansey
|-damage|p1a: Chansey|63/100
|
|t:|1666376480
|switch|p2a: Slowbro|Slowbro-Galar, F|45/100|[from]move: Volt Switch
|-damage|p2a: Slowbro|33/100|[from] Stealth Rock
|
|upkeep
|turn|67
|
|t:|1666376483
|switch|p2a: Chansey|Chansey, F|68/100
|-damage|p2a: Chansey|55/100|[from] Stealth Rock
|move|p1a: Chansey|Teleport|p1a: Chansey
|
|t:|1666376485
|switch|p1a: Crobat|Crobat, F|69/100|[from]move: Teleport
|
|upkeep
|turn|68
|
|t:|1666376489
|move|p1a: Crobat|Taunt|p2a: Chansey
|-start|p2a: Chansey|move: Taunt
|cant|p2a: Chansey|move: Taunt|Soft-Boiled
|
|upkeep
|turn|69
|inactive|corperaten has 270 seconds left.
|
|t:|1666376523
|move|p1a: Crobat|Brave Bird|p2a: Chansey
|-damage|p2a: Chansey|23/100
|-damage|p1a: Crobat|46/100|[from] Recoil
|move|p2a: Chansey|Seismic Toss|p1a: Crobat
|-damage|p1a: Crobat|15/100
|
|upkeep
|turn|70
|
|t:|1666376532
|switch|p2a: Regieleki|Regieleki|26/100
|move|p1a: Crobat|Roost|p1a: Crobat
|-heal|p1a: Crobat|66/100
|-singleturn|p1a: Crobat|move: Roost
|
|upkeep
|turn|71
|
|t:|1666376544
|switch|p1a: Chansey|Chansey, F|63/100
|-damage|p1a: Chansey|50/100|[from] Stealth Rock
|move|p2a: Regieleki|Thunderbolt|p1a: Chansey
|-damage|p1a: Chansey|32/100
|
|upkeep
|turn|72
|
|t:|1666376549
|move|p2a: Regieleki|Rapid Spin|p1a: Chansey
|-damage|p1a: Chansey|26/100
|-boost|p2a: Regieleki|spe|1
|-sideend|p2: corperaten|Stealth Rock|[from] move: Rapid Spin|[of] p2a: Regieleki
|move|p1a: Chansey|Soft-Boiled|p1a: Chansey
|-heal|p1a: Chansey|76/100
|
|upkeep
|turn|73
|
|t:|1666376551
|move|p2a: Regieleki|Volt Switch|p1a: Chansey
|-damage|p1a: Chansey|62/100
|
|t:|1666376555
|switch|p2a: Chansey|Chansey, F|23/100|[from]move: Volt Switch
|move|p1a: Chansey|Seismic Toss|p2a: Chansey
|-damage|p2a: Chansey|9/100
|
|upkeep
|turn|74
|
|t:|1666376557
|move|p2a: Chansey|Soft-Boiled|p2a: Chansey
|-heal|p2a: Chansey|59/100
|move|p1a: Chansey|Seismic Toss|p2a: Chansey
|-damage|p2a: Chansey|45/100
|
|upkeep
|turn|75
|
|t:|1666376559
|move|p2a: Chansey|Soft-Boiled|p2a: Chansey
|-heal|p2a: Chansey|95/100
|move|p1a: Chansey|Stealth Rock|p2a: Chansey
|-sidestart|p2: corperaten|move: Stealth Rock
|
|upkeep
|turn|76
|
|t:|1666376563
|move|p2a: Chansey|Seismic Toss|p1a: Chansey
|-damage|p1a: Chansey|48/100
|move|p1a: Chansey|Teleport|p1a: Chansey
|
|t:|1666376565
|switch|p1a: Crobat|Crobat, F|66/100|[from]move: Teleport
|
|upkeep
|turn|77
|
|t:|1666376574
|move|p1a: Crobat|U-turn|p2a: Chansey
|-damage|p2a: Chansey|83/100
|
|t:|1666376575
|switch|p1a: Chansey|Chansey, F|48/100|[from]move: U-turn
|-damage|p1a: Chansey|36/100|[from] Stealth Rock
|move|p2a: Chansey|Seismic Toss|p1a: Chansey
|-damage|p1a: Chansey|22/100
|
|upkeep
|turn|78
|
|t:|1666376594
|move|p2a: Chansey|Seismic Toss|p1a: Chansey
|-damage|p1a: Chansey|7/100
|move|p1a: Chansey|Soft-Boiled|p1a: Chansey
|-heal|p1a: Chansey|57/100
|
|upkeep
|turn|79
|
|t:|1666376599
|move|p1a: Chansey|Seismic Toss|p2a: Chansey
|-damage|p2a: Chansey|69/100
|move|p2a: Chansey|Seismic Toss|p1a: Chansey
|-damage|p1a: Chansey|43/100
|
|upkeep
|turn|80
|
|t:|1666376601
|move|p2a: Chansey|Seismic Toss|p1a: Chansey
|-damage|p1a: Chansey|29/100
|move|p1a: Chansey|Soft-Boiled|p1a: Chansey
|-heal|p1a: Chansey|79/100
|
|upkeep
|turn|81
|
|t:|1666376604
|move|p2a: Chansey|Seismic Toss|p1a: Chansey
|-damage|p1a: Chansey|65/100
|move|p1a: Chansey|Teleport|p1a: Chansey
|
|t:|1666376605
|switch|p1a: Crobat|Crobat, F|66/100|[from]move: Teleport
|
|upkeep
|turn|82
|
|t:|1666376612
|move|p1a: Crobat|Taunt|p2a: Chansey
|-start|p2a: Chansey|move: Taunt
|move|p2a: Chansey|Seismic Toss|p1a: Crobat
|-damage|p1a: Crobat|35/100
|
|upkeep
|turn|83
|
|t:|1666376618
|switch|p2a: Regieleki|Regieleki|26/100
|move|p1a: Crobat|U-turn|p2a: Regieleki
|-damage|p2a: Regieleki|0 fnt
|faint|p2a: Regieleki
|
|t:|1666376620
|switch|p1a: Chansey|Chansey, F|65/100|[from]move: U-turn
|-damage|p1a: Chansey|52/100|[from] Stealth Rock
|
|upkeep
|
|t:|1666376622
|switch|p2a: Slowbro|Slowbro-Galar, F|66/100
|-damage|p2a: Slowbro|54/100|[from] Stealth Rock
|turn|84
|
|t:|1666376626
|move|p1a: Chansey|Seismic Toss|p2a: Slowbro
|-damage|p2a: Slowbro|28/100
|move|p2a: Slowbro|Nasty Plot|p2a: Slowbro
|-boost|p2a: Slowbro|spa|2
|
|upkeep
|turn|85
|
|t:|1666376629
|move|p1a: Chansey|Soft-Boiled|p1a: Chansey
|-heal|p1a: Chansey|100/100
|move|p2a: Slowbro|Psyshock|p1a: Chansey
|-damage|p1a: Chansey|58/100
|
|upkeep
|turn|86
|
|t:|1666376632
|move|p1a: Chansey|Seismic Toss|p2a: Slowbro
|-damage|p2a: Slowbro|3/100
|move|p2a: Slowbro|Psyshock|p1a: Chansey
|-damage|p1a: Chansey|15/100
|
|upkeep
|turn|87
|
|t:|1666376641
|switch|p2a: Chansey|Chansey, F|69/100
|-damage|p2a: Chansey|56/100|[from] Stealth Rock
|move|p1a: Chansey|Seismic Toss|p2a: Chansey
|-damage|p2a: Chansey|42/100
|
|upkeep
|turn|88
|
|t:|1666376650
|move|p2a: Chansey|Seismic Toss|p1a: Chansey
|-damage|p1a: Chansey|1/100
|move|p1a: Chansey|Soft-Boiled|p1a: Chansey
|-heal|p1a: Chansey|51/100
|
|upkeep
|turn|89
|
|t:|1666376654
|move|p2a: Chansey|Soft-Boiled|p2a: Chansey
|-heal|p2a: Chansey|92/100
|move|p1a: Chansey|Teleport|p1a: Chansey
|
|t:|1666376655
|switch|p1a: Crobat|Crobat, F|35/100|[from]move: Teleport
|
|upkeep
|turn|90
|
|t:|1666376660
|move|p1a: Crobat|Roost|p1a: Crobat
|-heal|p1a: Crobat|85/100
|-singleturn|p1a: Crobat|move: Roost
|move|p2a: Chansey|Teleport|p2a: Chansey
|
|t:|1666376662
|switch|p2a: Slowbro|Slowbro-Galar, F|36/100|[from]move: Teleport
|-damage|p2a: Slowbro|24/100|[from] Stealth Rock
|
|upkeep
|turn|91
|
|t:|1666376666
|switch|p2a: Chansey|Chansey, F|92/100
|-damage|p2a: Chansey|79/100|[from] Stealth Rock
|move|p1a: Crobat|Brave Bird|p2a: Chansey
|-crit|p2a: Chansey
|-damage|p2a: Chansey|30/100
|-damage|p1a: Crobat|49/100|[from] Recoil
|
|upkeep
|turn|92
|
|t:|1666376669
|move|p1a: Crobat|Taunt|p2a: Chansey
|-start|p2a: Chansey|move: Taunt
|move|p2a: Chansey|Seismic Toss|p1a: Crobat
|-damage|p1a: Crobat|18/100
|
|upkeep
|turn|93
|
|t:|1666376684
|switch|p2a: Slowbro|Slowbro-Galar, F|57/100
|-damage|p2a: Slowbro|44/100|[from] Stealth Rock
|move|p1a: Crobat|Brave Bird|p2a: Slowbro
|-damage|p2a: Slowbro|6/100
|-damage|p1a: Crobat|3/100|[from] Recoil
|
|upkeep
|turn|94
|inactive|corperaten has 270 seconds left.
|
|t:|1666376716
|move|p1a: Crobat|U-turn|p2a: Slowbro
|-damage|p2a: Slowbro|0 fnt
|faint|p2a: Slowbro
|
|t:|1666376717
|switch|p1a: Chansey|Chansey, F|51/100|[from]move: U-turn
|-damage|p1a: Chansey|39/100|[from] Stealth Rock
|
|upkeep
|
|t:|1666376719
|switch|p2a: Chansey|Chansey, F|30/100
|-damage|p2a: Chansey|18/100|[from] Stealth Rock
|turn|95
|
|t:|1666376723
|move|p1a: Chansey|Soft-Boiled|p1a: Chansey
|-heal|p1a: Chansey|89/100
|move|p2a: Chansey|Soft-Boiled|p2a: Chansey
|-heal|p2a: Chansey|68/100
|
|upkeep
|turn|96
|
|t:|1666376728
|move|p2a: Chansey|Seismic Toss|p1a: Chansey
|-damage|p1a: Chansey|75/100
|move|p1a: Chansey|Teleport|p1a: Chansey
|
|t:|1666376730
|switch|p1a: Crobat|Crobat, F|3/100|[from]move: Teleport
|
|upkeep
|turn|97
|
|t:|1666376732
|move|p1a: Crobat|Roost|p1a: Crobat
|-heal|p1a: Crobat|53/100
|-singleturn|p1a: Crobat|move: Roost
|move|p2a: Chansey|Soft-Boiled|p2a: Chansey
|-heal|p2a: Chansey|100/100
|
|upkeep
|turn|98
|
|t:|1666376736
|move|p1a: Crobat|Taunt|p2a: Chansey
|-start|p2a: Chansey|move: Taunt
|move|p2a: Chansey|Seismic Toss|p1a: Crobat
|-damage|p1a: Crobat|22/100
|
|upkeep
|turn|99
|
|t:|1666376738
|move|p1a: Crobat|Roost|p1a: Crobat
|-heal|p1a: Crobat|72/100
|-singleturn|p1a: Crobat|move: Roost
|move|p2a: Chansey|Seismic Toss|p1a: Crobat
|-damage|p1a: Crobat|41/100
|
|upkeep
|turn|100
|
|t:|1666376742
|move|p1a: Crobat|Roost|p1a: Crobat
|-heal|p1a: Crobat|92/100
|-singleturn|p1a: Crobat|move: Roost
|move|p2a: Chansey|Seismic Toss|p1a: Crobat
|-damage|p1a: Crobat|61/100
|
|-end|p2a: Chansey|move: Taunt
|upkeep
|turn|101
|
|t:|1666376753
|move|p1a: Crobat|Brave Bird|p2a: Chansey
|-damage|p2a: Chansey|72/100
|-damage|p1a: Crobat|40/100|[from] Recoil
|move|p2a: Chansey|Seismic Toss|p1a: Crobat
|-damage|p1a: Crobat|9/100
|
|upkeep
|turn|102
|
|t:|1666376758
|move|p1a: Crobat|Roost|p1a: Crobat
|-heal|p1a: Crobat|59/100
|-singleturn|p1a: Crobat|move: Roost
|move|p2a: Chansey|Seismic Toss|p1a: Crobat
|-damage|p1a: Crobat|28/100
|
|upkeep
|turn|103
|
|t:|1666376764
|move|p1a: Crobat|Roost|p1a: Crobat
|-heal|p1a: Crobat|78/100
|-singleturn|p1a: Crobat|move: Roost
|move|p2a: Chansey|Seismic Toss|p1a: Crobat
|-damage|p1a: Crobat|47/100
|
|upkeep
|turn|104
|
|t:|1666376772
|move|p1a: Crobat|Roost|p1a: Crobat
|-heal|p1a: Crobat|97/100
|-singleturn|p1a: Crobat|move: Roost
|move|p2a: Chansey|Seismic Toss|p1a: Crobat
|-damage|p1a: Crobat|66/100
|
|upkeep
|turn|105
|
|t:|1666376790
|move|p1a: Crobat|Brave Bird|p2a: Chansey
|-damage|p2a: Chansey|39/100
|-damage|p1a: Crobat|43/100|[from] Recoil
|move|p2a: Chansey|Seismic Toss|p1a: Crobat
|-damage|p1a: Crobat|12/100
|
|upkeep
|turn|106
|
|t:|1666376813
|move|p1a: Crobat|Roost|p1a: Crobat
|-heal|p1a: Crobat|62/100
|-singleturn|p1a: Crobat|move: Roost
|move|p2a: Chansey|Soft-Boiled|p2a: Chansey
|-heal|p2a: Chansey|89/100
|
|upkeep
|turn|107
|
|t:|1666376818
|move|p1a: Crobat|Brave Bird|p2a: Chansey
|-damage|p2a: Chansey|56/100
|-damage|p1a: Crobat|38/100|[from] Recoil
|move|p2a: Chansey|Seismic Toss|p1a: Crobat
|-damage|p1a: Crobat|7/100
|
|upkeep
|turn|108
|
|t:|1666376821
|move|p1a: Crobat|Roost|p1a: Crobat
|-heal|p1a: Crobat|57/100
|-singleturn|p1a: Crobat|move: Roost
|move|p2a: Chansey|Soft-Boiled|p2a: Chansey
|-heal|p2a: Chansey|100/100
|
|upkeep
|turn|109
|
|t:|1666376825
|move|p1a: Crobat|U-turn|p2a: Chansey
|-damage|p2a: Chansey|87/100
|
|t:|1666376826
|switch|p1a: Chansey|Chansey, F|75/100|[from]move: U-turn
|-damage|p1a: Chansey|62/100|[from] Stealth Rock
|move|p2a: Chansey|Seismic Toss|p1a: Chansey
|-damage|p1a: Chansey|48/100
|
|upkeep
|turn|110
|
|t:|1666376837
|move|p2a: Chansey|Toxic|p1a: Chansey
|-status|p1a: Chansey|tox
|move|p1a: Chansey|Soft-Boiled|p1a: Chansey
|-heal|p1a: Chansey|98/100 tox
|
|-damage|p1a: Chansey|92/100 tox|[from] psn
|upkeep
|turn|111
|
|t:|1666376844
|move|p1a: Chansey|Seismic Toss|p2a: Chansey
|-damage|p2a: Chansey|73/100
|move|p2a: Chansey|Teleport||[still]
|-fail|p2a: Chansey
|
|-damage|p1a: Chansey|79/100 tox|[from] psn
|upkeep
|turn|112
|
|t:|1666376859
|move|p1a: Chansey|Teleport|p1a: Chansey
|
|t:|1666376860
|-curestatus|p1a: Chansey|tox|[from] ability: Natural Cure
|switch|p1a: Crobat|Crobat, F|57/100|[from]move: Teleport
|move|p2a: Chansey|Teleport||[still]
|-fail|p2a: Chansey
|
|upkeep
|turn|113
|
|t:|1666376866
|move|p1a: Crobat|U-turn|p2a: Chansey
|-damage|p2a: Chansey|60/100
|
|t:|1666376867
|switch|p1a: Chansey|Chansey, F|79/100|[from]move: U-turn
|-damage|p1a: Chansey|67/100|[from] Stealth Rock
|move|p2a: Chansey|Seismic Toss|p1a: Chansey
|-damage|p1a: Chansey|52/100
|
|upkeep
|turn|114
|
|t:|1666376872
|move|p2a: Chansey|Toxic|p1a: Chansey
|-status|p1a: Chansey|tox
|move|p1a: Chansey|Teleport|p1a: Chansey
|
|t:|1666376874
|-curestatus|p1a: Chansey|tox|[from] ability: Natural Cure
|switch|p1a: Crobat|Crobat, F|57/100|[from]move: Teleport
|
|upkeep
|turn|115
|
|t:|1666376877
|move|p1a: Crobat|Taunt|p2a: Chansey
|-start|p2a: Chansey|move: Taunt
|cant|p2a: Chansey|move: Taunt|Soft-Boiled
|
|upkeep
|turn|116
|
|t:|1666376886
|move|p1a: Crobat|Brave Bird|p2a: Chansey
|-damage|p2a: Chansey|29/100
|-damage|p1a: Crobat|35/100|[from] Recoil
|move|p2a: Chansey|Seismic Toss|p1a: Crobat
|-damage|p1a: Crobat|4/100
|
|upkeep
|turn|117
|
|t:|1666376890
|move|p1a: Crobat|Brave Bird|p2a: Chansey
|-damage|p2a: Chansey|0 fnt
|faint|p2a: Chansey
|-damage|p1a: Crobat|0 fnt|[from] Recoil
|faint|p1a: Crobat
|
|win|Mimilucha
