|inactive|Battle timer is ON: inactive players will automatically lose when time's up.
|t:|1661086805
|gametype|singles
|player|p1|udongirl|#bltviiiturtwigs|
|player|p2|Mionda ✿|dawn-gen4pt|
|teamsize|p1|6
|teamsize|p2|6
|gen|8
|tier|[Gen 8] UU
|rule|Sleep Clause Mod: Limit one foe put to sleep
|rule|Species Clause: Limit one of each Pokémon
|rule|OHKO Clause: OHKO moves are banned
|rule|Evasion Moves Clause: Evasion moves are banned
|rule|Endless Battle Clause: Forcing endless battles is banned
|rule|HP Percentage Mod: HP is shown in percentages
|rule|Dynamax Clause: You cannot dynamax
|clearpoke
|poke|p1|Togekiss, F|
|poke|p1|Cobalion|
|poke|p1|Celesteela|
|poke|p1|Rotom-Wash|
|poke|p1|Tangrowth, M|
|poke|p1|Zygarde-10%|
|poke|p2|Diggersby, F|
|poke|p2|Nihilego|
|poke|p2|Hydreigon, M|
|poke|p2|Dhelmise|
|poke|p2|Togekiss, F|
|poke|p2|Scizor, F|
|teampreview
|c|☆Mionda ✿|hf
|inactive|udongirl has 270 seconds left.
|inactive|Mionda ✿ has 270 seconds left.
|c|☆udongirl|go easy on me
|inactive|udongirl has 240 seconds left.
|inactive|Mionda ✿ has 240 seconds left.
|inactive|udongirl has 210 seconds left.
|inactive|Mionda ✿ has 210 seconds left.
|c|+dnagerbdager|r e i
|
|t:|1661086915
|start
|switch|p1a: Celesteela|Celesteela|100/100
|switch|p2a: Hydreigon|Hydreigon, M|100/100
|turn|1
|inactive|udongirl has 270 seconds left.
|
|t:|1661086945
|move|p2a: Hydreigon|Fire Blast|p1a: Celesteela
|-supereffective|p1a: Celesteela
|-damage|p1a: Celesteela|28/100
|-status|p1a: Celesteela|brn
|move|p1a: Celesteela|Leech Seed|p2a: Hydreigon
|-start|p2a: Hydreigon|move: Leech Seed
|
|-heal|p1a: Celesteela|34/100 brn|[from] item: Leftovers
|-damage|p2a: Hydreigon|88/100|[from] Leech Seed|[of] p1a: Celesteela
|-heal|p1a: Celesteela|44/100 brn|[silent]
|-damage|p1a: Celesteela|38/100 brn|[from] brn
|upkeep
|turn|2
|
|t:|1661086954
|switch|p2a: Diggersby|Diggersby, F|100/100
|switch|p1a: Rotom|Rotom-Wash|100/100
|
|upkeep
|turn|3
|
|t:|1661086959
|move|p2a: Diggersby|U-turn|p1a: Rotom
|-damage|p1a: Rotom|77/100
|
|t:|1661086962
|switch|p2a: Hydreigon|Hydreigon, M|88/100|[from]move: U-turn
|move|p1a: Rotom|Volt Switch|p2a: Hydreigon
|-resisted|p2a: Hydreigon
|-damage|p2a: Hydreigon|72/100
|
|t:|1661086964
|switch|p1a: Togekiss|Togekiss, F|100/100|[from]move: Volt Switch
|
|upkeep
|turn|4
|c|+pokemonisfun|lgi udon!!!
|
|t:|1661086980
|move|p2a: Hydreigon|Fire Blast|p1a: Togekiss
|-damage|p1a: Togekiss|44/100
|move|p1a: Togekiss|Air Slash|p2a: Hydreigon
|-damage|p2a: Hydreigon|12/100
|
|upkeep
|turn|5
|inactive|Mionda ✿ has 270 seconds left.
|
|t:|1661087006
|switch|p1a: Rotom|Rotom-Wash|77/100
|move|p2a: Hydreigon|Fire Blast|p1a: Rotom|[miss]
|-miss|p2a: Hydreigon|p1a: Rotom
|
|-heal|p1a: Rotom|83/100|[from] item: Leftovers
|upkeep
|turn|6
|
|t:|1661087020
|switch|p2a: Dhelmise|Dhelmise|100/100
|move|p1a: Rotom|Volt Switch|p2a: Dhelmise
|-resisted|p2a: Dhelmise
|-crit|p2a: Dhelmise
|-damage|p2a: Dhelmise|84/100
|
|t:|1661087022
|switch|p1a: Togekiss|Togekiss, F|44/100|[from]move: Volt Switch
|
|upkeep
|turn|7
|
|t:|1661087029
|switch|p2a: Nihilego|Nihilego|100/100
|move|p1a: Togekiss|Air Slash|p2a: Nihilego
|-resisted|p2a: Nihilego
|-damage|p2a: Nihilego|81/100
|
|-heal|p2a: Nihilego|87/100|[from] item: Black Sludge
|upkeep
|turn|8
|
|t:|1661087043
|switch|p1a: Cobalion|Cobalion|100/100
|move|p2a: Nihilego|Stealth Rock|p1a: Cobalion
|-sidestart|p1: udongirl|move: Stealth Rock
|
|-heal|p2a: Nihilego|93/100|[from] item: Black Sludge
|upkeep
|turn|9
|
|t:|1661087056
|move|p1a: Cobalion|Swords Dance|p1a: Cobalion
|-boost|p1a: Cobalion|atk|2
|move|p2a: Nihilego|Thunder Wave|p1a: Cobalion
|-status|p1a: Cobalion|par
|
|-heal|p2a: Nihilego|99/100|[from] item: Black Sludge
|upkeep
|turn|10
|inactive|Mionda ✿ has 270 seconds left.
|inactive|Mionda ✿ has 240 seconds left.
|inactive|Mionda ✿ has 210 seconds left.
|
|t:|1661087146
|move|p2a: Nihilego|Power Gem|p1a: Cobalion
|-resisted|p1a: Cobalion
|-damage|p1a: Cobalion|87/100 par
|move|p1a: Cobalion|Stone Edge|p2a: Nihilego|[miss]
|-miss|p1a: Cobalion|p2a: Nihilego
|
|-heal|p2a: Nihilego|100/100|[from] item: Black Sludge
|upkeep
|turn|11
|
|t:|1661087154
|move|p2a: Nihilego|Power Gem|p1a: Cobalion
|-resisted|p1a: Cobalion
|-damage|p1a: Cobalion|74/100 par
|move|p1a: Cobalion|Stone Edge|p2a: Nihilego
|-damage|p2a: Nihilego|26/100
|
|-heal|p2a: Nihilego|32/100|[from] item: Black Sludge
|upkeep
|turn|12
|
|t:|1661087167
|move|p2a: Nihilego|Power Gem|p1a: Cobalion
|-resisted|p1a: Cobalion
|-damage|p1a: Cobalion|61/100 par
|move|p1a: Cobalion|Stone Edge|p2a: Nihilego
|-crit|p2a: Nihilego
|-damage|p2a: Nihilego|0 fnt
|faint|p2a: Nihilego
|
|upkeep
|inactive|Mionda ✿ has 210 seconds left.
|
|t:|1661087204
|switch|p2a: Hydreigon|Hydreigon, M|12/100
|turn|13
|
|t:|1661087226
|switch|p1a: Celesteela|Celesteela|38/100 brn
|-damage|p1a: Celesteela|26/100 brn|[from] Stealth Rock
|move|p2a: Hydreigon|Draco Meteor|p1a: Celesteela
|-resisted|p1a: Celesteela
|-damage|p1a: Celesteela|0 fnt
|-unboost|p2a: Hydreigon|spa|2
|faint|p1a: Celesteela
|
|upkeep
|inactive|udongirl has 270 seconds left.
|
|t:|1661087258
|switch|p1a: Rotom|Rotom-Wash|83/100
|-damage|p1a: Rotom|71/100|[from] Stealth Rock
|turn|14
|
|t:|1661087268
|move|p2a: Hydreigon|Draco Meteor|p1a: Rotom
|-damage|p1a: Rotom|15/100
|-unboost|p2a: Hydreigon|spa|2
|move|p1a: Rotom|Defog|p2a: Hydreigon
|-unboost|p2a: Hydreigon|evasion|1
|-sideend|p1: udongirl|Stealth Rock|[from] move: Defog|[of] p1a: Rotom
|
|-heal|p1a: Rotom|21/100|[from] item: Leftovers
|upkeep
|turn|15
|inactive|Mionda ✿ has 210 seconds left.
|
|t:|1661087276
|switch|p2a: Diggersby|Diggersby, F|100/100
|switch|p1a: Togekiss|Togekiss, F|44/100
|
|upkeep
|turn|16
|
|t:|1661087283
|switch|p1a: Tangrowth|Tangrowth, M|100/100
|move|p2a: Diggersby|Body Slam|p1a: Tangrowth
|-damage|p1a: Tangrowth|63/100
|
|upkeep
|turn|17
|
|t:|1661087296
|switch|p2a: Scizor|Scizor, F|100/100
|move|p1a: Tangrowth|Knock Off|p2a: Scizor
|-damage|p2a: Scizor|82/100
|-enditem|p2a: Scizor|Heavy-Duty Boots|[from] move: Knock Off|[of] p1a: Tangrowth
|
|upkeep
|turn|18
|
|t:|1661087308
|switch|p1a: Cobalion|Cobalion|61/100 par
|move|p2a: Scizor|Swords Dance|p2a: Scizor
|-boost|p2a: Scizor|atk|2
|
|upkeep
|turn|19
|inactive|Mionda ✿ has 210 seconds left.
|
|t:|1661087347
|move|p1a: Cobalion|Swords Dance|p1a: Cobalion
|-boost|p1a: Cobalion|atk|2
|move|p2a: Scizor|Swords Dance|p2a: Scizor
|-boost|p2a: Scizor|atk|2
|
|upkeep
|turn|20
|inactive|udongirl has 270 seconds left.
|inactive|udongirl has 240 seconds left.
|inactive|Mionda ✿ has 180 seconds left.
|inactive|udongirl has 210 seconds left.
|inactive|Mionda ✿ has 150 seconds left.
|inactive|udongirl has 180 seconds left.
|
|t:|1661087466
|move|p2a: Scizor|Bullet Punch|p1a: Cobalion
|-resisted|p1a: Cobalion
|-damage|p1a: Cobalion|26/100 par
|-damage|p2a: Scizor|66/100|[from] item: Rocky Helmet|[of] p1a: Cobalion
|move|p1a: Cobalion|Close Combat|p2a: Scizor
|-damage|p2a: Scizor|0 fnt
|-unboost|p1a: Cobalion|def|1
|-unboost|p1a: Cobalion|spd|1
|faint|p2a: Scizor
|
|upkeep
|inactive|Mionda ✿ has 120 seconds left.
|
|t:|1661087502
|switch|p2a: Hydreigon|Hydreigon, M|12/100
|turn|21
|inactive|udongirl has 180 seconds left.
|
|t:|1661087532
|move|p2a: Hydreigon|Dark Pulse|p1a: Cobalion
|-resisted|p1a: Cobalion
|-damage|p1a: Cobalion|0 fnt
|faint|p1a: Cobalion
|
|upkeep
|
|t:|1661087536
|switch|p1a: Togekiss|Togekiss, F|44/100
|turn|22
|
|t:|1661087548
|switch|p2a: Diggersby|Diggersby, F|100/100
|move|p1a: Togekiss|Air Slash|p2a: Diggersby
|-damage|p2a: Diggersby|29/100
|
|upkeep
|turn|23
|inactive|udongirl has 180 seconds left.
|inactive|udongirl has 150 seconds left.
|inactive|Mionda ✿ has 90 seconds left.
|
|t:|1661087590
|move|p2a: Diggersby|U-turn|p1a: Togekiss
|-resisted|p1a: Togekiss
|-damage|p1a: Togekiss|36/100
|inactive|Mionda ✿ has 90 seconds left.
|
|t:|1661087600
|switch|p2a: Togekiss|Togekiss, F|100/100|[from]move: U-turn
|move|p1a: Togekiss|Air Slash|p2a: Togekiss
|-damage|p2a: Togekiss|56/100
|
|upkeep
|turn|24
|inactive|udongirl has 150 seconds left.
|inactive|Mionda ✿ has 90 seconds left.
|
|t:|1661087629
|move|p1a: Togekiss|Air Slash|p2a: Togekiss
|-damage|p2a: Togekiss|7/100
|cant|p2a: Togekiss|flinch
|
|upkeep
|turn|25
|
|t:|1661087634
|move|p1a: Togekiss|Air Slash|p2a: Togekiss
|-damage|p2a: Togekiss|0 fnt
|faint|p2a: Togekiss
|
|upkeep
|c|☆Mionda ✿|yikes
|
|t:|1661087643
|switch|p2a: Diggersby|Diggersby, F|29/100
|turn|26
|inactive|udongirl has 150 seconds left.
|
|t:|1661087652
|switch|p1a: Tangrowth|Tangrowth, M|96/100
|move|p2a: Diggersby|Body Slam|p1a: Tangrowth
|-damage|p1a: Tangrowth|57/100
|-status|p1a: Tangrowth|par
|
|upkeep
|turn|27
|
|t:|1661087661
|switch|p2a: Dhelmise|Dhelmise|84/100
|cant|p1a: Tangrowth|par
|
|upkeep
|turn|28
|inactive|Mionda ✿ has 120 seconds left.
|inactive|udongirl has 150 seconds left.
|
|t:|1661087679
|switch|p1a: Rotom|Rotom-Wash|21/100
|move|p2a: Dhelmise|Rapid Spin|p1a: Rotom
|-damage|p1a: Rotom|8/100
|-boost|p2a: Dhelmise|spe|1
|
|-heal|p1a: Rotom|14/100|[from] item: Leftovers
|upkeep
|turn|29
|
|t:|1661087689
|move|p1a: Rotom|Pain Split|p2a: Dhelmise
|-sethp|p2a: Dhelmise|48/100|[from] move: Pain Split|[silent]
|-sethp|p1a: Rotom|54/100|[from] move: Pain Split
|move|p2a: Dhelmise|Rapid Spin|p1a: Rotom
|-damage|p1a: Rotom|40/100
|-boost|p2a: Dhelmise|spe|1
|
|-heal|p1a: Rotom|46/100|[from] item: Leftovers
|upkeep
|turn|30
|
|t:|1661087697
|move|p2a: Dhelmise|Synthesis|p2a: Dhelmise
|-heal|p2a: Dhelmise|98/100
|move|p1a: Rotom|Volt Switch|p2a: Dhelmise
|-resisted|p2a: Dhelmise
|-damage|p2a: Dhelmise|87/100
|inactive|udongirl has 150 seconds left.
|inactive|udongirl has 120 seconds left.
|inactive|udongirl has 90 seconds left.
|inactive|udongirl has 60 seconds left.
|
|t:|1661087804
|switch|p1a: Tangrowth|Tangrowth, M|90/100 par|[from]move: Volt Switch
|
|upkeep
|turn|31
|
|t:|1661087812
|move|p2a: Dhelmise|Poltergeist|p1a: Tangrowth
|-activate|p1a: Tangrowth|move: Poltergeist|Assault Vest
|-damage|p1a: Tangrowth|54/100 par
|move|p1a: Tangrowth|Sludge Bomb|p2a: Dhelmise
|-damage|p2a: Dhelmise|66/100
|-status|p2a: Dhelmise|psn
|
|-damage|p2a: Dhelmise|54/100 psn|[from] psn
|upkeep
|turn|32
|inactive|Mionda ✿ has 150 seconds left.
|inactive|udongirl has 60 seconds left.
|
|t:|1661087833
|move|p2a: Dhelmise|Synthesis|p2a: Dhelmise
|-heal|p2a: Dhelmise|100/100 psn
|move|p1a: Tangrowth|Knock Off|p2a: Dhelmise
|-supereffective|p2a: Dhelmise
|-damage|p2a: Dhelmise|55/100 psn
|-enditem|p2a: Dhelmise|Heavy-Duty Boots|[from] move: Knock Off|[of] p1a: Tangrowth
|
|-damage|p2a: Dhelmise|43/100 psn|[from] psn
|upkeep
|turn|33
|inactive|udongirl has 60 seconds left.
|inactive|udongirl has 30 seconds left.
|inactive|udongirl has 20 seconds left.
|inactive|udongirl has 15 seconds left.
|inactive|udongirl has 10 seconds left.
|
|t:|1661087893
|switch|p1a: Zygarde|Zygarde-10%|100/100
|-ability|p1a: Zygarde|Aura Break
|move|p2a: Dhelmise|Synthesis|p2a: Dhelmise
|-heal|p2a: Dhelmise|93/100 psn
|
|-damage|p2a: Dhelmise|80/100 psn|[from] psn
|upkeep
|turn|34
|inactive|udongirl has 20 seconds left this turn.
|
|t:|1661087902
|move|p1a: Zygarde|Outrage|p2a: Dhelmise
|-damage|p2a: Dhelmise|0 fnt
|faint|p2a: Dhelmise
|
|upkeep
|inactive|udongirl has 25 seconds left this turn.
|inactive|Mionda ✿ has 150 seconds left.
|
|t:|1661087926
|switch|p2a: Diggersby|Diggersby, F|29/100
|turn|35
|inactive|udongirl has 30 seconds left.
|
|t:|1661087935
|move|p2a: Diggersby|Earthquake|p1a: Zygarde
|-damage|p1a: Zygarde|0 fnt
|faint|p1a: Zygarde
|
|upkeep
|inactive|udongirl has 30 seconds left.
|
|t:|1661087941
|switch|p1a: Togekiss|Togekiss, F|36/100
|turn|36
|
|t:|1661087944
|move|p2a: Diggersby|Earthquake|p1a: Togekiss
|-immune|p1a: Togekiss
|move|p1a: Togekiss|Dazzling Gleam|p2a: Diggersby
|-damage|p2a: Diggersby|0 fnt
|faint|p2a: Diggersby
|
|upkeep
|
|t:|1661087954
|switch|p2a: Hydreigon|Hydreigon, M|12/100
|turn|37
|
|t:|1661087962
|move|p2a: Hydreigon|Dark Pulse|p1a: Togekiss
|-resisted|p1a: Togekiss
|-damage|p1a: Togekiss|6/100
|move|p1a: Togekiss|Dazzling Gleam|p2a: Hydreigon
|-supereffective|p2a: Hydreigon
|-damage|p2a: Hydreigon|0 fnt
|faint|p2a: Hydreigon
|
|win|udongirl
|c|☆udongirl|gg
|c|☆Mionda ✿|gg
