|inactive|Battle timer is ON: inactive players will automatically lose when time's up.
|t:|1664021845
|gametype|singles
|player|p1|robjr|lance|
|player|p2|Carmin|firebreather|
|teamsize|p1|6
|teamsize|p2|6
|gen|8
|tier|[Gen 8] UU
|rule|Sleep Clause Mod: Limit one foe put to sleep
|rule|Species Clause: Limit one of each Pokémon
|rule|OHKO Clause: OHKO moves are banned
|rule|Evasion Items Clause: Evasion items are banned
|rule|Evasion Moves Clause: Evasion moves are banned
|rule|Endless Battle Clause: Forcing endless battles is banned
|rule|HP Percentage Mod: HP is shown in percentages
|rule|Dynamax Clause: You cannot dynamax
|clearpoke
|poke|p1|Scizor, M|
|poke|p1|Amoonguss, F|
|poke|p1|Salamence, M|
|poke|p1|Mamoswine, F|
|poke|p1|Chansey, F|
|poke|p1|Azelf|
|poke|p2|Cobalion|
|poke|p2|Chandelure, M|
|poke|p2|Milotic, F|
|poke|p2|Umbreon, F|
|poke|p2|Amoonguss, M|
|poke|p2|Salamence, M|
|teampreview
|inactive|Carmin also wants the timer to be on.
|c|☆Carmin|hf
|inactive|robjr has 270 seconds left.
|inactive|Carmin has 270 seconds left.
|
|t:|1664021892
|start
|switch|p1a: Azelf|Azelf|100/100
|switch|p2a: Umbreon|Umbreon, F|100/100
|turn|1
|
|t:|1664021896
|move|p1a: Azelf|U-turn|p2a: Umbreon
|-supereffective|p2a: Umbreon
|-damage|p2a: Umbreon|76/100
|
|t:|1664021899
|switch|p1a: Chansey|Chansey, F|100/100|[from]move: U-turn
|move|p2a: Umbreon|Foul Play|p1a: Chansey
|-damage|p1a: Chansey|99/100
|
|-heal|p2a: Umbreon|82/100|[from] item: Leftovers
|upkeep
|turn|2
|
|t:|1664021915
|move|p2a: Umbreon|Protect|p2a: Umbreon
|-singleturn|p2a: Umbreon|Protect
|move|p1a: Chansey|Stealth Rock|p2a: Umbreon
|-sidestart|p2: Carmin|move: Stealth Rock
|
|-heal|p2a: Umbreon|88/100|[from] item: Leftovers
|upkeep
|turn|3
|
|t:|1664021936
|move|p2a: Umbreon|Wish|p2a: Umbreon
|move|p1a: Chansey|Seismic Toss|p2a: Umbreon
|-damage|p2a: Umbreon|63/100
|
|-heal|p2a: Umbreon|69/100|[from] item: Leftovers
|upkeep
|turn|4
|
|t:|1664021942
|move|p2a: Umbreon|Foul Play|p1a: Chansey
|-damage|p1a: Chansey|98/100
|move|p1a: Chansey|Teleport|p1a: Chansey
|
|t:|1664021948
|switch|p1a: Scizor|Scizor, M|100/100|[from]move: Teleport
|
|-heal|p2a: Umbreon|100/100|[from] move: Wish|[wisher] Umbreon
|upkeep
|turn|5
|
|t:|1664021954
|switch|p2a: Amoonguss|Amoonguss, M|100/100
|-damage|p2a: Amoonguss|88/100|[from] Stealth Rock
|move|p1a: Scizor|Knock Off|p2a: Amoonguss
|-damage|p2a: Amoonguss|66/100
|-damage|p1a: Scizor|84/100|[from] item: Rocky Helmet|[of] p2a: Amoonguss
|-enditem|p2a: Amoonguss|Rocky Helmet|[from] move: Knock Off|[of] p1a: Scizor
|
|upkeep
|turn|6
|
|t:|1664021963
|switch|p1a: Amoonguss|Amoonguss, F|100/100
|move|p2a: Amoonguss|Spore|p1a: Amoonguss
|-immune|p1a: Amoonguss
|
|upkeep
|turn|7
|
|t:|1664021968
|move|p2a: Amoonguss|Sludge Bomb|p1a: Amoonguss
|-damage|p1a: Amoonguss|77/100
|move|p1a: Amoonguss|Sludge Bomb|p2a: Amoonguss
|-damage|p2a: Amoonguss|41/100
|
|upkeep
|turn|8
|
|t:|1664021972
|move|p2a: Amoonguss|Sludge Bomb|p1a: Amoonguss
|-damage|p1a: Amoonguss|54/100
|move|p1a: Amoonguss|Spore|p2a: Amoonguss
|-immune|p2a: Amoonguss
|
|upkeep
|turn|9
|
|t:|1664021975
|move|p2a: Amoonguss|Sludge Bomb|p1a: Amoonguss
|-crit|p1a: Amoonguss
|-damage|p1a: Amoonguss|14/100
|move|p1a: Amoonguss|Sludge Bomb|p2a: Amoonguss
|-damage|p2a: Amoonguss|18/100
|
|upkeep
|turn|10
|
|t:|1664021982
|switch|p1a: Chansey|Chansey, F|98/100
|move|p2a: Amoonguss|Sludge Bomb|p1a: Chansey
|-damage|p1a: Chansey|89/100
|
|upkeep
|turn|11
|
|t:|1664021987
|switch|p2a: Chandelure|Chandelure, M|100/100
|move|p1a: Chansey|Teleport|p1a: Chansey
|
|t:|1664021993
|switch|p1a: Mamoswine|Mamoswine, F|100/100|[from]move: Teleport
|
|upkeep
|turn|12
|
|t:|1664021999
|switch|p2a: Umbreon|Umbreon, F|100/100
|-damage|p2a: Umbreon|88/100|[from] Stealth Rock
|move|p1a: Mamoswine|Earthquake|p2a: Umbreon
|-damage|p2a: Umbreon|57/100
|
|-heal|p2a: Umbreon|63/100|[from] item: Leftovers
|upkeep
|turn|13
|
|t:|1664022005
|switch|p1a: Amoonguss|Amoonguss, F|47/100
|move|p2a: Umbreon|Wish|p2a: Umbreon
|
|-heal|p2a: Umbreon|69/100|[from] item: Leftovers
|upkeep
|turn|14
|
|t:|1664022009
|switch|p1a: Chansey|Chansey, F|89/100
|move|p2a: Umbreon|Protect||[still]
|-fail|p2a: Umbreon
|
|-heal|p2a: Umbreon|100/100|[from] move: Wish|[wisher] Umbreon
|upkeep
|turn|15
|
|t:|1664022018
|move|p2a: Umbreon|Wish|p2a: Umbreon
|move|p1a: Chansey|Teleport|p1a: Chansey
|
|t:|1664022020
|switch|p1a: Amoonguss|Amoonguss, F|80/100|[from]move: Teleport
|
|upkeep
|turn|16
|
|t:|1664022034
|switch|p2a: Amoonguss|Amoonguss, M|52/100
|-damage|p2a: Amoonguss|39/100|[from] Stealth Rock
|switch|p1a: Azelf|Azelf|100/100
|
|-heal|p2a: Amoonguss|85/100|[from] move: Wish|[wisher] Umbreon
|upkeep
|turn|17
|
|t:|1664022041
|switch|p2a: Milotic|Milotic, F|100/100
|move|p1a: Azelf|U-turn|p2a: Milotic
|-damage|p2a: Milotic|86/100
|
|t:|1664022050
|switch|p1a: Amoonguss|Amoonguss, F|100/100|[from]move: U-turn
|
|upkeep
|turn|18
|
|t:|1664022054
|switch|p2a: Amoonguss|Amoonguss, M|100/100
|-damage|p2a: Amoonguss|88/100|[from] Stealth Rock
|move|p1a: Amoonguss|Sludge Bomb|p2a: Amoonguss
|-damage|p2a: Amoonguss|63/100
|
|upkeep
|turn|19
|
|t:|1664022056
|move|p2a: Amoonguss|Sludge Bomb|p1a: Amoonguss
|-damage|p1a: Amoonguss|74/100
|move|p1a: Amoonguss|Sludge Bomb|p2a: Amoonguss
|-damage|p2a: Amoonguss|38/100
|
|upkeep
|turn|20
|
|t:|1664022060
|switch|p2a: Chandelure|Chandelure, M|100/100
|move|p1a: Amoonguss|Sludge Bomb|p2a: Chandelure
|-resisted|p2a: Chandelure
|-damage|p2a: Chandelure|81/100
|
|upkeep
|turn|21
|
|t:|1664022065
|switch|p1a: Chansey|Chansey, F|89/100
|move|p2a: Chandelure|Will-O-Wisp|p1a: Chansey
|-status|p1a: Chansey|brn
|
|-damage|p1a: Chansey|83/100 brn|[from] brn
|upkeep
|turn|22
|
|t:|1664022069
|move|p2a: Chandelure|Taunt|p1a: Chansey
|-start|p1a: Chansey|move: Taunt
|cant|p1a: Chansey|move: Taunt|Teleport
|
|-damage|p1a: Chansey|77/100 brn|[from] brn
|upkeep
|turn|23
|
|t:|1664022071
|-curestatus|p1a: Chansey|brn|[from] ability: Natural Cure
|switch|p1a: Salamence|Salamence, M|100/100
|-ability|p1a: Salamence|Intimidate|boost
|-unboost|p2a: Chandelure|atk|1
|move|p2a: Chandelure|Will-O-Wisp|p1a: Salamence
|-status|p1a: Salamence|brn
|
|-damage|p1a: Salamence|94/100 brn|[from] brn
|upkeep
|turn|24
|
|t:|1664022082
|switch|p2a: Milotic|Milotic, F|86/100
|move|p1a: Salamence|Hurricane|p2a: Milotic
|-damage|p2a: Milotic|63/100
|
|-damage|p1a: Salamence|88/100 brn|[from] brn
|upkeep
|turn|25
|
|t:|1664022096
|switch|p1a: Amoonguss|Amoonguss, F|100/100
|move|p2a: Milotic|Recover|p2a: Milotic
|-heal|p2a: Milotic|100/100
|
|upkeep
|turn|26
|
|t:|1664022101
|move|p2a: Milotic|Scald|p1a: Amoonguss
|-resisted|p1a: Amoonguss
|-crit|p1a: Amoonguss
|-damage|p1a: Amoonguss|83/100
|move|p1a: Amoonguss|Spore|p2a: Milotic
|-status|p2a: Milotic|slp|[from] move: Spore
|
|upkeep
|turn|27
|
|t:|1664022107
|switch|p2a: Cobalion|Cobalion|100/100
|-damage|p2a: Cobalion|97/100|[from] Stealth Rock
|move|p1a: Amoonguss|Seed Bomb|p2a: Cobalion
|-resisted|p2a: Cobalion
|-damage|p2a: Cobalion|86/100
|
|upkeep
|turn|28
|
|t:|1664022128
|switch|p1a: Azelf|Azelf|100/100
|move|p2a: Cobalion|Stealth Rock|p1a: Azelf
|-sidestart|p1: robjr|move: Stealth Rock
|
|upkeep
|turn|29
|
|t:|1664022134
|switch|p2a: Salamence|Salamence, M|100/100
|-ability|p2a: Salamence|Intimidate|boost
|-unboost|p1a: Azelf|atk|1
|move|p1a: Azelf|Psychic|p2a: Salamence
|-damage|p2a: Salamence|54/100
|-unboost|p2a: Salamence|spd|1
|
|upkeep
|turn|30
|
|t:|1664022153
|switch|p2a: Umbreon|Umbreon, F|100/100
|-damage|p2a: Umbreon|88/100|[from] Stealth Rock
|move|p1a: Azelf|U-turn|p2a: Umbreon
|-supereffective|p2a: Umbreon
|-crit|p2a: Umbreon
|-damage|p2a: Umbreon|50/100
|
|t:|1664022164
|switch|p1a: Scizor|Scizor, M|84/100|[from]move: U-turn
|-damage|p1a: Scizor|71/100|[from] Stealth Rock
|
|-heal|p2a: Umbreon|56/100|[from] item: Leftovers
|upkeep
|turn|31
|inactive|Carmin has 270 seconds left.
|
|t:|1664022199
|move|p1a: Scizor|Bullet Punch|p2a: Umbreon
|-crit|p2a: Umbreon
|-damage|p2a: Umbreon|27/100
|move|p2a: Umbreon|Wish|p2a: Umbreon
|
|-heal|p2a: Umbreon|33/100|[from] item: Leftovers
|upkeep
|turn|32
|
|t:|1664022203
|move|p2a: Umbreon|Protect|p2a: Umbreon
|-singleturn|p2a: Umbreon|Protect
|move|p1a: Scizor|Knock Off|p2a: Umbreon
|-activate|p2a: Umbreon|move: Protect
|
|-heal|p2a: Umbreon|83/100|[from] move: Wish|[wisher] Umbreon
|-heal|p2a: Umbreon|89/100|[from] item: Leftovers
|upkeep
|turn|33
|
|t:|1664022207
|switch|p2a: Cobalion|Cobalion|86/100
|-damage|p2a: Cobalion|83/100|[from] Stealth Rock
|move|p1a: Scizor|Knock Off|p2a: Cobalion
|-resisted|p2a: Cobalion
|-damage|p2a: Cobalion|71/100
|-damage|p1a: Scizor|55/100|[from] item: Rocky Helmet|[of] p2a: Cobalion
|-ability|p2a: Cobalion|Justified|boost
|-boost|p2a: Cobalion|atk|1
|-enditem|p2a: Cobalion|Rocky Helmet|[from] move: Knock Off|[of] p1a: Scizor
|
|upkeep
|turn|34
|
|t:|1664022215
|switch|p1a: Amoonguss|Amoonguss, F|100/100
|-damage|p1a: Amoonguss|88/100|[from] Stealth Rock
|move|p2a: Cobalion|Close Combat|p1a: Amoonguss
|-resisted|p1a: Amoonguss
|-damage|p1a: Amoonguss|62/100
|-unboost|p2a: Cobalion|def|1
|-unboost|p2a: Cobalion|spd|1
|-damage|p2a: Cobalion|54/100|[from] item: Rocky Helmet|[of] p1a: Amoonguss
|
|upkeep
|turn|35
|
|t:|1664022227
|move|p2a: Cobalion|Stone Edge|p1a: Amoonguss
|-crit|p1a: Amoonguss
|-damage|p1a: Amoonguss|20/100
|move|p1a: Amoonguss|Seed Bomb|p2a: Cobalion
|-resisted|p2a: Cobalion
|-damage|p2a: Cobalion|38/100
|
|upkeep
|turn|36
|
|t:|1664022233
|switch|p1a: Azelf|Azelf|100/100
|-damage|p1a: Azelf|88/100|[from] Stealth Rock
|move|p2a: Cobalion|Close Combat|p1a: Azelf
|-resisted|p1a: Azelf
|-damage|p1a: Azelf|31/100
|-unboost|p2a: Cobalion|def|1
|-unboost|p2a: Cobalion|spd|1
|
|upkeep
|turn|37
|
|t:|1664022243
|switch|p2a: Umbreon|Umbreon, F|89/100
|-damage|p2a: Umbreon|77/100|[from] Stealth Rock
|move|p1a: Azelf|U-turn|p2a: Umbreon
|-supereffective|p2a: Umbreon
|-damage|p2a: Umbreon|51/100
|
|t:|1664022247
|switch|p1a: Scizor|Scizor, M|55/100|[from]move: U-turn
|-damage|p1a: Scizor|42/100|[from] Stealth Rock
|
|-heal|p2a: Umbreon|57/100|[from] item: Leftovers
|upkeep
|turn|38
|
|t:|1664022252
|move|p1a: Scizor|Roost|p1a: Scizor
|-heal|p1a: Scizor|92/100
|-singleturn|p1a: Scizor|move: Roost
|move|p2a: Umbreon|Wish|p2a: Umbreon
|
|-heal|p2a: Umbreon|63/100|[from] item: Leftovers
|upkeep
|turn|39
|
|t:|1664022266
|switch|p2a: Cobalion|Cobalion|38/100
|-damage|p2a: Cobalion|35/100|[from] Stealth Rock
|move|p1a: Scizor|Swords Dance|p1a: Scizor
|-boost|p1a: Scizor|atk|2
|
|-heal|p2a: Cobalion|96/100|[from] move: Wish|[wisher] Umbreon
|upkeep
|turn|40
|inactive|robjr has 270 seconds left.
|
|t:|1664022299
|move|p2a: Cobalion|Swords Dance|p2a: Cobalion
|-boost|p2a: Cobalion|atk|2
|move|p1a: Scizor|Swords Dance|p1a: Scizor
|-boost|p1a: Scizor|atk|2
|
|upkeep
|turn|41
|
|t:|1664022320
|move|p1a: Scizor|Bullet Punch|p2a: Cobalion
|-resisted|p2a: Cobalion
|-damage|p2a: Cobalion|49/100
|move|p2a: Cobalion|Swords Dance|p2a: Cobalion
|-boost|p2a: Cobalion|atk|2
|
|upkeep
|turn|42
|inactive|robjr has 270 seconds left.
|inactive|Carmin has 270 seconds left.
|inactive|robjr has 240 seconds left.
|
|t:|1664022386
|move|p1a: Scizor|Bullet Punch|p2a: Cobalion
|-resisted|p2a: Cobalion
|-damage|p2a: Cobalion|2/100
|move|p2a: Cobalion|Close Combat|p1a: Scizor
|-damage|p1a: Scizor|0 fnt
|-unboost|p2a: Cobalion|def|1
|-unboost|p2a: Cobalion|spd|1
|faint|p1a: Scizor
|
|upkeep
|
|t:|1664022395
|switch|p1a: Azelf|Azelf|31/100
|-damage|p1a: Azelf|19/100|[from] Stealth Rock
|turn|43
|
|t:|1664022403
|move|p1a: Azelf|Energy Ball|p2a: Cobalion
|-resisted|p2a: Cobalion
|-damage|p2a: Cobalion|0 fnt
|faint|p2a: Cobalion
|
|upkeep
|
|t:|1664022406
|switch|p2a: Umbreon|Umbreon, F|63/100
|-damage|p2a: Umbreon|51/100|[from] Stealth Rock
|turn|44
|
|t:|1664022414
|move|p1a: Azelf|U-turn|p2a: Umbreon
|-supereffective|p2a: Umbreon
|-crit|p2a: Umbreon
|-damage|p2a: Umbreon|14/100
|
|t:|1664022417
|switch|p1a: Amoonguss|Amoonguss, F|53/100|[from]move: U-turn
|-damage|p1a: Amoonguss|41/100|[from] Stealth Rock
|move|p2a: Umbreon|Wish|p2a: Umbreon
|
|-heal|p2a: Umbreon|21/100|[from] item: Leftovers
|upkeep
|turn|45
|
|t:|1664022423
|switch|p1a: Chansey|Chansey, F|77/100
|-damage|p1a: Chansey|64/100|[from] Stealth Rock
|move|p2a: Umbreon|Protect||[still]
|-fail|p2a: Umbreon
|
|-heal|p2a: Umbreon|70/100|[from] move: Wish|[wisher] Umbreon
|-heal|p2a: Umbreon|77/100|[from] item: Leftovers
|upkeep
|turn|46
|
|t:|1664022427
|move|p2a: Umbreon|Wish|p2a: Umbreon
|move|p1a: Chansey|Soft-Boiled|p1a: Chansey
|-heal|p1a: Chansey|100/100
|
|-heal|p2a: Umbreon|83/100|[from] item: Leftovers
|upkeep
|turn|47
|inactive|robjr has 270 seconds left.
|
|t:|1664022432
|switch|p2a: Chandelure|Chandelure, M|81/100
|move|p1a: Chansey|Teleport|p1a: Chansey
|
|t:|1664022436
|switch|p1a: Mamoswine|Mamoswine, F|100/100|[from]move: Teleport
|-damage|p1a: Mamoswine|88/100|[from] Stealth Rock
|
|-heal|p2a: Chandelure|100/100|[from] move: Wish|[wisher] Umbreon
|upkeep
|turn|48
|inactive|Carmin has 270 seconds left.
|
|t:|1664022476
|switch|p2a: Umbreon|Umbreon, F|83/100
|-damage|p2a: Umbreon|70/100|[from] Stealth Rock
|move|p1a: Mamoswine|Earthquake|p2a: Umbreon
|-damage|p2a: Umbreon|34/100
|
|-heal|p2a: Umbreon|40/100|[from] item: Leftovers
|upkeep
|turn|49
|
|t:|1664022481
|move|p2a: Umbreon|Protect|p2a: Umbreon
|-singleturn|p2a: Umbreon|Protect
|move|p1a: Mamoswine|Earthquake|p2a: Umbreon
|-activate|p2a: Umbreon|move: Protect
|
|-heal|p2a: Umbreon|46/100|[from] item: Leftovers
|upkeep
|turn|50
|
|t:|1664022484
|move|p1a: Mamoswine|Earthquake|p2a: Umbreon
|-damage|p2a: Umbreon|11/100
|move|p2a: Umbreon|Wish|p2a: Umbreon
|
|-heal|p2a: Umbreon|17/100|[from] item: Leftovers
|upkeep
|turn|51
|
|t:|1664022491
|switch|p1a: Amoonguss|Amoonguss, F|74/100
|-damage|p1a: Amoonguss|62/100|[from] Stealth Rock
|move|p2a: Umbreon|Protect||[still]
|-fail|p2a: Umbreon
|
|-heal|p2a: Umbreon|67/100|[from] move: Wish|[wisher] Umbreon
|-heal|p2a: Umbreon|73/100|[from] item: Leftovers
|upkeep
|turn|52
|
|t:|1664022496
|move|p2a: Umbreon|Wish|p2a: Umbreon
|move|p1a: Amoonguss|Sludge Bomb|p2a: Umbreon
|-crit|p2a: Umbreon
|-damage|p2a: Umbreon|44/100
|
|-heal|p2a: Umbreon|50/100|[from] item: Leftovers
|upkeep
|turn|53
|
|t:|1664022500
|move|p2a: Umbreon|Protect|p2a: Umbreon
|-singleturn|p2a: Umbreon|Protect
|move|p1a: Amoonguss|Sludge Bomb|p2a: Umbreon
|-activate|p2a: Umbreon|move: Protect
|
|-heal|p2a: Umbreon|99/100|[from] move: Wish|[wisher] Umbreon
|-heal|p2a: Umbreon|100/100|[from] item: Leftovers
|upkeep
|turn|54
|
|t:|1664022506
|switch|p2a: Salamence|Salamence, M|54/100
|-ability|p2a: Salamence|Intimidate|boost
|-unboost|p1a: Amoonguss|atk|1
|move|p1a: Amoonguss|Sludge Bomb|p2a: Salamence
|-damage|p2a: Salamence|24/100
|
|upkeep
|turn|55
|
|t:|1664022513
|move|p2a: Salamence|Roost|p2a: Salamence
|-heal|p2a: Salamence|75/100
|-singleturn|p2a: Salamence|move: Roost
|move|p1a: Amoonguss|Sludge Bomb|p2a: Salamence
|-damage|p2a: Salamence|45/100
|
|upkeep
|turn|56
|
|t:|1664022519
|switch|p1a: Chansey|Chansey, F|100/100
|-damage|p1a: Chansey|88/100|[from] Stealth Rock
|move|p2a: Salamence|Roost|p2a: Salamence
|-heal|p2a: Salamence|95/100
|-singleturn|p2a: Salamence|move: Roost
|
|upkeep
|turn|57
|
|t:|1664022523
|switch|p2a: Chandelure|Chandelure, M|100/100
|move|p1a: Chansey|Teleport|p1a: Chansey
|
|t:|1664022526
|switch|p1a: Mamoswine|Mamoswine, F|88/100|[from]move: Teleport
|-damage|p1a: Mamoswine|76/100|[from] Stealth Rock
|
|upkeep
|turn|58
|
|t:|1664022535
|switch|p2a: Umbreon|Umbreon, F|100/100
|-damage|p2a: Umbreon|88/100|[from] Stealth Rock
|move|p1a: Mamoswine|Icicle Crash|p2a: Umbreon
|-damage|p2a: Umbreon|60/100
|
|-heal|p2a: Umbreon|66/100|[from] item: Leftovers
|upkeep
|turn|59
|
|t:|1664022541
|switch|p1a: Chansey|Chansey, F|88/100
|-damage|p1a: Chansey|75/100|[from] Stealth Rock
|move|p2a: Umbreon|Protect||[still]
|-fail|p2a: Umbreon
|
|-heal|p2a: Umbreon|72/100|[from] item: Leftovers
|upkeep
|turn|60
|
|t:|1664022549
|switch|p1a: Salamence|Salamence, M|88/100 brn
|-ability|p1a: Salamence|Intimidate|boost
|-unboost|p2a: Umbreon|atk|1
|move|p2a: Umbreon|Wish|p2a: Umbreon
|
|-heal|p2a: Umbreon|78/100|[from] item: Leftovers
|-damage|p1a: Salamence|82/100 brn|[from] brn
|upkeep
|turn|61
|
|t:|1664022552
|move|p1a: Salamence|Defog|p2a: Umbreon
|-unboost|p2a: Umbreon|evasion|1
|-sideend|p2: Carmin|Stealth Rock|[from] move: Defog|[of] p1a: Salamence
|-sideend|p1: robjr|Stealth Rock|[from] move: Defog|[of] p1a: Salamence
|move|p2a: Umbreon|Foul Play|p1a: Salamence
|-damage|p1a: Salamence|45/100 brn
|
|-heal|p2a: Umbreon|100/100|[from] move: Wish|[wisher] Umbreon
|-damage|p1a: Salamence|39/100 brn|[from] brn
|upkeep
|turn|62
|
|t:|1664022556
|switch|p2a: Chandelure|Chandelure, M|100/100
|move|p1a: Salamence|Roost|p1a: Salamence
|-heal|p1a: Salamence|89/100 brn
|-singleturn|p1a: Salamence|move: Roost
|
|-damage|p1a: Salamence|83/100 brn|[from] brn
|upkeep
|turn|63
|
|t:|1664022560
|move|p1a: Salamence|Hurricane|p2a: Chandelure
|-damage|p2a: Chandelure|44/100
|move|p2a: Chandelure|Hex|p1a: Salamence
|-damage|p1a: Salamence|13/100 brn
|
|-damage|p1a: Salamence|7/100 brn|[from] brn
|upkeep
|turn|64
|
|t:|1664022571
|switch|p2a: Milotic|Milotic, F|100/100 slp
|move|p1a: Salamence|Hurricane|p2a: Milotic|[miss]
|-miss|p1a: Salamence|p2a: Milotic
|
|-damage|p1a: Salamence|1/100 brn|[from] brn
|upkeep
|turn|65
|
|t:|1664022575
|move|p1a: Salamence|Roost|p1a: Salamence
|-heal|p1a: Salamence|51/100 brn
|-singleturn|p1a: Salamence|move: Roost
|cant|p2a: Milotic|slp
|
|-damage|p1a: Salamence|45/100 brn|[from] brn
|upkeep
|turn|66
|
|t:|1664022581
|switch|p1a: Chansey|Chansey, F|75/100
|-curestatus|p2a: Milotic|slp|[msg]
|move|p2a: Milotic|Scald|p1a: Chansey
|-damage|p1a: Chansey|67/100
|
|upkeep
|turn|67
|
|t:|1664022586
|switch|p2a: Chandelure|Chandelure, M|44/100
|move|p1a: Chansey|Stealth Rock|p2a: Chandelure
|-sidestart|p2: Carmin|move: Stealth Rock
|
|upkeep
|turn|68
|
|t:|1664022590
|move|p2a: Chandelure|Taunt|p1a: Chansey
|-start|p1a: Chansey|move: Taunt
|cant|p1a: Chansey|move: Taunt|Teleport
|
|upkeep
|turn|69
|
|t:|1664022594
|move|p2a: Chandelure|Flamethrower|p1a: Chansey
|-damage|p1a: Chansey|50/100
|move|p1a: Chansey|Seismic Toss|p2a: Chandelure
|-immune|p2a: Chandelure
|
|upkeep
|turn|70
|
|t:|1664022597
|switch|p1a: Salamence|Salamence, M|45/100 brn
|-ability|p1a: Salamence|Intimidate|boost
|-unboost|p2a: Chandelure|atk|1
|move|p2a: Chandelure|Flamethrower|p1a: Salamence
|-resisted|p1a: Salamence
|-damage|p1a: Salamence|16/100 brn
|
|-damage|p1a: Salamence|10/100 brn|[from] brn
|upkeep
|turn|71
|
|t:|1664022601
|switch|p2a: Milotic|Milotic, F|100/100
|move|p1a: Salamence|Roost|p1a: Salamence
|-heal|p1a: Salamence|60/100 brn
|-singleturn|p1a: Salamence|move: Roost
|
|-damage|p1a: Salamence|54/100 brn|[from] brn
|upkeep
|turn|72
|
|t:|1664022604
|switch|p2a: Chandelure|Chandelure, M|44/100
|move|p1a: Salamence|Roost|p1a: Salamence
|-heal|p1a: Salamence|100/100 brn
|-singleturn|p1a: Salamence|move: Roost
|
|-damage|p1a: Salamence|94/100 brn|[from] brn
|upkeep
|turn|73
|
|t:|1664022609
|switch|p1a: Chansey|Chansey, F|50/100
|switch|p2a: Milotic|Milotic, F|100/100
|
|upkeep
|turn|74
|
|t:|1664022615
|move|p2a: Milotic|Scald|p1a: Chansey
|-damage|p1a: Chansey|41/100
|-status|p1a: Chansey|brn
|move|p1a: Chansey|Soft-Boiled|p1a: Chansey
|-heal|p1a: Chansey|91/100 brn
|
|-damage|p1a: Chansey|85/100 brn|[from] brn
|upkeep
|turn|75
|
|t:|1664022620
|move|p2a: Milotic|Scald|p1a: Chansey
|-damage|p1a: Chansey|77/100 brn
|move|p1a: Chansey|Teleport|p1a: Chansey
|
|t:|1664022623
|-curestatus|p1a: Chansey|brn|[from] ability: Natural Cure
|switch|p1a: Amoonguss|Amoonguss, F|95/100|[from]move: Teleport
|
|upkeep
|turn|76
|
|t:|1664022626
|move|p2a: Milotic|Scald|p1a: Amoonguss
|-resisted|p1a: Amoonguss
|-damage|p1a: Amoonguss|83/100
|-status|p1a: Amoonguss|brn
|move|p1a: Amoonguss|Sludge Bomb|p2a: Milotic
|-damage|p2a: Milotic|84/100
|
|-damage|p1a: Amoonguss|77/100 brn|[from] brn
|upkeep
|turn|77
|
|t:|1664022633
|switch|p2a: Amoonguss|Amoonguss, M|71/100
|-damage|p2a: Amoonguss|58/100|[from] Stealth Rock
|move|p1a: Amoonguss|Sludge Bomb|p2a: Amoonguss
|-damage|p2a: Amoonguss|32/100
|
|-damage|p1a: Amoonguss|71/100 brn|[from] brn
|upkeep
|turn|78
|
|t:|1664022639
|move|p2a: Amoonguss|Sludge Bomb|p1a: Amoonguss
|-damage|p1a: Amoonguss|46/100 brn
|move|p1a: Amoonguss|Sludge Bomb|p2a: Amoonguss
|-damage|p2a: Amoonguss|9/100
|
|-damage|p1a: Amoonguss|40/100 brn|[from] brn
|upkeep
|turn|79
|
|t:|1664022644
|switch|p2a: Milotic|Milotic, F|84/100
|move|p1a: Amoonguss|Spore|p2a: Milotic
|-status|p2a: Milotic|slp|[from] move: Spore
|
|-damage|p1a: Amoonguss|34/100 brn|[from] brn
|upkeep
|turn|80
|
|t:|1664022649
|switch|p2a: Salamence|Salamence, M|95/100
|-ability|p2a: Salamence|Intimidate|boost
|-unboost|p1a: Amoonguss|atk|1
|switch|p1a: Azelf|Azelf|19/100
|
|upkeep
|turn|81
|
|t:|1664022655
|move|p1a: Azelf|U-turn|p2a: Salamence
|-resisted|p2a: Salamence
|-damage|p2a: Salamence|87/100
|
|t:|1664022657
|switch|p1a: Chansey|Chansey, F|77/100|[from]move: U-turn
|move|p2a: Salamence|Flamethrower|p1a: Chansey
|-damage|p1a: Chansey|71/100
|
|upkeep
|turn|82
|
|t:|1664022661
|move|p2a: Salamence|Defog|p1a: Chansey
|-unboost|p1a: Chansey|evasion|1
|-sideend|p2: Carmin|Stealth Rock|[from] move: Defog|[of] p2a: Salamence
|move|p1a: Chansey|Seismic Toss|p2a: Salamence
|-damage|p2a: Salamence|61/100
|
|upkeep
|turn|83
|
|t:|1664022663
|move|p2a: Salamence|Dual Wingbeat|p1a: Chansey
|-damage|p1a: Chansey|60/100
|-damage|p1a: Chansey|49/100
|-hitcount|p1a: Chansey|2
|move|p1a: Chansey|Stealth Rock|p2a: Salamence
|-sidestart|p2: Carmin|move: Stealth Rock
|
|upkeep
|turn|84
|
|t:|1664022668
|move|p2a: Salamence|Defog|p1a: Chansey
|-unboost|p1a: Chansey|evasion|1
|-sideend|p2: Carmin|Stealth Rock|[from] move: Defog|[of] p2a: Salamence
|move|p1a: Chansey|Soft-Boiled|p1a: Chansey
|-heal|p1a: Chansey|99/100
|
|upkeep
|turn|85
|
|t:|1664022670
|move|p2a: Salamence|Roost|p2a: Salamence
|-heal|p2a: Salamence|100/100
|-singleturn|p2a: Salamence|move: Roost
|move|p1a: Chansey|Stealth Rock|p2a: Salamence
|-sidestart|p2: Carmin|move: Stealth Rock
|
|upkeep
|turn|86
|
|t:|1664022672
|move|p2a: Salamence|Defog|p1a: Chansey
|-unboost|p1a: Chansey|evasion|1
|-sideend|p2: Carmin|Stealth Rock|[from] move: Defog|[of] p2a: Salamence
|move|p1a: Chansey|Seismic Toss|p2a: Salamence
|-damage|p2a: Salamence|75/100
|
|upkeep
|turn|87
|
|t:|1664022677
|switch|p2a: Chandelure|Chandelure, M|44/100
|move|p1a: Chansey|Stealth Rock|p2a: Chandelure
|-sidestart|p2: Carmin|move: Stealth Rock
|
|upkeep
|turn|88
|
|t:|1664022682
|switch|p1a: Salamence|Salamence, M|94/100 brn
|-ability|p1a: Salamence|Intimidate|boost
|-unboost|p2a: Chandelure|atk|1
|move|p2a: Chandelure|Taunt|p1a: Salamence
|-start|p1a: Salamence|move: Taunt
|
|-damage|p1a: Salamence|88/100 brn|[from] brn
|upkeep
|turn|89
|
|t:|1664022687
|switch|p2a: Milotic|Milotic, F|84/100 slp
|move|p1a: Salamence|Hurricane|p2a: Milotic
|-damage|p2a: Milotic|59/100 slp
|-start|p2a: Milotic|confusion
|
|-damage|p1a: Salamence|82/100 brn|[from] brn
|upkeep
|turn|90
|
|t:|1664022694
|move|p1a: Salamence|Hurricane|p2a: Milotic
|-damage|p2a: Milotic|33/100 slp
|cant|p2a: Milotic|slp
|
|-damage|p1a: Salamence|76/100 brn|[from] brn
|-end|p1a: Salamence|move: Taunt
|upkeep
|turn|91
|
|t:|1664022699
|move|p1a: Salamence|Hurricane|p2a: Milotic
|-damage|p2a: Milotic|7/100 slp
|cant|p2a: Milotic|slp
|
|-damage|p1a: Salamence|70/100 brn|[from] brn
|upkeep
|turn|92
|
|t:|1664022725
|switch|p2a: Umbreon|Umbreon, F|100/100
|-damage|p2a: Umbreon|88/100|[from] Stealth Rock
|move|p1a: Salamence|Flamethrower|p2a: Umbreon
|-damage|p2a: Umbreon|73/100
|
|-heal|p2a: Umbreon|79/100|[from] item: Leftovers
|-damage|p1a: Salamence|64/100 brn|[from] brn
|upkeep
|turn|93
|
|t:|1664022730
|move|p1a: Salamence|Hurricane|p2a: Umbreon
|-damage|p2a: Umbreon|50/100
|move|p2a: Umbreon|Wish|p2a: Umbreon
|
|-heal|p2a: Umbreon|56/100|[from] item: Leftovers
|-damage|p1a: Salamence|58/100 brn|[from] brn
|upkeep
|turn|94
|
|t:|1664022733
|move|p1a: Salamence|Roost|p1a: Salamence
|-heal|p1a: Salamence|100/100 brn
|-singleturn|p1a: Salamence|move: Roost
|move|p2a: Umbreon|Foul Play|p1a: Salamence
|-damage|p1a: Salamence|65/100 brn
|
|-heal|p2a: Umbreon|100/100|[from] move: Wish|[wisher] Umbreon
|-damage|p1a: Salamence|59/100 brn|[from] brn
|upkeep
|turn|95
|
|t:|1664022745
|switch|p2a: Salamence|Salamence, M|75/100
|-ability|p2a: Salamence|Intimidate|boost
|-unboost|p1a: Salamence|atk|1
|move|p1a: Salamence|Roost|p1a: Salamence
|-heal|p1a: Salamence|100/100 brn
|-singleturn|p1a: Salamence|move: Roost
|
|-damage|p1a: Salamence|94/100 brn|[from] brn
|upkeep
|turn|96
|
|t:|1664022748
|switch|p1a: Chansey|Chansey, F|99/100
|move|p2a: Salamence|Defog|p1a: Chansey
|-unboost|p1a: Chansey|evasion|1
|-sideend|p2: Carmin|Stealth Rock|[from] move: Defog|[of] p2a: Salamence
|
|upkeep
|turn|97
|
|t:|1664022754
|switch|p2a: Chandelure|Chandelure, M|44/100
|move|p1a: Chansey|Stealth Rock|p2a: Chandelure
|-sidestart|p2: Carmin|move: Stealth Rock
|
|upkeep
|turn|98
|
|t:|1664022757
|move|p2a: Chandelure|Taunt|p1a: Chansey
|-start|p1a: Chansey|move: Taunt
|cant|p1a: Chansey|move: Taunt|Teleport
|
|upkeep
|turn|99
|
|t:|1664022760
|move|p2a: Chandelure|Hex|p1a: Chansey
|-immune|p1a: Chansey
|move|p1a: Chansey|Seismic Toss|p2a: Chandelure
|-immune|p2a: Chandelure
|
|upkeep
|turn|100
|
|t:|1664022763
|move|p2a: Chandelure|Hex|p1a: Chansey
|-immune|p1a: Chansey
|move|p1a: Chansey|Seismic Toss|p2a: Chandelure
|-immune|p2a: Chandelure
|
|-end|p1a: Chansey|move: Taunt
|upkeep
|turn|101
|
|t:|1664022765
|move|p2a: Chandelure|Taunt|p1a: Chansey
|-start|p1a: Chansey|move: Taunt
|cant|p1a: Chansey|move: Taunt|Teleport
|
|upkeep
|turn|102
|
|t:|1664022769
|switch|p1a: Salamence|Salamence, M|94/100 brn
|-ability|p1a: Salamence|Intimidate|boost
|-unboost|p2a: Chandelure|atk|1
|move|p2a: Chandelure|Flamethrower|p1a: Salamence
|-resisted|p1a: Salamence
|-damage|p1a: Salamence|67/100 brn
|
|-damage|p1a: Salamence|61/100 brn|[from] brn
|upkeep
|turn|103
|
|t:|1664022775
|switch|p2a: Salamence|Salamence, M|75/100
|-ability|p2a: Salamence|Intimidate|boost
|-unboost|p1a: Salamence|atk|1
|move|p1a: Salamence|Hurricane|p2a: Salamence|[miss]
|-miss|p1a: Salamence|p2a: Salamence
|
|-damage|p1a: Salamence|55/100 brn|[from] brn
|upkeep
|turn|104
|
|t:|1664022781
|move|p1a: Salamence|Roost|p1a: Salamence
|-heal|p1a: Salamence|100/100 brn
|-singleturn|p1a: Salamence|move: Roost
|move|p2a: Salamence|Defog|p1a: Salamence
|-unboost|p1a: Salamence|evasion|1
|-sideend|p2: Carmin|Stealth Rock|[from] move: Defog|[of] p2a: Salamence
|
|-damage|p1a: Salamence|94/100 brn|[from] brn
|upkeep
|turn|105
|
|t:|1664022786
|move|p2a: Salamence|Dual Wingbeat|p1a: Salamence
|-damage|p1a: Salamence|77/100 brn
|-damage|p1a: Salamence|60/100 brn
|-hitcount|p1a: Salamence|2
|move|p1a: Salamence|Hurricane|p2a: Salamence
|-damage|p2a: Salamence|32/100
|
|-damage|p1a: Salamence|54/100 brn|[from] brn
|upkeep
|turn|106
|
|t:|1664022793
|move|p1a: Salamence|Hurricane|p2a: Salamence
|-damage|p2a: Salamence|0 fnt
|faint|p2a: Salamence
|
|-damage|p1a: Salamence|47/100 brn|[from] brn
|upkeep
|
|t:|1664022796
|switch|p2a: Amoonguss|Amoonguss, M|42/100
|turn|107
|
|t:|1664022801
|switch|p1a: Chansey|Chansey, F|99/100
|switch|p2a: Umbreon|Umbreon, F|100/100
|
|upkeep
|turn|108
|
|t:|1664022811
|move|p2a: Umbreon|Wish|p2a: Umbreon
|move|p1a: Chansey|Stealth Rock|p2a: Umbreon
|-sidestart|p2: Carmin|move: Stealth Rock
|
|upkeep
|turn|109
|
|t:|1664022815
|switch|p2a: Chandelure|Chandelure, M|44/100
|move|p1a: Chansey|Teleport|p1a: Chansey
|
|t:|1664022816
|switch|p1a: Mamoswine|Mamoswine, F|76/100|[from]move: Teleport
|
|-heal|p2a: Chandelure|100/100|[from] move: Wish|[wisher] Umbreon
|upkeep
|turn|110
|
|t:|1664022825
|switch|p2a: Umbreon|Umbreon, F|100/100
|-damage|p2a: Umbreon|88/100|[from] Stealth Rock
|move|p1a: Mamoswine|Earthquake|p2a: Umbreon
|-crit|p2a: Umbreon
|-damage|p2a: Umbreon|37/100
|
|-heal|p2a: Umbreon|43/100|[from] item: Leftovers
|upkeep
|turn|111
|
|t:|1664022842
|move|p2a: Umbreon|Protect|p2a: Umbreon
|-singleturn|p2a: Umbreon|Protect
|move|p1a: Mamoswine|Earthquake|p2a: Umbreon
|-activate|p2a: Umbreon|move: Protect
|
|-heal|p2a: Umbreon|49/100|[from] item: Leftovers
|upkeep
|turn|112
|
|t:|1664022845
|move|p1a: Mamoswine|Earthquake|p2a: Umbreon
|-damage|p2a: Umbreon|17/100
|move|p2a: Umbreon|Wish|p2a: Umbreon
|
|-heal|p2a: Umbreon|23/100|[from] item: Leftovers
|upkeep
|turn|113
|
|t:|1664022854
|switch|p1a: Chansey|Chansey, F|99/100
|move|p2a: Umbreon|Protect||[still]
|-fail|p2a: Umbreon
|
|-heal|p2a: Umbreon|73/100|[from] move: Wish|[wisher] Umbreon
|-heal|p2a: Umbreon|79/100|[from] item: Leftovers
|upkeep
|turn|114
|
|t:|1664022859
|switch|p2a: Amoonguss|Amoonguss, M|75/100
|-damage|p2a: Amoonguss|63/100|[from] Stealth Rock
|move|p1a: Chansey|Teleport|p1a: Chansey
|
|t:|1664022864
|switch|p1a: Azelf|Azelf|19/100|[from]move: Teleport
|
|upkeep
|turn|115
|
|t:|1664022879
|move|p1a: Azelf|Flamethrower|p2a: Amoonguss
|-supereffective|p2a: Amoonguss
|-damage|p2a: Amoonguss|0 fnt
|faint|p2a: Amoonguss
|
|upkeep
|
|t:|1664022883
|switch|p2a: Umbreon|Umbreon, F|79/100
|-damage|p2a: Umbreon|66/100|[from] Stealth Rock
|turn|116
|
|t:|1664022885
|move|p1a: Azelf|U-turn|p2a: Umbreon
|-supereffective|p2a: Umbreon
|-damage|p2a: Umbreon|40/100
|
|t:|1664022888
|switch|p1a: Chansey|Chansey, F|99/100|[from]move: U-turn
|move|p2a: Umbreon|Foul Play|p1a: Chansey
|-damage|p1a: Chansey|98/100
|
|-heal|p2a: Umbreon|46/100|[from] item: Leftovers
|upkeep
|turn|117
|
|t:|1664022895
|move|p2a: Umbreon|Wish|p2a: Umbreon
|move|p1a: Chansey|Seismic Toss|p2a: Umbreon
|-damage|p2a: Umbreon|21/100
|
|-heal|p2a: Umbreon|27/100|[from] item: Leftovers
|upkeep
|turn|118
|
|t:|1664022898
|move|p2a: Umbreon|Protect|p2a: Umbreon
|-singleturn|p2a: Umbreon|Protect
|move|p1a: Chansey|Seismic Toss|p2a: Umbreon
|-activate|p2a: Umbreon|move: Protect
|
|-heal|p2a: Umbreon|77/100|[from] move: Wish|[wisher] Umbreon
|-heal|p2a: Umbreon|83/100|[from] item: Leftovers
|upkeep
|turn|119
|
|t:|1664022904
|switch|p2a: Chandelure|Chandelure, M|100/100
|move|p1a: Chansey|Teleport|p1a: Chansey
|
|t:|1664022906
|switch|p1a: Mamoswine|Mamoswine, F|76/100|[from]move: Teleport
|
|upkeep
|turn|120
|
|t:|1664022908
|switch|p2a: Umbreon|Umbreon, F|83/100
|-damage|p2a: Umbreon|70/100|[from] Stealth Rock
|move|p1a: Mamoswine|Earthquake|p2a: Umbreon
|-damage|p2a: Umbreon|38/100
|
|-heal|p2a: Umbreon|44/100|[from] item: Leftovers
|upkeep
|turn|121
|
|t:|1664022912
|move|p1a: Mamoswine|Earthquake|p2a: Umbreon
|-damage|p2a: Umbreon|9/100
|move|p2a: Umbreon|Foul Play|p1a: Mamoswine
|-damage|p1a: Mamoswine|21/100
|
|-heal|p2a: Umbreon|16/100|[from] item: Leftovers
|upkeep
|turn|122
|
|t:|1664022917
|move|p2a: Umbreon|Protect|p2a: Umbreon
|-singleturn|p2a: Umbreon|Protect
|move|p1a: Mamoswine|Earthquake|p2a: Umbreon
|-activate|p2a: Umbreon|move: Protect
|
|-heal|p2a: Umbreon|22/100|[from] item: Leftovers
|upkeep
|turn|123
|
|t:|1664022919
|move|p2a: Umbreon|Protect|p2a: Umbreon
|-singleturn|p2a: Umbreon|Protect
|move|p1a: Mamoswine|Earthquake|p2a: Umbreon
|-activate|p2a: Umbreon|move: Protect
|
|-heal|p2a: Umbreon|28/100|[from] item: Leftovers
|upkeep
|turn|124
|
|t:|1664022922
|move|p2a: Umbreon|Protect||[still]
|-fail|p2a: Umbreon
|move|p1a: Mamoswine|Earthquake|p2a: Umbreon
|-damage|p2a: Umbreon|0 fnt
|faint|p2a: Umbreon
|
|upkeep
|
|t:|1664022923
|switch|p2a: Chandelure|Chandelure, M|100/100
|turn|125
|
|t:|1664022925
|move|p1a: Mamoswine|Earthquake|p2a: Chandelure
|-supereffective|p2a: Chandelure
|-damage|p2a: Chandelure|0 fnt
|faint|p2a: Chandelure
|
|upkeep
|c|☆Carmin|gg
|c|☆robjr|gg
|
|t:|1664022929
|switch|p2a: Milotic|Milotic, F|7/100 slp
|turn|126
|
|t:|1664022932
|move|p1a: Mamoswine|Earthquake|p2a: Milotic
|-damage|p2a: Milotic|0 fnt
|faint|p2a: Milotic
|
|win|robjr
|player|p2|Carmin|firebreather
|player|p2|
|player|p2|Carmin|firebreather
