|inactive|Battle timer is ON: inactive players will automatically lose when time's up.
|t:|1659197282
|gametype|singles
|player|p1|pinkdragontamer|#wcop2022ussouth|
|player|p2|KSt3ve|cyclistf-gen4|
|teamsize|p1|6
|teamsize|p2|6
|gen|8
|tier|[Gen 8] UU
|rule|Sleep Clause Mod: Limit one foe put to sleep
|rule|Species Clause: Limit one of each Pokémon
|rule|OHKO Clause: OHKO moves are banned
|rule|Evasion Moves Clause: Evasion moves are banned
|rule|Endless Battle Clause: Forcing endless battles is banned
|rule|HP Percentage Mod: HP is shown in percentages
|rule|Dynamax Clause: You cannot dynamax
|clearpoke
|poke|p1|Tangrowth, F|
|poke|p1|Cobalion|
|poke|p1|Mamoswine, F|
|poke|p1|Primarina, M|
|poke|p1|Crobat, M|
|poke|p1|Rotom-Wash|
|poke|p2|Keldeo-Resolute|
|poke|p2|Diggersby, M|
|poke|p2|Zarude|
|poke|p2|Cobalion|
|poke|p2|Salamence, M|
|poke|p2|Slowbro-Galar, M|
|teampreview
|c|☆KSt3ve|hf
|c|☆pinkdragontamer|hf
|inactive|pinkdragontamer has 270 seconds left.
|inactive|KSt3ve has 270 seconds left.
|inactive|KSt3ve has 240 seconds left.
|inactive|KSt3ve has 210 seconds left.
|
|t:|1659197377
|start
|switch|p1a: Tangrowth|Tangrowth, F|100/100
|switch|p2a: Slowbro|Slowbro-Galar, M|100/100
|turn|1
|inactive|KSt3ve has 270 seconds left.
|
|t:|1659197395
|move|p1a: Tangrowth|Knock Off|p2a: Slowbro
|-supereffective|p2a: Slowbro
|-damage|p2a: Slowbro|63/100
|-enditem|p2a: Slowbro|Assault Vest|[from] move: Knock Off|[of] p1a: Tangrowth
|move|p2a: Slowbro|Shell Side Arm|p1a: Tangrowth|[anim] Shell Side Arm Special
|-supereffective|p1a: Tangrowth
|-damage|p1a: Tangrowth|54/100
|-hint|Special Shell Side Arm
|-status|p1a: Tangrowth|psn
|
|-damage|p1a: Tangrowth|42/100 psn|[from] psn
|upkeep
|turn|2
|inactive|KSt3ve has 270 seconds left.
|
|t:|1659197409
|switch|p1a: Rotom|Rotom-Wash|100/100
|move|p2a: Slowbro|Future Sight|p1a: Rotom
|-start|p2a: Slowbro|move: Future Sight
|
|upkeep
|turn|3
|inactive|KSt3ve has 270 seconds left.
|
|t:|1659197430
|move|p1a: Rotom|Volt Switch|p2a: Slowbro
|-damage|p2a: Slowbro|40/100
|
|t:|1659197444
|switch|p1a: Crobat|Crobat, M|100/100|[from]move: Volt Switch
|move|p2a: Slowbro|Shell Side Arm|p1a: Crobat|[anim] Shell Side Arm Special
|-resisted|p1a: Crobat
|-damage|p1a: Crobat|80/100
|-hint|Special Shell Side Arm
|
|upkeep
|turn|4
|
|t:|1659197458
|move|p1a: Crobat|U-turn|p2a: Slowbro
|-damage|p2a: Slowbro|27/100
|
|t:|1659197464
|switch|p1a: Rotom|Rotom-Wash|100/100|[from]move: U-turn
|move|p2a: Slowbro|Flamethrower|p1a: Rotom
|-resisted|p1a: Rotom
|-damage|p1a: Rotom|89/100
|
|-end|p1a: Rotom|move: Future Sight
|-damage|p1a: Rotom|40/100
|upkeep
|turn|5
|inactive|KSt3ve has 270 seconds left.
|
|t:|1659197475
|switch|p2a: Diggersby|Diggersby, M|100/100
|move|p1a: Rotom|Volt Switch|p2a: Diggersby
|-immune|p2a: Diggersby
|
|upkeep
|turn|6
|inactive|KSt3ve has 270 seconds left.
|
|t:|1659197503
|switch|p1a: Cobalion|Cobalion|100/100
|move|p2a: Diggersby|Body Slam|p1a: Cobalion
|-resisted|p1a: Cobalion
|-damage|p1a: Cobalion|77/100
|-status|p1a: Cobalion|par
|-damage|p2a: Diggersby|84/100|[from] item: Rocky Helmet|[of] p1a: Cobalion
|
|upkeep
|turn|7
|inactive|KSt3ve has 240 seconds left.
|
|t:|1659197545
|switch|p2a: Cobalion|Cobalion|100/100
|move|p1a: Cobalion|Stealth Rock|p2a: Cobalion
|-sidestart|p2: KSt3ve|move: Stealth Rock
|
|upkeep
|turn|8
|
|t:|1659197555
|move|p2a: Cobalion|Stealth Rock|p1a: Cobalion
|-sidestart|p1: pinkdragontamer|move: Stealth Rock
|move|p1a: Cobalion|Close Combat|p2a: Cobalion
|-supereffective|p2a: Cobalion
|-damage|p2a: Cobalion|24/100
|-unboost|p1a: Cobalion|def|1
|-unboost|p1a: Cobalion|spd|1
|
|upkeep
|turn|9
|
|t:|1659197584
|switch|p1a: Crobat|Crobat, M|80/100
|move|p2a: Cobalion|Thunder Wave|p1a: Crobat
|-status|p1a: Crobat|par
|
|upkeep
|turn|10
|inactive|KSt3ve has 210 seconds left.
|inactive|KSt3ve has 180 seconds left.
|
|t:|1659197632
|move|p2a: Cobalion|Iron Head|p1a: Crobat
|-damage|p1a: Crobat|47/100 par
|move|p1a: Crobat|Brave Bird|p2a: Cobalion
|-damage|p2a: Cobalion|0 fnt
|faint|p2a: Cobalion
|-damage|p1a: Crobat|40/100 par|[from] Recoil
|
|upkeep
|inactive|KSt3ve has 180 seconds left.
|inactive|KSt3ve has 150 seconds left.
|
|t:|1659197687
|switch|p2a: Zarude|Zarude|100/100
|turn|11
|
|t:|1659197691
|switch|p1a: Cobalion|Cobalion|77/100 par
|-damage|p1a: Cobalion|74/100 par|[from] Stealth Rock
|move|p2a: Zarude|Darkest Lariat|p1a: Cobalion
|-resisted|p1a: Cobalion
|-damage|p1a: Cobalion|57/100 par
|-damage|p2a: Zarude|84/100|[from] item: Rocky Helmet|[of] p1a: Cobalion
|-ability|p1a: Cobalion|Justified|boost
|-boost|p1a: Cobalion|atk|1
|
|upkeep
|turn|12
|inactive|KSt3ve has 150 seconds left.
|
|t:|1659197700
|move|p2a: Zarude|U-turn|p1a: Cobalion
|-resisted|p1a: Cobalion
|-damage|p1a: Cobalion|52/100 par
|-damage|p2a: Zarude|67/100|[from] item: Rocky Helmet|[of] p1a: Cobalion
|
|t:|1659197702
|switch|p2a: Slowbro|Slowbro-Galar, M|60/100|[from]move: U-turn
|-damage|p2a: Slowbro|48/100|[from] Stealth Rock
|move|p1a: Cobalion|Volt Switch|p2a: Slowbro
|-damage|p2a: Slowbro|36/100
|
|t:|1659197710
|switch|p1a: Mamoswine|Mamoswine, F|100/100|[from]move: Volt Switch
|-damage|p1a: Mamoswine|88/100|[from] Stealth Rock
|
|upkeep
|turn|13
|inactive|KSt3ve has 150 seconds left.
|
|t:|1659197733
|switch|p2a: Salamence|Salamence, M|100/100
|-ability|p2a: Salamence|Intimidate|boost
|-fail|p1a: Mamoswine|unboost|Attack|[from] ability: Oblivious|[of] p1a: Mamoswine
|move|p1a: Mamoswine|Earthquake|p2a: Salamence
|-immune|p2a: Salamence
|
|upkeep
|turn|14
|inactive|KSt3ve has 150 seconds left.
|
|t:|1659197746
|switch|p2a: Keldeo|Keldeo-Resolute|100/100
|-damage|p2a: Keldeo|94/100|[from] Stealth Rock
|move|p1a: Mamoswine|Earthquake|p2a: Keldeo
|-damage|p2a: Keldeo|0 fnt
|faint|p2a: Keldeo
|
|upkeep
|inactive|KSt3ve has 150 seconds left.
|c|+KM|all the girlies are gagging rn
|c|+KM|u ate that
|inactive|KSt3ve has 120 seconds left.
|c|@Lily|keldeo didnt
|c|+KM|ouuu...
|inactive|KSt3ve has 90 seconds left.
|inactive|KSt3ve has 60 seconds left.
|
|t:|1659197858
|switch|p2a: Zarude|Zarude|67/100
|turn|15
|
|t:|1659197877
|switch|p2a: Diggersby|Diggersby, M|84/100
|-damage|p2a: Diggersby|78/100|[from] Stealth Rock
|switch|p1a: Cobalion|Cobalion|52/100 par
|-damage|p1a: Cobalion|48/100 par|[from] Stealth Rock
|
|upkeep
|turn|16
|
|t:|1659197892
|switch|p1a: Crobat|Crobat, M|40/100 par
|move|p2a: Diggersby|Body Slam|p1a: Crobat
|-damage|p1a: Crobat|0 fnt
|faint|p1a: Crobat
|
|upkeep
|
|t:|1659197896
|switch|p1a: Cobalion|Cobalion|48/100 par
|-damage|p1a: Cobalion|45/100 par|[from] Stealth Rock
|turn|17
|
|t:|1659197899
|move|p2a: Diggersby|Body Slam|p1a: Cobalion
|-resisted|p1a: Cobalion
|-damage|p1a: Cobalion|23/100 par
|-damage|p2a: Diggersby|62/100|[from] item: Rocky Helmet|[of] p1a: Cobalion
|move|p1a: Cobalion|Volt Switch|p2a: Diggersby
|-immune|p2a: Diggersby
|
|upkeep
|turn|18
|inactive|KSt3ve has 30 seconds left.
|
|t:|1659197931
|move|p2a: Diggersby|Body Slam|p1a: Cobalion
|-resisted|p1a: Cobalion
|-damage|p1a: Cobalion|2/100 par
|-damage|p2a: Diggersby|45/100|[from] item: Rocky Helmet|[of] p1a: Cobalion
|move|p1a: Cobalion|Volt Switch|p2a: Diggersby
|-immune|p2a: Diggersby
|
|upkeep
|turn|19
|c|☆pinkdragontamer|LOL
|
|t:|1659197937
|move|p2a: Diggersby|Body Slam|p1a: Cobalion
|-resisted|p1a: Cobalion
|-damage|p1a: Cobalion|0 fnt
|-damage|p2a: Diggersby|29/100|[from] item: Rocky Helmet|[of] p1a: Cobalion
|faint|p1a: Cobalion
|
|upkeep
|
|t:|1659197941
|switch|p1a: Mamoswine|Mamoswine, F|88/100
|-damage|p1a: Mamoswine|76/100|[from] Stealth Rock
|turn|20
|
|t:|1659197957
|switch|p2a: Salamence|Salamence, M|100/100
|-ability|p2a: Salamence|Intimidate|boost
|-fail|p1a: Mamoswine|unboost|Attack|[from] ability: Oblivious|[of] p1a: Mamoswine
|move|p1a: Mamoswine|Ice Shard|p2a: Salamence
|-supereffective|p2a: Salamence
|-damage|p2a: Salamence|0 fnt
|faint|p2a: Salamence
|
|upkeep
|
|t:|1659197963
|switch|p2a: Zarude|Zarude|67/100
|turn|21
|inactive|KSt3ve has 30 seconds left.
|inactive|KSt3ve has 20 seconds left.
|inactive|KSt3ve has 15 seconds left.
|
|t:|1659198002
|switch|p1a: Rotom|Rotom-Wash|40/100
|-damage|p1a: Rotom|28/100|[from] Stealth Rock
|move|p2a: Zarude|U-turn|p1a: Rotom
|-damage|p1a: Rotom|10/100
|inactive|KSt3ve has 20 seconds left this turn.
|inactive|KSt3ve has 15 seconds left.
|
|t:|1659198007
|switch|p2a: Diggersby|Diggersby, M|29/100|[from]move: U-turn
|-damage|p2a: Diggersby|23/100|[from] Stealth Rock
|
|upkeep
|turn|22
|inactive|KSt3ve has 25 seconds left this turn.
|
|t:|1659198022
|switch|p1a: Primarina|Primarina, M|100/100
|-damage|p1a: Primarina|88/100|[from] Stealth Rock
|move|p2a: Diggersby|U-turn|p1a: Primarina
|-resisted|p1a: Primarina
|-crit|p1a: Primarina
|-damage|p1a: Primarina|67/100
|inactive|KSt3ve has 30 seconds left this turn.
|
|t:|1659198025
|switch|p2a: Zarude|Zarude|67/100|[from]move: U-turn
|
|-heal|p1a: Primarina|73/100|[from] item: Leftovers
|upkeep
|turn|23
|
|t:|1659198033
|switch|p1a: Rotom|Rotom-Wash|10/100
|-damage|p1a: Rotom|0 fnt|[from] Stealth Rock
|faint|p1a: Rotom
|move|p2a: Zarude|Power Whip|p1: Rotom|[notarget]
|-fail|p2a: Zarude
|
|upkeep
|
|t:|1659198035
|switch|p1a: Tangrowth|Tangrowth, F|75/100 psn
|-damage|p1a: Tangrowth|63/100 psn|[from] Stealth Rock
|turn|24
|
|t:|1659198048
|switch|p1a: Mamoswine|Mamoswine, F|76/100
|-damage|p1a: Mamoswine|63/100|[from] Stealth Rock
|move|p2a: Zarude|U-turn|p1a: Mamoswine
|-damage|p1a: Mamoswine|38/100
|
|t:|1659198062
|switch|p2a: Slowbro|Slowbro-Galar, M|69/100|[from]move: U-turn
|-damage|p2a: Slowbro|57/100|[from] Stealth Rock
|
|upkeep
|turn|25
|
|t:|1659198076
|move|p1a: Mamoswine|Earthquake|p2a: Slowbro
|-supereffective|p2a: Slowbro
|-damage|p2a: Slowbro|0 fnt
|faint|p2a: Slowbro
|
|upkeep
|
|t:|1659198078
|switch|p2a: Zarude|Zarude|67/100
|turn|26
|inactive|KSt3ve has 30 seconds left.
|inactive|KSt3ve has 20 seconds left.
|inactive|KSt3ve has 15 seconds left.
|
|t:|1659198117
|switch|p1a: Tangrowth|Tangrowth, F|96/100 psn
|-damage|p1a: Tangrowth|84/100 psn|[from] Stealth Rock
|move|p2a: Zarude|Jungle Healing|p2a: Zarude
|-heal|p2a: Zarude|93/100
|
|-damage|p1a: Tangrowth|71/100 psn|[from] psn
|upkeep
|turn|27
|inactive|KSt3ve has 25 seconds left this turn.
|inactive|KSt3ve has 20 seconds left.
|inactive|KSt3ve has 15 seconds left.
|
|t:|1659198128
|move|p2a: Zarude|U-turn|p1a: Tangrowth
|-supereffective|p1a: Tangrowth
|-damage|p1a: Tangrowth|43/100 psn
|inactive|KSt3ve has 20 seconds left this turn.
|
|t:|1659198130
|switch|p2a: Diggersby|Diggersby, M|23/100|[from]move: U-turn
|-damage|p2a: Diggersby|17/100|[from] Stealth Rock
|move|p1a: Tangrowth|Sludge Bomb|p2a: Diggersby
|-resisted|p2a: Diggersby
|-damage|p2a: Diggersby|1/100
|-status|p2a: Diggersby|psn
|
|-damage|p2a: Diggersby|0 fnt|[from] psn
|faint|p2a: Diggersby
|-damage|p1a: Tangrowth|31/100 psn|[from] psn
|upkeep
|inactive|KSt3ve has 25 seconds left this turn.
|
|t:|1659198132
|switch|p2a: Zarude|Zarude|93/100
|turn|28
|inactive|KSt3ve has 30 seconds left.
|c|☆KSt3ve|unfort
|inactive|KSt3ve has 20 seconds left.
|
|t:|1659198151
|switch|p1a: Primarina|Primarina, M|73/100
|-damage|p1a: Primarina|61/100|[from] Stealth Rock
|move|p2a: Zarude|U-turn|p1a: Primarina
|-resisted|p1a: Primarina
|-damage|p1a: Primarina|50/100
|
|-heal|p1a: Primarina|56/100|[from] item: Leftovers
|upkeep
|turn|29
|inactive|KSt3ve has 30 seconds left this turn.
|
|t:|1659198155
|move|p1a: Primarina|Protect|p1a: Primarina
|-singleturn|p1a: Primarina|Protect
|move|p2a: Zarude|Power Whip|p1a: Primarina
|-activate|p1a: Primarina|move: Protect
|
|-heal|p1a: Primarina|62/100|[from] item: Leftovers
|upkeep
|turn|30
|
|t:|1659198158
|move|p2a: Zarude|Power Whip|p1a: Primarina
|-supereffective|p1a: Primarina
|-damage|p1a: Primarina|0 fnt
|faint|p1a: Primarina
|
|upkeep
|
|t:|1659198160
|switch|p1a: Tangrowth|Tangrowth, F|64/100 psn
|-damage|p1a: Tangrowth|52/100 psn|[from] Stealth Rock
|turn|31
|
|t:|1659198165
|move|p2a: Zarude|Darkest Lariat|p1a: Tangrowth
|-damage|p1a: Tangrowth|25/100 psn
|move|p1a: Tangrowth|Sludge Bomb|p2a: Zarude
|-supereffective|p2a: Zarude
|-damage|p2a: Zarude|51/100
|
|-damage|p1a: Tangrowth|12/100 psn|[from] psn
|upkeep
|turn|32
|inactive|KSt3ve has 60 seconds left.
|
|t:|1659198171
|move|p2a: Zarude|U-turn|p1a: Tangrowth
|-supereffective|p1a: Tangrowth
|-damage|p1a: Tangrowth|0 fnt
|faint|p1a: Tangrowth
|
|upkeep
|c|☆KSt3ve|gg
|
|t:|1659198173
|switch|p1a: Mamoswine|Mamoswine, F|38/100
|-damage|p1a: Mamoswine|26/100|[from] Stealth Rock
|turn|33
|
|t:|1659198175
|move|p1a: Mamoswine|Ice Shard|p2a: Zarude
|-supereffective|p2a: Zarude
|-damage|p2a: Zarude|0 fnt
|faint|p2a: Zarude
|
|win|pinkdragontamer
|c|☆pinkdragontamer|gg wp
