|inactive|Battle timer is ON: inactive players will automatically lose when time's up.
|t:|1654308191
|gametype|singles
|player|p1|Adaam|#uutrio2ladder|
|player|p2|BigFatMantis|faba|
|teamsize|p1|6
|teamsize|p2|6
|gen|8
|tier|[Gen 8] UU
|rule|Sleep Clause Mod: Limit one foe put to sleep
|rule|Species Clause: Limit one of each Pokémon
|rule|OHKO Clause: OHKO moves are banned
|rule|Evasion Moves Clause: Evasion moves are banned
|rule|Endless Battle Clause: Forcing endless battles is banned
|rule|HP Percentage Mod: HP is shown in percentages
|rule|Dynamax Clause: You cannot dynamax
|clearpoke
|poke|p1|Aegislash, F|
|poke|p1|Amoonguss, M|
|poke|p1|Togekiss, M|
|poke|p1|Hydreigon, M|
|poke|p1|Seismitoad, M|
|poke|p1|Keldeo-Resolute|
|poke|p2|Celesteela|
|poke|p2|Tangrowth, M|
|poke|p2|Mandibuzz, F|
|poke|p2|Zygarde-10%|
|poke|p2|Primarina, F|
|poke|p2|Nihilego|
|teampreview
|c|☆Adaam|hf
|c|☆BigFatMantis|hf
|c|+pannuracotta|this for anything?
|c|+avg|uult
|inactive|BigFatMantis has 270 seconds left.
|c|+Nalorium|4fun afaik
|inactive|BigFatMantis has 240 seconds left.
|
|t:|1654308260
|start
|switch|p1a: Amoonguss|Amoonguss, M|100/100
|switch|p2a: Tangrowth|Tangrowth, M|100/100
|turn|1
|
|t:|1654308272
|move|p2a: Tangrowth|Knock Off|p1a: Amoonguss
|-damage|p1a: Amoonguss|84/100
|-damage|p2a: Tangrowth|84/100|[from] item: Rocky Helmet|[of] p1a: Amoonguss
|-enditem|p1a: Amoonguss|Rocky Helmet|[from] move: Knock Off|[of] p2a: Tangrowth
|move|p1a: Amoonguss|Sludge Bomb|p2a: Tangrowth
|-supereffective|p2a: Tangrowth
|-damage|p2a: Tangrowth|5/100
|
|upkeep
|turn|2
|
|t:|1654308284
|switch|p2a: Mandibuzz|Mandibuzz, F|100/100
|move|p1a: Amoonguss|Spore|p2a: Mandibuzz
|-immune|p2a: Mandibuzz|[from] ability: Overcoat
|
|upkeep
|turn|3
|
|t:|1654308294
|move|p2a: Mandibuzz|U-turn|p1a: Amoonguss
|-crit|p1a: Amoonguss
|-damage|p1a: Amoonguss|72/100
|
|t:|1654308319
|switch|p2a: Celesteela|Celesteela|100/100|[from]move: U-turn
|move|p1a: Amoonguss|Sludge Bomb|p2a: Celesteela
|-immune|p2a: Celesteela
|
|upkeep
|turn|4
|
|t:|1654308329
|switch|p2a: Mandibuzz|Mandibuzz, F|100/100
|switch|p1a: Seismitoad|Seismitoad, M|100/100
|
|upkeep
|turn|5
|
|t:|1654308338
|move|p2a: Mandibuzz|U-turn|p1a: Seismitoad
|-damage|p1a: Seismitoad|93/100
|
|t:|1654308340
|switch|p2a: Tangrowth|Tangrowth, M|38/100|[from]move: U-turn
|move|p1a: Seismitoad|Stealth Rock|p2a: Tangrowth
|-sidestart|p2: BigFatMantis|move: Stealth Rock
|
|-heal|p1a: Seismitoad|99/100|[from] item: Leftovers
|upkeep
|turn|6
|
|t:|1654308366
|move|p1a: Seismitoad|Toxic|p2a: Tangrowth
|-status|p2a: Tangrowth|tox
|move|p2a: Tangrowth|Giga Drain|p1a: Seismitoad
|-supereffective|p1a: Seismitoad
|-damage|p1a: Seismitoad|0 fnt
|-heal|p2a: Tangrowth|89/100 tox|[from] drain|[of] p1a: Seismitoad
|faint|p1a: Seismitoad
|
|-damage|p2a: Tangrowth|82/100 tox|[from] psn
|upkeep
|c|☆Adaam|kmoment
|c|+Highways|kmoment
|
|t:|1654308376
|switch|p1a: Amoonguss|Amoonguss, M|100/100
|turn|7
|c|+avg|kmoment
|c|+avg|adaament
|
|t:|1654308395
|switch|p2a: Mandibuzz|Mandibuzz, F|100/100
|move|p1a: Amoonguss|Sludge Bomb|p2a: Mandibuzz
|-damage|p2a: Mandibuzz|83/100
|
|upkeep
|turn|8
|
|t:|1654308400
|move|p2a: Mandibuzz|Defog|p1a: Amoonguss
|-unboost|p1a: Amoonguss|evasion|1
|-sideend|p2: BigFatMantis|Stealth Rock|[from] move: Defog|[of] p2a: Mandibuzz
|move|p1a: Amoonguss|Sludge Bomb|p2a: Mandibuzz
|-damage|p2a: Mandibuzz|66/100
|
|upkeep
|turn|9
|
|t:|1654308406
|move|p2a: Mandibuzz|Roost|p2a: Mandibuzz
|-heal|p2a: Mandibuzz|100/100
|-singleturn|p2a: Mandibuzz|move: Roost
|move|p1a: Amoonguss|Sludge Bomb|p2a: Mandibuzz
|-damage|p2a: Mandibuzz|83/100
|-status|p2a: Mandibuzz|psn
|
|-damage|p2a: Mandibuzz|70/100 psn|[from] psn
|upkeep
|turn|10
|
|t:|1654308417
|move|p2a: Mandibuzz|Roost|p2a: Mandibuzz
|-heal|p2a: Mandibuzz|100/100 psn
|-singleturn|p2a: Mandibuzz|move: Roost
|move|p1a: Amoonguss|Spore|p2a: Mandibuzz
|-immune|p2a: Mandibuzz|[from] ability: Overcoat
|
|-damage|p2a: Mandibuzz|88/100 psn|[from] psn
|upkeep
|turn|11
|
|t:|1654308425
|move|p2a: Mandibuzz|Foul Play|p1a: Amoonguss
|-damage|p1a: Amoonguss|79/100
|move|p1a: Amoonguss|Spore|p2a: Mandibuzz
|-immune|p2a: Mandibuzz|[from] ability: Overcoat
|
|-damage|p2a: Mandibuzz|76/100 psn|[from] psn
|upkeep
|turn|12
|
|t:|1654308440
|move|p2a: Mandibuzz|Roost|p2a: Mandibuzz
|-heal|p2a: Mandibuzz|100/100 psn
|-singleturn|p2a: Mandibuzz|move: Roost
|move|p1a: Amoonguss|Spore|p2a: Mandibuzz
|-immune|p2a: Mandibuzz|[from] ability: Overcoat
|
|-damage|p2a: Mandibuzz|88/100 psn|[from] psn
|upkeep
|turn|13
|
|t:|1654308448
|move|p2a: Mandibuzz|Foul Play|p1a: Amoonguss
|-damage|p1a: Amoonguss|60/100
|move|p1a: Amoonguss|Sludge Bomb|p2a: Mandibuzz
|-damage|p2a: Mandibuzz|70/100 psn
|
|-damage|p2a: Mandibuzz|58/100 psn|[from] psn
|upkeep
|turn|14
|
|t:|1654308460
|switch|p1a: Keldeo|Keldeo-Resolute|100/100
|move|p2a: Mandibuzz|U-turn|p1a: Keldeo
|-resisted|p1a: Keldeo
|-damage|p1a: Keldeo|95/100
|
|t:|1654308475
|switch|p2a: Primarina|Primarina, F|100/100|[from]move: U-turn
|
|upkeep
|turn|15
|
|t:|1654308484
|move|p1a: Keldeo|Flip Turn|p2a: Primarina
|-resisted|p2a: Primarina
|-damage|p2a: Primarina|94/100
|
|t:|1654308486
|switch|p1a: Amoonguss|Amoonguss, M|93/100|[from]move: Flip Turn
|move|p2a: Primarina|Scald|p1a: Amoonguss
|-resisted|p1a: Amoonguss
|-damage|p1a: Amoonguss|76/100
|
|-heal|p2a: Primarina|99/100|[from] item: Leftovers
|upkeep
|turn|16
|
|t:|1654308498
|switch|p2a: Mandibuzz|Mandibuzz, F|58/100 psn
|move|p1a: Amoonguss|Sludge Bomb|p2a: Mandibuzz
|-damage|p2a: Mandibuzz|42/100 psn
|
|-damage|p2a: Mandibuzz|29/100 psn|[from] psn
|upkeep
|turn|17
|
|t:|1654308511
|switch|p1a: Aegislash|Aegislash, F|100/100
|move|p2a: Mandibuzz|Roost|p2a: Mandibuzz
|-heal|p2a: Mandibuzz|79/100 psn
|-singleturn|p2a: Mandibuzz|move: Roost
|
|-damage|p2a: Mandibuzz|67/100 psn|[from] psn
|upkeep
|turn|18
|inactive|BigFatMantis has 270 seconds left.
|
|t:|1654308562
|switch|p2a: Celesteela|Celesteela|100/100
|move|p1a: Aegislash|Substitute|p1a: Aegislash
|-start|p1a: Aegislash|Substitute
|-damage|p1a: Aegislash|75/100
|
|-heal|p1a: Aegislash|82/100|[from] item: Leftovers
|upkeep
|turn|19
|
|t:|1654308569
|move|p1a: Aegislash|King's Shield|p1a: Aegislash
|-singleturn|p1a: Aegislash|Protect
|move|p2a: Celesteela|Flamethrower|p1a: Aegislash
|-activate|p1a: Aegislash|move: Protect
|
|-heal|p1a: Aegislash|88/100|[from] item: Leftovers
|upkeep
|turn|20
|
|t:|1654308571
|-formechange|p1a: Aegislash|Aegislash-Blade||[from] ability: Stance Change
|move|p1a: Aegislash|Shadow Ball|p2a: Celesteela
|-damage|p2a: Celesteela|75/100
|move|p2a: Celesteela|Flamethrower|p1a: Aegislash
|-supereffective|p1a: Aegislash
|-end|p1a: Aegislash|Substitute
|
|-heal|p1a: Aegislash|94/100|[from] item: Leftovers
|-heal|p2a: Celesteela|81/100|[from] item: Leftovers
|upkeep
|turn|21
|inactive|BigFatMantis has 270 seconds left.
|
|t:|1654308588
|switch|p1a: Amoonguss|Amoonguss, M|100/100
|move|p2a: Celesteela|Flamethrower|p1a: Amoonguss
|-supereffective|p1a: Amoonguss
|-damage|p1a: Amoonguss|61/100
|
|-heal|p2a: Celesteela|87/100|[from] item: Leftovers
|upkeep
|turn|22
|
|t:|1654308600
|move|p2a: Celesteela|Protect|p2a: Celesteela
|-singleturn|p2a: Celesteela|Protect
|move|p1a: Amoonguss|Spore|p2a: Celesteela
|-activate|p2a: Celesteela|move: Protect
|
|-heal|p2a: Celesteela|93/100|[from] item: Leftovers
|upkeep
|turn|23
|
|t:|1654308607
|switch|p2a: Mandibuzz|Mandibuzz, F|67/100 psn
|move|p1a: Amoonguss|Spore|p2a: Mandibuzz
|-immune|p2a: Mandibuzz|[from] ability: Overcoat
|
|-damage|p2a: Mandibuzz|55/100 psn|[from] psn
|upkeep
|turn|24
|inactive|BigFatMantis has 270 seconds left.
|
|t:|1654308614
|switch|p1a: Keldeo|Keldeo-Resolute|95/100
|move|p2a: Mandibuzz|Roost|p2a: Mandibuzz
|-heal|p2a: Mandibuzz|100/100 psn
|-singleturn|p2a: Mandibuzz|move: Roost
|
|-damage|p2a: Mandibuzz|88/100 psn|[from] psn
|upkeep
|turn|25
|inactive|BigFatMantis has 270 seconds left.
|inactive|BigFatMantis has 240 seconds left.
|
|t:|1654308669
|move|p1a: Keldeo|Secret Sword|p2a: Mandibuzz
|-damage|p2a: Mandibuzz|41/100 psn
|move|p2a: Mandibuzz|U-turn|p1a: Keldeo
|-resisted|p1a: Keldeo
|-damage|p1a: Keldeo|89/100
|
|t:|1654308674
|switch|p2a: Primarina|Primarina, F|99/100|[from]move: U-turn
|
|-heal|p2a: Primarina|100/100|[from] item: Leftovers
|upkeep
|turn|26
|
|t:|1654308682
|switch|p1a: Amoonguss|Amoonguss, M|94/100
|move|p2a: Primarina|Scald|p1a: Amoonguss
|-resisted|p1a: Amoonguss
|-damage|p1a: Amoonguss|79/100
|
|upkeep
|turn|27
|
|t:|1654308693
|switch|p2a: Celesteela|Celesteela|93/100
|move|p1a: Amoonguss|Spore|p2a: Celesteela
|-status|p2a: Celesteela|slp|[from] move: Spore
|
|-heal|p2a: Celesteela|99/100 slp|[from] item: Leftovers
|upkeep
|turn|28
|
|t:|1654308701
|switch|p1a: Keldeo|Keldeo-Resolute|89/100
|cant|p2a: Celesteela|slp
|
|-heal|p2a: Celesteela|100/100 slp|[from] item: Leftovers
|upkeep
|turn|29
|inactive|BigFatMantis has 240 seconds left.
|
|t:|1654308714
|cant|p2a: Celesteela|slp
|move|p1a: Keldeo|Secret Sword|p2a: Celesteela
|-damage|p2a: Celesteela|42/100 slp
|
|-heal|p2a: Celesteela|48/100 slp|[from] item: Leftovers
|upkeep
|turn|30
|
|t:|1654308720
|switch|p2a: Primarina|Primarina, F|100/100
|move|p1a: Keldeo|Secret Sword|p2a: Primarina
|-resisted|p2a: Primarina
|-damage|p2a: Primarina|73/100
|
|-heal|p2a: Primarina|79/100|[from] item: Leftovers
|upkeep
|turn|31
|
|t:|1654308728
|switch|p1a: Amoonguss|Amoonguss, M|100/100
|move|p2a: Primarina|Scald|p1a: Amoonguss
|-resisted|p1a: Amoonguss
|-crit|p1a: Amoonguss
|-damage|p1a: Amoonguss|77/100
|-status|p1a: Amoonguss|brn
|
|-heal|p2a: Primarina|85/100|[from] item: Leftovers
|-damage|p1a: Amoonguss|70/100 brn|[from] brn
|upkeep
|turn|32
|c|+pokemonisfun|adaam adaam's got the sword, adaam adaam we're never bored
|
|t:|1654308740
|switch|p2a: Nihilego|Nihilego|100/100
|switch|p1a: Togekiss|Togekiss, M|100/100
|
|upkeep
|turn|33
|
|t:|1654308758
|switch|p1a: Keldeo|Keldeo-Resolute|89/100
|move|p2a: Nihilego|Knock Off|p1a: Keldeo
|-resisted|p1a: Keldeo
|-damage|p1a: Keldeo|81/100
|-ability|p1a: Keldeo|Justified|boost
|-boost|p1a: Keldeo|atk|1
|-enditem|p1a: Keldeo|Choice Specs|[from] move: Knock Off|[of] p2a: Nihilego
|
|upkeep
|turn|34
|inactive|BigFatMantis has 240 seconds left.
|
|t:|1654308800
|switch|p2a: Primarina|Primarina, F|85/100
|move|p1a: Keldeo|Flip Turn|p2a: Primarina
|-resisted|p2a: Primarina
|-damage|p2a: Primarina|76/100
|
|t:|1654308812
|switch|p1a: Amoonguss|Amoonguss, M|100/100 brn|[from]move: Flip Turn
|
|-heal|p2a: Primarina|82/100|[from] item: Leftovers
|-damage|p1a: Amoonguss|94/100 brn|[from] brn
|upkeep
|turn|35
|
|t:|1654308829
|switch|p2a: Celesteela|Celesteela|48/100 slp
|move|p1a: Amoonguss|Seed Bomb|p2a: Celesteela
|-resisted|p2a: Celesteela
|-damage|p2a: Celesteela|46/100 slp
|
|-heal|p2a: Celesteela|52/100 slp|[from] item: Leftovers
|-damage|p1a: Amoonguss|88/100 brn|[from] brn
|upkeep
|turn|36
|-message|Adaam forfeited.
|
|win|BigFatMantis
|c|☆Adaam|ggs
|c|☆BigFatMantis|gg
