|inactive|Battle timer is ON: inactive players will automatically lose when time's up.
|t:|1667322116
|gametype|singles
|player|p1|umbry ✿|elesa-masters|
|player|p2|Sneakyplanner|burglar|
|teamsize|p1|6
|teamsize|p2|6
|gen|8
|tier|[Gen 8] UU
|rule|Sleep Clause Mod: Limit one foe put to sleep
|rule|Species Clause: Limit one of each Pokémon
|rule|OHKO Clause: OHKO moves are banned
|rule|Evasion Items Clause: Evasion items are banned
|rule|Evasion Moves Clause: Evasion moves are banned
|rule|Endless Battle Clause: Forcing endless battles is banned
|rule|HP Percentage Mod: HP is shown in percentages
|rule|Dynamax Clause: You cannot dynamax
|clearpoke
|poke|p1|Diggersby, F|
|poke|p1|Slowking, F|
|poke|p1|Celesteela|
|poke|p1|Cobalion|
|poke|p1|Scizor, M|
|poke|p1|Azelf|
|poke|p2|Hippowdon, F|
|poke|p2|Nihilego|
|poke|p2|Hydreigon, F|
|poke|p2|Crobat, F|
|poke|p2|Primarina, M|
|poke|p2|Zarude|
|teampreview
|c|☆umbry ✿|hf
|inactive|umbry ✿ has 270 seconds left.
|
|t:|1667322166
|start
|switch|p1a: Slowking|Slowking, F|100/100
|switch|p2a: Sarajevo|Crobat, F|100/100
|turn|1
|
|t:|1667322172
|move|p2a: Sarajevo|U-turn|p1a: Slowking
|-supereffective|p1a: Slowking
|-damage|p1a: Slowking|73/100
|
|t:|1667322175
|switch|p2a: Agu|Primarina, M|100/100|[from]move: U-turn
|move|p1a: Slowking|Teleport|p1a: Slowking
|
|t:|1667322184
|switch|p1a: Azelf|Azelf|100/100|[from]move: Teleport
|
|upkeep
|turn|2
|
|t:|1667322196
|move|p1a: Azelf|Knock Off|p2a: Agu
|-resisted|p2a: Agu
|-crit|p2a: Agu
|-damage|p2a: Agu|80/100
|-enditem|p2a: Agu|Leftovers|[from] move: Knock Off|[of] p1a: Azelf
|move|p2a: Agu|Moonblast|p1a: Azelf
|-damage|p1a: Azelf|33/100
|-unboost|p1a: Azelf|spa|1
|
|upkeep
|turn|3
|
|t:|1667322206
|move|p1a: Azelf|U-turn|p2a: Agu
|-resisted|p2a: Agu
|-damage|p2a: Agu|71/100
|
|t:|1667322208
|switch|p1a: Slowking|Slowking, F|100/100|[from]move: U-turn
|move|p2a: Agu|Scald|p1a: Slowking
|-resisted|p1a: Slowking
|-damage|p1a: Slowking|86/100
|
|upkeep
|turn|4
|
|t:|1667322220
|switch|p2a: Lernie|Hydreigon, F|100/100
|move|p1a: Slowking|Teleport|p1a: Slowking
|
|t:|1667322224
|switch|p1a: Diggersby|Diggersby, F|100/100|[from]move: Teleport
|
|upkeep
|turn|5
|
|t:|1667322231
|switch|p2a: The Godfather 3|Hippowdon, F|100/100
|-weather|Sandstorm|[from] ability: Sand Stream|[of] p2a: The Godfather 3
|move|p1a: Diggersby|U-turn|p2a: The Godfather 3
|-crit|p2a: The Godfather 3
|-damage|p2a: The Godfather 3|78/100
|-damage|p1a: Diggersby|84/100|[from] item: Rocky Helmet|[of] p2a: The Godfather 3
|
|t:|1667322243
|switch|p1a: Scizor|Scizor, M|100/100|[from]move: U-turn
|
|-weather|Sandstorm|[upkeep]
|upkeep
|turn|6
|
|t:|1667322259
|move|p1a: Scizor|Swords Dance|p1a: Scizor
|-boost|p1a: Scizor|atk|2
|move|p2a: The Godfather 3|Stealth Rock|p1a: Scizor
|-sidestart|p1: umbry ✿|move: Stealth Rock
|
|-weather|Sandstorm|[upkeep]
|upkeep
|turn|7
|
|t:|1667322265
|move|p1a: Scizor|Swords Dance|p1a: Scizor
|-boost|p1a: Scizor|atk|2
|move|p2a: The Godfather 3|Earthquake|p1a: Scizor
|-damage|p1a: Scizor|69/100
|
|-weather|Sandstorm|[upkeep]
|upkeep
|turn|8
|
|t:|1667322289
|switch|p2a: Sarajevo|Crobat, F|100/100
|move|p1a: Scizor|Swords Dance|p1a: Scizor
|-boost|p1a: Scizor|atk|2
|
|-weather|Sandstorm|[upkeep]
|-damage|p2a: Sarajevo|94/100|[from] Sandstorm
|upkeep
|turn|9
|
|t:|1667322297
|move|p1a: Scizor|Bullet Punch|p2a: Sarajevo
|-damage|p2a: Sarajevo|0 fnt
|faint|p2a: Sarajevo
|
|-weather|none
|upkeep
|c|☆Sneakyplanner|Well I threw that hard
|
|t:|1667322305
|switch|p2a: Lernie|Hydreigon, F|100/100
|turn|10
|
|t:|1667322308
|move|p1a: Scizor|Bullet Punch|p2a: Lernie
|-damage|p2a: Lernie|0 fnt
|faint|p2a: Lernie
|
|upkeep
|c|☆umbry ✿|gg
|
|t:|1667322312
|switch|p2a: Zarude|Zarude|100/100
|turn|11
|
|t:|1667322316
|move|p1a: Scizor|Bullet Punch|p2a: Zarude
|-damage|p2a: Zarude|11/100
|move|p2a: Zarude|Darkest Lariat|p1a: Scizor
|-damage|p1a: Scizor|40/100
|
|-heal|p2a: Zarude|17/100|[from] item: Leftovers
|upkeep
|turn|12
|
|t:|1667322322
|move|p1a: Scizor|Bullet Punch|p2a: Zarude
|-damage|p2a: Zarude|0 fnt
|faint|p2a: Zarude
|
|upkeep
|
|t:|1667322327
|switch|p2a: Agu|Primarina, M|71/100
|turn|13
|
|t:|1667322330
|move|p1a: Scizor|Bullet Punch|p2a: Agu
|-damage|p2a: Agu|0 fnt
|faint|p2a: Agu
|
|upkeep
|
|t:|1667322333
|switch|p2a: The Godfather 3|Hippowdon, F|78/100
|-weather|Sandstorm|[from] ability: Sand Stream|[of] p2a: The Godfather 3
|turn|14
|
|t:|1667322337
|move|p1a: Scizor|Roost|p1a: Scizor
|-heal|p1a: Scizor|90/100
|-singleturn|p1a: Scizor|move: Roost
|move|p2a: The Godfather 3|Earthquake|p1a: Scizor
|-crit|p1a: Scizor
|-damage|p1a: Scizor|46/100
|
|-weather|Sandstorm|[upkeep]
|upkeep
|turn|15
|
|t:|1667322343
|move|p1a: Scizor|Roost|p1a: Scizor
|-heal|p1a: Scizor|96/100
|-singleturn|p1a: Scizor|move: Roost
|move|p2a: The Godfather 3|Earthquake|p1a: Scizor
|-damage|p1a: Scizor|65/100
|
|-weather|Sandstorm|[upkeep]
|upkeep
|turn|16
|
|t:|1667322349
|move|p1a: Scizor|Bullet Punch|p2a: The Godfather 3
|-damage|p2a: The Godfather 3|13/100
|-damage|p1a: Scizor|49/100|[from] item: Rocky Helmet|[of] p2a: The Godfather 3
|move|p2a: The Godfather 3|Earthquake|p1a: Scizor
|-damage|p1a: Scizor|16/100
|
|-weather|Sandstorm|[upkeep]
|upkeep
|turn|17
|
|t:|1667322357
|switch|p2a: Nihilego|Nihilego|100/100
|move|p1a: Scizor|Roost|p1a: Scizor
|-heal|p1a: Scizor|66/100
|-singleturn|p1a: Scizor|move: Roost
|
|-weather|Sandstorm|[upkeep]
|upkeep
|turn|18
|
|t:|1667322363
|move|p1a: Scizor|Bullet Punch|p2a: Nihilego
|-supereffective|p2a: Nihilego
|-damage|p2a: Nihilego|0 fnt
|faint|p2a: Nihilego
|
|-weather|none
|upkeep
|
|t:|1667322368
|switch|p2a: The Godfather 3|Hippowdon, F|13/100
|-weather|Sandstorm|[from] ability: Sand Stream|[of] p2a: The Godfather 3
|turn|19
|
|t:|1667322372
|move|p1a: Scizor|Bullet Punch|p2a: The Godfather 3
|-damage|p2a: The Godfather 3|0 fnt
|-damage|p1a: Scizor|50/100|[from] item: Rocky Helmet|[of] p2a: The Godfather 3
|faint|p2a: The Godfather 3
|
|win|umbry ✿
|player|p2|Sneakyplanner|burglar
|c|+pdt|gg
|c|☆Sneakyplanner|Did you get the replays?
|c|+pdt|Yes I got them
|player|p2|
|c|+pdt|have a good day
|c|☆umbry ✿|ty pdt
