|inactive|Battle timer is ON: inactive players will automatically lose when time's up.
|t:|1664112871
|gametype|singles
|player|p1|Tal0|evelyn|
|player|p2|HaxxLR|101|
|teamsize|p1|6
|teamsize|p2|6
|gen|8
|tier|[Gen 8] UU
|rule|Sleep Clause Mod: Limit one foe put to sleep
|rule|Species Clause: Limit one of each Pokémon
|rule|OHKO Clause: OHKO moves are banned
|rule|Evasion Items Clause: Evasion items are banned
|rule|Evasion Moves Clause: Evasion moves are banned
|rule|Endless Battle Clause: Forcing endless battles is banned
|rule|HP Percentage Mod: HP is shown in percentages
|rule|Dynamax Clause: You cannot dynamax
|clearpoke
|poke|p1|Jirachi|
|poke|p1|Tangrowth, F|
|poke|p1|Hippowdon, M|
|poke|p1|Togekiss, F|
|poke|p1|Skarmory, F|
|poke|p1|Rotom-Heat|
|poke|p2|Rhyperior, F|
|poke|p2|Cobalion|
|poke|p2|Salamence, F|
|poke|p2|Chansey, F|
|poke|p2|Primarina, M|
|poke|p2|Diggersby, F|
|teampreview
|inactive|HaxxLR has 270 seconds left.
|inactive|HaxxLR has 240 seconds left.
|inactive|HaxxLR has 210 seconds left.
|inactive|HaxxLR has 180 seconds left.
|
|t:|1664113017
|start
|switch|p1a: Tangrowth|Tangrowth, F|100/100
|switch|p2a: Diggersby|Diggersby, F|100/100
|turn|1
|inactive|HaxxLR has 210 seconds left.
|
|t:|1664113061
|move|p2a: Diggersby|Knock Off|p1a: Tangrowth
|-damage|p1a: Tangrowth|78/100
|-enditem|p1a: Tangrowth|Assault Vest|[from] move: Knock Off|[of] p2a: Diggersby
|move|p1a: Tangrowth|Knock Off|p2a: Diggersby
|-damage|p2a: Diggersby|70/100
|-enditem|p2a: Diggersby|Choice Scarf|[from] move: Knock Off|[of] p1a: Tangrowth
|
|upkeep
|turn|2
|
|t:|1664113071
|move|p2a: Diggersby|U-turn|p1a: Tangrowth
|-supereffective|p1a: Tangrowth
|-damage|p1a: Tangrowth|43/100
|inactive|HaxxLR has 180 seconds left.
|
|t:|1664113089
|switch|p2a: Salamence|Salamence, F|100/100|[from]move: U-turn
|-ability|p2a: Salamence|Intimidate|boost
|-unboost|p1a: Tangrowth|atk|1
|move|p1a: Tangrowth|Knock Off|p2a: Salamence
|-damage|p2a: Salamence|85/100
|-enditem|p2a: Salamence|Heavy-Duty Boots|[from] move: Knock Off|[of] p1a: Tangrowth
|
|upkeep
|turn|3
|inactive|HaxxLR has 180 seconds left.
|
|t:|1664113127
|switch|p2a: Primarina|Primarina, M|100/100
|switch|p1a: Hippowdon|Hippowdon, M|100/100
|-weather|Sandstorm|[from] ability: Sand Stream|[of] p1a: Hippowdon
|
|-weather|Sandstorm|[upkeep]
|-damage|p2a: Primarina|94/100|[from] Sandstorm
|-heal|p2a: Primarina|100/100|[from] item: Leftovers
|upkeep
|turn|4
|inactive|HaxxLR has 150 seconds left.
|inactive|HaxxLR has 120 seconds left.
|
|t:|1664113177
|switch|p1a: Tangrowth|Tangrowth, F|76/100
|move|p2a: Primarina|Moonblast|p1a: Tangrowth
|-damage|p1a: Tangrowth|28/100
|
|-weather|Sandstorm|[upkeep]
|-damage|p2a: Primarina|94/100|[from] Sandstorm
|-damage|p1a: Tangrowth|22/100|[from] Sandstorm
|-heal|p2a: Primarina|100/100|[from] item: Leftovers
|upkeep
|turn|5
|inactive|HaxxLR has 120 seconds left.
|
|t:|1664113190
|switch|p1a: Jirachi|Jirachi|100/100
|move|p2a: Primarina|Moonblast|p1a: Jirachi
|-resisted|p1a: Jirachi
|-damage|p1a: Jirachi|85/100
|-unboost|p1a: Jirachi|spa|1
|
|-weather|Sandstorm|[upkeep]
|-damage|p2a: Primarina|94/100|[from] Sandstorm
|-heal|p1a: Jirachi|91/100|[from] item: Leftovers
|-heal|p2a: Primarina|100/100|[from] item: Leftovers
|upkeep
|turn|6
|inactive|HaxxLR has 120 seconds left.
|
|t:|1664113197
|switch|p2a: Cobalion|Cobalion|100/100
|move|p1a: Jirachi|Calm Mind|p1a: Jirachi
|-boost|p1a: Jirachi|spa|1
|-boost|p1a: Jirachi|spd|1
|
|-weather|Sandstorm|[upkeep]
|-heal|p1a: Jirachi|97/100|[from] item: Leftovers
|upkeep
|turn|7
|inactive|HaxxLR has 120 seconds left.
|
|t:|1664113208
|move|p2a: Cobalion|Stealth Rock|p1a: Jirachi
|-sidestart|p1: Tal0|move: Stealth Rock
|move|p1a: Jirachi|Aura Sphere|p2a: Cobalion
|-supereffective|p2a: Cobalion
|-damage|p2a: Cobalion|53/100
|
|-weather|none
|-heal|p1a: Jirachi|100/100|[from] item: Leftovers
|upkeep
|turn|8
|
|t:|1664113231
|switch|p1a: Hippowdon|Hippowdon, M|100/100
|-damage|p1a: Hippowdon|94/100|[from] Stealth Rock
|-weather|Sandstorm|[from] ability: Sand Stream|[of] p1a: Hippowdon
|move|p2a: Cobalion|Volt Switch|p1a: Hippowdon
|-immune|p1a: Hippowdon
|
|-weather|Sandstorm|[upkeep]
|-heal|p1a: Hippowdon|100/100|[from] item: Leftovers
|upkeep
|turn|9
|inactive|HaxxLR has 120 seconds left.
|
|t:|1664113259
|switch|p2a: Chansey|Chansey, F|100/100
|move|p1a: Hippowdon|Toxic|p2a: Chansey
|-status|p2a: Chansey|tox
|
|-weather|Sandstorm|[upkeep]
|-damage|p2a: Chansey|94/100 tox|[from] Sandstorm
|-damage|p2a: Chansey|88/100 tox|[from] psn
|upkeep
|turn|10
|
|t:|1664113266
|move|p2a: Chansey|Seismic Toss|p1a: Hippowdon
|-damage|p1a: Hippowdon|77/100
|move|p1a: Hippowdon|Stealth Rock|p2a: Chansey
|-sidestart|p2: HaxxLR|move: Stealth Rock
|
|-weather|Sandstorm|[upkeep]
|-damage|p2a: Chansey|82/100 tox|[from] Sandstorm
|-heal|p1a: Hippowdon|83/100|[from] item: Leftovers
|-damage|p2a: Chansey|69/100 tox|[from] psn
|upkeep
|turn|11
|inactive|HaxxLR has 120 seconds left.
|
|t:|1664113282
|switch|p1a: Togekiss|Togekiss, F|100/100
|move|p2a: Chansey|Soft-Boiled|p2a: Chansey
|-heal|p2a: Chansey|100/100 tox
|
|-weather|Sandstorm|[upkeep]
|-damage|p1a: Togekiss|94/100|[from] Sandstorm
|-damage|p2a: Chansey|94/100 tox|[from] Sandstorm
|-damage|p2a: Chansey|75/100 tox|[from] psn
|upkeep
|turn|12
|
|t:|1664113290
|move|p1a: Togekiss|Air Slash|p2a: Chansey
|-damage|p2a: Chansey|67/100 tox
|cant|p2a: Chansey|flinch
|
|-weather|none
|-damage|p2a: Chansey|42/100 tox|[from] psn
|upkeep
|turn|13
|inactive|HaxxLR has 120 seconds left.
|
|t:|1664113297
|-curestatus|p2a: Chansey|tox|[from] ability: Natural Cure
|switch|p2a: Rhyperior|Rhyperior, F|100/100
|-damage|p2a: Rhyperior|94/100|[from] Stealth Rock
|move|p1a: Togekiss|Air Slash|p2a: Rhyperior
|-resisted|p2a: Rhyperior
|-damage|p2a: Rhyperior|74/100
|
|upkeep
|turn|14
|inactive|HaxxLR has 120 seconds left.
|
|t:|1664113328
|switch|p1a: Skarmory|Skarmory, F|100/100
|-damage|p1a: Skarmory|88/100|[from] Stealth Rock
|move|p2a: Rhyperior|Stone Edge|p1a: Skarmory|[miss]
|-miss|p2a: Rhyperior|p1a: Skarmory
|
|upkeep
|turn|15
|inactive|HaxxLR has 90 seconds left.
|
|t:|1664113350
|switch|p2a: Salamence|Salamence, F|85/100
|-damage|p2a: Salamence|60/100|[from] Stealth Rock
|-ability|p2a: Salamence|Intimidate|boost
|-unboost|p1a: Skarmory|atk|1
|move|p1a: Skarmory|Spikes|p2a: Salamence
|-sidestart|p2: HaxxLR|Spikes
|
|upkeep
|turn|16
|inactive|HaxxLR has 90 seconds left.
|
|t:|1664113364
|switch|p1a: Rotom|Rotom-Heat|100/100
|move|p2a: Salamence|Defog|p1a: Rotom
|-unboost|p1a: Rotom|evasion|1
|-sideend|p1: Tal0|Stealth Rock|[from] move: Defog|[of] p2a: Salamence
|-sideend|p2: HaxxLR|Spikes|[from] move: Defog|[of] p2a: Salamence
|-sideend|p2: HaxxLR|Stealth Rock|[from] move: Defog|[of] p2a: Salamence
|
|upkeep
|turn|17
|
|t:|1664113369
|move|p2a: Salamence|Roost|p2a: Salamence
|-heal|p2a: Salamence|100/100
|-singleturn|p2a: Salamence|move: Roost
|move|p1a: Rotom|Nasty Plot|p1a: Rotom
|-boost|p1a: Rotom|spa|2
|
|upkeep
|turn|18
|
|t:|1664113384
|switch|p2a: Rhyperior|Rhyperior, F|74/100
|move|p1a: Rotom|Overheat|p2a: Rhyperior
|-resisted|p2a: Rhyperior
|-damage|p2a: Rhyperior|0 fnt
|-unboost|p1a: Rotom|spa|2
|faint|p2a: Rhyperior
|
|upkeep
|inactive|HaxxLR has 90 seconds left.
|
|t:|1664113405
|switch|p2a: Chansey|Chansey, F|42/100
|turn|19
|
|t:|1664113415
|switch|p1a: Tangrowth|Tangrowth, F|55/100
|move|p2a: Chansey|Soft-Boiled|p2a: Chansey
|-heal|p2a: Chansey|92/100
|
|upkeep
|turn|20
|
|t:|1664113425
|switch|p2a: Cobalion|Cobalion|53/100
|switch|p1a: Skarmory|Skarmory, F|88/100
|
|upkeep
|turn|21
|
|t:|1664113436
|move|p2a: Cobalion|Volt Switch|p1a: Skarmory
|-supereffective|p1a: Skarmory
|-damage|p1a: Skarmory|52/100
|inactive|HaxxLR has 90 seconds left.
|
|t:|1664113447
|switch|p2a: Salamence|Salamence, F|100/100|[from]move: Volt Switch
|-ability|p2a: Salamence|Intimidate|boost
|-unboost|p1a: Skarmory|atk|1
|move|p1a: Skarmory|Spikes|p2a: Salamence
|-sidestart|p2: HaxxLR|Spikes
|
|upkeep
|turn|22
|
|t:|1664113453
|switch|p1a: Togekiss|Togekiss, F|94/100
|move|p2a: Salamence|Defog|p1a: Togekiss
|-unboost|p1a: Togekiss|evasion|1
|-sideend|p2: HaxxLR|Spikes|[from] move: Defog|[of] p2a: Salamence
|
|upkeep
|turn|23
|
|t:|1664113456
|switch|p2a: Chansey|Chansey, F|92/100
|move|p1a: Togekiss|Air Slash|p2a: Chansey
|-damage|p2a: Chansey|82/100
|
|upkeep
|turn|24
|
|t:|1664113463
|switch|p1a: Jirachi|Jirachi|100/100
|move|p2a: Chansey|Thunder Wave|p1a: Jirachi
|-status|p1a: Jirachi|par
|
|upkeep
|turn|25
|inactive|HaxxLR has 120 seconds left.
|
|t:|1664113474
|cant|p1a: Jirachi|par
|move|p2a: Chansey|Seismic Toss|p1a: Jirachi
|-damage|p1a: Jirachi|76/100 par
|
|-heal|p1a: Jirachi|82/100 par|[from] item: Leftovers
|upkeep
|turn|26
|
|t:|1664113478
|move|p1a: Jirachi|Calm Mind|p1a: Jirachi
|-boost|p1a: Jirachi|spa|1
|-boost|p1a: Jirachi|spd|1
|move|p2a: Chansey|Seismic Toss|p1a: Jirachi
|-damage|p1a: Jirachi|57/100 par
|
|-heal|p1a: Jirachi|63/100 par|[from] item: Leftovers
|upkeep
|turn|27
|
|t:|1664113482
|cant|p1a: Jirachi|par
|move|p2a: Chansey|Teleport|p2a: Chansey
|
|t:|1664113485
|switch|p2a: Diggersby|Diggersby, F|70/100|[from]move: Teleport
|
|-heal|p1a: Jirachi|70/100 par|[from] item: Leftovers
|upkeep
|turn|28
|
|t:|1664113491
|switch|p1a: Hippowdon|Hippowdon, M|83/100
|-weather|Sandstorm|[from] ability: Sand Stream|[of] p1a: Hippowdon
|move|p2a: Diggersby|Earthquake|p1a: Hippowdon
|-damage|p1a: Hippowdon|43/100
|
|-weather|Sandstorm|[upkeep]
|-heal|p1a: Hippowdon|49/100|[from] item: Leftovers
|upkeep
|turn|29
|
|t:|1664113494
|move|p2a: Diggersby|Knock Off|p1a: Hippowdon
|-damage|p1a: Hippowdon|20/100
|-enditem|p1a: Hippowdon|Leftovers|[from] move: Knock Off|[of] p2a: Diggersby
|move|p1a: Hippowdon|Slack Off|p1a: Hippowdon
|-heal|p1a: Hippowdon|70/100
|
|-weather|Sandstorm|[upkeep]
|upkeep
|turn|30
|
|t:|1664113505
|move|p2a: Diggersby|Earthquake|p1a: Hippowdon
|-crit|p1a: Hippowdon
|-damage|p1a: Hippowdon|6/100
|move|p1a: Hippowdon|Slack Off|p1a: Hippowdon
|-heal|p1a: Hippowdon|56/100
|
|-weather|Sandstorm|[upkeep]
|upkeep
|turn|31
|
|t:|1664113525
|move|p2a: Diggersby|U-turn|p1a: Hippowdon
|-damage|p1a: Hippowdon|35/100
|
|t:|1664113532
|switch|p2a: Chansey|Chansey, F|82/100|[from]move: U-turn
|move|p1a: Hippowdon|Slack Off|p1a: Hippowdon
|-heal|p1a: Hippowdon|85/100
|
|-weather|Sandstorm|[upkeep]
|-damage|p2a: Chansey|76/100|[from] Sandstorm
|upkeep
|turn|32
|
|t:|1664113542
|switch|p1a: Rotom|Rotom-Heat|100/100
|move|p2a: Chansey|Seismic Toss|p1a: Rotom
|-damage|p1a: Rotom|59/100
|
|-weather|none
|upkeep
|turn|33
|
|t:|1664113549
|move|p1a: Rotom|Pain Split|p2a: Chansey
|-sethp|p2a: Chansey|48/100|[from] move: Pain Split|[silent]
|-sethp|p1a: Rotom|100/100|[from] move: Pain Split
|move|p2a: Chansey|Seismic Toss|p1a: Rotom
|-damage|p1a: Rotom|59/100
|
|upkeep
|turn|34
|
|t:|1664113557
|move|p1a: Rotom|Nasty Plot|p1a: Rotom
|-boost|p1a: Rotom|spa|2
|move|p2a: Chansey|Teleport|p2a: Chansey
|
|t:|1664113565
|switch|p2a: Cobalion|Cobalion|53/100|[from]move: Teleport
|
|upkeep
|turn|35
|inactive|HaxxLR has 180 seconds left.
|inactive|HaxxLR has 150 seconds left.
|
|t:|1664113608
|switch|p1a: Hippowdon|Hippowdon, M|85/100
|-weather|Sandstorm|[from] ability: Sand Stream|[of] p1a: Hippowdon
|move|p2a: Cobalion|Volt Switch|p1a: Hippowdon
|-immune|p1a: Hippowdon
|
|-weather|Sandstorm|[upkeep]
|upkeep
|turn|36
|
|t:|1664113613
|move|p2a: Cobalion|Toxic|p1a: Hippowdon
|-status|p1a: Hippowdon|tox
|move|p1a: Hippowdon|Stealth Rock|p2a: Cobalion
|-sidestart|p2: HaxxLR|move: Stealth Rock
|
|-weather|Sandstorm|[upkeep]
|-damage|p1a: Hippowdon|79/100 tox|[from] psn
|upkeep
|turn|37
|
|t:|1664113619
|switch|p2a: Salamence|Salamence, F|100/100
|-damage|p2a: Salamence|76/100|[from] Stealth Rock
|-ability|p2a: Salamence|Intimidate|boost
|-unboost|p1a: Hippowdon|atk|1
|move|p1a: Hippowdon|Earthquake|p2a: Salamence
|-immune|p2a: Salamence
|
|-weather|Sandstorm|[upkeep]
|-damage|p2a: Salamence|69/100|[from] Sandstorm
|-damage|p1a: Hippowdon|67/100 tox|[from] psn
|upkeep
|turn|38
|
|t:|1664113625
|move|p2a: Salamence|Defog|p1a: Hippowdon
|-unboost|p1a: Hippowdon|evasion|1
|-sideend|p2: HaxxLR|Stealth Rock|[from] move: Defog|[of] p2a: Salamence
|move|p1a: Hippowdon|Toxic|p2a: Salamence
|-status|p2a: Salamence|tox
|
|-weather|Sandstorm|[upkeep]
|-damage|p2a: Salamence|63/100 tox|[from] Sandstorm
|-damage|p2a: Salamence|57/100 tox|[from] psn
|-damage|p1a: Hippowdon|48/100 tox|[from] psn
|upkeep
|turn|39
|
|t:|1664113636
|switch|p2a: Chansey|Chansey, F|48/100
|switch|p1a: Rotom|Rotom-Heat|59/100
|
|-weather|none
|upkeep
|turn|40
|
|t:|1664113643
|move|p1a: Rotom|Nasty Plot|p1a: Rotom
|-boost|p1a: Rotom|spa|2
|move|p2a: Chansey|Teleport|p2a: Chansey
|
|t:|1664113649
|switch|p2a: Cobalion|Cobalion|53/100|[from]move: Teleport
|
|upkeep
|turn|41
|inactive|HaxxLR has 180 seconds left.
|
|t:|1664113655
|switch|p1a: Tangrowth|Tangrowth, F|88/100
|move|p2a: Cobalion|Volt Switch|p1a: Tangrowth
|-resisted|p1a: Tangrowth
|-damage|p1a: Tangrowth|81/100
|inactive|HaxxLR has 180 seconds left.
|
|t:|1664113661
|switch|p2a: Salamence|Salamence, F|57/100 tox|[from]move: Volt Switch
|-ability|p2a: Salamence|Intimidate|boost
|-unboost|p1a: Tangrowth|atk|1
|
|-damage|p2a: Salamence|51/100 tox|[from] psn
|upkeep
|turn|42
|
|t:|1664113668
|switch|p1a: Togekiss|Togekiss, F|94/100
|move|p2a: Salamence|Roost|p2a: Salamence
|-heal|p2a: Salamence|100/100 tox
|-singleturn|p2a: Salamence|move: Roost
|
|-damage|p2a: Salamence|88/100 tox|[from] psn
|upkeep
|turn|43
|
|t:|1664113672
|switch|p2a: Chansey|Chansey, F|48/100
|move|p1a: Togekiss|Wish|p1a: Togekiss
|
|upkeep
|turn|44
|
|t:|1664113678
|switch|p1a: Hippowdon|Hippowdon, M|48/100 tox
|-weather|Sandstorm|[from] ability: Sand Stream|[of] p1a: Hippowdon
|move|p2a: Chansey|Soft-Boiled|p2a: Chansey
|-heal|p2a: Chansey|98/100
|
|-weather|Sandstorm|[upkeep]
|-damage|p2a: Chansey|92/100|[from] Sandstorm
|-heal|p1a: Hippowdon|93/100 tox|[from] move: Wish|[wisher] Togekiss
|-damage|p1a: Hippowdon|86/100 tox|[from] psn
|upkeep
|turn|45
|
|t:|1664113685
|move|p2a: Chansey|Seismic Toss|p1a: Hippowdon
|-damage|p1a: Hippowdon|63/100 tox
|move|p1a: Hippowdon|Stealth Rock|p2a: Chansey
|-sidestart|p2: HaxxLR|move: Stealth Rock
|
|-weather|Sandstorm|[upkeep]
|-damage|p2a: Chansey|86/100|[from] Sandstorm
|-damage|p1a: Hippowdon|50/100 tox|[from] psn
|upkeep
|turn|46
|inactive|HaxxLR has 210 seconds left.
|
|t:|1664113691
|switch|p1a: Skarmory|Skarmory, F|52/100
|move|p2a: Chansey|Teleport|p2a: Chansey
|inactive|HaxxLR has 210 seconds left.
|
|t:|1664113703
|switch|p2a: Salamence|Salamence, F|88/100 tox|[from]move: Teleport
|-damage|p2a: Salamence|63/100 tox|[from] Stealth Rock
|-ability|p2a: Salamence|Intimidate|boost
|-unboost|p1a: Skarmory|atk|1
|
|-weather|Sandstorm|[upkeep]
|-damage|p2a: Salamence|57/100 tox|[from] Sandstorm
|-damage|p2a: Salamence|51/100 tox|[from] psn
|upkeep
|turn|47
|
|t:|1664113707
|switch|p1a: Togekiss|Togekiss, F|94/100
|move|p2a: Salamence|Roost|p2a: Salamence
|-heal|p2a: Salamence|100/100 tox
|-singleturn|p2a: Salamence|move: Roost
|
|-weather|Sandstorm|[upkeep]
|-damage|p2a: Salamence|94/100 tox|[from] Sandstorm
|-damage|p1a: Togekiss|88/100|[from] Sandstorm
|-damage|p2a: Salamence|82/100 tox|[from] psn
|upkeep
|turn|48
|
|t:|1664113720
|move|p2a: Salamence|Defog|p1a: Togekiss
|-unboost|p1a: Togekiss|evasion|1
|-sideend|p2: HaxxLR|Stealth Rock|[from] move: Defog|[of] p2a: Salamence
|move|p1a: Togekiss|Air Slash|p2a: Salamence
|-damage|p2a: Salamence|49/100 tox
|
|-weather|none
|-damage|p2a: Salamence|30/100 tox|[from] psn
|upkeep
|turn|49
|
|t:|1664113727
|switch|p2a: Chansey|Chansey, F|86/100
|move|p1a: Togekiss|Air Slash|p2a: Chansey
|-damage|p2a: Chansey|76/100
|
|upkeep
|turn|50
|
|t:|1664113736
|switch|p1a: Hippowdon|Hippowdon, M|50/100 tox
|-weather|Sandstorm|[from] ability: Sand Stream|[of] p1a: Hippowdon
|move|p2a: Chansey|Teleport|p2a: Chansey
|
|t:|1664113745
|switch|p2a: Diggersby|Diggersby, F|70/100|[from]move: Teleport
|
|-weather|Sandstorm|[upkeep]
|-damage|p1a: Hippowdon|44/100 tox|[from] psn
|upkeep
|turn|51
|
|t:|1664113750
|switch|p1a: Tangrowth|Tangrowth, F|100/100
|move|p2a: Diggersby|Earthquake|p1a: Tangrowth
|-resisted|p1a: Tangrowth
|-damage|p1a: Tangrowth|83/100
|
|-weather|Sandstorm|[upkeep]
|-damage|p1a: Tangrowth|76/100|[from] Sandstorm
|upkeep
|turn|52
|inactive|HaxxLR has 240 seconds left.
|
|t:|1664113761
|move|p2a: Diggersby|U-turn|p1a: Tangrowth
|-supereffective|p1a: Tangrowth
|-damage|p1a: Tangrowth|45/100
|
|t:|1664113766
|switch|p2a: Salamence|Salamence, F|30/100 tox|[from]move: U-turn
|-ability|p2a: Salamence|Intimidate|boost
|-unboost|p1a: Tangrowth|atk|1
|move|p1a: Tangrowth|Power Whip|p2a: Salamence
|-resisted|p2a: Salamence
|-damage|p2a: Salamence|23/100 tox
|
|-weather|Sandstorm|[upkeep]
|-damage|p2a: Salamence|17/100 tox|[from] Sandstorm
|-damage|p1a: Tangrowth|39/100|[from] Sandstorm
|-damage|p2a: Salamence|10/100 tox|[from] psn
|upkeep
|turn|53
|
|t:|1664113774
|switch|p1a: Rotom|Rotom-Heat|59/100
|move|p2a: Salamence|Roost|p2a: Salamence
|-heal|p2a: Salamence|61/100 tox
|-singleturn|p2a: Salamence|move: Roost
|
|-weather|Sandstorm|[upkeep]
|-damage|p2a: Salamence|54/100 tox|[from] Sandstorm
|-damage|p1a: Rotom|53/100|[from] Sandstorm
|-damage|p2a: Salamence|42/100 tox|[from] psn
|upkeep
|turn|54
|
|t:|1664113784
|switch|p2a: Chansey|Chansey, F|76/100
|move|p1a: Rotom|Thunderbolt|p2a: Chansey
|-damage|p2a: Chansey|63/100
|
|-weather|none
|upkeep
|turn|55
|
|t:|1664113799
|move|p1a: Rotom|Pain Split|p2a: Chansey
|-sethp|p2a: Chansey|41/100|[from] move: Pain Split|[silent]
|-sethp|p1a: Rotom|100/100|[from] move: Pain Split
|move|p2a: Chansey|Teleport|p2a: Chansey
|
|t:|1664113809
|switch|p2a: Diggersby|Diggersby, F|70/100|[from]move: Teleport
|
|upkeep
|turn|56
|
|t:|1664113820
|move|p1a: Rotom|Overheat|p2a: Diggersby
|-damage|p2a: Diggersby|0 fnt
|-unboost|p1a: Rotom|spa|2
|faint|p2a: Diggersby
|
|upkeep
|
|t:|1664113829
|switch|p2a: Primarina|Primarina, M|100/100
|turn|57
|
|t:|1664113835
|switch|p1a: Jirachi|Jirachi|70/100 par
|move|p2a: Primarina|Calm Mind|p2a: Primarina
|-boost|p2a: Primarina|spa|1
|-boost|p2a: Primarina|spd|1
|
|-heal|p1a: Jirachi|76/100 par|[from] item: Leftovers
|upkeep
|turn|58
|
|t:|1664113845
|move|p2a: Primarina|Calm Mind|p2a: Primarina
|-boost|p2a: Primarina|spa|1
|-boost|p2a: Primarina|spd|1
|move|p1a: Jirachi|Calm Mind|p1a: Jirachi
|-boost|p1a: Jirachi|spa|1
|-boost|p1a: Jirachi|spd|1
|
|-heal|p1a: Jirachi|82/100 par|[from] item: Leftovers
|upkeep
|turn|59
|
|t:|1664113851
|move|p2a: Primarina|Moonblast|p1a: Jirachi
|-resisted|p1a: Jirachi
|-damage|p1a: Jirachi|58/100 par
|-unboost|p1a: Jirachi|spa|1
|move|p1a: Jirachi|Calm Mind|p1a: Jirachi
|-boost|p1a: Jirachi|spa|1
|-boost|p1a: Jirachi|spd|1
|
|-heal|p1a: Jirachi|65/100 par|[from] item: Leftovers
|upkeep
|turn|60
|
|t:|1664113858
|move|p2a: Primarina|Moonblast|p1a: Jirachi
|-resisted|p1a: Jirachi
|-crit|p1a: Jirachi
|-damage|p1a: Jirachi|16/100 par
|move|p1a: Jirachi|Calm Mind|p1a: Jirachi
|-boost|p1a: Jirachi|spa|1
|-boost|p1a: Jirachi|spd|1
|
|-heal|p1a: Jirachi|22/100 par|[from] item: Leftovers
|upkeep
|turn|61
|
|t:|1664113863
|move|p2a: Primarina|Moonblast|p1a: Jirachi
|-resisted|p1a: Jirachi
|-damage|p1a: Jirachi|9/100 par
|-unboost|p1a: Jirachi|spa|1
|move|p1a: Jirachi|Stored Power|p2a: Primarina
|-damage|p2a: Primarina|79/100
|
|-heal|p2a: Primarina|85/100|[from] item: Leftovers
|-heal|p1a: Jirachi|15/100 par|[from] item: Leftovers
|upkeep
|turn|62
|
|t:|1664113868
|move|p2a: Primarina|Moonblast|p1a: Jirachi
|-resisted|p1a: Jirachi
|-damage|p1a: Jirachi|1/100 par
|cant|p1a: Jirachi|par
|
|-heal|p2a: Primarina|91/100|[from] item: Leftovers
|-heal|p1a: Jirachi|8/100 par|[from] item: Leftovers
|upkeep
|turn|63
|
|t:|1664113872
|move|p2a: Primarina|Moonblast|p1a: Jirachi
|-resisted|p1a: Jirachi
|-damage|p1a: Jirachi|0 fnt
|faint|p1a: Jirachi
|
|-heal|p2a: Primarina|97/100|[from] item: Leftovers
|upkeep
|
|t:|1664113891
|switch|p1a: Togekiss|Togekiss, F|88/100
|turn|64
|
|t:|1664113900
|move|p1a: Togekiss|Thunder Wave|p2a: Primarina
|-status|p2a: Primarina|par
|cant|p2a: Primarina|par
|
|-heal|p2a: Primarina|100/100 par|[from] item: Leftovers
|upkeep
|turn|65
|
|t:|1664113908
|switch|p1a: Skarmory|Skarmory, F|52/100
|cant|p2a: Primarina|par
|
|upkeep
|turn|66
|
|t:|1664113916
|cant|p2a: Primarina|par
|move|p1a: Skarmory|Whirlwind|p2a: Primarina
|drag|p2a: Cobalion|Cobalion|53/100
|
|upkeep
|turn|67
|
|t:|1664113938
|switch|p2a: Primarina|Primarina, M|100/100 par
|move|p1a: Skarmory|Roost|p1a: Skarmory
|-heal|p1a: Skarmory|100/100
|-singleturn|p1a: Skarmory|move: Roost
|
|upkeep
|turn|68
|
|t:|1664113946
|switch|p1a: Tangrowth|Tangrowth, F|72/100
|move|p2a: Primarina|Moonblast|p1a: Tangrowth
|-damage|p1a: Tangrowth|30/100
|
|upkeep
|turn|69
|
|t:|1664113956
|switch|p1a: Togekiss|Togekiss, F|88/100
|switch|p2a: Cobalion|Cobalion|53/100
|
|upkeep
|turn|70
|
|t:|1664113972
|switch|p2a: Chansey|Chansey, F|41/100
|switch|p1a: Rotom|Rotom-Heat|100/100
|
|upkeep
|turn|71
|
|t:|1664113977
|move|p1a: Rotom|Nasty Plot|p1a: Rotom
|-boost|p1a: Rotom|spa|2
|move|p2a: Chansey|Seismic Toss|p1a: Rotom
|-damage|p1a: Rotom|59/100
|
|upkeep
|turn|72
|
|t:|1664113986
|move|p1a: Rotom|Overheat|p2a: Chansey|[miss]
|-miss|p1a: Rotom|p2a: Chansey
|move|p2a: Chansey|Soft-Boiled|p2a: Chansey
|-heal|p2a: Chansey|91/100
|
|upkeep
|turn|73
|
|t:|1664113991
|move|p1a: Rotom|Pain Split|p2a: Chansey
|-sethp|p2a: Chansey|56/100|[from] move: Pain Split|[silent]
|-sethp|p1a: Rotom|100/100|[from] move: Pain Split
|move|p2a: Chansey|Seismic Toss|p1a: Rotom
|-damage|p1a: Rotom|59/100
|
|upkeep
|turn|74
|
|t:|1664113996
|move|p1a: Rotom|Pain Split|p2a: Chansey
|-sethp|p2a: Chansey|38/100|[from] move: Pain Split|[silent]
|-sethp|p1a: Rotom|100/100|[from] move: Pain Split
|move|p2a: Chansey|Seismic Toss|p1a: Rotom
|-damage|p1a: Rotom|59/100
|
|upkeep
|turn|75
|
|t:|1664114001
|move|p1a: Rotom|Pain Split|p2a: Chansey
|-sethp|p2a: Chansey|29/100|[from] move: Pain Split|[silent]
|-sethp|p1a: Rotom|84/100|[from] move: Pain Split
|move|p2a: Chansey|Soft-Boiled|p2a: Chansey
|-heal|p2a: Chansey|79/100
|
|upkeep
|turn|76
|
|t:|1664114009
|move|p1a: Rotom|Nasty Plot|p1a: Rotom
|-boost|p1a: Rotom|spa|2
|move|p2a: Chansey|Seismic Toss|p1a: Rotom
|-damage|p1a: Rotom|43/100
|
|upkeep
|turn|77
|
|t:|1664114015
|move|p1a: Rotom|Pain Split|p2a: Chansey
|-sethp|p2a: Chansey|47/100|[from] move: Pain Split|[silent]
|-sethp|p1a: Rotom|100/100|[from] move: Pain Split
|move|p2a: Chansey|Soft-Boiled|p2a: Chansey
|-heal|p2a: Chansey|97/100
|
|upkeep
|turn|78
|
|t:|1664114019
|move|p1a: Rotom|Thunderbolt|p2a: Chansey
|-damage|p2a: Chansey|63/100
|move|p2a: Chansey|Seismic Toss|p1a: Rotom
|-damage|p1a: Rotom|59/100
|
|upkeep
|turn|79
|
|t:|1664114030
|switch|p2a: Salamence|Salamence, F|42/100 tox
|-ability|p2a: Salamence|Intimidate|boost
|-unboost|p1a: Rotom|atk|1
|move|p1a: Rotom|Thunderbolt|p2a: Salamence
|-damage|p2a: Salamence|0 fnt
|faint|p2a: Salamence
|
|upkeep
|
|t:|1664114044
|switch|p2a: Cobalion|Cobalion|53/100
|turn|80
|
|t:|1664114056
|switch|p1a: Skarmory|Skarmory, F|100/100
|move|p2a: Cobalion|Close Combat|p1a: Skarmory
|-damage|p1a: Skarmory|69/100
|-unboost|p2a: Cobalion|def|1
|-unboost|p2a: Cobalion|spd|1
|
|upkeep
|turn|81
|
|t:|1664114062
|move|p2a: Cobalion|Volt Switch|p1a: Skarmory
|-supereffective|p1a: Skarmory
|-damage|p1a: Skarmory|31/100
|
|t:|1664114065
|switch|p2a: Primarina|Primarina, M|100/100 par|[from]move: Volt Switch
|move|p1a: Skarmory|Brave Bird|p2a: Primarina
|-damage|p2a: Primarina|74/100 par
|-damage|p1a: Skarmory|21/100|[from] Recoil
|
|-heal|p2a: Primarina|80/100 par|[from] item: Leftovers
|upkeep
|turn|82
|
|t:|1664114074
|move|p1a: Skarmory|Roost|p1a: Skarmory
|-heal|p1a: Skarmory|71/100
|-singleturn|p1a: Skarmory|move: Roost
|cant|p2a: Primarina|par
|
|-heal|p2a: Primarina|86/100 par|[from] item: Leftovers
|upkeep
|turn|83
|
|t:|1664114083
|move|p1a: Skarmory|Spikes|p2a: Primarina
|-sidestart|p2: HaxxLR|Spikes
|move|p2a: Primarina|Rest|p2a: Primarina
|-status|p2a: Primarina|slp|[from] move: Rest
|-heal|p2a: Primarina|100/100 slp|[silent]
|
|upkeep
|turn|84
|
|t:|1664114087
|move|p1a: Skarmory|Spikes|p2a: Primarina
|-sidestart|p2: HaxxLR|Spikes
|cant|p2a: Primarina|slp
|move|p2a: Primarina|Snore|p1a: Skarmory
|-damage|p1a: Skarmory|41/100
|
|upkeep
|turn|85
|
|t:|1664114092
|move|p1a: Skarmory|Roost|p1a: Skarmory
|-heal|p1a: Skarmory|91/100
|-singleturn|p1a: Skarmory|move: Roost
|cant|p2a: Primarina|slp
|move|p2a: Primarina|Snore|p1a: Skarmory
|-damage|p1a: Skarmory|61/100
|
|upkeep
|turn|86
|
|t:|1664114099
|switch|p1a: Tangrowth|Tangrowth, F|63/100
|-curestatus|p2a: Primarina|slp|[msg]
|move|p2a: Primarina|Moonblast|p1a: Tangrowth
|-damage|p1a: Tangrowth|20/100
|
|upkeep
|turn|87
|
|t:|1664114106
|switch|p1a: Hippowdon|Hippowdon, M|44/100 tox
|-weather|Sandstorm|[from] ability: Sand Stream|[of] p1a: Hippowdon
|move|p2a: Primarina|Moonblast|p1a: Hippowdon
|-damage|p1a: Hippowdon|13/100 tox
|
|-weather|Sandstorm|[upkeep]
|-damage|p2a: Primarina|94/100|[from] Sandstorm
|-heal|p2a: Primarina|100/100|[from] item: Leftovers
|-damage|p1a: Hippowdon|7/100 tox|[from] psn
|upkeep
|turn|88
|
|t:|1664114110
|move|p2a: Primarina|Moonblast|p1a: Hippowdon
|-damage|p1a: Hippowdon|0 fnt
|faint|p1a: Hippowdon
|
|-weather|Sandstorm|[upkeep]
|-damage|p2a: Primarina|94/100|[from] Sandstorm
|-heal|p2a: Primarina|100/100|[from] item: Leftovers
|upkeep
|
|t:|1664114115
|switch|p1a: Tangrowth|Tangrowth, F|53/100
|turn|89
|
|t:|1664114121
|switch|p2a: Cobalion|Cobalion|53/100
|-damage|p2a: Cobalion|37/100|[from] Spikes
|move|p1a: Tangrowth|Power Whip|p2a: Cobalion|[miss]
|-miss|p1a: Tangrowth|p2a: Cobalion
|
|-weather|Sandstorm|[upkeep]
|-damage|p1a: Tangrowth|47/100|[from] Sandstorm
|upkeep
|turn|90
|
|t:|1664114131
|switch|p1a: Rotom|Rotom-Heat|59/100
|move|p2a: Cobalion|Toxic|p1a: Rotom
|-status|p1a: Rotom|tox
|
|-weather|Sandstorm|[upkeep]
|-damage|p1a: Rotom|53/100 tox|[from] Sandstorm
|-damage|p1a: Rotom|47/100 tox|[from] psn
|upkeep
|turn|91
|
|t:|1664114139
|switch|p1a: Tangrowth|Tangrowth, F|80/100
|move|p2a: Cobalion|Close Combat|p1a: Tangrowth
|-damage|p1a: Tangrowth|49/100
|-unboost|p2a: Cobalion|def|1
|-unboost|p2a: Cobalion|spd|1
|
|-weather|none
|upkeep
|turn|92
|inactive|Tal0 has 270 seconds left.
|
|t:|1664114174
|move|p2a: Cobalion|Volt Switch|p1a: Tangrowth
|-resisted|p1a: Tangrowth
|-damage|p1a: Tangrowth|42/100
|
|t:|1664114177
|switch|p2a: Chansey|Chansey, F|63/100|[from]move: Volt Switch
|-damage|p2a: Chansey|46/100|[from] Spikes
|move|p1a: Tangrowth|Focus Blast|p2a: Chansey
|-supereffective|p2a: Chansey
|-damage|p2a: Chansey|28/100
|
|upkeep
|turn|93
|
|t:|1664114185
|move|p2a: Chansey|Soft-Boiled|p2a: Chansey
|-heal|p2a: Chansey|78/100
|move|p1a: Tangrowth|Knock Off|p2a: Chansey
|-damage|p2a: Chansey|63/100
|-enditem|p2a: Chansey|Eviolite|[from] move: Knock Off|[of] p1a: Tangrowth
|
|upkeep
|turn|94
|
|t:|1664114191
|switch|p1a: Skarmory|Skarmory, F|61/100
|move|p2a: Chansey|Thunder Wave|p1a: Skarmory
|-status|p1a: Skarmory|par
|
|upkeep
|turn|95
|
|t:|1664114197
|switch|p2a: Primarina|Primarina, M|100/100
|-damage|p2a: Primarina|84/100|[from] Spikes
|move|p1a: Skarmory|Whirlwind|p2a: Primarina
|drag|p2a: Chansey|Chansey, F|63/100
|-damage|p2a: Chansey|47/100|[from] Spikes
|
|upkeep
|turn|96
|
|t:|1664114204
|move|p2a: Chansey|Soft-Boiled|p2a: Chansey
|-heal|p2a: Chansey|97/100
|move|p1a: Skarmory|Spikes|p2a: Chansey
|-sidestart|p2: HaxxLR|Spikes
|
|upkeep
|turn|97
|
|t:|1664114218
|move|p2a: Chansey|Seismic Toss|p1a: Skarmory
|-damage|p1a: Skarmory|31/100 par
|move|p1a: Skarmory|Whirlwind|p2a: Chansey
|drag|p2a: Primarina|Primarina, M|84/100
|-damage|p2a: Primarina|59/100|[from] Spikes
|
|-heal|p2a: Primarina|65/100|[from] item: Leftovers
|upkeep
|turn|98
|
|t:|1664114226
|move|p2a: Primarina|Moonblast|p1a: Skarmory
|-resisted|p1a: Skarmory
|-damage|p1a: Skarmory|6/100 par
|cant|p1a: Skarmory|par
|
|-heal|p2a: Primarina|71/100|[from] item: Leftovers
|upkeep
|turn|99
|
|t:|1664114231
|move|p2a: Primarina|Moonblast|p1a: Skarmory
|-resisted|p1a: Skarmory
|-damage|p1a: Skarmory|0 fnt
|faint|p1a: Skarmory
|
|-heal|p2a: Primarina|77/100|[from] item: Leftovers
|upkeep
|
|t:|1664114235
|switch|p1a: Togekiss|Togekiss, F|88/100
|turn|100
|
|t:|1664114242
|switch|p2a: Chansey|Chansey, F|97/100
|-damage|p2a: Chansey|72/100|[from] Spikes
|move|p1a: Togekiss|Thunder Wave|p2a: Chansey
|-status|p2a: Chansey|par
|
|upkeep
|turn|101
|
|t:|1664114251
|move|p1a: Togekiss|Air Slash|p2a: Chansey
|-damage|p2a: Chansey|57/100 par
|cant|p2a: Chansey|flinch
|
|upkeep
|turn|102
|
|t:|1664114256
|move|p1a: Togekiss|Air Slash|p2a: Chansey
|-damage|p2a: Chansey|43/100 par
|move|p2a: Chansey|Thunder Wave|p1a: Togekiss
|-status|p1a: Togekiss|par
|
|upkeep
|turn|103
|
|t:|1664114261
|move|p1a: Togekiss|Air Slash|p2a: Chansey
|-damage|p2a: Chansey|28/100 par
|move|p2a: Chansey|Soft-Boiled|p2a: Chansey
|-heal|p2a: Chansey|78/100 par
|
|upkeep
|turn|104
|
|t:|1664114266
|move|p1a: Togekiss|Air Slash|p2a: Chansey
|-damage|p2a: Chansey|64/100 par
|cant|p2a: Chansey|flinch
|
|upkeep
|turn|105
|
|t:|1664114270
|move|p1a: Togekiss|Air Slash|p2a: Chansey
|-damage|p2a: Chansey|50/100 par
|cant|p2a: Chansey|par
|
|upkeep
|turn|106
|
|t:|1664114274
|move|p1a: Togekiss|Air Slash|p2a: Chansey|[miss]
|-miss|p1a: Togekiss|p2a: Chansey
|cant|p2a: Chansey|par
|
|upkeep
|turn|107
|
|t:|1664114277
|move|p1a: Togekiss|Air Slash|p2a: Chansey
|-damage|p2a: Chansey|35/100 par
|cant|p2a: Chansey|flinch
|
|upkeep
|turn|108
|
|t:|1664114280
|move|p1a: Togekiss|Air Slash|p2a: Chansey
|-damage|p2a: Chansey|20/100 par
|cant|p2a: Chansey|flinch
|
|upkeep
|turn|109
|
|t:|1664114284
|move|p1a: Togekiss|Air Slash|p2a: Chansey
|-damage|p2a: Chansey|7/100 par
|cant|p2a: Chansey|flinch
|
|upkeep
|turn|110
|
|t:|1664114288
|move|p1a: Togekiss|Air Slash|p2a: Chansey
|-damage|p2a: Chansey|0 fnt
|faint|p2a: Chansey
|
|upkeep
|
|t:|1664114296
|switch|p2a: Primarina|Primarina, M|77/100
|-damage|p2a: Primarina|53/100|[from] Spikes
|turn|111
|
|t:|1664114307
|move|p2a: Primarina|Calm Mind|p2a: Primarina
|-boost|p2a: Primarina|spa|1
|-boost|p2a: Primarina|spd|1
|cant|p1a: Togekiss|par
|
|-heal|p2a: Primarina|59/100|[from] item: Leftovers
|upkeep
|turn|112
|
|t:|1664114315
|move|p2a: Primarina|Moonblast|p1a: Togekiss
|-damage|p1a: Togekiss|43/100 par
|-unboost|p1a: Togekiss|spa|1
|cant|p1a: Togekiss|par
|
|-heal|p2a: Primarina|65/100|[from] item: Leftovers
|upkeep
|turn|113
|
|t:|1664114328
|switch|p1a: Rotom|Rotom-Heat|47/100 tox
|move|p2a: Primarina|Moonblast|p1a: Rotom
|-resisted|p1a: Rotom
|-damage|p1a: Rotom|7/100 tox
|
|-heal|p2a: Primarina|71/100|[from] item: Leftovers
|-damage|p1a: Rotom|0 fnt|[from] psn
|faint|p1a: Rotom
|upkeep
|
|t:|1664114331
|switch|p1a: Tangrowth|Tangrowth, F|75/100
|turn|114
|inactive|HaxxLR has 270 seconds left.
|
|t:|1664114381
|switch|p2a: Cobalion|Cobalion|37/100
|-damage|p2a: Cobalion|12/100|[from] Spikes
|move|p1a: Tangrowth|Power Whip|p2a: Cobalion|[miss]
|-miss|p1a: Tangrowth|p2a: Cobalion
|
|upkeep
|turn|115
|
|t:|1664114408
|move|p2a: Cobalion|Close Combat|p1a: Tangrowth
|-damage|p1a: Tangrowth|47/100
|-unboost|p2a: Cobalion|def|1
|-unboost|p2a: Cobalion|spd|1
|move|p1a: Tangrowth|Power Whip|p2a: Cobalion
|-resisted|p2a: Cobalion
|-damage|p2a: Cobalion|0 fnt
|-damage|p1a: Tangrowth|30/100|[from] item: Rocky Helmet|[of] p2a: Cobalion
|faint|p2a: Cobalion
|
|upkeep
|
|t:|1664114412
|switch|p2a: Primarina|Primarina, M|71/100
|-damage|p2a: Primarina|46/100|[from] Spikes
|turn|116
|
|t:|1664114423
|switch|p1a: Togekiss|Togekiss, F|43/100 par
|move|p2a: Primarina|Calm Mind|p2a: Primarina
|-boost|p2a: Primarina|spa|1
|-boost|p2a: Primarina|spd|1
|
|-heal|p2a: Primarina|52/100|[from] item: Leftovers
|upkeep
|turn|117
|
|t:|1664114429
|move|p2a: Primarina|Moonblast|p1a: Togekiss
|-damage|p1a: Togekiss|0 fnt
|faint|p1a: Togekiss
|
|-heal|p2a: Primarina|58/100|[from] item: Leftovers
|upkeep
|
|t:|1664114433
|switch|p1a: Tangrowth|Tangrowth, F|64/100
|turn|118
|
|t:|1664114436
|move|p2a: Primarina|Moonblast|p1a: Tangrowth
|-damage|p1a: Tangrowth|0 fnt
|faint|p1a: Tangrowth
|
|win|HaxxLR
