|inactive|Battle timer is ON: inactive players will automatically lose when time's up.
|t:|1659794576
|gametype|singles
|player|p1|Allen-xia|lisia|
|player|p2|Amane Misa|#amanemisa|
|teamsize|p1|6
|teamsize|p2|6
|gen|8
|tier|[Gen 8] UU
|rule|Sleep Clause Mod: Limit one foe put to sleep
|rule|Species Clause: Limit one of each Pokémon
|rule|OHKO Clause: OHKO moves are banned
|rule|Evasion Moves Clause: Evasion moves are banned
|rule|Endless Battle Clause: Forcing endless battles is banned
|rule|HP Percentage Mod: HP is shown in percentages
|rule|Dynamax Clause: You cannot dynamax
|clearpoke
|poke|p1|Salamence, M|
|poke|p1|Magneton|
|poke|p1|Diggersby, F|
|poke|p1|Zarude-Dada|
|poke|p1|Slowking, F|
|poke|p1|Cobalion|
|poke|p2|Cobalion|
|poke|p2|Diggersby, M|
|poke|p2|Azelf|
|poke|p2|Amoonguss, M|
|poke|p2|Hydreigon, F|
|poke|p2|Primarina, M|
|teampreview
|inactive|Allen-xia has 270 seconds left.
|inactive|Amane Misa has 270 seconds left.
|c|☆Allen-xia|hf
|c|☆Amane Misa|hf
|inactive|Amane Misa has 240 seconds left.
|inactive|Amane Misa has 210 seconds left.
|inactive|Amane Misa has 180 seconds left.
|inactive|Amane Misa has 150 seconds left.
|inactive|Amane Misa has 120 seconds left.
|
|t:|1659794759
|start
|switch|p1a: Diggersby|Diggersby, F|100/100
|switch|p2a: Agoonmuss|Amoonguss, M|100/100
|turn|1
|
|t:|1659794764
|move|p1a: Diggersby|U-turn|p2a: Agoonmuss
|-crit|p2a: Agoonmuss
|-damage|p2a: Agoonmuss|67/100
|-damage|p1a: Diggersby|84/100|[from] item: Rocky Helmet|[of] p2a: Agoonmuss
|
|t:|1659794769
|switch|p1a: Zarude|Zarude-Dada|100/100|[from]move: U-turn
|move|p2a: Agoonmuss|Spore|p1a: Zarude
|-immune|p1a: Zarude
|
|upkeep
|turn|2
|
|t:|1659794772
|move|p1a: Zarude|U-turn|p2a: Agoonmuss
|-damage|p2a: Agoonmuss|50/100
|-damage|p1a: Zarude|84/100|[from] item: Rocky Helmet|[of] p2a: Agoonmuss
|
|t:|1659794775
|switch|p1a: Cobalion|Cobalion|100/100|[from]move: U-turn
|move|p2a: Agoonmuss|Spore|p1a: Cobalion
|-status|p1a: Cobalion|slp|[from] move: Spore
|
|upkeep
|turn|3
|
|t:|1659794783
|switch|p1a: Slowking|Slowking, F|100/100
|switch|p2a: Afelz|Azelf|100/100
|
|upkeep
|turn|4
|
|t:|1659794794
|move|p2a: Afelz|Knock Off|p1a: Slowking
|-supereffective|p1a: Slowking
|-enditem|p1a: Slowking|Colbur Berry|[eat]
|-enditem|p1a: Slowking|Colbur Berry|[weaken]
|-damage|p1a: Slowking|82/100
|move|p1a: Slowking|Thunder Wave|p2a: Afelz|[miss]
|-miss|p1a: Slowking|p2a: Afelz
|
|upkeep
|turn|5
|
|t:|1659794799
|move|p2a: Afelz|U-turn|p1a: Slowking
|-supereffective|p1a: Slowking
|-damage|p1a: Slowking|56/100
|
|t:|1659794800
|switch|p2a: Agoonmuss|Amoonguss, M|83/100|[from]move: U-turn
|move|p1a: Slowking|Thunder Wave|p2a: Agoonmuss
|-status|p2a: Agoonmuss|par
|
|upkeep
|turn|6
|
|t:|1659794805
|switch|p1a: Cobalion|Cobalion|100/100 slp
|move|p2a: Agoonmuss|Giga Drain|p1a: Cobalion
|-resisted|p1a: Cobalion
|-damage|p1a: Cobalion|85/100 slp
|-heal|p2a: Agoonmuss|89/100 par|[from] drain|[of] p1a: Cobalion
|
|upkeep
|turn|7
|
|t:|1659794808
|switch|p2a: Afelz|Azelf|100/100
|cant|p1a: Cobalion|slp
|
|upkeep
|turn|8
|
|t:|1659794811
|switch|p1a: Slowking|Slowking, F|89/100
|move|p2a: Afelz|U-turn|p1a: Slowking
|-supereffective|p1a: Slowking
|-damage|p1a: Slowking|63/100
|
|t:|1659794820
|switch|p2a: Biggersdy|Diggersby, M|100/100|[from]move: U-turn
|
|upkeep
|turn|9
|
|t:|1659794830
|move|p2a: Biggersdy|U-turn|p1a: Slowking
|-supereffective|p1a: Slowking
|-damage|p1a: Slowking|0 fnt
|faint|p1a: Slowking
|inactive|Amane Misa has 270 seconds left.
|
|t:|1659794842
|switch|p2a: Hygreidon|Hydreigon, F|100/100|[from]move: U-turn
|
|upkeep
|
|t:|1659794868
|switch|p1a: Zarude|Zarude-Dada|84/100
|turn|10
|inactive|Amane Misa has 270 seconds left.
|
|t:|1659794886
|switch|p2a: Agoonmuss|Amoonguss, M|100/100 par
|move|p1a: Zarude|U-turn|p2a: Agoonmuss
|-damage|p2a: Agoonmuss|84/100 par
|-damage|p1a: Zarude|67/100|[from] item: Rocky Helmet|[of] p2a: Agoonmuss
|inactive|Allen-xia has 270 seconds left.
|
|t:|1659794901
|switch|p1a: Diggersby|Diggersby, F|84/100|[from]move: U-turn
|
|upkeep
|turn|11
|
|t:|1659794907
|move|p1a: Diggersby|Knock Off|p2a: Agoonmuss
|-damage|p2a: Agoonmuss|51/100 par
|-damage|p1a: Diggersby|68/100|[from] item: Rocky Helmet|[of] p2a: Agoonmuss
|-enditem|p2a: Agoonmuss|Rocky Helmet|[from] move: Knock Off|[of] p1a: Diggersby
|move|p2a: Agoonmuss|Giga Drain|p1a: Diggersby
|-supereffective|p1a: Diggersby
|-damage|p1a: Diggersby|1/100
|-heal|p2a: Agoonmuss|75/100 par|[from] drain|[of] p1a: Diggersby
|
|upkeep
|turn|12
|inactive|Amane Misa has 270 seconds left.
|
|t:|1659794944
|switch|p1a: Cobalion|Cobalion|85/100 slp
|move|p2a: Agoonmuss|Giga Drain|p1a: Cobalion
|-resisted|p1a: Cobalion
|-damage|p1a: Cobalion|69/100 slp
|-heal|p2a: Agoonmuss|81/100 par|[from] drain|[of] p1a: Cobalion
|
|upkeep
|turn|13
|
|t:|1659794952
|switch|p1a: Diggersby|Diggersby, F|1/100
|switch|p2a: Afelz|Azelf|100/100
|
|upkeep
|turn|14
|inactive|Amane Misa has 270 seconds left.
|
|t:|1659794963
|switch|p2a: Agoonmuss|Amoonguss, M|100/100 par
|move|p1a: Diggersby|U-turn|p2a: Agoonmuss
|-damage|p2a: Agoonmuss|78/100 par
|
|t:|1659794972
|switch|p1a: magnemite triple|Magneton|100/100|[from]move: U-turn
|
|upkeep
|turn|15
|inactive|Amane Misa has 270 seconds left.
|
|t:|1659795003
|move|p1a: magnemite triple|Volt Switch|p2a: Agoonmuss
|-resisted|p2a: Agoonmuss
|-damage|p2a: Agoonmuss|52/100 par
|
|t:|1659795005
|switch|p1a: Cobalion|Cobalion|69/100 slp|[from]move: Volt Switch
|move|p2a: Agoonmuss|Giga Drain|p1a: Cobalion
|-resisted|p1a: Cobalion
|-damage|p1a: Cobalion|54/100 slp
|-heal|p2a: Agoonmuss|58/100 par|[from] drain|[of] p1a: Cobalion
|
|upkeep
|turn|16
|
|t:|1659795012
|switch|p1a: Diggersby|Diggersby, F|1/100
|switch|p2a: Afelz|Azelf|100/100
|
|upkeep
|turn|17
|
|t:|1659795015
|switch|p2a: Agoonmuss|Amoonguss, M|91/100 par
|move|p1a: Diggersby|U-turn|p2a: Agoonmuss
|-damage|p2a: Agoonmuss|66/100 par
|inactive|Allen-xia has 270 seconds left.
|
|t:|1659795048
|switch|p1a: joey salami|Salamence, M|100/100|[from]move: U-turn
|
|upkeep
|turn|18
|
|t:|1659795061
|switch|p2a: Hygreidon|Hydreigon, F|100/100
|move|p1a: joey salami|Dragon Dance|p1a: joey salami
|-boost|p1a: joey salami|atk|1
|-boost|p1a: joey salami|spe|1
|
|upkeep
|turn|19
|inactive|Allen-xia has 270 seconds left.
|inactive|Amane Misa has 270 seconds left.
|inactive|Allen-xia disconnected and has 300 seconds to reconnect!
|player|p1|
|inactive|Allen-xia has 270 seconds to reconnect!
|inactive|Amane Misa has 240 seconds left.
|inactive|Allen-xia has 240 seconds to reconnect!
|inactive|Amane Misa has 210 seconds left.
|inactive|Allen-xia reconnected and has 250 seconds left.
|player|p1|Allen-xia|lisia
|
|t:|1659795165
|switch|p1a: magnemite triple|Magneton|100/100
|move|p2a: Hygreidon|Draco Meteor|p1a: magnemite triple|[miss]
|-miss|p2a: Hygreidon|p1a: magnemite triple
|
|upkeep
|turn|20
|
|t:|1659795180
|switch|p2a: Agoonmuss|Amoonguss, M|99/100 par
|move|p1a: magnemite triple|Steel Beam|p2a: Agoonmuss
|-damage|p2a: Agoonmuss|0 fnt
|-damage|p1a: magnemite triple|50/100|[from] mindblown
|faint|p2a: Agoonmuss
|
|upkeep
|inactive|Amane Misa has 210 seconds left.
|inactive|Amane Misa has 180 seconds left.
|
|t:|1659795231
|switch|p2a: Bocalion|Cobalion|100/100
|turn|21
|
|t:|1659795241
|move|p2a: Bocalion|Close Combat|p1a: magnemite triple
|-supereffective|p1a: magnemite triple
|-crit|p1a: magnemite triple
|-damage|p1a: magnemite triple|0 fnt
|-unboost|p2a: Bocalion|def|1
|-unboost|p2a: Bocalion|spd|1
|faint|p1a: magnemite triple
|
|upkeep
|
|t:|1659795248
|switch|p1a: Diggersby|Diggersby, F|1/100
|turn|22
|
|t:|1659795254
|switch|p2a: Biggersdy|Diggersby, M|100/100
|move|p1a: Diggersby|Earthquake|p2a: Biggersdy
|-damage|p2a: Biggersdy|16/100
|
|upkeep
|turn|23
|
|t:|1659795262
|switch|p1a: Cobalion|Cobalion|54/100 slp
|move|p2a: Biggersdy|U-turn|p1a: Cobalion
|-resisted|p1a: Cobalion
|-damage|p1a: Cobalion|44/100 slp
|-damage|p2a: Biggersdy|0 fnt|[from] item: Rocky Helmet|[of] p1a: Cobalion
|faint|p2a: Biggersdy
|
|upkeep
|
|t:|1659795265
|switch|p2a: Afelz|Azelf|100/100
|turn|24
|
|t:|1659795273
|move|p2a: Afelz|Flamethrower|p1a: Cobalion
|-supereffective|p1a: Cobalion
|-damage|p1a: Cobalion|0 fnt
|faint|p1a: Cobalion
|
|upkeep
|
|t:|1659795288
|switch|p1a: joey salami|Salamence, M|100/100
|turn|25
|
|t:|1659795293
|move|p2a: Afelz|U-turn|p1a: joey salami
|-resisted|p1a: joey salami
|-damage|p1a: joey salami|90/100
|
|t:|1659795294
|switch|p2a: Rimaprina|Primarina, M|100/100|[from]move: U-turn
|move|p1a: joey salami|Dual Wingbeat|p2a: Rimaprina
|-damage|p2a: Rimaprina|77/100
|-damage|p2a: Rimaprina|48/100
|-hitcount|p2a: Rimaprina|2
|
|-heal|p2a: Rimaprina|54/100|[from] item: Leftovers
|upkeep
|turn|26
|
|t:|1659795301
|move|p1a: joey salami|Dual Wingbeat|p2a: Rimaprina
|-damage|p2a: Rimaprina|30/100
|-damage|p2a: Rimaprina|5/100
|-hitcount|p2a: Rimaprina|2
|move|p2a: Rimaprina|Ice Beam|p1a: joey salami
|-supereffective|p1a: joey salami
|-damage|p1a: joey salami|0 fnt
|faint|p1a: joey salami
|
|-heal|p2a: Rimaprina|11/100|[from] item: Leftovers
|upkeep
|inactive|Allen-xia has 270 seconds left.
|
|t:|1659795361
|switch|p1a: Diggersby|Diggersby, F|1/100
|turn|27
|inactive|Amane Misa has 240 seconds left.
|
|t:|1659795378
|move|p1a: Diggersby|Body Slam|p2a: Rimaprina
|-damage|p2a: Rimaprina|0 fnt
|faint|p2a: Rimaprina
|
|upkeep
|
|t:|1659795382
|switch|p2a: Hygreidon|Hydreigon, F|100/100
|turn|28
|
|t:|1659795386
|switch|p1a: Zarude|Zarude-Dada|67/100
|move|p2a: Hygreidon|U-turn|p1a: Zarude
|-supereffective|p1a: Zarude
|-damage|p1a: Zarude|10/100
|
|t:|1659795389
|switch|p2a: Afelz|Azelf|100/100|[from]move: U-turn
|
|upkeep
|turn|29
|c|☆Allen-xia|gg
|
|t:|1659795403
|switch|p2a: Bocalion|Cobalion|100/100
|move|p1a: Zarude|Darkest Lariat|p2a: Bocalion
|-resisted|p2a: Bocalion
|-damage|p2a: Bocalion|82/100
|-damage|p1a: Zarude|0 fnt|[from] item: Rocky Helmet|[of] p2a: Bocalion
|-ability|p2a: Bocalion|Justified|boost
|-boost|p2a: Bocalion|atk|1
|faint|p1a: Zarude
|
|upkeep
|c|☆Amane Misa|gg
|
|t:|1659795405
|switch|p1a: Diggersby|Diggersby, F|1/100
|turn|30
|
|t:|1659795409
|move|p1a: Diggersby|Earthquake|p2a: Bocalion
|-supereffective|p2a: Bocalion
|-damage|p2a: Bocalion|0 fnt
|faint|p2a: Bocalion
|
|upkeep
|
|t:|1659795410
|switch|p2a: Hygreidon|Hydreigon, F|100/100
|turn|31
|
|t:|1659795413
|move|p2a: Hygreidon|U-turn|p1a: Diggersby
|-damage|p1a: Diggersby|0 fnt
|faint|p1a: Diggersby
|
|win|Amane Misa
