|inactive|Battle timer is ON: inactive players will automatically lose when time's up.
|t:|1663544462
|gametype|singles
|player|p1|suloxiv 愛|erika-masters|
|player|p2|Permission Slip|clerkf|
|teamsize|p1|6
|teamsize|p2|6
|gen|8
|tier|[Gen 8] UU
|rule|Sleep Clause Mod: Limit one foe put to sleep
|rule|Species Clause: Limit one of each Pokémon
|rule|OHKO Clause: OHKO moves are banned
|rule|Evasion Items Clause: Evasion items are banned
|rule|Evasion Moves Clause: Evasion moves are banned
|rule|Endless Battle Clause: Forcing endless battles is banned
|rule|HP Percentage Mod: HP is shown in percentages
|rule|Dynamax Clause: You cannot dynamax
|clearpoke
|poke|p1|Cobalion|
|poke|p1|Lycanroc-Dusk, F|
|poke|p1|Slowking, M|
|poke|p1|Mandibuzz, F|
|poke|p1|Hippowdon, M|
|poke|p1|Amoonguss, F|
|poke|p2|Diggersby, F|
|poke|p2|Zarude|
|poke|p2|Slowking, M|
|poke|p2|Nihilego|
|poke|p2|Salamence, M|
|poke|p2|Scizor, M|
|teampreview
|c|☆Permission Slip|hf
|c|☆suloxiv 愛|u2
|inactive|Permission Slip has 270 seconds left.
|
|t:|1663544506
|start
|switch|p1a: SYMBIOSIS|Amoonguss, F|100/100
|switch|p2a: Slowking|Slowking, M|100/100
|turn|1
|
|t:|1663544513
|switch|p2a: Zarude|Zarude|100/100
|move|p1a: SYMBIOSIS|Spore|p2a: Zarude
|-immune|p2a: Zarude
|
|upkeep
|turn|2
|
|t:|1663544532
|move|p2a: Zarude|U-turn|p1a: SYMBIOSIS
|-damage|p1a: SYMBIOSIS|85/100
|-damage|p2a: Zarude|84/100|[from] item: Rocky Helmet|[of] p1a: SYMBIOSIS
|
|t:|1663544535
|switch|p2a: Scizor|Scizor, M|100/100|[from]move: U-turn
|move|p1a: SYMBIOSIS|Spore|p2a: Scizor
|-status|p2a: Scizor|slp|[from] move: Spore
|
|upkeep
|turn|3
|
|t:|1663544542
|switch|p2a: Nihilego|Nihilego|100/100
|switch|p1a: STONETHROW|Hippowdon, M|100/100
|-weather|Sandstorm|[from] ability: Sand Stream|[of] p1a: STONETHROW
|
|-weather|Sandstorm|[upkeep]
|upkeep
|turn|4
|
|t:|1663544546
|switch|p2a: Zarude|Zarude|84/100
|move|p1a: STONETHROW|Stealth Rock|p2a: Zarude
|-sidestart|p2: Permission Slip|move: Stealth Rock
|
|-weather|Sandstorm|[upkeep]
|-damage|p2a: Zarude|78/100|[from] Sandstorm
|upkeep
|turn|5
|
|t:|1663544554
|switch|p2a: Salamence|Salamence, M|100/100
|-ability|p2a: Salamence|Intimidate|boost
|-unboost|p1a: STONETHROW|atk|1
|switch|p1a: SYMBIOSIS|Amoonguss, F|100/100
|
|-weather|Sandstorm|[upkeep]
|-damage|p2a: Salamence|94/100|[from] Sandstorm
|-damage|p1a: SYMBIOSIS|94/100|[from] Sandstorm
|upkeep
|turn|6
|
|t:|1663544558
|switch|p1a: PSYCH WARD|Slowking, M|100/100
|move|p2a: Salamence|Defog|p1a: PSYCH WARD
|-unboost|p1a: PSYCH WARD|evasion|1
|-sideend|p2: Permission Slip|Stealth Rock|[from] move: Defog|[of] p2a: Salamence
|
|-weather|Sandstorm|[upkeep]
|-damage|p2a: Salamence|88/100|[from] Sandstorm
|-damage|p1a: PSYCH WARD|94/100|[from] Sandstorm
|upkeep
|turn|7
|
|t:|1663544560
|move|p2a: Salamence|Toxic|p1a: PSYCH WARD
|-status|p1a: PSYCH WARD|tox
|move|p1a: PSYCH WARD|Future Sight|p2a: Salamence
|-start|p1a: PSYCH WARD|move: Future Sight
|
|-weather|none
|-damage|p1a: PSYCH WARD|88/100 tox|[from] psn
|upkeep
|turn|8
|
|t:|1663544583
|switch|p2a: Slowking|Slowking, M|100/100
|move|p1a: PSYCH WARD|Teleport|p1a: PSYCH WARD
|
|t:|1663544599
|switch|p1a: POPCORN HEART|Mandibuzz, F|100/100|[from]move: Teleport
|
|upkeep
|turn|9
|
|t:|1663544605
|move|p1a: POPCORN HEART|U-turn|p2a: Slowking
|-supereffective|p2a: Slowking
|-crit|p2a: Slowking
|-damage|p2a: Slowking|76/100
|
|t:|1663544607
|switch|p1a: PSYCH WARD|Slowking, M|100/100 tox|[from]move: U-turn
|move|p2a: Slowking|Toxic|p1a: PSYCH WARD
|-fail|p1a: PSYCH WARD|tox
|
|-end|p2a: Slowking|move: Future Sight
|-resisted|p2a: Slowking
|-damage|p2a: Slowking|61/100
|-damage|p1a: PSYCH WARD|94/100 tox|[from] psn
|upkeep
|turn|10
|
|t:|1663544612
|move|p1a: PSYCH WARD|Future Sight|p2a: Slowking
|-start|p1a: PSYCH WARD|move: Future Sight
|move|p2a: Slowking|Teleport|p2a: Slowking
|
|t:|1663544615
|switch|p2a: Zarude|Zarude|78/100|[from]move: Teleport
|
|-damage|p1a: PSYCH WARD|82/100 tox|[from] psn
|upkeep
|turn|11
|
|t:|1663544627
|switch|p1a: POPCORN HEART|Mandibuzz, F|100/100
|move|p2a: Zarude|Jungle Healing|p2a: Zarude
|-heal|p2a: Zarude|100/100
|
|upkeep
|turn|12
|
|t:|1663544631
|move|p2a: Zarude|U-turn|p1a: POPCORN HEART
|-damage|p1a: POPCORN HEART|87/100
|
|t:|1663544633
|switch|p2a: Slowking|Slowking, M|94/100|[from]move: U-turn
|move|p1a: POPCORN HEART|U-turn|p2a: Slowking
|-supereffective|p2a: Slowking
|-damage|p2a: Slowking|78/100
|
|t:|1663544637
|switch|p1a: BABY LITTLE TWEEN|Lycanroc-Dusk, F, shiny|100/100|[from]move: U-turn
|
|-end|p2a: Slowking|move: Future Sight
|-resisted|p2a: Slowking
|-damage|p2a: Slowking|62/100
|upkeep
|turn|13
|
|t:|1663544659
|switch|p1a: PSYCH WARD|Slowking, M|100/100 tox
|move|p2a: Slowking|Scald|p1a: PSYCH WARD
|-resisted|p1a: PSYCH WARD
|-damage|p1a: PSYCH WARD|90/100 tox
|
|-damage|p1a: PSYCH WARD|84/100 tox|[from] psn
|upkeep
|turn|14
|
|t:|1663544661
|move|p2a: Slowking|Slack Off|p2a: Slowking
|-heal|p2a: Slowking|100/100
|move|p1a: PSYCH WARD|Scald|p2a: Slowking
|-resisted|p2a: Slowking
|-damage|p2a: Slowking|89/100
|
|-damage|p1a: PSYCH WARD|72/100 tox|[from] psn
|upkeep
|turn|15
|
|t:|1663544664
|move|p2a: Slowking|Teleport|p2a: Slowking
|
|t:|1663544666
|switch|p2a: Zarude|Zarude|100/100|[from]move: Teleport
|move|p1a: PSYCH WARD|Teleport|p1a: PSYCH WARD
|
|t:|1663544669
|switch|p1a: OVERSTIMULATED|Cobalion|100/100|[from]move: Teleport
|
|upkeep
|turn|16
|
|t:|1663544676
|switch|p1a: POPCORN HEART|Mandibuzz, F|87/100
|switch|p2a: Salamence|Salamence, M|88/100
|-ability|p2a: Salamence|Intimidate|boost
|-unboost|p1a: POPCORN HEART|atk|1
|
|upkeep
|turn|17
|
|t:|1663544680
|switch|p1a: PSYCH WARD|Slowking, M|100/100 tox
|move|p2a: Salamence|Toxic|p1a: PSYCH WARD
|-fail|p1a: PSYCH WARD|tox
|
|-damage|p1a: PSYCH WARD|94/100 tox|[from] psn
|upkeep
|turn|18
|
|t:|1663544683
|switch|p2a: Zarude|Zarude|100/100
|move|p1a: PSYCH WARD|Scald|p2a: Zarude
|-resisted|p2a: Zarude
|-damage|p2a: Zarude|87/100
|-status|p2a: Zarude|brn
|
|-damage|p1a: PSYCH WARD|82/100 tox|[from] psn
|-damage|p2a: Zarude|81/100 brn|[from] brn
|upkeep
|turn|19
|
|t:|1663544687
|move|p2a: Zarude|Jungle Healing|p2a: Zarude
|-heal|p2a: Zarude|100/100 brn
|-curestatus|p2a: Zarude|brn|[msg]
|move|p1a: PSYCH WARD|Teleport|p1a: PSYCH WARD
|
|t:|1663544690
|switch|p1a: POPCORN HEART|Mandibuzz, F|87/100|[from]move: Teleport
|
|upkeep
|turn|20
|
|t:|1663544697
|move|p2a: Zarude|U-turn|p1a: POPCORN HEART
|-damage|p1a: POPCORN HEART|74/100
|
|t:|1663544700
|switch|p2a: Nihilego|Nihilego|100/100|[from]move: U-turn
|move|p1a: POPCORN HEART|Foul Play|p2a: Nihilego
|-damage|p2a: Nihilego|75/100
|
|-heal|p2a: Nihilego|82/100|[from] item: Black Sludge
|upkeep
|turn|21
|
|t:|1663544712
|switch|p1a: STONETHROW|Hippowdon, M|100/100
|-weather|Sandstorm|[from] ability: Sand Stream|[of] p1a: STONETHROW
|move|p2a: Nihilego|Knock Off|p1a: STONETHROW
|-damage|p1a: STONETHROW|92/100
|-enditem|p1a: STONETHROW|Leftovers|[from] move: Knock Off|[of] p2a: Nihilego
|
|-weather|Sandstorm|[upkeep]
|-heal|p2a: Nihilego|88/100|[from] item: Black Sludge
|upkeep
|turn|22
|
|t:|1663544718
|switch|p2a: Zarude|Zarude|100/100
|move|p1a: STONETHROW|Stealth Rock|p2a: Zarude
|-sidestart|p2: Permission Slip|move: Stealth Rock
|
|-weather|Sandstorm|[upkeep]
|-damage|p2a: Zarude|95/100|[from] Sandstorm
|upkeep
|turn|23
|
|t:|1663544725
|switch|p1a: OVERSTIMULATED|Cobalion|100/100
|move|p2a: Zarude|U-turn|p1a: OVERSTIMULATED
|-resisted|p1a: OVERSTIMULATED
|-damage|p1a: OVERSTIMULATED|96/100
|
|t:|1663544728
|switch|p2a: Salamence|Salamence, M|88/100|[from]move: U-turn
|-ability|p2a: Salamence|Intimidate|boost
|-unboost|p1a: OVERSTIMULATED|atk|1
|
|-weather|Sandstorm|[upkeep]
|-damage|p2a: Salamence|82/100|[from] Sandstorm
|upkeep
|turn|24
|
|t:|1663544733
|switch|p1a: PSYCH WARD|Slowking, M|100/100 tox
|move|p2a: Salamence|Flamethrower|p1a: PSYCH WARD
|-resisted|p1a: PSYCH WARD
|-damage|p1a: PSYCH WARD|92/100 tox
|
|-weather|Sandstorm|[upkeep]
|-damage|p2a: Salamence|76/100|[from] Sandstorm
|-damage|p1a: PSYCH WARD|86/100 tox|[from] Sandstorm
|-damage|p1a: PSYCH WARD|80/100 tox|[from] psn
|upkeep
|turn|25
|
|t:|1663544737
|move|p2a: Salamence|Defog|p1a: PSYCH WARD
|-unboost|p1a: PSYCH WARD|evasion|1
|-sideend|p2: Permission Slip|Stealth Rock|[from] move: Defog|[of] p2a: Salamence
|move|p1a: PSYCH WARD|Teleport|p1a: PSYCH WARD
|
|t:|1663544739
|switch|p1a: BABY LITTLE TWEEN|Lycanroc-Dusk, F, shiny|100/100|[from]move: Teleport
|
|-weather|none
|upkeep
|turn|26
|
|t:|1663544744
|switch|p2a: Slowking|Slowking, M|100/100
|move|p1a: BABY LITTLE TWEEN|Stone Edge|p2a: Slowking
|-damage|p2a: Slowking|47/100
|
|upkeep
|turn|27
|
|t:|1663544751
|switch|p2a: Diggersby|Diggersby, F|100/100
|move|p1a: BABY LITTLE TWEEN|Stone Edge|p2a: Diggersby|[miss]
|-miss|p1a: BABY LITTLE TWEEN|p2a: Diggersby
|
|upkeep
|turn|28
|
|t:|1663544758
|switch|p1a: SYMBIOSIS|Amoonguss, F|100/100
|move|p2a: Diggersby|Body Slam|p1a: SYMBIOSIS
|-damage|p1a: SYMBIOSIS|65/100
|-status|p1a: SYMBIOSIS|par
|-damage|p2a: Diggersby|84/100|[from] item: Rocky Helmet|[of] p1a: SYMBIOSIS
|
|upkeep
|turn|29
|inactive|suloxiv 愛 has 270 seconds left.
|
|t:|1663544790
|switch|p2a: Nihilego|Nihilego|88/100
|cant|p1a: SYMBIOSIS|par
|
|-heal|p2a: Nihilego|94/100|[from] item: Black Sludge
|upkeep
|turn|30
|inactive|suloxiv 愛 has 270 seconds left.
|
|t:|1663544805
|switch|p1a: STONETHROW|Hippowdon, M|92/100
|-weather|Sandstorm|[from] ability: Sand Stream|[of] p1a: STONETHROW
|move|p2a: Nihilego|Stealth Rock|p1a: STONETHROW
|-sidestart|p1: suloxiv 愛|move: Stealth Rock
|
|-weather|Sandstorm|[upkeep]
|-heal|p2a: Nihilego|99/100|[from] item: Black Sludge
|upkeep
|turn|31
|
|t:|1663544813
|switch|p2a: Slowking|Slowking, M|80/100
|move|p1a: STONETHROW|Stealth Rock|p2a: Slowking
|-sidestart|p2: Permission Slip|move: Stealth Rock
|
|-weather|Sandstorm|[upkeep]
|-damage|p2a: Slowking|74/100|[from] Sandstorm
|upkeep
|turn|32
|
|t:|1663544830
|switch|p1a: PSYCH WARD|Slowking, M|100/100 tox
|move|p2a: Slowking|Toxic|p1a: PSYCH WARD
|-fail|p1a: PSYCH WARD|tox
|
|-weather|Sandstorm|[upkeep]
|-damage|p2a: Slowking|68/100|[from] Sandstorm
|-damage|p1a: PSYCH WARD|94/100 tox|[from] Sandstorm
|-damage|p1a: PSYCH WARD|88/100 tox|[from] psn
|upkeep
|turn|33
|
|t:|1663544836
|move|p1a: PSYCH WARD|Scald|p2a: Slowking
|-resisted|p2a: Slowking
|-damage|p2a: Slowking|57/100
|move|p2a: Slowking|Teleport|p2a: Slowking
|
|t:|1663544840
|switch|p2a: Zarude|Zarude|95/100|[from]move: Teleport
|
|-weather|Sandstorm|[upkeep]
|-damage|p2a: Zarude|89/100|[from] Sandstorm
|-damage|p1a: PSYCH WARD|82/100 tox|[from] Sandstorm
|-damage|p1a: PSYCH WARD|70/100 tox|[from] psn
|upkeep
|turn|34
|
|t:|1663544845
|switch|p1a: OVERSTIMULATED|Cobalion|96/100
|-damage|p1a: OVERSTIMULATED|93/100|[from] Stealth Rock
|move|p2a: Zarude|U-turn|p1a: OVERSTIMULATED
|-resisted|p1a: OVERSTIMULATED
|-damage|p1a: OVERSTIMULATED|88/100
|
|t:|1663544861
|switch|p2a: Salamence|Salamence, M|76/100|[from]move: U-turn
|-ability|p2a: Salamence|Intimidate|boost
|-unboost|p1a: OVERSTIMULATED|atk|1
|
|-weather|none
|upkeep
|turn|35
|
|t:|1663544870
|switch|p1a: PSYCH WARD|Slowking, M|100/100 tox
|switch|p2a: Zarude|Zarude|89/100
|
|-damage|p1a: PSYCH WARD|94/100 tox|[from] psn
|upkeep
|turn|36
|
|t:|1663544879
|switch|p1a: POPCORN HEART|Mandibuzz, F|74/100
|move|p2a: Zarude|U-turn|p1a: POPCORN HEART
|-damage|p1a: POPCORN HEART|60/100
|
|t:|1663544892
|switch|p2a: Nihilego|Nihilego|99/100|[from]move: U-turn
|-damage|p2a: Nihilego|88/100|[from] Stealth Rock
|
|-heal|p2a: Nihilego|94/100|[from] item: Black Sludge
|upkeep
|turn|37
|
|t:|1663544899
|switch|p1a: STONETHROW|Hippowdon, M|92/100
|-damage|p1a: STONETHROW|86/100|[from] Stealth Rock
|-weather|Sandstorm|[from] ability: Sand Stream|[of] p1a: STONETHROW
|move|p2a: Nihilego|Sludge Bomb|p1a: STONETHROW
|-resisted|p1a: STONETHROW
|-damage|p1a: STONETHROW|67/100
|
|-weather|Sandstorm|[upkeep]
|-heal|p2a: Nihilego|99/100|[from] item: Black Sludge
|upkeep
|turn|38
|
|t:|1663544906
|switch|p2a: Zarude|Zarude|89/100
|switch|p1a: POPCORN HEART|Mandibuzz, F|60/100
|
|-weather|Sandstorm|[upkeep]
|-damage|p2a: Zarude|83/100|[from] Sandstorm
|upkeep
|turn|39
|
|t:|1663544910
|move|p2a: Zarude|U-turn|p1a: POPCORN HEART
|-damage|p1a: POPCORN HEART|47/100
|
|t:|1663544914
|switch|p2a: Nihilego|Nihilego|99/100|[from]move: U-turn
|-damage|p2a: Nihilego|88/100|[from] Stealth Rock
|move|p1a: POPCORN HEART|Roost|p1a: POPCORN HEART
|-heal|p1a: POPCORN HEART|97/100
|-singleturn|p1a: POPCORN HEART|move: Roost
|
|-weather|Sandstorm|[upkeep]
|-heal|p2a: Nihilego|94/100|[from] item: Black Sludge
|upkeep
|turn|40
|
|t:|1663544928
|switch|p1a: OVERSTIMULATED|Cobalion|88/100
|-damage|p1a: OVERSTIMULATED|85/100|[from] Stealth Rock
|move|p2a: Nihilego|Sludge Bomb|p1a: OVERSTIMULATED
|-immune|p1a: OVERSTIMULATED
|
|-weather|Sandstorm|[upkeep]
|-heal|p2a: Nihilego|99/100|[from] item: Black Sludge
|upkeep
|turn|41
|
|t:|1663544945
|switch|p1a: PSYCH WARD|Slowking, M|100/100 tox
|switch|p2a: Slowking|Slowking, M|90/100
|-damage|p2a: Slowking|78/100|[from] Stealth Rock
|
|-weather|none
|-damage|p1a: PSYCH WARD|94/100 tox|[from] psn
|upkeep
|turn|42
|
|t:|1663544948
|move|p1a: PSYCH WARD|Future Sight|p2a: Slowking
|-start|p1a: PSYCH WARD|move: Future Sight
|move|p2a: Slowking|Teleport|p2a: Slowking
|
|t:|1663544958
|switch|p2a: Zarude|Zarude|83/100|[from]move: Teleport
|
|-damage|p1a: PSYCH WARD|82/100 tox|[from] psn
|upkeep
|turn|43
|
|t:|1663544964
|switch|p1a: POPCORN HEART|Mandibuzz, F|97/100
|move|p2a: Zarude|U-turn|p1a: POPCORN HEART
|-damage|p1a: POPCORN HEART|83/100
|
|t:|1663544973
|switch|p2a: Slowking|Slowking, M|100/100|[from]move: U-turn
|-damage|p2a: Slowking|88/100|[from] Stealth Rock
|
|upkeep
|turn|44
|
|t:|1663544982
|move|p1a: POPCORN HEART|U-turn|p2a: Slowking
|-supereffective|p2a: Slowking
|-damage|p2a: Slowking|70/100
|
|t:|1663544986
|switch|p1a: PSYCH WARD|Slowking, M|100/100 tox|[from]move: U-turn
|move|p2a: Slowking|Scald|p1a: PSYCH WARD
|-resisted|p1a: PSYCH WARD
|-damage|p1a: PSYCH WARD|90/100 tox
|
|-end|p2a: Slowking|move: Future Sight
|-resisted|p2a: Slowking
|-damage|p2a: Slowking|55/100
|-damage|p1a: PSYCH WARD|84/100 tox|[from] psn
|upkeep
|turn|45
|
|t:|1663544992
|move|p2a: Slowking|Slack Off|p2a: Slowking
|-heal|p2a: Slowking|100/100
|move|p1a: PSYCH WARD|Teleport|p1a: PSYCH WARD
|
|t:|1663545010
|switch|p1a: POPCORN HEART|Mandibuzz, F|83/100|[from]move: Teleport
|
|upkeep
|turn|46
|
|t:|1663545015
|switch|p2a: Nihilego|Nihilego|99/100
|-damage|p2a: Nihilego|88/100|[from] Stealth Rock
|move|p1a: POPCORN HEART|U-turn|p2a: Nihilego
|-resisted|p2a: Nihilego
|-damage|p2a: Nihilego|80/100
|
|t:|1663545017
|switch|p1a: STONETHROW|Hippowdon, M|67/100|[from]move: U-turn
|-damage|p1a: STONETHROW|61/100|[from] Stealth Rock
|-weather|Sandstorm|[from] ability: Sand Stream|[of] p1a: STONETHROW
|
|-weather|Sandstorm|[upkeep]
|-heal|p2a: Nihilego|86/100|[from] item: Black Sludge
|upkeep
|turn|47
|
|t:|1663545021
|switch|p2a: Zarude|Zarude|83/100
|move|p1a: STONETHROW|Slack Off|p1a: STONETHROW
|-heal|p1a: STONETHROW|100/100
|
|-weather|Sandstorm|[upkeep]
|-damage|p2a: Zarude|77/100|[from] Sandstorm
|upkeep
|turn|48
|
|t:|1663545030
|switch|p1a: POPCORN HEART|Mandibuzz, F|83/100
|move|p2a: Zarude|U-turn|p1a: POPCORN HEART
|-damage|p1a: POPCORN HEART|70/100
|
|t:|1663545033
|switch|p2a: Nihilego|Nihilego|86/100|[from]move: U-turn
|-damage|p2a: Nihilego|73/100|[from] Stealth Rock
|
|-weather|Sandstorm|[upkeep]
|-heal|p2a: Nihilego|80/100|[from] item: Black Sludge
|upkeep
|turn|49
|
|t:|1663545054
|switch|p2a: Slowking|Slowking, M|100/100
|-damage|p2a: Slowking|88/100|[from] Stealth Rock
|switch|p1a: STONETHROW|Hippowdon, M|100/100
|-damage|p1a: STONETHROW|94/100|[from] Stealth Rock
|
|-weather|Sandstorm|[upkeep]
|-damage|p2a: Slowking|82/100|[from] Sandstorm
|upkeep
|turn|50
|
|t:|1663545059
|switch|p1a: PSYCH WARD|Slowking, M|100/100 tox
|move|p2a: Slowking|Teleport|p2a: Slowking
|
|t:|1663545065
|switch|p2a: Scizor|Scizor, M|100/100 slp|[from]move: Teleport
|-damage|p2a: Scizor|88/100 slp|[from] Stealth Rock
|
|-weather|none
|-damage|p1a: PSYCH WARD|94/100 tox|[from] psn
|upkeep
|turn|51
|
|t:|1663545071
|cant|p2a: Scizor|slp
|move|p1a: PSYCH WARD|Teleport|p1a: PSYCH WARD
|
|t:|1663545083
|switch|p1a: OVERSTIMULATED|Cobalion|85/100|[from]move: Teleport
|-damage|p1a: OVERSTIMULATED|82/100|[from] Stealth Rock
|
|upkeep
|turn|52
|c|+pinorska|sulo <3
|c|☆suloxiv 愛|<3
|
|t:|1663545092
|switch|p1a: PSYCH WARD|Slowking, M|100/100 tox
|switch|p2a: Slowking|Slowking, M|100/100
|-damage|p2a: Slowking|88/100|[from] Stealth Rock
|
|-damage|p1a: PSYCH WARD|94/100 tox|[from] psn
|upkeep
|turn|53
|
|t:|1663545095
|move|p1a: PSYCH WARD|Future Sight|p2a: Slowking
|-start|p1a: PSYCH WARD|move: Future Sight
|move|p2a: Slowking|Teleport|p2a: Slowking
|
|t:|1663545107
|switch|p2a: Zarude|Zarude|77/100|[from]move: Teleport
|
|-damage|p1a: PSYCH WARD|82/100 tox|[from] psn
|upkeep
|turn|54
|
|t:|1663545111
|switch|p1a: OVERSTIMULATED|Cobalion|82/100
|-damage|p1a: OVERSTIMULATED|79/100|[from] Stealth Rock
|move|p2a: Zarude|U-turn|p1a: OVERSTIMULATED
|-resisted|p1a: OVERSTIMULATED
|-crit|p1a: OVERSTIMULATED
|-damage|p1a: OVERSTIMULATED|72/100
|
|t:|1663545115
|switch|p2a: Slowking|Slowking, M|100/100|[from]move: U-turn
|-damage|p2a: Slowking|88/100|[from] Stealth Rock
|
|upkeep
|turn|55
|
|t:|1663545120
|switch|p1a: PSYCH WARD|Slowking, M|100/100 tox
|move|p2a: Slowking|Scald|p1a: PSYCH WARD
|-resisted|p1a: PSYCH WARD
|-damage|p1a: PSYCH WARD|89/100 tox
|
|-end|p2a: Slowking|move: Future Sight
|-resisted|p2a: Slowking
|-damage|p2a: Slowking|70/100
|-damage|p1a: PSYCH WARD|83/100 tox|[from] psn
|upkeep
|turn|56
|
|t:|1663545123
|move|p1a: PSYCH WARD|Scald|p2a: Slowking
|-resisted|p2a: Slowking
|-damage|p2a: Slowking|60/100
|move|p2a: Slowking|Teleport|p2a: Slowking
|
|t:|1663545128
|switch|p2a: Zarude|Zarude|77/100|[from]move: Teleport
|
|-damage|p1a: PSYCH WARD|70/100 tox|[from] psn
|upkeep
|turn|57
|
|t:|1663545132
|switch|p1a: SYMBIOSIS|Amoonguss, F|98/100 par
|-damage|p1a: SYMBIOSIS|86/100 par|[from] Stealth Rock
|move|p2a: Zarude|U-turn|p1a: SYMBIOSIS
|-damage|p1a: SYMBIOSIS|67/100 par
|-damage|p2a: Zarude|60/100|[from] item: Rocky Helmet|[of] p1a: SYMBIOSIS
|
|t:|1663545141
|switch|p2a: Nihilego|Nihilego|80/100|[from]move: U-turn
|-damage|p2a: Nihilego|67/100|[from] Stealth Rock
|
|-heal|p2a: Nihilego|73/100|[from] item: Black Sludge
|upkeep
|turn|58
|
|t:|1663545149
|switch|p1a: STONETHROW|Hippowdon, M|94/100
|-damage|p1a: STONETHROW|88/100|[from] Stealth Rock
|-weather|Sandstorm|[from] ability: Sand Stream|[of] p1a: STONETHROW
|move|p2a: Nihilego|Power Gem|p1a: STONETHROW
|-resisted|p1a: STONETHROW
|-damage|p1a: STONETHROW|73/100
|
|-weather|Sandstorm|[upkeep]
|-heal|p2a: Nihilego|80/100|[from] item: Black Sludge
|upkeep
|turn|59
|
|t:|1663545155
|switch|p2a: Zarude|Zarude|60/100
|switch|p1a: OVERSTIMULATED|Cobalion|72/100
|-damage|p1a: OVERSTIMULATED|69/100|[from] Stealth Rock
|
|-weather|Sandstorm|[upkeep]
|-damage|p2a: Zarude|54/100|[from] Sandstorm
|upkeep
|turn|60
|
|t:|1663545164
|switch|p1a: PSYCH WARD|Slowking, M|100/100 tox
|switch|p2a: Slowking|Slowking, M|93/100
|-damage|p2a: Slowking|81/100|[from] Stealth Rock
|
|-weather|Sandstorm|[upkeep]
|-damage|p2a: Slowking|75/100|[from] Sandstorm
|-damage|p1a: PSYCH WARD|94/100 tox|[from] Sandstorm
|-damage|p1a: PSYCH WARD|88/100 tox|[from] psn
|upkeep
|turn|61
|
|t:|1663545168
|move|p1a: PSYCH WARD|Teleport|p1a: PSYCH WARD
|
|t:|1663545171
|switch|p1a: SYMBIOSIS|Amoonguss, F|100/100 par|[from]move: Teleport
|-damage|p1a: SYMBIOSIS|88/100 par|[from] Stealth Rock
|move|p2a: Slowking|Teleport|p2a: Slowking
|
|t:|1663545182
|switch|p2a: Salamence|Salamence, M|76/100|[from]move: Teleport
|-ability|p2a: Salamence|Intimidate|boost
|-unboost|p1a: SYMBIOSIS|atk|1
|
|-weather|Sandstorm|[upkeep]
|-damage|p2a: Salamence|70/100|[from] Sandstorm
|-damage|p1a: SYMBIOSIS|82/100 par|[from] Sandstorm
|upkeep
|turn|62
|
|t:|1663545186
|move|p2a: Salamence|Flamethrower|p1a: SYMBIOSIS
|-supereffective|p1a: SYMBIOSIS
|-damage|p1a: SYMBIOSIS|47/100 par
|cant|p1a: SYMBIOSIS|par
|
|-weather|none
|upkeep
|turn|63
|
|t:|1663545191
|switch|p1a: PSYCH WARD|Slowking, M|100/100 tox
|move|p2a: Salamence|Flamethrower|p1a: PSYCH WARD
|-resisted|p1a: PSYCH WARD
|-damage|p1a: PSYCH WARD|92/100 tox
|
|-damage|p1a: PSYCH WARD|86/100 tox|[from] psn
|upkeep
|turn|64
|
|t:|1663545198
|move|p2a: Salamence|Roost|p2a: Salamence
|-heal|p2a: Salamence|100/100
|-singleturn|p2a: Salamence|move: Roost
|move|p1a: PSYCH WARD|Teleport|p1a: PSYCH WARD
|
|t:|1663545200
|switch|p1a: BABY LITTLE TWEEN|Lycanroc-Dusk, F, shiny|100/100|[from]move: Teleport
|-damage|p1a: BABY LITTLE TWEEN|88/100|[from] Stealth Rock
|
|upkeep
|turn|65
|
|t:|1663545206
|switch|p2a: Slowking|Slowking, M|100/100
|-damage|p2a: Slowking|88/100|[from] Stealth Rock
|move|p1a: BABY LITTLE TWEEN|Stone Edge|p2a: Slowking
|-damage|p2a: Slowking|32/100
|
|upkeep
|turn|66
|c|+pinorska|sulo is playing well and it warms my heart
|
|t:|1663545213
|switch|p2a: Scizor|Scizor, M|88/100 slp
|-damage|p2a: Scizor|76/100 slp|[from] Stealth Rock
|move|p1a: BABY LITTLE TWEEN|Stone Edge|p2a: Scizor|[miss]
|-miss|p1a: BABY LITTLE TWEEN|p2a: Scizor
|
|upkeep
|turn|67
|c|☆suloxiv 愛|,
|
|t:|1663545225
|switch|p1a: OVERSTIMULATED|Cobalion|69/100
|-damage|p1a: OVERSTIMULATED|66/100|[from] Stealth Rock
|cant|p2a: Scizor|slp
|
|upkeep
|turn|68
|
|t:|1663545233
|switch|p2a: Salamence|Salamence, M|100/100
|-ability|p2a: Salamence|Intimidate|boost
|-unboost|p1a: OVERSTIMULATED|atk|1
|move|p1a: OVERSTIMULATED|Close Combat|p2a: Salamence
|-resisted|p2a: Salamence
|-damage|p2a: Salamence|88/100
|-unboost|p1a: OVERSTIMULATED|def|1
|-unboost|p1a: OVERSTIMULATED|spd|1
|
|upkeep
|turn|69
|
|t:|1663545240
|switch|p1a: PSYCH WARD|Slowking, M|100/100 tox
|move|p2a: Salamence|Defog|p1a: PSYCH WARD
|-unboost|p1a: PSYCH WARD|evasion|1
|-sideend|p1: suloxiv 愛|Stealth Rock|[from] move: Defog|[of] p2a: Salamence
|-sideend|p2: Permission Slip|Stealth Rock|[from] move: Defog|[of] p2a: Salamence
|
|-damage|p1a: PSYCH WARD|94/100 tox|[from] psn
|upkeep
|turn|70
|
|t:|1663545244
|switch|p2a: Zarude|Zarude|54/100
|move|p1a: PSYCH WARD|Scald|p2a: Zarude
|-resisted|p2a: Zarude
|-damage|p2a: Zarude|40/100
|-status|p2a: Zarude|brn
|
|-damage|p1a: PSYCH WARD|82/100 tox|[from] psn
|-damage|p2a: Zarude|34/100 brn|[from] brn
|upkeep
|turn|71
|
|t:|1663545247
|move|p2a: Zarude|Jungle Healing|p2a: Zarude
|-heal|p2a: Zarude|59/100 brn
|-curestatus|p2a: Zarude|brn|[msg]
|move|p1a: PSYCH WARD|Future Sight|p2a: Zarude
|-start|p1a: PSYCH WARD|move: Future Sight
|
|-damage|p1a: PSYCH WARD|64/100 tox|[from] psn
|upkeep
|turn|72
|
|t:|1663545253
|switch|p1a: SYMBIOSIS|Amoonguss, F|80/100 par
|move|p2a: Zarude|Jungle Healing|p2a: Zarude
|-heal|p2a: Zarude|84/100
|
|upkeep
|turn|73
|
|t:|1663545258
|switch|p2a: Slowking|Slowking, M|65/100
|move|p1a: SYMBIOSIS|Sludge Bomb|p2a: Slowking
|-damage|p2a: Slowking|45/100
|
|-end|p2a: Slowking|move: Future Sight
|-resisted|p2a: Slowking
|-damage|p2a: Slowking|29/100
|upkeep
|turn|74
|
|t:|1663545263
|move|p2a: Slowking|Slack Off|p2a: Slowking
|-heal|p2a: Slowking|79/100
|move|p1a: SYMBIOSIS|Seed Bomb|p2a: Slowking
|-supereffective|p2a: Slowking
|-damage|p2a: Slowking|47/100
|
|upkeep
|turn|75
|
|t:|1663545269
|switch|p2a: Scizor|Scizor, M|76/100 slp
|move|p1a: SYMBIOSIS|Sludge Bomb|p2a: Scizor
|-immune|p2a: Scizor
|
|upkeep
|turn|76
|
|t:|1663545272
|-curestatus|p2a: Scizor|slp|[msg]
|move|p2a: Scizor|Knock Off|p1a: SYMBIOSIS
|-damage|p1a: SYMBIOSIS|59/100 par
|-damage|p2a: Scizor|59/100|[from] item: Rocky Helmet|[of] p1a: SYMBIOSIS
|-enditem|p1a: SYMBIOSIS|Rocky Helmet|[from] move: Knock Off|[of] p2a: Scizor
|move|p1a: SYMBIOSIS|Spore|p2a: Scizor
|-status|p2a: Scizor|slp|[from] move: Spore
|
|upkeep
|turn|77
|
|t:|1663545278
|switch|p2a: Diggersby|Diggersby, F|84/100
|cant|p1a: SYMBIOSIS|par
|
|upkeep
|turn|78
|
|t:|1663545285
|switch|p1a: PSYCH WARD|Slowking, M|97/100 tox
|move|p2a: Diggersby|Fire Punch|p1a: PSYCH WARD
|-resisted|p1a: PSYCH WARD
|-damage|p1a: PSYCH WARD|87/100 tox
|
|-damage|p1a: PSYCH WARD|81/100 tox|[from] psn
|upkeep
|turn|79
|
|t:|1663545292
|switch|p2a: Zarude|Zarude|84/100
|switch|p1a: STONETHROW|Hippowdon, M|73/100
|-weather|Sandstorm|[from] ability: Sand Stream|[of] p1a: STONETHROW
|
|-weather|Sandstorm|[upkeep]
|-damage|p2a: Zarude|78/100|[from] Sandstorm
|upkeep
|turn|80
|
|t:|1663545297
|switch|p1a: SYMBIOSIS|Amoonguss, F|92/100 par
|move|p2a: Zarude|Power Whip|p1a: SYMBIOSIS
|-resisted|p1a: SYMBIOSIS
|-damage|p1a: SYMBIOSIS|81/100 par
|
|-weather|Sandstorm|[upkeep]
|-damage|p2a: Zarude|72/100|[from] Sandstorm
|-damage|p1a: SYMBIOSIS|75/100 par|[from] Sandstorm
|upkeep
|turn|81
|
|t:|1663545301
|move|p2a: Zarude|U-turn|p1a: SYMBIOSIS
|-damage|p1a: SYMBIOSIS|57/100 par
|
|t:|1663545304
|switch|p2a: Nihilego|Nihilego|80/100|[from]move: U-turn
|move|p1a: SYMBIOSIS|Sludge Bomb|p2a: Nihilego
|-resisted|p2a: Nihilego
|-damage|p2a: Nihilego|77/100
|
|-weather|Sandstorm|[upkeep]
|-damage|p1a: SYMBIOSIS|50/100 par|[from] Sandstorm
|-heal|p2a: Nihilego|83/100|[from] item: Black Sludge
|upkeep
|turn|82
|
|t:|1663545309
|switch|p1a: STONETHROW|Hippowdon, M|73/100
|move|p2a: Nihilego|Stealth Rock|p1a: STONETHROW
|-sidestart|p1: suloxiv 愛|move: Stealth Rock
|
|-weather|Sandstorm|[upkeep]
|-heal|p2a: Nihilego|89/100|[from] item: Black Sludge
|upkeep
|turn|83
|
|t:|1663545314
|switch|p2a: Zarude|Zarude|72/100
|move|p1a: STONETHROW|Stealth Rock|p2a: Zarude
|-sidestart|p2: Permission Slip|move: Stealth Rock
|
|-weather|none
|upkeep
|turn|84
|
|t:|1663545320
|switch|p1a: SYMBIOSIS|Amoonguss, F|84/100 par
|-damage|p1a: SYMBIOSIS|71/100 par|[from] Stealth Rock
|move|p2a: Zarude|Power Whip|p1a: SYMBIOSIS
|-resisted|p1a: SYMBIOSIS
|-crit|p1a: SYMBIOSIS
|-damage|p1a: SYMBIOSIS|55/100 par
|
|upkeep
|turn|85
|
|t:|1663545329
|move|p2a: Zarude|Darkest Lariat|p1a: SYMBIOSIS
|-damage|p1a: SYMBIOSIS|25/100 par
|move|p1a: SYMBIOSIS|Seed Bomb|p2a: Zarude
|-resisted|p2a: Zarude
|-damage|p2a: Zarude|61/100
|
|upkeep
|turn|86
|
|t:|1663545335
|switch|p1a: POPCORN HEART|Mandibuzz, F|70/100
|move|p2a: Zarude|Jungle Healing|p2a: Zarude
|-heal|p2a: Zarude|86/100
|
|upkeep
|turn|87
|
|t:|1663545338
|move|p2a: Zarude|U-turn|p1a: POPCORN HEART
|-damage|p1a: POPCORN HEART|56/100
|
|t:|1663545341
|switch|p2a: Nihilego|Nihilego|89/100|[from]move: U-turn
|-damage|p2a: Nihilego|77/100|[from] Stealth Rock
|move|p1a: POPCORN HEART|Roost|p1a: POPCORN HEART
|-heal|p1a: POPCORN HEART|100/100
|-singleturn|p1a: POPCORN HEART|move: Roost
|
|-heal|p2a: Nihilego|83/100|[from] item: Black Sludge
|upkeep
|turn|88
|
|t:|1663545345
|switch|p1a: STONETHROW|Hippowdon, M|73/100
|-damage|p1a: STONETHROW|67/100|[from] Stealth Rock
|-weather|Sandstorm|[from] ability: Sand Stream|[of] p1a: STONETHROW
|move|p2a: Nihilego|Sludge Bomb|p1a: STONETHROW
|-resisted|p1a: STONETHROW
|-damage|p1a: STONETHROW|48/100
|-status|p1a: STONETHROW|psn
|
|-weather|Sandstorm|[upkeep]
|-heal|p2a: Nihilego|89/100|[from] item: Black Sludge
|-damage|p1a: STONETHROW|35/100 psn|[from] psn
|upkeep
|turn|89
|
|t:|1663545354
|switch|p2a: Zarude|Zarude|86/100
|move|p1a: STONETHROW|Slack Off|p1a: STONETHROW
|-heal|p1a: STONETHROW|85/100 psn
|
|-weather|Sandstorm|[upkeep]
|-damage|p2a: Zarude|80/100|[from] Sandstorm
|-damage|p1a: STONETHROW|73/100 psn|[from] psn
|upkeep
|turn|90
|
|t:|1663545359
|switch|p1a: POPCORN HEART|Mandibuzz, F|100/100
|move|p2a: Zarude|U-turn|p1a: POPCORN HEART
|-damage|p1a: POPCORN HEART|86/100
|
|t:|1663545362
|switch|p2a: Nihilego|Nihilego|89/100|[from]move: U-turn
|-damage|p2a: Nihilego|77/100|[from] Stealth Rock
|
|-weather|Sandstorm|[upkeep]
|-heal|p2a: Nihilego|83/100|[from] item: Black Sludge
|upkeep
|turn|91
|
|t:|1663545368
|switch|p1a: OVERSTIMULATED|Cobalion|66/100
|-damage|p1a: OVERSTIMULATED|63/100|[from] Stealth Rock
|move|p2a: Nihilego|Power Gem|p1a: OVERSTIMULATED
|-resisted|p1a: OVERSTIMULATED
|-damage|p1a: OVERSTIMULATED|50/100
|
|-weather|Sandstorm|[upkeep]
|-heal|p2a: Nihilego|89/100|[from] item: Black Sludge
|upkeep
|turn|92
|
|t:|1663545373
|switch|p1a: PSYCH WARD|Slowking, M|100/100 tox
|switch|p2a: Salamence|Salamence, M|88/100
|-ability|p2a: Salamence|Intimidate|boost
|-unboost|p1a: PSYCH WARD|atk|1
|
|-weather|none
|-damage|p1a: PSYCH WARD|94/100 tox|[from] psn
|upkeep
|turn|93
|
|t:|1663545378
|switch|p2a: Slowking|Slowking, M|80/100
|-damage|p2a: Slowking|68/100|[from] Stealth Rock
|move|p1a: PSYCH WARD|Future Sight|p2a: Slowking
|-start|p1a: PSYCH WARD|move: Future Sight
|
|-damage|p1a: PSYCH WARD|82/100 tox|[from] psn
|upkeep
|turn|94
|
|t:|1663545382
|move|p1a: PSYCH WARD|Teleport|p1a: PSYCH WARD
|
|t:|1663545388
|switch|p1a: SYMBIOSIS|Amoonguss, F|59/100 par|[from]move: Teleport
|-damage|p1a: SYMBIOSIS|46/100 par|[from] Stealth Rock
|move|p2a: Slowking|Teleport|p2a: Slowking
|
|t:|1663545394
|switch|p2a: Zarude|Zarude|80/100|[from]move: Teleport
|
|upkeep
|turn|95
|
|t:|1663545397
|move|p2a: Zarude|Darkest Lariat|p1a: SYMBIOSIS
|-damage|p1a: SYMBIOSIS|18/100 par
|move|p1a: SYMBIOSIS|Sludge Bomb|p2a: Zarude
|-supereffective|p2a: Zarude
|-damage|p2a: Zarude|28/100
|
|-end|p2a: Zarude|move: Future Sight
|-immune|p2a: Zarude
|upkeep
|turn|96
|
|t:|1663545410
|switch|p1a: POPCORN HEART|Mandibuzz, F|86/100
|move|p2a: Zarude|Darkest Lariat|p1a: POPCORN HEART
|-resisted|p1a: POPCORN HEART
|-damage|p1a: POPCORN HEART|73/100
|
|upkeep
|turn|97
|
|t:|1663545415
|move|p2a: Zarude|U-turn|p1a: POPCORN HEART
|-damage|p1a: POPCORN HEART|61/100
|
|t:|1663545418
|switch|p2a: Slowking|Slowking, M|100/100|[from]move: U-turn
|-damage|p2a: Slowking|88/100|[from] Stealth Rock
|move|p1a: POPCORN HEART|U-turn|p2a: Slowking
|-supereffective|p2a: Slowking
|-damage|p2a: Slowking|71/100
|
|t:|1663545423
|switch|p1a: SYMBIOSIS|Amoonguss, F|51/100 par|[from]move: U-turn
|-damage|p1a: SYMBIOSIS|38/100 par|[from] Stealth Rock
|
|upkeep
|turn|98
|
|t:|1663545429
|switch|p2a: Salamence|Salamence, M|88/100
|-ability|p2a: Salamence|Intimidate|boost
|-unboost|p1a: SYMBIOSIS|atk|1
|switch|p1a: PSYCH WARD|Slowking, M|100/100 tox
|
|-damage|p1a: PSYCH WARD|94/100 tox|[from] psn
|upkeep
|turn|99
|
|t:|1663545436
|switch|p2a: Zarude|Zarude|28/100
|move|p1a: PSYCH WARD|Teleport|p1a: PSYCH WARD
|
|t:|1663545445
|switch|p1a: BABY LITTLE TWEEN|Lycanroc-Dusk, F, shiny|88/100|[from]move: Teleport
|-damage|p1a: BABY LITTLE TWEEN|76/100|[from] Stealth Rock
|
|upkeep
|turn|100
|
|t:|1663545453
|switch|p2a: Slowking|Slowking, M|100/100
|-damage|p2a: Slowking|88/100|[from] Stealth Rock
|move|p1a: BABY LITTLE TWEEN|Close Combat|p2a: Slowking
|-resisted|p2a: Slowking
|-damage|p2a: Slowking|62/100
|-unboost|p1a: BABY LITTLE TWEEN|def|1
|-unboost|p1a: BABY LITTLE TWEEN|spd|1
|
|upkeep
|turn|101
|
|t:|1663545465
|switch|p1a: PSYCH WARD|Slowking, M|100/100 tox
|move|p2a: Slowking|Teleport|p2a: Slowking
|
|t:|1663545467
|switch|p2a: Zarude|Zarude|28/100|[from]move: Teleport
|
|-damage|p1a: PSYCH WARD|94/100 tox|[from] psn
|upkeep
|turn|102
|
|t:|1663545472
|switch|p1a: POPCORN HEART|Mandibuzz, F|61/100
|move|p2a: Zarude|Jungle Healing|p2a: Zarude
|-heal|p2a: Zarude|53/100
|
|upkeep
|turn|103
|
|t:|1663545473
|move|p2a: Zarude|U-turn|p1a: POPCORN HEART
|-damage|p1a: POPCORN HEART|48/100
|
|t:|1663545477
|switch|p2a: Nihilego|Nihilego|89/100|[from]move: U-turn
|-damage|p2a: Nihilego|77/100|[from] Stealth Rock
|move|p1a: POPCORN HEART|Roost|p1a: POPCORN HEART
|-heal|p1a: POPCORN HEART|98/100
|-singleturn|p1a: POPCORN HEART|move: Roost
|
|-heal|p2a: Nihilego|83/100|[from] item: Black Sludge
|upkeep
|turn|104
|
|t:|1663545480
|switch|p1a: STONETHROW|Hippowdon, M|73/100 psn
|-damage|p1a: STONETHROW|67/100 psn|[from] Stealth Rock
|-weather|Sandstorm|[from] ability: Sand Stream|[of] p1a: STONETHROW
|move|p2a: Nihilego|Power Gem|p1a: STONETHROW
|-resisted|p1a: STONETHROW
|-damage|p1a: STONETHROW|51/100 psn
|
|-weather|Sandstorm|[upkeep]
|-heal|p2a: Nihilego|89/100|[from] item: Black Sludge
|-damage|p1a: STONETHROW|39/100 psn|[from] psn
|upkeep
|turn|105
|
|t:|1663545484
|switch|p2a: Zarude|Zarude|53/100
|move|p1a: STONETHROW|Slack Off|p1a: STONETHROW
|-heal|p1a: STONETHROW|89/100 psn
|
|-weather|Sandstorm|[upkeep]
|-damage|p2a: Zarude|48/100|[from] Sandstorm
|-damage|p1a: STONETHROW|76/100 psn|[from] psn
|upkeep
|turn|106
|
|t:|1663545488
|switch|p1a: POPCORN HEART|Mandibuzz, F|98/100
|move|p2a: Zarude|Jungle Healing|p2a: Zarude
|-heal|p2a: Zarude|73/100
|
|-weather|Sandstorm|[upkeep]
|-damage|p2a: Zarude|67/100|[from] Sandstorm
|upkeep
|turn|107
|
|t:|1663545494
|move|p2a: Zarude|U-turn|p1a: POPCORN HEART
|-damage|p1a: POPCORN HEART|86/100
|
|t:|1663545497
|switch|p2a: Slowking|Slowking, M|95/100|[from]move: U-turn
|-damage|p2a: Slowking|83/100|[from] Stealth Rock
|move|p1a: POPCORN HEART|U-turn|p2a: Slowking
|-supereffective|p2a: Slowking
|-damage|p2a: Slowking|68/100
|
|t:|1663545503
|switch|p1a: PSYCH WARD|Slowking, M|100/100 tox|[from]move: U-turn
|
|-weather|Sandstorm|[upkeep]
|-damage|p1a: PSYCH WARD|94/100 tox|[from] Sandstorm
|-damage|p2a: Slowking|62/100|[from] Sandstorm
|-damage|p1a: PSYCH WARD|88/100 tox|[from] psn
|upkeep
|turn|108
|
|t:|1663545507
|move|p2a: Slowking|Slack Off|p2a: Slowking
|-heal|p2a: Slowking|100/100
|move|p1a: PSYCH WARD|Future Sight|p2a: Slowking
|-start|p1a: PSYCH WARD|move: Future Sight
|
|-weather|none
|-damage|p1a: PSYCH WARD|76/100 tox|[from] psn
|upkeep
|turn|109
|
|t:|1663545514
|move|p1a: PSYCH WARD|Teleport|p1a: PSYCH WARD
|
|t:|1663545519
|switch|p1a: SYMBIOSIS|Amoonguss, F|72/100 par|[from]move: Teleport
|-damage|p1a: SYMBIOSIS|59/100 par|[from] Stealth Rock
|move|p2a: Slowking|Teleport|p2a: Slowking
|
|t:|1663545523
|switch|p2a: Salamence|Salamence, M|88/100|[from]move: Teleport
|-ability|p2a: Salamence|Intimidate|boost
|-unboost|p1a: SYMBIOSIS|atk|1
|
|upkeep
|turn|110
|
|t:|1663545533
|switch|p2a: Slowking|Slowking, M|100/100
|-damage|p2a: Slowking|88/100|[from] Stealth Rock
|move|p1a: SYMBIOSIS|Sludge Bomb|p2a: Slowking
|-damage|p2a: Slowking|66/100
|
|-end|p2a: Slowking|move: Future Sight
|-resisted|p2a: Slowking
|-damage|p2a: Slowking|48/100
|upkeep
|turn|111
|
|t:|1663545539
|switch|p2a: Salamence|Salamence, M|88/100
|-ability|p2a: Salamence|Intimidate|boost
|-unboost|p1a: SYMBIOSIS|atk|1
|move|p1a: SYMBIOSIS|Sludge Bomb|p2a: Salamence
|-damage|p2a: Salamence|59/100
|
|upkeep
|turn|112
|
|t:|1663545542
|move|p2a: Salamence|Roost|p2a: Salamence
|-heal|p2a: Salamence|100/100
|-singleturn|p2a: Salamence|move: Roost
|move|p1a: SYMBIOSIS|Sludge Bomb|p2a: Salamence
|-damage|p2a: Salamence|74/100
|
|upkeep
|turn|113
|
|t:|1663545544
|move|p2a: Salamence|Flamethrower|p1a: SYMBIOSIS
|-supereffective|p1a: SYMBIOSIS
|-damage|p1a: SYMBIOSIS|25/100 par
|cant|p1a: SYMBIOSIS|par
|
|upkeep
|turn|114
|
|t:|1663545551
|switch|p2a: Zarude|Zarude|67/100
|switch|p1a: PSYCH WARD|Slowking, M|100/100 tox
|
|-damage|p1a: PSYCH WARD|94/100 tox|[from] psn
|upkeep
|turn|115
|
|t:|1663545557
|switch|p1a: POPCORN HEART|Mandibuzz, F|86/100
|move|p2a: Zarude|U-turn|p1a: POPCORN HEART
|-damage|p1a: POPCORN HEART|72/100
|
|t:|1663545559
|switch|p2a: Nihilego|Nihilego|89/100|[from]move: U-turn
|-damage|p2a: Nihilego|77/100|[from] Stealth Rock
|
|-heal|p2a: Nihilego|83/100|[from] item: Black Sludge
|upkeep
|turn|116
|
|t:|1663545569
|switch|p1a: STONETHROW|Hippowdon, M|76/100 psn
|-damage|p1a: STONETHROW|70/100 psn|[from] Stealth Rock
|-weather|Sandstorm|[from] ability: Sand Stream|[of] p1a: STONETHROW
|move|p2a: Nihilego|Sludge Bomb|p1a: STONETHROW
|-resisted|p1a: STONETHROW
|-damage|p1a: STONETHROW|51/100 psn
|
|-weather|Sandstorm|[upkeep]
|-heal|p2a: Nihilego|89/100|[from] item: Black Sludge
|-damage|p1a: STONETHROW|39/100 psn|[from] psn
|upkeep
|turn|117
|
|t:|1663545577
|switch|p2a: Slowking|Slowking, M|81/100
|-damage|p2a: Slowking|69/100|[from] Stealth Rock
|move|p1a: STONETHROW|Slack Off|p1a: STONETHROW
|-heal|p1a: STONETHROW|89/100 psn
|
|-weather|Sandstorm|[upkeep]
|-damage|p2a: Slowking|63/100|[from] Sandstorm
|-damage|p1a: STONETHROW|77/100 psn|[from] psn
|upkeep
|turn|118
|
|t:|1663545580
|move|p1a: STONETHROW|Toxic|p2a: Slowking
|-status|p2a: Slowking|tox
|move|p2a: Slowking|Teleport|p2a: Slowking
|
|t:|1663545588
|switch|p2a: Zarude|Zarude|67/100|[from]move: Teleport
|
|-weather|Sandstorm|[upkeep]
|-damage|p2a: Zarude|61/100|[from] Sandstorm
|-damage|p1a: STONETHROW|64/100 psn|[from] psn
|upkeep
|turn|119
|
|t:|1663545592
|switch|p1a: SYMBIOSIS|Amoonguss, F|59/100 par
|-damage|p1a: SYMBIOSIS|46/100 par|[from] Stealth Rock
|move|p2a: Zarude|Power Whip|p1a: SYMBIOSIS
|-resisted|p1a: SYMBIOSIS
|-damage|p1a: SYMBIOSIS|35/100 par
|
|-weather|Sandstorm|[upkeep]
|-damage|p2a: Zarude|55/100|[from] Sandstorm
|-damage|p1a: SYMBIOSIS|29/100 par|[from] Sandstorm
|upkeep
|turn|120
|
|t:|1663545594
|switch|p1a: POPCORN HEART|Mandibuzz, F|72/100
|move|p2a: Zarude|Darkest Lariat|p1a: POPCORN HEART
|-resisted|p1a: POPCORN HEART
|-damage|p1a: POPCORN HEART|59/100
|
|-weather|none
|upkeep
|turn|121
|
|t:|1663545597
|move|p2a: Zarude|U-turn|p1a: POPCORN HEART
|-crit|p1a: POPCORN HEART
|-damage|p1a: POPCORN HEART|41/100
|
|t:|1663545600
|switch|p2a: Nihilego|Nihilego|89/100|[from]move: U-turn
|-damage|p2a: Nihilego|77/100|[from] Stealth Rock
|move|p1a: POPCORN HEART|Roost|p1a: POPCORN HEART
|-heal|p1a: POPCORN HEART|91/100
|-singleturn|p1a: POPCORN HEART|move: Roost
|
|-heal|p2a: Nihilego|83/100|[from] item: Black Sludge
|upkeep
|turn|122
|
|t:|1663545609
|switch|p1a: PSYCH WARD|Slowking, M|100/100 tox
|move|p2a: Nihilego|Power Gem|p1a: PSYCH WARD
|-damage|p1a: PSYCH WARD|70/100 tox
|
|-heal|p2a: Nihilego|89/100|[from] item: Black Sludge
|-damage|p1a: PSYCH WARD|64/100 tox|[from] psn
|upkeep
|turn|123
|
|t:|1663545614
|move|p2a: Nihilego|Knock Off|p1a: PSYCH WARD
|-supereffective|p1a: PSYCH WARD
|-damage|p1a: PSYCH WARD|46/100 tox
|-enditem|p1a: PSYCH WARD|Heavy-Duty Boots|[from] move: Knock Off|[of] p2a: Nihilego
|move|p1a: PSYCH WARD|Future Sight|p2a: Nihilego
|-start|p1a: PSYCH WARD|move: Future Sight
|
|-heal|p2a: Nihilego|95/100|[from] item: Black Sludge
|-damage|p1a: PSYCH WARD|33/100 tox|[from] psn
|upkeep
|turn|124
|
|t:|1663545622
|switch|p1a: STONETHROW|Hippowdon, M|64/100 psn
|-damage|p1a: STONETHROW|58/100 psn|[from] Stealth Rock
|-weather|Sandstorm|[from] ability: Sand Stream|[of] p1a: STONETHROW
|move|p2a: Nihilego|Sludge Bomb|p1a: STONETHROW
|-resisted|p1a: STONETHROW
|-damage|p1a: STONETHROW|41/100 psn
|
|-weather|Sandstorm|[upkeep]
|-heal|p2a: Nihilego|100/100|[from] item: Black Sludge
|-damage|p1a: STONETHROW|28/100 psn|[from] psn
|upkeep
|turn|125
|
|t:|1663545626
|switch|p2a: Zarude|Zarude|55/100
|move|p1a: STONETHROW|Slack Off|p1a: STONETHROW
|-heal|p1a: STONETHROW|78/100 psn
|
|-weather|Sandstorm|[upkeep]
|-damage|p2a: Zarude|49/100|[from] Sandstorm
|-end|p2a: Zarude|move: Future Sight
|-immune|p2a: Zarude
|-damage|p1a: STONETHROW|66/100 psn|[from] psn
|upkeep
|turn|126
|
|t:|1663545631
|switch|p1a: SYMBIOSIS|Amoonguss, F|62/100 par
|-damage|p1a: SYMBIOSIS|49/100 par|[from] Stealth Rock
|move|p2a: Zarude|Jungle Healing|p2a: Zarude
|-heal|p2a: Zarude|74/100
|
|-weather|Sandstorm|[upkeep]
|-damage|p2a: Zarude|68/100|[from] Sandstorm
|-damage|p1a: SYMBIOSIS|43/100 par|[from] Sandstorm
|upkeep
|turn|127
|
|t:|1663545637
|move|p2a: Zarude|U-turn|p1a: SYMBIOSIS
|-damage|p1a: SYMBIOSIS|25/100 par
|
|t:|1663545641
|switch|p2a: Nihilego|Nihilego|100/100|[from]move: U-turn
|-damage|p2a: Nihilego|88/100|[from] Stealth Rock
|move|p1a: SYMBIOSIS|Sludge Bomb|p2a: Nihilego
|-resisted|p2a: Nihilego
|-damage|p2a: Nihilego|85/100
|
|-weather|Sandstorm|[upkeep]
|-damage|p1a: SYMBIOSIS|19/100 par|[from] Sandstorm
|-heal|p2a: Nihilego|91/100|[from] item: Black Sludge
|upkeep
|turn|128
|
|t:|1663545650
|switch|p2a: Zarude|Zarude|68/100
|switch|p1a: OVERSTIMULATED|Cobalion|50/100
|-damage|p1a: OVERSTIMULATED|47/100|[from] Stealth Rock
|
|-weather|none
|upkeep
|turn|129
|
|t:|1663545659
|switch|p2a: Slowking|Slowking, M|96/100 tox
|-damage|p2a: Slowking|83/100 tox|[from] Stealth Rock
|move|p1a: OVERSTIMULATED|Close Combat|p2a: Slowking
|-resisted|p2a: Slowking
|-damage|p2a: Slowking|67/100 tox
|-unboost|p1a: OVERSTIMULATED|def|1
|-unboost|p1a: OVERSTIMULATED|spd|1
|
|-damage|p2a: Slowking|61/100 tox|[from] psn
|upkeep
|turn|130
|
|t:|1663545669
|switch|p1a: SYMBIOSIS|Amoonguss, F|52/100 par
|-damage|p1a: SYMBIOSIS|40/100 par|[from] Stealth Rock
|move|p2a: Slowking|Teleport|p2a: Slowking
|
|t:|1663545692
|switch|p2a: Salamence|Salamence, M|74/100|[from]move: Teleport
|-ability|p2a: Salamence|Intimidate|boost
|-unboost|p1a: SYMBIOSIS|atk|1
|
|upkeep
|turn|131
|
|t:|1663545699
|switch|p1a: STONETHROW|Hippowdon, M|66/100 psn
|-damage|p1a: STONETHROW|60/100 psn|[from] Stealth Rock
|-weather|Sandstorm|[from] ability: Sand Stream|[of] p1a: STONETHROW
|move|p2a: Salamence|Flamethrower|p1a: STONETHROW
|-damage|p1a: STONETHROW|43/100 psn
|
|-weather|Sandstorm|[upkeep]
|-damage|p2a: Salamence|68/100|[from] Sandstorm
|-damage|p1a: STONETHROW|31/100 psn|[from] psn
|upkeep
|turn|132
|
|t:|1663545703
|move|p2a: Salamence|Roost|p2a: Salamence
|-heal|p2a: Salamence|100/100
|-singleturn|p2a: Salamence|move: Roost
|move|p1a: STONETHROW|Slack Off|p1a: STONETHROW
|-heal|p1a: STONETHROW|81/100 psn
|
|-weather|Sandstorm|[upkeep]
|-damage|p2a: Salamence|94/100|[from] Sandstorm
|-damage|p1a: STONETHROW|68/100 psn|[from] psn
|upkeep
|turn|133
|
|t:|1663545710
|switch|p2a: Zarude|Zarude|68/100
|move|p1a: STONETHROW|Toxic|p2a: Zarude|[miss]
|-miss|p1a: STONETHROW|p2a: Zarude
|
|-weather|Sandstorm|[upkeep]
|-damage|p2a: Zarude|62/100|[from] Sandstorm
|-damage|p1a: STONETHROW|56/100 psn|[from] psn
|upkeep
|turn|134
|
|t:|1663545716
|switch|p1a: POPCORN HEART|Mandibuzz, F|91/100
|move|p2a: Zarude|Jungle Healing|p2a: Zarude
|-heal|p2a: Zarude|87/100
|
|-weather|Sandstorm|[upkeep]
|-damage|p2a: Zarude|81/100|[from] Sandstorm
|upkeep
|turn|135
|
|t:|1663545718
|move|p2a: Zarude|U-turn|p1a: POPCORN HEART
|-damage|p1a: POPCORN HEART|78/100
|
|t:|1663545723
|switch|p2a: Nihilego|Nihilego|91/100|[from]move: U-turn
|-damage|p2a: Nihilego|78/100|[from] Stealth Rock
|move|p1a: POPCORN HEART|Defog|p2a: Nihilego
|-unboost|p2a: Nihilego|evasion|1
|-sideend|p2: Permission Slip|Stealth Rock|[from] move: Defog|[of] p1a: POPCORN HEART
|-sideend|p1: suloxiv 愛|Stealth Rock|[from] move: Defog|[of] p1a: POPCORN HEART
|
|-weather|none
|-heal|p2a: Nihilego|85/100|[from] item: Black Sludge
|upkeep
|turn|136
|
|t:|1663545737
|switch|p2a: Zarude|Zarude|81/100
|switch|p1a: OVERSTIMULATED|Cobalion|47/100
|
|upkeep
|turn|137
|
|t:|1663545744
|switch|p1a: SYMBIOSIS|Amoonguss, F|73/100 par
|switch|p2a: Salamence|Salamence, M|94/100
|-ability|p2a: Salamence|Intimidate|boost
|-unboost|p1a: SYMBIOSIS|atk|1
|
|upkeep
|turn|138
|
|t:|1663545747
|move|p2a: Salamence|Flamethrower|p1a: SYMBIOSIS
|-supereffective|p1a: SYMBIOSIS
|-damage|p1a: SYMBIOSIS|38/100 par
|move|p1a: SYMBIOSIS|Sludge Bomb|p2a: Salamence
|-damage|p2a: Salamence|67/100
|-status|p2a: Salamence|psn
|
|-damage|p2a: Salamence|54/100 psn|[from] psn
|upkeep
|turn|139
|
|t:|1663545754
|switch|p1a: PSYCH WARD|Slowking, M|67/100 tox
|move|p2a: Salamence|Roost|p2a: Salamence
|-heal|p2a: Salamence|100/100 psn
|-singleturn|p2a: Salamence|move: Roost
|
|-damage|p2a: Salamence|88/100 psn|[from] psn
|-damage|p1a: PSYCH WARD|61/100 tox|[from] psn
|upkeep
|turn|140
|
|t:|1663545758
|switch|p2a: Zarude|Zarude|81/100
|move|p1a: PSYCH WARD|Teleport|p1a: PSYCH WARD
|
|t:|1663545764
|switch|p1a: BABY LITTLE TWEEN|Lycanroc-Dusk, F, shiny|76/100|[from]move: Teleport
|
|upkeep
|turn|141
|
|t:|1663545772
|switch|p2a: Slowking|Slowking, M|95/100 tox
|move|p1a: BABY LITTLE TWEEN|Close Combat|p2a: Slowking
|-resisted|p2a: Slowking
|-damage|p2a: Slowking|66/100 tox
|-unboost|p1a: BABY LITTLE TWEEN|def|1
|-unboost|p1a: BABY LITTLE TWEEN|spd|1
|
|-damage|p2a: Slowking|60/100 tox|[from] psn
|upkeep
|turn|142
|
|t:|1663545778
|switch|p1a: SYMBIOSIS|Amoonguss, F|72/100 par
|move|p2a: Slowking|Teleport|p2a: Slowking
|
|t:|1663545786
|switch|p2a: Nihilego|Nihilego|85/100|[from]move: Teleport
|
|-heal|p2a: Nihilego|91/100|[from] item: Black Sludge
|upkeep
|turn|143
|
|t:|1663545800
|switch|p1a: STONETHROW|Hippowdon, M|56/100 psn
|-weather|Sandstorm|[from] ability: Sand Stream|[of] p1a: STONETHROW
|move|p2a: Nihilego|Stealth Rock|p1a: STONETHROW
|-sidestart|p1: suloxiv 愛|move: Stealth Rock
|
|-weather|Sandstorm|[upkeep]
|-heal|p2a: Nihilego|97/100|[from] item: Black Sludge
|-damage|p1a: STONETHROW|44/100 psn|[from] psn
|upkeep
|turn|144
|
|t:|1663545806
|switch|p2a: Zarude|Zarude|81/100
|move|p1a: STONETHROW|Slack Off|p1a: STONETHROW
|-heal|p1a: STONETHROW|94/100 psn
|
|-weather|Sandstorm|[upkeep]
|-damage|p2a: Zarude|75/100|[from] Sandstorm
|-damage|p1a: STONETHROW|81/100 psn|[from] psn
|upkeep
|turn|145
|
|t:|1663545811
|switch|p1a: SYMBIOSIS|Amoonguss, F|100/100 par
|-damage|p1a: SYMBIOSIS|88/100 par|[from] Stealth Rock
|move|p2a: Zarude|Power Whip|p1a: SYMBIOSIS
|-resisted|p1a: SYMBIOSIS
|-damage|p1a: SYMBIOSIS|77/100 par
|
|-weather|Sandstorm|[upkeep]
|-damage|p2a: Zarude|69/100|[from] Sandstorm
|-damage|p1a: SYMBIOSIS|71/100 par|[from] Sandstorm
|upkeep
|turn|146
|
|t:|1663545817
|move|p2a: Zarude|U-turn|p1a: SYMBIOSIS
|-damage|p1a: SYMBIOSIS|54/100 par
|
|t:|1663545823
|switch|p2a: Nihilego|Nihilego|97/100|[from]move: U-turn
|cant|p1a: SYMBIOSIS|par
|
|-weather|Sandstorm|[upkeep]
|-damage|p1a: SYMBIOSIS|47/100 par|[from] Sandstorm
|-heal|p2a: Nihilego|100/100|[from] item: Black Sludge
|upkeep
|turn|147
|
|t:|1663545828
|switch|p1a: STONETHROW|Hippowdon, M|81/100 psn
|-damage|p1a: STONETHROW|75/100 psn|[from] Stealth Rock
|move|p2a: Nihilego|Sludge Bomb|p1a: STONETHROW
|-resisted|p1a: STONETHROW
|-damage|p1a: STONETHROW|58/100 psn
|
|-weather|none
|-damage|p1a: STONETHROW|45/100 psn|[from] psn
|upkeep
|turn|148
|
|t:|1663545832
|move|p2a: Nihilego|Sludge Bomb|p1a: STONETHROW
|-resisted|p1a: STONETHROW
|-damage|p1a: STONETHROW|27/100 psn
|move|p1a: STONETHROW|Stealth Rock|p2a: Nihilego
|-sidestart|p2: Permission Slip|move: Stealth Rock
|
|-damage|p1a: STONETHROW|15/100 psn|[from] psn
|upkeep
|turn|149
|
|t:|1663545838
|move|p2a: Nihilego|Power Gem|p1a: STONETHROW
|-resisted|p1a: STONETHROW
|-damage|p1a: STONETHROW|0 fnt
|faint|p1a: STONETHROW
|-ability|p2a: Nihilego|Beast Boost|boost
|-boost|p2a: Nihilego|spe|1
|
|upkeep
|
|t:|1663545841
|switch|p1a: BABY LITTLE TWEEN|Lycanroc-Dusk, F, shiny|76/100
|-damage|p1a: BABY LITTLE TWEEN|63/100|[from] Stealth Rock
|turn|150
|inactive|Permission Slip has 270 seconds left.
|
|t:|1663545883
|move|p2a: Nihilego|Power Gem|p1a: BABY LITTLE TWEEN
|-damage|p1a: BABY LITTLE TWEEN|0 fnt
|faint|p1a: BABY LITTLE TWEEN
|-ability|p2a: Nihilego|Beast Boost|boost
|-boost|p2a: Nihilego|spe|1
|
|upkeep
|
|t:|1663545891
|switch|p1a: OVERSTIMULATED|Cobalion|47/100
|-damage|p1a: OVERSTIMULATED|44/100|[from] Stealth Rock
|turn|151
|
|t:|1663545906
|switch|p2a: Salamence|Salamence, M|88/100 psn
|-ability|p2a: Salamence|Intimidate|boost
|-unboost|p1a: OVERSTIMULATED|atk|1
|move|p1a: OVERSTIMULATED|Swords Dance|p1a: OVERSTIMULATED
|-boost|p1a: OVERSTIMULATED|atk|2
|
|-damage|p2a: Salamence|76/100 psn|[from] psn
|upkeep
|turn|152
|
|t:|1663545916
|switch|p2a: Scizor|Scizor, M|59/100 slp
|-damage|p2a: Scizor|47/100 slp|[from] Stealth Rock
|move|p1a: OVERSTIMULATED|Iron Head|p2a: Scizor
|-resisted|p2a: Scizor
|-damage|p2a: Scizor|30/100 slp
|-damage|p1a: OVERSTIMULATED|27/100|[from] item: Rocky Helmet|[of] p2a: Scizor
|
|upkeep
|turn|153
|
|t:|1663545920
|cant|p2a: Scizor|slp
|move|p1a: OVERSTIMULATED|Close Combat|p2a: Scizor
|-damage|p2a: Scizor|0 fnt
|-unboost|p1a: OVERSTIMULATED|def|1
|-unboost|p1a: OVERSTIMULATED|spd|1
|-damage|p1a: OVERSTIMULATED|11/100|[from] item: Rocky Helmet|[of] p2a: Scizor
|faint|p2a: Scizor
|
|upkeep
|
|t:|1663545923
|switch|p2a: Diggersby|Diggersby, F|84/100
|-damage|p2a: Diggersby|78/100|[from] Stealth Rock
|turn|154
|
|t:|1663545931
|switch|p1a: PSYCH WARD|Slowking, M|94/100 tox
|-damage|p1a: PSYCH WARD|81/100 tox|[from] Stealth Rock
|move|p2a: Diggersby|Body Slam|p1a: PSYCH WARD
|-damage|p1a: PSYCH WARD|41/100 tox
|
|-damage|p1a: PSYCH WARD|35/100 tox|[from] psn
|upkeep
|turn|155
|
|t:|1663545935
|move|p2a: Diggersby|Body Slam|p1a: PSYCH WARD
|-damage|p1a: PSYCH WARD|0 fnt
|faint|p1a: PSYCH WARD
|
|upkeep
|
|t:|1663545937
|switch|p1a: POPCORN HEART|Mandibuzz, F|78/100
|turn|156
|
|t:|1663545941
|switch|p2a: Nihilego|Nihilego|100/100
|-damage|p2a: Nihilego|88/100|[from] Stealth Rock
|move|p1a: POPCORN HEART|Foul Play|p2a: Nihilego
|-damage|p2a: Nihilego|62/100
|
|-heal|p2a: Nihilego|68/100|[from] item: Black Sludge
|upkeep
|turn|157
|
|t:|1663545947
|move|p2a: Nihilego|Power Gem|p1a: POPCORN HEART
|-supereffective|p1a: POPCORN HEART
|-damage|p1a: POPCORN HEART|10/100
|move|p1a: POPCORN HEART|Roost|p1a: POPCORN HEART
|-heal|p1a: POPCORN HEART|60/100
|-singleturn|p1a: POPCORN HEART|move: Roost
|
|-heal|p2a: Nihilego|75/100|[from] item: Black Sludge
|upkeep
|turn|158
|
|t:|1663545951
|move|p2a: Nihilego|Power Gem|p1a: POPCORN HEART
|-supereffective|p1a: POPCORN HEART
|-damage|p1a: POPCORN HEART|0 fnt
|faint|p1a: POPCORN HEART
|-ability|p2a: Nihilego|Beast Boost|boost
|-boost|p2a: Nihilego|spe|1
|
|-heal|p2a: Nihilego|81/100|[from] item: Black Sludge
|upkeep
|
|t:|1663545953
|switch|p1a: SYMBIOSIS|Amoonguss, F|81/100 par
|-damage|p1a: SYMBIOSIS|68/100 par|[from] Stealth Rock
|turn|159
|
|t:|1663545954
|move|p2a: Nihilego|Power Gem|p1a: SYMBIOSIS
|-damage|p1a: SYMBIOSIS|31/100 par
|move|p1a: SYMBIOSIS|Seed Bomb|p2a: Nihilego
|-damage|p2a: Nihilego|46/100
|
|-heal|p2a: Nihilego|52/100|[from] item: Black Sludge
|upkeep
|turn|160
|
|t:|1663545959
|move|p2a: Nihilego|Power Gem|p1a: SYMBIOSIS
|-damage|p1a: SYMBIOSIS|0 fnt
|faint|p1a: SYMBIOSIS
|-ability|p2a: Nihilego|Beast Boost|boost
|-boost|p2a: Nihilego|spe|1
|
|-heal|p2a: Nihilego|58/100|[from] item: Black Sludge
|upkeep
|
|t:|1663545960
|switch|p1a: OVERSTIMULATED|Cobalion|11/100
|-damage|p1a: OVERSTIMULATED|8/100|[from] Stealth Rock
|turn|161
|
|t:|1663545961
|move|p2a: Nihilego|Power Gem|p1a: OVERSTIMULATED
|-resisted|p1a: OVERSTIMULATED
|-damage|p1a: OVERSTIMULATED|0 fnt
|faint|p1a: OVERSTIMULATED
|
|win|Permission Slip
|c|☆suloxiv 愛|gg
|c|☆Permission Slip|gg
|c|+Luirromen|Was this g1?
|player|p1|suloxiv 愛|erika-masters
