|inactive|Battle timer is ON: inactive players will automatically lose when time's up.
|t:|1636648555
|gametype|singles
|player|p1|HINA SAWAYAMA|skier|
|player|p2|KSt3ve|1|
|teamsize|p1|6
|teamsize|p2|6
|gen|8
|tier|[Gen 8] UU
|rule|Sleep Clause Mod: Limit one foe put to sleep
|rule|Species Clause: Limit one of each Pokémon
|rule|OHKO Clause: OHKO moves are banned
|rule|Evasion Moves Clause: Evasion moves are banned
|rule|Endless Battle Clause: Forcing endless battles is banned
|rule|HP Percentage Mod: HP is shown in percentages
|rule|Dynamax Clause: You cannot dynamax
|clearpoke
|poke|p1|Skarmory, F|
|poke|p1|Mienshao, F|
|poke|p1|Diancie|
|poke|p1|Swampert, F|
|poke|p1|Thundurus-Therian, M|
|poke|p1|Zarude-Dada|
|poke|p2|Moltres|
|poke|p2|Excadrill, M|
|poke|p2|Hydreigon, F|
|poke|p2|Zarude|
|poke|p2|Amoonguss, F|
|poke|p2|Azumarill, M|
|teampreview
|inactive|HINA SAWAYAMA also wants the timer to be on.
|c|☆KSt3ve|hf !
|c|☆HINA SAWAYAMA|hf
|inactive|HINA SAWAYAMA has 270 seconds left.
|inactive|KSt3ve has 270 seconds left.
|inactive|KSt3ve has 240 seconds left.
|
|t:|1636648618
|start
|switch|p1a: sturdy birdy|Skarmory, F|100/100
|switch|p2a: Azumarill|Azumarill, M|100/100
|turn|1
|
|t:|1636648626
|move|p1a: sturdy birdy|Spikes|p2a: Azumarill
|-sidestart|p2: KSt3ve|Spikes
|move|p2a: Azumarill|Whirlpool|p1a: sturdy birdy
|-damage|p1a: sturdy birdy|90/100
|-activate|p1a: sturdy birdy|move: Whirlpool|[of] p2a: Azumarill
|
|-damage|p1a: sturdy birdy|78/100|[from] move: Whirlpool|[partiallytrapped]
|upkeep
|turn|2
|
|t:|1636648634
|move|p1a: sturdy birdy|Spikes|p2a: Azumarill
|-sidestart|p2: KSt3ve|Spikes
|move|p2a: Azumarill|Perish Song|p2a: Azumarill
|-start|p1a: sturdy birdy|perish3|[silent]
|-start|p2a: Azumarill|perish3|[silent]
|-fieldactivate|move: Perish Song
|
|-damage|p1a: sturdy birdy|66/100|[from] move: Whirlpool|[partiallytrapped]
|-start|p1a: sturdy birdy|perish3
|-start|p2a: Azumarill|perish3
|upkeep
|turn|3
|c|+ASKOV|cmeçamo como
|
|t:|1636648645
|move|p1a: sturdy birdy|Spikes|p2a: Azumarill
|-sidestart|p2: KSt3ve|Spikes
|move|p2a: Azumarill|Whirlpool|p1a: sturdy birdy
|-damage|p1a: sturdy birdy|55/100
|
|-damage|p1a: sturdy birdy|42/100|[from] move: Whirlpool|[partiallytrapped]
|-start|p1a: sturdy birdy|perish2
|-start|p2a: Azumarill|perish2
|upkeep
|turn|4
|
|t:|1636648654
|move|p1a: sturdy birdy|Roost|p1a: sturdy birdy
|-heal|p1a: sturdy birdy|92/100
|-singleturn|p1a: sturdy birdy|move: Roost
|move|p2a: Azumarill|Whirlpool|p1a: sturdy birdy
|-damage|p1a: sturdy birdy|81/100
|
|-damage|p1a: sturdy birdy|69/100|[from] move: Whirlpool|[partiallytrapped]
|-start|p1a: sturdy birdy|perish1
|-start|p2a: Azumarill|perish1
|upkeep
|turn|5
|c|☆HINA SAWAYAMA|hm
|c|☆HINA SAWAYAMA|ive lost
|c|☆HINA SAWAYAMA|ooo
|c|+ASKOV|ooo
|
|t:|1636648676
|switch|p2a: Moltres|Moltres|100/100
|move|p1a: sturdy birdy|Brave Bird|p2a: Moltres
|-damage|p2a: Moltres|59/100
|-damage|p1a: sturdy birdy|56/100|[from] Recoil
|
|-end|p1a: sturdy birdy|Whirlpool|[partiallytrapped]
|-start|p1a: sturdy birdy|perish0
|upkeep
|faint|p1a: sturdy birdy
|inactive|HINA SAWAYAMA has 270 seconds left.
|
|t:|1636648711
|switch|p1a: thund raider|Thundurus-Therian, M|100/100
|turn|6
|
|t:|1636648727
|move|p1a: thund raider|Volt Switch|p2a: Moltres
|-supereffective|p2a: Moltres
|-damage|p2a: Moltres|0 fnt
|faint|p2a: Moltres
|inactive|HINA SAWAYAMA has 270 seconds left.
|
|t:|1636648740
|switch|p1a: tina uturner|Mienshao, F|100/100|[from]move: Volt Switch
|
|upkeep
|
|t:|1636648746
|switch|p2a: Amoonguss|Amoonguss, F|100/100
|-damage|p2a: Amoonguss|75/100|[from] Spikes
|turn|7
|
|t:|1636648755
|move|p1a: tina uturner|U-turn|p2a: Amoonguss
|-damage|p2a: Amoonguss|59/100
|-damage|p1a: tina uturner|84/100|[from] item: Rocky Helmet|[of] p2a: Amoonguss
|
|t:|1636648757
|switch|p1a: hina swamayama|Swampert, F|100/100|[from]move: U-turn
|move|p2a: Amoonguss|Spore|p1a: hina swamayama
|-status|p1a: hina swamayama|slp|[from] move: Spore
|
|upkeep
|turn|8
|
|t:|1636648775
|cant|p1a: hina swamayama|slp
|move|p1a: hina swamayama|Sleep Talk|p1a: hina swamayama
|move|p1a: hina swamayama|Earthquake|p2a: Amoonguss|[from]move: Sleep Talk
|-crit|p2a: Amoonguss
|-damage|p2a: Amoonguss|0 fnt
|faint|p2a: Amoonguss
|
|upkeep
|c|☆KSt3ve|lol
|inactive|KSt3ve has 270 seconds left.
|inactive|KSt3ve has 240 seconds left.
|
|t:|1636648844
|switch|p2a: Zarude|Zarude|100/100
|-damage|p2a: Zarude|76/100|[from] Spikes
|turn|9
|
|t:|1636648854
|switch|p1a: thund raider|Thundurus-Therian, M|100/100
|move|p2a: Zarude|Power Whip|p1a: thund raider
|-resisted|p1a: thund raider
|-damage|p1a: thund raider|53/100
|
|-heal|p2a: Zarude|82/100|[from] item: Leftovers
|upkeep
|turn|10
|inactive|KSt3ve has 240 seconds left.
|
|t:|1636648872
|switch|p1a: old town rude|Zarude-Dada|100/100
|move|p2a: Zarude|Darkest Lariat|p1a: old town rude
|-resisted|p1a: old town rude
|-damage|p1a: old town rude|81/100
|
|-heal|p2a: Zarude|88/100|[from] item: Leftovers
|upkeep
|turn|11
|
|t:|1636648883
|switch|p1a: tina uturner|Mienshao, F|100/100
|switch|p2a: Azumarill|Azumarill, M|100/100
|-damage|p2a: Azumarill|75/100|[from] Spikes
|
|-heal|p2a: Azumarill|82/100|[from] item: Leftovers
|upkeep
|turn|12
|
|t:|1636648886
|move|p2a: Azumarill|Protect|p2a: Azumarill
|-singleturn|p2a: Azumarill|Protect
|move|p1a: tina uturner|U-turn|p2a: Azumarill
|-activate|p2a: Azumarill|move: Protect
|
|-heal|p2a: Azumarill|88/100|[from] item: Leftovers
|upkeep
|turn|13
|
|t:|1636648891
|move|p1a: tina uturner|U-turn|p2a: Azumarill
|-resisted|p2a: Azumarill
|-damage|p2a: Azumarill|76/100
|inactive|HINA SAWAYAMA has 270 seconds left.
|
|t:|1636648930
|switch|p1a: hina swamayama|Swampert, F|100/100 slp|[from]move: U-turn
|move|p2a: Azumarill|Whirlpool|p1a: hina swamayama
|-damage|p1a: hina swamayama|92/100 slp
|-activate|p1a: hina swamayama|move: Whirlpool|[of] p2a: Azumarill
|
|-heal|p2a: Azumarill|83/100|[from] item: Leftovers
|-damage|p1a: hina swamayama|79/100 slp|[from] move: Whirlpool|[partiallytrapped]
|upkeep
|turn|14
|inactive|HINA SAWAYAMA has 270 seconds left.
|c|+basaninho|Perds pas contre un loser pareil congélo 
|c|☆KSt3ve|ptdr
|
|t:|1636648953
|cant|p1a: hina swamayama|slp
|move|p2a: Azumarill|Perish Song|p2a: Azumarill
|-start|p1a: hina swamayama|perish3|[silent]
|-start|p2a: Azumarill|perish3|[silent]
|-fieldactivate|move: Perish Song
|
|-heal|p2a: Azumarill|89/100|[from] item: Leftovers
|-damage|p1a: hina swamayama|67/100 slp|[from] move: Whirlpool|[partiallytrapped]
|-start|p1a: hina swamayama|perish3
|-start|p2a: Azumarill|perish3
|upkeep
|turn|15
|
|t:|1636648966
|move|p2a: Azumarill|Protect|p2a: Azumarill
|-singleturn|p2a: Azumarill|Protect
|-curestatus|p1a: hina swamayama|slp|[msg]
|move|p1a: hina swamayama|Flip Turn|p2a: Azumarill
|-activate|p2a: Azumarill|move: Protect
|
|-heal|p2a: Azumarill|95/100|[from] item: Leftovers
|-damage|p1a: hina swamayama|55/100|[from] move: Whirlpool|[partiallytrapped]
|-start|p1a: hina swamayama|perish2
|-start|p2a: Azumarill|perish2
|upkeep
|turn|16
|inactive|KSt3ve has 240 seconds left.
|
|t:|1636648993
|move|p1a: hina swamayama|Flip Turn|p2a: Azumarill
|-resisted|p2a: Azumarill
|-damage|p2a: Azumarill|70/100
|
|t:|1636648996
|switch|p1a: old town rude|Zarude-Dada|81/100|[from]move: Flip Turn
|move|p2a: Azumarill|Whirlpool|p1a: old town rude
|-resisted|p1a: old town rude
|-damage|p1a: old town rude|77/100
|-activate|p1a: old town rude|move: Whirlpool|[of] p2a: Azumarill
|
|-heal|p2a: Azumarill|76/100|[from] item: Leftovers
|-damage|p1a: old town rude|65/100|[from] move: Whirlpool|[partiallytrapped]
|-start|p2a: Azumarill|perish1
|upkeep
|turn|17
|inactive|KSt3ve has 240 seconds left.
|inactive|KSt3ve has 210 seconds left.
|
|t:|1636649048
|switch|p2a: Hydreigon|Hydreigon, F|100/100
|move|p1a: old town rude|U-turn|p2a: Hydreigon
|-supereffective|p2a: Hydreigon
|-damage|p2a: Hydreigon|45/100
|
|t:|1636649051
|switch|p1a: tina uturner|Mienshao, F|100/100|[from]move: U-turn
|
|upkeep
|turn|18
|inactive|KSt3ve has 210 seconds left.
|
|t:|1636649059
|switch|p2a: Azumarill|Azumarill, M|76/100
|-damage|p2a: Azumarill|51/100|[from] Spikes
|move|p1a: tina uturner|Close Combat|p2a: Azumarill
|-resisted|p2a: Azumarill
|-damage|p2a: Azumarill|19/100
|-unboost|p1a: tina uturner|def|1
|-unboost|p1a: tina uturner|spd|1
|
|-heal|p2a: Azumarill|25/100|[from] item: Leftovers
|upkeep
|turn|19
|
|t:|1636649063
|move|p2a: Azumarill|Protect|p2a: Azumarill
|-singleturn|p2a: Azumarill|Protect
|move|p1a: tina uturner|Close Combat|p2a: Azumarill
|-activate|p2a: Azumarill|move: Protect
|
|-heal|p2a: Azumarill|31/100|[from] item: Leftovers
|upkeep
|turn|20
|inactive|KSt3ve has 210 seconds left.
|
|t:|1636649097
|move|p2a: Azumarill|Protect||[still]
|-fail|p2a: Azumarill
|move|p1a: tina uturner|Close Combat|p2a: Azumarill
|-resisted|p2a: Azumarill
|-damage|p2a: Azumarill|0 fnt
|-unboost|p1a: tina uturner|def|1
|-unboost|p1a: tina uturner|spd|1
|faint|p2a: Azumarill
|
|upkeep
|c|☆KSt3ve|gg
|c|☆HINA SAWAYAMA|gg
|
|t:|1636649111
|switch|p2a: Excadrill|Excadrill, M|100/100
|-damage|p2a: Excadrill|76/100|[from] Spikes
|-ability|p2a: Excadrill|Mold Breaker
|turn|21
|
|t:|1636649112
|move|p1a: tina uturner|Close Combat|p2a: Excadrill
|-supereffective|p2a: Excadrill
|-damage|p2a: Excadrill|0 fnt
|-unboost|p1a: tina uturner|def|1
|-unboost|p1a: tina uturner|spd|1
|faint|p2a: Excadrill
|
|upkeep
|
|t:|1636649117
|switch|p2a: Zarude|Zarude|88/100
|-damage|p2a: Zarude|63/100|[from] Spikes
|turn|22
|
|t:|1636649120
|move|p1a: tina uturner|Close Combat|p2a: Zarude
|-supereffective|p2a: Zarude
|-damage|p2a: Zarude|0 fnt
|-unboost|p1a: tina uturner|def|1
|-unboost|p1a: tina uturner|spd|1
|faint|p2a: Zarude
|
|upkeep
|-message|KSt3ve forfeited.
|
|win|HINA SAWAYAMA
