|inactive|Battle timer is ON: inactive players will automatically lose when time's up.
|t:|1658084473
|gametype|singles
|player|p1|KSt3ve|#fcpl4raichicheurs|
|player|p2|Fc ❤|#wcop2022canada|
|teamsize|p1|6
|teamsize|p2|6
|gen|8
|tier|[Gen 8] UU
|rule|Sleep Clause Mod: Limit one foe put to sleep
|rule|Species Clause: Limit one of each Pokémon
|rule|OHKO Clause: OHKO moves are banned
|rule|Evasion Moves Clause: Evasion moves are banned
|rule|Endless Battle Clause: Forcing endless battles is banned
|rule|HP Percentage Mod: HP is shown in percentages
|rule|Dynamax Clause: You cannot dynamax
|clearpoke
|poke|p1|Marowak-Alola, M|
|poke|p1|Togekiss, F|
|poke|p1|Krookodile, F|
|poke|p1|Scizor, M|
|poke|p1|Tentacruel, M|
|poke|p1|Noivern, F|
|poke|p2|Skarmory, F|
|poke|p2|Nihilego|
|poke|p2|Tangrowth, M|
|poke|p2|Hydreigon, M|
|poke|p2|Diggersby, F|
|poke|p2|Hatterene, F|
|teampreview
|raw|<div class="broadcast-red"><strong>Moderated chat was set to ☆!</strong><br />Only users of rank ☆ and higher can talk.</div>
|c|☆Fc ❤|hf
|c|☆KSt3ve|hf
|inactive|KSt3ve has 270 seconds left.
|inactive|Fc ❤ has 270 seconds left.
|inactive|KSt3ve has 240 seconds left.
|
|t:|1658084536
|start
|switch|p1a: Krookodile|Krookodile, F|100/100
|switch|p2a: Hydreigon|Hydreigon, M|100/100
|-ability|p1a: Krookodile|Intimidate|boost
|-unboost|p2a: Hydreigon|atk|1
|turn|1
|inactive|KSt3ve has 270 seconds left.
|
|t:|1658084568
|switch|p1a: Togekiss|Togekiss, F|100/100
|move|p2a: Hydreigon|Fire Blast|p1a: Togekiss
|-damage|p1a: Togekiss|57/100
|
|upkeep
|turn|2
|
|t:|1658084573
|switch|p2a: Nihilego|Nihilego|100/100
|move|p1a: Togekiss|Roost|p1a: Togekiss
|-heal|p1a: Togekiss|100/100
|-singleturn|p1a: Togekiss|move: Roost
|
|upkeep
|turn|3
|
|t:|1658084575
|move|p2a: Nihilego|Stealth Rock|p1a: Togekiss
|-sidestart|p1: KSt3ve|move: Stealth Rock
|move|p1a: Togekiss|Thunder Wave|p2a: Nihilego
|-status|p2a: Nihilego|par
|
|upkeep
|turn|4
|
|t:|1658084589
|switch|p1a: Tentacruel|Tentacruel, M|100/100
|-damage|p1a: Tentacruel|88/100|[from] Stealth Rock
|cant|p2a: Nihilego|par
|
|-heal|p1a: Tentacruel|94/100|[from] item: Black Sludge
|upkeep
|turn|5
|
|t:|1658084592
|move|p1a: Tentacruel|Rapid Spin|p2a: Nihilego
|-resisted|p2a: Nihilego
|-damage|p2a: Nihilego|94/100 par
|-boost|p1a: Tentacruel|spe|1
|-sideend|p1: KSt3ve|Stealth Rock|[from] move: Rapid Spin|[of] p1a: Tentacruel
|move|p2a: Nihilego|Knock Off|p1a: Tentacruel
|-damage|p1a: Tentacruel|82/100
|-enditem|p1a: Tentacruel|Black Sludge|[from] move: Knock Off|[of] p2a: Nihilego
|
|-heal|p2a: Nihilego|100/100 par|[from] item: Black Sludge
|upkeep
|turn|6
|inactive|Fc ❤ has 270 seconds left.
|
|t:|1658084623
|switch|p2a: Tangrowth|Tangrowth, M|100/100
|move|p1a: Tentacruel|Scald|p2a: Tangrowth
|-resisted|p2a: Tangrowth
|-damage|p2a: Tangrowth|94/100
|
|upkeep
|turn|7
|
|t:|1658084631
|switch|p1a: Scizor|Scizor, M|100/100
|move|p2a: Tangrowth|Earthquake|p1a: Scizor
|-damage|p1a: Scizor|82/100
|
|upkeep
|turn|8
|
|t:|1658084634
|move|p1a: Scizor|U-turn|p2a: Tangrowth
|-supereffective|p2a: Tangrowth
|-damage|p2a: Tangrowth|54/100
|
|t:|1658084640
|switch|p1a: Tentacruel|Tentacruel, M|82/100|[from]move: U-turn
|move|p2a: Tangrowth|Knock Off|p1a: Tentacruel
|-damage|p1a: Tentacruel|67/100
|
|upkeep
|turn|9
|
|t:|1658084672
|move|p1a: Tentacruel|Sludge Bomb|p2a: Tangrowth
|-supereffective|p2a: Tangrowth
|-damage|p2a: Tangrowth|21/100
|move|p2a: Tangrowth|Earthquake|p1a: Tentacruel
|-supereffective|p1a: Tentacruel
|-damage|p1a: Tentacruel|24/100
|
|upkeep
|turn|10
|inactive|KSt3ve has 270 seconds left.
|
|t:|1658084693
|switch|p2a: Hydreigon|Hydreigon, M|100/100
|move|p1a: Tentacruel|Scald|p2a: Hydreigon
|-resisted|p2a: Hydreigon
|-damage|p2a: Hydreigon|87/100
|
|upkeep
|turn|11
|inactive|KSt3ve has 270 seconds left.
|
|t:|1658084724
|switch|p1a: Togekiss|Togekiss, F|100/100
|move|p2a: Hydreigon|Dark Pulse|p1a: Togekiss
|-resisted|p1a: Togekiss
|-damage|p1a: Togekiss|75/100
|
|upkeep
|turn|12
|inactive|KSt3ve has 240 seconds left.
|
|t:|1658084756
|switch|p1a: Marowak|Marowak-Alola, M|100/100
|move|p2a: Hydreigon|Dark Pulse|p1a: Marowak
|-supereffective|p1a: Marowak
|-damage|p1a: Marowak|0 fnt
|faint|p1a: Marowak
|
|upkeep
|inactive|KSt3ve has 210 seconds left.
|inactive|KSt3ve has 180 seconds left.
|inactive|KSt3ve has 150 seconds left.
|
|t:|1658084860
|switch|p1a: Krookodile|Krookodile, F|100/100
|-ability|p1a: Krookodile|Intimidate|boost
|-unboost|p2a: Hydreigon|atk|1
|turn|13
|inactive|KSt3ve has 120 seconds left.
|inactive|Fc ❤ has 270 seconds left.
|
|t:|1658084881
|switch|p2a: Hatterene|Hatterene, F|100/100
|move|p1a: Krookodile|Knock Off|p2a: Hatterene
|-damage|p2a: Hatterene|62/100
|-enditem|p2a: Hatterene|Leftovers|[from] move: Knock Off|[of] p1a: Krookodile
|
|upkeep
|turn|14
|inactive|KSt3ve has 120 seconds left.
|inactive|Fc ❤ has 270 seconds left.
|
|t:|1658084900
|move|p1a: Krookodile|Knock Off|p2a: Hatterene
|-damage|p2a: Hatterene|37/100
|move|p2a: Hatterene|Psyshock|p1a: Krookodile
|-immune|p1a: Krookodile
|
|upkeep
|turn|15
|inactive|KSt3ve has 120 seconds left.
|
|t:|1658084914
|switch|p1a: Tentacruel|Tentacruel, M|24/100
|switch|p2a: Skarmory|Skarmory, F|100/100
|
|upkeep
|turn|16
|inactive|KSt3ve has 120 seconds left.
|
|t:|1658084931
|switch|p2a: Hydreigon|Hydreigon, M|87/100
|move|p1a: Tentacruel|Sludge Bomb|p2a: Hydreigon
|-damage|p2a: Hydreigon|59/100
|
|upkeep
|turn|17
|
|t:|1658084959
|switch|p1a: Noivern|Noivern, F|100/100
|move|p2a: Hydreigon|Dark Pulse|p1a: Noivern
|-damage|p1a: Noivern|22/100
|
|upkeep
|turn|18
|
|t:|1658084973
|switch|p2a: Nihilego|Nihilego|100/100 par
|move|p1a: Noivern|U-turn|p2a: Nihilego
|-resisted|p2a: Nihilego
|-damage|p2a: Nihilego|91/100 par
|inactive|KSt3ve has 90 seconds left.
|inactive|KSt3ve has 60 seconds left.
|
|t:|1658085035
|switch|p1a: Krookodile|Krookodile, F|100/100|[from]move: U-turn
|-ability|p1a: Krookodile|Intimidate|boost
|-unboost|p2a: Nihilego|atk|1
|
|-heal|p2a: Nihilego|97/100 par|[from] item: Black Sludge
|upkeep
|turn|19
|
|t:|1658085053
|switch|p2a: Skarmory|Skarmory, F|100/100
|move|p1a: Krookodile|Knock Off|p2a: Skarmory
|-crit|p2a: Skarmory
|-damage|p2a: Skarmory|60/100
|-damage|p1a: Krookodile|84/100|[from] item: Rocky Helmet|[of] p2a: Skarmory
|-enditem|p2a: Skarmory|Rocky Helmet|[from] move: Knock Off|[of] p1a: Krookodile
|
|upkeep
|turn|20
|
|t:|1658085061
|move|p1a: Krookodile|Knock Off|p2a: Skarmory
|-damage|p2a: Skarmory|41/100
|move|p2a: Skarmory|Roost|p2a: Skarmory
|-heal|p2a: Skarmory|91/100
|-singleturn|p2a: Skarmory|move: Roost
|
|upkeep
|turn|21
|
|t:|1658085064
|switch|p1a: Tentacruel|Tentacruel, M|24/100
|move|p2a: Skarmory|Body Press|p1a: Tentacruel
|-resisted|p1a: Tentacruel
|-damage|p1a: Tentacruel|7/100
|
|upkeep
|turn|22
|
|t:|1658085072
|switch|p2a: Hydreigon|Hydreigon, M|59/100
|move|p1a: Tentacruel|Rest|p1a: Tentacruel
|-status|p1a: Tentacruel|slp|[from] move: Rest
|-heal|p1a: Tentacruel|100/100 slp|[silent]
|
|upkeep
|turn|23
|
|t:|1658085102
|switch|p1a: Togekiss|Togekiss, F|75/100
|move|p2a: Hydreigon|Dark Pulse|p1a: Togekiss
|-resisted|p1a: Togekiss
|-damage|p1a: Togekiss|48/100
|
|upkeep
|turn|24
|
|t:|1658085108
|switch|p2a: Nihilego|Nihilego|97/100 par
|move|p1a: Togekiss|Roost|p1a: Togekiss
|-heal|p1a: Togekiss|99/100
|-singleturn|p1a: Togekiss|move: Roost
|
|-heal|p2a: Nihilego|100/100 par|[from] item: Black Sludge
|upkeep
|turn|25
|
|t:|1658085122
|switch|p1a: Krookodile|Krookodile, F|84/100
|-ability|p1a: Krookodile|Intimidate|boost
|-unboost|p2a: Nihilego|atk|1
|move|p2a: Nihilego|Stealth Rock|p1a: Krookodile
|-sidestart|p1: KSt3ve|move: Stealth Rock
|
|upkeep
|turn|26
|
|t:|1658085137
|switch|p2a: Skarmory|Skarmory, F|91/100
|move|p1a: Krookodile|Earthquake|p2a: Skarmory
|-immune|p2a: Skarmory
|
|upkeep
|turn|27
|
|t:|1658085151
|switch|p1a: Togekiss|Togekiss, F|99/100
|move|p2a: Skarmory|Body Press|p1a: Togekiss
|-resisted|p1a: Togekiss
|-damage|p1a: Togekiss|92/100
|
|upkeep
|turn|28
|
|t:|1658085154
|switch|p2a: Nihilego|Nihilego|100/100 par
|move|p1a: Togekiss|Heal Bell|p1a: Togekiss
|-activate|p1a: Togekiss|move: Heal Bell
|-curestatus|p1: Tentacruel|slp|[msg]
|
|upkeep
|turn|29
|
|t:|1658085167
|switch|p1a: Krookodile|Krookodile, F|84/100
|-damage|p1a: Krookodile|78/100|[from] Stealth Rock
|-ability|p1a: Krookodile|Intimidate|boost
|-unboost|p2a: Nihilego|atk|1
|switch|p2a: Diggersby|Diggersby, F|100/100
|
|upkeep
|turn|30
|inactive|KSt3ve has 60 seconds left.
|inactive|KSt3ve has 30 seconds left.
|inactive|KSt3ve has 20 seconds left.
|inactive|KSt3ve has 15 seconds left.
|
|t:|1658085243
|move|p1a: Krookodile|Knock Off|p2a: Diggersby
|-damage|p2a: Diggersby|42/100
|-enditem|p2a: Diggersby|Choice Scarf|[from] move: Knock Off|[of] p1a: Krookodile
|move|p2a: Diggersby|U-turn|p1a: Krookodile
|-supereffective|p1a: Krookodile
|-damage|p1a: Krookodile|0 fnt
|faint|p1a: Krookodile
|inactive|KSt3ve has 20 seconds left this turn.
|inactive|Fc ❤ has 270 seconds left.
|
|t:|1658085280
|switch|p2a: Hydreigon|Hydreigon, M|59/100|[from]move: U-turn
|
|upkeep
|inactive|KSt3ve has 25 seconds left this turn.
|inactive|KSt3ve has 20 seconds left.
|
|t:|1658085288
|switch|p1a: Togekiss|Togekiss, F|92/100
|turn|31
|inactive|KSt3ve has 30 seconds left this turn.
|inactive|Fc ❤ has 270 seconds left.
|inactive|KSt3ve has 20 seconds left.
|inactive|KSt3ve has 15 seconds left.
|
|t:|1658085307
|switch|p2a: Nihilego|Nihilego|100/100 par
|move|p1a: Togekiss|Thunder Wave|p2a: Nihilego
|-fail|p2a: Nihilego|par
|
|upkeep
|turn|32
|inactive|KSt3ve has 25 seconds left this turn.
|
|t:|1658085316
|switch|p2a: Diggersby|Diggersby, F|42/100
|move|p1a: Togekiss|Air Slash|p2a: Diggersby
|-damage|p2a: Diggersby|1/100
|
|upkeep
|turn|33
|inactive|Fc ❤ has 270 seconds left.
|
|t:|1658085328
|switch|p2a: Nihilego|Nihilego|100/100 par
|move|p1a: Togekiss|Air Slash|p2a: Nihilego
|-resisted|p2a: Nihilego
|-damage|p2a: Nihilego|89/100 par
|
|-heal|p2a: Nihilego|95/100 par|[from] item: Black Sludge
|upkeep
|turn|34
|
|t:|1658085335
|switch|p1a: Tentacruel|Tentacruel, M|100/100
|-damage|p1a: Tentacruel|88/100|[from] Stealth Rock
|switch|p2a: Diggersby|Diggersby, F|1/100
|
|upkeep
|turn|35
|
|t:|1658085341
|move|p1a: Tentacruel|Rapid Spin|p2a: Diggersby
|-damage|p2a: Diggersby|0 fnt
|-boost|p1a: Tentacruel|spe|1
|-sideend|p1: KSt3ve|Stealth Rock|[from] move: Rapid Spin|[of] p1a: Tentacruel
|faint|p2a: Diggersby
|
|upkeep
|
|t:|1658085348
|switch|p2a: Hydreigon|Hydreigon, M|59/100
|turn|36
|
|t:|1658085367
|move|p1a: Tentacruel|Sludge Bomb|p2a: Hydreigon
|-crit|p2a: Hydreigon
|-damage|p2a: Hydreigon|11/100
|move|p2a: Hydreigon|Draco Meteor|p1a: Tentacruel
|-damage|p1a: Tentacruel|6/100
|-unboost|p2a: Hydreigon|spa|2
|
|upkeep
|turn|37
|
|t:|1658085378
|move|p1a: Tentacruel|Sludge Bomb|p2a: Hydreigon
|-crit|p2a: Hydreigon
|-damage|p2a: Hydreigon|0 fnt
|faint|p2a: Hydreigon
|
|upkeep
|
|t:|1658085382
|switch|p2a: Tangrowth|Tangrowth, M|54/100
|turn|38
|
|t:|1658085401
|switch|p1a: Scizor|Scizor, M|82/100
|move|p2a: Tangrowth|Earthquake|p1a: Scizor
|-damage|p1a: Scizor|63/100
|
|upkeep
|turn|39
|
|t:|1658085412
|move|p1a: Scizor|Roost|p1a: Scizor
|-heal|p1a: Scizor|100/100
|-singleturn|p1a: Scizor|move: Roost
|move|p2a: Tangrowth|Knock Off|p1a: Scizor
|-damage|p1a: Scizor|82/100
|-enditem|p1a: Scizor|Heavy-Duty Boots|[from] move: Knock Off|[of] p2a: Tangrowth
|
|upkeep
|turn|40
|
|t:|1658085421
|move|p1a: Scizor|Bullet Punch|p2a: Tangrowth
|-damage|p2a: Tangrowth|36/100
|move|p2a: Tangrowth|Knock Off|p1a: Scizor
|-damage|p1a: Scizor|70/100
|
|upkeep
|turn|41
|
|t:|1658085425
|switch|p2a: Skarmory|Skarmory, F|91/100
|move|p1a: Scizor|U-turn|p2a: Skarmory
|-resisted|p2a: Skarmory
|-damage|p2a: Skarmory|86/100
|inactive|KSt3ve has 60 seconds left.
|
|t:|1658085448
|switch|p1a: Tentacruel|Tentacruel, M|6/100|[from]move: U-turn
|
|upkeep
|turn|42
|inactive|KSt3ve has 60 seconds left.
|
|t:|1658085479
|move|p1a: Tentacruel|Sludge Bomb|p2a: Skarmory
|-immune|p2a: Skarmory
|move|p2a: Skarmory|Body Press|p1a: Tentacruel
|-resisted|p1a: Tentacruel
|-damage|p1a: Tentacruel|0 fnt
|faint|p1a: Tentacruel
|
|upkeep
|
|t:|1658085503
|switch|p1a: Togekiss|Togekiss, F|92/100
|turn|43
|
|t:|1658085521
|switch|p1a: Scizor|Scizor, M|70/100
|switch|p2a: Nihilego|Nihilego|95/100 par
|
|-heal|p2a: Nihilego|100/100 par|[from] item: Black Sludge
|upkeep
|turn|44
|
|t:|1658085529
|switch|p2a: Skarmory|Skarmory, F|86/100
|move|p1a: Scizor|U-turn|p2a: Skarmory
|-resisted|p2a: Skarmory
|-damage|p2a: Skarmory|82/100
|
|t:|1658085538
|switch|p1a: Noivern|Noivern, F|22/100|[from]move: U-turn
|
|upkeep
|turn|45
|
|t:|1658085546
|switch|p2a: Nihilego|Nihilego|100/100 par
|move|p1a: Noivern|Roost|p1a: Noivern
|-heal|p1a: Noivern|73/100
|-singleturn|p1a: Noivern|move: Roost
|
|upkeep
|turn|46
|
|t:|1658085556
|move|p1a: Noivern|U-turn|p2a: Nihilego
|-resisted|p2a: Nihilego
|-damage|p2a: Nihilego|92/100 par
|
|t:|1658085557
|switch|p1a: Scizor|Scizor, M|70/100|[from]move: U-turn
|move|p2a: Nihilego|Stealth Rock|p1a: Scizor
|-sidestart|p1: KSt3ve|move: Stealth Rock
|
|-heal|p2a: Nihilego|98/100 par|[from] item: Black Sludge
|upkeep
|turn|47
|
|t:|1658085560
|switch|p2a: Skarmory|Skarmory, F|82/100
|move|p1a: Scizor|Defog|p2a: Skarmory
|-unboost|p2a: Skarmory|evasion|1
|-sideend|p1: KSt3ve|Stealth Rock|[from] move: Defog|[of] p1a: Scizor
|
|upkeep
|turn|48
|
|t:|1658085564
|move|p2a: Skarmory|Spikes|p1a: Scizor
|-sidestart|p1: KSt3ve|Spikes
|move|p1a: Scizor|U-turn|p2a: Skarmory
|-resisted|p2a: Skarmory
|-damage|p2a: Skarmory|77/100
|
|t:|1658085567
|switch|p1a: Noivern|Noivern, F|73/100|[from]move: U-turn
|
|upkeep
|turn|49
|
|t:|1658085574
|switch|p2a: Nihilego|Nihilego|98/100 par
|move|p1a: Noivern|Draco Meteor|p2a: Nihilego
|-damage|p2a: Nihilego|61/100 par
|-unboost|p1a: Noivern|spa|2
|
|-heal|p2a: Nihilego|67/100 par|[from] item: Black Sludge
|upkeep
|turn|50
|
|t:|1658085579
|move|p1a: Noivern|U-turn|p2a: Nihilego
|-resisted|p2a: Nihilego
|-damage|p2a: Nihilego|59/100 par
|
|t:|1658085581
|switch|p1a: Scizor|Scizor, M|70/100|[from]move: U-turn
|-damage|p1a: Scizor|58/100|[from] Spikes
|cant|p2a: Nihilego|par
|
|-heal|p2a: Nihilego|65/100 par|[from] item: Black Sludge
|upkeep
|turn|51
|
|t:|1658085592
|switch|p2a: Skarmory|Skarmory, F|77/100
|move|p1a: Scizor|Roost|p1a: Scizor
|-heal|p1a: Scizor|100/100
|-singleturn|p1a: Scizor|move: Roost
|
|upkeep
|turn|52
|
|t:|1658085598
|move|p2a: Skarmory|Body Press|p1a: Scizor
|-damage|p1a: Scizor|77/100
|move|p1a: Scizor|U-turn|p2a: Skarmory
|-resisted|p2a: Skarmory
|-damage|p2a: Skarmory|72/100
|
|t:|1658085600
|switch|p1a: Noivern|Noivern, F|73/100|[from]move: U-turn
|
|upkeep
|turn|53
|inactive|KSt3ve has 120 seconds left.
|
|t:|1658085606
|switch|p2a: Hatterene|Hatterene, F|37/100
|move|p1a: Noivern|Flamethrower|p2a: Hatterene
|-damage|p2a: Hatterene|11/100
|
|upkeep
|turn|54
|inactive|KSt3ve has 120 seconds left.
|
|t:|1658085626
|switch|p2a: Nihilego|Nihilego|65/100 par
|move|p1a: Noivern|Flamethrower|p2a: Nihilego
|-resisted|p2a: Nihilego
|-damage|p2a: Nihilego|55/100 par
|
|-heal|p2a: Nihilego|61/100 par|[from] item: Black Sludge
|upkeep
|turn|55
|
|t:|1658085628
|move|p1a: Noivern|U-turn|p2a: Nihilego
|-resisted|p2a: Nihilego
|-damage|p2a: Nihilego|53/100 par
|
|t:|1658085630
|switch|p1a: Scizor|Scizor, M|77/100|[from]move: U-turn
|-damage|p1a: Scizor|65/100|[from] Spikes
|move|p2a: Nihilego|Power Gem|p1a: Scizor
|-damage|p1a: Scizor|27/100
|
|-heal|p2a: Nihilego|59/100 par|[from] item: Black Sludge
|upkeep
|turn|56
|
|t:|1658085634
|switch|p2a: Skarmory|Skarmory, F|72/100
|move|p1a: Scizor|Roost|p1a: Scizor
|-heal|p1a: Scizor|77/100
|-singleturn|p1a: Scizor|move: Roost
|
|upkeep
|turn|57
|
|t:|1658085637
|move|p2a: Skarmory|Body Press|p1a: Scizor
|-damage|p1a: Scizor|51/100
|move|p1a: Scizor|U-turn|p2a: Skarmory
|-resisted|p2a: Skarmory
|-damage|p2a: Skarmory|68/100
|
|t:|1658085639
|switch|p1a: Noivern|Noivern, F|73/100|[from]move: U-turn
|
|upkeep
|turn|58
|
|t:|1658085643
|switch|p2a: Nihilego|Nihilego|59/100 par
|move|p1a: Noivern|U-turn|p2a: Nihilego
|-resisted|p2a: Nihilego
|-damage|p2a: Nihilego|50/100 par
|
|t:|1658085645
|switch|p1a: Scizor|Scizor, M|51/100|[from]move: U-turn
|-damage|p1a: Scizor|39/100|[from] Spikes
|
|-heal|p2a: Nihilego|56/100 par|[from] item: Black Sludge
|upkeep
|turn|59
|
|t:|1658085650
|switch|p2a: Skarmory|Skarmory, F|68/100
|move|p1a: Scizor|Roost|p1a: Scizor
|-heal|p1a: Scizor|89/100
|-singleturn|p1a: Scizor|move: Roost
|
|upkeep
|turn|60
|
|t:|1658085653
|switch|p1a: Noivern|Noivern, F|73/100
|move|p2a: Skarmory|Spikes|p1a: Noivern
|-sidestart|p1: KSt3ve|Spikes
|
|upkeep
|turn|61
|
|t:|1658085659
|switch|p2a: Hatterene|Hatterene, F|11/100
|move|p1a: Noivern|Flamethrower|p2a: Hatterene
|-damage|p2a: Hatterene|0 fnt
|faint|p2a: Hatterene
|
|upkeep
|
|t:|1658085662
|switch|p2a: Nihilego|Nihilego|56/100 par
|turn|62
|
|t:|1658085667
|move|p1a: Noivern|Draco Meteor|p2a: Nihilego
|-damage|p2a: Nihilego|16/100 par
|-unboost|p1a: Noivern|spa|2
|cant|p2a: Nihilego|par
|
|-heal|p2a: Nihilego|22/100 par|[from] item: Black Sludge
|upkeep
|turn|63
|
|t:|1658085685
|move|p1a: Noivern|U-turn|p2a: Nihilego
|-resisted|p2a: Nihilego
|-damage|p2a: Nihilego|13/100 par
|
|t:|1658085687
|switch|p1a: Scizor|Scizor, M|89/100|[from]move: U-turn
|-damage|p1a: Scizor|73/100|[from] Spikes
|move|p2a: Nihilego|Power Gem|p1a: Scizor
|-damage|p1a: Scizor|32/100
|
|-heal|p2a: Nihilego|19/100 par|[from] item: Black Sludge
|upkeep
|turn|64
|
|t:|1658085694
|move|p2a: Nihilego|Power Gem|p1a: Scizor
|-damage|p1a: Scizor|0 fnt
|faint|p1a: Scizor
|-ability|p2a: Nihilego|Beast Boost|boost
|-boost|p2a: Nihilego|spe|1
|
|-heal|p2a: Nihilego|25/100 par|[from] item: Black Sludge
|upkeep
|
|t:|1658085698
|switch|p1a: Noivern|Noivern, F|73/100
|turn|65
|inactive|KSt3ve has 240 seconds left.
|
|t:|1658085724
|switch|p2a: Tangrowth|Tangrowth, M|69/100
|move|p1a: Noivern|Draco Meteor|p2a: Tangrowth
|-damage|p2a: Tangrowth|33/100
|-unboost|p1a: Noivern|spa|2
|
|upkeep
|turn|66
|
|t:|1658085731
|move|p1a: Noivern|U-turn|p2a: Tangrowth
|-supereffective|p2a: Tangrowth
|-damage|p2a: Tangrowth|17/100
|
|t:|1658085732
|switch|p1a: Togekiss|Togekiss, F|92/100|[from]move: U-turn
|move|p2a: Tangrowth|Sludge Bomb|p1a: Togekiss
|-supereffective|p1a: Togekiss
|-damage|p1a: Togekiss|54/100
|
|upkeep
|turn|67
|
|t:|1658085736
|switch|p2a: Skarmory|Skarmory, F|68/100
|move|p1a: Togekiss|Air Slash|p2a: Skarmory
|-resisted|p2a: Skarmory
|-damage|p2a: Skarmory|48/100
|
|upkeep
|turn|68
|
|t:|1658085740
|switch|p2a: Nihilego|Nihilego|25/100 par
|move|p1a: Togekiss|Air Slash|p2a: Nihilego
|-resisted|p2a: Nihilego
|-damage|p2a: Nihilego|13/100 par
|
|-heal|p2a: Nihilego|19/100 par|[from] item: Black Sludge
|upkeep
|turn|69
|
|t:|1658085742
|move|p1a: Togekiss|Air Slash|p2a: Nihilego
|-resisted|p2a: Nihilego
|-damage|p2a: Nihilego|8/100 par
|move|p2a: Nihilego|Power Gem|p1a: Togekiss
|-supereffective|p1a: Togekiss
|-damage|p1a: Togekiss|0 fnt
|faint|p1a: Togekiss
|-ability|p2a: Nihilego|Beast Boost|boost
|-boost|p2a: Nihilego|spe|1
|
|-heal|p2a: Nihilego|14/100 par|[from] item: Black Sludge
|upkeep
|
|t:|1658085745
|switch|p1a: Noivern|Noivern, F|73/100
|turn|70
|inactive|KSt3ve has 270 seconds left.
|
|t:|1658085775
|move|p1a: Noivern|Draco Meteor|p2a: Nihilego
|-damage|p2a: Nihilego|0 fnt
|-unboost|p1a: Noivern|spa|2
|faint|p2a: Nihilego
|
|upkeep
|
|t:|1658085780
|switch|p2a: Skarmory|Skarmory, F|48/100
|turn|71
|
|t:|1658085782
|move|p1a: Noivern|Flamethrower|p2a: Skarmory
|-supereffective|p2a: Skarmory
|-damage|p2a: Skarmory|12/100
|-status|p2a: Skarmory|brn
|move|p2a: Skarmory|Roost|p2a: Skarmory
|-heal|p2a: Skarmory|62/100 brn
|-singleturn|p2a: Skarmory|move: Roost
|
|-damage|p2a: Skarmory|56/100 brn|[from] brn
|upkeep
|turn|72
|
|t:|1658085785
|move|p1a: Noivern|Flamethrower|p2a: Skarmory
|-supereffective|p2a: Skarmory
|-damage|p2a: Skarmory|21/100 brn
|move|p2a: Skarmory|Roost|p2a: Skarmory
|-heal|p2a: Skarmory|71/100 brn
|-singleturn|p2a: Skarmory|move: Roost
|
|-damage|p2a: Skarmory|65/100 brn|[from] brn
|upkeep
|turn|73
|
|t:|1658085787
|move|p1a: Noivern|Flamethrower|p2a: Skarmory
|-supereffective|p2a: Skarmory
|-damage|p2a: Skarmory|28/100 brn
|move|p2a: Skarmory|Roost|p2a: Skarmory
|-heal|p2a: Skarmory|78/100 brn
|-singleturn|p2a: Skarmory|move: Roost
|
|-damage|p2a: Skarmory|72/100 brn|[from] brn
|upkeep
|turn|74
|
|t:|1658085789
|move|p1a: Noivern|Flamethrower|p2a: Skarmory
|-supereffective|p2a: Skarmory
|-damage|p2a: Skarmory|39/100 brn
|move|p2a: Skarmory|Roost|p2a: Skarmory
|-heal|p2a: Skarmory|89/100 brn
|-singleturn|p2a: Skarmory|move: Roost
|
|-damage|p2a: Skarmory|83/100 brn|[from] brn
|upkeep
|turn|75
|
|t:|1658085792
|move|p1a: Noivern|Flamethrower|p2a: Skarmory
|-supereffective|p2a: Skarmory
|-damage|p2a: Skarmory|47/100 brn
|move|p2a: Skarmory|Roost|p2a: Skarmory
|-heal|p2a: Skarmory|97/100 brn
|-singleturn|p2a: Skarmory|move: Roost
|
|-damage|p2a: Skarmory|91/100 brn|[from] brn
|upkeep
|turn|76
|
|t:|1658085794
|move|p1a: Noivern|Roost|p1a: Noivern
|-heal|p1a: Noivern|100/100
|-singleturn|p1a: Noivern|move: Roost
|move|p2a: Skarmory|Roost|p2a: Skarmory
|-heal|p2a: Skarmory|100/100 brn
|-singleturn|p2a: Skarmory|move: Roost
|
|-damage|p2a: Skarmory|95/100 brn|[from] brn
|upkeep
|turn|77
|
|t:|1658085795
|move|p1a: Noivern|Flamethrower|p2a: Skarmory
|-supereffective|p2a: Skarmory
|-damage|p2a: Skarmory|56/100 brn
|move|p2a: Skarmory|Iron Defense|p2a: Skarmory
|-boost|p2a: Skarmory|def|2
|
|-damage|p2a: Skarmory|50/100 brn|[from] brn
|upkeep
|turn|78
|
|t:|1658085797
|move|p1a: Noivern|Flamethrower|p2a: Skarmory
|-supereffective|p2a: Skarmory
|-damage|p2a: Skarmory|12/100 brn
|move|p2a: Skarmory|Roost|p2a: Skarmory
|-heal|p2a: Skarmory|62/100 brn
|-singleturn|p2a: Skarmory|move: Roost
|
|-damage|p2a: Skarmory|56/100 brn|[from] brn
|upkeep
|turn|79
|
|t:|1658085799
|move|p1a: Noivern|Flamethrower|p2a: Skarmory
|-supereffective|p2a: Skarmory
|-damage|p2a: Skarmory|24/100 brn
|move|p2a: Skarmory|Roost|p2a: Skarmory
|-heal|p2a: Skarmory|74/100 brn
|-singleturn|p2a: Skarmory|move: Roost
|
|-damage|p2a: Skarmory|68/100 brn|[from] brn
|upkeep
|turn|80
|
|t:|1658085802
|move|p1a: Noivern|Flamethrower|p2a: Skarmory
|-supereffective|p2a: Skarmory
|-damage|p2a: Skarmory|34/100 brn
|move|p2a: Skarmory|Roost|p2a: Skarmory
|-heal|p2a: Skarmory|84/100 brn
|-singleturn|p2a: Skarmory|move: Roost
|
|-damage|p2a: Skarmory|78/100 brn|[from] brn
|upkeep
|turn|81
|
|t:|1658085814
|move|p1a: Noivern|Flamethrower|p2a: Skarmory
|-supereffective|p2a: Skarmory
|-damage|p2a: Skarmory|43/100 brn
|move|p2a: Skarmory|Roost|p2a: Skarmory
|-heal|p2a: Skarmory|93/100 brn
|-singleturn|p2a: Skarmory|move: Roost
|
|-damage|p2a: Skarmory|87/100 brn|[from] brn
|upkeep
|turn|82
|
|t:|1658085815
|move|p1a: Noivern|Flamethrower|p2a: Skarmory
|-supereffective|p2a: Skarmory
|-damage|p2a: Skarmory|54/100 brn
|move|p2a: Skarmory|Roost|p2a: Skarmory
|-heal|p2a: Skarmory|100/100 brn
|-singleturn|p2a: Skarmory|move: Roost
|
|-damage|p2a: Skarmory|95/100 brn|[from] brn
|upkeep
|turn|83
|
|t:|1658085817
|move|p1a: Noivern|Flamethrower|p2a: Skarmory
|-supereffective|p2a: Skarmory
|-damage|p2a: Skarmory|59/100 brn
|move|p2a: Skarmory|Body Press|p1a: Noivern
|-resisted|p1a: Noivern
|-damage|p1a: Noivern|80/100
|
|-damage|p2a: Skarmory|53/100 brn|[from] brn
|upkeep
|turn|84
|
|t:|1658085819
|move|p1a: Noivern|Flamethrower|p2a: Skarmory
|-supereffective|p2a: Skarmory
|-damage|p2a: Skarmory|15/100 brn
|move|p2a: Skarmory|Roost|p2a: Skarmory
|-heal|p2a: Skarmory|65/100 brn
|-singleturn|p2a: Skarmory|move: Roost
|
|-damage|p2a: Skarmory|59/100 brn|[from] brn
|upkeep
|turn|85
|
|t:|1658085821
|move|p1a: Noivern|Flamethrower|p2a: Skarmory
|-supereffective|p2a: Skarmory
|-damage|p2a: Skarmory|25/100 brn
|move|p2a: Skarmory|Roost|p2a: Skarmory
|-heal|p2a: Skarmory|75/100 brn
|-singleturn|p2a: Skarmory|move: Roost
|
|-damage|p2a: Skarmory|69/100 brn|[from] brn
|upkeep
|turn|86
|
|t:|1658085822
|move|p1a: Noivern|Flamethrower|p2a: Skarmory
|-supereffective|p2a: Skarmory
|-damage|p2a: Skarmory|36/100 brn
|move|p2a: Skarmory|Roost|p2a: Skarmory
|-heal|p2a: Skarmory|86/100 brn
|-singleturn|p2a: Skarmory|move: Roost
|
|-damage|p2a: Skarmory|80/100 brn|[from] brn
|upkeep
|turn|87
|
|t:|1658085824
|move|p1a: Noivern|Flamethrower|p2a: Skarmory
|-supereffective|p2a: Skarmory
|-damage|p2a: Skarmory|43/100 brn
|move|p2a: Skarmory|Body Press|p1a: Noivern
|-resisted|p1a: Noivern
|-damage|p1a: Noivern|59/100
|
|-damage|p2a: Skarmory|37/100 brn|[from] brn
|upkeep
|turn|88
|
|t:|1658085826
|move|p1a: Noivern|Roost|p1a: Noivern
|-heal|p1a: Noivern|100/100
|-singleturn|p1a: Noivern|move: Roost
|move|p2a: Skarmory|Body Press|p1a: Noivern
|-damage|p1a: Noivern|58/100
|
|-damage|p2a: Skarmory|31/100 brn|[from] brn
|upkeep
|turn|89
|
|t:|1658085832
|move|p1a: Noivern|Flamethrower|p2a: Skarmory
|-supereffective|p2a: Skarmory
|-damage|p2a: Skarmory|0 fnt
|faint|p2a: Skarmory
|
|upkeep
|
|t:|1658085833
|switch|p2a: Tangrowth|Tangrowth, M|50/100
|turn|90
|
|t:|1658085858
|move|p1a: Noivern|Flamethrower|p2a: Tangrowth
|-supereffective|p2a: Tangrowth
|-damage|p2a: Tangrowth|33/100
|-status|p2a: Tangrowth|brn
|move|p2a: Tangrowth|Sludge Bomb|p1a: Noivern
|-damage|p1a: Noivern|30/100
|
|-damage|p2a: Tangrowth|27/100 brn|[from] brn
|upkeep
|turn|91
|-message|Fc ❤ forfeited.
|
|win|KSt3ve
|c|☆Fc ❤|tough
|c|☆KSt3ve|bruh/20
|c|☆Fc ❤|gg
|c|☆KSt3ve|this gale is no sense
|c|☆KSt3ve|gg mb
