|inactive|Battle timer is ON: inactive players will automatically lose when time's up.
|t:|1659280476
|gametype|singles
|player|p1|cornelia street|ethan|
|player|p2|udongirl|#bltviiiturtwigs|
|teamsize|p1|6
|teamsize|p2|6
|gen|8
|tier|[Gen 8] UU
|rule|Sleep Clause Mod: Limit one foe put to sleep
|rule|Species Clause: Limit one of each Pokémon
|rule|OHKO Clause: OHKO moves are banned
|rule|Evasion Moves Clause: Evasion moves are banned
|rule|Endless Battle Clause: Forcing endless battles is banned
|rule|HP Percentage Mod: HP is shown in percentages
|rule|Dynamax Clause: You cannot dynamax
|clearpoke
|poke|p1|Suicune|
|poke|p1|Slowbro-Galar, M|
|poke|p1|Hippowdon, M|
|poke|p1|Scizor, M|
|poke|p1|Cresselia, F|
|poke|p1|Salamence, F|
|poke|p2|Azumarill, F|
|poke|p2|Tangrowth, M|
|poke|p2|Azelf|
|poke|p2|Mandibuzz, F|
|poke|p2|Nidoqueen, F|
|poke|p2|Chansey, F|
|teampreview
|c|☆cornelia street|hf
|c|☆udongirl|hf
|inactive|cornelia street has 270 seconds left.
|inactive|udongirl has 270 seconds left.
|inactive|udongirl has 240 seconds left.
|
|t:|1659280553
|start
|switch|p1a: love on the brain|Cresselia, F|100/100
|switch|p2a: Azelf|Azelf|100/100
|turn|1
|
|t:|1659280560
|move|p1a: love on the brain|Trick|p2a: Azelf
|-activate|p1a: love on the brain|move: Trick|[of] p2a: Azelf
|-item|p2a: Azelf|Choice Scarf|[from] move: Trick
|-item|p1a: love on the brain|Expert Belt|[from] move: Trick
|move|p2a: Azelf|U-turn|p1a: love on the brain
|-supereffective|p1a: love on the brain
|-damage|p1a: love on the brain|78/100
|inactive|udongirl has 270 seconds left.
|inactive|udongirl has 240 seconds left.
|c|+pokemonisfun|udon udon my favorite noodle, udon udon this is brutal
|inactive|udongirl has 210 seconds left.
|
|t:|1659280657
|switch|p2a: Azumarill|Azumarill, F|100/100|[from]move: U-turn
|
|upkeep
|turn|2
|inactive|udongirl has 210 seconds left.
|
|t:|1659280676
|switch|p1a: desperado|Salamence, F|100/100
|-ability|p1a: desperado|Intimidate|boost
|-unboost|p2a: Azumarill|atk|1
|move|p2a: Azumarill|Knock Off|p1a: desperado
|-damage|p1a: desperado|70/100
|-enditem|p1a: desperado|Heavy-Duty Boots|[from] move: Knock Off|[of] p2a: Azumarill
|
|upkeep
|turn|3
|inactive|cornelia street has 270 seconds left.
|
|t:|1659280733
|switch|p2a: Chansey|Chansey, F|100/100
|move|p1a: desperado|Toxic|p2a: Chansey
|-status|p2a: Chansey|tox
|
|-damage|p2a: Chansey|94/100 tox|[from] psn
|upkeep
|turn|4
|
|t:|1659280746
|switch|p1a: never ending|Hippowdon, M|100/100
|move|p2a: Chansey|Teleport|p2a: Chansey
|
|t:|1659280751
|-curestatus|p2a: Chansey|tox|[from] ability: Natural Cure
|switch|p2a: Azumarill|Azumarill, F|100/100|[from]move: Teleport
|
|upkeep
|turn|5
|
|t:|1659280757
|move|p2a: Azumarill|Liquidation|p1a: never ending
|-supereffective|p1a: never ending
|-damage|p1a: never ending|0 fnt
|faint|p1a: never ending
|
|upkeep
|
|t:|1659280761
|switch|p1a: consideration|Suicune|100/100
|-ability|p1a: consideration|Pressure
|turn|6
|inactive|udongirl has 210 seconds left.
|
|t:|1659280769
|switch|p2a: Tangrowth|Tangrowth, M|100/100
|move|p1a: consideration|Calm Mind|p1a: consideration
|-boost|p1a: consideration|spa|1
|-boost|p1a: consideration|spd|1
|
|upkeep
|turn|7
|
|t:|1659280772
|move|p1a: consideration|Substitute|p1a: consideration
|-start|p1a: consideration|Substitute
|-damage|p1a: consideration|75/100
|move|p2a: Tangrowth|Power Whip|p1a: consideration
|-supereffective|p1a: consideration
|-end|p1a: consideration|Substitute
|
|-heal|p1a: consideration|82/100|[from] item: Leftovers
|upkeep
|turn|8
|
|t:|1659280778
|move|p1a: consideration|Protect|p1a: consideration
|-singleturn|p1a: consideration|Protect
|move|p2a: Tangrowth|Knock Off|p1a: consideration
|-activate|p1a: consideration|move: Protect
|
|-heal|p1a: consideration|88/100|[from] item: Leftovers
|upkeep
|turn|9
|
|t:|1659280804
|move|p1a: consideration|Substitute|p1a: consideration
|-start|p1a: consideration|Substitute
|-damage|p1a: consideration|63/100
|move|p2a: Tangrowth|Power Whip|p1a: consideration
|-supereffective|p1a: consideration
|-end|p1a: consideration|Substitute
|
|-heal|p1a: consideration|69/100|[from] item: Leftovers
|upkeep
|turn|10
|
|t:|1659280811
|move|p1a: consideration|Protect|p1a: consideration
|-singleturn|p1a: consideration|Protect
|move|p2a: Tangrowth|Power Whip|p1a: consideration
|-activate|p1a: consideration|move: Protect
|
|-heal|p1a: consideration|75/100|[from] item: Leftovers
|upkeep
|turn|11
|
|t:|1659280820
|move|p1a: consideration|Substitute|p1a: consideration
|-start|p1a: consideration|Substitute
|-damage|p1a: consideration|50/100
|move|p2a: Tangrowth|Power Whip|p1a: consideration
|-supereffective|p1a: consideration
|-end|p1a: consideration|Substitute
|
|-heal|p1a: consideration|56/100|[from] item: Leftovers
|upkeep
|turn|12
|inactive|udongirl has 210 seconds left.
|
|t:|1659280859
|move|p1a: consideration|Substitute|p1a: consideration
|-start|p1a: consideration|Substitute
|-damage|p1a: consideration|31/100
|move|p2a: Tangrowth|Knock Off|p1a: consideration
|-activate|p1a: consideration|move: Substitute|[damage]
|
|-heal|p1a: consideration|38/100|[from] item: Leftovers
|upkeep
|turn|13
|
|t:|1659280864
|move|p1a: consideration|Protect|p1a: consideration
|-singleturn|p1a: consideration|Protect
|move|p2a: Tangrowth|Knock Off|p1a: consideration
|-activate|p1a: consideration|move: Protect
|
|-heal|p1a: consideration|44/100|[from] item: Leftovers
|upkeep
|turn|14
|
|t:|1659280874
|move|p1a: consideration|Scald|p2a: Tangrowth
|-resisted|p2a: Tangrowth
|-damage|p2a: Tangrowth|89/100
|move|p2a: Tangrowth|Knock Off|p1a: consideration
|-end|p1a: consideration|Substitute
|
|-heal|p1a: consideration|50/100|[from] item: Leftovers
|upkeep
|turn|15
|
|t:|1659280881
|move|p1a: consideration|Protect|p1a: consideration
|-singleturn|p1a: consideration|Protect
|move|p2a: Tangrowth|Knock Off|p1a: consideration
|-activate|p1a: consideration|move: Protect
|
|-heal|p1a: consideration|56/100|[from] item: Leftovers
|upkeep
|turn|16
|
|t:|1659280885
|move|p1a: consideration|Substitute|p1a: consideration
|-start|p1a: consideration|Substitute
|-damage|p1a: consideration|31/100
|move|p2a: Tangrowth|Power Whip|p1a: consideration
|-supereffective|p1a: consideration
|-end|p1a: consideration|Substitute
|
|-heal|p1a: consideration|37/100|[from] item: Leftovers
|upkeep
|turn|17
|
|t:|1659280892
|move|p1a: consideration|Protect|p1a: consideration
|-singleturn|p1a: consideration|Protect
|move|p2a: Tangrowth|Knock Off|p1a: consideration
|-activate|p1a: consideration|move: Protect
|
|-heal|p1a: consideration|44/100|[from] item: Leftovers
|upkeep
|turn|18
|
|t:|1659280896
|move|p1a: consideration|Substitute|p1a: consideration
|-start|p1a: consideration|Substitute
|-damage|p1a: consideration|19/100
|move|p2a: Tangrowth|Power Whip|p1a: consideration|[miss]
|-miss|p2a: Tangrowth|p1a: consideration
|
|-heal|p1a: consideration|25/100|[from] item: Leftovers
|upkeep
|turn|19
|
|t:|1659280903
|switch|p2a: Azelf|Azelf|100/100
|move|p1a: consideration|Protect||[still]
|-fail|p1a: consideration
|
|-heal|p1a: consideration|31/100|[from] item: Leftovers
|upkeep
|turn|20
|
|t:|1659280906
|move|p1a: consideration|Protect|p1a: consideration
|-singleturn|p1a: consideration|Protect
|move|p2a: Azelf|Energy Ball|p1a: consideration
|-activate|p1a: consideration|move: Protect
|
|-heal|p1a: consideration|37/100|[from] item: Leftovers
|upkeep
|turn|21
|
|t:|1659280924
|move|p2a: Azelf|Energy Ball|p1a: consideration
|-supereffective|p1a: consideration
|-end|p1a: consideration|Substitute
|move|p1a: consideration|Scald|p2a: Azelf
|-damage|p2a: Azelf|46/100
|-status|p2a: Azelf|brn
|
|-heal|p1a: consideration|43/100|[from] item: Leftovers
|-damage|p2a: Azelf|39/100 brn|[from] brn
|upkeep
|turn|22
|inactive|udongirl disconnected and has 300 seconds to reconnect!
|player|p2|
|inactive|udongirl reconnected and has 275 seconds left.
|player|p2|udongirl|#bltviiiturtwigs
|inactive|cornelia street has 270 seconds left.
|inactive|udongirl has 270 seconds left.
|
|t:|1659280983
|switch|p1a: woo|Slowbro-Galar, M|100/100
|move|p2a: Azelf|Energy Ball|p1a: woo
|-resisted|p1a: woo
|-damage|p1a: woo|80/100
|
|-damage|p2a: Azelf|33/100 brn|[from] brn
|upkeep
|turn|23
|inactive|udongirl has 270 seconds left.
|
|t:|1659280997
|switch|p2a: Nidoqueen|Nidoqueen, F|100/100
|move|p1a: woo|Nasty Plot|p1a: woo
|-boost|p1a: woo|spa|2
|
|upkeep
|turn|24
|inactive|cornelia street has 270 seconds left.
|
|t:|1659281004
|move|p2a: Nidoqueen|Earth Power|p1a: woo
|-supereffective|p1a: woo
|-damage|p1a: woo|0 fnt
|faint|p1a: woo
|
|upkeep
|
|t:|1659281008
|switch|p1a: love on the brain|Cresselia, F|78/100
|turn|25
|c|+pokemonisfun|my heart
|c|+pokemonisfun|@ aqua jet
|
|t:|1659281032
|switch|p2a: Chansey|Chansey, F|94/100
|move|p1a: love on the brain|Ice Beam|p2a: Chansey
|-damage|p2a: Chansey|89/100
|
|upkeep
|turn|26
|
|t:|1659281056
|switch|p1a: same ol' mistakes|Scizor, M|100/100
|move|p2a: Chansey|Thunder Wave|p1a: same ol' mistakes
|-status|p1a: same ol' mistakes|par
|
|upkeep
|turn|27
|
|t:|1659281064
|switch|p2a: Azelf|Azelf|33/100 brn
|move|p1a: same ol' mistakes|Knock Off|p2a: Azelf
|-supereffective|p2a: Azelf
|-damage|p2a: Azelf|0 fnt
|-enditem|p2a: Azelf|Choice Scarf|[from] move: Knock Off|[of] p1a: same ol' mistakes
|faint|p2a: Azelf
|
|upkeep
|
|t:|1659281067
|switch|p2a: Nidoqueen|Nidoqueen, F|100/100
|turn|28
|inactive|cornelia street has 270 seconds left.
|
|t:|1659281116
|switch|p1a: desperado|Salamence, F|70/100
|-ability|p1a: desperado|Intimidate|boost
|-unboost|p2a: Nidoqueen|atk|1
|move|p2a: Nidoqueen|Stealth Rock|p1a: desperado
|-sidestart|p1: cornelia street|move: Stealth Rock
|
|upkeep
|turn|29
|
|t:|1659281126
|move|p1a: desperado|Defog|p2a: Nidoqueen
|-unboost|p2a: Nidoqueen|evasion|1
|-sideend|p1: cornelia street|Stealth Rock|[from] move: Defog|[of] p1a: desperado
|move|p2a: Nidoqueen|Sludge Wave|p1a: desperado
|-damage|p1a: desperado|7/100
|
|upkeep
|turn|30
|inactive|cornelia street has 240 seconds left.
|
|t:|1659281153
|move|p1a: desperado|Flamethrower|p2a: Nidoqueen
|-damage|p2a: Nidoqueen|76/100
|move|p2a: Nidoqueen|Sludge Wave|p1a: desperado
|-damage|p1a: desperado|0 fnt
|faint|p1a: desperado
|
|upkeep
|inactive|cornelia street has 240 seconds left.
|
|t:|1659281159
|switch|p1a: consideration|Suicune|43/100
|-ability|p1a: consideration|Pressure
|turn|31
|inactive|cornelia street has 240 seconds left.
|
|t:|1659281175
|move|p1a: consideration|Calm Mind|p1a: consideration
|-boost|p1a: consideration|spa|1
|-boost|p1a: consideration|spd|1
|move|p2a: Nidoqueen|Sludge Wave|p1a: consideration
|-damage|p1a: consideration|11/100
|
|-heal|p1a: consideration|17/100|[from] item: Leftovers
|upkeep
|turn|32
|inactive|udongirl has 270 seconds left.
|
|t:|1659281215
|switch|p2a: Tangrowth|Tangrowth, M|100/100
|move|p1a: consideration|Scald|p2a: Tangrowth
|-resisted|p2a: Tangrowth
|-damage|p2a: Tangrowth|89/100
|-status|p2a: Tangrowth|brn
|
|-heal|p1a: consideration|24/100|[from] item: Leftovers
|-damage|p2a: Tangrowth|83/100 brn|[from] brn
|upkeep
|turn|33
|
|t:|1659281224
|move|p1a: consideration|Protect|p1a: consideration
|-singleturn|p1a: consideration|Protect
|move|p2a: Tangrowth|Knock Off|p1a: consideration
|-activate|p1a: consideration|move: Protect
|
|-heal|p1a: consideration|30/100|[from] item: Leftovers
|-damage|p2a: Tangrowth|76/100 brn|[from] brn
|upkeep
|turn|34
|
|t:|1659281231
|move|p1a: consideration|Substitute|p1a: consideration
|-start|p1a: consideration|Substitute
|-damage|p1a: consideration|5/100
|move|p2a: Tangrowth|Power Whip|p1a: consideration
|-supereffective|p1a: consideration
|-end|p1a: consideration|Substitute
|
|-heal|p1a: consideration|11/100|[from] item: Leftovers
|-damage|p2a: Tangrowth|70/100 brn|[from] brn
|upkeep
|turn|35
|
|t:|1659281237
|move|p1a: consideration|Protect|p1a: consideration
|-singleturn|p1a: consideration|Protect
|move|p2a: Tangrowth|Knock Off|p1a: consideration
|-activate|p1a: consideration|move: Protect
|
|-heal|p1a: consideration|17/100|[from] item: Leftovers
|-damage|p2a: Tangrowth|64/100 brn|[from] brn
|upkeep
|turn|36
|
|t:|1659281244
|switch|p1a: same ol' mistakes|Scizor, M|100/100 par
|move|p2a: Tangrowth|Knock Off|p1a: same ol' mistakes
|-damage|p1a: same ol' mistakes|91/100 par
|-enditem|p1a: same ol' mistakes|Safety Goggles|[from] move: Knock Off|[of] p2a: Tangrowth
|
|-damage|p2a: Tangrowth|58/100 brn|[from] brn
|upkeep
|turn|37
|inactive|cornelia street has 270 seconds left.
|inactive|udongirl has 270 seconds left.
|
|t:|1659281300
|switch|p2a: Mandibuzz|Mandibuzz, F|100/100
|move|p1a: same ol' mistakes|U-turn|p2a: Mandibuzz
|-damage|p2a: Mandibuzz|83/100
|inactive|cornelia street has 270 seconds left.
|
|t:|1659281306
|switch|p1a: love on the brain|Cresselia, F|78/100|[from]move: U-turn
|
|upkeep
|turn|38
|inactive|cornelia street has 270 seconds left.
|
|t:|1659281327
|move|p1a: love on the brain|Lunar Dance|p1a: love on the brain
|faint|p1a: love on the brain
|move|p2a: Mandibuzz|U-turn|p1: love on the brain|[notarget]
|-fail|p2a: Mandibuzz
|
|upkeep
|
|t:|1659281331
|switch|p1a: consideration|Suicune|17/100
|-heal|p1a: consideration|100/100|[from] move: Lunar Dance
|-ability|p1a: consideration|Pressure
|turn|39
|inactive|udongirl has 240 seconds left.
|inactive|udongirl has 210 seconds left.
|
|t:|1659281414
|move|p1a: consideration|Substitute|p1a: consideration
|-start|p1a: consideration|Substitute
|-damage|p1a: consideration|75/100
|move|p2a: Mandibuzz|U-turn|p1a: consideration
|-activate|p1a: consideration|move: Substitute|[damage]
|
|t:|1659281421
|switch|p2a: Azumarill|Azumarill, F|100/100|[from]move: U-turn
|
|-heal|p1a: consideration|82/100|[from] item: Leftovers
|upkeep
|turn|40
|
|t:|1659281426
|move|p1a: consideration|Protect|p1a: consideration
|-singleturn|p1a: consideration|Protect
|move|p2a: Azumarill|Knock Off|p1a: consideration
|-activate|p1a: consideration|move: Protect
|
|-heal|p1a: consideration|88/100|[from] item: Leftovers
|upkeep
|turn|41
|c|☆udongirl|dont burn please
|
|t:|1659281449
|move|p1a: consideration|Scald|p2a: Azumarill
|-resisted|p2a: Azumarill
|-damage|p2a: Azumarill|89/100
|move|p2a: Azumarill|Knock Off|p1a: consideration
|-end|p1a: consideration|Substitute
|
|-heal|p1a: consideration|94/100|[from] item: Leftovers
|upkeep
|turn|42
|
|t:|1659281455
|move|p1a: consideration|Protect|p1a: consideration
|-singleturn|p1a: consideration|Protect
|move|p2a: Azumarill|Knock Off|p1a: consideration
|-activate|p1a: consideration|move: Protect
|
|-heal|p1a: consideration|99/100|[from] item: Leftovers
|upkeep
|turn|43
|
|t:|1659281458
|move|p1a: consideration|Substitute|p1a: consideration
|-start|p1a: consideration|Substitute
|-damage|p1a: consideration|75/100
|move|p2a: Azumarill|Knock Off|p1a: consideration
|-end|p1a: consideration|Substitute
|
|-heal|p1a: consideration|81/100|[from] item: Leftovers
|upkeep
|turn|44
|
|t:|1659281463
|move|p1a: consideration|Protect|p1a: consideration
|-singleturn|p1a: consideration|Protect
|move|p2a: Azumarill|Knock Off|p1a: consideration
|-activate|p1a: consideration|move: Protect
|
|-heal|p1a: consideration|88/100|[from] item: Leftovers
|upkeep
|turn|45
|
|t:|1659281469
|switch|p1a: same ol' mistakes|Scizor, M|91/100 par
|move|p2a: Azumarill|Knock Off|p1a: same ol' mistakes
|-damage|p1a: same ol' mistakes|55/100 par
|
|upkeep
|turn|46
|inactive|udongirl has 240 seconds left.
|
|t:|1659281489
|switch|p2a: Nidoqueen|Nidoqueen, F|76/100
|move|p1a: same ol' mistakes|Knock Off|p2a: Nidoqueen
|-damage|p2a: Nidoqueen|39/100
|-enditem|p2a: Nidoqueen|Life Orb|[from] move: Knock Off|[of] p1a: same ol' mistakes
|
|upkeep
|turn|47
|
|t:|1659281495
|cant|p1a: same ol' mistakes|par
|move|p2a: Nidoqueen|Earth Power|p1a: same ol' mistakes
|-damage|p1a: same ol' mistakes|11/100 par
|
|upkeep
|turn|48
|
|t:|1659281500
|move|p1a: same ol' mistakes|Bullet Punch|p2a: Nidoqueen
|-damage|p2a: Nidoqueen|5/100
|move|p2a: Nidoqueen|Earth Power|p1a: same ol' mistakes
|-damage|p1a: same ol' mistakes|0 fnt
|faint|p1a: same ol' mistakes
|
|upkeep
|
|t:|1659281503
|switch|p1a: consideration|Suicune|88/100
|-ability|p1a: consideration|Pressure
|turn|49
|
|t:|1659281509
|move|p1a: consideration|Calm Mind|p1a: consideration
|-boost|p1a: consideration|spa|1
|-boost|p1a: consideration|spd|1
|move|p2a: Nidoqueen|Sludge Wave|p1a: consideration
|-damage|p1a: consideration|64/100
|
|-heal|p1a: consideration|71/100|[from] item: Leftovers
|upkeep
|turn|50
|inactive|udongirl has 270 seconds left.
|inactive|udongirl has 240 seconds left.
|inactive|udongirl has 210 seconds left.
|
|t:|1659281589
|switch|p2a: Azumarill|Azumarill, F|89/100
|move|p1a: consideration|Substitute|p1a: consideration
|-start|p1a: consideration|Substitute
|-damage|p1a: consideration|46/100
|
|-heal|p1a: consideration|52/100|[from] item: Leftovers
|upkeep
|turn|51
|c|☆udongirl|praying
|
|t:|1659281606
|move|p1a: consideration|Protect|p1a: consideration
|-singleturn|p1a: consideration|Protect
|move|p2a: Azumarill|Knock Off|p1a: consideration
|-activate|p1a: consideration|move: Protect
|
|-heal|p1a: consideration|58/100|[from] item: Leftovers
|upkeep
|turn|52
|
|t:|1659281613
|move|p1a: consideration|Scald|p2a: Azumarill
|-resisted|p2a: Azumarill
|-damage|p2a: Azumarill|71/100
|move|p2a: Azumarill|Knock Off|p1a: consideration
|-end|p1a: consideration|Substitute
|
|-heal|p1a: consideration|64/100|[from] item: Leftovers
|upkeep
|turn|53
|inactive|udongirl has 210 seconds left.
|
|t:|1659281620
|move|p1a: consideration|Protect|p1a: consideration
|-singleturn|p1a: consideration|Protect
|move|p2a: Azumarill|Knock Off|p1a: consideration
|-activate|p1a: consideration|move: Protect
|
|-heal|p1a: consideration|70/100|[from] item: Leftovers
|upkeep
|turn|54
|
|t:|1659281628
|move|p1a: consideration|Substitute|p1a: consideration
|-start|p1a: consideration|Substitute
|-damage|p1a: consideration|45/100
|move|p2a: Azumarill|Knock Off|p1a: consideration
|-crit|p1a: consideration
|-end|p1a: consideration|Substitute
|
|-heal|p1a: consideration|51/100|[from] item: Leftovers
|upkeep
|turn|55
|
|t:|1659281635
|move|p1a: consideration|Protect|p1a: consideration
|-singleturn|p1a: consideration|Protect
|move|p2a: Azumarill|Knock Off|p1a: consideration
|-activate|p1a: consideration|move: Protect
|
|-heal|p1a: consideration|58/100|[from] item: Leftovers
|upkeep
|turn|56
|
|t:|1659281645
|move|p1a: consideration|Substitute|p1a: consideration
|-start|p1a: consideration|Substitute
|-damage|p1a: consideration|33/100
|move|p2a: Azumarill|Knock Off|p1a: consideration
|-end|p1a: consideration|Substitute
|
|-heal|p1a: consideration|39/100|[from] item: Leftovers
|upkeep
|turn|57
|
|t:|1659281650
|move|p1a: consideration|Protect|p1a: consideration
|-singleturn|p1a: consideration|Protect
|move|p2a: Azumarill|Knock Off|p1a: consideration
|-activate|p1a: consideration|move: Protect
|
|-heal|p1a: consideration|45/100|[from] item: Leftovers
|upkeep
|turn|58
|
|t:|1659281657
|move|p1a: consideration|Substitute|p1a: consideration
|-start|p1a: consideration|Substitute
|-damage|p1a: consideration|20/100
|move|p2a: Azumarill|Knock Off|p1a: consideration
|-end|p1a: consideration|Substitute
|
|-heal|p1a: consideration|26/100|[from] item: Leftovers
|upkeep
|turn|59
|
|t:|1659281665
|switch|p2a: Chansey|Chansey, F|89/100
|move|p1a: consideration|Protect||[still]
|-fail|p1a: consideration
|
|-heal|p1a: consideration|32/100|[from] item: Leftovers
|upkeep
|turn|60
|
|t:|1659281669
|move|p1a: consideration|Substitute|p1a: consideration
|-start|p1a: consideration|Substitute
|-damage|p1a: consideration|7/100
|move|p2a: Chansey|Seismic Toss|p1a: consideration
|-activate|p1a: consideration|move: Substitute|[damage]
|
|-heal|p1a: consideration|14/100|[from] item: Leftovers
|upkeep
|turn|61
|
|t:|1659281674
|move|p1a: consideration|Protect|p1a: consideration
|-singleturn|p1a: consideration|Protect
|move|p2a: Chansey|Seismic Toss|p1a: consideration
|-activate|p1a: consideration|move: Protect
|
|-heal|p1a: consideration|20/100|[from] item: Leftovers
|upkeep
|turn|62
|
|t:|1659281679
|move|p1a: consideration|Protect||[still]
|-fail|p1a: consideration
|move|p2a: Chansey|Seismic Toss|p1a: consideration
|-end|p1a: consideration|Substitute
|
|-heal|p1a: consideration|26/100|[from] item: Leftovers
|upkeep
|turn|63
|
|t:|1659281685
|move|p1a: consideration|Protect|p1a: consideration
|-singleturn|p1a: consideration|Protect
|move|p2a: Chansey|Seismic Toss|p1a: consideration
|-activate|p1a: consideration|move: Protect
|
|-heal|p1a: consideration|32/100|[from] item: Leftovers
|upkeep
|turn|64
|
|t:|1659281690
|move|p1a: consideration|Substitute|p1a: consideration
|-start|p1a: consideration|Substitute
|-damage|p1a: consideration|7/100
|move|p2a: Chansey|Seismic Toss|p1a: consideration
|-activate|p1a: consideration|move: Substitute|[damage]
|
|-heal|p1a: consideration|13/100|[from] item: Leftovers
|upkeep
|turn|65
|
|t:|1659281699
|move|p1a: consideration|Protect|p1a: consideration
|-singleturn|p1a: consideration|Protect
|move|p2a: Chansey|Teleport|p2a: Chansey
|
|t:|1659281701
|switch|p2a: Mandibuzz|Mandibuzz, F|83/100|[from]move: Teleport
|
|-heal|p1a: consideration|20/100|[from] item: Leftovers
|upkeep
|turn|66
|
|t:|1659281708
|move|p1a: consideration|Calm Mind|p1a: consideration
|-boost|p1a: consideration|spa|1
|-boost|p1a: consideration|spd|1
|move|p2a: Mandibuzz|U-turn|p1a: consideration
|-end|p1a: consideration|Substitute
|
|t:|1659281713
|switch|p2a: Azumarill|Azumarill, F|71/100|[from]move: U-turn
|
|-heal|p1a: consideration|26/100|[from] item: Leftovers
|upkeep
|turn|67
|
|t:|1659281718
|move|p1a: consideration|Protect|p1a: consideration
|-singleturn|p1a: consideration|Protect
|move|p2a: Azumarill|Play Rough|p1a: consideration
|-activate|p1a: consideration|move: Protect
|
|-heal|p1a: consideration|32/100|[from] item: Leftovers
|upkeep
|turn|68
|
|t:|1659281727
|move|p1a: consideration|Substitute|p1a: consideration
|-start|p1a: consideration|Substitute
|-damage|p1a: consideration|7/100
|move|p2a: Azumarill|Play Rough|p1a: consideration
|-crit|p1a: consideration
|-end|p1a: consideration|Substitute
|
|-heal|p1a: consideration|13/100|[from] item: Leftovers
|upkeep
|turn|69
|
|t:|1659281732
|move|p1a: consideration|Protect|p1a: consideration
|-singleturn|p1a: consideration|Protect
|move|p2a: Azumarill|Play Rough|p1a: consideration
|-activate|p1a: consideration|move: Protect
|
|-heal|p1a: consideration|19/100|[from] item: Leftovers
|upkeep
|turn|70
|
|t:|1659281737
|move|p1a: consideration|Protect|p1a: consideration
|-singleturn|p1a: consideration|Protect
|move|p2a: Azumarill|Play Rough|p1a: consideration
|-activate|p1a: consideration|move: Protect
|
|-heal|p1a: consideration|25/100|[from] item: Leftovers
|upkeep
|turn|71
|
|t:|1659281747
|move|p1a: consideration|Scald|p2a: Azumarill
|-resisted|p2a: Azumarill
|-damage|p2a: Azumarill|47/100
|-status|p2a: Azumarill|brn
|move|p2a: Azumarill|Play Rough|p1a: consideration
|-damage|p1a: consideration|0 fnt
|faint|p1a: consideration
|
|win|udongirl
|c|☆udongirl|gg
|c|☆cornelia street|rly played while sick to face steel type chansey
|c|☆cornelia street|we
|c|☆cornelia street|gg
