|inactive|Battle timer is ON: inactive players will automatically lose when time's up.
|t:|1665342099
|gametype|singles
|player|p1|Lily|rosa-masters|
|player|p2|KSt3ve|#scl2dynamos|
|teamsize|p1|6
|teamsize|p2|6
|gen|8
|tier|[Gen 8] UU
|rule|Sleep Clause Mod: Limit one foe put to sleep
|rule|Species Clause: Limit one of each Pokémon
|rule|OHKO Clause: OHKO moves are banned
|rule|Evasion Items Clause: Evasion items are banned
|rule|Evasion Moves Clause: Evasion moves are banned
|rule|Endless Battle Clause: Forcing endless battles is banned
|rule|HP Percentage Mod: HP is shown in percentages
|rule|Dynamax Clause: You cannot dynamax
|clearpoke
|poke|p1|Chandelure, M|
|poke|p1|Zarude-Dada|
|poke|p1|Salamence, M|
|poke|p1|Primarina, M|
|poke|p1|Cobalion|
|poke|p1|Diggersby, M|
|poke|p2|Torkoal, M|
|poke|p2|Hatterene, F|
|poke|p2|Darmanitan, M|
|poke|p2|Venusaur, F|
|poke|p2|Swampert, M|
|poke|p2|Celesteela|
|teampreview
|c|☆KSt3ve|hf
|c|+Enzonana|VAMOS STEVE
|c|☆Lily|hf
|inactive|Lily has 270 seconds left.
|inactive|KSt3ve has 270 seconds left.
|inactive|Lily has 240 seconds left.
|inactive|KSt3ve has 240 seconds left.
|inactive|Lily has 210 seconds left.
|c|+Mimilucha|vamos le goat
|c|+Clark_03|nana... los muertos no pueden hablar
|inactive|Lily has 180 seconds left.
|inactive|Lily has 150 seconds left.
|inactive|Lily has 120 seconds left.
|
|t:|1665342287
|start
|switch|p1a: Burning Petals|Chandelure, M, shiny|100/100
|switch|p2a: Swampert|Swampert, M|100/100
|turn|1
|inactive|KSt3ve has 270 seconds left.
|inactive|KSt3ve has 240 seconds left.
|
|t:|1665342333
|switch|p1a: Kamui Miracle|Zarude-Dada|100/100
|move|p2a: Swampert|Stealth Rock|p1a: Kamui Miracle
|-sidestart|p1: Lily|move: Stealth Rock
|
|upkeep
|turn|2
|
|t:|1665342340
|move|p1a: Kamui Miracle|Power Whip|p2a: Swampert
|-supereffective|p2a: Swampert
|-damage|p2a: Swampert|0 fnt
|faint|p2a: Swampert
|
|upkeep
|inactive|KSt3ve has 240 seconds left.
|c|☆Lily|the uucord tournament discussion channel is going to be very unhappy about this one
|
|t:|1665342364
|switch|p2a: Darmanitan|Darmanitan, M|100/100
|turn|3
|inactive|Lily has 210 seconds left.
|
|t:|1665342375
|switch|p1a: Dragon Hustle|Salamence, M|100/100
|-ability|p1a: Dragon Hustle|Intimidate|boost
|-unboost|p2a: Darmanitan|atk|1
|move|p2a: Darmanitan|U-turn|p1a: Dragon Hustle
|-resisted|p1a: Dragon Hustle
|-damage|p1a: Dragon Hustle|94/100
|
|t:|1665342379
|switch|p2a: Hatterene|Hatterene, F|100/100|[from]move: U-turn
|
|upkeep
|turn|4
|inactive|KSt3ve has 240 seconds left.
|c|+KM|IM HERE
|inactive|KSt3ve has 210 seconds left.
|
|t:|1665342416
|move|p1a: Dragon Hustle|Defog|p2a: Hatterene
|move|p2a: Hatterene|Defog|p1a: Dragon Hustle|[from]ability: Magic Bounce
|-unboost|p1a: Dragon Hustle|evasion|1
|-sideend|p1: Lily|Stealth Rock|[from] move: Defog|[of] p2a: Hatterene
|move|p2a: Hatterene|Calm Mind|p2a: Hatterene
|-boost|p2a: Hatterene|spa|1
|-boost|p2a: Hatterene|spd|1
|
|upkeep
|turn|5
|c|+avarice|LOL
|c|+ASKOV|kmoment
|inactive|KSt3ve has 210 seconds left.
|
|t:|1665342428
|switch|p1a: The Man's Way|Diggersby, M|100/100
|move|p2a: Hatterene|Calm Mind|p2a: Hatterene
|-boost|p2a: Hatterene|spa|1
|-boost|p2a: Hatterene|spd|1
|
|upkeep
|turn|6
|inactive|KSt3ve has 210 seconds left.
|
|t:|1665342445
|move|p1a: The Man's Way|Body Slam|p2a: Hatterene
|-crit|p2a: Hatterene
|-damage|p2a: Hatterene|32/100
|-status|p2a: Hatterene|par
|move|p2a: Hatterene|Draining Kiss|p1a: The Man's Way
|-damage|p1a: The Man's Way|41/100
|-heal|p2a: Hatterene|76/100 par|[from] drain|[of] p1a: The Man's Way
|
|-heal|p2a: Hatterene|82/100 par|[from] item: Leftovers
|upkeep
|turn|7
|inactive|KSt3ve has 210 seconds left.
|c|☆KSt3ve|arf
|
|t:|1665342456
|move|p1a: The Man's Way|Body Slam|p2a: Hatterene
|-damage|p2a: Hatterene|38/100 par
|move|p2a: Hatterene|Draining Kiss|p1a: The Man's Way
|-damage|p1a: The Man's Way|0 fnt
|-heal|p2a: Hatterene|68/100 par|[from] drain|[of] p1a: The Man's Way
|faint|p1a: The Man's Way
|
|-heal|p2a: Hatterene|74/100 par|[from] item: Leftovers
|upkeep
|inactive|Lily has 240 seconds left.
|
|t:|1665342469
|switch|p1a: Burning Petals|Chandelure, M, shiny|100/100
|turn|8
|inactive|KSt3ve has 210 seconds left.
|
|t:|1665342496
|move|p1a: Burning Petals|Hex|p2a: Hatterene
|-supereffective|p2a: Hatterene
|-damage|p2a: Hatterene|0 fnt
|faint|p2a: Hatterene
|
|upkeep
|c|☆KSt3ve|.
|inactive|KSt3ve has 180 seconds left.
|inactive|KSt3ve has 150 seconds left.
|inactive|KSt3ve has 120 seconds left.
|
|t:|1665342582
|switch|p2a: Torkoal|Torkoal, M|100/100
|-weather|SunnyDay|[from] ability: Drought|[of] p2a: Torkoal
|turn|9
|inactive|KSt3ve has 120 seconds left.
|inactive|KSt3ve has 90 seconds left.
|inactive|KSt3ve has 60 seconds left.
|
|t:|1665342647
|switch|p1a: Dragon Hustle|Salamence, M|94/100
|-ability|p1a: Dragon Hustle|Intimidate|boost
|-unboost|p2a: Torkoal|atk|1
|switch|p2a: Celesteela|Celesteela|100/100
|
|-weather|SunnyDay|[upkeep]
|upkeep
|turn|10
|inactive|KSt3ve has 60 seconds left.
|
|t:|1665342662
|move|p1a: Dragon Hustle|Flamethrower|p2a: Celesteela
|-supereffective|p2a: Celesteela
|-damage|p2a: Celesteela|65/100
|move|p2a: Celesteela|Leech Seed|p1a: Dragon Hustle
|-start|p1a: Dragon Hustle|move: Leech Seed
|
|-weather|SunnyDay|[upkeep]
|-heal|p2a: Celesteela|71/100|[from] item: Leftovers
|-damage|p1a: Dragon Hustle|81/100|[from] Leech Seed|[of] p2a: Celesteela
|-heal|p2a: Celesteela|83/100|[silent]
|upkeep
|turn|11
|inactive|Lily has 270 seconds left.
|
|t:|1665342669
|switch|p1a: Youthful Wind|Primarina, M|100/100
|switch|p2a: Darmanitan|Darmanitan, M|100/100
|
|-weather|SunnyDay|[upkeep]
|upkeep
|turn|12
|
|t:|1665342672
|move|p2a: Darmanitan|U-turn|p1a: Youthful Wind
|-resisted|p1a: Youthful Wind
|-damage|p1a: Youthful Wind|90/100
|
|t:|1665342674
|switch|p2a: Venusaur|Venusaur, F|100/100|[from]move: U-turn
|move|p1a: Youthful Wind|Moonblast|p2a: Venusaur
|-resisted|p2a: Venusaur
|-damage|p2a: Venusaur|79/100
|
|-weather|SunnyDay|[upkeep]
|-heal|p1a: Youthful Wind|96/100|[from] item: Leftovers
|upkeep
|turn|13
|
|t:|1665342696
|switch|p1a: Burning Petals|Chandelure, M, shiny|100/100
|move|p2a: Venusaur|Sludge Bomb|p1a: Burning Petals
|-resisted|p1a: Burning Petals
|-damage|p1a: Burning Petals|59/100
|-damage|p2a: Venusaur|69/100|[from] item: Life Orb
|
|-weather|SunnyDay|[upkeep]
|upkeep
|turn|14
|inactive|KSt3ve has 60 seconds left.
|
|t:|1665342728
|switch|p2a: Celesteela|Celesteela|83/100
|move|p1a: Burning Petals|Flamethrower|p2a: Celesteela
|-supereffective|p2a: Celesteela
|-damage|p2a: Celesteela|0 fnt
|faint|p2a: Celesteela
|
|-weather|SunnyDay|[upkeep]
|upkeep
|
|t:|1665342730
|switch|p2a: Darmanitan|Darmanitan, M|100/100
|turn|15
|inactive|KSt3ve has 60 seconds left.
|
|t:|1665342748
|switch|p1a: Kamui Miracle|Zarude-Dada|100/100
|move|p2a: Darmanitan|Rock Slide|p1a: Kamui Miracle
|-damage|p1a: Kamui Miracle|70/100
|
|-weather|SunnyDay|[upkeep]
|upkeep
|turn|16
|
|t:|1665342755
|move|p2a: Darmanitan|Rock Slide|p1a: Kamui Miracle
|-crit|p1a: Kamui Miracle
|-damage|p1a: Kamui Miracle|15/100
|move|p1a: Kamui Miracle|U-turn|p2a: Darmanitan
|-resisted|p2a: Darmanitan
|-damage|p2a: Darmanitan|82/100
|
|t:|1665342758
|switch|p1a: Shield of Justice|Cobalion|100/100|[from]move: U-turn
|
|-weather|none
|upkeep
|turn|17
|
|t:|1665342773
|switch|p2a: Torkoal|Torkoal, M|100/100
|-weather|SunnyDay|[from] ability: Drought|[of] p2a: Torkoal
|move|p1a: Shield of Justice|Close Combat|p2a: Torkoal
|-damage|p2a: Torkoal|74/100
|-unboost|p1a: Shield of Justice|def|1
|-unboost|p1a: Shield of Justice|spd|1
|
|-weather|SunnyDay|[upkeep]
|upkeep
|turn|18
|
|t:|1665342782
|switch|p2a: Darmanitan|Darmanitan, M|82/100
|move|p1a: Shield of Justice|Stealth Rock|p2a: Darmanitan
|-sidestart|p2: KSt3ve|move: Stealth Rock
|
|-weather|SunnyDay|[upkeep]
|upkeep
|turn|19
|
|t:|1665342795
|switch|p1a: Kamui Miracle|Zarude-Dada|15/100
|move|p2a: Darmanitan|Flare Blitz|p1a: Kamui Miracle
|-supereffective|p1a: Kamui Miracle
|-damage|p1a: Kamui Miracle|0 fnt
|faint|p1a: Kamui Miracle
|-damage|p2a: Darmanitan|77/100|[from] Recoil
|
|-weather|SunnyDay|[upkeep]
|upkeep
|
|t:|1665342804
|switch|p1a: Dragon Hustle|Salamence, M|81/100
|-ability|p1a: Dragon Hustle|Intimidate|boost
|-unboost|p2a: Darmanitan|atk|1
|turn|20
|inactive|KSt3ve has 60 seconds left.
|
|t:|1665342862
|move|p2a: Darmanitan|Flare Blitz|p1a: Dragon Hustle
|-resisted|p1a: Dragon Hustle
|-damage|p1a: Dragon Hustle|45/100
|-damage|p2a: Darmanitan|64/100|[from] Recoil
|move|p1a: Dragon Hustle|Earthquake|p2a: Darmanitan
|-supereffective|p2a: Darmanitan
|-damage|p2a: Darmanitan|0 fnt
|faint|p2a: Darmanitan
|
|-weather|SunnyDay|[upkeep]
|upkeep
|inactive|KSt3ve has 30 seconds left.
|inactive|KSt3ve has 20 seconds left.
|inactive|KSt3ve has 15 seconds left.
|inactive|KSt3ve has 10 seconds left.
|inactive|KSt3ve has 5 seconds left.
|
|t:|1665342898
|switch|p2a: Venusaur|Venusaur, F|69/100
|-damage|p2a: Venusaur|57/100|[from] Stealth Rock
|turn|21
|inactive|KSt3ve has 15 seconds left this turn.
|
|t:|1665342900
|move|p2a: Venusaur|Sludge Bomb|p1a: Dragon Hustle
|-damage|p1a: Dragon Hustle|0 fnt
|faint|p1a: Dragon Hustle
|-damage|p2a: Venusaur|47/100|[from] item: Life Orb
|
|-weather|SunnyDay|[upkeep]
|upkeep
|inactive|KSt3ve has 20 seconds left this turn.
|
|t:|1665342903
|switch|p1a: Burning Petals|Chandelure, M, shiny|59/100
|turn|22
|inactive|KSt3ve has 30 seconds left this turn.
|inactive|KSt3ve has 20 seconds left.
|inactive|KSt3ve has 15 seconds left.
|inactive|KSt3ve has 10 seconds left.
|
|t:|1665342926
|move|p2a: Venusaur|Weather Ball|p1a: Burning Petals
|-resisted|p1a: Burning Petals
|-damage|p1a: Burning Petals|15/100
|-damage|p2a: Venusaur|37/100|[from] item: Life Orb
|move|p1a: Burning Petals|Flamethrower|p2a: Venusaur
|-supereffective|p2a: Venusaur
|-damage|p2a: Venusaur|0 fnt
|faint|p2a: Venusaur
|
|-weather|SunnyDay|[upkeep]
|upkeep
|inactive|KSt3ve has 15 seconds left this turn.
|inactive|KSt3ve has 10 seconds left.
|c|☆KSt3ve|gg
|
|t:|1665342933
|switch|p2a: Torkoal|Torkoal, M|74/100
|-damage|p2a: Torkoal|49/100|[from] Stealth Rock
|turn|23
|inactive|KSt3ve has 20 seconds left this turn.
|c|☆Lily|gg sry about the hat sequence
|
|t:|1665342937
|move|p1a: Burning Petals|Flamethrower|p2a: Torkoal
|-resisted|p2a: Torkoal
|-damage|p2a: Torkoal|1/100
|move|p2a: Torkoal|Lava Plume|p1a: Burning Petals
|-resisted|p1a: Burning Petals
|-damage|p1a: Burning Petals|0 fnt
|faint|p1a: Burning Petals
|
|-weather|SunnyDay|[upkeep]
|upkeep
|inactive|KSt3ve has 25 seconds left this turn.
|
|t:|1665342939
|switch|p1a: Shield of Justice|Cobalion|100/100
|turn|24
|
|t:|1665342943
|move|p1a: Shield of Justice|Close Combat|p2a: Torkoal
|-damage|p2a: Torkoal|0 fnt
|-unboost|p1a: Shield of Justice|def|1
|-unboost|p1a: Shield of Justice|spd|1
|faint|p2a: Torkoal
|
|win|Lily
