|inactive|Battle timer is ON: inactive players will automatically lose when time's up.
|t:|1664996682
|gametype|singles
|player|p1|KM|#scl2foxes|
|player|p2|Poek|#poek|
|teamsize|p1|6
|teamsize|p2|6
|gen|8
|tier|[Gen 8] UU
|rule|Sleep Clause Mod: Limit one foe put to sleep
|rule|Species Clause: Limit one of each Pokémon
|rule|OHKO Clause: OHKO moves are banned
|rule|Evasion Items Clause: Evasion items are banned
|rule|Evasion Moves Clause: Evasion moves are banned
|rule|Endless Battle Clause: Forcing endless battles is banned
|rule|HP Percentage Mod: HP is shown in percentages
|rule|Dynamax Clause: You cannot dynamax
|clearpoke
|poke|p1|Diggersby, M|
|poke|p1|Primarina, M|
|poke|p1|Cobalion|
|poke|p1|Tangrowth, M|
|poke|p1|Hydreigon, F|
|poke|p1|Necrozma|
|poke|p2|Hatterene, F|
|poke|p2|Keldeo-Resolute|
|poke|p2|Thundurus-Therian, M|
|poke|p2|Excadrill, M|
|poke|p2|Hydreigon, F|
|poke|p2|Celesteela|
|teampreview
|c|☆Poek|hf
|c|☆KM|u2u2
|inactive|KM has 270 seconds left.
|inactive|Poek has 270 seconds left.
|inactive|KM has 240 seconds left.
|inactive|Poek has 240 seconds left.
|inactive|Poek has 210 seconds left.
|
|t:|1664996798
|start
|switch|p1a: horse mannat|Cobalion|100/100
|switch|p2a: Excadrill|Excadrill, M|100/100
|-ability|p2a: Excadrill|Mold Breaker
|turn|1
|inactive|Poek has 240 seconds left.
|inactive|KM has 270 seconds left.
|inactive|Poek has 210 seconds left.
|inactive|KM has 240 seconds left.
|
|t:|1664996870
|switch|p1a: plant mannat|Tangrowth, M|100/100
|move|p2a: Excadrill|Rock Tomb|p1a: plant mannat
|-damage|p1a: plant mannat|89/100
|-unboost|p1a: plant mannat|spe|1
|
|upkeep
|turn|2
|
|t:|1664996879
|move|p2a: Excadrill|Stealth Rock|p1a: plant mannat
|-sidestart|p1: KM|move: Stealth Rock
|move|p1a: plant mannat|Knock Off|p2a: Excadrill
|-crit|p2a: Excadrill
|-damage|p2a: Excadrill|50/100
|-enditem|p2a: Excadrill|Focus Sash|[from] move: Knock Off|[of] p1a: plant mannat
|
|upkeep
|turn|3
|inactive|KM has 240 seconds left.
|inactive|Poek has 180 seconds left.
|inactive|KM has 210 seconds left.
|inactive|Poek has 150 seconds left.
|inactive|KM has 180 seconds left.
|
|t:|1664996962
|switch|p2a: Hydreigon|Hydreigon, F|100/100
|switch|p1a: dragon mannat|Hydreigon, F|100/100
|-damage|p1a: dragon mannat|88/100|[from] Stealth Rock
|
|upkeep
|turn|4
|inactive|KM has 180 seconds left.
|inactive|Poek has 150 seconds left.
|
|t:|1664996985
|move|p1a: dragon mannat|U-turn|p2a: Hydreigon
|-supereffective|p2a: Hydreigon
|-damage|p2a: Hydreigon|68/100
|
|t:|1664996990
|switch|p1a: seal mannat|Primarina, M|100/100|[from]move: U-turn
|-damage|p1a: seal mannat|88/100|[from] Stealth Rock
|move|p2a: Hydreigon|Dragon Dance|p2a: Hydreigon
|-boost|p2a: Hydreigon|atk|1
|-boost|p2a: Hydreigon|spe|1
|
|-heal|p1a: seal mannat|94/100|[from] item: Leftovers
|upkeep
|turn|5
|
|t:|1664996996
|move|p2a: Hydreigon|Head Smash|p1a: seal mannat
|-damage|p1a: seal mannat|15/100
|-damage|p2a: Hydreigon|24/100|[from] Recoil
|-damage|p2a: Hydreigon|14/100|[from] item: Life Orb
|move|p1a: seal mannat|Moonblast|p2a: Hydreigon
|-supereffective|p2a: Hydreigon
|-damage|p2a: Hydreigon|0 fnt
|faint|p2a: Hydreigon
|
|-heal|p1a: seal mannat|21/100|[from] item: Leftovers
|upkeep
|c|☆KM|the smasher
|inactive|Poek has 120 seconds left.
|inactive|Poek has 90 seconds left.
|
|t:|1664997059
|switch|p2a: Thunderblunder777|Thundurus-Therian, M|100/100
|turn|6
|inactive|Poek has 90 seconds left.
|
|t:|1664997093
|move|p2a: Thunderblunder777|Nasty Plot|p2a: Thunderblunder777
|-boost|p2a: Thunderblunder777|spa|2
|move|p1a: seal mannat|Scald|p2a: Thunderblunder777
|-damage|p2a: Thunderblunder777|49/100
|
|-heal|p1a: seal mannat|27/100|[from] item: Leftovers
|upkeep
|turn|7
|inactive|KM has 180 seconds left.
|inactive|KM has 150 seconds left.
|
|t:|1664997152
|move|p2a: Thunderblunder777|Thunderbolt|p1a: seal mannat
|-supereffective|p1a: seal mannat
|-damage|p1a: seal mannat|0 fnt
|faint|p1a: seal mannat
|
|upkeep
|
|t:|1664997175
|switch|p1a: bunny mannat|Diggersby, M|100/100
|-damage|p1a: bunny mannat|94/100|[from] Stealth Rock
|turn|8
|
|t:|1664997193
|move|p2a: Thunderblunder777|Focus Blast|p1a: bunny mannat|[miss]
|-miss|p2a: Thunderblunder777|p1a: bunny mannat
|-enditem|p2a: Thunderblunder777|Blunder Policy
|-boost|p2a: Thunderblunder777|spe|2
|move|p1a: bunny mannat|Swords Dance|p1a: bunny mannat
|-boost|p1a: bunny mannat|atk|2
|
|upkeep
|turn|9
|c|☆KM|mb
|
|t:|1664997200
|move|p1a: bunny mannat|Quick Attack|p2a: Thunderblunder777
|-damage|p2a: Thunderblunder777|0 fnt
|faint|p2a: Thunderblunder777
|
|upkeep
|inactive|Poek has 60 seconds left.
|
|t:|1664997234
|switch|p2a: Keldeo|Keldeo-Resolute|100/100
|turn|10
|inactive|Poek has 60 seconds left.
|inactive|KM has 150 seconds left.
|
|t:|1664997251
|move|p1a: bunny mannat|Quick Attack|p2a: Keldeo
|-damage|p2a: Keldeo|39/100
|move|p2a: Keldeo|Hydro Pump|p1a: bunny mannat
|-supereffective|p1a: bunny mannat
|-damage|p1a: bunny mannat|0 fnt
|faint|p1a: bunny mannat
|
|upkeep
|inactive|KM has 120 seconds left.
|inactive|KM has 90 seconds left.
|inactive|KM has 60 seconds left.
|
|t:|1664997355
|switch|p1a: space mannat|Necrozma|100/100
|-damage|p1a: space mannat|88/100|[from] Stealth Rock
|turn|11
|
|t:|1664997369
|move|p2a: Keldeo|Hydro Pump|p1a: space mannat
|-damage|p1a: space mannat|48/100
|move|p1a: space mannat|Cosmic Power|p1a: space mannat
|-boost|p1a: space mannat|def|1
|-boost|p1a: space mannat|spd|1
|
|upkeep
|turn|12
|inactive|KM has 60 seconds left.
|inactive|Poek has 60 seconds left.
|
|t:|1664997410
|switch|p2a: Hatterene|Hatterene, F|100/100
|move|p1a: space mannat|Rest|p1a: space mannat
|-status|p1a: space mannat|slp|[from] move: Rest
|-heal|p1a: space mannat|100/100 slp|[silent]
|-enditem|p1a: space mannat|Chesto Berry|[eat]
|-curestatus|p1a: space mannat|slp|[msg]
|
|upkeep
|turn|13
|inactive|KM has 30 seconds left.
|
|t:|1664997429
|move|p1a: space mannat|Meteor Beam||[still]
|-prepare|p1a: space mannat|Meteor Beam
|-boost|p1a: space mannat|spa|1
|move|p2a: Hatterene|Calm Mind|p2a: Hatterene
|-boost|p2a: Hatterene|spa|1
|-boost|p2a: Hatterene|spd|1
|
|upkeep
|turn|14
|
|t:|1664997440
|move|p1a: space mannat|Meteor Beam|p2a: Hatterene|[from]lockedmove
|-damage|p2a: Hatterene|62/100
|move|p2a: Hatterene|Calm Mind|p2a: Hatterene
|-boost|p2a: Hatterene|spa|1
|-boost|p2a: Hatterene|spd|1
|
|-heal|p2a: Hatterene|68/100|[from] item: Leftovers
|upkeep
|turn|15
|inactive|KM has 30 seconds left.
|
|t:|1664997464
|move|p1a: space mannat|Cosmic Power|p1a: space mannat
|-boost|p1a: space mannat|def|1
|-boost|p1a: space mannat|spd|1
|move|p2a: Hatterene|Mystical Fire|p1a: space mannat
|-damage|p1a: space mannat|83/100
|-unboost|p1a: space mannat|spa|1
|
|-heal|p2a: Hatterene|74/100|[from] item: Leftovers
|upkeep
|turn|16
|
|t:|1664997469
|move|p1a: space mannat|Cosmic Power|p1a: space mannat
|-boost|p1a: space mannat|def|1
|-boost|p1a: space mannat|spd|1
|move|p2a: Hatterene|Mystical Fire|p1a: space mannat
|-damage|p1a: space mannat|69/100
|-unboost|p1a: space mannat|spa|1
|
|-heal|p2a: Hatterene|80/100|[from] item: Leftovers
|upkeep
|turn|17
|
|t:|1664997472
|move|p1a: space mannat|Cosmic Power|p1a: space mannat
|-boost|p1a: space mannat|def|1
|-boost|p1a: space mannat|spd|1
|move|p2a: Hatterene|Mystical Fire|p1a: space mannat
|-damage|p1a: space mannat|58/100
|-unboost|p1a: space mannat|spa|1
|
|-heal|p2a: Hatterene|86/100|[from] item: Leftovers
|upkeep
|turn|18
|inactive|Poek has 60 seconds left.
|
|t:|1664997483
|move|p1a: space mannat|Cosmic Power|p1a: space mannat
|-boost|p1a: space mannat|def|1
|-boost|p1a: space mannat|spd|1
|move|p2a: Hatterene|Mystical Fire|p1a: space mannat
|-damage|p1a: space mannat|48/100
|-unboost|p1a: space mannat|spa|1
|
|-heal|p2a: Hatterene|92/100|[from] item: Leftovers
|upkeep
|turn|19
|inactive|Poek has 60 seconds left.
|
|t:|1664997498
|move|p1a: space mannat|Cosmic Power|p1a: space mannat
|-boost|p1a: space mannat|def|1
|-boost|p1a: space mannat|spd|1
|move|p2a: Hatterene|Mystical Fire|p1a: space mannat
|-damage|p1a: space mannat|39/100
|-unboost|p1a: space mannat|spa|1
|
|-heal|p2a: Hatterene|98/100|[from] item: Leftovers
|upkeep
|turn|20
|inactive|Poek has 60 seconds left.
|
|t:|1664997505
|move|p1a: space mannat|Rest|p1a: space mannat
|-status|p1a: space mannat|slp|[from] move: Rest
|-heal|p1a: space mannat|100/100 slp|[silent]
|move|p2a: Hatterene|Mystical Fire|p1a: space mannat
|-damage|p1a: space mannat|92/100 slp
|-unboost|p1a: space mannat|spa|1
|
|-heal|p2a: Hatterene|100/100|[from] item: Leftovers
|upkeep
|turn|21
|
|t:|1664997507
|cant|p1a: space mannat|slp
|move|p2a: Hatterene|Calm Mind|p2a: Hatterene
|-boost|p2a: Hatterene|spa|1
|-boost|p2a: Hatterene|spd|1
|
|upkeep
|turn|22
|
|t:|1664997510
|cant|p1a: space mannat|slp
|move|p2a: Hatterene|Calm Mind|p2a: Hatterene
|-boost|p2a: Hatterene|spa|1
|-boost|p2a: Hatterene|spd|1
|
|upkeep
|turn|23
|
|t:|1664997516
|-curestatus|p1a: space mannat|slp|[msg]
|move|p1a: space mannat|Stored Power|p2a: Hatterene
|-resisted|p2a: Hatterene
|-damage|p2a: Hatterene|95/100
|move|p2a: Hatterene|Mystical Fire|p1a: space mannat
|-damage|p1a: space mannat|79/100
|-unboost|p1a: space mannat|spa|1
|
|-heal|p2a: Hatterene|100/100|[from] item: Leftovers
|upkeep
|turn|24
|inactive|Poek has 90 seconds left.
|
|t:|1664997526
|move|p1a: space mannat|Stored Power|p2a: Hatterene
|-resisted|p2a: Hatterene
|-damage|p2a: Hatterene|96/100
|move|p2a: Hatterene|Mystical Fire|p1a: space mannat
|-damage|p1a: space mannat|67/100
|
|-heal|p2a: Hatterene|100/100|[from] item: Leftovers
|upkeep
|turn|25
|inactive|KM has 120 seconds left.
|inactive|Poek has 90 seconds left.
|
|t:|1664997534
|move|p1a: space mannat|Stored Power|p2a: Hatterene
|-resisted|p2a: Hatterene
|-damage|p2a: Hatterene|95/100
|move|p2a: Hatterene|Calm Mind|p2a: Hatterene
|-boost|p2a: Hatterene|spa|1
|-boost|p2a: Hatterene|spd|1
|
|-heal|p2a: Hatterene|100/100|[from] item: Leftovers
|upkeep
|turn|26
|
|t:|1664997537
|move|p1a: space mannat|Stored Power|p2a: Hatterene
|-resisted|p2a: Hatterene
|-damage|p2a: Hatterene|96/100
|move|p2a: Hatterene|Calm Mind|p2a: Hatterene
|-boost|p2a: Hatterene|spa|1
|-boost|p2a: Hatterene|spd|1
|
|-heal|p2a: Hatterene|100/100|[from] item: Leftovers
|upkeep
|turn|27
|inactive|KM has 120 seconds left.
|
|t:|1664997560
|move|p1a: space mannat|Rest|p1a: space mannat
|-status|p1a: space mannat|slp|[from] move: Rest
|-heal|p1a: space mannat|100/100 slp|[silent]
|move|p2a: Hatterene|Draining Kiss|p1a: space mannat
|-damage|p1a: space mannat|85/100 slp
|
|upkeep
|turn|28
|
|t:|1664997568
|cant|p1a: space mannat|slp
|move|p2a: Hatterene|Draining Kiss|p1a: space mannat
|-damage|p1a: space mannat|70/100 slp
|
|upkeep
|turn|29
|
|t:|1664997571
|cant|p1a: space mannat|slp
|move|p2a: Hatterene|Draining Kiss|p1a: space mannat
|-damage|p1a: space mannat|52/100 slp
|
|upkeep
|turn|30
|
|t:|1664997573
|-curestatus|p1a: space mannat|slp|[msg]
|move|p1a: space mannat|Stored Power|p2a: Hatterene
|-resisted|p2a: Hatterene
|-damage|p2a: Hatterene|97/100
|move|p2a: Hatterene|Draining Kiss|p1a: space mannat
|-damage|p1a: space mannat|34/100
|-heal|p2a: Hatterene|100/100|[from] drain|[of] p1a: space mannat
|
|upkeep
|turn|31
|
|t:|1664997578
|move|p1a: space mannat|Rest|p1a: space mannat
|-status|p1a: space mannat|slp|[from] move: Rest
|-heal|p1a: space mannat|100/100 slp|[silent]
|move|p2a: Hatterene|Draining Kiss|p1a: space mannat
|-damage|p1a: space mannat|82/100 slp
|
|upkeep
|turn|32
|
|t:|1664997580
|cant|p1a: space mannat|slp
|move|p2a: Hatterene|Draining Kiss|p1a: space mannat
|-damage|p1a: space mannat|65/100 slp
|
|upkeep
|turn|33
|
|t:|1664997583
|cant|p1a: space mannat|slp
|move|p2a: Hatterene|Draining Kiss|p1a: space mannat
|-damage|p1a: space mannat|47/100 slp
|
|upkeep
|turn|34
|
|t:|1664997586
|-curestatus|p1a: space mannat|slp|[msg]
|move|p1a: space mannat|Rest|p1a: space mannat
|-status|p1a: space mannat|slp|[from] move: Rest
|-heal|p1a: space mannat|100/100 slp|[silent]
|move|p2a: Hatterene|Draining Kiss|p1a: space mannat
|-damage|p1a: space mannat|84/100 slp
|
|upkeep
|turn|35
|
|t:|1664997597
|cant|p1a: space mannat|slp
|move|p2a: Hatterene|Mystical Fire|p1a: space mannat
|-crit|p1a: space mannat
|-damage|p1a: space mannat|0 fnt
|faint|p1a: space mannat
|
|upkeep
|c|☆KM|welp
|c|☆KM|thar she blows
|
|t:|1664997608
|switch|p1a: horse mannat|Cobalion|100/100
|-damage|p1a: horse mannat|97/100|[from] Stealth Rock
|turn|36
|inactive|Poek has 180 seconds left.
|
|t:|1664997632
|move|p1a: horse mannat|Iron Head|p2a: Hatterene
|-supereffective|p2a: Hatterene
|-damage|p2a: Hatterene|50/100
|move|p2a: Hatterene|Draining Kiss|p1a: horse mannat
|-crit|p1a: horse mannat
|-damage|p1a: horse mannat|0 fnt
|-heal|p2a: Hatterene|100/100|[from] drain|[of] p1a: horse mannat
|faint|p1a: horse mannat
|
|upkeep
|
|t:|1664997639
|switch|p1a: dragon mannat|Hydreigon, F|88/100
|-damage|p1a: dragon mannat|76/100|[from] Stealth Rock
|turn|37
|
|t:|1664997643
|move|p1a: dragon mannat|Dark Pulse|p2a: Hatterene
|-damage|p2a: Hatterene|89/100
|move|p2a: Hatterene|Draining Kiss|p1a: dragon mannat
|-supereffective|p1a: dragon mannat
|-damage|p1a: dragon mannat|0 fnt
|-heal|p2a: Hatterene|100/100|[from] drain|[of] p1a: dragon mannat
|faint|p1a: dragon mannat
|
|upkeep
|c|☆KM|gg :)
|
|t:|1664997649
|switch|p1a: plant mannat|Tangrowth, M|100/100
|-damage|p1a: plant mannat|88/100|[from] Stealth Rock
|turn|38
|c|☆Poek|gg
|
|t:|1664997653
|move|p1a: plant mannat|Sludge Bomb|p2a: Hatterene
|-supereffective|p2a: Hatterene
|-crit|p2a: Hatterene
|-damage|p2a: Hatterene|34/100
|-status|p2a: Hatterene|psn
|move|p2a: Hatterene|Mystical Fire|p1a: plant mannat
|-supereffective|p1a: plant mannat
|-damage|p1a: plant mannat|0 fnt
|faint|p1a: plant mannat
|
|win|Poek
|c|☆KM|a
|c|☆Poek|b
|player|p1|KM|#scl2foxes
