|inactive|Battle timer is ON: inactive players will automatically lose when time's up.
|t:|1665933266
|gametype|singles
|player|p1|KSt3ve|#scl2dynamos|
|player|p2|bb skarm|blue|
|teamsize|p1|6
|teamsize|p2|6
|gen|8
|tier|[Gen 8] UU
|rule|Sleep Clause Mod: Limit one foe put to sleep
|rule|Species Clause: Limit one of each Pokémon
|rule|OHKO Clause: OHKO moves are banned
|rule|Evasion Items Clause: Evasion items are banned
|rule|Evasion Moves Clause: Evasion moves are banned
|rule|Endless Battle Clause: Forcing endless battles is banned
|rule|HP Percentage Mod: HP is shown in percentages
|rule|Dynamax Clause: You cannot dynamax
|clearpoke
|poke|p1|Hydreigon, F|
|poke|p1|Cobalion|
|poke|p1|Nidoqueen, F|
|poke|p1|Tangrowth, F|
|poke|p1|Rotom-Wash|
|poke|p1|Azelf|
|poke|p2|Gyarados, F|
|poke|p2|Scolipede, M|
|poke|p2|Necrozma|
|poke|p2|Krookodile, M|
|poke|p2|Cobalion|
|poke|p2|Salamence, M|
|teampreview
|c|☆bb skarm|hf
|c|☆KSt3ve|hf
|c|+Enzonana|K3STEVEK3STEVEK3STEVEK3STEVEK3STEVEK3STEVEK3STEVEK3STEVEK3STEVEK3STEVEK3STEVEK3STEVEK3STEVEK3STEVEK3STEVEK3STEVEK3STEVEK3STEVEK3STEVEK3STEVEK3STEVEK3STEVEK3STEVEK3STEVEK3STEVEK3STEVEK3STEVEK3STEVEK3STEVEK3STEVEK3STEVEK3STEVEK3STEVEK3STEVEK3STEVEK3STEVEK3STEVEK3STEVEK3STEVEK3STEVEK3STEVEK3STEVE
|c|+shafofficiel|GOOOO
|c|+jonfilch|kendrick
|inactive|KSt3ve has 270 seconds left.
|inactive|bb skarm has 270 seconds left.
|c|+pannuracotta|i just hope both players have fun
|c|☆bb skarm|same
|raw|<div class="broadcast-red"><strong>Moderated chat was set to ☆!</strong><br />Only users of rank ☆ and higher can talk.</div>
|inactive|KSt3ve has 240 seconds left.
|inactive|bb skarm has 240 seconds left.
|inactive|KSt3ve has 210 seconds left.
|inactive|bb skarm has 210 seconds left.
|inactive|KSt3ve has 180 seconds left.
|inactive|bb skarm has 180 seconds left.
|inactive|KSt3ve has 150 seconds left.
|inactive|bb skarm has 150 seconds left.
|
|t:|1665933420
|start
|switch|p1a: WomenFPSGame|Rotom-Wash|100/100
|switch|p2a: Scolipede|Scolipede, M|100/100
|turn|1
|inactive|KSt3ve has 210 seconds left.
|inactive|bb skarm has 210 seconds left.
|
|t:|1665933449
|move|p2a: Scolipede|Spikes|p1a: WomenFPSGame
|-sidestart|p1: KSt3ve|Spikes
|move|p1a: WomenFPSGame|Volt Switch|p2a: Scolipede
|-damage|p2a: Scolipede|59/100
|inactive|KSt3ve has 180 seconds left.
|
|t:|1665933478
|switch|p1a: FastAndFurious|Azelf|100/100|[from]move: Volt Switch
|
|-ability|p2a: Scolipede|Speed Boost|boost
|-boost|p2a: Scolipede|spe|1
|upkeep
|turn|2
|inactive|bb skarm has 210 seconds left.
|
|t:|1665933504
|move|p1a: FastAndFurious|Psychic|p2a: Scolipede
|-supereffective|p2a: Scolipede
|-damage|p2a: Scolipede|0 fnt
|faint|p2a: Scolipede
|
|upkeep
|inactive|bb skarm has 180 seconds left.
|
|t:|1665933531
|switch|p2a: Krookodile|Krookodile, M|100/100
|-ability|p2a: Krookodile|Intimidate|boost
|-unboost|p1a: FastAndFurious|atk|1
|turn|3
|
|t:|1665933549
|switch|p1a: WomenFPSGame|Rotom-Wash|100/100
|move|p2a: Krookodile|Knock Off|p1a: WomenFPSGame
|-damage|p1a: WomenFPSGame|57/100
|-enditem|p1a: WomenFPSGame|Leftovers|[from] move: Knock Off|[of] p2a: Krookodile
|
|upkeep
|turn|4
|inactive|KSt3ve has 180 seconds left.
|inactive|bb skarm has 180 seconds left.
|
|t:|1665933584
|move|p2a: Krookodile|Stealth Rock|p1a: WomenFPSGame
|-sidestart|p1: KSt3ve|move: Stealth Rock
|move|p1a: WomenFPSGame|Hydro Pump|p2a: Krookodile
|-supereffective|p2a: Krookodile
|-damage|p2a: Krookodile|0 fnt
|faint|p2a: Krookodile
|
|upkeep
|
|t:|1665933592
|switch|p2a: Salamence|Salamence, M|100/100
|turn|5
|inactive|KSt3ve has 150 seconds left.
|inactive|KSt3ve has 120 seconds left.
|
|t:|1665933670
|move|p2a: Salamence|Dragon Dance|p2a: Salamence
|-boost|p2a: Salamence|atk|1
|-boost|p2a: Salamence|spe|1
|move|p1a: WomenFPSGame|Volt Switch|p2a: Salamence
|-damage|p2a: Salamence|67/100
|inactive|KSt3ve has 90 seconds left.
|inactive|KSt3ve has 60 seconds left.
|inactive|KSt3ve has 30 seconds left.
|
|t:|1665933758
|switch|p1a: FLINCH BORDEL !|Cobalion|100/100|[from]move: Volt Switch
|-damage|p1a: FLINCH BORDEL !|88/100|[from] Spikes
|-damage|p1a: FLINCH BORDEL !|85/100|[from] Stealth Rock
|
|-heal|p1a: FLINCH BORDEL !|91/100|[from] item: Leftovers
|upkeep
|turn|6
|inactive|bb skarm has 180 seconds left.
|
|t:|1665933768
|move|p2a: Salamence|Fire Blast|p1a: FLINCH BORDEL !
|-supereffective|p1a: FLINCH BORDEL !
|-damage|p1a: FLINCH BORDEL !|28/100
|move|p1a: FLINCH BORDEL !|Iron Head|p2a: Salamence
|-damage|p2a: Salamence|27/100
|
|-heal|p1a: FLINCH BORDEL !|34/100|[from] item: Leftovers
|upkeep
|turn|7
|
|t:|1665933777
|move|p2a: Salamence|Outrage|p1a: FLINCH BORDEL !
|-resisted|p1a: FLINCH BORDEL !
|-damage|p1a: FLINCH BORDEL !|0 fnt
|faint|p1a: FLINCH BORDEL !
|-ability|p2a: Salamence|Moxie|boost
|-boost|p2a: Salamence|atk|1
|
|upkeep
|
|t:|1665933778
|switch|p1a: FastAndFurious|Azelf|100/100
|-damage|p1a: FastAndFurious|88/100|[from] Stealth Rock
|turn|8
|
|t:|1665933781
|move|p1a: FastAndFurious|Dazzling Gleam|p2a: Salamence
|-supereffective|p2a: Salamence
|-damage|p2a: Salamence|0 fnt
|faint|p2a: Salamence
|
|upkeep
|inactive|bb skarm has 180 seconds left.
|
|t:|1665933835
|switch|p2a: Gyarados|Gyarados, F|100/100
|turn|9
|inactive|KSt3ve has 60 seconds left.
|
|t:|1665933868
|switch|p1a: Chinese Factory|Tangrowth, F|100/100
|-damage|p1a: Chinese Factory|88/100|[from] Spikes
|-damage|p1a: Chinese Factory|76/100|[from] Stealth Rock
|move|p2a: Gyarados|Dragon Dance|p2a: Gyarados
|-boost|p2a: Gyarados|atk|1
|-boost|p2a: Gyarados|spe|1
|
|upkeep
|turn|10
|
|t:|1665933878
|move|p2a: Gyarados|Dragon Dance|p2a: Gyarados
|-boost|p2a: Gyarados|atk|1
|-boost|p2a: Gyarados|spe|1
|move|p1a: Chinese Factory|Power Whip|p2a: Gyarados
|-damage|p2a: Gyarados|48/100
|
|upkeep
|turn|11
|
|t:|1665933886
|move|p2a: Gyarados|Ice Fang|p1a: Chinese Factory
|-supereffective|p1a: Chinese Factory
|-damage|p1a: Chinese Factory|21/100
|move|p1a: Chinese Factory|Power Whip|p2a: Gyarados
|-damage|p2a: Gyarados|0 fnt
|faint|p2a: Gyarados
|
|upkeep
|inactive|bb skarm has 180 seconds left.
|
|t:|1665933896
|switch|p2a: Necrozma|Necrozma|100/100
|turn|12
|inactive|bb skarm has 180 seconds left.
|inactive|KSt3ve has 30 seconds left.
|
|t:|1665933935
|move|p2a: Necrozma|Dragon Dance|p2a: Necrozma
|-boost|p2a: Necrozma|atk|1
|-boost|p2a: Necrozma|spe|1
|move|p1a: Chinese Factory|Power Whip|p2a: Necrozma
|-damage|p2a: Necrozma|56/100
|
|upkeep
|turn|13
|inactive|KSt3ve has 30 seconds left.
|inactive|KSt3ve has 20 seconds left.
|
|t:|1665933950
|move|p2a: Necrozma|Dragon Dance|p2a: Necrozma
|-boost|p2a: Necrozma|atk|1
|-boost|p2a: Necrozma|spe|1
|move|p1a: Chinese Factory|Sludge Bomb|p2a: Necrozma
|-damage|p2a: Necrozma|29/100
|
|upkeep
|turn|14
|inactive|KSt3ve has 30 seconds left this turn.
|inactive|KSt3ve has 20 seconds left.
|
|t:|1665933961
|move|p2a: Necrozma|Photon Geyser|p1a: Chinese Factory
|-damage|p1a: Chinese Factory|0 fnt
|faint|p1a: Chinese Factory
|
|upkeep
|inactive|KSt3ve has 25 seconds left this turn.
|inactive|KSt3ve has 20 seconds left.
|inactive|KSt3ve has 15 seconds left.
|
|t:|1665933974
|switch|p1a: FastAndFurious|Azelf|88/100
|-damage|p1a: FastAndFurious|76/100|[from] Stealth Rock
|turn|15
|inactive|KSt3ve has 25 seconds left this turn.
|inactive|KSt3ve has 20 seconds left.
|inactive|KSt3ve has 15 seconds left.
|inactive|KSt3ve has 10 seconds left.
|
|t:|1665933993
|move|p1a: FastAndFurious|U-turn|p2a: Necrozma
|-supereffective|p2a: Necrozma
|-damage|p2a: Necrozma|3/100
|inactive|KSt3ve has 15 seconds left this turn.
|
|t:|1665933994
|switch|p1a: WomenFPSGame|Rotom-Wash|57/100|[from]move: U-turn
|-damage|p1a: WomenFPSGame|45/100|[from] Stealth Rock
|move|p2a: Necrozma|X-Scissor|p1a: WomenFPSGame
|-damage|p1a: WomenFPSGame|2/100
|
|upkeep
|turn|16
|inactive|KSt3ve has 25 seconds left this turn.
|inactive|bb skarm has 210 seconds left.
|
|t:|1665934000
|move|p2a: Necrozma|Photon Geyser|p1a: WomenFPSGame
|-damage|p1a: WomenFPSGame|0 fnt
|faint|p1a: WomenFPSGame
|
|upkeep
|inactive|KSt3ve has 30 seconds left this turn.
|
|t:|1665934002
|switch|p1a: FastAndFurious|Azelf|76/100
|-damage|p1a: FastAndFurious|63/100|[from] Stealth Rock
|turn|17
|
|t:|1665934004
|move|p1a: FastAndFurious|U-turn|p2a: Necrozma
|-supereffective|p2a: Necrozma
|-damage|p2a: Necrozma|0 fnt
|faint|p2a: Necrozma
|
|t:|1665934005
|switch|p1a: Queen Elisadead|Nidoqueen, F|100/100|[from]move: U-turn
|-damage|p1a: Queen Elisadead|88/100|[from] Spikes
|-damage|p1a: Queen Elisadead|82/100|[from] Stealth Rock
|
|upkeep
|inactive|bb skarm has 210 seconds left.
|
|t:|1665934040
|switch|p2a: Cobalion|Cobalion|100/100
|turn|18
|inactive|bb skarm has 210 seconds left.
|
|t:|1665934053
|move|p2a: Cobalion|Iron Head|p1a: Queen Elisadead
|-damage|p1a: Queen Elisadead|40/100
|cant|p1a: Queen Elisadead|flinch
|
|upkeep
|turn|19
|inactive|bb skarm has 210 seconds left.
|inactive|KSt3ve has 60 seconds left.
|
|t:|1665934065
|move|p2a: Cobalion|Iron Head|p1a: Queen Elisadead
|-damage|p1a: Queen Elisadead|0 fnt
|faint|p1a: Queen Elisadead
|
|upkeep
|inactive|KSt3ve has 60 seconds left.
|inactive|KSt3ve has 30 seconds left.
|inactive|KSt3ve has 20 seconds left.
|inactive|KSt3ve has 15 seconds left.
|inactive|KSt3ve has 10 seconds left.
|
|t:|1665934120
|switch|p1a: Dark Kermit|Hydreigon, F|100/100
|-damage|p1a: Dark Kermit|88/100|[from] Stealth Rock
|turn|20
|inactive|KSt3ve has 20 seconds left this turn.
|inactive|KSt3ve has 15 seconds left.
|inactive|bb skarm has 210 seconds left.
|
|t:|1665934144
|move|p1a: Dark Kermit|Thunder Wave|p2a: Cobalion
|-status|p2a: Cobalion|par
|move|p2a: Cobalion|Iron Head|p1a: Dark Kermit
|-crit|p1a: Dark Kermit
|-damage|p1a: Dark Kermit|33/100
|
|-heal|p1a: Dark Kermit|39/100|[from] item: Leftovers
|upkeep
|turn|21
|inactive|KSt3ve has 25 seconds left this turn.
|inactive|KSt3ve has 20 seconds left.
|
|t:|1665934152
|move|p1a: Dark Kermit|Roost|p1a: Dark Kermit
|-heal|p1a: Dark Kermit|89/100
|-singleturn|p1a: Dark Kermit|move: Roost
|move|p2a: Cobalion|Rock Polish|p2a: Cobalion
|-boost|p2a: Cobalion|spe|2
|
|-heal|p1a: Dark Kermit|96/100|[from] item: Leftovers
|upkeep
|turn|22
|inactive|KSt3ve has 30 seconds left this turn.
|
|t:|1665934159
|move|p1a: Dark Kermit|Dark Pulse|p2a: Cobalion
|-resisted|p2a: Cobalion
|-damage|p2a: Cobalion|74/100 par
|-ability|p2a: Cobalion|Justified|boost
|-boost|p2a: Cobalion|atk|1
|move|p2a: Cobalion|Rock Polish|p2a: Cobalion
|-boost|p2a: Cobalion|spe|2
|
|-heal|p1a: Dark Kermit|100/100|[from] item: Leftovers
|upkeep
|turn|23
|
|t:|1665934163
|move|p2a: Cobalion|Rock Polish|p2a: Cobalion
|-boost|p2a: Cobalion|spe|2
|move|p1a: Dark Kermit|Dark Pulse|p2a: Cobalion
|-resisted|p2a: Cobalion
|-damage|p2a: Cobalion|50/100 par
|-ability|p2a: Cobalion|Justified|boost
|-boost|p2a: Cobalion|atk|1
|
|upkeep
|turn|24
|
|t:|1665934167
|cant|p2a: Cobalion|par
|move|p1a: Dark Kermit|Dark Pulse|p2a: Cobalion
|-resisted|p2a: Cobalion
|-damage|p2a: Cobalion|24/100 par
|-ability|p2a: Cobalion|Justified|boost
|-boost|p2a: Cobalion|atk|1
|
|upkeep
|turn|25
|
|t:|1665934173
|cant|p2a: Cobalion|par
|move|p1a: Dark Kermit|Dark Pulse|p2a: Cobalion
|-resisted|p2a: Cobalion
|-damage|p2a: Cobalion|0 fnt
|faint|p2a: Cobalion
|
|win|KSt3ve
|c|☆bb skarm|gg
|c|☆KSt3ve|gg
