|inactive|Battle timer is ON: inactive players will automatically lose when time's up.
|t:|1638727891
|gametype|singles
|player|p1|congelateur-sama|170|
|player|p2|hinata sakaguchi|lyra|
|teamsize|p1|6
|teamsize|p2|6
|gen|8
|tier|[Gen 8] UU
|rule|Sleep Clause Mod: Limit one foe put to sleep
|rule|Species Clause: Limit one of each Pokémon
|rule|OHKO Clause: OHKO moves are banned
|rule|Evasion Moves Clause: Evasion moves are banned
|rule|Endless Battle Clause: Forcing endless battles is banned
|rule|HP Percentage Mod: HP is shown in percentages
|rule|Dynamax Clause: You cannot dynamax
|clearpoke
|poke|p1|Conkeldurr, M|
|poke|p1|Azelf|
|poke|p1|Thundurus-Therian, M|
|poke|p1|Tangrowth, M|
|poke|p1|Aegislash, F|
|poke|p1|Diancie|
|poke|p2|Jirachi|
|poke|p2|Entei|
|poke|p2|Swampert, M|
|poke|p2|Moltres-Galar|
|poke|p2|Mienshao, M|
|poke|p2|Amoonguss, M|
|teampreview
|c|☆congelateur-sama|hf
|c|☆hinata sakaguchi|hf
|inactive|congelateur-sama has 270 seconds left.
|inactive|hinata sakaguchi has 270 seconds left.
|inactive|congelateur-sama has 240 seconds left.
|
|t:|1638727977
|start
|switch|p1a: Aegislash|Aegislash, F|100/100
|switch|p2a: Jirachi|Jirachi|100/100
|turn|1
|inactive|congelateur-sama has 270 seconds left.
|
|t:|1638728004
|move|p2a: Jirachi|U-turn|p1a: Aegislash
|-resisted|p1a: Aegislash
|-damage|p1a: Aegislash|96/100
|
|t:|1638728007
|switch|p2a: Amoonguss|Amoonguss, M|100/100|[from]move: U-turn
|-formechange|p1a: Aegislash|Aegislash-Blade||[from] ability: Stance Change
|move|p1a: Aegislash|Shadow Ball|p2a: Amoonguss
|-damage|p2a: Amoonguss|52/100
|-enditem|p2a: Amoonguss|Eject Button
|inactive|hinata sakaguchi has 270 seconds left.
|
|t:|1638728023
|switch|p2a: Swampert|Swampert, M|100/100
|
|-heal|p1a: Aegislash|100/100|[from] item: Leftovers
|upkeep
|turn|2
|inactive|hinata sakaguchi has 270 seconds left.
|
|t:|1638728037
|switch|p1a: Tangrowth|Tangrowth, M|100/100
|move|p2a: Swampert|Earthquake|p1a: Tangrowth
|-resisted|p1a: Tangrowth
|-damage|p1a: Tangrowth|91/100
|
|upkeep
|turn|3
|
|t:|1638728043
|switch|p2a: Amoonguss|Amoonguss, M|85/100
|move|p1a: Tangrowth|Giga Drain|p2a: Amoonguss
|-resisted|p2a: Amoonguss
|-damage|p2a: Amoonguss|78/100
|-heal|p1a: Tangrowth|95/100|[from] drain|[of] p2a: Amoonguss
|
|upkeep
|turn|4
|
|t:|1638728065
|switch|p1a: Thundurus|Thundurus-Therian, M|100/100
|move|p2a: Amoonguss|Spore|p1a: Thundurus
|-status|p1a: Thundurus|slp|[from] move: Spore
|
|upkeep
|turn|5
|inactive|congelateur-sama has 270 seconds left.
|inactive|hinata sakaguchi has 270 seconds left.
|
|t:|1638728102
|switch|p1a: Azelf|Azelf|100/100
|switch|p2a: Mienshao|Mienshao, M|100/100
|
|upkeep
|turn|6
|inactive|congelateur-sama has 240 seconds left.
|inactive|hinata sakaguchi has 240 seconds left.
|
|t:|1638728130
|switch|p1a: Tangrowth|Tangrowth, M|100/100
|switch|p2a: Amoonguss|Amoonguss, M|100/100
|
|upkeep
|turn|7
|inactive|congelateur-sama has 240 seconds left.
|
|t:|1638728139
|switch|p1a: Azelf|Azelf|100/100
|move|p2a: Amoonguss|Foul Play|p1a: Azelf
|-supereffective|p1a: Azelf
|-damage|p1a: Azelf|4/100
|
|upkeep
|turn|8
|inactive|congelateur-sama has 240 seconds left.
|inactive|hinata sakaguchi has 240 seconds left.
|
|t:|1638728162
|move|p1a: Azelf|U-turn|p2a: Amoonguss
|-damage|p2a: Amoonguss|86/100
|inactive|congelateur-sama has 240 seconds left.
|
|t:|1638728168
|switch|p1a: Conkeldurr|Conkeldurr, M|100/100|[from]move: U-turn
|move|p2a: Amoonguss|Sludge Bomb|p1a: Conkeldurr
|-damage|p1a: Conkeldurr|64/100
|
|-status|p1a: Conkeldurr|brn|[from] item: Flame Orb
|upkeep
|turn|9
|inactive|hinata sakaguchi has 240 seconds left.
|
|t:|1638728184
|move|p1a: Conkeldurr|Facade|p2a: Amoonguss
|-damage|p2a: Amoonguss|26/100
|move|p2a: Amoonguss|Sludge Bomb|p1a: Conkeldurr
|-damage|p1a: Conkeldurr|23/100 brn
|
|-damage|p1a: Conkeldurr|17/100 brn|[from] brn
|upkeep
|turn|10
|inactive|hinata sakaguchi has 240 seconds left.
|
|t:|1638728215
|switch|p2a: Entei|Entei|100/100
|move|p1a: Conkeldurr|Drain Punch|p2a: Entei
|-damage|p2a: Entei|33/100
|-heal|p1a: Conkeldurr|53/100 brn|[from] drain|[of] p2a: Entei
|
|-damage|p1a: Conkeldurr|47/100 brn|[from] brn
|upkeep
|turn|11
|
|t:|1638728232
|switch|p1a: Diancie|Diancie|100/100
|move|p2a: Entei|Sacred Fire|p1a: Diancie
|-resisted|p1a: Diancie
|-damage|p1a: Diancie|83/100
|-status|p1a: Diancie|brn
|
|-heal|p1a: Diancie|89/100 brn|[from] item: Leftovers
|-damage|p1a: Diancie|83/100 brn|[from] brn
|upkeep
|turn|12
|
|t:|1638728239
|switch|p2a: Swampert|Swampert, M|100/100
|move|p1a: Diancie|Stealth Rock|p2a: Swampert
|-sidestart|p2: hinata sakaguchi|move: Stealth Rock
|
|-heal|p1a: Diancie|89/100 brn|[from] item: Leftovers
|-damage|p1a: Diancie|83/100 brn|[from] brn
|upkeep
|turn|13
|inactive|congelateur-sama has 240 seconds left.
|inactive|hinata sakaguchi has 210 seconds left.
|
|t:|1638728268
|switch|p1a: Conkeldurr|Conkeldurr, M|47/100 brn
|move|p2a: Swampert|Stealth Rock|p1a: Conkeldurr
|-sidestart|p1: congelateur-sama|move: Stealth Rock
|
|-damage|p1a: Conkeldurr|41/100 brn|[from] brn
|upkeep
|turn|14
|
|t:|1638728275
|switch|p2a: Entei|Entei|33/100
|move|p1a: Conkeldurr|Drain Punch|p2a: Entei
|-damage|p2a: Entei|0 fnt
|-heal|p1a: Conkeldurr|58/100 brn|[from] drain|[of] p2a: Entei
|faint|p2a: Entei
|
|-damage|p1a: Conkeldurr|52/100 brn|[from] brn
|upkeep
|
|t:|1638728277
|switch|p2a: Mienshao|Mienshao, M|100/100
|-damage|p2a: Mienshao|95/100|[from] Stealth Rock
|turn|15
|
|t:|1638728292
|switch|p1a: Tangrowth|Tangrowth, M|100/100
|-damage|p1a: Tangrowth|88/100|[from] Stealth Rock
|move|p2a: Mienshao|Close Combat|p1a: Tangrowth
|-damage|p1a: Tangrowth|50/100
|-unboost|p2a: Mienshao|def|1
|-unboost|p2a: Mienshao|spd|1
|-damage|p2a: Mienshao|78/100|[from] item: Rocky Helmet|[of] p1a: Tangrowth
|-damage|p2a: Mienshao|68/100|[from] item: Life Orb
|
|upkeep
|turn|16
|
|t:|1638728310
|move|p2a: Mienshao|U-turn|p1a: Tangrowth
|-supereffective|p1a: Tangrowth
|-damage|p1a: Tangrowth|17/100
|-damage|p2a: Mienshao|51/100|[from] item: Rocky Helmet|[of] p1a: Tangrowth
|-damage|p2a: Mienshao|41/100|[from] item: Life Orb
|
|t:|1638728314
|switch|p2a: Amoonguss|Amoonguss, M|59/100|[from]move: U-turn
|-damage|p2a: Amoonguss|47/100|[from] Stealth Rock
|move|p1a: Tangrowth|Synthesis|p1a: Tangrowth
|-heal|p1a: Tangrowth|67/100
|
|upkeep
|turn|17
|
|t:|1638728330
|switch|p1a: Aegislash|Aegislash, F|100/100
|-damage|p1a: Aegislash|94/100|[from] Stealth Rock
|switch|p2a: Swampert|Swampert, M|100/100
|-damage|p2a: Swampert|94/100|[from] Stealth Rock
|
|-heal|p2a: Swampert|100/100|[from] item: Leftovers
|-heal|p1a: Aegislash|100/100|[from] item: Leftovers
|upkeep
|turn|18
|
|t:|1638728336
|move|p2a: Swampert|Earthquake|p1a: Aegislash
|-supereffective|p1a: Aegislash
|-crit|p1a: Aegislash
|-damage|p1a: Aegislash|4/100
|move|p1a: Aegislash|Toxic|p2a: Swampert
|-status|p2a: Swampert|tox
|
|-heal|p1a: Aegislash|10/100|[from] item: Leftovers
|-damage|p2a: Swampert|94/100 tox|[from] psn
|upkeep
|turn|19
|c|☆congelateur-sama|f
|inactive|hinata sakaguchi has 210 seconds left.
|
|t:|1638728357
|move|p1a: Aegislash|King's Shield|p1a: Aegislash
|-singleturn|p1a: Aegislash|Protect
|move|p2a: Swampert|Earthquake|p1a: Aegislash
|-activate|p1a: Aegislash|move: Protect
|
|-heal|p2a: Swampert|100/100 tox|[from] item: Leftovers
|-heal|p1a: Aegislash|16/100|[from] item: Leftovers
|-damage|p2a: Swampert|88/100 tox|[from] psn
|upkeep
|turn|20
|
|t:|1638728374
|switch|p1a: Tangrowth|Tangrowth, M|99/100
|-damage|p1a: Tangrowth|88/100|[from] Stealth Rock
|move|p2a: Swampert|Flip Turn|p1a: Tangrowth
|-resisted|p1a: Tangrowth
|-damage|p1a: Tangrowth|81/100
|-damage|p2a: Swampert|72/100 tox|[from] item: Rocky Helmet|[of] p1a: Tangrowth
|inactive|hinata sakaguchi has 210 seconds left.
|
|t:|1638728400
|switch|p2a: Moltres|Moltres-Galar|100/100|[from]move: Flip Turn
|
|upkeep
|turn|21
|inactive|congelateur-sama has 240 seconds left.
|
|t:|1638728452
|switch|p1a: Aegislash|Aegislash, F|16/100
|-damage|p1a: Aegislash|10/100|[from] Stealth Rock
|move|p2a: Moltres|Hurricane|p1a: Aegislash
|-resisted|p1a: Aegislash
|-damage|p1a: Aegislash|0 fnt
|faint|p1a: Aegislash
|
|upkeep
|
|t:|1638728455
|switch|p1a: Diancie|Diancie|83/100 brn
|-damage|p1a: Diancie|70/100 brn|[from] Stealth Rock
|turn|22
|inactive|hinata sakaguchi has 210 seconds left.
|
|t:|1638728471
|switch|p2a: Jirachi|Jirachi|100/100
|-damage|p2a: Jirachi|94/100|[from] Stealth Rock
|switch|p1a: Azelf|Azelf|4/100
|
|upkeep
|turn|23
|inactive|hinata sakaguchi has 210 seconds left.
|
|t:|1638728478
|switch|p1a: Tangrowth|Tangrowth, M|100/100
|-damage|p1a: Tangrowth|88/100|[from] Stealth Rock
|move|p2a: Jirachi|U-turn|p1a: Tangrowth
|-supereffective|p1a: Tangrowth
|-damage|p1a: Tangrowth|67/100
|-damage|p2a: Jirachi|78/100|[from] item: Rocky Helmet|[of] p1a: Tangrowth
|
|t:|1638728482
|switch|p2a: Moltres|Moltres-Galar|100/100|[from]move: U-turn
|
|upkeep
|turn|24
|
|t:|1638728491
|switch|p1a: Diancie|Diancie|70/100 brn
|-damage|p1a: Diancie|58/100 brn|[from] Stealth Rock
|move|p2a: Moltres|Hurricane|p1a: Diancie|[miss]
|-miss|p2a: Moltres|p1a: Diancie
|
|-heal|p1a: Diancie|64/100 brn|[from] item: Leftovers
|-damage|p1a: Diancie|58/100 brn|[from] brn
|upkeep
|turn|25
|
|t:|1638728500
|switch|p2a: Swampert|Swampert, M|72/100 tox
|-damage|p2a: Swampert|65/100 tox|[from] Stealth Rock
|move|p1a: Diancie|Moonblast|p2a: Swampert
|-damage|p2a: Swampert|34/100 tox
|-unboost|p2a: Swampert|spa|1
|
|-heal|p2a: Swampert|40/100 tox|[from] item: Leftovers
|-heal|p1a: Diancie|64/100 brn|[from] item: Leftovers
|-damage|p2a: Swampert|34/100 tox|[from] psn
|-damage|p1a: Diancie|58/100 brn|[from] brn
|upkeep
|turn|26
|inactive|congelateur-sama has 240 seconds left.
|
|t:|1638728542
|switch|p1a: Tangrowth|Tangrowth, M|100/100
|-damage|p1a: Tangrowth|88/100|[from] Stealth Rock
|move|p2a: Swampert|Flip Turn|p1a: Tangrowth
|-resisted|p1a: Tangrowth
|-damage|p1a: Tangrowth|82/100
|-damage|p2a: Swampert|18/100 tox|[from] item: Rocky Helmet|[of] p1a: Tangrowth
|inactive|hinata sakaguchi has 210 seconds left.
|
|t:|1638728568
|switch|p2a: Amoonguss|Amoonguss, M|80/100|[from]move: Flip Turn
|-damage|p2a: Amoonguss|68/100|[from] Stealth Rock
|
|upkeep
|turn|27
|inactive|congelateur-sama has 210 seconds left.
|inactive|congelateur-sama has 180 seconds left.
|inactive|congelateur-sama has 150 seconds left.
|inactive|congelateur-sama has 120 seconds left.
|
|t:|1638728690
|move|p1a: Tangrowth|Sludge Bomb|p2a: Amoonguss
|-damage|p2a: Amoonguss|48/100
|move|p2a: Amoonguss|Sludge Bomb|p1a: Tangrowth
|-supereffective|p1a: Tangrowth
|-damage|p1a: Tangrowth|6/100
|
|upkeep
|turn|28
|inactive|congelateur-sama has 120 seconds left.
|
|t:|1638728700
|move|p1a: Tangrowth|Knock Off|p2a: Amoonguss
|-damage|p2a: Amoonguss|37/100
|move|p2a: Amoonguss|Sludge Bomb|p1a: Tangrowth
|-supereffective|p1a: Tangrowth
|-damage|p1a: Tangrowth|0 fnt
|faint|p1a: Tangrowth
|
|upkeep
|inactive|congelateur-sama has 120 seconds left.
|
|t:|1638728709
|switch|p1a: Conkeldurr|Conkeldurr, M|52/100 brn
|-damage|p1a: Conkeldurr|46/100 brn|[from] Stealth Rock
|turn|29
|
|t:|1638728719
|switch|p2a: Swampert|Swampert, M|18/100 tox
|-damage|p2a: Swampert|11/100 tox|[from] Stealth Rock
|move|p1a: Conkeldurr|Facade|p2a: Swampert
|-damage|p2a: Swampert|0 fnt
|faint|p2a: Swampert
|
|-damage|p1a: Conkeldurr|40/100 brn|[from] brn
|upkeep
|inactive|hinata sakaguchi has 240 seconds left.
|
|t:|1638728736
|switch|p2a: Jirachi|Jirachi|78/100
|-damage|p2a: Jirachi|72/100|[from] Stealth Rock
|turn|30
|inactive|congelateur-sama has 120 seconds left.
|inactive|congelateur-sama has 90 seconds left.
|
|t:|1638728807
|switch|p1a: Diancie|Diancie|58/100 brn
|-damage|p1a: Diancie|45/100 brn|[from] Stealth Rock
|move|p2a: Jirachi|Iron Head|p1a: Diancie
|-supereffective|p1a: Diancie
|-damage|p1a: Diancie|0 fnt
|faint|p1a: Diancie
|
|upkeep
|
|t:|1638728811
|switch|p1a: Thundurus|Thundurus-Therian, M|100/100 slp
|turn|31
|
|t:|1638728816
|switch|p2a: Mienshao|Mienshao, M|75/100
|-damage|p2a: Mienshao|69/100|[from] Stealth Rock
|cant|p1a: Thundurus|slp
|
|upkeep
|turn|32
|inactive|congelateur-sama has 90 seconds left.
|
|t:|1638728826
|move|p2a: Mienshao|Knock Off|p1a: Thundurus
|-damage|p1a: Thundurus|34/100 slp
|-enditem|p1a: Thundurus|Heavy-Duty Boots|[from] move: Knock Off|[of] p2a: Mienshao
|-damage|p2a: Mienshao|59/100|[from] item: Life Orb
|cant|p1a: Thundurus|slp
|
|upkeep
|turn|33
|inactive|congelateur-sama has 90 seconds left.
|
|t:|1638728837
|move|p2a: Mienshao|Knock Off|p1a: Thundurus
|-damage|p1a: Thundurus|0 fnt
|faint|p1a: Thundurus
|-damage|p2a: Mienshao|49/100|[from] item: Life Orb
|
|upkeep
|c|☆congelateur-sama|gg
|inactive|congelateur-sama has 90 seconds left.
|
|t:|1638728859
|switch|p1a: Azelf|Azelf|4/100
|turn|34
|inactive|hinata sakaguchi has 270 seconds left.
|
|t:|1638728866
|move|p1a: Azelf|Flamethrower|p2a: Mienshao
|-damage|p2a: Mienshao|0 fnt
|faint|p2a: Mienshao
|
|upkeep
|
|t:|1638728869
|switch|p2a: Jirachi|Jirachi|72/100
|-damage|p2a: Jirachi|66/100|[from] Stealth Rock
|turn|35
|inactive|congelateur-sama has 90 seconds left.
|
|t:|1638728874
|move|p2a: Jirachi|Iron Head|p1a: Azelf
|-damage|p1a: Azelf|0 fnt
|faint|p1a: Azelf
|
|upkeep
|
|t:|1638728876
|switch|p1a: Conkeldurr|Conkeldurr, M|40/100 brn
|-damage|p1a: Conkeldurr|34/100 brn|[from] Stealth Rock
|turn|36
|
|t:|1638728878
|move|p1a: Conkeldurr|Mach Punch|p2a: Jirachi
|-damage|p2a: Jirachi|27/100
|move|p2a: Jirachi|Iron Head|p1a: Conkeldurr
|-damage|p1a: Conkeldurr|0 fnt
|faint|p1a: Conkeldurr
|
|win|hinata sakaguchi
|c|☆hinata sakaguchi|gg
