|inactive|Battle timer is ON: inactive players will automatically lose when time's up.
|t:|1664021623
|gametype|singles
|player|p1|Carmin|firebreather|
|player|p2|robjr|lance|
|teamsize|p1|6
|teamsize|p2|6
|gen|8
|tier|[Gen 8] UU
|rule|Sleep Clause Mod: Limit one foe put to sleep
|rule|Species Clause: Limit one of each Pokémon
|rule|OHKO Clause: OHKO moves are banned
|rule|Evasion Items Clause: Evasion items are banned
|rule|Evasion Moves Clause: Evasion moves are banned
|rule|Endless Battle Clause: Forcing endless battles is banned
|rule|HP Percentage Mod: HP is shown in percentages
|rule|Dynamax Clause: You cannot dynamax
|clearpoke
|poke|p1|Gyarados, M|
|poke|p1|Celesteela|
|poke|p1|Nihilego|
|poke|p1|Excadrill, F|
|poke|p1|Scizor, F|
|poke|p1|Salamence, F|
|poke|p2|Slowbro-Galar, F|
|poke|p2|Cobalion|
|poke|p2|Zarude|
|poke|p2|Salamence, F|
|poke|p2|Zygarde-10%|
|poke|p2|Togekiss, F|
|teampreview
|inactive|Carmin also wants the timer to be on.
|c|☆Carmin|hf
|inactive|robjr has 270 seconds left.
|
|t:|1664021669
|start
|switch|p1a: Excadrill|Excadrill, F|100/100
|switch|p2a: Cobalion|Cobalion|100/100
|-ability|p1a: Excadrill|Mold Breaker
|turn|1
|
|t:|1664021685
|move|p2a: Cobalion|Iron Head|p1a: Excadrill
|-resisted|p1a: Excadrill
|-crit|p1a: Excadrill
|-damage|p1a: Excadrill|68/100
|move|p1a: Excadrill|Rapid Spin|p2a: Cobalion
|-resisted|p2a: Cobalion
|-damage|p2a: Cobalion|93/100
|-boost|p1a: Excadrill|spe|1
|
|upkeep
|turn|2
|
|t:|1664021690
|move|p1a: Excadrill|Stealth Rock|p2a: Cobalion
|-sidestart|p2: robjr|move: Stealth Rock
|move|p2a: Cobalion|Close Combat|p1a: Excadrill
|-supereffective|p1a: Excadrill
|-damage|p1a: Excadrill|0 fnt
|-unboost|p2a: Cobalion|def|1
|-unboost|p2a: Cobalion|spd|1
|faint|p1a: Excadrill
|
|upkeep
|
|t:|1664021711
|switch|p1a: Celesteela|Celesteela|100/100
|turn|3
|
|t:|1664021721
|switch|p2a: Togekiss|Togekiss, F|100/100
|move|p1a: Celesteela|Autotomize|p1a: Celesteela
|-boost|p1a: Celesteela|spe|2
|-start|p1a: Celesteela|Autotomize
|
|upkeep
|turn|4
|
|t:|1664021728
|move|p1a: Celesteela|Meteor Beam||[still]
|-prepare|p1a: Celesteela|Meteor Beam
|-boost|p1a: Celesteela|spa|1
|-enditem|p1a: Celesteela|Power Herb
|-anim|p1a: Celesteela|Meteor Beam|p2a: Togekiss
|-supereffective|p2a: Togekiss
|-damage|p2a: Togekiss|0 fnt
|faint|p2a: Togekiss
|-ability|p1a: Celesteela|Beast Boost|boost
|-boost|p1a: Celesteela|spa|1
|
|upkeep
|
|t:|1664021736
|switch|p2a: Zygarde|Zygarde-10%|100/100
|-damage|p2a: Zygarde|94/100|[from] Stealth Rock
|-ability|p2a: Zygarde|Aura Break
|turn|5
|
|t:|1664021740
|move|p1a: Celesteela|Air Slash|p2a: Zygarde
|-damage|p2a: Zygarde|0 fnt
|faint|p2a: Zygarde
|-ability|p1a: Celesteela|Beast Boost|boost
|-boost|p1a: Celesteela|spa|1
|
|upkeep
|c|☆robjr|gg
|c|☆Carmin|gg
|-message|robjr forfeited.
|
|win|Carmin
