|inactive|Battle timer is ON: inactive players will automatically lose when time's up.
|t:|1661105692
|gametype|singles
|player|p1|Adaam|#uutrio2ladder|
|player|p2|pop smoke|skyla-masters2|
|teamsize|p1|6
|teamsize|p2|6
|gen|8
|tier|[Gen 8] UU
|rule|Sleep Clause Mod: Limit one foe put to sleep
|rule|Species Clause: Limit one of each Pokémon
|rule|OHKO Clause: OHKO moves are banned
|rule|Evasion Moves Clause: Evasion moves are banned
|rule|Endless Battle Clause: Forcing endless battles is banned
|rule|HP Percentage Mod: HP is shown in percentages
|rule|Dynamax Clause: You cannot dynamax
|clearpoke
|poke|p1|Starmie|
|poke|p1|Entei|
|poke|p1|Zarude-Dada|
|poke|p1|Skarmory, M|
|poke|p1|Diggersby, F|
|poke|p1|Nihilego|
|poke|p2|Conkeldurr, F|
|poke|p2|Primarina, F|
|poke|p2|Hydreigon, M|
|poke|p2|Tangrowth, F|
|poke|p2|Excadrill, M|
|poke|p2|Gyarados, F|
|teampreview
|inactive|pop smoke also wants the timer to be on.
|c|☆Adaam|hf
|c|☆pop smoke|hf
|inactive|Adaam has 270 seconds left.
|inactive|pop smoke has 270 seconds left.
|c|+dingbat|:[]
|inactive|Adaam has 240 seconds left.
|inactive|Adaam has 210 seconds left.
|
|t:|1661105784
|start
|switch|p1a: big chungus|Diggersby, F|100/100
|switch|p2a: Conkeldurr|Conkeldurr, F|100/100
|turn|1
|inactive|Adaam has 270 seconds left.
|inactive|Adaam has 240 seconds left.
|c|+OnArceus|holy cmw its big chungus
|inactive|Adaam has 210 seconds left.
|
|t:|1661105874
|move|p1a: big chungus|U-turn|p2a: Conkeldurr
|-resisted|p2a: Conkeldurr
|-damage|p2a: Conkeldurr|88/100
|
|t:|1661105883
|switch|p1a: skarlet setter|Skarmory, M|100/100|[from]move: U-turn
|move|p2a: Conkeldurr|Drain Punch|p1a: skarlet setter
|-crit|p1a: skarlet setter
|-damage|p1a: skarlet setter|68/100
|-heal|p2a: Conkeldurr|100/100|[from] drain|[of] p1a: skarlet setter
|-damage|p2a: Conkeldurr|84/100|[from] item: Rocky Helmet|[of] p1a: skarlet setter
|
|-heal|p2a: Conkeldurr|90/100|[from] item: Leftovers
|upkeep
|turn|2
|
|t:|1661105892
|move|p1a: skarlet setter|Spikes|p2a: Conkeldurr
|-sidestart|p2: pop smoke|Spikes
|move|p2a: Conkeldurr|Bulk Up|p2a: Conkeldurr
|-boost|p2a: Conkeldurr|atk|1
|-boost|p2a: Conkeldurr|def|1
|
|-heal|p2a: Conkeldurr|96/100|[from] item: Leftovers
|upkeep
|turn|3
|
|t:|1661105896
|move|p1a: skarlet setter|Iron Defense|p1a: skarlet setter
|-boost|p1a: skarlet setter|def|2
|move|p2a: Conkeldurr|Drain Punch|p1a: skarlet setter
|-damage|p1a: skarlet setter|52/100
|-heal|p2a: Conkeldurr|100/100|[from] drain|[of] p1a: skarlet setter
|-damage|p2a: Conkeldurr|84/100|[from] item: Rocky Helmet|[of] p1a: skarlet setter
|
|-heal|p2a: Conkeldurr|90/100|[from] item: Leftovers
|upkeep
|turn|4
|
|t:|1661105900
|move|p1a: skarlet setter|Roost|p1a: skarlet setter
|-heal|p1a: skarlet setter|100/100
|-singleturn|p1a: skarlet setter|move: Roost
|move|p2a: Conkeldurr|Drain Punch|p1a: skarlet setter
|-supereffective|p1a: skarlet setter
|-crit|p1a: skarlet setter
|-damage|p1a: skarlet setter|5/100
|-heal|p2a: Conkeldurr|100/100|[from] drain|[of] p1a: skarlet setter
|-damage|p2a: Conkeldurr|84/100|[from] item: Rocky Helmet|[of] p1a: skarlet setter
|
|-heal|p2a: Conkeldurr|90/100|[from] item: Leftovers
|upkeep
|turn|5
|c|☆Adaam|gg
|c|+pokemonisfun|:(
|c|+pokemonisfun|never give up
|inactive|pop smoke has 270 seconds left.
|c|+pokemonisfun|remember when you came back when ava was up like 6-3 vs you in trio tour
|
|t:|1661105948
|switch|p1a: staryu double|Starmie|100/100
|move|p2a: Conkeldurr|Mach Punch|p1a: staryu double
|-resisted|p1a: staryu double
|-damage|p1a: staryu double|83/100
|
|-heal|p2a: Conkeldurr|96/100|[from] item: Leftovers
|upkeep
|turn|6
|
|t:|1661105968
|move|p1a: staryu double|Thunder Wave|p2a: Conkeldurr
|-status|p2a: Conkeldurr|par
|move|p2a: Conkeldurr|Drain Punch|p1a: staryu double
|-resisted|p1a: staryu double
|-damage|p1a: staryu double|34/100
|-heal|p2a: Conkeldurr|100/100 par|[from] drain|[of] p1a: staryu double
|
|upkeep
|turn|7
|c|+hariyana grande|.
|
|t:|1661105978
|move|p1a: staryu double|Scald|p2a: Conkeldurr
|-damage|p2a: Conkeldurr|80/100 par
|cant|p2a: Conkeldurr|par
|
|-heal|p2a: Conkeldurr|86/100 par|[from] item: Leftovers
|upkeep
|turn|8
|
|t:|1661105982
|move|p1a: staryu double|Scald|p2a: Conkeldurr
|-damage|p2a: Conkeldurr|65/100 par
|cant|p2a: Conkeldurr|par
|
|-heal|p2a: Conkeldurr|71/100 par|[from] item: Leftovers
|upkeep
|turn|9
|
|t:|1661105986
|move|p1a: staryu double|Scald|p2a: Conkeldurr
|-damage|p2a: Conkeldurr|51/100 par
|move|p2a: Conkeldurr|Drain Punch|p1a: staryu double
|-resisted|p1a: staryu double
|-crit|p1a: staryu double
|-damage|p1a: staryu double|0 fnt
|-heal|p2a: Conkeldurr|64/100 par|[from] drain|[of] p1a: staryu double
|faint|p1a: staryu double
|
|-heal|p2a: Conkeldurr|70/100 par|[from] item: Leftovers
|upkeep
|inactive|Adaam has 240 seconds left.
|
|t:|1661106013
|switch|p1a: finger|Entei, shiny|100/100
|turn|10
|
|t:|1661106017
|move|p1a: finger|Sacred Fire|p2a: Conkeldurr
|-damage|p2a: Conkeldurr|27/100 par
|cant|p2a: Conkeldurr|par
|
|-heal|p2a: Conkeldurr|33/100 par|[from] item: Leftovers
|upkeep
|turn|11
|inactive|pop smoke has 270 seconds left.
|
|t:|1661106053
|move|p2a: Conkeldurr|Mach Punch|p1a: finger
|-damage|p1a: finger|58/100
|move|p1a: finger|Sacred Fire|p2a: Conkeldurr
|-damage|p2a: Conkeldurr|0 fnt
|faint|p2a: Conkeldurr
|
|upkeep
|
|t:|1661106057
|switch|p2a: Hydreigon|Hydreigon, M|100/100
|turn|12
|c|+Bouff|kid named finger
|
|t:|1661106070
|switch|p1a: blue nihil|Nihilego|100/100
|move|p2a: Hydreigon|Draco Meteor|p1a: blue nihil
|-crit|p1a: blue nihil
|-damage|p1a: blue nihil|34/100
|-unboost|p2a: Hydreigon|spa|2
|
|-heal|p1a: blue nihil|40/100|[from] item: Black Sludge
|upkeep
|turn|13
|
|t:|1661106081
|switch|p1a: finger|Entei, shiny|58/100
|move|p2a: Hydreigon|Draco Meteor|p1a: finger
|-damage|p1a: finger|19/100
|-unboost|p2a: Hydreigon|spa|2
|
|upkeep
|turn|14
|inactive|Adaam has 270 seconds left.
|
|t:|1661106089
|switch|p1a: big chungus|Diggersby, F|100/100
|move|p2a: Hydreigon|Draco Meteor|p1a: big chungus
|-damage|p1a: big chungus|70/100
|-unboost|p2a: Hydreigon|spa|2
|
|upkeep
|turn|15
|inactive|Adaam has 270 seconds left.
|inactive|pop smoke has 270 seconds left.
|inactive|pop smoke has 240 seconds left.
|inactive|pop smoke has 210 seconds left.
|
|t:|1661106184
|switch|p2a: Excadrill|Excadrill, M|100/100
|-damage|p2a: Excadrill|88/100|[from] Spikes
|-ability|p2a: Excadrill|Mold Breaker
|move|p1a: big chungus|Body Slam|p2a: Excadrill
|-resisted|p2a: Excadrill
|-damage|p2a: Excadrill|46/100
|-status|p2a: Excadrill|par
|
|-heal|p2a: Excadrill|53/100 par|[from] item: Leftovers
|upkeep
|turn|16
|inactive|pop smoke has 210 seconds left.
|inactive|Adaam has 270 seconds left.
|inactive|pop smoke has 180 seconds left.
|
|t:|1661106222
|move|p1a: big chungus|Body Slam|p2a: Excadrill
|-resisted|p2a: Excadrill
|-damage|p2a: Excadrill|15/100 par
|move|p2a: Excadrill|Stealth Rock|p1a: big chungus
|-sidestart|p1: Adaam|move: Stealth Rock
|
|-heal|p2a: Excadrill|21/100 par|[from] item: Leftovers
|upkeep
|turn|17
|
|t:|1661106229
|move|p1a: big chungus|Body Slam|p2a: Excadrill
|-resisted|p2a: Excadrill
|-damage|p2a: Excadrill|0 fnt
|faint|p2a: Excadrill
|
|upkeep
|inactive|pop smoke has 180 seconds left.
|
|t:|1661106241
|switch|p2a: Hydreigon|Hydreigon, M|100/100
|turn|18
|
|t:|1661106256
|switch|p1a: skarlet setter|Skarmory, M|5/100
|-damage|p1a: skarlet setter|0 fnt|[from] Stealth Rock
|faint|p1a: skarlet setter
|move|p2a: Hydreigon|Draco Meteor|p1: skarlet setter|[notarget]
|-fail|p2a: Hydreigon
|
|upkeep
|inactive|Adaam has 270 seconds left.
|
|t:|1661106267
|switch|p1a: do wah dada|Zarude-Dada|100/100
|-damage|p1a: do wah dada|88/100|[from] Stealth Rock
|turn|19
|inactive|pop smoke has 180 seconds left.
|
|t:|1661106291
|move|p2a: Hydreigon|Draco Meteor|p1a: do wah dada
|-damage|p1a: do wah dada|17/100
|-unboost|p2a: Hydreigon|spa|2
|move|p1a: do wah dada|Jungle Healing|p1a: do wah dada
|-heal|p1a: do wah dada|42/100
|
|upkeep
|turn|20
|inactive|pop smoke has 180 seconds left.
|
|t:|1661106311
|switch|p2a: Tangrowth|Tangrowth, F|100/100
|-damage|p2a: Tangrowth|88/100|[from] Spikes
|move|p1a: do wah dada|Jungle Healing|p1a: do wah dada
|-heal|p1a: do wah dada|67/100
|
|upkeep
|turn|21
|
|t:|1661106320
|move|p1a: do wah dada|U-turn|p2a: Tangrowth
|-supereffective|p2a: Tangrowth
|-damage|p2a: Tangrowth|56/100
|
|t:|1661106323
|switch|p1a: finger|Entei, shiny|19/100|[from]move: U-turn
|-damage|p1a: finger|0 fnt|[from] Stealth Rock
|faint|p1a: finger
|move|p2a: Tangrowth|Knock Off|p1: finger|[notarget]
|-fail|p2a: Tangrowth
|
|upkeep
|
|t:|1661106325
|switch|p1a: blue nihil|Nihilego|40/100
|-damage|p1a: blue nihil|27/100|[from] Stealth Rock
|turn|22
|inactive|pop smoke has 180 seconds left.
|
|t:|1661106350
|switch|p2a: Primarina|Primarina, F|100/100
|-damage|p2a: Primarina|88/100|[from] Spikes
|move|p1a: blue nihil|Sludge Bomb|p2a: Primarina
|-supereffective|p2a: Primarina
|-damage|p2a: Primarina|9/100
|
|-heal|p1a: blue nihil|33/100|[from] item: Black Sludge
|-heal|p2a: Primarina|15/100|[from] item: Leftovers
|upkeep
|turn|23
|inactive|pop smoke has 180 seconds left.
|
|t:|1661106356
|move|p1a: blue nihil|Sludge Bomb|p2a: Primarina
|-supereffective|p2a: Primarina
|-damage|p2a: Primarina|0 fnt
|faint|p2a: Primarina
|-ability|p1a: blue nihil|Beast Boost|boost
|-boost|p1a: blue nihil|spe|1
|
|-heal|p1a: blue nihil|40/100|[from] item: Black Sludge
|upkeep
|inactive|pop smoke has 180 seconds left.
|
|t:|1661106382
|switch|p2a: Hydreigon|Hydreigon, M|100/100
|turn|24
|inactive|Adaam has 270 seconds left.
|
|t:|1661106413
|move|p1a: blue nihil|Sludge Bomb|p2a: Hydreigon
|-damage|p2a: Hydreigon|50/100
|move|p2a: Hydreigon|Draco Meteor|p1a: blue nihil
|-damage|p1a: blue nihil|0 fnt
|-unboost|p2a: Hydreigon|spa|2
|faint|p1a: blue nihil
|
|upkeep
|inactive|Adaam has 270 seconds left.
|
|t:|1661106427
|switch|p1a: big chungus|Diggersby, F|70/100
|-damage|p1a: big chungus|64/100|[from] Stealth Rock
|turn|25
|inactive|pop smoke has 180 seconds left.
|inactive|pop smoke has 150 seconds left.
|
|t:|1661106484
|switch|p2a: Tangrowth|Tangrowth, F|90/100
|-damage|p2a: Tangrowth|77/100|[from] Spikes
|move|p1a: big chungus|Body Slam|p2a: Tangrowth
|-damage|p2a: Tangrowth|42/100
|
|upkeep
|turn|26
|
|t:|1661106501
|move|p1a: big chungus|Body Slam|p2a: Tangrowth
|-damage|p2a: Tangrowth|6/100
|move|p2a: Tangrowth|Power Whip|p1a: big chungus
|-supereffective|p1a: big chungus
|-damage|p1a: big chungus|0 fnt
|faint|p1a: big chungus
|
|upkeep
|c|☆Adaam|this was unplayable, gg
|c|☆pop smoke|gg
|-message|Adaam forfeited.
|
|win|pop smoke
