|inactive|Battle timer is ON: inactive players will automatically lose when time's up.
|t:|1664125511
|gametype|singles
|player|p1|Mionda ✿|#scl2terrors|
|player|p2|KSt3ve|#scl2dynamos|
|teamsize|p1|6
|teamsize|p2|6
|gen|8
|tier|[Gen 8] UU
|rule|Sleep Clause Mod: Limit one foe put to sleep
|rule|Species Clause: Limit one of each Pokémon
|rule|OHKO Clause: OHKO moves are banned
|rule|Evasion Items Clause: Evasion items are banned
|rule|Evasion Moves Clause: Evasion moves are banned
|rule|Endless Battle Clause: Forcing endless battles is banned
|rule|HP Percentage Mod: HP is shown in percentages
|rule|Dynamax Clause: You cannot dynamax
|clearpoke
|poke|p1|Cobalion|
|poke|p1|Togekiss, M|
|poke|p1|Seismitoad, F|
|poke|p1|Azelf|
|poke|p1|Amoonguss, M|
|poke|p1|Salamence, F|
|poke|p2|Hippowdon, M|
|poke|p2|Zarude|
|poke|p2|Slowking, M|
|poke|p2|Scizor, M|
|poke|p2|Salamence, M|
|poke|p2|Salazzle, F|
|teampreview
|c|☆KSt3ve|hf
|c|+ASKOV|in
|c|☆Mionda ✿|hf
|raw|<div class="broadcast-red"><strong>Moderated chat was set to ☆!</strong><br />Only users of rank ☆ and higher can talk.</div>
|inactive|Mionda ✿ has 270 seconds left.
|inactive|KSt3ve has 270 seconds left.
|inactive|Mionda ✿ has 240 seconds left.
|inactive|KSt3ve has 240 seconds left.
|inactive|Mionda ✿ has 210 seconds left.
|inactive|KSt3ve has 210 seconds left.
|
|t:|1664125615
|start
|switch|p1a: halcyon|Amoonguss, M|100/100
|switch|p2a: Le grand Z|Zarude|100/100
|turn|1
|inactive|KSt3ve has 240 seconds left.
|inactive|KSt3ve has 210 seconds left.
|
|t:|1664125704
|switch|p2a: BURGER king|Slowking, M, shiny|100/100
|move|p1a: halcyon|Stun Spore|p2a: BURGER king|[miss]
|-miss|p1a: halcyon|p2a: BURGER king
|
|upkeep
|turn|2
|inactive|Mionda ✿ has 270 seconds left.
|inactive|KSt3ve has 180 seconds left.
|
|t:|1664125742
|move|p1a: halcyon|Sludge Bomb|p2a: BURGER king
|-damage|p2a: BURGER king|77/100
|move|p2a: BURGER king|Teleport|p2a: BURGER king
|inactive|KSt3ve has 180 seconds left.
|
|t:|1664125769
|switch|p2a: Hippo le Facho|Hippowdon, M|100/100|[from]move: Teleport
|-weather|Sandstorm|[from] ability: Sand Stream|[of] p2a: Hippo le Facho
|
|-weather|Sandstorm|[upkeep]
|-damage|p1a: halcyon|94/100|[from] Sandstorm
|-heal|p1a: halcyon|100/100|[from] item: Black Sludge
|upkeep
|turn|3
|
|t:|1664125777
|move|p2a: Hippo le Facho|Stealth Rock|p1a: halcyon
|-sidestart|p1: Mionda ✿|move: Stealth Rock
|move|p1a: halcyon|Stun Spore|p2a: Hippo le Facho|[miss]
|-miss|p1a: halcyon|p2a: Hippo le Facho
|
|-weather|Sandstorm|[upkeep]
|-damage|p1a: halcyon|94/100|[from] Sandstorm
|-heal|p1a: halcyon|100/100|[from] item: Black Sludge
|upkeep
|turn|4
|inactive|Mionda ✿ has 270 seconds left.
|
|t:|1664125792
|switch|p2a: BURGER king|Slowking, M, shiny|100/100
|move|p1a: halcyon|Stun Spore|p2a: BURGER king
|-status|p2a: BURGER king|par
|
|-weather|Sandstorm|[upkeep]
|-damage|p1a: halcyon|94/100|[from] Sandstorm
|-damage|p2a: BURGER king|94/100 par|[from] Sandstorm
|-heal|p1a: halcyon|100/100|[from] item: Black Sludge
|upkeep
|turn|5
|inactive|Mionda ✿ has 270 seconds left.
|
|t:|1664125830
|move|p1a: halcyon|Foul Play|p2a: BURGER king
|-supereffective|p2a: BURGER king
|-damage|p2a: BURGER king|72/100 par
|move|p2a: BURGER king|Teleport|p2a: BURGER king
|inactive|KSt3ve has 150 seconds left.
|inactive|KSt3ve has 120 seconds left.
|inactive|KSt3ve has 90 seconds left.
|
|t:|1664125914
|switch|p2a: Zor BouffeTesMorts|Scizor, M|100/100|[from]move: Teleport
|
|-weather|Sandstorm|[upkeep]
|-damage|p1a: halcyon|94/100|[from] Sandstorm
|-heal|p1a: halcyon|100/100|[from] item: Black Sludge
|upkeep
|turn|6
|
|t:|1664125919
|move|p2a: Zor BouffeTesMorts|Knock Off|p1a: halcyon
|-damage|p1a: halcyon|77/100
|-enditem|p1a: halcyon|Black Sludge|[from] move: Knock Off|[of] p2a: Zor BouffeTesMorts
|move|p1a: halcyon|Stun Spore|p2a: Zor BouffeTesMorts|[miss]
|-miss|p1a: halcyon|p2a: Zor BouffeTesMorts
|
|-weather|none
|upkeep
|turn|7
|
|t:|1664125928
|switch|p2a: BURGER king|Slowking, M, shiny|100/100 par
|move|p1a: halcyon|Sludge Bomb|p2a: BURGER king
|-damage|p2a: BURGER king|80/100 par
|
|upkeep
|turn|8
|inactive|Mionda ✿ has 240 seconds left.
|
|t:|1664125962
|switch|p1a: fading|Seismitoad, F|100/100
|-damage|p1a: fading|94/100|[from] Stealth Rock
|move|p2a: BURGER king|Teleport|p2a: BURGER king
|inactive|KSt3ve has 90 seconds left.
|
|t:|1664126002
|switch|p2a: Zor BouffeTesMorts|Scizor, M|100/100|[from]move: Teleport
|
|-heal|p1a: fading|100/100|[from] item: Leftovers
|upkeep
|turn|9
|
|t:|1664126015
|switch|p1a: halcyon|Amoonguss, M|100/100
|-damage|p1a: halcyon|88/100|[from] Stealth Rock
|move|p2a: Zor BouffeTesMorts|Knock Off|p1a: halcyon
|-damage|p1a: halcyon|73/100
|
|upkeep
|turn|10
|inactive|KSt3ve has 90 seconds left.
|
|t:|1664126032
|switch|p2a: BURGER king|Slowking, M, shiny|100/100 par
|move|p1a: halcyon|Foul Play|p2a: BURGER king
|-supereffective|p2a: BURGER king
|-damage|p2a: BURGER king|81/100 par
|
|upkeep
|turn|11
|
|t:|1664126041
|switch|p1a: fading|Seismitoad, F|100/100
|-damage|p1a: fading|94/100|[from] Stealth Rock
|switch|p2a: Hippo le Facho|Hippowdon, M|100/100
|-weather|Sandstorm|[from] ability: Sand Stream|[of] p2a: Hippo le Facho
|
|-weather|Sandstorm|[upkeep]
|-heal|p1a: fading|100/100|[from] item: Leftovers
|upkeep
|turn|12
|
|t:|1664126054
|move|p1a: fading|Toxic|p2a: Hippo le Facho
|-status|p2a: Hippo le Facho|tox
|move|p2a: Hippo le Facho|Toxic|p1a: fading
|-status|p1a: fading|tox
|
|-weather|Sandstorm|[upkeep]
|-damage|p1a: fading|94/100 tox|[from] psn
|-damage|p2a: Hippo le Facho|94/100 tox|[from] psn
|upkeep
|turn|13
|inactive|Mionda ✿ has 270 seconds left.
|
|t:|1664126061
|move|p1a: fading|Stealth Rock|p2a: Hippo le Facho
|-sidestart|p2: KSt3ve|move: Stealth Rock
|move|p2a: Hippo le Facho|Earthquake|p1a: fading
|-damage|p1a: fading|67/100 tox
|
|-weather|Sandstorm|[upkeep]
|-heal|p1a: fading|73/100 tox|[from] item: Leftovers
|-heal|p2a: Hippo le Facho|100/100 tox|[from] item: Leftovers
|-damage|p1a: fading|61/100 tox|[from] psn
|-damage|p2a: Hippo le Facho|88/100 tox|[from] psn
|upkeep
|turn|14
|
|t:|1664126078
|switch|p1a: empress|Togekiss, M|100/100
|switch|p2a: BURGER king|Slowking, M, shiny|100/100 par
|
|-weather|Sandstorm|[upkeep]
|-damage|p1a: empress|94/100|[from] Sandstorm
|-damage|p2a: BURGER king|94/100 par|[from] Sandstorm
|upkeep
|turn|15
|
|t:|1664126094
|move|p1a: empress|Air Slash|p2a: BURGER king
|-damage|p2a: BURGER king|68/100 par
|move|p2a: BURGER king|Thunder Wave|p1a: empress
|-status|p1a: empress|par
|
|-weather|none
|upkeep
|turn|16
|inactive|KSt3ve has 90 seconds left.
|
|t:|1664126110
|switch|p2a: batard de lézard|Salazzle, F|100/100
|move|p1a: empress|Heal Bell|p1a: empress
|-activate|p1a: empress|move: Heal Bell
|-curestatus|p1a: empress|par|[msg]
|-curestatus|p1: fading|tox|[msg]
|
|upkeep
|turn|17
|inactive|Mionda ✿ has 270 seconds left.
|inactive|KSt3ve has 90 seconds left.
|inactive|Mionda ✿ has 240 seconds left.
|inactive|KSt3ve has 60 seconds left.
|
|t:|1664126181
|switch|p1a: fading|Seismitoad, F|61/100
|-damage|p1a: fading|55/100|[from] Stealth Rock
|move|p2a: batard de lézard|Encore||[still]
|-fail|p2a: batard de lézard
|
|-heal|p1a: fading|61/100|[from] item: Leftovers
|upkeep
|turn|18
|inactive|Mionda ✿ has 240 seconds left.
|inactive|KSt3ve has 60 seconds left.
|
|t:|1664126207
|switch|p2a: Zor BouffeTesMorts|Scizor, M|100/100
|move|p1a: fading|Knock Off|p2a: Zor BouffeTesMorts
|-damage|p2a: Zor BouffeTesMorts|84/100
|-enditem|p2a: Zor BouffeTesMorts|Heavy-Duty Boots|[from] move: Knock Off|[of] p1a: fading
|
|-heal|p1a: fading|67/100|[from] item: Leftovers
|upkeep
|turn|19
|inactive|Mionda ✿ has 240 seconds left.
|
|t:|1664126242
|switch|p1a: blue zenith|Cobalion|100/100
|-damage|p1a: blue zenith|97/100|[from] Stealth Rock
|move|p2a: Zor BouffeTesMorts|Knock Off|p1a: blue zenith
|-resisted|p1a: blue zenith
|-damage|p1a: blue zenith|87/100
|-ability|p1a: blue zenith|Justified|boost
|-boost|p1a: blue zenith|atk|1
|-enditem|p1a: blue zenith|Leftovers|[from] move: Knock Off|[of] p2a: Zor BouffeTesMorts
|
|upkeep
|turn|20
|inactive|Mionda ✿ has 210 seconds left.
|inactive|KSt3ve has 30 seconds left.
|
|t:|1664126267
|switch|p2a: Hippo le Facho|Hippowdon, M|88/100 tox
|-damage|p2a: Hippo le Facho|82/100 tox|[from] Stealth Rock
|-weather|Sandstorm|[from] ability: Sand Stream|[of] p2a: Hippo le Facho
|move|p1a: blue zenith|Stone Edge|p2a: Hippo le Facho|[miss]
|-miss|p1a: blue zenith|p2a: Hippo le Facho
|
|-weather|Sandstorm|[upkeep]
|-heal|p2a: Hippo le Facho|88/100 tox|[from] item: Leftovers
|-damage|p2a: Hippo le Facho|82/100 tox|[from] psn
|upkeep
|turn|21
|inactive|KSt3ve has 30 seconds left.
|inactive|Mionda ✿ has 210 seconds left.
|inactive|KSt3ve has 20 seconds left.
|
|t:|1664126286
|switch|p1a: empress|Togekiss, M|94/100
|switch|p2a: batard de lézard|Salazzle, F|100/100
|
|-weather|Sandstorm|[upkeep]
|-damage|p2a: batard de lézard|94/100|[from] Sandstorm
|-damage|p1a: empress|88/100|[from] Sandstorm
|upkeep
|turn|22
|inactive|KSt3ve has 30 seconds left this turn.
|
|t:|1664126296
|switch|p1a: fading|Seismitoad, F|67/100
|-damage|p1a: fading|61/100|[from] Stealth Rock
|move|p2a: batard de lézard|Knock Off|p1a: fading
|-damage|p1a: fading|50/100
|-enditem|p1a: fading|Leftovers|[from] move: Knock Off|[of] p2a: batard de lézard
|
|-weather|Sandstorm|[upkeep]
|-damage|p2a: batard de lézard|88/100|[from] Sandstorm
|upkeep
|turn|23
|inactive|KSt3ve has 30 seconds left.
|inactive|KSt3ve has 20 seconds left.
|
|t:|1664126313
|switch|p2a: Zor BouffeTesMorts|Scizor, M|84/100
|-damage|p2a: Zor BouffeTesMorts|71/100|[from] Stealth Rock
|switch|p1a: majestic|Salamence, F|100/100
|-ability|p1a: majestic|Intimidate|boost
|-unboost|p2a: Zor BouffeTesMorts|atk|1
|
|-weather|Sandstorm|[upkeep]
|-damage|p1a: majestic|94/100|[from] Sandstorm
|upkeep
|turn|24
|inactive|KSt3ve has 30 seconds left this turn.
|inactive|KSt3ve has 20 seconds left.
|inactive|Mionda ✿ has 210 seconds left.
|
|t:|1664126335
|switch|p2a: BURGER king|Slowking, M, shiny|100/100 par
|move|p1a: majestic|Hurricane|p2a: BURGER king
|-damage|p2a: BURGER king|65/100 par
|-start|p2a: BURGER king|confusion
|
|-weather|none
|upkeep
|turn|25
|inactive|KSt3ve has 30 seconds left this turn.
|inactive|Mionda ✿ has 210 seconds left.
|inactive|KSt3ve has 20 seconds left.
|inactive|KSt3ve has 15 seconds left.
|inactive|KSt3ve has 10 seconds left.
|
|t:|1664126356
|move|p1a: majestic|Hurricane|p2a: BURGER king|[miss]
|-miss|p1a: majestic|p2a: BURGER king
|-activate|p2a: BURGER king|confusion
|move|p2a: BURGER king|Slack Off|p2a: BURGER king
|-heal|p2a: BURGER king|100/100 par
|
|upkeep
|turn|26
|inactive|KSt3ve has 20 seconds left this turn.
|inactive|Mionda ✿ has 210 seconds left.
|
|t:|1664126369
|move|p1a: majestic|Hurricane|p2a: BURGER king|[miss]
|-miss|p1a: majestic|p2a: BURGER king
|-activate|p2a: BURGER king|confusion
|-damage|p2a: BURGER king|96/100 par|[from] confusion
|
|upkeep
|turn|27
|inactive|KSt3ve has 30 seconds left this turn.
|
|t:|1664126377
|switch|p1a: fading|Seismitoad, F|50/100
|-damage|p1a: fading|44/100|[from] Stealth Rock
|-activate|p2a: BURGER king|confusion
|-damage|p2a: BURGER king|91/100 par|[from] confusion
|
|upkeep
|turn|28
|inactive|KSt3ve has 30 seconds left.
|
|t:|1664126383
|switch|p2a: Zor BouffeTesMorts|Scizor, M|71/100
|-damage|p2a: Zor BouffeTesMorts|59/100|[from] Stealth Rock
|move|p1a: fading|Knock Off|p2a: Zor BouffeTesMorts
|-damage|p2a: Zor BouffeTesMorts|47/100
|
|upkeep
|turn|29
|
|t:|1664126388
|switch|p1a: majestic|Salamence, F|94/100
|-ability|p1a: majestic|Intimidate|boost
|-unboost|p2a: Zor BouffeTesMorts|atk|1
|move|p2a: Zor BouffeTesMorts|Roost|p2a: Zor BouffeTesMorts
|-heal|p2a: Zor BouffeTesMorts|97/100
|-singleturn|p2a: Zor BouffeTesMorts|move: Roost
|
|upkeep
|turn|30
|
|t:|1664126392
|move|p1a: majestic|Hurricane|p2a: Zor BouffeTesMorts|[miss]
|-miss|p1a: majestic|p2a: Zor BouffeTesMorts
|move|p2a: Zor BouffeTesMorts|Knock Off|p1a: majestic
|-damage|p1a: majestic|79/100
|-enditem|p1a: majestic|Heavy-Duty Boots|[from] move: Knock Off|[of] p2a: Zor BouffeTesMorts
|
|upkeep
|turn|31
|
|t:|1664126405
|switch|p2a: BURGER king|Slowking, M, shiny|100/100 par
|move|p1a: majestic|Hurricane|p2a: BURGER king|[miss]
|-miss|p1a: majestic|p2a: BURGER king
|
|upkeep
|turn|32
|
|t:|1664126413
|move|p1a: majestic|Hurricane|p2a: BURGER king|[miss]
|-miss|p1a: majestic|p2a: BURGER king
|cant|p2a: BURGER king|par
|
|upkeep
|turn|33
|c|☆KSt3ve|.
|
|t:|1664126430
|move|p1a: majestic|Hurricane|p2a: BURGER king
|-damage|p2a: BURGER king|66/100 par
|move|p2a: BURGER king|Thunder Wave|p1a: majestic
|-status|p1a: majestic|par
|
|upkeep
|turn|34
|
|t:|1664126438
|cant|p1a: majestic|par
|move|p2a: BURGER king|Teleport|p2a: BURGER king
|inactive|KSt3ve has 60 seconds left.
|
|t:|1664126478
|switch|p2a: Le grand Z|Zarude|100/100|[from]move: Teleport
|-damage|p2a: Le grand Z|88/100|[from] Stealth Rock
|
|upkeep
|turn|35
|
|t:|1664126485
|switch|p1a: empress|Togekiss, M|88/100
|move|p2a: Le grand Z|Darkest Lariat|p1a: empress
|-resisted|p1a: empress
|-damage|p1a: empress|58/100
|
|upkeep
|turn|36
|
|t:|1664126499
|switch|p2a: batard de lézard|Salazzle, F|88/100
|move|p1a: empress|Roost|p1a: empress
|-heal|p1a: empress|100/100
|-singleturn|p1a: empress|move: Roost
|
|upkeep
|turn|37
|inactive|Mionda ✿ has 270 seconds left.
|
|t:|1664126533
|switch|p1a: fading|Seismitoad, F|44/100
|-damage|p1a: fading|38/100|[from] Stealth Rock
|move|p2a: batard de lézard|Sludge Bomb|p1a: fading
|-resisted|p1a: fading
|-damage|p1a: fading|15/100
|
|upkeep
|turn|38
|
|t:|1664126536
|move|p2a: batard de lézard|Sludge Bomb|p1a: fading
|-resisted|p1a: fading
|-damage|p1a: fading|0 fnt
|faint|p1a: fading
|
|upkeep
|inactive|Mionda ✿ has 240 seconds left.
|inactive|Mionda ✿ has 210 seconds left.
|inactive|Mionda ✿ has 180 seconds left.
|
|t:|1664126656
|switch|p1a: agartha|Azelf|100/100
|-damage|p1a: agartha|88/100|[from] Stealth Rock
|turn|39
|
|t:|1664126667
|switch|p2a: salam mence|Salamence, M|100/100
|-ability|p2a: salam mence|Intimidate|boost
|-unboost|p1a: agartha|atk|1
|move|p1a: agartha|U-turn|p2a: salam mence
|-resisted|p2a: salam mence
|-damage|p2a: salam mence|95/100
|
|t:|1664126673
|switch|p1a: empress|Togekiss, M|100/100|[from]move: U-turn
|
|upkeep
|turn|40
|inactive|KSt3ve has 60 seconds left.
|
|t:|1664126695
|switch|p2a: Zor BouffeTesMorts|Scizor, M|97/100
|-damage|p2a: Zor BouffeTesMorts|85/100|[from] Stealth Rock
|move|p1a: empress|Air Slash|p2a: Zor BouffeTesMorts
|-damage|p2a: Zor BouffeTesMorts|58/100
|
|upkeep
|turn|41
|
|t:|1664126704
|switch|p1a: blue zenith|Cobalion|87/100
|-damage|p1a: blue zenith|83/100|[from] Stealth Rock
|move|p2a: Zor BouffeTesMorts|Bullet Punch|p1a: blue zenith
|-resisted|p1a: blue zenith
|-damage|p1a: blue zenith|72/100
|
|upkeep
|turn|42
|
|t:|1664126710
|move|p1a: blue zenith|Swords Dance|p1a: blue zenith
|-boost|p1a: blue zenith|atk|2
|move|p2a: Zor BouffeTesMorts|Roost|p2a: Zor BouffeTesMorts
|-heal|p2a: Zor BouffeTesMorts|100/100
|-singleturn|p2a: Zor BouffeTesMorts|move: Roost
|
|upkeep
|turn|43
|
|t:|1664126730
|switch|p2a: salam mence|Salamence, M|95/100
|-ability|p2a: salam mence|Intimidate|boost
|-unboost|p1a: blue zenith|atk|1
|move|p1a: blue zenith|Close Combat|p2a: salam mence
|-resisted|p2a: salam mence
|-damage|p2a: salam mence|65/100
|-unboost|p1a: blue zenith|def|1
|-unboost|p1a: blue zenith|spd|1
|
|upkeep
|turn|44
|inactive|KSt3ve has 60 seconds left.
|
|t:|1664126760
|switch|p1a: empress|Togekiss, M|100/100
|move|p2a: salam mence|Flamethrower|p1a: empress
|-damage|p1a: empress|84/100
|
|upkeep
|turn|45
|
|t:|1664126779
|switch|p2a: Zor BouffeTesMorts|Scizor, M|100/100
|-damage|p2a: Zor BouffeTesMorts|88/100|[from] Stealth Rock
|move|p1a: empress|Heal Bell|p1a: empress
|-activate|p1a: empress|move: Heal Bell
|-curestatus|p1: majestic|par|[msg]
|
|upkeep
|turn|46
|
|t:|1664126793
|switch|p1a: halcyon|Amoonguss, M|100/100
|-damage|p1a: halcyon|88/100|[from] Stealth Rock
|switch|p2a: batard de lézard|Salazzle, F|88/100
|
|upkeep
|turn|47
|inactive|Mionda ✿ has 150 seconds left.
|
|t:|1664126814
|switch|p2a: Hippo le Facho|Hippowdon, M|82/100 tox
|-damage|p2a: Hippo le Facho|76/100 tox|[from] Stealth Rock
|-weather|Sandstorm|[from] ability: Sand Stream|[of] p2a: Hippo le Facho
|move|p1a: halcyon|Stun Spore||[still]
|-fail|p1a: halcyon
|
|-weather|Sandstorm|[upkeep]
|-damage|p1a: halcyon|82/100|[from] Sandstorm
|-heal|p2a: Hippo le Facho|82/100 tox|[from] item: Leftovers
|-damage|p2a: Hippo le Facho|76/100 tox|[from] psn
|upkeep
|turn|48
|inactive|Mionda ✿ has 150 seconds left.
|
|t:|1664126829
|switch|p2a: batard de lézard|Salazzle, F|88/100
|move|p1a: halcyon|Stun Spore|p2a: batard de lézard
|-status|p2a: batard de lézard|par
|
|-weather|Sandstorm|[upkeep]
|-damage|p2a: batard de lézard|82/100 par|[from] Sandstorm
|-damage|p1a: halcyon|75/100|[from] Sandstorm
|upkeep
|turn|49
|inactive|Mionda ✿ has 150 seconds left.
|
|t:|1664126866
|switch|p1a: blue zenith|Cobalion|72/100
|-damage|p1a: blue zenith|69/100|[from] Stealth Rock
|move|p2a: batard de lézard|Flamethrower|p1a: blue zenith
|-supereffective|p1a: blue zenith
|-damage|p1a: blue zenith|0 fnt
|faint|p1a: blue zenith
|
|-weather|Sandstorm|[upkeep]
|-damage|p2a: batard de lézard|76/100 par|[from] Sandstorm
|upkeep
|inactive|Mionda ✿ has 120 seconds left.
|inactive|Mionda ✿ has 90 seconds left.
|
|t:|1664126920
|switch|p1a: empress|Togekiss, M|84/100
|turn|50
|
|t:|1664126925
|move|p1a: empress|Air Slash|p2a: batard de lézard
|-damage|p2a: batard de lézard|22/100 par
|cant|p2a: batard de lézard|flinch
|
|-weather|Sandstorm|[upkeep]
|-damage|p1a: empress|78/100|[from] Sandstorm
|-damage|p2a: batard de lézard|16/100 par|[from] Sandstorm
|upkeep
|turn|51
|
|t:|1664126930
|move|p1a: empress|Air Slash|p2a: batard de lézard
|-damage|p2a: batard de lézard|0 fnt
|faint|p2a: batard de lézard
|
|-weather|none
|upkeep
|inactive|KSt3ve has 60 seconds left.
|
|t:|1664126954
|switch|p2a: Zor BouffeTesMorts|Scizor, M|88/100
|-damage|p2a: Zor BouffeTesMorts|76/100|[from] Stealth Rock
|turn|52
|inactive|KSt3ve has 30 seconds left.
|
|t:|1664126990
|switch|p1a: halcyon|Amoonguss, M|100/100
|-damage|p1a: halcyon|88/100|[from] Stealth Rock
|move|p2a: Zor BouffeTesMorts|Swords Dance|p2a: Zor BouffeTesMorts
|-boost|p2a: Zor BouffeTesMorts|atk|2
|
|upkeep
|turn|53
|inactive|KSt3ve has 30 seconds left.
|inactive|Mionda ✿ has 90 seconds left.
|inactive|KSt3ve has 20 seconds left.
|
|t:|1664127010
|move|p2a: Zor BouffeTesMorts|Bullet Punch|p1a: halcyon
|-damage|p1a: halcyon|47/100
|move|p1a: halcyon|Stun Spore|p2a: Zor BouffeTesMorts
|-status|p2a: Zor BouffeTesMorts|par
|
|upkeep
|turn|54
|inactive|KSt3ve has 30 seconds left this turn.
|
|t:|1664127014
|move|p2a: Zor BouffeTesMorts|Bullet Punch|p1a: halcyon
|-damage|p1a: halcyon|10/100
|move|p1a: halcyon|Synthesis|p1a: halcyon
|-heal|p1a: halcyon|60/100
|
|upkeep
|turn|55
|
|t:|1664127020
|move|p2a: Zor BouffeTesMorts|Bullet Punch|p1a: halcyon
|-damage|p1a: halcyon|19/100
|move|p1a: halcyon|Synthesis|p1a: halcyon
|-heal|p1a: halcyon|69/100
|
|upkeep
|turn|56
|
|t:|1664127036
|cant|p2a: Zor BouffeTesMorts|par
|move|p1a: halcyon|Synthesis|p1a: halcyon
|-heal|p1a: halcyon|100/100
|
|upkeep
|turn|57
|
|t:|1664127040
|cant|p2a: Zor BouffeTesMorts|par
|move|p1a: halcyon|Foul Play|p2a: Zor BouffeTesMorts
|-damage|p2a: Zor BouffeTesMorts|34/100 par
|
|upkeep
|turn|58
|
|t:|1664127045
|move|p1a: halcyon|Foul Play|p2a: Zor BouffeTesMorts
|-damage|p2a: Zor BouffeTesMorts|0 fnt
|faint|p2a: Zor BouffeTesMorts
|
|upkeep
|inactive|KSt3ve has 60 seconds left.
|
|t:|1664127089
|switch|p2a: Le grand Z|Zarude|88/100
|-damage|p2a: Le grand Z|76/100|[from] Stealth Rock
|turn|59
|
|t:|1664127094
|move|p2a: Le grand Z|Darkest Lariat|p1a: halcyon
|-damage|p1a: halcyon|54/100
|move|p1a: halcyon|Sludge Bomb|p2a: Le grand Z
|-supereffective|p2a: Le grand Z
|-damage|p2a: Le grand Z|19/100
|
|upkeep
|turn|60
|
|t:|1664127103
|move|p2a: Le grand Z|Darkest Lariat|p1a: halcyon
|-damage|p1a: halcyon|9/100
|move|p1a: halcyon|Sludge Bomb|p2a: Le grand Z
|-supereffective|p2a: Le grand Z
|-damage|p2a: Le grand Z|0 fnt
|faint|p2a: Le grand Z
|
|upkeep
|inactive|KSt3ve has 30 seconds left.
|inactive|KSt3ve has 20 seconds left.
|
|t:|1664127144
|switch|p2a: salam mence|Salamence, M|65/100
|-ability|p2a: salam mence|Intimidate|boost
|-unboost|p1a: halcyon|atk|1
|turn|61
|inactive|KSt3ve has 30 seconds left this turn.
|inactive|Mionda ✿ has 150 seconds left.
|
|t:|1664127161
|move|p2a: salam mence|Dual Wingbeat|p1a: halcyon
|-supereffective|p1a: halcyon
|-damage|p1a: halcyon|0 fnt
|faint|p1a: halcyon
|-hitcount|p1: halcyon|1
|
|upkeep
|inactive|Mionda ✿ has 120 seconds left.
|
|t:|1664127197
|switch|p1a: empress|Togekiss, M|78/100
|turn|62
|
|t:|1664127202
|move|p1a: empress|Roost|p1a: empress
|-heal|p1a: empress|100/100
|-singleturn|p1a: empress|move: Roost
|move|p2a: salam mence|Dual Wingbeat|p1a: empress
|-damage|p1a: empress|82/100
|-damage|p1a: empress|66/100
|-hitcount|p1a: empress|2
|
|upkeep
|turn|63
|
|t:|1664127213
|switch|p2a: Hippo le Facho|Hippowdon, M|76/100 tox
|-damage|p2a: Hippo le Facho|70/100 tox|[from] Stealth Rock
|-weather|Sandstorm|[from] ability: Sand Stream|[of] p2a: Hippo le Facho
|move|p1a: empress|Nasty Plot|p1a: empress
|-boost|p1a: empress|spa|2
|
|-weather|Sandstorm|[upkeep]
|-damage|p1a: empress|59/100|[from] Sandstorm
|-heal|p2a: Hippo le Facho|76/100 tox|[from] item: Leftovers
|-damage|p2a: Hippo le Facho|70/100 tox|[from] psn
|upkeep
|turn|64
|
|t:|1664127216
|move|p1a: empress|Air Slash|p2a: Hippo le Facho
|-damage|p2a: Hippo le Facho|23/100 tox
|move|p2a: Hippo le Facho|Toxic|p1a: empress|[miss]
|-miss|p2a: Hippo le Facho|p1a: empress
|
|-weather|Sandstorm|[upkeep]
|-damage|p1a: empress|53/100|[from] Sandstorm
|-heal|p2a: Hippo le Facho|29/100 tox|[from] item: Leftovers
|-damage|p2a: Hippo le Facho|17/100 tox|[from] psn
|upkeep
|turn|65
|
|t:|1664127218
|move|p1a: empress|Air Slash|p2a: Hippo le Facho
|-damage|p2a: Hippo le Facho|0 fnt
|faint|p2a: Hippo le Facho
|
|-weather|Sandstorm|[upkeep]
|-damage|p1a: empress|47/100|[from] Sandstorm
|upkeep
|
|t:|1664127220
|switch|p2a: salam mence|Salamence, M|65/100
|-ability|p2a: salam mence|Intimidate|boost
|-unboost|p1a: empress|atk|1
|turn|66
|
|t:|1664127222
|move|p1a: empress|Roost|p1a: empress
|-heal|p1a: empress|97/100
|-singleturn|p1a: empress|move: Roost
|move|p2a: salam mence|Dual Wingbeat|p1a: empress
|-damage|p1a: empress|79/100
|-damage|p1a: empress|63/100
|-hitcount|p1a: empress|2
|
|-weather|Sandstorm|[upkeep]
|-damage|p1a: empress|57/100|[from] Sandstorm
|-damage|p2a: salam mence|59/100|[from] Sandstorm
|upkeep
|turn|67
|
|t:|1664127224
|move|p1a: empress|Roost|p1a: empress
|-heal|p1a: empress|100/100
|-singleturn|p1a: empress|move: Roost
|move|p2a: salam mence|Dual Wingbeat|p1a: empress
|-damage|p1a: empress|82/100
|-damage|p1a: empress|64/100
|-hitcount|p1a: empress|2
|
|-weather|none
|upkeep
|turn|68
|
|t:|1664127226
|move|p1a: empress|Air Slash|p2a: salam mence|[miss]
|-miss|p1a: empress|p2a: salam mence
|move|p2a: salam mence|Dual Wingbeat|p1a: empress
|-damage|p1a: empress|45/100
|-damage|p1a: empress|29/100
|-hitcount|p1a: empress|2
|
|upkeep
|turn|69
|
|t:|1664127228
|move|p1a: empress|Roost|p1a: empress
|-heal|p1a: empress|79/100
|-singleturn|p1a: empress|move: Roost
|move|p2a: salam mence|Dual Wingbeat|p1a: empress
|-damage|p1a: empress|62/100
|-damage|p1a: empress|44/100
|-hitcount|p1a: empress|2
|
|upkeep
|turn|70
|
|t:|1664127230
|move|p1a: empress|Roost|p1a: empress
|-heal|p1a: empress|94/100
|-singleturn|p1a: empress|move: Roost
|move|p2a: salam mence|Dual Wingbeat|p1a: empress
|-damage|p1a: empress|76/100
|-damage|p1a: empress|59/100
|-hitcount|p1a: empress|2
|
|upkeep
|turn|71
|
|t:|1664127233
|move|p1a: empress|Roost|p1a: empress
|-heal|p1a: empress|100/100
|-singleturn|p1a: empress|move: Roost
|move|p2a: salam mence|Flamethrower|p1a: empress
|-damage|p1a: empress|84/100
|
|upkeep
|turn|72
|
|t:|1664127235
|move|p1a: empress|Air Slash|p2a: salam mence
|-damage|p2a: salam mence|0 fnt
|faint|p2a: salam mence
|
|upkeep
|c|☆KSt3ve|gg
|c|☆Mionda ✿|gg
|-message|KSt3ve forfeited.
|
|win|Mionda ✿
