|inactive|Battle timer is ON: inactive players will automatically lose when time's up.
|t:|1664111538
|gametype|singles
|player|p1|Tal0|evelyn|
|player|p2|HaxxLR|101|
|teamsize|p1|6
|teamsize|p2|6
|gen|8
|tier|[Gen 8] UU
|rule|Sleep Clause Mod: Limit one foe put to sleep
|rule|Species Clause: Limit one of each Pokémon
|rule|OHKO Clause: OHKO moves are banned
|rule|Evasion Items Clause: Evasion items are banned
|rule|Evasion Moves Clause: Evasion moves are banned
|rule|Endless Battle Clause: Forcing endless battles is banned
|rule|HP Percentage Mod: HP is shown in percentages
|rule|Dynamax Clause: You cannot dynamax
|clearpoke
|poke|p1|Scizor, F|
|poke|p1|Thundurus-Therian, M|
|poke|p1|Moltres|
|poke|p1|Nihilego|
|poke|p1|Amoonguss, M|
|poke|p1|Zygarde-10%|
|poke|p2|Slowbro-Galar, M|
|poke|p2|Tangrowth, M|
|poke|p2|Cobalion|
|poke|p2|Rotom-Wash|
|poke|p2|Hydreigon, M|
|poke|p2|Mamoswine, F|
|teampreview
|c|☆Tal0|glhf
|c|☆HaxxLR|hf
|inactive|Tal0 has 270 seconds left.
|inactive|HaxxLR has 270 seconds left.
|inactive|HaxxLR has 240 seconds left.
|inactive|HaxxLR has 210 seconds left.
|inactive|HaxxLR has 180 seconds left.
|inactive|HaxxLR has 150 seconds left.
|
|t:|1664111694
|start
|switch|p1a: Scizor|Scizor, F|100/100
|switch|p2a: hole breaker|Hydreigon, M|100/100
|turn|1
|inactive|HaxxLR has 210 seconds left.
|inactive|HaxxLR has 180 seconds left.
|inactive|HaxxLR has 150 seconds left.
|
|t:|1664111763
|switch|p1a: Moltres|Moltres|100/100
|move|p2a: hole breaker|U-turn|p1a: Moltres
|-resisted|p1a: Moltres
|-crit|p1a: Moltres
|-damage|p1a: Moltres|94/100
|inactive|HaxxLR has 150 seconds left.
|
|t:|1664111773
|switch|p2a: wishy washy|Rotom-Wash|100/100|[from]move: U-turn
|
|upkeep
|turn|2
|inactive|HaxxLR has 150 seconds left.
|
|t:|1664111797
|switch|p1a: Amoonguss|Amoonguss, M|100/100
|move|p2a: wishy washy|Hydro Pump|p1a: Amoonguss
|-resisted|p1a: Amoonguss
|-damage|p1a: Amoonguss|82/100
|
|upkeep
|turn|3
|inactive|HaxxLR has 120 seconds left.
|
|t:|1664111828
|switch|p2a: pasty wasty|Slowbro-Galar, M|100/100
|move|p1a: Amoonguss|Spore|p2a: pasty wasty
|-status|p2a: pasty wasty|slp|[from] move: Spore
|
|upkeep
|turn|4
|inactive|HaxxLR has 120 seconds left.
|inactive|HaxxLR has 90 seconds left.
|
|t:|1664111865
|switch|p2a: hole breaker|Hydreigon, M|100/100
|switch|p1a: Scizor|Scizor, F|100/100
|
|upkeep
|turn|5
|inactive|HaxxLR has 90 seconds left.
|
|t:|1664111884
|switch|p1a: Amoonguss|Amoonguss, M|100/100
|move|p2a: hole breaker|U-turn|p1a: Amoonguss
|-damage|p1a: Amoonguss|89/100
|-damage|p2a: hole breaker|84/100|[from] item: Rocky Helmet|[of] p1a: Amoonguss
|
|t:|1664111903
|switch|p2a: hoard the sword|Cobalion|100/100|[from]move: U-turn
|
|upkeep
|turn|6
|
|t:|1664111918
|switch|p1a: Moltres|Moltres|94/100
|move|p2a: hoard the sword|Stealth Rock|p1a: Moltres
|-sidestart|p1: Tal0|move: Stealth Rock
|
|upkeep
|turn|7
|inactive|HaxxLR has 90 seconds left.
|inactive|HaxxLR has 60 seconds left.
|
|t:|1664111961
|move|p2a: hoard the sword|Volt Switch|p1a: Moltres
|-supereffective|p1a: Moltres
|-damage|p1a: Moltres|65/100
|
|t:|1664111966
|switch|p2a: wishy washy|Rotom-Wash|100/100|[from]move: Volt Switch
|move|p1a: Moltres|Defog|p2a: wishy washy
|-unboost|p2a: wishy washy|evasion|1
|-sideend|p1: Tal0|Stealth Rock|[from] move: Defog|[of] p1a: Moltres
|
|upkeep
|turn|8
|inactive|HaxxLR has 60 seconds left.
|
|t:|1664111998
|switch|p1a: Zygarde|Zygarde-10%|100/100
|-ability|p1a: Zygarde|Aura Break
|move|p2a: wishy washy|Volt Switch|p1a: Zygarde
|-immune|p1a: Zygarde
|
|upkeep
|turn|9
|
|t:|1664112017
|switch|p1a: Moltres|Moltres|65/100
|switch|p2a: tang his wang|Tangrowth, M|100/100
|
|upkeep
|turn|10
|
|t:|1664112035
|switch|p2a: wishy washy|Rotom-Wash|100/100
|move|p1a: Moltres|Hurricane|p2a: wishy washy|[miss]
|-miss|p1a: Moltres|p2a: wishy washy
|
|upkeep
|turn|11
|
|t:|1664112050
|switch|p1a: Amoonguss|Amoonguss, M|100/100
|move|p2a: wishy washy|Volt Switch|p1a: Amoonguss
|-resisted|p1a: Amoonguss
|-damage|p1a: Amoonguss|89/100
|
|t:|1664112058
|switch|p2a: hoard the sword|Cobalion|100/100|[from]move: Volt Switch
|
|upkeep
|turn|12
|
|t:|1664112077
|switch|p1a: Zygarde|Zygarde-10%|100/100
|-ability|p1a: Zygarde|Aura Break
|move|p2a: hoard the sword|Stealth Rock|p1a: Zygarde
|-sidestart|p1: Tal0|move: Stealth Rock
|
|upkeep
|turn|13
|
|t:|1664112085
|switch|p2a: tang his wang|Tangrowth, M|100/100
|move|p1a: Zygarde|Thousand Arrows|p2a: tang his wang
|-resisted|p2a: tang his wang
|-damage|p2a: tang his wang|79/100
|
|upkeep
|turn|14
|inactive|HaxxLR has 30 seconds left.
|
|t:|1664112117
|switch|p1a: Scizor|Scizor, F|100/100
|move|p2a: tang his wang|Knock Off|p1a: Scizor
|-crit|p1a: Scizor
|-damage|p1a: Scizor|73/100
|-enditem|p1a: Scizor|Heavy-Duty Boots|[from] move: Knock Off|[of] p2a: tang his wang
|
|upkeep
|turn|15
|inactive|HaxxLR has 30 seconds left.
|inactive|HaxxLR has 20 seconds left.
|
|t:|1664112138
|switch|p2a: hoard the sword|Cobalion|100/100
|move|p1a: Scizor|Knock Off|p2a: hoard the sword
|-resisted|p2a: hoard the sword
|-damage|p2a: hoard the sword|89/100
|-damage|p1a: Scizor|56/100|[from] item: Rocky Helmet|[of] p2a: hoard the sword
|-ability|p2a: hoard the sword|Justified|boost
|-boost|p2a: hoard the sword|atk|1
|-enditem|p2a: hoard the sword|Rocky Helmet|[from] move: Knock Off|[of] p1a: Scizor
|
|upkeep
|turn|16
|inactive|HaxxLR has 30 seconds left this turn.
|inactive|HaxxLR has 20 seconds left.
|inactive|HaxxLR has 15 seconds left.
|inactive|HaxxLR has 10 seconds left.
|
|t:|1664112159
|switch|p1a: Moltres|Moltres|65/100
|move|p2a: hoard the sword|Volt Switch|p1a: Moltres
|-supereffective|p1a: Moltres
|-damage|p1a: Moltres|34/100
|inactive|HaxxLR has 15 seconds left this turn.
|inactive|HaxxLR has 10 seconds left.
|
|t:|1664112165
|switch|p2a: hole breaker|Hydreigon, M|84/100|[from]move: Volt Switch
|
|upkeep
|turn|17
|inactive|HaxxLR has 20 seconds left this turn.
|inactive|HaxxLR has 15 seconds left.
|inactive|HaxxLR has 10 seconds left.
|
|t:|1664112175
|switch|p1a: Amoonguss|Amoonguss, M|100/100
|-damage|p1a: Amoonguss|88/100|[from] Stealth Rock
|move|p2a: hole breaker|Dark Pulse|p1a: Amoonguss
|-damage|p1a: Amoonguss|48/100
|
|upkeep
|turn|18
|inactive|HaxxLR has 20 seconds left this turn.
|inactive|HaxxLR has 15 seconds left.
|inactive|HaxxLR has 10 seconds left.
|
|t:|1664112187
|switch|p2a: hoard the sword|Cobalion|89/100
|switch|p1a: Nihilego|Nihilego|100/100
|-damage|p1a: Nihilego|88/100|[from] Stealth Rock
|
|-heal|p1a: Nihilego|94/100|[from] item: Black Sludge
|upkeep
|turn|19
|inactive|HaxxLR has 20 seconds left this turn.
|inactive|HaxxLR has 15 seconds left.
|inactive|HaxxLR has 10 seconds left.
|
|t:|1664112200
|switch|p1a: Amoonguss|Amoonguss, M|81/100
|-damage|p1a: Amoonguss|69/100|[from] Stealth Rock
|move|p2a: hoard the sword|Close Combat|p1a: Amoonguss
|-resisted|p1a: Amoonguss
|-damage|p1a: Amoonguss|50/100
|-unboost|p2a: hoard the sword|def|1
|-unboost|p2a: hoard the sword|spd|1
|-damage|p2a: hoard the sword|72/100|[from] item: Rocky Helmet|[of] p1a: Amoonguss
|
|upkeep
|turn|20
|inactive|HaxxLR has 20 seconds left this turn.
|
|t:|1664112210
|switch|p1a: Zygarde|Zygarde-10%|100/100
|-damage|p1a: Zygarde|94/100|[from] Stealth Rock
|-ability|p1a: Zygarde|Aura Break
|move|p2a: hoard the sword|Volt Switch|p1a: Zygarde
|-immune|p1a: Zygarde
|
|upkeep
|turn|21
|inactive|HaxxLR has 30 seconds left this turn.
|
|t:|1664112220
|switch|p1a: Moltres|Moltres|34/100
|switch|p2a: tang his wang|Tangrowth, M|100/100
|
|upkeep
|turn|22
|inactive|HaxxLR has 30 seconds left.
|
|t:|1664112226
|move|p1a: Moltres|Roost|p1a: Moltres
|-heal|p1a: Moltres|84/100
|-singleturn|p1a: Moltres|move: Roost
|move|p2a: tang his wang|Knock Off|p1a: Moltres
|-damage|p1a: Moltres|61/100
|-enditem|p1a: Moltres|Heavy-Duty Boots|[from] move: Knock Off|[of] p2a: tang his wang
|
|upkeep
|turn|23
|
|t:|1664112230
|switch|p2a: wishy washy|Rotom-Wash|100/100
|move|p1a: Moltres|Defog|p2a: wishy washy
|-unboost|p2a: wishy washy|evasion|1
|-sideend|p1: Tal0|Stealth Rock|[from] move: Defog|[of] p1a: Moltres
|
|upkeep
|turn|24
|
|t:|1664112242
|switch|p1a: Thundurus|Thundurus-Therian, M|100/100
|move|p2a: wishy washy|Hydro Pump|p1a: Thundurus
|-damage|p1a: Thundurus|51/100
|
|upkeep
|turn|25
|
|t:|1664112265
|switch|p1a: Amoonguss|Amoonguss, M|83/100
|move|p2a: wishy washy|Hydro Pump|p1a: Amoonguss
|-resisted|p1a: Amoonguss
|-damage|p1a: Amoonguss|66/100
|
|upkeep
|turn|26
|inactive|HaxxLR has 30 seconds left.
|inactive|HaxxLR has 20 seconds left.
|inactive|HaxxLR has 15 seconds left.
|
|t:|1664112301
|switch|p2a: hoard the sword|Cobalion|72/100
|move|p1a: Amoonguss|Seed Bomb|p2a: hoard the sword
|-resisted|p2a: hoard the sword
|-damage|p2a: hoard the sword|61/100
|
|upkeep
|turn|27
|inactive|HaxxLR has 25 seconds left this turn.
|inactive|HaxxLR has 20 seconds left.
|
|t:|1664112316
|switch|p1a: Moltres|Moltres|61/100
|move|p2a: hoard the sword|Stealth Rock|p1a: Moltres
|-sidestart|p1: Tal0|move: Stealth Rock
|
|upkeep
|turn|28
|inactive|HaxxLR has 30 seconds left this turn.
|inactive|HaxxLR has 20 seconds left.
|
|t:|1664112331
|move|p2a: hoard the sword|Volt Switch|p1a: Moltres
|-supereffective|p1a: Moltres
|-damage|p1a: Moltres|30/100
|inactive|HaxxLR has 25 seconds left this turn.
|inactive|HaxxLR has 20 seconds left.
|inactive|HaxxLR has 15 seconds left.
|
|t:|1664112344
|switch|p2a: hole breaker|Hydreigon, M|84/100|[from]move: Volt Switch
|move|p1a: Moltres|Defog|p2a: hole breaker
|-unboost|p2a: hole breaker|evasion|1
|-sideend|p1: Tal0|Stealth Rock|[from] move: Defog|[of] p1a: Moltres
|
|upkeep
|turn|29
|inactive|HaxxLR has 25 seconds left this turn.
|inactive|HaxxLR has 20 seconds left.
|inactive|HaxxLR has 15 seconds left.
|
|t:|1664112356
|switch|p1a: Amoonguss|Amoonguss, M|99/100
|move|p2a: hole breaker|Dark Pulse|p1a: Amoonguss
|-damage|p1a: Amoonguss|64/100
|
|upkeep
|turn|30
|inactive|HaxxLR has 25 seconds left this turn.
|inactive|HaxxLR has 20 seconds left.
|inactive|HaxxLR has 15 seconds left.
|
|t:|1664112369
|switch|p2a: hoard the sword|Cobalion|61/100
|switch|p1a: Thundurus|Thundurus-Therian, M|51/100
|
|upkeep
|turn|31
|inactive|HaxxLR has 25 seconds left this turn.
|inactive|HaxxLR has 20 seconds left.
|inactive|HaxxLR has 15 seconds left.
|
|t:|1664112384
|switch|p2a: tang his wang|Tangrowth, M|100/100
|move|p1a: Thundurus|Focus Blast|p2a: tang his wang
|-damage|p2a: tang his wang|73/100
|
|upkeep
|turn|32
|inactive|HaxxLR has 25 seconds left this turn.
|inactive|HaxxLR has 20 seconds left.
|
|t:|1664112392
|move|p1a: Thundurus|Volt Switch|p2a: tang his wang
|-resisted|p2a: tang his wang
|-damage|p2a: tang his wang|60/100
|inactive|HaxxLR has 25 seconds left this turn.
|
|t:|1664112396
|switch|p1a: Moltres|Moltres|30/100|[from]move: Volt Switch
|move|p2a: tang his wang|Sludge Bomb|p1a: Moltres
|-damage|p1a: Moltres|8/100
|
|upkeep
|turn|33
|inactive|HaxxLR has 30 seconds left.
|inactive|HaxxLR has 20 seconds left.
|inactive|HaxxLR has 15 seconds left.
|
|t:|1664112419
|switch|p2a: wishy washy|Rotom-Wash|100/100
|move|p1a: Moltres|Roost|p1a: Moltres
|-heal|p1a: Moltres|59/100
|-singleturn|p1a: Moltres|move: Roost
|
|upkeep
|turn|34
|inactive|HaxxLR has 25 seconds left this turn.
|inactive|HaxxLR has 20 seconds left.
|inactive|HaxxLR has 15 seconds left.
|inactive|HaxxLR has 10 seconds left.
|
|t:|1664112435
|switch|p1a: Amoonguss|Amoonguss, M|97/100
|move|p2a: wishy washy|Volt Switch|p1a: Amoonguss
|-resisted|p1a: Amoonguss
|-damage|p1a: Amoonguss|86/100
|inactive|HaxxLR has 15 seconds left this turn.
|
|t:|1664112438
|switch|p2a: hoard the sword|Cobalion|61/100|[from]move: Volt Switch
|
|upkeep
|turn|35
|inactive|HaxxLR has 25 seconds left this turn.
|
|t:|1664112449
|switch|p1a: Thundurus|Thundurus-Therian, M|51/100
|move|p2a: hoard the sword|Stealth Rock|p1a: Thundurus
|-sidestart|p1: Tal0|move: Stealth Rock
|
|upkeep
|turn|36
|inactive|HaxxLR has 30 seconds left.
|
|t:|1664112456
|switch|p2a: tang his wang|Tangrowth, M|93/100
|move|p1a: Thundurus|Volt Switch|p2a: tang his wang
|-resisted|p2a: tang his wang
|-damage|p2a: tang his wang|81/100
|
|t:|1664112458
|switch|p1a: Moltres|Moltres|59/100|[from]move: Volt Switch
|-damage|p1a: Moltres|9/100|[from] Stealth Rock
|
|upkeep
|turn|37
|inactive|HaxxLR has 30 seconds left.
|inactive|HaxxLR has 20 seconds left.
|inactive|HaxxLR has 15 seconds left.
|
|t:|1664112490
|switch|p2a: hole breaker|Hydreigon, M|84/100
|move|p1a: Moltres|Roost|p1a: Moltres
|-heal|p1a: Moltres|59/100
|-singleturn|p1a: Moltres|move: Roost
|
|upkeep
|turn|38
|inactive|HaxxLR has 25 seconds left this turn.
|inactive|HaxxLR has 20 seconds left.
|inactive|HaxxLR has 15 seconds left.
|inactive|HaxxLR has 10 seconds left.
|
|t:|1664112506
|move|p2a: hole breaker|Draco Meteor|p1a: Moltres
|-damage|p1a: Moltres|0 fnt
|-unboost|p2a: hole breaker|spa|2
|faint|p1a: Moltres
|
|upkeep
|inactive|HaxxLR has 15 seconds left this turn.
|
|t:|1664112521
|switch|p1a: Nihilego|Nihilego|94/100
|-damage|p1a: Nihilego|82/100|[from] Stealth Rock
|turn|39
|inactive|HaxxLR has 25 seconds left this turn.
|inactive|HaxxLR has 20 seconds left.
|
|t:|1664112529
|switch|p2a: hoard the sword|Cobalion|61/100
|move|p1a: Nihilego|Stealth Rock|p2a: hoard the sword
|-sidestart|p2: HaxxLR|move: Stealth Rock
|
|-heal|p1a: Nihilego|88/100|[from] item: Black Sludge
|upkeep
|turn|40
|inactive|HaxxLR has 30 seconds left this turn.
|inactive|HaxxLR has 20 seconds left.
|inactive|HaxxLR has 15 seconds left.
|inactive|HaxxLR has 10 seconds left.
|
|t:|1664112549
|switch|p1a: Amoonguss|Amoonguss, M|100/100
|-damage|p1a: Amoonguss|88/100|[from] Stealth Rock
|move|p2a: hoard the sword|Volt Switch|p1a: Amoonguss
|-resisted|p1a: Amoonguss
|-damage|p1a: Amoonguss|82/100
|inactive|HaxxLR has 15 seconds left this turn.
|inactive|HaxxLR has 10 seconds left.
|
|t:|1664112557
|switch|p2a: husky tusky|Mamoswine, F|100/100|[from]move: Volt Switch
|-damage|p2a: husky tusky|88/100|[from] Stealth Rock
|
|upkeep
|turn|41
|inactive|HaxxLR has 20 seconds left this turn.
|inactive|HaxxLR has 15 seconds left.
|inactive|HaxxLR has 10 seconds left.
|
|t:|1664112571
|switch|p1a: Scizor|Scizor, F|56/100
|-damage|p1a: Scizor|44/100|[from] Stealth Rock
|move|p2a: husky tusky|Earthquake|p1a: Scizor
|-damage|p1a: Scizor|0 fnt
|faint|p1a: Scizor
|-damage|p2a: husky tusky|78/100|[from] item: Life Orb
|
|upkeep
|inactive|HaxxLR has 15 seconds left this turn.
|
|t:|1664112577
|switch|p1a: Nihilego|Nihilego|88/100
|-damage|p1a: Nihilego|76/100|[from] Stealth Rock
|turn|42
|inactive|HaxxLR has 25 seconds left this turn.
|inactive|HaxxLR has 20 seconds left.
|
|t:|1664112586
|switch|p2a: hoard the sword|Cobalion|61/100
|-damage|p2a: hoard the sword|58/100|[from] Stealth Rock
|move|p1a: Nihilego|Grass Knot|p2a: hoard the sword
|-resisted|p2a: hoard the sword
|-damage|p2a: hoard the sword|32/100
|
|-heal|p1a: Nihilego|82/100|[from] item: Black Sludge
|upkeep
|turn|43
|inactive|HaxxLR has 30 seconds left this turn.
|inactive|HaxxLR has 20 seconds left.
|
|t:|1664112597
|switch|p1a: Zygarde|Zygarde-10%|94/100
|-damage|p1a: Zygarde|88/100|[from] Stealth Rock
|-ability|p1a: Zygarde|Aura Break
|move|p2a: hoard the sword|Volt Switch|p1a: Zygarde
|-immune|p1a: Zygarde
|
|upkeep
|turn|44
|inactive|HaxxLR has 30 seconds left this turn.
|
|t:|1664112604
|switch|p2a: tang his wang|Tangrowth, M|100/100
|-damage|p2a: tang his wang|88/100|[from] Stealth Rock
|move|p1a: Zygarde|Outrage|p2a: tang his wang
|-damage|p2a: tang his wang|38/100
|
|upkeep
|turn|45
|inactive|HaxxLR has 30 seconds left.
|
|t:|1664112612
|switch|p2a: hoard the sword|Cobalion|32/100
|-damage|p2a: hoard the sword|29/100|[from] Stealth Rock
|move|p1a: Zygarde|Outrage|p2a: hoard the sword|[from]lockedmove
|-resisted|p2a: hoard the sword
|-damage|p2a: hoard the sword|0 fnt
|faint|p2a: hoard the sword
|
|upkeep
|inactive|HaxxLR has 30 seconds left.
|
|t:|1664112619
|switch|p2a: husky tusky|Mamoswine, F|78/100
|-damage|p2a: husky tusky|66/100|[from] Stealth Rock
|turn|46
|
|t:|1664112622
|move|p2a: husky tusky|Ice Shard|p1a: Zygarde
|-supereffective|p1a: Zygarde
|-damage|p1a: Zygarde|0 fnt
|faint|p1a: Zygarde
|-damage|p2a: husky tusky|56/100|[from] item: Life Orb
|
|upkeep
|
|t:|1664112628
|switch|p1a: Nihilego|Nihilego|82/100
|-damage|p1a: Nihilego|70/100|[from] Stealth Rock
|turn|47
|inactive|HaxxLR has 30 seconds left.
|inactive|HaxxLR has 20 seconds left.
|
|t:|1664112666
|switch|p2a: pasty wasty|Slowbro-Galar, M|100/100 slp
|-damage|p2a: pasty wasty|88/100 slp|[from] Stealth Rock
|move|p1a: Nihilego|Power Gem|p2a: pasty wasty
|-damage|p2a: pasty wasty|42/100 slp
|
|-heal|p1a: Nihilego|76/100|[from] item: Black Sludge
|upkeep
|turn|48
|inactive|HaxxLR has 30 seconds left this turn.
|inactive|HaxxLR has 20 seconds left.
|
|t:|1664112677
|switch|p2a: wishy washy|Rotom-Wash|100/100
|-damage|p2a: wishy washy|88/100|[from] Stealth Rock
|move|p1a: Nihilego|Power Gem|p2a: wishy washy
|-damage|p2a: wishy washy|42/100
|
|-heal|p1a: Nihilego|82/100|[from] item: Black Sludge
|-heal|p2a: wishy washy|48/100|[from] item: Leftovers
|upkeep
|turn|49
|inactive|HaxxLR has 30 seconds left this turn.
|
|t:|1664112692
|switch|p1a: Thundurus|Thundurus-Therian, M|51/100
|move|p2a: wishy washy|Pain Split|p1a: Thundurus
|-sethp|p1a: Thundurus|50/100|[from] move: Pain Split|[silent]
|-sethp|p2a: wishy washy|49/100|[from] move: Pain Split
|
|-heal|p2a: wishy washy|55/100|[from] item: Leftovers
|upkeep
|turn|50
|inactive|HaxxLR has 30 seconds left.
|inactive|HaxxLR has 20 seconds left.
|inactive|HaxxLR has 15 seconds left.
|inactive|HaxxLR has 10 seconds left.
|inactive|HaxxLR has 5 seconds left.
|
|t:|1664112722
|switch|p2a: pasty wasty|Slowbro-Galar, M|75/100 slp
|-damage|p2a: pasty wasty|63/100 slp|[from] Stealth Rock
|move|p1a: Thundurus|Focus Blast|p2a: pasty wasty
|-resisted|p2a: pasty wasty
|-damage|p2a: pasty wasty|50/100 slp
|
|upkeep
|turn|51
|inactive|HaxxLR has 15 seconds left this turn.
|inactive|HaxxLR has 10 seconds left.
|
|t:|1664112730
|switch|p2a: tang his wang|Tangrowth, M|71/100
|-damage|p2a: tang his wang|58/100|[from] Stealth Rock
|move|p1a: Thundurus|Nasty Plot|p1a: Thundurus
|-boost|p1a: Thundurus|spa|2
|
|upkeep
|turn|52
|inactive|HaxxLR has 20 seconds left this turn.
|inactive|HaxxLR has 15 seconds left.
|
|t:|1664112737
|move|p1a: Thundurus|Psychic|p2a: tang his wang
|-damage|p2a: tang his wang|14/100
|move|p2a: tang his wang|Sludge Bomb|p1a: Thundurus
|-damage|p1a: Thundurus|22/100
|-status|p1a: Thundurus|psn
|
|-damage|p1a: Thundurus|10/100 psn|[from] psn
|upkeep
|turn|53
|inactive|HaxxLR has 25 seconds left this turn.
|
|t:|1664112741
|move|p1a: Thundurus|Focus Blast|p2a: tang his wang
|-damage|p2a: tang his wang|0 fnt
|faint|p2a: tang his wang
|
|-damage|p1a: Thundurus|0 fnt|[from] psn
|faint|p1a: Thundurus
|upkeep
|inactive|HaxxLR has 30 seconds left.
|
|t:|1664112752
|switch|p1a: Nihilego|Nihilego|82/100
|switch|p2a: husky tusky|Mamoswine, F|56/100
|-damage|p1a: Nihilego|70/100|[from] Stealth Rock
|-damage|p2a: husky tusky|43/100|[from] Stealth Rock
|turn|54
|inactive|HaxxLR has 30 seconds left.
|
|t:|1664112759
|move|p2a: husky tusky|Ice Shard|p1a: Nihilego
|-crit|p1a: Nihilego
|-damage|p1a: Nihilego|0 fnt
|faint|p1a: Nihilego
|-damage|p2a: husky tusky|33/100|[from] item: Life Orb
|
|upkeep
|c|☆Tal0|gg
|-message|Tal0 forfeited.
|
|win|HaxxLR
