|inactive|Battle timer is ON: inactive players will automatically lose when time's up.
|t:|1656518688
|gametype|singles
|player|p1|Highways|marlon|
|player|p2|Adaam|#uutrio2ladder|
|teamsize|p1|6
|teamsize|p2|6
|gen|8
|tier|[Gen 8] UU
|rule|Sleep Clause Mod: Limit one foe put to sleep
|rule|Species Clause: Limit one of each Pokémon
|rule|OHKO Clause: OHKO moves are banned
|rule|Evasion Moves Clause: Evasion moves are banned
|rule|Endless Battle Clause: Forcing endless battles is banned
|rule|HP Percentage Mod: HP is shown in percentages
|rule|Dynamax Clause: You cannot dynamax
|clearpoke
|poke|p1|Skarmory, M|
|poke|p1|Dhelmise|
|poke|p1|Nidoking, M|
|poke|p1|Rotom-Wash|
|poke|p1|Azelf|
|poke|p1|Togekiss, M|
|poke|p2|Chansey, F|
|poke|p2|Scizor, F|
|poke|p2|Salamence, M|
|poke|p2|Slowking, M|
|poke|p2|Hippowdon, M|
|poke|p2|Crobat, F|
|teampreview
|c|☆Adaam|hf
|c|☆Highways|hf
|inactive|Highways has 270 seconds left.
|inactive|Adaam has 270 seconds left.
|
|t:|1656518736
|start
|switch|p1a: Rotom|Rotom-Wash|100/100
|switch|p2a: indigo plateau|Slowking, M|100/100
|turn|1
|
|t:|1656518746
|move|p1a: Rotom|Trick|p2a: indigo plateau
|-activate|p1a: Rotom|move: Trick|[of] p2a: indigo plateau
|-item|p2a: indigo plateau|Choice Scarf|[from] move: Trick
|-item|p1a: Rotom|Heavy-Duty Boots|[from] move: Trick
|move|p2a: indigo plateau|Toxic|p1a: Rotom
|-status|p1a: Rotom|tox
|
|-damage|p1a: Rotom|95/100 tox|[from] psn
|upkeep
|turn|2
|c|@Lily|!dt slowking
|raw|<div class="message"><ul class="utilichart"><li class="result"><span class="col numcol">UU</span> <span class="col iconcol"><psicon pokemon="slowking"/></span> <span class="col pokemonnamecol" style="white-space:nowrap"><a href="https://dex.pokemonshowdown.com/pokemon/slowking" target="_blank">Slowking</a></span> <span class="col typecol"><img src="https://play.pokemonshowdown.com/sprites/types/Water.png" alt="Water" height="14" width="32"><img src="https://play.pokemonshowdown.com/sprites/types/Psychic.png" alt="Psychic" height="14" width="32"></span> <span style="float:left;min-height:26px"><span class="col twoabilitycol">Oblivious<br />Own Tempo</span><span class="col abilitycol"><em>Regenerator</em></span></span><span style="float:left;min-height:26px"><span class="col statcol"><em>HP</em><br />95</span> <span class="col statcol"><em>Atk</em><br />75</span> <span class="col statcol"><em>Def</em><br />80</span> <span class="col statcol"><em>SpA</em><br />100</span> <span class="col statcol"><em>SpD</em><br />110</span> <span class="col statcol"><em>Spe</em><br />30</span> <span class="col bstcol"><em>BST<br />490</em></span> </span></li><li style="clear:both"></li></ul></div>
|raw|<font size="1"><font color="#686868">Dex#:</font> 199&nbsp;|&ThickSpace;<font color="#686868">Gen:</font> 2&nbsp;|&ThickSpace;<font color="#686868">Height:</font> 2 m&nbsp;|&ThickSpace;<font color="#686868">Weight:</font> 79.5 kg <em>(80 BP)</em>&nbsp;|&ThickSpace;<font color="#686868">Dex Colour:</font> Pink&nbsp;|&ThickSpace;<font color="#686868">Egg Group(s):</font> Monster, Water 1&nbsp;|&ThickSpace;<font color="#686868">Does Not Evolve</font></font>

|c|@Lily|no way ip is that tall
|inactive|Adaam has 270 seconds left.
|
|t:|1656518792
|switch|p1a: Skarmory|Skarmory, M|100/100
|switch|p2a: chanse the rapper|Chansey, F|100/100
|
|upkeep
|turn|3
|c|+mncmt|hes not
|c|+LpZ IV|the shell hat alone is like 1m dont fool yourself
|c|+mncmt|hes like 160cm
|inactive|Highways has 270 seconds left.
|inactive|Adaam has 240 seconds left.
|inactive|Adaam has 210 seconds left.
|
|t:|1656518862
|switch|p2a: joey salami|Salamence, M|100/100
|-ability|p2a: joey salami|Intimidate|boost
|-unboost|p1a: Skarmory|atk|1
|move|p1a: Skarmory|Spikes|p2a: joey salami
|-sidestart|p2: Adaam|Spikes
|
|upkeep
|turn|4
|
|t:|1656518869
|switch|p1a: Togekiss|Togekiss, M|100/100
|move|p2a: joey salami|Defog|p1a: Togekiss
|-unboost|p1a: Togekiss|evasion|1
|-sideend|p2: Adaam|Spikes|[from] move: Defog|[of] p2a: joey salami
|
|upkeep
|turn|5
|c|+avg|the salami lid
|inactive|Adaam has 210 seconds left.
|inactive|Adaam has 180 seconds left.
|
|t:|1656518932
|switch|p1a: Azelf|Azelf|100/100
|switch|p2a: chanse the rapper|Chansey, F|100/100
|
|upkeep
|turn|6
|
|t:|1656518939
|switch|p2a: indigo plateau|Slowking, M|100/100
|move|p1a: Azelf|Energy Ball|p2a: indigo plateau
|-supereffective|p2a: indigo plateau
|-damage|p2a: indigo plateau|43/100
|
|upkeep
|turn|7
|
|t:|1656518944
|switch|p2a: chanse the rapper|Chansey, F|100/100
|move|p1a: Azelf|U-turn|p2a: chanse the rapper
|-damage|p2a: chanse the rapper|88/100
|
|t:|1656518959
|switch|p1a: Skarmory|Skarmory, M|100/100|[from]move: U-turn
|
|upkeep
|turn|8
|inactive|Adaam has 180 seconds left.
|
|t:|1656518971
|switch|p2a: joey salami|Salamence, M|100/100
|-ability|p2a: joey salami|Intimidate|boost
|-unboost|p1a: Skarmory|atk|1
|move|p1a: Skarmory|Spikes|p2a: joey salami
|-sidestart|p2: Adaam|Spikes
|
|upkeep
|turn|9
|
|t:|1656518974
|switch|p1a: Togekiss|Togekiss, M|100/100
|move|p2a: joey salami|Defog|p1a: Togekiss
|-unboost|p1a: Togekiss|evasion|1
|-sideend|p2: Adaam|Spikes|[from] move: Defog|[of] p2a: joey salami
|
|upkeep
|turn|10
|
|t:|1656518977
|switch|p2a: ramowdon|Hippowdon, M|100/100
|-weather|Sandstorm|[from] ability: Sand Stream|[of] p2a: ramowdon
|move|p1a: Togekiss|Air Slash|p2a: ramowdon
|-crit|p2a: ramowdon
|-damage|p2a: ramowdon|56/100
|
|-weather|Sandstorm|[upkeep]
|-damage|p1a: Togekiss|94/100|[from] Sandstorm
|upkeep
|turn|11
|
|t:|1656518989
|switch|p2a: indigo plateau|Slowking, M|76/100
|move|p1a: Togekiss|Air Slash|p2a: indigo plateau
|-damage|p2a: indigo plateau|51/100
|
|-weather|Sandstorm|[upkeep]
|-damage|p1a: Togekiss|88/100|[from] Sandstorm
|-damage|p2a: indigo plateau|45/100|[from] Sandstorm
|upkeep
|turn|12
|inactive|Highways has 270 seconds left.
|
|t:|1656519028
|switch|p1a: Dhelmise|Dhelmise|100/100
|move|p2a: indigo plateau|Teleport|p2a: indigo plateau
|
|t:|1656519045
|switch|p2a: Scizor|Scizor, F|100/100|[from]move: Teleport
|
|-weather|Sandstorm|[upkeep]
|-damage|p1a: Dhelmise|94/100|[from] Sandstorm
|upkeep
|turn|13
|
|t:|1656519050
|switch|p1a: Skarmory|Skarmory, M|100/100
|move|p2a: Scizor|Knock Off|p1a: Skarmory
|-damage|p1a: Skarmory|83/100
|-damage|p2a: Scizor|84/100|[from] item: Rocky Helmet|[of] p1a: Skarmory
|-enditem|p1a: Skarmory|Rocky Helmet|[from] move: Knock Off|[of] p2a: Scizor
|
|-weather|Sandstorm|[upkeep]
|upkeep
|turn|14
|inactive|Highways has 270 seconds left.
|
|t:|1656519074
|switch|p2a: joey salami|Salamence, M|100/100
|-ability|p2a: joey salami|Intimidate|boost
|-unboost|p1a: Skarmory|atk|1
|move|p1a: Skarmory|Spikes|p2a: joey salami
|-sidestart|p2: Adaam|Spikes
|
|-weather|none
|upkeep
|turn|15
|
|t:|1656519078
|switch|p1a: Nidoking|Nidoking, M|100/100
|move|p2a: joey salami|Defog|p1a: Nidoking
|-unboost|p1a: Nidoking|evasion|1
|-sideend|p2: Adaam|Spikes|[from] move: Defog|[of] p2a: joey salami
|
|upkeep
|turn|16
|
|t:|1656519084
|switch|p2a: chanse the rapper|Chansey, F|88/100
|move|p1a: Nidoking|Sludge Wave|p2a: chanse the rapper
|-damage|p2a: chanse the rapper|68/100
|
|upkeep
|turn|17
|
|t:|1656519088
|move|p1a: Nidoking|Stealth Rock|p2a: chanse the rapper
|-sidestart|p2: Adaam|move: Stealth Rock
|move|p2a: chanse the rapper|Soft-Boiled|p2a: chanse the rapper
|-heal|p2a: chanse the rapper|100/100
|
|upkeep
|turn|18
|inactive|Adaam has 210 seconds left.
|
|t:|1656519103
|switch|p1a: Rotom|Rotom-Wash|95/100 tox
|move|p2a: chanse the rapper|Seismic Toss|p1a: Rotom
|-damage|p1a: Rotom|62/100 tox
|
|-damage|p1a: Rotom|56/100 tox|[from] psn
|upkeep
|turn|19
|inactive|Adaam has 210 seconds left.
|
|t:|1656519120
|move|p1a: Rotom|Volt Switch|p2a: chanse the rapper
|-damage|p2a: chanse the rapper|92/100
|
|t:|1656519125
|switch|p1a: Skarmory|Skarmory, M|83/100|[from]move: Volt Switch
|move|p2a: chanse the rapper|Seismic Toss|p1a: Skarmory
|-damage|p1a: Skarmory|53/100
|
|upkeep
|turn|20
|c|+pokemonisfun|adaam adaam is my king, adaam adaam win everything
|inactive|Adaam has 210 seconds left.
|inactive|Adaam has 180 seconds left.
|
|t:|1656519165
|switch|p2a: ramowdon|Hippowdon, M|56/100
|-damage|p2a: ramowdon|49/100|[from] Stealth Rock
|-weather|Sandstorm|[from] ability: Sand Stream|[of] p2a: ramowdon
|move|p1a: Skarmory|Roost|p1a: Skarmory
|-heal|p1a: Skarmory|100/100
|-singleturn|p1a: Skarmory|move: Roost
|
|-weather|Sandstorm|[upkeep]
|upkeep
|turn|21
|inactive|Highways has 270 seconds left.
|
|t:|1656519198
|move|p1a: Skarmory|Spikes|p2a: ramowdon
|-sidestart|p2: Adaam|Spikes
|move|p2a: ramowdon|Slack Off|p2a: ramowdon
|-heal|p2a: ramowdon|99/100
|
|-weather|Sandstorm|[upkeep]
|upkeep
|turn|22
|inactive|Highways has 270 seconds left.
|
|t:|1656519210
|switch|p1a: Dhelmise|Dhelmise|94/100
|move|p2a: ramowdon|Stealth Rock|p1a: Dhelmise
|-sidestart|p1: Highways|move: Stealth Rock
|
|-weather|Sandstorm|[upkeep]
|-damage|p1a: Dhelmise|88/100|[from] Sandstorm
|upkeep
|turn|23
|
|t:|1656519228
|move|p1a: Dhelmise|Power Whip|p2a: ramowdon
|-supereffective|p2a: ramowdon
|-damage|p2a: ramowdon|40/100
|-damage|p1a: Dhelmise|72/100|[from] item: Rocky Helmet|[of] p2a: ramowdon
|move|p2a: ramowdon|Earthquake|p1a: Dhelmise
|-resisted|p1a: Dhelmise
|-damage|p1a: Dhelmise|54/100
|
|-weather|Sandstorm|[upkeep]
|-damage|p1a: Dhelmise|48/100|[from] Sandstorm
|upkeep
|turn|24
|
|t:|1656519235
|switch|p2a: joey salami|Salamence, M|100/100
|-ability|p2a: joey salami|Intimidate|boost
|-unboost|p1a: Dhelmise|atk|1
|move|p1a: Dhelmise|Rapid Spin|p2a: joey salami
|-damage|p2a: joey salami|92/100
|-boost|p1a: Dhelmise|spe|1
|-sideend|p1: Highways|Stealth Rock|[from] move: Rapid Spin|[of] p1a: Dhelmise
|
|-weather|none
|upkeep
|turn|25
|
|t:|1656519249
|move|p2a: joey salami|Defog|p1a: Dhelmise
|-unboost|p1a: Dhelmise|evasion|1
|-sideend|p2: Adaam|Spikes|[from] move: Defog|[of] p2a: joey salami
|-sideend|p2: Adaam|Stealth Rock|[from] move: Defog|[of] p2a: joey salami
|move|p1a: Dhelmise|Knock Off|p2a: joey salami
|-crit|p2a: joey salami
|-damage|p2a: joey salami|60/100
|-enditem|p2a: joey salami|Heavy-Duty Boots|[from] move: Knock Off|[of] p1a: Dhelmise
|
|upkeep
|turn|26
|
|t:|1656519269
|move|p2a: joey salami|Roost|p2a: joey salami
|-heal|p2a: joey salami|100/100
|-singleturn|p2a: joey salami|move: Roost
|move|p1a: Dhelmise|Synthesis|p1a: Dhelmise
|-heal|p1a: Dhelmise|98/100
|
|upkeep
|turn|27
|
|t:|1656519286
|switch|p1a: Togekiss|Togekiss, M|88/100
|move|p2a: joey salami|Dual Wingbeat|p1a: Togekiss
|-damage|p1a: Togekiss|71/100
|-damage|p1a: Togekiss|55/100
|-hitcount|p1a: Togekiss|2
|
|upkeep
|turn|28
|
|t:|1656519299
|switch|p2a: indigo plateau|Slowking, M|78/100
|move|p1a: Togekiss|Roost|p1a: Togekiss
|-heal|p1a: Togekiss|100/100
|-singleturn|p1a: Togekiss|move: Roost
|
|upkeep
|turn|29
|c|+Mengy ㋛|is that the same joey salami from trio tour
|inactive|Adaam has 180 seconds left.
|
|t:|1656519327
|switch|p1a: Rotom|Rotom-Wash|56/100 tox
|move|p2a: indigo plateau|Scald|p1a: Rotom
|-resisted|p1a: Rotom
|-crit|p1a: Rotom
|-damage|p1a: Rotom|32/100 tox
|
|-damage|p1a: Rotom|26/100 tox|[from] psn
|upkeep
|turn|30
|
|t:|1656519335
|move|p1a: Rotom|Volt Switch|p2a: indigo plateau
|-supereffective|p2a: indigo plateau
|-damage|p2a: indigo plateau|34/100
|inactive|Highways has 270 seconds left.
|
|t:|1656519380
|switch|p1a: Togekiss|Togekiss, M|100/100|[from]move: Volt Switch
|move|p2a: indigo plateau|Scald|p1a: Togekiss
|-damage|p1a: Togekiss|80/100
|
|upkeep
|turn|31
|
|t:|1656519394
|switch|p1a: Nidoking|Nidoking, M|100/100
|switch|p2a: BAT!|Crobat, F|100/100
|
|upkeep
|turn|32
|inactive|Adaam has 180 seconds left.
|
|t:|1656519409
|move|p2a: BAT!|U-turn|p1a: Nidoking
|-resisted|p1a: Nidoking
|-damage|p1a: Nidoking|88/100
|inactive|Adaam has 180 seconds left.
|
|t:|1656519419
|switch|p2a: chanse the rapper|Chansey, F|92/100|[from]move: U-turn
|move|p1a: Nidoking|Flamethrower|p2a: chanse the rapper
|-damage|p2a: chanse the rapper|78/100
|
|upkeep
|turn|33
|
|t:|1656519428
|switch|p1a: Dhelmise|Dhelmise|98/100
|move|p2a: chanse the rapper|Seismic Toss|p1a: Dhelmise
|-immune|p1a: Dhelmise
|
|upkeep
|turn|34
|inactive|Highways has 270 seconds left.
|
|t:|1656519443
|switch|p1a: Nidoking|Nidoking, M|88/100
|switch|p2a: joey salami|Salamence, M|100/100
|-ability|p2a: joey salami|Intimidate|boost
|-unboost|p1a: Nidoking|atk|1
|
|upkeep
|turn|35
|
|t:|1656519447
|move|p1a: Nidoking|Sludge Wave|p2a: joey salami
|-damage|p2a: joey salami|23/100
|move|p2a: joey salami|Dual Wingbeat|p1a: Nidoking
|-damage|p1a: Nidoking|64/100
|-damage|p1a: Nidoking|39/100
|-hitcount|p1a: Nidoking|2
|
|upkeep
|turn|36
|
|t:|1656519460
|switch|p2a: BAT!|Crobat, F|100/100
|move|p1a: Nidoking|Stealth Rock|p2a: BAT!
|-sidestart|p2: Adaam|move: Stealth Rock
|
|upkeep
|turn|37
|
|t:|1656519465
|switch|p1a: Skarmory|Skarmory, M|100/100
|move|p2a: BAT!|Brave Bird|p1a: Skarmory
|-resisted|p1a: Skarmory
|-damage|p1a: Skarmory|86/100
|-damage|p2a: BAT!|95/100|[from] Recoil
|
|upkeep
|turn|38
|
|t:|1656519477
|move|p2a: BAT!|Taunt|p1a: Skarmory
|-start|p1a: Skarmory|move: Taunt
|cant|p1a: Skarmory|move: Taunt|Spikes
|
|upkeep
|turn|39
|inactive|Highways has 270 seconds left.
|
|t:|1656519509
|switch|p1a: Nidoking|Nidoking, M|39/100
|move|p2a: BAT!|Brave Bird|p1a: Nidoking
|-damage|p1a: Nidoking|0 fnt
|faint|p1a: Nidoking
|-damage|p2a: BAT!|83/100|[from] Recoil
|
|upkeep
|inactive|Highways has 270 seconds left.
|
|t:|1656519518
|switch|p1a: Rotom|Rotom-Wash|26/100 tox
|turn|40
|inactive|Adaam has 210 seconds left.
|
|t:|1656519551
|move|p2a: BAT!|U-turn|p1a: Rotom
|-damage|p1a: Rotom|5/100 tox
|inactive|Adaam has 210 seconds left.
|
|t:|1656519561
|switch|p2a: joey salami|Salamence, M|23/100|[from]move: U-turn
|-damage|p2a: joey salami|0 fnt|[from] Stealth Rock
|faint|p2a: joey salami
|move|p1a: Rotom|Thunder Wave|p2: joey salami|[notarget]
|-fail|p1a: Rotom
|
|-damage|p1a: Rotom|0 fnt|[from] psn
|faint|p1a: Rotom
|upkeep
|inactive|Adaam has 210 seconds left.
|
|t:|1656519596
|switch|p1a: Azelf|Azelf|100/100
|switch|p2a: BAT!|Crobat, F|83/100
|turn|41
|inactive|Highways has 270 seconds left.
|
|t:|1656519619
|switch|p1a: Togekiss|Togekiss, M|80/100
|move|p2a: BAT!|U-turn|p1a: Togekiss
|-resisted|p1a: Togekiss
|-damage|p1a: Togekiss|76/100
|inactive|Adaam has 180 seconds left.
|
|t:|1656519650
|switch|p2a: ramowdon|Hippowdon, M|40/100|[from]move: U-turn
|-damage|p2a: ramowdon|34/100|[from] Stealth Rock
|-weather|Sandstorm|[from] ability: Sand Stream|[of] p2a: ramowdon
|
|-weather|Sandstorm|[upkeep]
|-damage|p1a: Togekiss|70/100|[from] Sandstorm
|upkeep
|turn|42
|
|t:|1656519664
|move|p1a: Togekiss|Air Slash|p2a: ramowdon
|-damage|p2a: ramowdon|5/100
|cant|p2a: ramowdon|flinch
|
|-weather|Sandstorm|[upkeep]
|-damage|p1a: Togekiss|64/100|[from] Sandstorm
|upkeep
|turn|43
|
|t:|1656519670
|switch|p2a: chanse the rapper|Chansey, F|78/100
|-damage|p2a: chanse the rapper|66/100|[from] Stealth Rock
|move|p1a: Togekiss|Air Slash|p2a: chanse the rapper
|-damage|p2a: chanse the rapper|56/100
|
|-weather|Sandstorm|[upkeep]
|-damage|p1a: Togekiss|57/100|[from] Sandstorm
|-damage|p2a: chanse the rapper|49/100|[from] Sandstorm
|upkeep
|turn|44
|
|t:|1656519690
|move|p1a: Togekiss|Air Slash|p2a: chanse the rapper
|-damage|p2a: chanse the rapper|40/100
|cant|p2a: chanse the rapper|flinch
|
|-weather|Sandstorm|[upkeep]
|-damage|p1a: Togekiss|51/100|[from] Sandstorm
|-damage|p2a: chanse the rapper|34/100|[from] Sandstorm
|upkeep
|turn|45
|
|t:|1656519699
|move|p1a: Togekiss|Air Slash|p2a: chanse the rapper
|-damage|p2a: chanse the rapper|25/100
|move|p2a: chanse the rapper|Toxic|p1a: Togekiss
|-status|p1a: Togekiss|tox
|
|-weather|none
|-damage|p1a: Togekiss|45/100 tox|[from] psn
|upkeep
|turn|46
|
|t:|1656519711
|move|p1a: Togekiss|Air Slash|p2a: chanse the rapper
|-damage|p2a: chanse the rapper|16/100
|cant|p2a: chanse the rapper|flinch
|
|-damage|p1a: Togekiss|33/100 tox|[from] psn
|upkeep
|turn|47
|
|t:|1656519718
|move|p1a: Togekiss|Air Slash|p2a: chanse the rapper
|-damage|p2a: chanse the rapper|6/100
|cant|p2a: chanse the rapper|flinch
|
|-damage|p1a: Togekiss|14/100 tox|[from] psn
|upkeep
|turn|48
|
|t:|1656519724
|move|p1a: Togekiss|Fire Blast|p2a: chanse the rapper
|-damage|p2a: chanse the rapper|0 fnt
|faint|p2a: chanse the rapper
|
|-damage|p1a: Togekiss|0 fnt|[from] psn
|faint|p1a: Togekiss
|upkeep
|
|t:|1656519745
|switch|p1a: Dhelmise|Dhelmise|98/100
|switch|p2a: BAT!|Crobat, F|83/100
|turn|49
|inactive|Adaam has 210 seconds left.
|
|t:|1656519779
|move|p2a: BAT!|U-turn|p1a: Dhelmise
|-crit|p1a: Dhelmise
|-damage|p1a: Dhelmise|71/100
|
|t:|1656519786
|switch|p2a: ramowdon|Hippowdon, M|5/100|[from]move: U-turn
|-damage|p2a: ramowdon|0 fnt|[from] Stealth Rock
|faint|p2a: ramowdon
|move|p1a: Dhelmise|Knock Off|p2: ramowdon|[notarget]
|-fail|p1a: Dhelmise
|
|upkeep
|
|t:|1656519787
|switch|p2a: BAT!|Crobat, F|83/100
|turn|50
|
|t:|1656519794
|switch|p1a: Skarmory|Skarmory, M|86/100
|move|p2a: BAT!|Brave Bird|p1a: Skarmory
|-resisted|p1a: Skarmory
|-damage|p1a: Skarmory|70/100
|-damage|p2a: BAT!|77/100|[from] Recoil
|
|upkeep
|turn|51
|
|t:|1656519799
|switch|p1a: Azelf|Azelf|100/100
|move|p2a: BAT!|Taunt|p1a: Azelf
|-start|p1a: Azelf|move: Taunt
|
|upkeep
|turn|52
|
|t:|1656519806
|switch|p1a: Skarmory|Skarmory, M|70/100
|move|p2a: BAT!|U-turn|p1a: Skarmory
|-resisted|p1a: Skarmory
|-damage|p1a: Skarmory|68/100
|
|t:|1656519808
|switch|p2a: indigo plateau|Slowking, M|68/100|[from]move: U-turn
|-damage|p2a: indigo plateau|55/100|[from] Stealth Rock
|
|upkeep
|turn|53
|
|t:|1656519819
|switch|p1a: Dhelmise|Dhelmise|71/100
|move|p2a: indigo plateau|Teleport|p2a: indigo plateau
|
|t:|1656519821
|switch|p2a: BAT!|Crobat, F|77/100|[from]move: Teleport
|
|upkeep
|turn|54
|inactive|Highways has 270 seconds left.
|
|t:|1656519861
|move|p2a: BAT!|Brave Bird|p1a: Dhelmise
|-supereffective|p1a: Dhelmise
|-damage|p1a: Dhelmise|0 fnt
|faint|p1a: Dhelmise
|-damage|p2a: BAT!|51/100|[from] Recoil
|
|upkeep
|
|t:|1656519866
|switch|p1a: Azelf|Azelf|100/100
|turn|55
|
|t:|1656519870
|switch|p1a: Skarmory|Skarmory, M|68/100
|move|p2a: BAT!|U-turn|p1a: Skarmory
|-resisted|p1a: Skarmory
|-damage|p1a: Skarmory|65/100
|
|t:|1656519879
|switch|p2a: indigo plateau|Slowking, M|88/100|[from]move: U-turn
|-damage|p2a: indigo plateau|76/100|[from] Stealth Rock
|
|upkeep
|turn|56
|
|t:|1656519883
|switch|p1a: Azelf|Azelf|100/100
|move|p2a: indigo plateau|Scald|p1a: Azelf
|-damage|p1a: Azelf|57/100
|
|upkeep
|turn|57
|inactive|Adaam has 270 seconds left.
|
|t:|1656519922
|move|p1a: Azelf|Energy Ball|p2a: indigo plateau
|-supereffective|p2a: indigo plateau
|-damage|p2a: indigo plateau|17/100
|move|p2a: indigo plateau|Scald|p1a: Azelf
|-damage|p1a: Azelf|9/100
|-status|p1a: Azelf|brn
|
|-damage|p1a: Azelf|3/100 brn|[from] brn
|upkeep
|turn|58
|inactive|Adaam has 240 seconds left.
|
|t:|1656519950
|move|p1a: Azelf|Flamethrower|p2a: indigo plateau
|-resisted|p2a: indigo plateau
|-damage|p2a: indigo plateau|5/100
|move|p2a: indigo plateau|Scald|p1a: Azelf
|-damage|p1a: Azelf|0 fnt
|faint|p1a: Azelf
|
|upkeep
|
|t:|1656519952
|switch|p1a: Skarmory|Skarmory, M|65/100
|turn|59
|inactive|Adaam has 240 seconds left.
|
|t:|1656519964
|move|p1a: Skarmory|Iron Defense|p1a: Skarmory
|-boost|p1a: Skarmory|def|2
|move|p2a: indigo plateau|Scald|p1a: Skarmory
|-damage|p1a: Skarmory|29/100
|
|upkeep
|turn|60
|
|t:|1656519973
|move|p1a: Skarmory|Roost|p1a: Skarmory
|-heal|p1a: Skarmory|79/100
|-singleturn|p1a: Skarmory|move: Roost
|move|p2a: indigo plateau|Scald|p1a: Skarmory
|-damage|p1a: Skarmory|38/100
|-status|p1a: Skarmory|brn
|
|-damage|p1a: Skarmory|32/100 brn|[from] brn
|upkeep
|turn|61
|
|t:|1656519983
|switch|p2a: BAT!|Crobat, F|51/100
|move|p1a: Skarmory|Roost|p1a: Skarmory
|-heal|p1a: Skarmory|82/100 brn
|-singleturn|p1a: Skarmory|move: Roost
|
|-damage|p1a: Skarmory|76/100 brn|[from] brn
|upkeep
|turn|62
|
|t:|1656520010
|move|p2a: BAT!|Taunt|p1a: Skarmory
|-start|p1a: Skarmory|move: Taunt
|cant|p1a: Skarmory|move: Taunt|Iron Defense
|
|-damage|p1a: Skarmory|70/100 brn|[from] brn
|upkeep
|turn|63
|c|☆Highways|gg
|
|t:|1656520015
|move|p2a: BAT!|Roost|p2a: BAT!
|-heal|p2a: BAT!|100/100
|-singleturn|p2a: BAT!|move: Roost
|move|p1a: Skarmory|Body Press|p2a: BAT!
|-resisted|p2a: BAT!
|-damage|p2a: BAT!|82/100
|
|-damage|p1a: Skarmory|64/100 brn|[from] brn
|upkeep
|turn|64
|inactive|Adaam has 270 seconds left.
|c|☆Adaam|gg
|
|t:|1656520030
|move|p2a: BAT!|Brave Bird|p1a: Skarmory
|-resisted|p1a: Skarmory
|-damage|p1a: Skarmory|56/100 brn
|-damage|p2a: BAT!|79/100|[from] Recoil
|move|p1a: Skarmory|Body Press|p2a: BAT!
|-resisted|p2a: BAT!
|-damage|p2a: BAT!|68/100
|
|-damage|p1a: Skarmory|50/100 brn|[from] brn
|-end|p1a: Skarmory|move: Taunt
|upkeep
|turn|65
|c|☆Highways|think i had a chance without a burn but i would need a miracle
|inactive|Adaam has 270 seconds left.
|
|t:|1656520037
|move|p2a: BAT!|Taunt|p1a: Skarmory
|-start|p1a: Skarmory|move: Taunt
|move|p1a: Skarmory|Body Press|p2a: BAT!
|-resisted|p2a: BAT!
|-damage|p2a: BAT!|59/100
|
|-damage|p1a: Skarmory|44/100 brn|[from] brn
|upkeep
|turn|66
|
|t:|1656520044
|move|p2a: BAT!|Roost|p2a: BAT!
|-heal|p2a: BAT!|100/100
|-singleturn|p2a: BAT!|move: Roost
|move|p1a: Skarmory|Body Press|p2a: BAT!
|-resisted|p2a: BAT!
|-damage|p2a: BAT!|79/100
|
|-damage|p1a: Skarmory|38/100 brn|[from] brn
|upkeep
|turn|67
|
|t:|1656520047
|move|p2a: BAT!|Brave Bird|p1a: Skarmory
|-resisted|p1a: Skarmory
|-damage|p1a: Skarmory|31/100 brn
|-damage|p2a: BAT!|76/100|[from] Recoil
|move|p1a: Skarmory|Body Press|p2a: BAT!
|-resisted|p2a: BAT!
|-damage|p2a: BAT!|66/100
|
|-damage|p1a: Skarmory|25/100 brn|[from] brn
|-end|p1a: Skarmory|move: Taunt
|upkeep
|turn|68
|
|t:|1656520050
|move|p2a: BAT!|Taunt|p1a: Skarmory
|-start|p1a: Skarmory|move: Taunt
|move|p1a: Skarmory|Body Press|p2a: BAT!
|-resisted|p2a: BAT!
|-damage|p2a: BAT!|55/100
|
|-damage|p1a: Skarmory|19/100 brn|[from] brn
|upkeep
|turn|69
|-message|Highways forfeited.
|
|win|Adaam
