|inactive|Battle timer is ON: inactive players will automatically lose when time's up.
|t:|1666533603
|gametype|singles
|player|p1|KSt3ve|#scl2dynamos|
|player|p2|pdt|diantha|
|teamsize|p1|6
|teamsize|p2|6
|gen|8
|tier|[Gen 8] UU
|rule|Sleep Clause Mod: Limit one foe put to sleep
|rule|Species Clause: Limit one of each Pokémon
|rule|OHKO Clause: OHKO moves are banned
|rule|Evasion Items Clause: Evasion items are banned
|rule|Evasion Moves Clause: Evasion moves are banned
|rule|Endless Battle Clause: Forcing endless battles is banned
|rule|HP Percentage Mod: HP is shown in percentages
|rule|Dynamax Clause: You cannot dynamax
|clearpoke
|poke|p1|Nihilego|
|poke|p1|Amoonguss, F|
|poke|p1|Hippowdon, F|
|poke|p1|Rotom-Wash|
|poke|p1|Excadrill, F|
|poke|p1|Azelf|
|poke|p2|Skarmory, M|
|poke|p2|Zygarde-10%|
|poke|p2|Nihilego|
|poke|p2|Tangrowth, M|
|poke|p2|Milotic, F|
|poke|p2|Scizor, M|
|teampreview
|c|☆KSt3ve|hf
|c|+Hyssou|UMBRY 
|c|☆pdt|hf
|inactive|KSt3ve has 270 seconds left.
|inactive|pdt has 270 seconds left.
|c|+Excal|GO STEVE
|inactive|KSt3ve has 240 seconds left.
|inactive|pdt has 240 seconds left.
|c|+Mimilucha|VAMOS CONGELOAT
|inactive|KSt3ve has 210 seconds left.
|
|t:|1666533703
|start
|switch|p1a: Defined in|Rotom-Wash|100/100
|switch|p2a: cost to be alive|Tangrowth, M|100/100
|turn|1
|
|t:|1666533711
|move|p1a: Defined in|Will-O-Wisp|p2a: cost to be alive|[miss]
|-miss|p1a: Defined in|p2a: cost to be alive
|move|p2a: cost to be alive|Knock Off|p1a: Defined in
|-damage|p1a: Defined in|79/100
|-enditem|p1a: Defined in|Leftovers|[from] move: Knock Off|[of] p2a: cost to be alive
|
|upkeep
|turn|2
|
|t:|1666533718
|move|p1a: Defined in|Will-O-Wisp|p2a: cost to be alive
|-status|p2a: cost to be alive|brn
|move|p2a: cost to be alive|Sludge Bomb|p1a: Defined in
|-damage|p1a: Defined in|56/100
|
|-damage|p2a: cost to be alive|94/100 brn|[from] brn
|upkeep
|turn|3
|
|t:|1666533721
|move|p1a: Defined in|Pain Split|p2a: cost to be alive
|-sethp|p2a: cost to be alive|68/100 brn|[from] move: Pain Split|[silent]
|-sethp|p1a: Defined in|90/100|[from] move: Pain Split
|move|p2a: cost to be alive|Knock Off|p1a: Defined in
|-damage|p1a: Defined in|83/100
|
|-damage|p2a: cost to be alive|62/100 brn|[from] brn
|upkeep
|turn|4
|
|t:|1666533739
|move|p1a: Defined in|Volt Switch|p2a: cost to be alive
|-resisted|p2a: cost to be alive
|-damage|p2a: cost to be alive|53/100 brn
|
|t:|1666533741
|switch|p1a: a Nation|Amoonguss, F|100/100|[from]move: Volt Switch
|move|p2a: cost to be alive|Knock Off|p1a: a Nation
|-damage|p1a: a Nation|92/100
|-enditem|p1a: a Nation|Black Sludge|[from] move: Knock Off|[of] p2a: cost to be alive
|
|-damage|p2a: cost to be alive|47/100 brn|[from] brn
|upkeep
|turn|5
|
|t:|1666533747
|switch|p2a: shiest talk|Nihilego|100/100
|move|p1a: a Nation|Stun Spore|p2a: shiest talk
|-status|p2a: shiest talk|par
|
|upkeep
|turn|6
|inactive|KSt3ve has 270 seconds left.
|inactive|KSt3ve has 240 seconds left.
|inactive|KSt3ve has 210 seconds left.
|
|t:|1666533845
|switch|p1a: a Single Word :|Excadrill, F|100/100
|move|p2a: shiest talk|Stealth Rock|p1a: a Single Word :
|-sidestart|p1: KSt3ve|move: Stealth Rock
|
|upkeep
|turn|7
|
|t:|1666533852
|switch|p2a: back and forth|Skarmory, M|100/100
|move|p1a: a Single Word :|Rapid Spin|p2a: back and forth
|-resisted|p2a: back and forth
|-damage|p2a: back and forth|95/100
|-boost|p1a: a Single Word :|spe|1
|-damage|p1a: a Single Word :|84/100|[from] item: Rocky Helmet|[of] p2a: back and forth
|-sideend|p1: KSt3ve|Stealth Rock|[from] move: Rapid Spin|[of] p1a: a Single Word :
|
|-heal|p1a: a Single Word :|90/100|[from] item: Leftovers
|upkeep
|turn|8
|
|t:|1666533855
|switch|p1a: Asfutmsifwffutsh|Azelf|100/100
|move|p2a: back and forth|Spikes|p1a: Asfutmsifwffutsh
|-sidestart|p1: KSt3ve|Spikes
|
|upkeep
|turn|9
|
|t:|1666533862
|switch|p2a: waterfall flow|Milotic, F|100/100
|move|p1a: Asfutmsifwffutsh|Knock Off|p2a: waterfall flow
|-damage|p2a: waterfall flow|80/100
|-enditem|p2a: waterfall flow|Heavy-Duty Boots|[from] move: Knock Off|[of] p1a: Asfutmsifwffutsh
|
|upkeep
|turn|10
|inactive|KSt3ve has 240 seconds left.
|
|t:|1666533875
|move|p1a: Asfutmsifwffutsh|Psychic|p2a: waterfall flow
|-damage|p2a: waterfall flow|52/100
|-unboost|p2a: waterfall flow|spd|1
|-ability|p2a: waterfall flow|Competitive|boost
|-boost|p2a: waterfall flow|spa|2
|move|p2a: waterfall flow|Recover|p2a: waterfall flow
|-heal|p2a: waterfall flow|100/100
|
|upkeep
|turn|11
|inactive|KSt3ve has 240 seconds left.
|
|t:|1666533884
|move|p1a: Asfutmsifwffutsh|U-turn|p2a: waterfall flow
|-damage|p2a: waterfall flow|84/100
|
|t:|1666533886
|switch|p1a: Defined in|Rotom-Wash|83/100|[from]move: U-turn
|move|p2a: waterfall flow|Scald|p1a: Defined in
|-resisted|p1a: Defined in
|-damage|p1a: Defined in|53/100
|
|upkeep
|turn|12
|
|t:|1666533896
|move|p1a: Defined in|Pain Split|p2a: waterfall flow
|-sethp|p2a: waterfall flow|62/100|[from] move: Pain Split|[silent]
|-sethp|p1a: Defined in|80/100|[from] move: Pain Split
|move|p2a: waterfall flow|Scald|p1a: Defined in
|-resisted|p1a: Defined in
|-damage|p1a: Defined in|53/100
|-status|p1a: Defined in|brn
|
|-damage|p1a: Defined in|47/100 brn|[from] brn
|upkeep
|turn|13
|
|t:|1666533901
|move|p1a: Defined in|Will-O-Wisp|p2a: waterfall flow
|-status|p2a: waterfall flow|brn
|move|p2a: waterfall flow|Recover|p2a: waterfall flow
|-heal|p2a: waterfall flow|100/100 brn
|
|-damage|p1a: Defined in|41/100 brn|[from] brn
|-damage|p2a: waterfall flow|94/100 brn|[from] brn
|upkeep
|turn|14
|
|t:|1666533914
|switch|p2a: cost to be alive|Tangrowth, M|80/100 brn
|move|p1a: Defined in|Pain Split|p2a: cost to be alive
|-sethp|p2a: cost to be alive|56/100 brn|[from] move: Pain Split|[silent]
|-sethp|p1a: Defined in|74/100 brn|[from] move: Pain Split
|
|-damage|p1a: Defined in|68/100 brn|[from] brn
|-damage|p2a: cost to be alive|50/100 brn|[from] brn
|upkeep
|turn|15
|inactive|KSt3ve has 240 seconds left.
|
|t:|1666533967
|switch|p1a: that Can be|Hippowdon, F|100/100
|-damage|p1a: that Can be|88/100|[from] Spikes
|-weather|Sandstorm|[from] ability: Sand Stream|[of] p1a: that Can be
|move|p2a: cost to be alive|Power Whip|p1a: that Can be
|-supereffective|p1a: that Can be
|-damage|p1a: that Can be|65/100
|
|-weather|Sandstorm|[upkeep]
|-damage|p2a: cost to be alive|43/100 brn|[from] Sandstorm
|-damage|p2a: cost to be alive|37/100 brn|[from] brn
|upkeep
|turn|16
|inactive|pdt has 270 seconds left.
|
|t:|1666534002
|move|p1a: that Can be|Stealth Rock|p2a: cost to be alive
|-sidestart|p2: pdt|move: Stealth Rock
|move|p2a: cost to be alive|Sludge Bomb|p1a: that Can be
|-resisted|p1a: that Can be
|-damage|p1a: that Can be|56/100
|
|-weather|Sandstorm|[upkeep]
|-damage|p2a: cost to be alive|31/100 brn|[from] Sandstorm
|-damage|p2a: cost to be alive|25/100 brn|[from] brn
|upkeep
|turn|17
|inactive|pdt has 270 seconds left.
|
|t:|1666534016
|switch|p1a: Asfutmsifwffutsh|Azelf|100/100
|switch|p2a: waterfall flow|Milotic, F|94/100 brn
|-damage|p2a: waterfall flow|82/100 brn|[from] Stealth Rock
|
|-weather|Sandstorm|[upkeep]
|-damage|p1a: Asfutmsifwffutsh|94/100|[from] Sandstorm
|-damage|p2a: waterfall flow|76/100 brn|[from] Sandstorm
|-damage|p2a: waterfall flow|70/100 brn|[from] brn
|upkeep
|turn|18
|inactive|pdt has 270 seconds left.
|inactive|KSt3ve has 210 seconds left.
|inactive|KSt3ve has 180 seconds left.
|
|t:|1666534085
|move|p1a: Asfutmsifwffutsh|U-turn|p2a: waterfall flow
|-damage|p2a: waterfall flow|55/100 brn
|
|t:|1666534094
|switch|p1a: Defined in|Rotom-Wash|68/100 brn|[from]move: U-turn
|move|p2a: waterfall flow|Recover|p2a: waterfall flow
|-heal|p2a: waterfall flow|100/100 brn
|
|-weather|Sandstorm|[upkeep]
|-damage|p1a: Defined in|62/100 brn|[from] Sandstorm
|-damage|p2a: waterfall flow|94/100 brn|[from] Sandstorm
|-damage|p1a: Defined in|56/100 brn|[from] brn
|-damage|p2a: waterfall flow|88/100 brn|[from] brn
|upkeep
|turn|19
|inactive|KSt3ve has 180 seconds left.
|
|t:|1666534105
|switch|p2a: pop out|Zygarde-10%|100/100
|-damage|p2a: pop out|94/100|[from] Stealth Rock
|-ability|p2a: pop out|Aura Break
|move|p1a: Defined in|Pain Split|p2a: pop out
|-sethp|p2a: pop out|81/100|[from] move: Pain Split|[silent]
|-sethp|p1a: Defined in|67/100 brn|[from] move: Pain Split
|
|-weather|Sandstorm|[upkeep]
|-damage|p1a: Defined in|61/100 brn|[from] Sandstorm
|-damage|p1a: Defined in|55/100 brn|[from] brn
|upkeep
|turn|20
|inactive|KSt3ve has 180 seconds left.
|inactive|KSt3ve has 150 seconds left.
|inactive|KSt3ve has 120 seconds left.
|inactive|KSt3ve has 90 seconds left.
|inactive|KSt3ve has 60 seconds left.
|
|t:|1666534233
|move|p2a: pop out|Thousand Arrows|p1a: Defined in
|-supereffective|p1a: Defined in
|-crit|p1a: Defined in
|-damage|p1a: Defined in|0 fnt
|faint|p1a: Defined in
|
|-weather|Sandstorm|[upkeep]
|upkeep
|inactive|KSt3ve has 60 seconds left.
|
|t:|1666534265
|switch|p1a: a Single Word :|Excadrill, F|90/100
|-damage|p1a: a Single Word :|78/100|[from] Spikes
|turn|21
|
|t:|1666534270
|switch|p2a: back and forth|Skarmory, M|95/100
|-damage|p2a: back and forth|83/100|[from] Stealth Rock
|move|p1a: a Single Word :|Iron Head|p2a: back and forth
|-resisted|p2a: back and forth
|-damage|p2a: back and forth|71/100
|-damage|p1a: a Single Word :|61/100|[from] item: Rocky Helmet|[of] p2a: back and forth
|
|-weather|Sandstorm|[upkeep]
|-heal|p1a: a Single Word :|67/100|[from] item: Leftovers
|upkeep
|turn|22
|
|t:|1666534280
|switch|p1a: Asfutmsifwffutsh|Azelf|94/100
|switch|p2a: waterfall flow|Milotic, F|88/100 brn
|-damage|p2a: waterfall flow|76/100 brn|[from] Stealth Rock
|
|-weather|none
|-damage|p2a: waterfall flow|70/100 brn|[from] brn
|upkeep
|turn|23
|inactive|KSt3ve has 60 seconds left.
|
|t:|1666534306
|move|p1a: Asfutmsifwffutsh|U-turn|p2a: waterfall flow
|-damage|p2a: waterfall flow|53/100 brn
|
|t:|1666534317
|switch|p1a: a Nation|Amoonguss, F|100/100|[from]move: U-turn
|-damage|p1a: a Nation|88/100|[from] Spikes
|move|p2a: waterfall flow|Recover|p2a: waterfall flow
|-heal|p2a: waterfall flow|100/100 brn
|
|-damage|p2a: waterfall flow|94/100 brn|[from] brn
|upkeep
|turn|24
|
|t:|1666534329
|switch|p1a: Asfutmsifwffutsh|Azelf|94/100
|move|p2a: waterfall flow|Scald|p1a: Asfutmsifwffutsh
|-damage|p1a: Asfutmsifwffutsh|54/100
|
|-damage|p2a: waterfall flow|88/100 brn|[from] brn
|upkeep
|turn|25
|
|t:|1666534337
|move|p1a: Asfutmsifwffutsh|U-turn|p2a: waterfall flow
|-damage|p2a: waterfall flow|73/100 brn
|
|t:|1666534338
|switch|p1a: a Nation|Amoonguss, F|100/100|[from]move: U-turn
|-damage|p1a: a Nation|88/100|[from] Spikes
|move|p2a: waterfall flow|Scald|p1a: a Nation
|-resisted|p1a: a Nation
|-damage|p1a: a Nation|75/100
|-status|p1a: a Nation|brn
|
|-damage|p2a: waterfall flow|66/100 brn|[from] brn
|-damage|p1a: a Nation|69/100 brn|[from] brn
|upkeep
|turn|26
|
|t:|1666534358
|move|p2a: waterfall flow|Scald|p1a: a Nation
|-resisted|p1a: a Nation
|-damage|p1a: a Nation|57/100 brn
|move|p1a: a Nation|Giga Drain|p2a: waterfall flow
|-supereffective|p2a: waterfall flow
|-damage|p2a: waterfall flow|38/100 brn
|-heal|p1a: a Nation|70/100 brn|[from] drain|[of] p2a: waterfall flow
|
|-damage|p2a: waterfall flow|32/100 brn|[from] brn
|-damage|p1a: a Nation|64/100 brn|[from] brn
|upkeep
|turn|27
|
|t:|1666534365
|move|p2a: waterfall flow|Recover|p2a: waterfall flow
|-heal|p2a: waterfall flow|82/100 brn
|move|p1a: a Nation|Giga Drain|p2a: waterfall flow
|-supereffective|p2a: waterfall flow
|-damage|p2a: waterfall flow|53/100 brn
|-heal|p1a: a Nation|77/100 brn|[from] drain|[of] p2a: waterfall flow
|
|-damage|p2a: waterfall flow|47/100 brn|[from] brn
|-damage|p1a: a Nation|71/100 brn|[from] brn
|upkeep
|turn|28
|
|t:|1666534371
|move|p2a: waterfall flow|Recover|p2a: waterfall flow
|-heal|p2a: waterfall flow|97/100 brn
|move|p1a: a Nation|Giga Drain|p2a: waterfall flow
|-supereffective|p2a: waterfall flow
|-damage|p2a: waterfall flow|71/100 brn
|-heal|p1a: a Nation|83/100 brn|[from] drain|[of] p2a: waterfall flow
|
|-damage|p2a: waterfall flow|65/100 brn|[from] brn
|-damage|p1a: a Nation|77/100 brn|[from] brn
|upkeep
|turn|29
|
|t:|1666534380
|switch|p2a: shiest talk|Nihilego|100/100 par
|-damage|p2a: shiest talk|88/100 par|[from] Stealth Rock
|move|p1a: a Nation|Stun Spore|p2a: shiest talk
|-fail|p2a: shiest talk|par
|
|-heal|p2a: shiest talk|94/100 par|[from] item: Black Sludge
|-damage|p1a: a Nation|70/100 brn|[from] brn
|upkeep
|turn|30
|inactive|KSt3ve has 60 seconds left.
|
|t:|1666534393
|switch|p2a: pop out|Zygarde-10%|81/100
|-damage|p2a: pop out|75/100|[from] Stealth Rock
|-ability|p2a: pop out|Aura Break
|move|p1a: a Nation|Giga Drain|p2a: pop out
|-damage|p2a: pop out|41/100
|-heal|p1a: a Nation|80/100 brn|[from] drain|[of] p2a: pop out
|
|-damage|p1a: a Nation|74/100 brn|[from] brn
|upkeep
|turn|31
|inactive|KSt3ve has 60 seconds left.
|
|t:|1666534419
|move|p2a: pop out|Thousand Arrows|p1a: a Nation
|-damage|p1a: a Nation|25/100 brn
|move|p1a: a Nation|Stun Spore|p2a: pop out|[miss]
|-miss|p1a: a Nation|p2a: pop out
|
|-damage|p1a: a Nation|19/100 brn|[from] brn
|upkeep
|turn|32
|c|☆KSt3ve|el classico
|inactive|KSt3ve has 30 seconds left.
|inactive|KSt3ve has 20 seconds left.
|
|t:|1666534456
|move|p2a: pop out|Thousand Arrows|p1a: a Nation
|-damage|p1a: a Nation|0 fnt
|faint|p1a: a Nation
|
|upkeep
|inactive|KSt3ve has 25 seconds left this turn.
|
|t:|1666534457
|switch|p1a: Asfutmsifwffutsh|Azelf|54/100
|turn|33
|inactive|KSt3ve has 30 seconds left.
|
|t:|1666534470
|switch|p2a: shiest talk|Nihilego|94/100 par
|-damage|p2a: shiest talk|82/100 par|[from] Stealth Rock
|move|p1a: Asfutmsifwffutsh|Flamethrower|p2a: shiest talk
|-resisted|p2a: shiest talk
|-damage|p2a: shiest talk|71/100 par
|
|-heal|p2a: shiest talk|77/100 par|[from] item: Black Sludge
|upkeep
|turn|34
|
|t:|1666534475
|move|p1a: Asfutmsifwffutsh|U-turn|p2a: shiest talk
|-resisted|p2a: shiest talk
|-damage|p2a: shiest talk|63/100 par
|
|t:|1666534479
|switch|p1a: a Single Word :|Excadrill, F|67/100|[from]move: U-turn
|-damage|p1a: a Single Word :|55/100|[from] Spikes
|cant|p2a: shiest talk|par
|
|-heal|p1a: a Single Word :|61/100|[from] item: Leftovers
|-heal|p2a: shiest talk|69/100 par|[from] item: Black Sludge
|upkeep
|turn|35
|
|t:|1666534487
|switch|p2a: back and forth|Skarmory, M|71/100
|-damage|p2a: back and forth|59/100|[from] Stealth Rock
|move|p1a: a Single Word :|Swords Dance|p1a: a Single Word :
|-boost|p1a: a Single Word :|atk|2
|
|-heal|p1a: a Single Word :|67/100|[from] item: Leftovers
|upkeep
|turn|36
|
|t:|1666534491
|move|p1a: a Single Word :|Iron Head|p2a: back and forth
|-resisted|p2a: back and forth
|-damage|p2a: back and forth|31/100
|-damage|p1a: a Single Word :|50/100|[from] item: Rocky Helmet|[of] p2a: back and forth
|move|p2a: back and forth|Roost|p2a: back and forth
|-heal|p2a: back and forth|81/100
|-singleturn|p2a: back and forth|move: Roost
|
|-heal|p1a: a Single Word :|56/100|[from] item: Leftovers
|upkeep
|turn|37
|
|t:|1666534497
|switch|p1a: Asfutmsifwffutsh|Azelf|54/100
|move|p2a: back and forth|Roost|p2a: back and forth
|-heal|p2a: back and forth|100/100
|-singleturn|p2a: back and forth|move: Roost
|
|upkeep
|turn|38
|
|t:|1666534508
|switch|p2a: shiest talk|Nihilego|69/100 par
|-damage|p2a: shiest talk|57/100 par|[from] Stealth Rock
|move|p1a: Asfutmsifwffutsh|Psychic|p2a: shiest talk
|-supereffective|p2a: shiest talk
|-damage|p2a: shiest talk|0 fnt
|faint|p2a: shiest talk
|
|upkeep
|
|t:|1666534511
|switch|p2a: waterfall flow|Milotic, F|65/100 brn
|-damage|p2a: waterfall flow|52/100 brn|[from] Stealth Rock
|turn|39
|
|t:|1666534517
|move|p1a: Asfutmsifwffutsh|U-turn|p2a: waterfall flow
|-damage|p2a: waterfall flow|37/100 brn
|
|t:|1666534519
|switch|p1a: America is|Nihilego|100/100|[from]move: U-turn
|-damage|p1a: America is|88/100|[from] Spikes
|move|p2a: waterfall flow|Recover|p2a: waterfall flow
|-heal|p2a: waterfall flow|87/100 brn
|
|-damage|p2a: waterfall flow|81/100 brn|[from] brn
|upkeep
|turn|40
|inactive|KSt3ve has 90 seconds left.
|
|t:|1666534530
|switch|p2a: cost to be alive|Tangrowth, M|58/100 brn
|-damage|p2a: cost to be alive|46/100 brn|[from] Stealth Rock
|move|p1a: America is|Meteor Beam||[still]
|-prepare|p1a: America is|Meteor Beam
|-boost|p1a: America is|spa|1
|-enditem|p1a: America is|Power Herb
|-anim|p1a: America is|Meteor Beam|p2a: cost to be alive
|-damage|p2a: cost to be alive|0 fnt
|faint|p2a: cost to be alive
|-ability|p1a: America is|Beast Boost|boost
|-boost|p1a: America is|spe|1
|
|upkeep
|
|t:|1666534532
|switch|p2a: real spill|Scizor, M|100/100
|turn|41
|
|t:|1666534542
|move|p1a: America is|Hex|p2a: real spill
|-damage|p2a: real spill|70/100
|move|p2a: real spill|Swords Dance|p2a: real spill
|-boost|p2a: real spill|atk|2
|
|upkeep
|turn|42
|c|☆KSt3ve|mouais
|inactive|KSt3ve has 90 seconds left.
|inactive|KSt3ve has 60 seconds left.
|inactive|KSt3ve has 30 seconds left.
|
|t:|1666534626
|move|p2a: real spill|Bullet Punch|p1a: America is
|-supereffective|p1a: America is
|-damage|p1a: America is|0 fnt
|faint|p1a: America is
|
|upkeep
|inactive|KSt3ve has 30 seconds left this turn.
|
|t:|1666534629
|switch|p1a: that Can be|Hippowdon, F|56/100
|-damage|p1a: that Can be|44/100|[from] Spikes
|-weather|Sandstorm|[from] ability: Sand Stream|[of] p1a: that Can be
|turn|43
|
|t:|1666534633
|move|p2a: real spill|Bug Bite|p1a: that Can be
|-damage|p1a: that Can be|0 fnt
|faint|p1a: that Can be
|
|-weather|Sandstorm|[upkeep]
|upkeep
|
|t:|1666534635
|switch|p1a: a Single Word :|Excadrill, F|56/100
|-damage|p1a: a Single Word :|44/100|[from] Spikes
|turn|44
|
|t:|1666534638
|move|p2a: real spill|Bullet Punch|p1a: a Single Word :
|-resisted|p1a: a Single Word :
|-damage|p1a: a Single Word :|0 fnt
|faint|p1a: a Single Word :
|
|-weather|Sandstorm|[upkeep]
|upkeep
|
|t:|1666534641
|switch|p1a: Asfutmsifwffutsh|Azelf|54/100
|turn|45
|c|☆pdt|gg
|
|t:|1666534643
|move|p2a: real spill|Bullet Punch|p1a: Asfutmsifwffutsh
|-damage|p1a: Asfutmsifwffutsh|0 fnt
|faint|p1a: Asfutmsifwffutsh
|
|win|pdt
