|inactive|Battle timer is ON: inactive players will automatically lose when time's up.
|t:|1659826733
|gametype|singles
|player|p1|KM|#uuplxsisters|
|player|p2|Dunoks|#fcl9mighty|
|teamsize|p1|6
|teamsize|p2|6
|gen|8
|tier|[Gen 8] UU
|rule|Sleep Clause Mod: Limit one foe put to sleep
|rule|Species Clause: Limit one of each Pokémon
|rule|OHKO Clause: OHKO moves are banned
|rule|Evasion Moves Clause: Evasion moves are banned
|rule|Endless Battle Clause: Forcing endless battles is banned
|rule|HP Percentage Mod: HP is shown in percentages
|rule|Dynamax Clause: You cannot dynamax
|clearpoke
|poke|p1|Lucario, F|
|poke|p1|Crobat, M|
|poke|p1|Salamence, F|
|poke|p1|Swampert, M|
|poke|p1|Azelf|
|poke|p1|Chansey, F|
|poke|p2|Gyarados, M|
|poke|p2|Necrozma|
|poke|p2|Celesteela|
|poke|p2|Cobalion|
|poke|p2|Scolipede, F|
|poke|p2|Azelf|
|teampreview
|c|☆KM|hf
|c|☆Dunoks|hf 
|inactive|KM has 270 seconds left.
|inactive|Dunoks has 270 seconds left.
|inactive|KM has 240 seconds left.
|inactive|Dunoks has 240 seconds left.
|c|+ASKOV|lucario
|inactive|KM has 210 seconds left.
|inactive|Dunoks has 210 seconds left.
|
|t:|1659826834
|start
|switch|p1a: honest|Swampert, M|100/100
|switch|p2a: Scolipede|Scolipede, F|100/100
|turn|1
|
|t:|1659826837
|move|p2a: Scolipede|Spikes|p1a: honest
|-sidestart|p1: KM|Spikes
|move|p1a: honest|Flip Turn|p2a: Scolipede
|-damage|p2a: Scolipede|61/100
|
|t:|1659826839
|switch|p1a: comfort noise|Crobat, M|100/100|[from]move: Flip Turn
|
|-ability|p2a: Scolipede|Speed Boost|boost
|-boost|p2a: Scolipede|spe|1
|upkeep
|turn|2
|
|t:|1659826844
|move|p2a: Scolipede|Spikes|p1a: comfort noise
|-sidestart|p1: KM|Spikes
|move|p1a: comfort noise|Brave Bird|p2a: Scolipede
|-supereffective|p2a: Scolipede
|-damage|p2a: Scolipede|0 fnt
|faint|p2a: Scolipede
|-damage|p1a: comfort noise|84/100|[from] Recoil
|
|upkeep
|inactive|Dunoks has 270 seconds left.
|
|t:|1659826880
|switch|p2a: Necrozma|Necrozma|100/100
|turn|3
|
|t:|1659826908
|switch|p1a: check1|Salamence, F|100/100
|-ability|p1a: check1|Intimidate|boost
|-unboost|p2a: Necrozma|atk|1
|move|p2a: Necrozma|Photon Geyser|p1a: check1
|-damage|p1a: check1|45/100
|
|upkeep
|turn|4
|inactive|KM has 270 seconds left.
|inactive|Dunoks has 240 seconds left.
|inactive|KM has 240 seconds left.
|
|t:|1659826954
|switch|p1a: onlychans|Chansey, F, shiny|100/100
|-damage|p1a: onlychans|84/100|[from] Spikes
|move|p2a: Necrozma|Photon Geyser|p1a: onlychans
|-damage|p1a: onlychans|65/100
|
|upkeep
|turn|5
|c|+Celebiii|onlychans LMFAO
|inactive|Dunoks has 240 seconds left.
|inactive|KM has 240 seconds left.
|
|t:|1659826971
|switch|p2a: Azelf|Azelf|100/100
|move|p1a: onlychans|Stealth Rock|p2a: Azelf
|-sidestart|p2: Dunoks|move: Stealth Rock
|
|upkeep
|turn|6
|
|t:|1659826979
|move|p2a: Azelf|Nasty Plot|p2a: Azelf
|-boost|p2a: Azelf|spa|2
|move|p1a: onlychans|Teleport|p1a: onlychans
|
|t:|1659826983
|switch|p1a: comfort noise|Crobat, M|84/100|[from]move: Teleport
|
|upkeep
|turn|7
|c|+dnagerbdager|inappropriate
|
|t:|1659826996
|move|p1a: comfort noise|U-turn|p2a: Azelf
|-supereffective|p2a: Azelf
|-damage|p2a: Azelf|41/100
|inactive|KM has 240 seconds left.
|c|☆KM|sorry buddy
|
|t:|1659827031
|switch|p1a: all i need|Lucario, F|100/100|[from]move: U-turn
|-damage|p1a: all i need|84/100|[from] Spikes
|move|p2a: Azelf|Psyshock|p1a: all i need
|-damage|p1a: all i need|0 fnt
|faint|p1a: all i need
|
|upkeep
|
|t:|1659827038
|switch|p1a: comfort noise|Crobat, M|84/100
|turn|8
|c|+Celebiii|good job luc
|c|+ASKOV|ummm...
|c|+pinorska|lucario nooooooooooooo
|
|t:|1659827066
|move|p1a: comfort noise|U-turn|p2a: Azelf
|-supereffective|p2a: Azelf
|-damage|p2a: Azelf|0 fnt
|faint|p2a: Azelf
|
|t:|1659827075
|switch|p1a: speaker|Azelf|100/100|[from]move: U-turn
|
|upkeep
|
|t:|1659827081
|switch|p2a: Necrozma|Necrozma|100/100
|-damage|p2a: Necrozma|88/100|[from] Stealth Rock
|turn|9
|inactive|KM has 210 seconds left.
|inactive|Dunoks has 240 seconds left.
|inactive|KM has 180 seconds left.
|c|+avarice|go km omg
|
|t:|1659827149
|switch|p1a: onlychans|Chansey, F, shiny|65/100
|-damage|p1a: onlychans|49/100|[from] Spikes
|move|p2a: Necrozma|Meteor Beam||[still]
|-prepare|p2a: Necrozma|Meteor Beam
|-boost|p2a: Necrozma|spa|1
|-enditem|p2a: Necrozma|Power Herb
|-anim|p2a: Necrozma|Meteor Beam|p1a: onlychans
|-damage|p1a: onlychans|27/100
|
|upkeep
|turn|10
|
|t:|1659827175
|move|p2a: Necrozma|Photon Geyser|p1a: onlychans
|-damage|p1a: onlychans|2/100
|move|p1a: onlychans|Soft-Boiled|p1a: onlychans
|-heal|p1a: onlychans|52/100
|
|upkeep
|turn|11
|
|t:|1659827196
|move|p2a: Necrozma|Autotomize|p2a: Necrozma
|-boost|p2a: Necrozma|spe|2
|-start|p2a: Necrozma|Autotomize
|move|p1a: onlychans|Soft-Boiled|p1a: onlychans
|-heal|p1a: onlychans|100/100
|
|upkeep
|turn|12
|
|t:|1659827204
|move|p2a: Necrozma|Meteor Beam||[still]
|-prepare|p2a: Necrozma|Meteor Beam
|-boost|p2a: Necrozma|spa|1
|move|p1a: onlychans|Seismic Toss|p2a: Necrozma
|-damage|p2a: Necrozma|58/100
|
|upkeep
|turn|13
|
|t:|1659827215
|move|p2a: Necrozma|Meteor Beam|p1a: onlychans|[from]lockedmove
|-damage|p1a: onlychans|72/100
|move|p1a: onlychans|Seismic Toss|p2a: Necrozma
|-damage|p2a: Necrozma|28/100
|
|upkeep
|turn|14
|inactive|Dunoks has 240 seconds left.
|
|t:|1659827228
|move|p2a: Necrozma|Photon Geyser|p1a: onlychans
|-damage|p1a: onlychans|35/100
|move|p1a: onlychans|Soft-Boiled|p1a: onlychans
|-heal|p1a: onlychans|85/100
|
|upkeep
|turn|15
|
|t:|1659827232
|move|p2a: Necrozma|Photon Geyser|p1a: onlychans
|-crit|p1a: onlychans
|-damage|p1a: onlychans|32/100
|move|p1a: onlychans|Soft-Boiled|p1a: onlychans
|-heal|p1a: onlychans|82/100
|
|upkeep
|turn|16
|
|t:|1659827239
|move|p2a: Necrozma|Photon Geyser|p1a: onlychans
|-damage|p1a: onlychans|49/100
|move|p1a: onlychans|Soft-Boiled|p1a: onlychans
|-heal|p1a: onlychans|99/100
|
|upkeep
|turn|17
|
|t:|1659827243
|move|p2a: Necrozma|Photon Geyser|p1a: onlychans
|-damage|p1a: onlychans|66/100
|move|p1a: onlychans|Soft-Boiled|p1a: onlychans
|-heal|p1a: onlychans|100/100
|
|upkeep
|turn|18
|
|t:|1659827245
|move|p2a: Necrozma|Meteor Beam||[still]
|-prepare|p2a: Necrozma|Meteor Beam
|-boost|p2a: Necrozma|spa|1
|move|p1a: onlychans|Soft-Boiled||[still]
|-fail|p1a: onlychans|heal
|
|upkeep
|turn|19
|
|t:|1659827249
|move|p2a: Necrozma|Meteor Beam|p1a: onlychans|[from]lockedmove
|-damage|p1a: onlychans|65/100
|move|p1a: onlychans|Soft-Boiled|p1a: onlychans
|-heal|p1a: onlychans|100/100
|
|upkeep
|turn|20
|
|t:|1659827252
|move|p2a: Necrozma|Meteor Beam||[still]
|-prepare|p2a: Necrozma|Meteor Beam
|-boost|p2a: Necrozma|spa|1
|move|p1a: onlychans|Seismic Toss|p2a: Necrozma
|-damage|p2a: Necrozma|0 fnt
|faint|p2a: Necrozma
|
|upkeep
|
|t:|1659827270
|switch|p2a: Cobalion|Cobalion|100/100
|-damage|p2a: Cobalion|97/100|[from] Stealth Rock
|turn|21
|inactive|KM has 240 seconds left.
|
|t:|1659827291
|move|p2a: Cobalion|Swords Dance|p2a: Cobalion
|-boost|p2a: Cobalion|atk|2
|move|p1a: onlychans|Teleport|p1a: onlychans
|inactive|KM has 210 seconds left.
|
|t:|1659827312
|switch|p1a: honest|Swampert, M|100/100|[from]move: Teleport
|-damage|p1a: honest|84/100|[from] Spikes
|
|-heal|p1a: honest|90/100|[from] item: Leftovers
|upkeep
|turn|22
|
|t:|1659827324
|move|p2a: Cobalion|Rock Polish|p2a: Cobalion
|-boost|p2a: Cobalion|spe|2
|move|p1a: honest|Earthquake|p2a: Cobalion
|-supereffective|p2a: Cobalion
|-damage|p2a: Cobalion|38/100
|-enditem|p2a: Cobalion|Weakness Policy
|-boost|p2a: Cobalion|atk|2|[from] item: Weakness Policy
|-boost|p2a: Cobalion|spa|2|[from] item: Weakness Policy
|
|-heal|p1a: honest|96/100|[from] item: Leftovers
|upkeep
|turn|23
|c|☆KM|hm.
|inactive|KM has 210 seconds left.
|c|+ASKOV|hm.
|inactive|KM has 180 seconds left.
|inactive|KM has 150 seconds left.
|inactive|KM has 120 seconds left.
|
|t:|1659827444
|switch|p1a: comfort noise|Crobat, M|84/100
|move|p2a: Cobalion|Close Combat|p1a: comfort noise
|-resisted|p1a: comfort noise
|-damage|p1a: comfort noise|39/100
|-unboost|p2a: Cobalion|def|1
|-unboost|p2a: Cobalion|spd|1
|
|upkeep
|turn|24
|inactive|KM has 120 seconds left.
|
|t:|1659827450
|move|p2a: Cobalion|Close Combat|p1a: comfort noise
|-resisted|p1a: comfort noise
|-damage|p1a: comfort noise|0 fnt
|-unboost|p2a: Cobalion|def|1
|-unboost|p2a: Cobalion|spd|1
|faint|p1a: comfort noise
|
|upkeep
|
|t:|1659827452
|switch|p1a: check1|Salamence, F|45/100
|-ability|p1a: check1|Intimidate|boost
|-unboost|p2a: Cobalion|atk|1
|turn|25
|c|+Beraldinhoo|perdemos
|inactive|KM has 120 seconds left.
|inactive|Dunoks has 270 seconds left.
|inactive|KM has 90 seconds left.
|
|t:|1659827506
|switch|p1a: onlychans|Chansey, F, shiny|100/100
|-damage|p1a: onlychans|84/100|[from] Spikes
|move|p2a: Cobalion|Close Combat|p1a: onlychans
|-supereffective|p1a: onlychans
|-damage|p1a: onlychans|0 fnt
|-unboost|p2a: Cobalion|def|1
|-unboost|p2a: Cobalion|spd|1
|faint|p1a: onlychans
|
|upkeep
|
|t:|1659827508
|switch|p1a: check1|Salamence, F|45/100
|-ability|p1a: check1|Intimidate|boost
|-unboost|p2a: Cobalion|atk|1
|turn|26
|
|t:|1659827525
|move|p2a: Cobalion|Iron Head|p1a: check1
|-damage|p1a: check1|0 fnt
|faint|p1a: check1
|
|upkeep
|
|t:|1659827528
|switch|p1a: honest|Swampert, M|96/100
|-damage|p1a: honest|80/100|[from] Spikes
|turn|27
|
|t:|1659827548
|move|p2a: Cobalion|Close Combat|p1a: honest
|-damage|p1a: honest|3/100
|-unboost|p2a: Cobalion|def|1
|-unboost|p2a: Cobalion|spd|1
|move|p1a: honest|Flip Turn|p2a: Cobalion
|-crit|p2a: Cobalion
|-damage|p2a: Cobalion|0 fnt
|faint|p2a: Cobalion
|
|t:|1659827552
|switch|p1a: speaker|Azelf|100/100|[from]move: Flip Turn
|
|upkeep
|
|t:|1659827565
|switch|p2a: Gyarados|Gyarados, M|100/100
|-damage|p2a: Gyarados|76/100|[from] Stealth Rock
|turn|28
|inactive|KM has 120 seconds left.
|
|t:|1659827577
|move|p1a: speaker|Nasty Plot|p1a: speaker
|-boost|p1a: speaker|spa|2
|move|p2a: Gyarados|Dragon Dance|p2a: Gyarados
|-boost|p2a: Gyarados|atk|1
|-boost|p2a: Gyarados|spe|1
|
|-heal|p2a: Gyarados|82/100|[from] item: Leftovers
|upkeep
|turn|29
|
|t:|1659827589
|move|p2a: Gyarados|Bounce||[still]
|-prepare|p2a: Gyarados|Bounce
|move|p1a: speaker|Psyshock|p2a: Gyarados|[miss]
|-miss|p1a: speaker|p2a: Gyarados
|
|-heal|p2a: Gyarados|88/100|[from] item: Leftovers
|upkeep
|turn|30
|c|☆KM|:prayge:
|inactive|KM has 120 seconds left.
|c|☆KM|damn no one's gonna pray with me
|c|☆KM|feelsbad
|c|+avarice|:prayege:
|c|☆KM|.
|c|+Celebiii|miss
|
|t:|1659827631
|move|p2a: Gyarados|Bounce|p1a: speaker|[from]lockedmove
|-damage|p1a: speaker|0 fnt
|faint|p1a: speaker
|-ability|p2a: Gyarados|Moxie|boost
|-boost|p2a: Gyarados|atk|1
|
|-heal|p2a: Gyarados|94/100|[from] item: Leftovers
|upkeep
|c|+Beraldinhoo|hit
|c|+dnagerbdager|full para
|c|☆KM|BOO!
|c|☆KM|gg.
|
|t:|1659827637
|switch|p1a: honest|Swampert, M|3/100
|-damage|p1a: honest|0 fnt|[from] Spikes
|faint|p1a: honest
|
|win|Dunoks
|c|+dnagerbdager|that works
|c|☆Dunoks|gg
|c|+avarice|that was so undeserved like
|c|+dnagerbdager|um
