|inactive|Battle timer is ON: inactive players will automatically lose when time's up.
|t:|1659454940
|gametype|singles
|player|p1|Adaam|#uutrio2ladder|
|player|p2|umbry ✿|elesa-masters|
|teamsize|p1|6
|teamsize|p2|6
|gen|8
|tier|[Gen 8] UU
|rule|Sleep Clause Mod: Limit one foe put to sleep
|rule|Species Clause: Limit one of each Pokémon
|rule|OHKO Clause: OHKO moves are banned
|rule|Evasion Moves Clause: Evasion moves are banned
|rule|Endless Battle Clause: Forcing endless battles is banned
|rule|HP Percentage Mod: HP is shown in percentages
|rule|Dynamax Clause: You cannot dynamax
|clearpoke
|poke|p1|Scolipede, M|
|poke|p1|Scizor, M|
|poke|p1|Azelf|
|poke|p1|Salamence, F|
|poke|p1|Krookodile, F|
|poke|p1|Azumarill, M|
|poke|p2|Politoed, F|
|poke|p2|Tornadus, M|
|poke|p2|Excadrill, M|
|poke|p2|Kingdra, F|
|poke|p2|Gyarados, M|
|poke|p2|Amoonguss, M|
|teampreview
|c|☆Adaam|hf
|c|☆Adaam|ive lsot
|c|☆umbry ✿|hf
|c|+avg ♫|gm
|inactive|Adaam has 270 seconds left.
|inactive|umbry ✿ has 270 seconds left.
|
|t:|1659454997
|start
|switch|p1a: peder griffin|Scolipede, M|100/100
|switch|p2a: Politoed|Politoed, F|100/100
|-weather|RainDance|[from] ability: Drizzle|[of] p2a: Politoed
|turn|1
|
|t:|1659455014
|move|p1a: peder griffin|Spikes|p2a: Politoed
|-sidestart|p2: umbry ✿|Spikes
|move|p2a: Politoed|Scald|p1a: peder griffin
|-damage|p1a: peder griffin|32/100
|
|-weather|RainDance|[upkeep]
|-ability|p1a: peder griffin|Speed Boost|boost
|-boost|p1a: peder griffin|spe|1
|upkeep
|turn|2
|
|t:|1659455021
|move|p1a: peder griffin|Endeavor|p2a: Politoed
|-damage|p2a: Politoed|22/100
|move|p2a: Politoed|Scald|p1a: peder griffin
|-damage|p1a: peder griffin|0 fnt
|faint|p1a: peder griffin
|
|-weather|RainDance|[upkeep]
|upkeep
|c|+Indigo Plateau|damn umbry
|inactive|Adaam has 270 seconds left.
|c|+Indigo Plateau|u hate the meta this much huh…
|c|☆umbry ✿|yeah
|
|t:|1659455071
|switch|p1a: hard knock life|Krookodile, F|100/100
|-ability|p1a: hard knock life|Intimidate|boost
|-unboost|p2a: Politoed|atk|1
|turn|3
|c|+Mionda ✿|are we hoping for pursuit in gen 9 or n
|c|+Donny P.|y
|c|+Beraldinhoo|y
|inactive|umbry ✿ has 270 seconds left.
|c|+NoahDeKnight|y
|c|+Indigo Plateau|no
|c|+Donny P.|hp can stay nuked tho
|c|+Donny P.|nat gift should come back
|c|+Indigo Plateau|who the fuck wants pursuit mindgames again
|
|t:|1659455128
|move|p1a: hard knock life|Knock Off|p2a: Politoed
|-damage|p2a: Politoed|0 fnt
|-enditem|p2a: Politoed|Damp Rock|[from] move: Knock Off|[of] p1a: hard knock life
|faint|p2a: Politoed
|
|-weather|RainDance|[upkeep]
|upkeep
|c|+Donny P.|literally skillful 
|inactive|umbry ✿ has 240 seconds left.
|
|t:|1659455143
|switch|p2a: Tornadus|Tornadus, M|100/100
|turn|4
|inactive|Adaam has 270 seconds left.
|c|+Donny P.|and metagaming with pursuit + wisp
|
|t:|1659455161
|switch|p1a: joe sdrummer|Azumarill, M, shiny|100/100
|move|p2a: Tornadus|Hurricane|p1a: joe sdrummer
|-damage|p1a: joe sdrummer|0 fnt
|faint|p1a: joe sdrummer
|
|-weather|RainDance|[upkeep]
|upkeep
|c|+avg ♫|gone
|c|+Donny P.|yo that dropped
|c|+Donny P.|wtf
|c|+Gods armada|wohoo go adaam
|inactive|Adaam has 240 seconds left.
|
|t:|1659455191
|switch|p1a: Scizor|Scizor, M|100/100
|turn|5
|
|t:|1659455200
|move|p1a: Scizor|Bullet Punch|p2a: Tornadus
|-damage|p2a: Tornadus|35/100
|-damage|p1a: Scizor|91/100|[from] item: Life Orb
|move|p2a: Tornadus|Hurricane|p1a: Scizor
|-damage|p1a: Scizor|0 fnt
|faint|p1a: Scizor
|
|-weather|RainDance|[upkeep]
|upkeep
|inactive|Adaam has 240 seconds left.
|
|t:|1659455214
|switch|p1a: ip forehead|Azelf|100/100
|turn|6
|inactive|Adaam has 240 seconds left.
|c|☆Adaam|ip forehead
|c|☆umbry ✿|ip forehead
|c|+Donny P.|ip forehead
|c|+avg ♫|ipforehead
|inactive|Adaam has 210 seconds left.
|c|+NoahDeKnight|ip forehead
|
|t:|1659455275
|switch|p2a: Excadrill|Excadrill, M|100/100
|-damage|p2a: Excadrill|88/100|[from] Spikes
|-ability|p2a: Excadrill|Mold Breaker
|move|p1a: ip forehead|Substitute|p1a: ip forehead
|-start|p1a: ip forehead|Substitute
|-damage|p1a: ip forehead|75/100
|
|-weather|RainDance|[upkeep]
|-heal|p2a: Excadrill|94/100|[from] item: Leftovers
|upkeep
|turn|7
|inactive|Adaam has 180 seconds left.
|c|+Indigo Plateau|holy shit go ip forehead
|inactive|Adaam has 150 seconds left.
|
|t:|1659455346
|move|p1a: ip forehead|Nasty Plot|p1a: ip forehead
|-boost|p1a: ip forehead|spa|2
|move|p2a: Excadrill|Rapid Spin|p1a: ip forehead
|-activate|p1a: ip forehead|move: Substitute|[damage]
|-sideend|p2: umbry ✿|Spikes|[from] move: Rapid Spin|[of] p2a: Excadrill
|-boost|p2a: Excadrill|spe|1
|
|-weather|RainDance|[upkeep]
|-heal|p2a: Excadrill|100/100|[from] item: Leftovers
|upkeep
|turn|8
|
|t:|1659455361
|move|p2a: Excadrill|Rapid Spin|p1a: ip forehead
|-end|p1a: ip forehead|Substitute
|-boost|p2a: Excadrill|spe|1
|move|p1a: ip forehead|Substitute|p1a: ip forehead
|-start|p1a: ip forehead|Substitute
|-damage|p1a: ip forehead|50/100
|
|-weather|none
|upkeep
|turn|9
|inactive|Adaam has 120 seconds left.
|inactive|Adaam has 90 seconds left.
|
|t:|1659455437
|move|p2a: Excadrill|Iron Head|p1a: ip forehead
|-end|p1a: ip forehead|Substitute
|move|p1a: ip forehead|Fire Blast|p2a: Excadrill
|-supereffective|p2a: Excadrill
|-damage|p2a: Excadrill|0 fnt
|faint|p2a: Excadrill
|
|upkeep
|inactive|umbry ✿ has 270 seconds left.
|
|t:|1659455462
|switch|p2a: Gyarados|Gyarados, M|100/100
|turn|10
|
|t:|1659455482
|move|p1a: ip forehead|Psyshock|p2a: Gyarados
|-damage|p2a: Gyarados|0 fnt
|faint|p2a: Gyarados
|
|upkeep
|c|+avg ♫|gone
|c|☆umbry ✿|damn
|c|☆umbry ✿|got the roll
|c|☆umbry ✿|gg
|inactive|umbry ✿ has 240 seconds left.
|c|☆umbry ✿|actually theres another 1
|
|t:|1659455505
|switch|p2a: Kingdra|Kingdra, F|100/100
|turn|11
|
|t:|1659455509
|move|p1a: ip forehead|Substitute|p1a: ip forehead
|-start|p1a: ip forehead|Substitute
|-damage|p1a: ip forehead|25/100
|-enditem|p1a: ip forehead|Salac Berry|[eat]
|-boost|p1a: ip forehead|spe|1|[from] item: Salac Berry
|move|p2a: Kingdra|Draco Meteor|p1a: ip forehead
|-end|p1a: ip forehead|Substitute
|-unboost|p2a: Kingdra|spa|2
|
|upkeep
|turn|12
|
|t:|1659455516
|move|p1a: ip forehead|Psyshock|p2a: Kingdra
|-damage|p2a: Kingdra|5/100
|move|p2a: Kingdra|Draco Meteor|p1a: ip forehead
|-damage|p1a: ip forehead|0 fnt
|-unboost|p2a: Kingdra|spa|2
|faint|p1a: ip forehead
|
|upkeep
|inactive|Adaam has 90 seconds left.
|c|+Indigo Plateau|ip forehead NOO
|inactive|Adaam has 60 seconds left.
|c|+Micciu20250|Ip died noooo
|c|+Micciu20250|😭
|inactive|Adaam has 30 seconds left.
|
|t:|1659455586
|switch|p1a: joey salami|Salamence, F|100/100
|turn|13
|
|t:|1659455593
|move|p1a: joey salami|Dragon Dance|p1a: joey salami
|-boost|p1a: joey salami|atk|1
|-boost|p1a: joey salami|spe|1
|move|p2a: Kingdra|Draco Meteor|p1a: joey salami
|-supereffective|p1a: joey salami
|-damage|p1a: joey salami|28/100
|-unboost|p2a: Kingdra|spa|2
|
|upkeep
|turn|14
|
|t:|1659455599
|switch|p2a: Amoonguss|Amoonguss, M|100/100
|move|p1a: joey salami|Earthquake|p2a: Amoonguss
|-damage|p2a: Amoonguss|57/100
|-enditem|p2a: Amoonguss|Eject Button
|inactive|umbry ✿ has 270 seconds left.
|
|t:|1659455610
|switch|p2a: Tornadus|Tornadus, M|35/100
|
|upkeep
|turn|15
|
|t:|1659455615
|move|p1a: joey salami|Outrage|p2a: Tornadus
|-damage|p2a: Tornadus|0 fnt
|faint|p2a: Tornadus
|-ability|p1a: joey salami|Moxie|boost
|-boost|p1a: joey salami|atk|1
|
|upkeep
|inactive|umbry ✿ has 270 seconds left.
|
|t:|1659455625
|switch|p2a: Amoonguss|Amoonguss, M|90/100
|turn|16
|
|t:|1659455634
|move|p1a: joey salami|Outrage|p2a: Amoonguss|[from]lockedmove
|-crit|p2a: Amoonguss
|-damage|p2a: Amoonguss|0 fnt
|faint|p2a: Amoonguss
|-ability|p1a: joey salami|Moxie|boost
|-boost|p1a: joey salami|atk|1
|-start|p1a: joey salami|confusion|[fatigue]
|
|upkeep
|c|☆umbry ✿|gg
|inactive|umbry ✿ has 270 seconds left.
|-message|umbry ✿ forfeited.
|
|win|Adaam
