|inactive|Battle timer is ON: inactive players will automatically lose when time's up.
|t:|1659836357
|gametype|singles
|player|p1|eden|ethan|
|player|p2|udongirl|#bltviiiturtwigs|
|teamsize|p1|6
|teamsize|p2|6
|gen|8
|tier|[Gen 8] UU
|rule|Sleep Clause Mod: Limit one foe put to sleep
|rule|Species Clause: Limit one of each Pokémon
|rule|OHKO Clause: OHKO moves are banned
|rule|Evasion Moves Clause: Evasion moves are banned
|rule|Endless Battle Clause: Forcing endless battles is banned
|rule|HP Percentage Mod: HP is shown in percentages
|rule|Dynamax Clause: You cannot dynamax
|clearpoke
|poke|p1|Thundurus-Therian, M|
|poke|p1|Cobalion|
|poke|p1|Zygarde-10%|
|poke|p1|Rotom-Wash|
|poke|p1|Nihilego|
|poke|p1|Tangrowth, M|
|poke|p2|Jirachi|
|poke|p2|Hydreigon, F|
|poke|p2|Primarina, F|
|poke|p2|Nidoqueen, F|
|poke|p2|Tangrowth, M|
|poke|p2|Conkeldurr, M|
|teampreview
|c|☆eden|hf
|c|☆udongirl|hf
|inactive|eden has 270 seconds left.
|inactive|udongirl has 270 seconds left.
|inactive|eden has 240 seconds left.
|inactive|udongirl has 240 seconds left.
|c|+pokemonisfun|gl udon
|inactive|eden has 210 seconds left.
|inactive|udongirl has 210 seconds left.
|inactive|eden has 180 seconds left.
|
|t:|1659836494
|start
|switch|p1a: Rotom|Rotom-Wash|100/100
|switch|p2a: Jirachi|Jirachi|100/100
|turn|1
|
|t:|1659836501
|move|p2a: Jirachi|U-turn|p1a: Rotom
|-damage|p1a: Rotom|80/100
|
|t:|1659836504
|switch|p2a: Hydreigon|Hydreigon, F|100/100|[from]move: U-turn
|move|p1a: Rotom|Will-O-Wisp|p2a: Hydreigon|[miss]
|-miss|p1a: Rotom|p2a: Hydreigon
|
|-heal|p1a: Rotom|87/100|[from] item: Leftovers
|upkeep
|turn|2
|inactive|eden has 240 seconds left.
|inactive|eden has 210 seconds left.
|
|t:|1659836547
|switch|p1a: Tangrowth|Tangrowth, M|100/100
|move|p2a: Hydreigon|Draco Meteor|p1a: Tangrowth
|-damage|p1a: Tangrowth|25/100
|-unboost|p2a: Hydreigon|spa|2
|
|upkeep
|turn|3
|inactive|eden has 210 seconds left.
|inactive|eden has 180 seconds left.
|
|t:|1659836588
|switch|p2a: Nidoqueen|Nidoqueen, F|100/100
|switch|p1a: Nihilego|Nihilego|100/100
|
|upkeep
|turn|4
|inactive|eden has 180 seconds left.
|
|t:|1659836619
|move|p1a: Nihilego|Knock Off|p2a: Nidoqueen
|-damage|p2a: Nidoqueen|87/100
|-enditem|p2a: Nidoqueen|Life Orb|[from] move: Knock Off|[of] p1a: Nihilego
|move|p2a: Nidoqueen|Stealth Rock|p1a: Nihilego
|-sidestart|p1: eden|move: Stealth Rock
|
|upkeep
|turn|5
|
|t:|1659836627
|move|p1a: Nihilego|Stealth Rock|p2a: Nidoqueen
|-sidestart|p2: udongirl|move: Stealth Rock
|move|p2a: Nidoqueen|Sludge Wave|p1a: Nihilego
|-resisted|p1a: Nihilego
|-damage|p1a: Nihilego|92/100
|
|-heal|p1a: Nihilego|98/100|[from] item: Black Sludge
|upkeep
|turn|6
|inactive|eden has 150 seconds left.
|
|t:|1659836672
|move|p1a: Nihilego|Sludge Bomb|p2a: Nidoqueen
|-resisted|p2a: Nidoqueen
|-damage|p2a: Nidoqueen|75/100
|move|p2a: Nidoqueen|Sludge Wave|p1a: Nihilego
|-resisted|p1a: Nihilego
|-damage|p1a: Nihilego|88/100
|
|-heal|p1a: Nihilego|94/100|[from] item: Black Sludge
|upkeep
|turn|7
|inactive|eden has 120 seconds left.
|
|t:|1659836698
|switch|p1a: Rotom|Rotom-Wash|87/100
|-damage|p1a: Rotom|74/100|[from] Stealth Rock
|move|p2a: Nidoqueen|Sludge Wave|p1a: Rotom
|-damage|p1a: Rotom|25/100
|
|-heal|p1a: Rotom|31/100|[from] item: Leftovers
|upkeep
|turn|8
|inactive|eden has 120 seconds left.
|
|t:|1659836716
|switch|p2a: Hydreigon|Hydreigon, F|100/100
|-damage|p2a: Hydreigon|88/100|[from] Stealth Rock
|move|p1a: Rotom|Pain Split|p2a: Hydreigon
|-sethp|p2a: Hydreigon|58/100|[from] move: Pain Split|[silent]
|-sethp|p1a: Rotom|62/100|[from] move: Pain Split
|
|-heal|p1a: Rotom|69/100|[from] item: Leftovers
|upkeep
|turn|9
|inactive|eden has 90 seconds left.
|
|t:|1659836755
|switch|p1a: Nihilego|Nihilego|94/100
|-damage|p1a: Nihilego|82/100|[from] Stealth Rock
|move|p2a: Hydreigon|Draco Meteor|p1a: Nihilego
|-damage|p1a: Nihilego|1/100
|-unboost|p2a: Hydreigon|spa|2
|
|-heal|p1a: Nihilego|7/100|[from] item: Black Sludge
|upkeep
|turn|10
|inactive|eden has 90 seconds left.
|c|+pokemonisfun|udon udon shes not a noodle, udon udon her teams are brutal
|inactive|eden has 60 seconds left.
|
|t:|1659836791
|switch|p1a: Zygarde|Zygarde-10%|100/100
|-damage|p1a: Zygarde|94/100|[from] Stealth Rock
|-ability|p1a: Zygarde|Aura Break
|switch|p2a: Nidoqueen|Nidoqueen, F|75/100
|-damage|p2a: Nidoqueen|69/100|[from] Stealth Rock
|
|upkeep
|turn|11
|inactive|eden has 60 seconds left.
|
|t:|1659836802
|switch|p2a: Tangrowth|Tangrowth, M|100/100
|-damage|p2a: Tangrowth|88/100|[from] Stealth Rock
|move|p1a: Zygarde|Outrage|p2a: Tangrowth
|-damage|p2a: Tangrowth|30/100
|
|upkeep
|turn|12
|
|t:|1659836806
|switch|p2a: Primarina|Primarina, F|100/100
|move|p1a: Zygarde|Outrage|p2a: Primarina|[from]lockedmove
|-immune|p2a: Primarina
|
|upkeep
|turn|13
|inactive|eden has 60 seconds left.
|
|t:|1659836846
|switch|p1a: Nihilego|Nihilego|7/100
|-damage|p1a: Nihilego|0 fnt|[from] Stealth Rock
|faint|p1a: Nihilego
|move|p2a: Primarina|Moonblast|p1: Nihilego|[notarget]
|-fail|p2a: Primarina
|
|upkeep
|
|t:|1659836848
|switch|p1a: midgar blues|Thundurus-Therian, M|100/100
|turn|14
|inactive|udongirl has 270 seconds left.
|inactive|eden has 30 seconds left.
|inactive|eden has 20 seconds left.
|
|t:|1659836899
|switch|p2a: Tangrowth|Tangrowth, M|63/100
|-damage|p2a: Tangrowth|51/100|[from] Stealth Rock
|move|p1a: midgar blues|Volt Switch|p2a: Tangrowth
|-resisted|p2a: Tangrowth
|-damage|p2a: Tangrowth|38/100
|inactive|eden has 25 seconds left this turn.
|inactive|eden has 20 seconds left.
|
|t:|1659836906
|switch|p1a: Cobalion|Cobalion|100/100|[from]move: Volt Switch
|-damage|p1a: Cobalion|97/100|[from] Stealth Rock
|
|upkeep
|turn|15
|inactive|eden has 30 seconds left this turn.
|inactive|eden has 20 seconds left.
|
|t:|1659836917
|switch|p1a: Zygarde|Zygarde-10%|94/100
|-damage|p1a: Zygarde|88/100|[from] Stealth Rock
|-ability|p1a: Zygarde|Aura Break
|switch|p2a: Conkeldurr|Conkeldurr, M|100/100
|-damage|p2a: Conkeldurr|95/100|[from] Stealth Rock
|
|-status|p2a: Conkeldurr|brn|[from] item: Flame Orb
|upkeep
|turn|16
|inactive|eden has 30 seconds left this turn.
|inactive|eden has 20 seconds left.
|
|t:|1659836930
|move|p1a: Zygarde|Thousand Arrows|p2a: Conkeldurr
|-damage|p2a: Conkeldurr|44/100 brn
|move|p2a: Conkeldurr|Drain Punch|p1a: Zygarde
|-damage|p1a: Zygarde|0 fnt
|-heal|p2a: Conkeldurr|75/100 brn|[from] drain|[of] p1a: Zygarde
|faint|p1a: Zygarde
|
|-damage|p2a: Conkeldurr|69/100 brn|[from] brn
|upkeep
|inactive|eden has 25 seconds left this turn.
|inactive|eden has 20 seconds left.
|inactive|eden has 15 seconds left.
|
|t:|1659836942
|switch|p1a: midgar blues|Thundurus-Therian, M|100/100
|turn|17
|inactive|eden has 25 seconds left this turn.
|
|t:|1659836949
|switch|p2a: Tangrowth|Tangrowth, M|71/100
|-damage|p2a: Tangrowth|59/100|[from] Stealth Rock
|move|p1a: midgar blues|Volt Switch|p2a: Tangrowth
|-resisted|p2a: Tangrowth
|-damage|p2a: Tangrowth|46/100
|inactive|eden has 30 seconds left this turn.
|
|t:|1659836958
|switch|p1a: Cobalion|Cobalion|97/100|[from]move: Volt Switch
|-damage|p1a: Cobalion|94/100|[from] Stealth Rock
|
|upkeep
|turn|18
|inactive|udongirl has 270 seconds left.
|inactive|udongirl has 240 seconds left.
|
|t:|1659837038
|switch|p2a: Primarina|Primarina, F|100/100
|move|p1a: Cobalion|Swords Dance|p1a: Cobalion
|-boost|p1a: Cobalion|atk|2
|
|upkeep
|turn|19
|inactive|eden has 30 seconds left.
|inactive|eden has 20 seconds left.
|
|t:|1659837066
|move|p1a: Cobalion|Stone Edge|p2a: Primarina
|-damage|p2a: Primarina|40/100
|move|p2a: Primarina|Scald|p1a: Cobalion
|-damage|p1a: Cobalion|37/100
|
|upkeep
|turn|20
|inactive|eden has 30 seconds left this turn.
|inactive|eden has 20 seconds left.
|
|t:|1659837077
|move|p1a: Cobalion|Close Combat|p2a: Primarina
|-resisted|p2a: Primarina
|-crit|p2a: Primarina
|-damage|p2a: Primarina|0 fnt
|-unboost|p1a: Cobalion|def|1
|-unboost|p1a: Cobalion|spd|1
|faint|p2a: Primarina
|
|upkeep
|inactive|eden has 25 seconds left this turn.
|
|t:|1659837088
|switch|p2a: Jirachi|Jirachi|100/100
|-damage|p2a: Jirachi|94/100|[from] Stealth Rock
|turn|21
|inactive|eden has 30 seconds left.
|inactive|eden has 20 seconds left.
|
|t:|1659837106
|move|p2a: Jirachi|Fire Punch|p1a: Cobalion
|-supereffective|p1a: Cobalion
|-damage|p1a: Cobalion|0 fnt
|faint|p1a: Cobalion
|
|upkeep
|inactive|eden has 25 seconds left this turn.
|
|t:|1659837108
|switch|p1a: midgar blues|Thundurus-Therian, M|100/100
|turn|22
|inactive|eden has 30 seconds left.
|inactive|udongirl has 240 seconds left.
|inactive|eden has 20 seconds left.
|
|t:|1659837138
|move|p2a: Jirachi|Fire Punch|p1a: midgar blues
|-damage|p1a: midgar blues|68/100
|move|p1a: midgar blues|Incinerate|p2a: Jirachi
|-supereffective|p2a: Jirachi
|-damage|p2a: Jirachi|49/100
|
|upkeep
|turn|23
|inactive|eden has 30 seconds left this turn.
|inactive|eden has 20 seconds left.
|inactive|eden has 15 seconds left.
|
|t:|1659837153
|move|p2a: Jirachi|Fire Punch|p1a: midgar blues
|-damage|p1a: midgar blues|34/100
|move|p1a: midgar blues|Incinerate|p2a: Jirachi
|-supereffective|p2a: Jirachi
|-damage|p2a: Jirachi|3/100
|
|upkeep
|turn|24
|inactive|eden has 25 seconds left this turn.
|
|t:|1659837156
|switch|p1a: Rotom|Rotom-Wash|69/100
|-damage|p1a: Rotom|56/100|[from] Stealth Rock
|move|p2a: Jirachi|Fire Punch|p1a: Rotom
|-resisted|p1a: Rotom
|-damage|p1a: Rotom|45/100
|
|-heal|p1a: Rotom|51/100|[from] item: Leftovers
|upkeep
|turn|25
|inactive|eden has 30 seconds left.
|
|t:|1659837162
|move|p2a: Jirachi|Fire Punch|p1a: Rotom
|-resisted|p1a: Rotom
|-crit|p1a: Rotom
|-damage|p1a: Rotom|34/100
|move|p1a: Rotom|Volt Switch|p2a: Jirachi
|-damage|p2a: Jirachi|0 fnt
|faint|p2a: Jirachi
|
|t:|1659837167
|switch|p1a: midgar blues|Thundurus-Therian, M|34/100|[from]move: Volt Switch
|
|upkeep
|
|t:|1659837171
|switch|p2a: Tangrowth|Tangrowth, M|79/100
|-damage|p2a: Tangrowth|67/100|[from] Stealth Rock
|turn|26
|
|t:|1659837175
|switch|p1a: Tangrowth|Tangrowth, M|58/100
|-damage|p1a: Tangrowth|46/100|[from] Stealth Rock
|move|p2a: Tangrowth|Sludge Bomb|p1a: Tangrowth
|-supereffective|p1a: Tangrowth
|-damage|p1a: Tangrowth|12/100
|
|upkeep
|turn|27
|c|☆eden|gg
|
|t:|1659837190
|switch|p2a: Nidoqueen|Nidoqueen, F|69/100
|-damage|p2a: Nidoqueen|63/100|[from] Stealth Rock
|move|p1a: Tangrowth|Sludge Bomb|p2a: Nidoqueen
|-resisted|p2a: Nidoqueen
|-damage|p2a: Nidoqueen|57/100
|
|upkeep
|turn|28
|c|☆udongirl|gg
|inactive|eden has 60 seconds left.
|
|t:|1659837201
|move|p2a: Nidoqueen|Sludge Wave|p1a: Tangrowth
|-supereffective|p1a: Tangrowth
|-damage|p1a: Tangrowth|0 fnt
|faint|p1a: Tangrowth
|
|upkeep
|inactive|eden has 60 seconds left.
|
|t:|1659837208
|switch|p1a: Rotom|Rotom-Wash|34/100
|-damage|p1a: Rotom|21/100|[from] Stealth Rock
|turn|29
|
|t:|1659837216
|move|p1a: Rotom|Pain Split|p2a: Nidoqueen
|-sethp|p2a: Nidoqueen|38/100|[from] move: Pain Split|[silent]
|-sethp|p1a: Rotom|44/100|[from] move: Pain Split
|move|p2a: Nidoqueen|Sludge Wave|p1a: Rotom
|-damage|p1a: Rotom|0 fnt
|faint|p1a: Rotom
|
|upkeep
|
|t:|1659837218
|switch|p1a: midgar blues|Thundurus-Therian, M|34/100
|turn|30
|
|t:|1659837221
|move|p1a: midgar blues|Grass Knot|p2a: Nidoqueen
|-damage|p2a: Nidoqueen|4/100
|move|p2a: Nidoqueen|Sludge Wave|p1a: midgar blues
|-damage|p1a: midgar blues|0 fnt
|faint|p1a: midgar blues
|
|win|udongirl
