|inactive|Battle timer is ON: inactive players will automatically lose when time's up.
|t:|1663545980
|gametype|singles
|player|p1|Permission Slip|clerkf|
|player|p2|suloxiv 愛|erika-masters|
|teamsize|p1|6
|teamsize|p2|6
|gen|8
|tier|[Gen 8] UU
|rule|Sleep Clause Mod: Limit one foe put to sleep
|rule|Species Clause: Limit one of each Pokémon
|rule|OHKO Clause: OHKO moves are banned
|rule|Evasion Items Clause: Evasion items are banned
|rule|Evasion Moves Clause: Evasion moves are banned
|rule|Endless Battle Clause: Forcing endless battles is banned
|rule|HP Percentage Mod: HP is shown in percentages
|rule|Dynamax Clause: You cannot dynamax
|clearpoke
|poke|p1|Primarina, M|
|poke|p1|Chansey, F|
|poke|p1|Tangrowth, M|
|poke|p1|Nidoqueen, F|
|poke|p1|Salamence, M|
|poke|p1|Jirachi|
|poke|p2|Skarmory, M|
|poke|p2|Hydreigon, F|
|poke|p2|Amoonguss, F|
|poke|p2|Hippowdon, F|
|poke|p2|Keldeo-Resolute|
|poke|p2|Chansey, F|
|teampreview
|c|☆Permission Slip|hf
|c|☆suloxiv 愛|u2
|
|t:|1663546000
|start
|switch|p1a: Jirachi|Jirachi|100/100
|switch|p2a: Chansey|Chansey, F|100/100
|turn|1
|
|t:|1663546012
|move|p1a: Jirachi|U-turn|p2a: Chansey
|-damage|p2a: Chansey|88/100
|
|t:|1663546015
|switch|p1a: Chansey|Chansey, F|100/100|[from]move: U-turn
|move|p2a: Chansey|Teleport|p2a: Chansey
|
|t:|1663546018
|switch|p2a: Keldeo|Keldeo-Resolute|100/100|[from]move: Teleport
|
|upkeep
|turn|2
|
|t:|1663546028
|move|p2a: Keldeo|Secret Sword|p1a: Chansey
|-supereffective|p1a: Chansey
|-damage|p1a: Chansey|8/100
|move|p1a: Chansey|Thunder Wave|p2a: Keldeo|[miss]
|-miss|p1a: Chansey|p2a: Keldeo
|
|upkeep
|turn|3
|c|☆Permission Slip|o cringe
|c|☆suloxiv 愛|im sorry
|
|t:|1663546038
|switch|p1a: Salamence|Salamence, M|100/100
|-ability|p1a: Salamence|Intimidate|boost
|-unboost|p2a: Keldeo|atk|1
|move|p2a: Keldeo|Secret Sword|p1a: Salamence
|-resisted|p1a: Salamence
|-damage|p1a: Salamence|59/100
|
|upkeep
|turn|4
|c|☆Permission Slip|all good
|
|t:|1663546053
|switch|p2a: Chansey|Chansey, F|88/100
|move|p1a: Salamence|Roost|p1a: Salamence
|-heal|p1a: Salamence|100/100
|-singleturn|p1a: Salamence|move: Roost
|
|upkeep
|turn|5
|
|t:|1663546059
|switch|p1a: Tangrowth|Tangrowth, M|100/100
|move|p2a: Chansey|Toxic|p1a: Tangrowth|[miss]
|-miss|p2a: Chansey|p1a: Tangrowth
|
|upkeep
|turn|6
|
|t:|1663546065
|switch|p2a: Amoonguss|Amoonguss, F|100/100
|move|p1a: Tangrowth|Knock Off|p2a: Amoonguss
|-damage|p2a: Amoonguss|83/100
|-damage|p1a: Tangrowth|84/100|[from] item: Rocky Helmet|[of] p2a: Amoonguss
|-enditem|p2a: Amoonguss|Rocky Helmet|[from] move: Knock Off|[of] p1a: Tangrowth
|
|upkeep
|turn|7
|
|t:|1663546072
|switch|p1a: Chansey|Chansey, F|8/100
|move|p2a: Amoonguss|Spore|p1a: Chansey
|-status|p1a: Chansey|slp|[from] move: Spore
|
|upkeep
|turn|8
|
|t:|1663546076
|cant|p1a: Chansey|slp
|move|p2a: Amoonguss|Seed Bomb|p1a: Chansey
|-damage|p1a: Chansey|0 fnt
|faint|p1a: Chansey
|
|upkeep
|
|t:|1663546085
|switch|p1a: Nidoqueen|Nidoqueen, F|100/100
|turn|9
|
|t:|1663546092
|switch|p2a: Chansey|Chansey, F|88/100
|move|p1a: Nidoqueen|Stealth Rock|p2a: Chansey
|-sidestart|p2: suloxiv 愛|move: Stealth Rock
|
|upkeep
|turn|10
|
|t:|1663546096
|switch|p1a: Jirachi|Jirachi|100/100
|move|p2a: Chansey|Teleport|p2a: Chansey
|
|t:|1663546098
|switch|p2a: Hippowdon|Hippowdon, F|100/100|[from]move: Teleport
|-damage|p2a: Hippowdon|94/100|[from] Stealth Rock
|-weather|Sandstorm|[from] ability: Sand Stream|[of] p2a: Hippowdon
|
|-weather|Sandstorm|[upkeep]
|-heal|p2a: Hippowdon|100/100|[from] item: Leftovers
|upkeep
|turn|11
|
|t:|1663546107
|move|p1a: Jirachi|Ice Punch|p2a: Hippowdon
|-supereffective|p2a: Hippowdon
|-damage|p2a: Hippowdon|75/100
|move|p2a: Hippowdon|Stealth Rock|p1a: Jirachi
|-sidestart|p1: Permission Slip|move: Stealth Rock
|
|-weather|Sandstorm|[upkeep]
|-heal|p2a: Hippowdon|81/100|[from] item: Leftovers
|upkeep
|turn|12
|
|t:|1663546115
|switch|p1a: Tangrowth|Tangrowth, M|100/100
|-damage|p1a: Tangrowth|88/100|[from] Stealth Rock
|move|p2a: Hippowdon|Earthquake|p1a: Tangrowth
|-resisted|p1a: Tangrowth
|-damage|p1a: Tangrowth|78/100
|
|-weather|Sandstorm|[upkeep]
|-damage|p1a: Tangrowth|72/100|[from] Sandstorm
|-heal|p2a: Hippowdon|88/100|[from] item: Leftovers
|upkeep
|turn|13
|
|t:|1663546123
|switch|p2a: Amoonguss|Amoonguss, F|100/100
|-damage|p2a: Amoonguss|88/100|[from] Stealth Rock
|move|p1a: Tangrowth|Power Whip|p2a: Amoonguss
|-resisted|p2a: Amoonguss
|-damage|p2a: Amoonguss|81/100
|
|-weather|Sandstorm|[upkeep]
|-damage|p1a: Tangrowth|65/100|[from] Sandstorm
|-damage|p2a: Amoonguss|75/100|[from] Sandstorm
|upkeep
|turn|14
|
|t:|1663546130
|move|p1a: Tangrowth|Sludge Bomb|p2a: Amoonguss
|-damage|p2a: Amoonguss|53/100
|move|p2a: Amoonguss|Spore|p1a: Tangrowth
|-immune|p1a: Tangrowth
|
|-weather|none
|upkeep
|turn|15
|
|t:|1663546132
|switch|p1a: Nidoqueen|Nidoqueen, F|100/100
|-damage|p1a: Nidoqueen|95/100|[from] Stealth Rock
|move|p2a: Amoonguss|Sludge Bomb|p1a: Nidoqueen
|-resisted|p1a: Nidoqueen
|-damage|p1a: Nidoqueen|87/100
|
|upkeep
|turn|16
|
|t:|1663546139
|switch|p1a: Tangrowth|Tangrowth, M|99/100
|-damage|p1a: Tangrowth|86/100|[from] Stealth Rock
|switch|p2a: Chansey|Chansey, F|88/100
|-damage|p2a: Chansey|75/100|[from] Stealth Rock
|
|upkeep
|turn|17
|
|t:|1663546148
|switch|p2a: Amoonguss|Amoonguss, F|87/100
|-damage|p2a: Amoonguss|74/100|[from] Stealth Rock
|switch|p1a: Salamence|Salamence, M|100/100
|-ability|p1a: Salamence|Intimidate|boost
|-unboost|p2a: Amoonguss|atk|1
|
|upkeep
|turn|18
|
|t:|1663546153
|move|p1a: Salamence|Hurricane|p2a: Amoonguss|[miss]
|-miss|p1a: Salamence|p2a: Amoonguss
|move|p2a: Amoonguss|Spore|p1a: Salamence
|-status|p1a: Salamence|slp|[from] move: Spore
|
|upkeep
|turn|19
|c|☆suloxiv 愛|im
|c|☆suloxiv 愛|really sorry
|c|☆Permission Slip|its a tragic day
|c|☆Permission Slip|all good 
|
|t:|1663546178
|switch|p1a: Jirachi|Jirachi|100/100
|-damage|p1a: Jirachi|94/100|[from] Stealth Rock
|switch|p2a: Chansey|Chansey, F|75/100
|-damage|p2a: Chansey|63/100|[from] Stealth Rock
|
|upkeep
|turn|20
|
|t:|1663546188
|move|p1a: Jirachi|U-turn|p2a: Chansey
|-damage|p2a: Chansey|51/100
|
|t:|1663546191
|switch|p1a: Tangrowth|Tangrowth, M|100/100|[from]move: U-turn
|-damage|p1a: Tangrowth|88/100|[from] Stealth Rock
|move|p2a: Chansey|Soft-Boiled|p2a: Chansey
|-heal|p2a: Chansey|100/100
|
|upkeep
|turn|21
|
|t:|1663546194
|switch|p2a: Amoonguss|Amoonguss, F|100/100
|-damage|p2a: Amoonguss|88/100|[from] Stealth Rock
|move|p1a: Tangrowth|Knock Off|p2a: Amoonguss
|-damage|p2a: Amoonguss|77/100
|
|upkeep
|turn|22
|
|t:|1663546198
|switch|p1a: Jirachi|Jirachi|94/100
|-damage|p1a: Jirachi|88/100|[from] Stealth Rock
|move|p2a: Amoonguss|Sludge Bomb|p1a: Jirachi
|-immune|p1a: Jirachi
|
|upkeep
|turn|23
|
|t:|1663546204
|switch|p2a: Chansey|Chansey, F|100/100
|-damage|p2a: Chansey|88/100|[from] Stealth Rock
|move|p1a: Jirachi|Iron Head|p2a: Chansey
|-damage|p2a: Chansey|65/100
|
|upkeep
|turn|24
|
|t:|1663546211
|switch|p1a: Salamence|Salamence, M|100/100 slp
|-ability|p1a: Salamence|Intimidate|boost
|-unboost|p2a: Chansey|atk|1
|switch|p2a: Skarmory|Skarmory, M|100/100
|-damage|p2a: Skarmory|88/100|[from] Stealth Rock
|
|upkeep
|turn|25
|
|t:|1663546216
|switch|p2a: Chansey|Chansey, F|65/100
|-damage|p2a: Chansey|52/100|[from] Stealth Rock
|cant|p1a: Salamence|slp
|
|upkeep
|turn|26
|
|t:|1663546220
|cant|p1a: Salamence|slp
|move|p2a: Chansey|Soft-Boiled|p2a: Chansey
|-heal|p2a: Chansey|100/100
|
|upkeep
|turn|27
|
|t:|1663546225
|cant|p1a: Salamence|slp
|move|p2a: Chansey|Seismic Toss|p1a: Salamence
|-damage|p1a: Salamence|70/100 slp
|
|upkeep
|turn|28
|
|t:|1663546230
|-curestatus|p1a: Salamence|slp|[msg]
|move|p1a: Salamence|Defog|p2a: Chansey
|-unboost|p2a: Chansey|evasion|1
|-sideend|p2: suloxiv 愛|Stealth Rock|[from] move: Defog|[of] p1a: Salamence
|-sideend|p1: Permission Slip|Stealth Rock|[from] move: Defog|[of] p1a: Salamence
|move|p2a: Chansey|Toxic|p1a: Salamence|[miss]
|-miss|p2a: Chansey|p1a: Salamence
|
|upkeep
|turn|29
|
|t:|1663546237
|switch|p1a: Nidoqueen|Nidoqueen, F|87/100
|move|p2a: Chansey|Teleport|p2a: Chansey
|
|t:|1663546240
|switch|p2a: Keldeo|Keldeo-Resolute|100/100|[from]move: Teleport
|
|upkeep
|turn|30
|
|t:|1663546249
|switch|p1a: Primarina|Primarina, M|100/100
|move|p2a: Keldeo|Scald|p1a: Primarina
|-resisted|p1a: Primarina
|-crit|p1a: Primarina
|-damage|p1a: Primarina|56/100
|
|upkeep
|turn|31
|
|t:|1663546256
|switch|p2a: Chansey|Chansey, F|100/100
|switch|p1a: Tangrowth|Tangrowth, M|100/100
|
|upkeep
|turn|32
|
|t:|1663546262
|switch|p2a: Amoonguss|Amoonguss, F|100/100
|switch|p1a: Nidoqueen|Nidoqueen, F|87/100
|
|upkeep
|turn|33
|
|t:|1663546268
|switch|p2a: Chansey|Chansey, F|100/100
|move|p1a: Nidoqueen|Fire Blast|p2a: Chansey
|-damage|p2a: Chansey|86/100
|
|upkeep
|turn|34
|
|t:|1663546270
|move|p1a: Nidoqueen|Stealth Rock|p2a: Chansey
|-sidestart|p2: suloxiv 愛|move: Stealth Rock
|move|p2a: Chansey|Teleport|p2a: Chansey
|
|t:|1663546272
|switch|p2a: Hippowdon|Hippowdon, F|88/100|[from]move: Teleport
|-damage|p2a: Hippowdon|81/100|[from] Stealth Rock
|-weather|Sandstorm|[from] ability: Sand Stream|[of] p2a: Hippowdon
|
|-weather|Sandstorm|[upkeep]
|-heal|p2a: Hippowdon|88/100|[from] item: Leftovers
|upkeep
|turn|35
|
|t:|1663546277
|move|p1a: Nidoqueen|Earth Power|p2a: Hippowdon
|-damage|p2a: Hippowdon|35/100
|move|p2a: Hippowdon|Slack Off|p2a: Hippowdon
|-heal|p2a: Hippowdon|85/100
|
|-weather|Sandstorm|[upkeep]
|-heal|p2a: Hippowdon|91/100|[from] item: Leftovers
|upkeep
|turn|36
|
|t:|1663546286
|switch|p1a: Tangrowth|Tangrowth, M|100/100
|switch|p2a: Chansey|Chansey, F|86/100
|-damage|p2a: Chansey|74/100|[from] Stealth Rock
|
|-weather|Sandstorm|[upkeep]
|-damage|p2a: Chansey|68/100|[from] Sandstorm
|-damage|p1a: Tangrowth|94/100|[from] Sandstorm
|upkeep
|turn|37
|
|t:|1663546293
|switch|p2a: Amoonguss|Amoonguss, F|100/100
|-damage|p2a: Amoonguss|88/100|[from] Stealth Rock
|switch|p1a: Salamence|Salamence, M|70/100
|-ability|p1a: Salamence|Intimidate|boost
|-unboost|p2a: Amoonguss|atk|1
|
|-weather|Sandstorm|[upkeep]
|-damage|p1a: Salamence|64/100|[from] Sandstorm
|-damage|p2a: Amoonguss|82/100|[from] Sandstorm
|upkeep
|turn|38
|
|t:|1663546303
|switch|p2a: Chansey|Chansey, F|68/100
|-damage|p2a: Chansey|55/100|[from] Stealth Rock
|move|p1a: Salamence|Hurricane|p2a: Chansey
|-crit|p2a: Chansey
|-damage|p2a: Chansey|30/100
|
|-weather|none
|upkeep
|turn|39
|
|t:|1663546309
|switch|p1a: Tangrowth|Tangrowth, M|100/100
|move|p2a: Chansey|Soft-Boiled|p2a: Chansey
|-heal|p2a: Chansey|80/100
|
|upkeep
|turn|40
|
|t:|1663546316
|switch|p2a: Amoonguss|Amoonguss, F|100/100
|-damage|p2a: Amoonguss|88/100|[from] Stealth Rock
|move|p1a: Tangrowth|Sludge Bomb|p2a: Amoonguss
|-damage|p2a: Amoonguss|67/100
|
|upkeep
|turn|41
|
|t:|1663546327
|switch|p1a: Nidoqueen|Nidoqueen, F|87/100
|move|p2a: Amoonguss|Spore|p1a: Nidoqueen
|-status|p1a: Nidoqueen|slp|[from] move: Spore
|
|upkeep
|turn|42
|
|t:|1663546332
|switch|p1a: Primarina|Primarina, M|56/100
|switch|p2a: Keldeo|Keldeo-Resolute|100/100
|-damage|p2a: Keldeo|94/100|[from] Stealth Rock
|
|upkeep
|turn|43
|
|t:|1663546336
|switch|p2a: Amoonguss|Amoonguss, F|100/100
|-damage|p2a: Amoonguss|88/100|[from] Stealth Rock
|move|p1a: Primarina|Moonblast|p2a: Amoonguss
|-resisted|p2a: Amoonguss
|-damage|p2a: Amoonguss|51/100
|
|upkeep
|turn|44
|
|t:|1663546346
|switch|p1a: Jirachi|Jirachi|88/100
|move|p2a: Amoonguss|Seed Bomb|p1a: Jirachi
|-resisted|p1a: Jirachi
|-damage|p1a: Jirachi|79/100
|
|upkeep
|turn|45
|
|t:|1663546353
|switch|p2a: Skarmory|Skarmory, M|88/100
|-damage|p2a: Skarmory|76/100|[from] Stealth Rock
|move|p1a: Jirachi|U-turn|p2a: Skarmory
|-resisted|p2a: Skarmory
|-damage|p2a: Skarmory|73/100
|-damage|p1a: Jirachi|62/100|[from] item: Rocky Helmet|[of] p2a: Skarmory
|
|t:|1663546357
|switch|p1a: Primarina|Primarina, M|56/100|[from]move: U-turn
|
|upkeep
|turn|46
|
|t:|1663546360
|switch|p2a: Chansey|Chansey, F|80/100
|-damage|p2a: Chansey|68/100|[from] Stealth Rock
|move|p1a: Primarina|Hydro Pump|p2a: Chansey
|-damage|p2a: Chansey|38/100
|
|upkeep
|turn|47
|
|t:|1663546365
|move|p1a: Primarina|Hydro Pump|p2a: Chansey
|-damage|p2a: Chansey|7/100
|move|p2a: Chansey|Soft-Boiled|p2a: Chansey
|-heal|p2a: Chansey|57/100
|
|upkeep
|turn|48
|
|t:|1663546367
|switch|p1a: Jirachi|Jirachi|62/100
|move|p2a: Chansey|Soft-Boiled|p2a: Chansey
|-heal|p2a: Chansey|100/100
|
|upkeep
|turn|49
|
|t:|1663546371
|switch|p1a: Tangrowth|Tangrowth, M|100/100
|switch|p2a: Amoonguss|Amoonguss, F|85/100
|-damage|p2a: Amoonguss|72/100|[from] Stealth Rock
|
|upkeep
|turn|50
|
|t:|1663546376
|switch|p1a: Jirachi|Jirachi|62/100
|switch|p2a: Hippowdon|Hippowdon, F|91/100
|-damage|p2a: Hippowdon|85/100|[from] Stealth Rock
|-weather|Sandstorm|[from] ability: Sand Stream|[of] p2a: Hippowdon
|
|-weather|Sandstorm|[upkeep]
|-heal|p2a: Hippowdon|91/100|[from] item: Leftovers
|upkeep
|turn|51
|
|t:|1663546380
|move|p1a: Jirachi|Ice Punch|p2a: Hippowdon
|-supereffective|p2a: Hippowdon
|-damage|p2a: Hippowdon|61/100
|move|p2a: Hippowdon|Earthquake|p1a: Jirachi
|-supereffective|p1a: Jirachi
|-damage|p1a: Jirachi|0 fnt
|faint|p1a: Jirachi
|
|-weather|Sandstorm|[upkeep]
|-heal|p2a: Hippowdon|68/100|[from] item: Leftovers
|upkeep
|
|t:|1663546385
|switch|p1a: Primarina|Primarina, M|56/100
|turn|52
|
|t:|1663546390
|switch|p2a: Chansey|Chansey, F|100/100
|-damage|p2a: Chansey|88/100|[from] Stealth Rock
|move|p1a: Primarina|Hydro Pump|p2a: Chansey
|-damage|p2a: Chansey|57/100
|
|-weather|Sandstorm|[upkeep]
|-damage|p1a: Primarina|50/100|[from] Sandstorm
|-damage|p2a: Chansey|51/100|[from] Sandstorm
|upkeep
|turn|53
|
|t:|1663546395
|switch|p1a: Tangrowth|Tangrowth, M|100/100
|move|p2a: Chansey|Soft-Boiled|p2a: Chansey
|-heal|p2a: Chansey|100/100
|
|-weather|Sandstorm|[upkeep]
|-damage|p2a: Chansey|94/100|[from] Sandstorm
|-damage|p1a: Tangrowth|94/100|[from] Sandstorm
|upkeep
|turn|54
|
|t:|1663546399
|switch|p2a: Amoonguss|Amoonguss, F|100/100
|-damage|p2a: Amoonguss|88/100|[from] Stealth Rock
|move|p1a: Tangrowth|Knock Off|p2a: Amoonguss
|-crit|p2a: Amoonguss
|-damage|p2a: Amoonguss|71/100
|
|-weather|none
|upkeep
|turn|55
|
|t:|1663546404
|switch|p1a: Nidoqueen|Nidoqueen, F|87/100 slp
|move|p2a: Amoonguss|Seed Bomb|p1a: Nidoqueen
|-damage|p1a: Nidoqueen|63/100 slp
|
|upkeep
|turn|56
|
|t:|1663546408
|switch|p2a: Keldeo|Keldeo-Resolute|94/100
|-damage|p2a: Keldeo|88/100|[from] Stealth Rock
|cant|p1a: Nidoqueen|slp
|
|upkeep
|turn|57
|c|☆Permission Slip|ya im p sure this game is just over lol
|c|☆Permission Slip|gg
|-message|Permission Slip forfeited.
|
|win|suloxiv 愛
|c|☆suloxiv 愛|gg
|player|p2|suloxiv 愛|erika-masters
