|inactive|Battle timer is ON: inactive players will automatically lose when time's up.
|t:|1664660624
|gametype|singles
|player|p1|KM|#scl2foxes|
|player|p2|Luthier|#luthier|
|teamsize|p1|6
|teamsize|p2|6
|gen|8
|tier|[Gen 8] UU
|rule|Sleep Clause Mod: Limit one foe put to sleep
|rule|Species Clause: Limit one of each Pokémon
|rule|OHKO Clause: OHKO moves are banned
|rule|Evasion Items Clause: Evasion items are banned
|rule|Evasion Moves Clause: Evasion moves are banned
|rule|Endless Battle Clause: Forcing endless battles is banned
|rule|HP Percentage Mod: HP is shown in percentages
|rule|Dynamax Clause: You cannot dynamax
|clearpoke
|poke|p1|Conkeldurr, F|
|poke|p1|Tangrowth, M|
|poke|p1|Diggersby, M|
|poke|p1|Nihilego|
|poke|p1|Rotom-Wash|
|poke|p1|Scizor, F|
|poke|p2|Necrozma|
|poke|p2|Krookodile, F|
|poke|p2|Rotom-Wash|
|poke|p2|Registeel|
|poke|p2|Tapu Bulu|
|poke|p2|Salamence, M|
|teampreview
|c|☆KM|hf gl
|c|☆Luthier|hf
|c|+ASKOV|gl
|c|+hariyana grande|u2
|inactive|KM has 270 seconds left.
|inactive|Luthier has 270 seconds left.
|c|+mncmt|let him win 
|
|t:|1664660661
|start
|switch|p1a: Nihilego|Nihilego|100/100
|switch|p2a: Rotom|Rotom-Wash|100/100
|turn|1
|c|+mncmt|so mannat puts him to play
|
|t:|1664660670
|move|p1a: Nihilego|Protect|p1a: Nihilego
|-singleturn|p1a: Nihilego|Protect
|move|p2a: Rotom|Will-O-Wisp|p1a: Nihilego
|-activate|p1a: Nihilego|move: Protect
|
|upkeep
|turn|2
|c|☆KM|no need to let me win
|c|☆KM|i will like
|
|t:|1664660677
|move|p1a: Nihilego|Stealth Rock|p2a: Rotom
|-sidestart|p2: Luthier|move: Stealth Rock
|move|p2a: Rotom|Hydro Pump|p1a: Nihilego
|-supereffective|p1a: Nihilego
|-damage|p1a: Nihilego|39/100
|
|-heal|p1a: Nihilego|45/100|[from] item: Black Sludge
|upkeep
|turn|3
|c|+mncmt|he'll save their uu slot
|
|t:|1664660681
|move|p1a: Nihilego|Protect|p1a: Nihilego
|-singleturn|p1a: Nihilego|Protect
|move|p2a: Rotom|Hydro Pump|p1a: Nihilego
|-activate|p1a: Nihilego|move: Protect
|
|-heal|p1a: Nihilego|51/100|[from] item: Black Sludge
|upkeep
|turn|4
|
|t:|1664660686
|switch|p1a: Conkeldurr|Conkeldurr, F|100/100
|move|p2a: Rotom|Volt Switch|p1a: Conkeldurr
|-damage|p1a: Conkeldurr|68/100
|c|+mncmt|idk
|
|t:|1664660699
|switch|p2a: Salamence|Salamence, M|100/100|[from]move: Volt Switch
|-ability|p2a: Salamence|Intimidate|boost
|-unboost|p1a: Conkeldurr|atk|1
|
|upkeep
|turn|5
|c|+mncmt|after these last couple turns..
|
|t:|1664660705
|switch|p2a: Rotom|Rotom-Wash|100/100
|-damage|p2a: Rotom|88/100|[from] Stealth Rock
|move|p1a: Conkeldurr|Ice Punch|p2a: Rotom
|-resisted|p2a: Rotom
|-damage|p2a: Rotom|74/100
|
|-heal|p2a: Rotom|80/100|[from] item: Leftovers
|upkeep
|turn|6
|
|t:|1664660712
|switch|p1a: Tangrowth|Tangrowth, M|100/100
|move|p2a: Rotom|Volt Switch|p1a: Tangrowth
|-resisted|p1a: Tangrowth
|-damage|p1a: Tangrowth|92/100
|c|+Lopunny kicks|YASS GO KM
|inactive|Luthier has 270 seconds left.
|
|t:|1664660749
|switch|p2a: Salamence|Salamence, M|100/100|[from]move: Volt Switch
|-ability|p2a: Salamence|Intimidate|boost
|-unboost|p1a: Tangrowth|atk|1
|
|upkeep
|turn|7
|c|+mncmt|why are u using sheer force conk
|
|t:|1664660755
|move|p2a: Salamence|Defog|p1a: Tangrowth
|-unboost|p1a: Tangrowth|evasion|1
|-sideend|p2: Luthier|Stealth Rock|[from] move: Defog|[of] p2a: Salamence
|move|p1a: Tangrowth|Knock Off|p2a: Salamence
|-damage|p2a: Salamence|85/100
|-enditem|p2a: Salamence|Heavy-Duty Boots|[from] move: Knock Off|[of] p1a: Tangrowth
|
|upkeep
|turn|8
|
|t:|1664660759
|switch|p2a: Krookodile|Krookodile, F|100/100
|-ability|p2a: Krookodile|Intimidate|boost
|-unboost|p1a: Tangrowth|atk|1
|switch|p1a: Nihilego|Nihilego|51/100
|
|-heal|p1a: Nihilego|57/100|[from] item: Black Sludge
|upkeep
|turn|9
|
|t:|1664660766
|switch|p1a: Rotom|Rotom-Wash|100/100
|move|p2a: Krookodile|Knock Off|p1a: Rotom
|-damage|p1a: Rotom|55/100
|-enditem|p1a: Rotom|Leftovers|[from] move: Knock Off|[of] p2a: Krookodile
|
|upkeep
|turn|10
|
|t:|1664660769
|move|p2a: Krookodile|Stealth Rock|p1a: Rotom
|-sidestart|p1: KM|move: Stealth Rock
|move|p1a: Rotom|Will-O-Wisp|p2a: Krookodile
|-status|p2a: Krookodile|brn
|
|-damage|p2a: Krookodile|94/100 brn|[from] brn
|upkeep
|turn|11
|
|t:|1664660774
|move|p2a: Krookodile|Taunt|p1a: Rotom
|-start|p1a: Rotom|move: Taunt
|move|p1a: Rotom|Volt Switch|p2a: Krookodile
|-immune|p2a: Krookodile
|
|-heal|p2a: Krookodile|100/100 brn|[from] item: Leftovers
|-damage|p2a: Krookodile|94/100 brn|[from] brn
|upkeep
|turn|12
|
|t:|1664660778
|move|p2a: Krookodile|Knock Off|p1a: Rotom
|-damage|p1a: Rotom|40/100
|move|p1a: Rotom|Hydro Pump|p2a: Krookodile
|-supereffective|p2a: Krookodile
|-damage|p2a: Krookodile|0 fnt
|faint|p2a: Krookodile
|
|upkeep
|
|t:|1664660790
|switch|p2a: Necrozma|Necrozma|100/100
|turn|13
|
|t:|1664660793
|move|p1a: Rotom|Volt Switch|p2a: Necrozma
|-damage|p2a: Necrozma|78/100
|
|t:|1664660803
|switch|p1a: Diggersby|Diggersby, M|100/100|[from]move: Volt Switch
|-damage|p1a: Diggersby|94/100|[from] Stealth Rock
|move|p2a: Necrozma|Calm Mind|p2a: Necrozma
|-boost|p2a: Necrozma|spa|1
|-boost|p2a: Necrozma|spd|1
|
|upkeep
|turn|14
|
|t:|1664660807
|move|p1a: Diggersby|Body Slam|p2a: Necrozma
|-crit|p2a: Necrozma
|-damage|p2a: Necrozma|20/100
|move|p2a: Necrozma|Moonlight|p2a: Necrozma
|-heal|p2a: Necrozma|70/100
|
|upkeep
|turn|15
|
|t:|1664660811
|move|p1a: Diggersby|Body Slam|p2a: Necrozma
|-damage|p2a: Necrozma|26/100
|-status|p2a: Necrozma|par
|-enditem|p2a: Necrozma|Lum Berry|[eat]
|-curestatus|p2a: Necrozma|par|[msg]
|move|p2a: Necrozma|Moonlight|p2a: Necrozma
|-heal|p2a: Necrozma|76/100
|
|upkeep
|turn|16
|
|t:|1664660814
|move|p1a: Diggersby|Body Slam|p2a: Necrozma
|-damage|p2a: Necrozma|37/100
|move|p2a: Necrozma|Moonlight|p2a: Necrozma
|-heal|p2a: Necrozma|87/100
|
|upkeep
|turn|17
|
|t:|1664660815
|move|p1a: Diggersby|Body Slam|p2a: Necrozma
|-damage|p2a: Necrozma|50/100
|move|p2a: Necrozma|Photon Geyser|p1a: Diggersby
|-damage|p1a: Diggersby|3/100
|
|upkeep
|turn|18
|
|t:|1664660821
|switch|p2a: Salamence|Salamence, M|85/100
|-ability|p2a: Salamence|Intimidate|boost
|-unboost|p1a: Diggersby|atk|1
|move|p1a: Diggersby|Body Slam|p2a: Salamence
|-damage|p2a: Salamence|49/100
|
|upkeep
|turn|19
|
|t:|1664660828
|switch|p2a: Tapu Bulu|Tapu Bulu|100/100
|-fieldstart|move: Grassy Terrain|[from] ability: Grassy Surge|[of] p2a: Tapu Bulu
|move|p1a: Diggersby|Body Slam|p2a: Tapu Bulu
|-damage|p2a: Tapu Bulu|58/100
|
|-heal|p1a: Diggersby|10/100|[from] Grassy Terrain
|-heal|p2a: Tapu Bulu|64/100|[from] Grassy Terrain
|upkeep
|turn|20
|c|+hariyana grande|genius(?)
|
|t:|1664660843
|switch|p1a: Scizor|Scizor, F|100/100
|switch|p2a: Necrozma|Necrozma|50/100
|
|-heal|p2a: Necrozma|56/100|[from] Grassy Terrain
|upkeep
|turn|21
|c|+mncmt|damnnn
|
|t:|1664660853
|move|p2a: Necrozma|Heat Wave|p1a: Scizor|[miss]
|-miss|p2a: Necrozma|p1a: Scizor
|move|p1a: Scizor|U-turn|p2a: Necrozma
|-supereffective|p2a: Necrozma
|-damage|p2a: Necrozma|24/100
|c|+hariyana grande|only way
|c|☆KM|predicted it
|c|☆KM|idc
|
|t:|1664660862
|switch|p1a: Diggersby|Diggersby, M|10/100|[from]move: U-turn
|-damage|p1a: Diggersby|3/100|[from] Stealth Rock
|
|-heal|p1a: Diggersby|10/100|[from] Grassy Terrain
|-heal|p2a: Necrozma|30/100|[from] Grassy Terrain
|upkeep
|turn|22
|c|+mncmt|RIGGT
|
|t:|1664660869
|move|p1a: Diggersby|U-turn|p2a: Necrozma
|-supereffective|p2a: Necrozma
|-damage|p2a: Necrozma|0 fnt
|faint|p2a: Necrozma
|c|+mncmt|look at him go @mannat
|c|+hariyana grande|LOL
|
|t:|1664660883
|switch|p1a: Conkeldurr|Conkeldurr, F|68/100|[from]move: U-turn
|-damage|p1a: Conkeldurr|62/100|[from] Stealth Rock
|
|-heal|p1a: Conkeldurr|68/100|[from] Grassy Terrain
|upkeep
|c|☆Luthier|LOL
|
|t:|1664660886
|switch|p2a: Salamence|Salamence, M|49/100
|-ability|p2a: Salamence|Intimidate|boost
|-unboost|p1a: Conkeldurr|atk|1
|turn|23
|
|t:|1664660910
|switch|p1a: Nihilego|Nihilego|57/100
|-damage|p1a: Nihilego|45/100|[from] Stealth Rock
|move|p2a: Salamence|Toxic|p1a: Nihilego
|-immune|p1a: Nihilego
|
|-heal|p1a: Nihilego|51/100|[from] Grassy Terrain
|-heal|p1a: Nihilego|57/100|[from] item: Black Sludge
|-fieldend|move: Grassy Terrain
|upkeep
|turn|24
|
|t:|1664660915
|switch|p1a: Conkeldurr|Conkeldurr, F|68/100
|-damage|p1a: Conkeldurr|62/100|[from] Stealth Rock
|switch|p2a: Registeel|Registeel|100/100
|
|upkeep
|turn|25
|
|t:|1664660922
|switch|p2a: Rotom|Rotom-Wash|80/100
|move|p1a: Conkeldurr|Close Combat|p2a: Rotom
|-damage|p2a: Rotom|0 fnt
|-unboost|p1a: Conkeldurr|def|1
|-unboost|p1a: Conkeldurr|spd|1
|faint|p2a: Rotom
|
|upkeep
|
|t:|1664660926
|switch|p2a: Tapu Bulu|Tapu Bulu|64/100
|-fieldstart|move: Grassy Terrain|[from] ability: Grassy Surge|[of] p2a: Tapu Bulu
|turn|26
|c|+ASKOV|km going crazy..
|
|t:|1664660946
|switch|p2a: Registeel|Registeel|100/100
|switch|p1a: Rotom|Rotom-Wash|40/100
|-damage|p1a: Rotom|27/100|[from] Stealth Rock
|
|upkeep
|turn|27
|
|t:|1664660951
|move|p1a: Rotom|Pain Split|p2a: Registeel
|-sethp|p2a: Registeel|61/100|[from] move: Pain Split|[silent]
|-sethp|p1a: Rotom|74/100|[from] move: Pain Split
|move|p2a: Registeel|Iron Defense|p2a: Registeel
|-boost|p2a: Registeel|def|2
|
|-heal|p2a: Registeel|68/100|[from] Grassy Terrain
|-heal|p2a: Registeel|74/100|[from] item: Leftovers
|upkeep
|turn|28
|c|+mncmt|...
|c|+ASKOV|perd
|
|t:|1664660959
|move|p1a: Rotom|Volt Switch|p2a: Registeel
|-damage|p2a: Registeel|58/100
|
|t:|1664660961
|switch|p1a: Conkeldurr|Conkeldurr, F|62/100|[from]move: Volt Switch
|-damage|p1a: Conkeldurr|56/100|[from] Stealth Rock
|move|p2a: Registeel|Iron Defense|p2a: Registeel
|-boost|p2a: Registeel|def|2
|
|-heal|p1a: Conkeldurr|62/100|[from] Grassy Terrain
|-heal|p2a: Registeel|64/100|[from] Grassy Terrain
|-heal|p2a: Registeel|70/100|[from] item: Leftovers
|upkeep
|turn|29
|
|t:|1664660967
|move|p1a: Conkeldurr|Close Combat|p2a: Registeel
|-supereffective|p2a: Registeel
|-damage|p2a: Registeel|35/100
|-unboost|p1a: Conkeldurr|def|1
|-unboost|p1a: Conkeldurr|spd|1
|move|p2a: Registeel|Body Press|p1a: Conkeldurr
|-damage|p1a: Conkeldurr|0 fnt
|faint|p1a: Conkeldurr
|
|-heal|p2a: Registeel|41/100|[from] Grassy Terrain
|-heal|p2a: Registeel|47/100|[from] item: Leftovers
|upkeep
|c|☆Luthier|0 
|c|☆KM|hm....
|c|+mncmt|gg
|c|☆KM|not yet
|c|+hariyana grande|registeel does it again
|
|t:|1664660981
|switch|p1a: Diggersby|Diggersby, M|10/100
|-damage|p1a: Diggersby|3/100|[from] Stealth Rock
|turn|30
|c|☆KM|i will simply crit
|
|t:|1664660986
|move|p1a: Diggersby|Earthquake|p2a: Registeel
|-supereffective|p2a: Registeel
|-damage|p2a: Registeel|35/100
|move|p2a: Registeel|Body Press|p1a: Diggersby
|-supereffective|p1a: Diggersby
|-damage|p1a: Diggersby|0 fnt
|faint|p1a: Diggersby
|
|-heal|p2a: Registeel|41/100|[from] Grassy Terrain
|-heal|p2a: Registeel|47/100|[from] item: Leftovers
|-fieldend|move: Grassy Terrain
|upkeep
|c|+hariyana grande|crit isnt even killing this
|c|+ASKOV|12
|c|☆Luthier|right
|c|☆KM|hm.
|c|+hariyana grande|w terrain..
|c|+mncmt|12
|c|☆Luthier|i recovered 
|c|☆Luthier|that turn
|c|☆Luthier|lOL
|
|t:|1664660995
|switch|p1a: Tangrowth|Tangrowth, M|100/100
|-damage|p1a: Tangrowth|88/100|[from] Stealth Rock
|turn|31
|c|+mncmt|LMFAO
|
|t:|1664660999
|move|p2a: Registeel|Amnesia|p2a: Registeel
|-boost|p2a: Registeel|spd|2
|move|p1a: Tangrowth|Focus Blast|p2a: Registeel|[miss]
|-miss|p1a: Tangrowth|p2a: Registeel
|
|-heal|p2a: Registeel|53/100|[from] item: Leftovers
|upkeep
|turn|32
|c|☆KM|i will simplhy crit again
|c|+ASKOV|no justice
|c|☆KM|sorry maybe u didn't hear me
|c|☆KM|i said
|c|☆KM|I WILL CRIT
|
|t:|1664661007
|move|p2a: Registeel|Amnesia|p2a: Registeel
|-boost|p2a: Registeel|spd|2
|move|p1a: Tangrowth|Focus Blast|p2a: Registeel
|-supereffective|p2a: Registeel
|-damage|p2a: Registeel|41/100
|
|-heal|p2a: Registeel|47/100|[from] item: Leftovers
|upkeep
|turn|33
|c|+hariyana grande|step 1. hit
|c|☆KM|sorry maybe u didn't hear me
|c|☆KM|i said
|c|☆KM|I WILL CRIT
|
|t:|1664661013
|move|p2a: Registeel|Body Press|p1a: Tangrowth
|-damage|p1a: Tangrowth|18/100
|move|p1a: Tangrowth|Focus Blast|p2a: Registeel|[miss]
|-miss|p1a: Tangrowth|p2a: Registeel
|
|-heal|p2a: Registeel|53/100|[from] item: Leftovers
|upkeep
|turn|34
|c|+avarice|:(
|c|☆KM|sorry maybe you didn't hear me
|c|☆KM|i said
|c|☆KM|I WILL CRIT
|c|+mncmt|@dont look at him mannat
|
|t:|1664661022
|move|p2a: Registeel|Body Press|p1a: Tangrowth
|-damage|p1a: Tangrowth|0 fnt
|faint|p1a: Tangrowth
|
|-heal|p2a: Registeel|59/100|[from] item: Leftovers
|upkeep
|c|☆Luthier|ur dead bro 
|c|☆Luthier|LOL
|
|t:|1664661024
|switch|p1a: Rotom|Rotom-Wash|74/100
|-damage|p1a: Rotom|61/100|[from] Stealth Rock
|turn|35
|c|☆Luthier|critting what 
|
|t:|1664661031
|move|p1a: Rotom|Will-O-Wisp|p2a: Registeel
|-status|p2a: Registeel|brn
|move|p2a: Registeel|Iron Defense|p2a: Registeel
|-boost|p2a: Registeel|def|2
|
|-heal|p2a: Registeel|65/100 brn|[from] item: Leftovers
|-damage|p2a: Registeel|59/100 brn|[from] brn
|upkeep
|turn|36
|c|+hariyana grande|+MANNAT has left
|c|☆Luthier|LOL
|c|+mncmt|LMFAOO
|
|t:|1664661046
|move|p1a: Rotom|Hydro Pump|p2a: Registeel
|-damage|p2a: Registeel|51/100 brn
|move|p2a: Registeel|Rest|p2a: Registeel
|-status|p2a: Registeel|slp|[from] move: Rest
|-heal|p2a: Registeel|100/100 slp|[silent]
|
|upkeep
|turn|37
|
|t:|1664661052
|move|p1a: Rotom|Pain Split|p2a: Registeel
|-sethp|p2a: Registeel|76/100 slp|[from] move: Pain Split|[silent]
|-sethp|p1a: Rotom|91/100|[from] move: Pain Split
|cant|p2a: Registeel|slp
|
|-heal|p2a: Registeel|82/100 slp|[from] item: Leftovers
|upkeep
|turn|38
|
|t:|1664661056
|move|p1a: Rotom|Volt Switch|p2a: Registeel
|-damage|p2a: Registeel|76/100 slp
|
|t:|1664661058
|switch|p1a: Nihilego|Nihilego|57/100|[from]move: Volt Switch
|-damage|p1a: Nihilego|45/100|[from] Stealth Rock
|cant|p2a: Registeel|slp
|
|-heal|p1a: Nihilego|51/100|[from] item: Black Sludge
|-heal|p2a: Registeel|82/100 slp|[from] item: Leftovers
|upkeep
|turn|39
|
|t:|1664661060
|move|p1a: Nihilego|Protect|p1a: Nihilego
|-singleturn|p1a: Nihilego|Protect
|-curestatus|p2a: Registeel|slp|[msg]
|move|p2a: Registeel|Body Press|p1a: Nihilego
|-activate|p1a: Nihilego|move: Protect
|
|-heal|p1a: Nihilego|57/100|[from] item: Black Sludge
|-heal|p2a: Registeel|88/100|[from] item: Leftovers
|upkeep
|turn|40
|inactive|KM disconnected and has 300 seconds to reconnect!
|player|p1|
|c|☆Luthier|gone
|c|+hariyana grande|LOL
|c|☆Luthier|anyone else 
|c|☆Luthier|any tier
|inactive|KM has 270 seconds to reconnect!
|inactive|KM reconnected and has 285 seconds left.
|player|p1|KM|#scl2foxes
|c|☆KM|wait
|c|☆Luthier|oml back
|c|☆KM|i'm still back
|c|☆KM|ok
|c|☆KM|omgg
|c|☆KM|luth sorry i went bc
|c|☆KM|ur gf called me
|inactive|KM has 270 seconds left.
|c|☆Luthier|,
|c|☆KM|she said she needs help in the kitchen!!!
|c|☆Luthier|LMAO 
|c|☆KM|right now
|c|☆KM|it'll only take about
|c|☆KM|6 minutes
|
|t:|1664661154
|move|p1a: Nihilego|Power Gem|p2a: Registeel
|-resisted|p2a: Registeel
|-damage|p2a: Registeel|83/100
|move|p2a: Registeel|Body Press|p1a: Nihilego
|-damage|p1a: Nihilego|0 fnt
|faint|p1a: Nihilego
|
|-heal|p2a: Registeel|89/100|[from] item: Leftovers
|upkeep
|
|t:|1664661157
|switch|p1a: Scizor|Scizor, F|100/100
|turn|41
|
|t:|1664661158
|move|p1a: Scizor|Swords Dance|p1a: Scizor
|-boost|p1a: Scizor|atk|2
|move|p2a: Registeel|Body Press|p1a: Scizor
|-damage|p1a: Scizor|0 fnt
|faint|p1a: Scizor
|
|-heal|p2a: Registeel|95/100|[from] item: Leftovers
|upkeep
|c|☆KM|boo
|-message|KM forfeited.
|
|win|Luthier
