|inactive|Battle timer is ON: inactive players will automatically lose when time's up.
|t:|1658600446
|gametype|singles
|player|p1|Amane Misa|#amanemisa|
|player|p2|passion|caitlin-gen4|
|teamsize|p1|6
|teamsize|p2|6
|gen|8
|tier|[Gen 8] UU
|rule|Sleep Clause Mod: Limit one foe put to sleep
|rule|Species Clause: Limit one of each Pokémon
|rule|OHKO Clause: OHKO moves are banned
|rule|Evasion Moves Clause: Evasion moves are banned
|rule|Endless Battle Clause: Forcing endless battles is banned
|rule|HP Percentage Mod: HP is shown in percentages
|rule|Dynamax Clause: You cannot dynamax
|clearpoke
|poke|p1|Slowbro-Galar, F|
|poke|p1|Tangrowth, F|
|poke|p1|Cobalion|
|poke|p1|Rotom-Wash|
|poke|p1|Hydreigon, F|
|poke|p1|Mamoswine, M|
|poke|p2|Chandelure, F|
|poke|p2|Hippowdon, F|
|poke|p2|Amoonguss, M|
|poke|p2|Primarina, F|
|poke|p2|Azelf|
|poke|p2|Scizor, M|
|teampreview
|c|☆passion|hf
|c|☆Amane Misa|hf
|c|+dingbat|bbbbbbbbbb
|c|+ASKOV|passwion
|inactive|Amane Misa has 270 seconds left.
|inactive|passion has 270 seconds left.
|inactive|Amane Misa has 240 seconds left.
|inactive|passion has 240 seconds left.
|inactive|Amane Misa has 210 seconds left.
|inactive|Amane Misa has 180 seconds left.
|
|t:|1658600590
|start
|switch|p1a: Lobacion|Cobalion|100/100
|switch|p2a: Amoonguss|Amoonguss, M|100/100
|turn|1
|
|t:|1658600619
|move|p1a: Lobacion|Stealth Rock|p2a: Amoonguss
|-sidestart|p2: passion|move: Stealth Rock
|move|p2a: Amoonguss|Spore|p1a: Lobacion
|-status|p1a: Lobacion|slp|[from] move: Spore
|
|upkeep
|turn|2
|inactive|passion has 270 seconds left.
|inactive|Amane Misa has 210 seconds left.
|
|t:|1658600661
|switch|p1a: Wotom-Rash|Rotom-Wash|100/100
|move|p2a: Amoonguss|Stun Spore|p1a: Wotom-Rash
|-immune|p1a: Wotom-Rash
|
|upkeep
|turn|3
|inactive|passion has 270 seconds left.
|
|t:|1658600675
|move|p1a: Wotom-Rash|Volt Switch|p2a: Amoonguss
|-resisted|p2a: Amoonguss
|-damage|p2a: Amoonguss|89/100
|
|t:|1658600677
|switch|p1a: Lobacion|Cobalion|100/100 slp|[from]move: Volt Switch
|move|p2a: Amoonguss|Sludge Bomb|p1a: Lobacion
|-immune|p1a: Lobacion
|
|upkeep
|turn|4
|inactive|Amane Misa has 210 seconds left.
|c|+pokemonisfun|misa misa is a beast-a, send them out, they'll need a visa
|inactive|passion has 270 seconds left.
|c|+ASKOV|umm...
|c|+ASKOV|youve made better ones in the past pif...
|
|t:|1658600702
|switch|p1a: Wotom-Rash|Rotom-Wash|100/100
|switch|p2a: Hippowdon|Hippowdon, F|100/100
|
|upkeep
|turn|5
|c|+pokemonisfun|https://www.rhymezone.com/r/rhyme.cgi?Word=misa&typeofrhyme=adv&loc=advlink
|c|+pokemonisfun|you find a good one
|c|+hariyana grande|LMAOO
|
|t:|1658600724
|switch|p2a: Amoonguss|Amoonguss, M|100/100
|-damage|p2a: Amoonguss|88/100|[from] Stealth Rock
|move|p1a: Wotom-Rash|Hydro Pump|p2a: Amoonguss
|-resisted|p2a: Amoonguss
|-damage|p2a: Amoonguss|71/100
|
|upkeep
|turn|6
|c|+dingbat|LOL
|inactive|passion has 240 seconds left.
|c|+ASKOV|LOL
|
|t:|1658600754
|move|p1a: Wotom-Rash|Volt Switch|p2a: Amoonguss
|-resisted|p2a: Amoonguss
|-damage|p2a: Amoonguss|59/100
|inactive|Amane Misa has 210 seconds left.
|c|+ASKOV|hey you could say that misa is amazing like mona lisa...
|
|t:|1658600784
|switch|p1a: Lobacion|Cobalion|100/100 slp|[from]move: Volt Switch
|move|p2a: Amoonguss|Sludge Bomb|p1a: Lobacion
|-immune|p1a: Lobacion
|
|upkeep
|turn|7
|
|t:|1658600792
|switch|p1a: Wotom-Rash|Rotom-Wash|100/100
|switch|p2a: Hippowdon|Hippowdon, F|100/100
|
|upkeep
|turn|8
|c|+pokemonisfun|thanks ill do that next game
|
|t:|1658600804
|move|p1a: Wotom-Rash|Hydro Pump|p2a: Hippowdon|[miss]
|-miss|p1a: Wotom-Rash|p2a: Hippowdon
|move|p2a: Hippowdon|Stealth Rock|p1a: Wotom-Rash
|-sidestart|p1: Amane Misa|move: Stealth Rock
|
|upkeep
|turn|9
|inactive|Amane Misa has 210 seconds left.
|inactive|passion has 240 seconds left.
|
|t:|1658600852
|move|p1a: Wotom-Rash|Volt Switch|p2a: Hippowdon
|-immune|p2a: Hippowdon
|move|p2a: Hippowdon|Whirlwind|p1a: Wotom-Rash
|drag|p1a: Hygreidon|Hydreigon, F|100/100
|-damage|p1a: Hygreidon|88/100|[from] Stealth Rock
|
|upkeep
|turn|10
|inactive|passion has 210 seconds left.
|
|t:|1658600883
|move|p1a: Hygreidon|Dark Pulse|p2a: Hippowdon
|-damage|p2a: Hippowdon|63/100
|move|p2a: Hippowdon|Slack Off|p2a: Hippowdon
|-heal|p2a: Hippowdon|100/100
|
|upkeep
|turn|11
|
|t:|1658600897
|switch|p1a: Rangtrowth|Tangrowth, F|100/100
|-damage|p1a: Rangtrowth|88/100|[from] Stealth Rock
|switch|p2a: Primarina|Primarina, F|100/100
|-damage|p2a: Primarina|88/100|[from] Stealth Rock
|
|-heal|p2a: Primarina|94/100|[from] item: Leftovers
|upkeep
|turn|12
|
|t:|1658600904
|switch|p2a: Amoonguss|Amoonguss, M|93/100
|-damage|p2a: Amoonguss|80/100|[from] Stealth Rock
|move|p1a: Rangtrowth|Knock Off|p2a: Amoonguss
|-damage|p2a: Amoonguss|65/100
|-damage|p1a: Rangtrowth|72/100|[from] item: Rocky Helmet|[of] p2a: Amoonguss
|-enditem|p2a: Amoonguss|Rocky Helmet|[from] move: Knock Off|[of] p1a: Rangtrowth
|
|upkeep
|turn|13
|inactive|passion has 210 seconds left.
|
|t:|1658600937
|move|p1a: Rangtrowth|Knock Off|p2a: Amoonguss
|-damage|p2a: Amoonguss|54/100
|move|p2a: Amoonguss|Sludge Bomb|p1a: Rangtrowth
|-supereffective|p1a: Rangtrowth
|-damage|p1a: Rangtrowth|38/100
|-status|p1a: Rangtrowth|psn
|
|-damage|p1a: Rangtrowth|26/100 psn|[from] psn
|upkeep
|turn|14
|c|+ayevon|passiongang
|
|t:|1658600950
|switch|p1a: Wamosmine|Mamoswine, M|100/100
|-damage|p1a: Wamosmine|88/100|[from] Stealth Rock
|switch|p2a: Azelf|Azelf|100/100
|
|upkeep
|turn|15
|inactive|passion has 180 seconds left.
|
|t:|1658600974
|move|p2a: Azelf|U-turn|p1a: Wamosmine
|-damage|p1a: Wamosmine|66/100
|
|t:|1658600979
|switch|p2a: Scizor|Scizor, M|100/100|[from]move: U-turn
|move|p1a: Wamosmine|Knock Off|p2a: Scizor
|-damage|p2a: Scizor|73/100
|-enditem|p2a: Scizor|Heavy-Duty Boots|[from] move: Knock Off|[of] p1a: Wamosmine
|
|upkeep
|turn|16
|inactive|passion has 180 seconds left.
|
|t:|1658600998
|switch|p1a: Wotom-Rash|Rotom-Wash|100/100
|-damage|p1a: Wotom-Rash|88/100|[from] Stealth Rock
|move|p2a: Scizor|Roost|p2a: Scizor
|-heal|p2a: Scizor|100/100
|-singleturn|p2a: Scizor|move: Roost
|
|-heal|p1a: Wotom-Rash|94/100|[from] item: Leftovers
|upkeep
|turn|17
|
|t:|1658601024
|switch|p2a: Amoonguss|Amoonguss, M|87/100
|-damage|p2a: Amoonguss|75/100|[from] Stealth Rock
|move|p1a: Wotom-Rash|Defog|p2a: Amoonguss
|-unboost|p2a: Amoonguss|evasion|1
|-sideend|p2: passion|Stealth Rock|[from] move: Defog|[of] p1a: Wotom-Rash
|-sideend|p1: Amane Misa|Stealth Rock|[from] move: Defog|[of] p1a: Wotom-Rash
|
|-heal|p1a: Wotom-Rash|100/100|[from] item: Leftovers
|upkeep
|turn|18
|inactive|passion has 150 seconds left.
|
|t:|1658601043
|move|p1a: Wotom-Rash|Volt Switch|p2a: Amoonguss
|-resisted|p2a: Amoonguss
|-damage|p2a: Amoonguss|63/100
|
|t:|1658601045
|switch|p1a: Lobacion|Cobalion|100/100 slp|[from]move: Volt Switch
|move|p2a: Amoonguss|Sludge Bomb|p1a: Lobacion
|-immune|p1a: Lobacion
|
|upkeep
|turn|19
|
|t:|1658601053
|switch|p2a: Chandelure|Chandelure, F|100/100
|cant|p1a: Lobacion|slp
|
|upkeep
|turn|20
|
|t:|1658601063
|switch|p1a: Wotom-Rash|Rotom-Wash|100/100
|move|p2a: Chandelure|Will-O-Wisp|p1a: Wotom-Rash
|-status|p1a: Wotom-Rash|brn
|
|-damage|p1a: Wotom-Rash|94/100 brn|[from] brn
|upkeep
|turn|21
|inactive|passion has 150 seconds left.
|
|t:|1658601093
|switch|p2a: Amoonguss|Amoonguss, M|97/100
|move|p1a: Wotom-Rash|Volt Switch|p2a: Amoonguss
|-resisted|p2a: Amoonguss
|-damage|p2a: Amoonguss|85/100
|
|t:|1658601097
|switch|p1a: Lobacion|Cobalion|100/100 slp|[from]move: Volt Switch
|
|upkeep
|turn|22
|
|t:|1658601105
|switch|p2a: Chandelure|Chandelure, F|100/100
|-curestatus|p1a: Lobacion|slp|[msg]
|move|p1a: Lobacion|Stealth Rock|p2a: Chandelure
|-sidestart|p2: passion|move: Stealth Rock
|
|upkeep
|turn|23
|inactive|passion has 150 seconds left.
|
|t:|1658601123
|move|p1a: Lobacion|Volt Switch|p2a: Chandelure
|-damage|p2a: Chandelure|82/100
|
|t:|1658601125
|switch|p1a: Hygreidon|Hydreigon, F|88/100|[from]move: Volt Switch
|move|p2a: Chandelure|Will-O-Wisp|p1a: Hygreidon|[miss]
|-miss|p2a: Chandelure|p1a: Hygreidon
|
|upkeep
|turn|24
|inactive|passion has 150 seconds left.
|
|t:|1658601153
|switch|p1a: Wotom-Rash|Rotom-Wash|94/100 brn
|switch|p2a: Amoonguss|Amoonguss, M|100/100
|-damage|p2a: Amoonguss|88/100|[from] Stealth Rock
|
|-heal|p1a: Wotom-Rash|100/100 brn|[from] item: Leftovers
|-damage|p1a: Wotom-Rash|94/100 brn|[from] brn
|upkeep
|turn|25
|
|t:|1658601167
|move|p1a: Wotom-Rash|Volt Switch|p2a: Amoonguss
|-resisted|p2a: Amoonguss
|-damage|p2a: Amoonguss|76/100
|
|t:|1658601169
|switch|p1a: Lobacion|Cobalion|100/100|[from]move: Volt Switch
|move|p2a: Amoonguss|Sludge Bomb|p1a: Lobacion
|-immune|p1a: Lobacion
|
|upkeep
|turn|26
|inactive|passion has 150 seconds left.
|
|t:|1658601187
|switch|p2a: Hippowdon|Hippowdon, F|100/100
|move|p1a: Lobacion|Volt Switch|p2a: Hippowdon
|-immune|p2a: Hippowdon
|
|upkeep
|turn|27
|
|t:|1658601203
|move|p1a: Lobacion|Toxic|p2a: Hippowdon
|-status|p2a: Hippowdon|tox
|move|p2a: Hippowdon|Stealth Rock|p1a: Lobacion
|-sidestart|p1: Amane Misa|move: Stealth Rock
|
|-damage|p2a: Hippowdon|94/100 tox|[from] psn
|upkeep
|turn|28
|
|t:|1658601217
|switch|p1a: Hygreidon|Hydreigon, F|88/100
|-damage|p1a: Hygreidon|76/100|[from] Stealth Rock
|switch|p2a: Azelf|Azelf|100/100
|
|upkeep
|turn|29
|
|t:|1658601227
|switch|p2a: Primarina|Primarina, F|94/100
|-damage|p2a: Primarina|82/100|[from] Stealth Rock
|move|p1a: Hygreidon|U-turn|p2a: Primarina
|-resisted|p2a: Primarina
|-damage|p2a: Primarina|74/100
|
|t:|1658601229
|switch|p1a: Wotom-Rash|Rotom-Wash|94/100 brn|[from]move: U-turn
|-damage|p1a: Wotom-Rash|82/100 brn|[from] Stealth Rock
|
|-heal|p1a: Wotom-Rash|88/100 brn|[from] item: Leftovers
|-heal|p2a: Primarina|80/100|[from] item: Leftovers
|-damage|p1a: Wotom-Rash|82/100 brn|[from] brn
|upkeep
|turn|30
|inactive|passion has 150 seconds left.
|inactive|Amane Misa has 270 seconds left.
|inactive|passion has 120 seconds left.
|c|+pokemonisfun|you spelled rotom-wash wrong btw
|
|t:|1658601296
|switch|p2a: Amoonguss|Amoonguss, M|100/100
|-damage|p2a: Amoonguss|88/100|[from] Stealth Rock
|move|p1a: Wotom-Rash|Volt Switch|p2a: Amoonguss
|-resisted|p2a: Amoonguss
|-damage|p2a: Amoonguss|76/100
|
|t:|1658601303
|switch|p1a: Lobacion|Cobalion|100/100|[from]move: Volt Switch
|-damage|p1a: Lobacion|97/100|[from] Stealth Rock
|
|upkeep
|turn|31
|
|t:|1658601321
|move|p1a: Lobacion|Volt Switch|p2a: Amoonguss
|-resisted|p2a: Amoonguss
|-damage|p2a: Amoonguss|70/100
|
|t:|1658601322
|switch|p1a: Wotom-Rash|Rotom-Wash|82/100 brn|[from]move: Volt Switch
|-damage|p1a: Wotom-Rash|69/100 brn|[from] Stealth Rock
|move|p2a: Amoonguss|Stun Spore||[still]
|-fail|p2a: Amoonguss
|
|-heal|p1a: Wotom-Rash|75/100 brn|[from] item: Leftovers
|-damage|p1a: Wotom-Rash|69/100 brn|[from] brn
|upkeep
|turn|32
|
|t:|1658601336
|move|p1a: Wotom-Rash|Volt Switch|p2a: Amoonguss
|-resisted|p2a: Amoonguss
|-crit|p2a: Amoonguss
|-damage|p2a: Amoonguss|52/100
|
|t:|1658601343
|switch|p1a: Rangtrowth|Tangrowth, F|59/100 psn|[from]move: Volt Switch
|-damage|p1a: Rangtrowth|47/100 psn|[from] Stealth Rock
|move|p2a: Amoonguss|Spore|p1a: Rangtrowth
|-immune|p1a: Rangtrowth
|
|-damage|p1a: Rangtrowth|34/100 psn|[from] psn
|upkeep
|turn|33
|
|t:|1658601360
|switch|p1a: Lobacion|Cobalion|97/100
|-damage|p1a: Lobacion|94/100|[from] Stealth Rock
|move|p2a: Amoonguss|Sludge Bomb|p1a: Lobacion
|-immune|p1a: Lobacion
|
|upkeep
|turn|34
|
|t:|1658601371
|move|p1a: Lobacion|Volt Switch|p2a: Amoonguss
|-resisted|p2a: Amoonguss
|-damage|p2a: Amoonguss|46/100
|
|t:|1658601374
|switch|p1a: Wotom-Rash|Rotom-Wash|69/100 brn|[from]move: Volt Switch
|-damage|p1a: Wotom-Rash|57/100 brn|[from] Stealth Rock
|move|p2a: Amoonguss|Spore||[still]
|-fail|p2a: Amoonguss
|
|-heal|p1a: Wotom-Rash|63/100 brn|[from] item: Leftovers
|-damage|p1a: Wotom-Rash|57/100 brn|[from] brn
|upkeep
|turn|35
|
|t:|1658601391
|move|p1a: Wotom-Rash|Hydro Pump|p2a: Amoonguss
|-resisted|p2a: Amoonguss
|-damage|p2a: Amoonguss|28/100
|move|p2a: Amoonguss|Sludge Bomb|p1a: Wotom-Rash
|-damage|p1a: Wotom-Rash|30/100 brn
|
|-heal|p1a: Wotom-Rash|36/100 brn|[from] item: Leftovers
|-damage|p1a: Wotom-Rash|30/100 brn|[from] brn
|upkeep
|turn|36
|inactive|passion has 90 seconds left.
|
|t:|1658601425
|switch|p2a: Azelf|Azelf|100/100
|move|p1a: Wotom-Rash|Volt Switch|p2a: Azelf
|-damage|p2a: Azelf|59/100
|
|t:|1658601454
|switch|p1a: Hygreidon|Hydreigon, F|76/100|[from]move: Volt Switch
|-damage|p1a: Hygreidon|64/100|[from] Stealth Rock
|
|upkeep
|turn|37
|inactive|passion has 90 seconds left.
|
|t:|1658601460
|switch|p2a: Primarina|Primarina, F|80/100
|-damage|p2a: Primarina|68/100|[from] Stealth Rock
|move|p1a: Hygreidon|U-turn|p2a: Primarina
|-resisted|p2a: Primarina
|-damage|p2a: Primarina|62/100
|inactive|Amane Misa has 270 seconds left.
|
|t:|1658601504
|switch|p1a: Lobacion|Cobalion|94/100|[from]move: U-turn
|-damage|p1a: Lobacion|91/100|[from] Stealth Rock
|
|-heal|p2a: Primarina|68/100|[from] item: Leftovers
|upkeep
|turn|38
|
|t:|1658601513
|move|p1a: Lobacion|Volt Switch|p2a: Primarina
|-supereffective|p2a: Primarina
|-crit|p2a: Primarina
|-damage|p2a: Primarina|36/100
|
|t:|1658601515
|switch|p1a: Rangtrowth|Tangrowth, F|68/100 psn|[from]move: Volt Switch
|-damage|p1a: Rangtrowth|55/100 psn|[from] Stealth Rock
|move|p2a: Primarina|Moonblast|p1a: Rangtrowth
|-damage|p1a: Rangtrowth|30/100 psn
|
|-heal|p2a: Primarina|42/100|[from] item: Leftovers
|-damage|p1a: Rangtrowth|18/100 psn|[from] psn
|upkeep
|turn|39
|inactive|passion has 90 seconds left.
|
|t:|1658601547
|switch|p1a: Glowbro-Salar|Slowbro-Galar, F|100/100
|-damage|p1a: Glowbro-Salar|88/100|[from] Stealth Rock
|move|p2a: Primarina|Moonblast|p1a: Glowbro-Salar
|-resisted|p1a: Glowbro-Salar
|-crit|p1a: Glowbro-Salar
|-damage|p1a: Glowbro-Salar|55/100
|-unboost|p1a: Glowbro-Salar|spa|1
|
|-heal|p2a: Primarina|48/100|[from] item: Leftovers
|upkeep
|turn|40
|inactive|passion has 90 seconds left.
|inactive|Amane Misa has 270 seconds left.
|
|t:|1658601588
|move|p2a: Primarina|Rest|p2a: Primarina
|-status|p2a: Primarina|slp|[from] move: Rest
|-heal|p2a: Primarina|100/100 slp|[silent]
|move|p1a: Glowbro-Salar|Slack Off|p1a: Glowbro-Salar
|-heal|p1a: Glowbro-Salar|100/100
|
|upkeep
|turn|41
|
|t:|1658601601
|switch|p2a: Hippowdon|Hippowdon, F|94/100 tox
|move|p1a: Glowbro-Salar|Calm Mind|p1a: Glowbro-Salar
|-boost|p1a: Glowbro-Salar|spa|1
|-boost|p1a: Glowbro-Salar|spd|1
|
|-damage|p2a: Hippowdon|88/100 tox|[from] psn
|upkeep
|turn|42
|inactive|passion has 60 seconds left.
|inactive|Amane Misa has 240 seconds left.
|
|t:|1658601641
|move|p2a: Hippowdon|Earthquake|p1a: Glowbro-Salar
|-supereffective|p1a: Glowbro-Salar
|-enditem|p1a: Glowbro-Salar|Shuca Berry|[eat]
|-enditem|p1a: Glowbro-Salar|Shuca Berry|[weaken]
|-damage|p1a: Glowbro-Salar|74/100
|move|p1a: Glowbro-Salar|Psyshock|p2a: Hippowdon
|-damage|p2a: Hippowdon|71/100 tox
|
|-damage|p2a: Hippowdon|58/100 tox|[from] psn
|upkeep
|turn|43
|
|t:|1658601668
|move|p2a: Hippowdon|Slack Off|p2a: Hippowdon
|-heal|p2a: Hippowdon|100/100 tox
|move|p1a: Glowbro-Salar|Psyshock|p2a: Hippowdon
|-damage|p2a: Hippowdon|82/100 tox
|
|-damage|p2a: Hippowdon|63/100 tox|[from] psn
|upkeep
|turn|44
|inactive|passion has 30 seconds left.
|
|t:|1658601684
|move|p1a: Glowbro-Salar|Psyshock|p2a: Hippowdon
|-damage|p2a: Hippowdon|45/100 tox
|move|p2a: Hippowdon|Whirlwind|p1a: Glowbro-Salar
|drag|p1a: Rangtrowth|Tangrowth, F|51/100 psn
|-damage|p1a: Rangtrowth|38/100 psn|[from] Stealth Rock
|
|-damage|p1a: Rangtrowth|26/100 psn|[from] psn
|-damage|p2a: Hippowdon|20/100 tox|[from] psn
|upkeep
|turn|45
|inactive|passion has 30 seconds left.
|
|t:|1658601700
|switch|p1a: Wamosmine|Mamoswine, M|66/100
|-damage|p1a: Wamosmine|54/100|[from] Stealth Rock
|switch|p2a: Scizor|Scizor, M|100/100
|-damage|p2a: Scizor|88/100|[from] Stealth Rock
|
|upkeep
|turn|46
|inactive|passion has 30 seconds left.
|
|t:|1658601713
|switch|p1a: Lobacion|Cobalion|91/100
|-damage|p1a: Lobacion|88/100|[from] Stealth Rock
|move|p2a: Scizor|Swords Dance|p2a: Scizor
|-boost|p2a: Scizor|atk|2
|
|upkeep
|turn|47
|inactive|passion has 30 seconds left.
|
|t:|1658601722
|move|p1a: Lobacion|Close Combat|p2a: Scizor
|-damage|p2a: Scizor|50/100
|-unboost|p1a: Lobacion|def|1
|-unboost|p1a: Lobacion|spd|1
|move|p2a: Scizor|Swords Dance|p2a: Scizor
|-boost|p2a: Scizor|atk|2
|
|upkeep
|turn|48
|
|t:|1658601725
|move|p1a: Lobacion|Volt Switch|p2a: Scizor
|-damage|p2a: Scizor|35/100
|
|t:|1658601727
|switch|p1a: Glowbro-Salar|Slowbro-Galar, F|100/100|[from]move: Volt Switch
|-damage|p1a: Glowbro-Salar|88/100|[from] Stealth Rock
|move|p2a: Scizor|Roost|p2a: Scizor
|-heal|p2a: Scizor|85/100
|-singleturn|p2a: Scizor|move: Roost
|
|upkeep
|turn|49
|inactive|passion has 30 seconds left.
|
|t:|1658601752
|move|p2a: Scizor|Knock Off|p1a: Glowbro-Salar
|-supereffective|p1a: Glowbro-Salar
|-damage|p1a: Glowbro-Salar|13/100
|move|p1a: Glowbro-Salar|Flamethrower|p2a: Scizor
|-supereffective|p2a: Scizor
|-damage|p2a: Scizor|0 fnt
|faint|p2a: Scizor
|
|upkeep
|inactive|passion has 30 seconds left.
|c|☆passion|oh
|c|☆passion|ps calc
|c|☆passion|naur
|inactive|passion has 20 seconds left.
|inactive|passion has 15 seconds left.
|
|t:|1658601775
|switch|p2a: Azelf|Azelf|59/100
|turn|50
|inactive|passion has 25 seconds left this turn.
|inactive|Amane Misa has 270 seconds left.
|inactive|passion has 20 seconds left.
|
|t:|1658601792
|switch|p1a: Wotom-Rash|Rotom-Wash|30/100 brn
|-damage|p1a: Wotom-Rash|17/100 brn|[from] Stealth Rock
|move|p2a: Azelf|Flamethrower|p1a: Wotom-Rash
|-resisted|p1a: Wotom-Rash
|-damage|p1a: Wotom-Rash|1/100 brn
|
|-heal|p1a: Wotom-Rash|7/100 brn|[from] item: Leftovers
|-damage|p1a: Wotom-Rash|1/100 brn|[from] brn
|upkeep
|turn|51
|inactive|passion has 30 seconds left this turn.
|
|t:|1658601799
|move|p2a: Azelf|Knock Off|p1a: Wotom-Rash
|-damage|p1a: Wotom-Rash|0 fnt
|-enditem|p1a: Wotom-Rash|Leftovers|[from] move: Knock Off|[of] p2a: Azelf
|faint|p1a: Wotom-Rash
|
|upkeep
|inactive|passion has 30 seconds left this turn.
|
|t:|1658601802
|switch|p1a: Hygreidon|Hydreigon, F|64/100
|-damage|p1a: Hygreidon|51/100|[from] Stealth Rock
|turn|52
|inactive|passion has 30 seconds left.
|
|t:|1658601812
|switch|p2a: Primarina|Primarina, F|100/100 slp
|-damage|p2a: Primarina|88/100 slp|[from] Stealth Rock
|move|p1a: Hygreidon|U-turn|p2a: Primarina
|-resisted|p2a: Primarina
|-damage|p2a: Primarina|81/100 slp
|
|t:|1658601814
|switch|p1a: Glowbro-Salar|Slowbro-Galar, F|46/100|[from]move: U-turn
|-damage|p1a: Glowbro-Salar|34/100|[from] Stealth Rock
|
|-heal|p2a: Primarina|87/100 slp|[from] item: Leftovers
|upkeep
|turn|53
|
|t:|1658601825
|switch|p1a: Rangtrowth|Tangrowth, F|59/100 psn
|-damage|p1a: Rangtrowth|47/100 psn|[from] Stealth Rock
|cant|p2a: Primarina|slp
|move|p2a: Primarina|Snore|p1a: Rangtrowth
|-resisted|p1a: Rangtrowth
|-damage|p1a: Rangtrowth|40/100 psn
|
|-heal|p2a: Primarina|93/100 slp|[from] item: Leftovers
|-damage|p1a: Rangtrowth|28/100 psn|[from] psn
|upkeep
|turn|54
|
|t:|1658601836
|cant|p2a: Primarina|slp
|move|p2a: Primarina|Snore|p1a: Rangtrowth
|-resisted|p1a: Rangtrowth
|-damage|p1a: Rangtrowth|21/100 psn
|move|p1a: Rangtrowth|Power Whip|p2a: Primarina
|-supereffective|p2a: Primarina
|-damage|p2a: Primarina|24/100 slp
|
|-heal|p2a: Primarina|30/100 slp|[from] item: Leftovers
|-damage|p1a: Rangtrowth|9/100 psn|[from] psn
|upkeep
|turn|55
|inactive|Amane Misa has 270 seconds left.
|
|t:|1658601886
|switch|p1a: Lobacion|Cobalion|88/100
|-damage|p1a: Lobacion|85/100|[from] Stealth Rock
|-curestatus|p2a: Primarina|slp|[msg]
|move|p2a: Primarina|Rest|p2a: Primarina
|-status|p2a: Primarina|slp|[from] move: Rest
|-heal|p2a: Primarina|100/100 slp|[silent]
|
|upkeep
|turn|56
|
|t:|1658601895
|move|p1a: Lobacion|Volt Switch|p2a: Primarina
|-supereffective|p2a: Primarina
|-damage|p2a: Primarina|81/100 slp
|
|t:|1658601903
|switch|p1a: Glowbro-Salar|Slowbro-Galar, F|67/100|[from]move: Volt Switch
|-damage|p1a: Glowbro-Salar|55/100|[from] Stealth Rock
|cant|p2a: Primarina|slp
|move|p2a: Primarina|Snore|p1a: Glowbro-Salar
|-damage|p1a: Glowbro-Salar|32/100
|
|-heal|p2a: Primarina|87/100 slp|[from] item: Leftovers
|upkeep
|turn|57
|
|t:|1658601910
|switch|p2a: Chandelure|Chandelure, F|82/100
|move|p1a: Glowbro-Salar|Slack Off|p1a: Glowbro-Salar
|-heal|p1a: Glowbro-Salar|82/100
|
|upkeep
|turn|58
|inactive|passion has 60 seconds left.
|inactive|Amane Misa has 270 seconds left.
|
|t:|1658601936
|switch|p1a: Hygreidon|Hydreigon, F|51/100
|-damage|p1a: Hygreidon|39/100|[from] Stealth Rock
|move|p2a: Chandelure|Flamethrower|p1a: Hygreidon
|-resisted|p1a: Hygreidon
|-damage|p1a: Hygreidon|10/100
|
|upkeep
|turn|59
|
|t:|1658601951
|switch|p2a: Hippowdon|Hippowdon, F|20/100 tox
|move|p1a: Hygreidon|Dark Pulse|p2a: Hippowdon
|-damage|p2a: Hippowdon|0 fnt
|faint|p2a: Hippowdon
|
|upkeep
|
|t:|1658601957
|switch|p2a: Primarina|Primarina, F|87/100 slp
|-damage|p2a: Primarina|74/100 slp|[from] Stealth Rock
|turn|60
|
|t:|1658601966
|switch|p1a: Glowbro-Salar|Slowbro-Galar, F|100/100
|-damage|p1a: Glowbro-Salar|88/100|[from] Stealth Rock
|cant|p2a: Primarina|slp
|move|p2a: Primarina|Snore|p1a: Glowbro-Salar
|-damage|p1a: Glowbro-Salar|66/100
|
|-heal|p2a: Primarina|80/100 slp|[from] item: Leftovers
|upkeep
|turn|61
|inactive|passion has 60 seconds left.
|c|+Ms.Jisoo|PASSION GANG
|
|t:|1658601984
|switch|p2a: Chandelure|Chandelure, F|82/100
|move|p1a: Glowbro-Salar|Calm Mind|p1a: Glowbro-Salar
|-boost|p1a: Glowbro-Salar|spa|1
|-boost|p1a: Glowbro-Salar|spd|1
|
|upkeep
|turn|62
|
|t:|1658602002
|move|p2a: Chandelure|Hex|p1a: Glowbro-Salar
|-supereffective|p1a: Glowbro-Salar
|-damage|p1a: Glowbro-Salar|9/100
|move|p1a: Glowbro-Salar|Psyshock|p2a: Chandelure
|-damage|p2a: Chandelure|23/100
|
|upkeep
|turn|63
|
|t:|1658602018
|switch|p1a: Hygreidon|Hydreigon, F|10/100
|-damage|p1a: Hygreidon|0 fnt|[from] Stealth Rock
|faint|p1a: Hygreidon
|move|p2a: Chandelure|Flamethrower|p1: Hygreidon|[notarget]
|-fail|p2a: Chandelure
|
|upkeep
|
|t:|1658602020
|switch|p1a: Lobacion|Cobalion|85/100
|-damage|p1a: Lobacion|82/100|[from] Stealth Rock
|turn|64
|inactive|passion has 60 seconds left.
|
|t:|1658602035
|move|p1a: Lobacion|Volt Switch|p2a: Chandelure
|-damage|p2a: Chandelure|4/100
|
|t:|1658602037
|switch|p1a: Rangtrowth|Tangrowth, F|42/100 psn|[from]move: Volt Switch
|-damage|p1a: Rangtrowth|29/100 psn|[from] Stealth Rock
|move|p2a: Chandelure|Flamethrower|p1a: Rangtrowth
|-supereffective|p1a: Rangtrowth
|-crit|p1a: Rangtrowth
|-damage|p1a: Rangtrowth|0 fnt
|faint|p1a: Rangtrowth
|
|upkeep
|
|t:|1658602060
|switch|p1a: Glowbro-Salar|Slowbro-Galar, F|43/100
|-damage|p1a: Glowbro-Salar|30/100|[from] Stealth Rock
|turn|65
|
|t:|1658602074
|switch|p1a: Lobacion|Cobalion|82/100
|-damage|p1a: Lobacion|79/100|[from] Stealth Rock
|move|p2a: Chandelure|Flamethrower|p1a: Lobacion
|-supereffective|p1a: Lobacion
|-damage|p1a: Lobacion|0 fnt
|faint|p1a: Lobacion
|
|upkeep
|
|t:|1658602076
|switch|p1a: Wamosmine|Mamoswine, M|54/100
|-damage|p1a: Wamosmine|41/100|[from] Stealth Rock
|turn|66
|
|t:|1658602095
|move|p1a: Wamosmine|Ice Shard|p2a: Chandelure
|-resisted|p2a: Chandelure
|-damage|p2a: Chandelure|0 fnt
|faint|p2a: Chandelure
|
|upkeep
|
|t:|1658602102
|switch|p2a: Azelf|Azelf|59/100
|turn|67
|
|t:|1658602119
|move|p1a: Wamosmine|Ice Shard|p2a: Azelf
|-damage|p2a: Azelf|20/100
|move|p2a: Azelf|Psychic|p1a: Wamosmine
|-damage|p1a: Wamosmine|0 fnt
|faint|p1a: Wamosmine
|
|upkeep
|
|t:|1658602121
|switch|p1a: Glowbro-Salar|Slowbro-Galar, F|63/100
|-damage|p1a: Glowbro-Salar|51/100|[from] Stealth Rock
|turn|68
|
|t:|1658602127
|move|p2a: Azelf|Psychic|p1a: Glowbro-Salar
|-damage|p1a: Glowbro-Salar|0 fnt
|faint|p1a: Glowbro-Salar
|
|win|passion
|c|☆passion|gg
|c|☆Amane Misa|gg
