|inactive|Battle timer is ON: inactive players will automatically lose when time's up.
|t:|1667333015
|gametype|singles
|player|p1|KM|#scl2foxes|
|player|p2|romanji ≛|courtney|
|teamsize|p1|6
|teamsize|p2|6
|gen|8
|tier|[Gen 8] UU
|rule|Sleep Clause Mod: Limit one foe put to sleep
|rule|Species Clause: Limit one of each Pokémon
|rule|OHKO Clause: OHKO moves are banned
|rule|Evasion Items Clause: Evasion items are banned
|rule|Evasion Moves Clause: Evasion moves are banned
|rule|Endless Battle Clause: Forcing endless battles is banned
|rule|HP Percentage Mod: HP is shown in percentages
|rule|Dynamax Clause: You cannot dynamax
|clearpoke
|poke|p1|Thundurus-Therian, M|
|poke|p1|Excadrill, M|
|poke|p1|Primarina, M|
|poke|p1|Zarude|
|poke|p1|Reuniclus, F|
|poke|p1|Cobalion|
|poke|p2|Seismitoad, F|
|poke|p2|Amoonguss, F|
|poke|p2|Togekiss, M|
|poke|p2|Lycanroc-Dusk, M|
|poke|p2|Scizor, M|
|poke|p2|Necrozma|
|teampreview
|c|☆romanji ≛|hf
|c|☆KM|u2u2
|inactive|KM has 270 seconds left.
|inactive|romanji ≛ has 270 seconds left.
|
|t:|1667333057
|start
|switch|p1a: ranky|Reuniclus, F|100/100
|switch|p2a: Scizor|Scizor, M|100/100
|turn|1
|
|t:|1667333071
|switch|p1a: hit me harder|Cobalion|100/100
|move|p2a: Scizor|U-turn|p1a: hit me harder
|-resisted|p1a: hit me harder
|-damage|p1a: hit me harder|94/100
|inactive|romanji ≛ has 270 seconds left.
|
|t:|1667333123
|switch|p2a: Seismitoad|Seismitoad, F|100/100|[from]move: U-turn
|
|-heal|p1a: hit me harder|99/100|[from] item: Leftovers
|upkeep
|turn|2
|
|t:|1667333142
|switch|p1a: ranky|Reuniclus, F|100/100
|move|p2a: Seismitoad|Knock Off|p1a: ranky
|-supereffective|p1a: ranky
|-damage|p1a: ranky|67/100
|-damage|p2a: Seismitoad|84/100|[from] item: Rocky Helmet|[of] p1a: ranky
|-enditem|p1a: ranky|Rocky Helmet|[from] move: Knock Off|[of] p2a: Seismitoad
|
|-heal|p2a: Seismitoad|90/100|[from] item: Leftovers
|upkeep
|turn|3
|
|t:|1667333159
|switch|p2a: Necrozma|Necrozma|100/100
|move|p1a: ranky|Knock Off|p2a: Necrozma
|-supereffective|p2a: Necrozma
|-damage|p2a: Necrozma|84/100
|-enditem|p2a: Necrozma|Lum Berry|[from] move: Knock Off|[of] p1a: ranky
|
|upkeep
|turn|4
|
|t:|1667333172
|move|p2a: Necrozma|Heat Wave|p1a: ranky
|-damage|p1a: ranky|46/100
|move|p1a: ranky|Toxic|p2a: Necrozma
|-status|p2a: Necrozma|tox
|
|-damage|p2a: Necrozma|78/100 tox|[from] psn
|upkeep
|turn|5
|
|t:|1667333181
|switch|p2a: Scizor|Scizor, M|100/100
|move|p1a: ranky|Recover|p1a: ranky
|-heal|p1a: ranky|96/100
|
|upkeep
|turn|6
|
|t:|1667333194
|move|p2a: Scizor|U-turn|p1a: ranky
|-supereffective|p1a: ranky
|-damage|p1a: ranky|34/100
|inactive|romanji ≛ has 240 seconds left.
|inactive|romanji ≛ has 210 seconds left.
|
|t:|1667333240
|switch|p2a: Togekiss|Togekiss, M|100/100|[from]move: U-turn
|move|p1a: ranky|Recover|p1a: ranky
|-heal|p1a: ranky|84/100
|
|upkeep
|turn|7
|inactive|romanji ≛ has 210 seconds left.
|
|t:|1667333253
|switch|p1a: disco 2001|Excadrill, M|100/100
|-ability|p1a: disco 2001|Mold Breaker
|move|p2a: Togekiss|Air Slash|p1a: disco 2001
|-resisted|p1a: disco 2001
|-damage|p1a: disco 2001|85/100
|
|-heal|p1a: disco 2001|91/100|[from] item: Leftovers
|upkeep
|turn|8
|inactive|romanji ≛ has 210 seconds left.
|
|t:|1667333265
|switch|p2a: Amoonguss|Amoonguss, F|100/100
|move|p1a: disco 2001|Stealth Rock|p2a: Amoonguss
|-sidestart|p2: romanji ≛|move: Stealth Rock
|
|-heal|p1a: disco 2001|97/100|[from] item: Leftovers
|upkeep
|turn|9
|inactive|romanji ≛ has 210 seconds left.
|
|t:|1667333277
|switch|p1a: on the move|Zarude|100/100
|move|p2a: Amoonguss|Sludge Bomb|p1a: on the move
|-supereffective|p1a: on the move
|-damage|p1a: on the move|47/100
|
|upkeep
|turn|10
|inactive|romanji ≛ has 210 seconds left.
|
|t:|1667333290
|move|p1a: on the move|U-turn|p2a: Amoonguss
|-damage|p2a: Amoonguss|83/100
|-damage|p1a: on the move|30/100|[from] item: Rocky Helmet|[of] p2a: Amoonguss
|
|t:|1667333293
|switch|p1a: ranky|Reuniclus, F|84/100|[from]move: U-turn
|move|p2a: Amoonguss|Stun Spore|p1a: ranky
|-status|p1a: ranky|par
|
|upkeep
|turn|11
|
|t:|1667333303
|switch|p2a: Togekiss|Togekiss, M|100/100
|cant|p1a: ranky|par
|
|upkeep
|turn|12
|
|t:|1667333315
|switch|p2a: Lycanroc|Lycanroc-Dusk, M|100/100
|-damage|p2a: Lycanroc|88/100|[from] Stealth Rock
|cant|p1a: ranky|par
|
|upkeep
|turn|13
|c|☆KM|rippo
|inactive|romanji ≛ has 210 seconds left.
|
|t:|1667333339
|switch|p2a: Scizor|Scizor, M|100/100
|move|p1a: ranky|Knock Off|p2a: Scizor
|-damage|p2a: Scizor|87/100
|-enditem|p2a: Scizor|Heavy-Duty Boots|[from] move: Knock Off|[of] p1a: ranky
|
|upkeep
|turn|14
|inactive|romanji ≛ has 210 seconds left.
|
|t:|1667333348
|switch|p1a: hit me harder|Cobalion|99/100
|move|p2a: Scizor|U-turn|p1a: hit me harder
|-resisted|p1a: hit me harder
|-damage|p1a: hit me harder|93/100
|inactive|romanji ≛ has 210 seconds left.
|
|t:|1667333354
|switch|p2a: Lycanroc|Lycanroc-Dusk, M|88/100|[from]move: U-turn
|-damage|p2a: Lycanroc|76/100|[from] Stealth Rock
|
|-heal|p1a: hit me harder|99/100|[from] item: Leftovers
|upkeep
|turn|15
|inactive|romanji ≛ has 210 seconds left.
|
|t:|1667333386
|switch|p1a: ranky|Reuniclus, F|84/100 par
|move|p2a: Lycanroc|Close Combat|p1a: ranky
|-resisted|p1a: ranky
|-damage|p1a: ranky|46/100 par
|-unboost|p2a: Lycanroc|def|1
|-unboost|p2a: Lycanroc|spd|1
|
|upkeep
|turn|16
|inactive|romanji ≛ has 180 seconds left.
|inactive|romanji ≛ has 150 seconds left.
|
|t:|1667333446
|switch|p2a: Scizor|Scizor, M|87/100
|-damage|p2a: Scizor|75/100|[from] Stealth Rock
|cant|p1a: ranky|par
|
|upkeep
|turn|17
|c|☆romanji ≛|mb
|c|☆KM|no worries
|
|t:|1667333464
|switch|p1a: hit me harder|Cobalion|99/100
|move|p2a: Scizor|U-turn|p1a: hit me harder
|-resisted|p1a: hit me harder
|-damage|p1a: hit me harder|92/100
|
|t:|1667333469
|switch|p2a: Lycanroc|Lycanroc-Dusk, M|76/100|[from]move: U-turn
|-damage|p2a: Lycanroc|63/100|[from] Stealth Rock
|
|-heal|p1a: hit me harder|98/100|[from] item: Leftovers
|upkeep
|turn|18
|
|t:|1667333479
|switch|p1a: ranky|Reuniclus, F|46/100 par
|move|p2a: Lycanroc|Close Combat|p1a: ranky
|-resisted|p1a: ranky
|-damage|p1a: ranky|9/100 par
|-unboost|p2a: Lycanroc|def|1
|-unboost|p2a: Lycanroc|spd|1
|
|upkeep
|turn|19
|inactive|romanji ≛ has 150 seconds left.
|
|t:|1667333485
|move|p2a: Lycanroc|Close Combat|p1a: ranky
|-resisted|p1a: ranky
|-damage|p1a: ranky|0 fnt
|-unboost|p2a: Lycanroc|def|1
|-unboost|p2a: Lycanroc|spd|1
|faint|p1a: ranky
|
|upkeep
|
|t:|1667333497
|switch|p1a: i kiss your lips|Primarina, M|100/100
|turn|20
|
|t:|1667333510
|switch|p2a: Seismitoad|Seismitoad, F|90/100
|-damage|p2a: Seismitoad|84/100|[from] Stealth Rock
|move|p1a: i kiss your lips|Calm Mind|p1a: i kiss your lips
|-boost|p1a: i kiss your lips|spa|1
|-boost|p1a: i kiss your lips|spd|1
|
|-heal|p2a: Seismitoad|90/100|[from] item: Leftovers
|upkeep
|turn|21
|
|t:|1667333519
|move|p2a: Seismitoad|Toxic|p1a: i kiss your lips
|-status|p1a: i kiss your lips|tox
|move|p1a: i kiss your lips|Moonblast|p2a: Seismitoad
|-damage|p2a: Seismitoad|24/100
|
|-heal|p2a: Seismitoad|30/100|[from] item: Leftovers
|-damage|p1a: i kiss your lips|94/100 tox|[from] psn
|upkeep
|turn|22
|
|t:|1667333531
|move|p2a: Seismitoad|Stealth Rock|p1a: i kiss your lips
|-sidestart|p1: KM|move: Stealth Rock
|move|p1a: i kiss your lips|Calm Mind|p1a: i kiss your lips
|-boost|p1a: i kiss your lips|spa|1
|-boost|p1a: i kiss your lips|spd|1
|
|-heal|p2a: Seismitoad|36/100|[from] item: Leftovers
|-heal|p1a: i kiss your lips|100/100 tox|[from] item: Leftovers
|-damage|p1a: i kiss your lips|88/100 tox|[from] psn
|upkeep
|turn|23
|
|t:|1667333540
|move|p2a: Seismitoad|Knock Off|p1a: i kiss your lips
|-resisted|p1a: i kiss your lips
|-damage|p1a: i kiss your lips|81/100 tox
|-enditem|p1a: i kiss your lips|Leftovers|[from] move: Knock Off|[of] p2a: Seismitoad
|move|p1a: i kiss your lips|Moonblast|p2a: Seismitoad
|-damage|p2a: Seismitoad|0 fnt
|faint|p2a: Seismitoad
|
|-damage|p1a: i kiss your lips|63/100 tox|[from] psn
|upkeep
|inactive|romanji ≛ has 150 seconds left.
|
|t:|1667333577
|switch|p2a: Lycanroc|Lycanroc-Dusk, M|63/100
|-damage|p2a: Lycanroc|51/100|[from] Stealth Rock
|turn|24
|
|t:|1667333584
|switch|p1a: disco 2001|Excadrill, M|97/100
|-damage|p1a: disco 2001|94/100|[from] Stealth Rock
|-ability|p1a: disco 2001|Mold Breaker
|move|p2a: Lycanroc|Stone Edge|p1a: disco 2001
|-resisted|p1a: disco 2001
|-damage|p1a: disco 2001|68/100
|
|-heal|p1a: disco 2001|74/100|[from] item: Leftovers
|upkeep
|turn|25
|
|t:|1667333596
|switch|p2a: Amoonguss|Amoonguss, F|100/100
|-damage|p2a: Amoonguss|88/100|[from] Stealth Rock
|move|p1a: disco 2001|Rapid Spin|p2a: Amoonguss
|-damage|p2a: Amoonguss|78/100
|-boost|p1a: disco 2001|spe|1
|-damage|p1a: disco 2001|57/100|[from] item: Rocky Helmet|[of] p2a: Amoonguss
|-sideend|p1: KM|Stealth Rock|[from] move: Rapid Spin|[of] p1a: disco 2001
|
|-heal|p1a: disco 2001|63/100|[from] item: Leftovers
|upkeep
|turn|26
|
|t:|1667333618
|move|p1a: disco 2001|Earthquake|p2a: Amoonguss
|-damage|p2a: Amoonguss|44/100
|move|p2a: Amoonguss|Sludge Bomb|p1a: disco 2001
|-immune|p1a: disco 2001
|
|-heal|p1a: disco 2001|69/100|[from] item: Leftovers
|upkeep
|turn|27
|
|t:|1667333628
|move|p1a: disco 2001|Earthquake|p2a: Amoonguss
|-crit|p2a: Amoonguss
|-damage|p2a: Amoonguss|0 fnt
|faint|p2a: Amoonguss
|
|-heal|p1a: disco 2001|75/100|[from] item: Leftovers
|upkeep
|c|☆KM|ah mb
|
|t:|1667333649
|switch|p2a: Necrozma|Necrozma|78/100 tox
|-damage|p2a: Necrozma|66/100 tox|[from] Stealth Rock
|turn|28
|
|t:|1667333656
|move|p1a: disco 2001|Iron Head|p2a: Necrozma
|-damage|p2a: Necrozma|42/100 tox
|move|p2a: Necrozma|Heat Wave|p1a: disco 2001
|-supereffective|p1a: disco 2001
|-damage|p1a: disco 2001|14/100
|
|-heal|p1a: disco 2001|20/100|[from] item: Leftovers
|-damage|p2a: Necrozma|36/100 tox|[from] psn
|upkeep
|turn|29
|inactive|romanji ≛ has 120 seconds left.
|
|t:|1667333685
|move|p1a: disco 2001|Iron Head|p2a: Necrozma
|-damage|p2a: Necrozma|12/100 tox
|move|p2a: Necrozma|Moonlight|p2a: Necrozma
|-heal|p2a: Necrozma|62/100 tox
|
|-heal|p1a: disco 2001|27/100|[from] item: Leftovers
|-damage|p2a: Necrozma|50/100 tox|[from] psn
|upkeep
|turn|30
|inactive|romanji ≛ has 120 seconds left.
|
|t:|1667333701
|move|p1a: disco 2001|Iron Head|p2a: Necrozma
|-damage|p2a: Necrozma|24/100 tox
|move|p2a: Necrozma|Heat Wave|p1a: disco 2001
|-supereffective|p1a: disco 2001
|-damage|p1a: disco 2001|0 fnt
|faint|p1a: disco 2001
|
|-damage|p2a: Necrozma|6/100 tox|[from] psn
|upkeep
|
|t:|1667333721
|switch|p1a: on the move|Zarude|30/100
|turn|31
|inactive|romanji ≛ has 120 seconds left.
|
|t:|1667333728
|move|p1a: on the move|Darkest Lariat|p2a: Necrozma
|-supereffective|p2a: Necrozma
|-damage|p2a: Necrozma|0 fnt
|faint|p2a: Necrozma
|
|upkeep
|inactive|romanji ≛ has 120 seconds left.
|
|t:|1667333734
|switch|p2a: Togekiss|Togekiss, M|100/100
|turn|32
|
|t:|1667333740
|switch|p1a: love generation|Thundurus-Therian, M|100/100
|move|p2a: Togekiss|Air Slash|p1a: love generation
|-resisted|p1a: love generation
|-damage|p1a: love generation|79/100
|
|upkeep
|turn|33
|
|t:|1667333750
|switch|p2a: Scizor|Scizor, M|75/100
|-damage|p2a: Scizor|62/100|[from] Stealth Rock
|move|p1a: love generation|Thunderbolt|p2a: Scizor
|-damage|p2a: Scizor|13/100
|
|upkeep
|turn|34
|
|t:|1667333758
|move|p2a: Scizor|Bullet Punch|p1a: love generation
|-resisted|p1a: love generation
|-damage|p1a: love generation|57/100
|move|p1a: love generation|Thunderbolt|p2a: Scizor
|-damage|p2a: Scizor|0 fnt
|faint|p2a: Scizor
|
|upkeep
|
|t:|1667333770
|switch|p2a: Lycanroc|Lycanroc-Dusk, M|51/100
|-damage|p2a: Lycanroc|39/100|[from] Stealth Rock
|turn|35
|
|t:|1667333780
|switch|p1a: i kiss your lips|Primarina, M|63/100 tox
|move|p2a: Lycanroc|Accelerock|p1a: i kiss your lips
|-damage|p1a: i kiss your lips|30/100 tox
|
|-damage|p1a: i kiss your lips|24/100 tox|[from] psn
|upkeep
|turn|36
|
|t:|1667333795
|switch|p2a: Togekiss|Togekiss, M|100/100
|move|p1a: i kiss your lips|Moonblast|p2a: Togekiss
|-damage|p2a: Togekiss|72/100
|
|-damage|p1a: i kiss your lips|11/100 tox|[from] psn
|upkeep
|turn|37
|
|t:|1667333810
|move|p2a: Togekiss|Air Slash|p1a: i kiss your lips
|-damage|p1a: i kiss your lips|0 fnt
|faint|p1a: i kiss your lips
|
|upkeep
|
|t:|1667333812
|switch|p1a: love generation|Thundurus-Therian, M|57/100
|turn|38
|
|t:|1667333820
|move|p1a: love generation|Thunderbolt|p2a: Togekiss
|-supereffective|p2a: Togekiss
|-damage|p2a: Togekiss|1/100
|move|p2a: Togekiss|Air Slash|p1a: love generation
|-resisted|p1a: love generation
|-damage|p1a: love generation|35/100
|
|upkeep
|turn|39
|c|☆KM|ate
|c|☆romanji ≛|ate
|
|t:|1667333828
|move|p1a: love generation|Thunderbolt|p2a: Togekiss
|-supereffective|p2a: Togekiss
|-damage|p2a: Togekiss|0 fnt
|faint|p2a: Togekiss
|
|upkeep
|c|+Permission Slip|1
|
|t:|1667333831
|switch|p2a: Lycanroc|Lycanroc-Dusk, M|39/100
|-damage|p2a: Lycanroc|26/100|[from] Stealth Rock
|turn|40
|
|t:|1667333834
|move|p2a: Lycanroc|Close Combat|p1a: love generation
|-resisted|p1a: love generation
|-damage|p1a: love generation|0 fnt
|-unboost|p2a: Lycanroc|def|1
|-unboost|p2a: Lycanroc|spd|1
|faint|p1a: love generation
|
|upkeep
|
|t:|1667333836
|switch|p1a: on the move|Zarude|30/100
|turn|41
|c|☆romanji ≛|gg
|
|t:|1667333840
|move|p1a: on the move|Darkest Lariat|p2a: Lycanroc
|-damage|p2a: Lycanroc|0 fnt
|faint|p2a: Lycanroc
|
|win|KM
