|inactive|Battle timer is ON: inactive players will automatically lose when time's up.
|t:|1649009728
|gametype|singles
|player|p1|passion|beauty-gen3rs|
|player|p2|Moutemoute|#moutemoute|
|teamsize|p1|6
|teamsize|p2|6
|gen|8
|tier|[Gen 8] UU
|rule|Sleep Clause Mod: Limit one foe put to sleep
|rule|Species Clause: Limit one of each Pokémon
|rule|OHKO Clause: OHKO moves are banned
|rule|Evasion Moves Clause: Evasion moves are banned
|rule|Endless Battle Clause: Forcing endless battles is banned
|rule|HP Percentage Mod: HP is shown in percentages
|rule|Dynamax Clause: You cannot dynamax
|clearpoke
|poke|p1|Volcanion|
|poke|p1|Nihilego|
|poke|p1|Tangrowth, M|
|poke|p1|Aegislash, M|
|poke|p1|Celesteela|
|poke|p1|Diggersby, M|
|poke|p2|Entei|
|poke|p2|Zarude|
|poke|p2|Tentacruel, M|
|poke|p2|Cobalion|
|poke|p2|Togekiss, M|
|poke|p2|Diggersby, F|
|teampreview
|c|☆passion|hf
|c|☆Moutemoute|hf
|c|+avarice|go passion
|inactive|passion has 270 seconds left.
|inactive|Moutemoute has 270 seconds left.
|c|+pokemonisfun|2019 friend on friend violence
|inactive|passion has 240 seconds left.
|
|t:|1649009788
|start
|switch|p1a: Diggersby|Diggersby, M|100/100
|switch|p2a: Cobalion|Cobalion|100/100
|turn|1
|
|t:|1649009793
|move|p1a: Diggersby|U-turn|p2a: Cobalion
|-resisted|p2a: Cobalion
|-damage|p2a: Cobalion|94/100
|
|t:|1649009796
|switch|p1a: Aegislash|Aegislash, M|100/100|[from]move: U-turn
|move|p2a: Cobalion|Close Combat|p1a: Aegislash
|-immune|p1a: Aegislash
|
|upkeep
|turn|2
|
|t:|1649009806
|move|p2a: Cobalion|Volt Switch|p1a: Aegislash
|-damage|p1a: Aegislash|86/100
|
|t:|1649009808
|switch|p2a: Tentacruel|Tentacruel, M|100/100|[from]move: Volt Switch
|-formechange|p1a: Aegislash|Aegislash-Blade||[from] ability: Stance Change
|move|p1a: Aegislash|Flash Cannon|p2a: Tentacruel
|-resisted|p2a: Tentacruel
|-damage|p2a: Tentacruel|68/100
|
|-heal|p2a: Tentacruel|74/100|[from] item: Black Sludge
|upkeep
|turn|3
|c|+vivalospride|PASSION
|
|t:|1649009821
|switch|p1a: Volcanion|Volcanion|100/100
|move|p2a: Tentacruel|Knock Off|p1a: Volcanion
|-damage|p1a: Volcanion|87/100
|-enditem|p1a: Volcanion|Heavy-Duty Boots|[from] move: Knock Off|[of] p2a: Tentacruel
|
|-heal|p2a: Tentacruel|80/100|[from] item: Black Sludge
|upkeep
|turn|4
|c|+vivalospride|i’m passionate about passion
|
|t:|1649009833
|move|p2a: Tentacruel|Sludge Bomb|p1a: Volcanion
|-damage|p1a: Volcanion|54/100
|move|p1a: Volcanion|Steam Eruption|p2a: Tentacruel
|-resisted|p2a: Tentacruel
|-damage|p2a: Tentacruel|54/100
|-status|p2a: Tentacruel|brn
|
|-heal|p2a: Tentacruel|60/100 brn|[from] item: Black Sludge
|-damage|p2a: Tentacruel|54/100 brn|[from] brn
|upkeep
|turn|5
|inactive|passion has 270 seconds left.
|
|t:|1649009865
|switch|p2a: Togekiss|Togekiss, M|100/100
|switch|p1a: Aegislash|Aegislash, M|86/100
|
|upkeep
|turn|6
|c|+estarossa|im passionate about gsc uu
|inactive|passion has 270 seconds left.
|inactive|Moutemoute has 270 seconds left.
|c|+LpZ IV|im not passion
|c|+pokemonisfun|mence — Today at 2:18 PM
|c|+pokemonisfun|can u 0/10 esta for me @Sage Junipero
|c|+pokemonisfun|dont wanna log in
|c|+pokemonisfun|@estarossa
|inactive|Moutemoute has 240 seconds left.
|
|t:|1649009932
|switch|p2a: Tentacruel|Tentacruel, M|54/100 brn
|-formechange|p1a: Aegislash|Aegislash-Blade||[from] ability: Stance Change
|move|p1a: Aegislash|Flash Cannon|p2a: Tentacruel
|-resisted|p2a: Tentacruel
|-damage|p2a: Tentacruel|20/100 brn
|
|-heal|p2a: Tentacruel|26/100 brn|[from] item: Black Sludge
|-damage|p2a: Tentacruel|20/100 brn|[from] brn
|upkeep
|turn|7
|inactive|passion has 270 seconds left.
|inactive|Moutemoute has 240 seconds left.
|inactive|passion has 240 seconds left.
|
|t:|1649009973
|switch|p2a: Cobalion|Cobalion|94/100
|move|p1a: Aegislash|Flash Cannon|p2a: Cobalion
|-resisted|p2a: Cobalion
|-crit|p2a: Cobalion
|-damage|p2a: Cobalion|17/100
|
|upkeep
|turn|8
|inactive|passion has 240 seconds left.
|inactive|Moutemoute has 210 seconds left.
|
|t:|1649010008
|move|p2a: Cobalion|Volt Switch|p1a: Aegislash
|-damage|p1a: Aegislash|55/100
|
|t:|1649010015
|switch|p2a: Entei|Entei|100/100|[from]move: Volt Switch
|move|p1a: Aegislash|Flash Cannon|p2a: Entei
|-resisted|p2a: Entei
|-crit|p2a: Entei
|-damage|p2a: Entei|42/100
|
|upkeep
|turn|9
|c|☆Moutemoute|uh
|inactive|Moutemoute has 210 seconds left.
|c|☆passion|oop sry
|inactive|passion has 240 seconds left.
|c|+KSt3ve|no moute don't lose you are beautiful
|inactive|passion has 210 seconds left.
|
|t:|1649010082
|switch|p1a: Volcanion|Volcanion|54/100
|move|p2a: Entei|Stone Edge|p1a: Volcanion
|-supereffective|p1a: Volcanion
|-damage|p1a: Volcanion|0 fnt
|faint|p1a: Volcanion
|
|upkeep
|
|t:|1649010088
|switch|p1a: Diggersby|Diggersby, M|100/100
|turn|10
|c|+pokemonisfun|KSt3ve am i pretty too
|c|+wanka|Win or lose moutes stonque goes up
|
|t:|1649010102
|switch|p2a: Togekiss|Togekiss, M|100/100
|move|p1a: Diggersby|Body Slam|p2a: Togekiss
|-damage|p2a: Togekiss|46/100
|-status|p2a: Togekiss|par
|
|upkeep
|turn|11
|
|t:|1649010111
|switch|p2a: Tentacruel|Tentacruel, M|20/100 brn
|move|p1a: Diggersby|Body Slam|p2a: Tentacruel
|-damage|p2a: Tentacruel|0 fnt
|faint|p2a: Tentacruel
|
|upkeep
|
|t:|1649010112
|switch|p2a: Diggersby|Diggersby, F|100/100
|turn|12
|
|t:|1649010116
|switch|p1a: Celesteela|Celesteela|100/100
|move|p2a: Diggersby|U-turn|p1a: Celesteela
|-resisted|p1a: Celesteela
|-damage|p1a: Celesteela|95/100
|
|t:|1649010118
|switch|p2a: Entei|Entei|42/100|[from]move: U-turn
|
|-heal|p1a: Celesteela|100/100|[from] item: Leftovers
|upkeep
|turn|13
|
|t:|1649010121
|move|p1a: Celesteela|Protect|p1a: Celesteela
|-singleturn|p1a: Celesteela|Protect
|move|p2a: Entei|Sacred Fire|p1a: Celesteela
|-activate|p1a: Celesteela|move: Protect
|
|upkeep
|turn|14
|inactive|passion has 240 seconds left.
|c|☆Moutemoute|mhhhh
|
|t:|1649010143
|switch|p1a: Nihilego|Nihilego|100/100
|move|p2a: Entei|Sacred Fire|p1a: Nihilego
|-resisted|p1a: Nihilego
|-crit|p1a: Nihilego
|-damage|p1a: Nihilego|14/100
|
|-heal|p1a: Nihilego|20/100|[from] item: Black Sludge
|upkeep
|turn|15
|c|+Expulso|good lord
|c|+KM|fire resist moment
|inactive|Moutemoute has 240 seconds left.
|c|+dingbat|"resist"
|
|t:|1649010162
|switch|p2a: Diggersby|Diggersby, F|100/100
|move|p1a: Nihilego|Stealth Rock|p2a: Diggersby
|-sidestart|p2: Moutemoute|move: Stealth Rock
|
|-heal|p1a: Nihilego|26/100|[from] item: Black Sludge
|upkeep
|turn|16
|c|+pokemonisfun|KSt3ve please dont leave me on read
|
|t:|1649010178
|switch|p1a: Tangrowth|Tangrowth, M|100/100
|move|p2a: Diggersby|Knock Off|p1a: Tangrowth
|-damage|p1a: Tangrowth|74/100
|-enditem|p1a: Tangrowth|Assault Vest|[from] move: Knock Off|[of] p2a: Diggersby
|
|upkeep
|turn|17
|c|☆Moutemoute|that crit on coba was so annoying
|inactive|Moutemoute has 240 seconds left.
|inactive|passion has 210 seconds left.
|
|t:|1649010200
|switch|p2a: Togekiss|Togekiss, M|46/100 par
|move|p1a: Tangrowth|Sludge Bomb|p2a: Togekiss
|-supereffective|p2a: Togekiss
|-damage|p2a: Togekiss|17/100 par
|
|upkeep
|turn|18
|c|+Adaam|focus moute
|c|+KM|moute with the post game chat mid game
|inactive|passion has 210 seconds left.
|inactive|Moutemoute has 240 seconds left.
|c|+pokemonisfun|personally chatting midgame helps me focus
|c|☆Moutemoute|dw adaam, i'm focused but those crits are nutty af
|inactive|passion has 180 seconds left.
|c|+odr|passion is a haxing loser moute make sure you remember that
|
|t:|1649010250
|switch|p1a: Aegislash|Aegislash, M|55/100
|cant|p2a: Togekiss|par
|
|upkeep
|turn|19
|c|+pokemonisfun|it is hard to focus though when KSt3ve ignores you 
|c|☆Moutemoute|shesh
|c|+odr|yeah look at him go
|c|+odr|its only gonna get worse
|inactive|Moutemoute has 210 seconds left.
|c|+odr|prepare yourself mentally
|c|☆passion|this is barely a game sry wish it was nicer
|c|+ramoloST|wtf
|c|+ramoloST|passion plays for uupl??
|inactive|Moutemoute has 180 seconds left.
|
|t:|1649010304
|switch|p2a: Zarude|Zarude|100/100
|-formechange|p1a: Aegislash|Aegislash-Blade||[from] ability: Stance Change
|move|p1a: Aegislash|Flash Cannon|p2a: Zarude
|-damage|p2a: Zarude|25/100
|
|upkeep
|turn|20
|inactive|passion has 180 seconds left.
|
|t:|1649010320
|switch|p1a: Celesteela|Celesteela|100/100
|move|p2a: Zarude|Darkest Lariat|p1a: Celesteela
|-damage|p1a: Celesteela|72/100
|
|-heal|p1a: Celesteela|78/100|[from] item: Leftovers
|upkeep
|turn|21
|
|t:|1649010329
|move|p2a: Zarude|U-turn|p1a: Celesteela
|-resisted|p1a: Celesteela
|-damage|p1a: Celesteela|74/100
|
|t:|1649010330
|switch|p2a: Togekiss|Togekiss, M|17/100 par|[from]move: U-turn
|move|p1a: Celesteela|Heavy Slam|p2a: Togekiss
|-supereffective|p2a: Togekiss
|-damage|p2a: Togekiss|0 fnt
|faint|p2a: Togekiss
|-ability|p1a: Celesteela|Beast Boost|boost
|-boost|p1a: Celesteela|spd|1
|
|-heal|p1a: Celesteela|80/100|[from] item: Leftovers
|upkeep
|
|t:|1649010336
|switch|p2a: Entei|Entei|42/100
|-damage|p2a: Entei|17/100|[from] Stealth Rock
|turn|22
|
|t:|1649010343
|move|p1a: Celesteela|Protect|p1a: Celesteela
|-singleturn|p1a: Celesteela|Protect
|move|p2a: Entei|Sacred Fire|p1a: Celesteela
|-activate|p1a: Celesteela|move: Protect
|
|-heal|p1a: Celesteela|86/100|[from] item: Leftovers
|upkeep
|turn|23
|
|t:|1649010367
|switch|p1a: Nihilego|Nihilego|26/100
|move|p2a: Entei|Sacred Fire|p1a: Nihilego
|-resisted|p1a: Nihilego
|-damage|p1a: Nihilego|0 fnt
|faint|p1a: Nihilego
|
|upkeep
|
|t:|1649010369
|switch|p1a: Diggersby|Diggersby, M|100/100
|turn|24
|
|t:|1649010379
|move|p1a: Diggersby|Body Slam|p2a: Entei
|-damage|p2a: Entei|0 fnt
|faint|p2a: Entei
|
|upkeep
|
|t:|1649010382
|switch|p2a: Diggersby|Diggersby, F|100/100
|-damage|p2a: Diggersby|94/100|[from] Stealth Rock
|turn|25
|inactive|passion has 210 seconds left.
|
|t:|1649010388
|switch|p1a: Tangrowth|Tangrowth, M|100/100
|move|p2a: Diggersby|Knock Off|p1a: Tangrowth
|-damage|p1a: Tangrowth|82/100
|
|upkeep
|turn|26
|c|+KSt3ve|OH NO
|c|+KSt3ve|I M SO SORRRYYY pokemonisfun
|inactive|Moutemoute has 210 seconds left.
|c|☆Moutemoute|yeah soz team, can't win that one while being that far behind
|c|+pokemonisfun|its okay
|c|☆Moutemoute|gg
|-message|Moutemoute forfeited.
|
|win|passion
|c|☆passion|gg
