|inactive|Battle timer is ON: inactive players will automatically lose when time's up.
|t:|1662910175
|gametype|singles
|player|p1|kumiko ✿|#scl1platoon|
|player|p2|KSt3ve|lucas|
|teamsize|p1|6
|teamsize|p2|6
|gen|8
|tier|[Gen 8] UU
|rule|Sleep Clause Mod: Limit one foe put to sleep
|rule|Species Clause: Limit one of each Pokémon
|rule|OHKO Clause: OHKO moves are banned
|rule|Evasion Items Clause: Evasion items are banned
|rule|Evasion Moves Clause: Evasion moves are banned
|rule|Endless Battle Clause: Forcing endless battles is banned
|rule|HP Percentage Mod: HP is shown in percentages
|rule|Dynamax Clause: You cannot dynamax
|clearpoke
|poke|p1|Chansey, F|
|poke|p1|Salamence, F|
|poke|p1|Rotom-Wash|
|poke|p1|Golurk|
|poke|p1|Cobalion|
|poke|p1|Zarude-Dada|
|poke|p2|Starmie|
|poke|p2|Zarude|
|poke|p2|Mamoswine, F|
|poke|p2|Chansey, F|
|poke|p2|Skarmory, F|
|poke|p2|Crobat, F|
|teampreview
|c|☆kumiko ✿|hf
|c|☆KSt3ve|Hf bro
|c|+Inder|STEVE
|c|+basaninho|go congélo!!
|c|+emma|kst3ve
|c|+soulgazer|indiebear
|c|+SOULWIND|wash him congelateur
|inactive|kumiko ✿ has 270 seconds left.
|inactive|KSt3ve has 270 seconds left.
|c|+lax|infraction
|c|+Inder|froze him tse
|c|+Enzonana '-'|VAMOS STEVE
|
|t:|1662910234
|start
|switch|p1a: latias (uubl)|Salamence, F|100/100
|switch|p2a: Crobat|Crobat, F|100/100
|-ability|p1a: latias (uubl)|Intimidate|boost
|-unboost|p2a: Crobat|atk|1
|turn|1
|
|t:|1662910245
|move|p2a: Crobat|U-turn|p1a: latias (uubl)
|-resisted|p1a: latias (uubl)
|-damage|p1a: latias (uubl)|96/100
|
|t:|1662910252
|switch|p2a: Chansey|Chansey, F|100/100|[from]move: U-turn
|move|p1a: latias (uubl)|Flamethrower|p2a: Chansey
|-damage|p2a: Chansey|94/100
|
|upkeep
|turn|2
|
|t:|1662910262
|switch|p1a: maldemoiselle|Chansey, F|100/100
|move|p2a: Chansey|Stealth Rock|p1a: maldemoiselle
|-sidestart|p1: kumiko ✿|move: Stealth Rock
|
|upkeep
|turn|3
|c|+Mimilucha|VAMOS STEVE
|
|t:|1662910273
|switch|p2a: Skarmory|Skarmory, F|100/100
|move|p1a: maldemoiselle|Stealth Rock|p2a: Skarmory
|-sidestart|p2: KSt3ve|move: Stealth Rock
|
|upkeep
|turn|4
|
|t:|1662910279
|switch|p1a: watch general|Rotom-Wash|100/100
|-damage|p1a: watch general|88/100|[from] Stealth Rock
|move|p2a: Skarmory|Spikes|p1a: watch general
|-sidestart|p1: kumiko ✿|Spikes
|
|-heal|p1a: watch general|94/100|[from] item: Leftovers
|upkeep
|turn|5
|
|t:|1662910281
|switch|p2a: Zarude|Zarude|100/100
|move|p1a: watch general|Will-O-Wisp|p2a: Zarude
|-status|p2a: Zarude|brn
|
|-heal|p1a: watch general|100/100|[from] item: Leftovers
|-damage|p2a: Zarude|95/100 brn|[from] brn
|upkeep
|turn|6
|
|t:|1662910295
|move|p2a: Zarude|Jungle Healing|p2a: Zarude
|-heal|p2a: Zarude|100/100 brn
|-curestatus|p2a: Zarude|brn|[msg]
|move|p1a: watch general|Volt Switch|p2a: Zarude
|-resisted|p2a: Zarude
|-damage|p2a: Zarude|88/100
|
|t:|1662910299
|switch|p1a: Cobalion|Cobalion|100/100|[from]move: Volt Switch
|-damage|p1a: Cobalion|97/100|[from] Stealth Rock
|-damage|p1a: Cobalion|85/100|[from] Spikes
|
|-heal|p1a: Cobalion|91/100|[from] item: Leftovers
|upkeep
|turn|7
|inactive|KSt3ve has 270 seconds left.
|
|t:|1662910336
|switch|p1a: watch general|Rotom-Wash|100/100
|-damage|p1a: watch general|88/100|[from] Stealth Rock
|switch|p2a: Skarmory|Skarmory, F|100/100
|-damage|p2a: Skarmory|88/100|[from] Stealth Rock
|
|-heal|p1a: watch general|94/100|[from] item: Leftovers
|upkeep
|turn|8
|inactive|KSt3ve has 270 seconds left.
|
|t:|1662910352
|switch|p2a: Zarude|Zarude|88/100
|move|p1a: watch general|Volt Switch|p2a: Zarude
|-resisted|p2a: Zarude
|-damage|p2a: Zarude|75/100
|
|t:|1662910355
|switch|p1a: Cobalion|Cobalion|91/100|[from]move: Volt Switch
|-damage|p1a: Cobalion|88/100|[from] Stealth Rock
|-damage|p1a: Cobalion|76/100|[from] Spikes
|
|-heal|p1a: Cobalion|82/100|[from] item: Leftovers
|upkeep
|turn|9
|inactive|KSt3ve has 270 seconds left.
|inactive|KSt3ve has 240 seconds left.
|
|t:|1662910417
|switch|p2a: Starmie|Starmie|100/100
|move|p1a: Cobalion|Swords Dance|p1a: Cobalion
|-boost|p1a: Cobalion|atk|2
|
|-heal|p1a: Cobalion|88/100|[from] item: Leftovers
|upkeep
|turn|10
|c|+Inder|allez congelo
|c|+aaykk|on a compris
|inactive|KSt3ve has 210 seconds left.
|c|+Mimilucha|allez congelo
|c|+AzZoCcX|allez congelo
|c|+Highways|mdr
|c|+Enzonana '-'|mdrrrr
|c|+Mimilucha|mdrr
|c|+aaykk|mdrrrr
|c|+AzZoCcX|mdrrrrrr
|c|+f~~~reezai!|bom dia
|c|+AzZoCcX|bd
|inactive|kumiko ✿ has 270 seconds left.
|c|+aaykk|bd
|c|+Mimilucha|bd AzZoCcX
|c|+Mimilucha|:)
|c|+AzZoCcX|:)
|
|t:|1662910468
|move|p2a: Starmie|Scald|p1a: Cobalion
|-damage|p1a: Cobalion|52/100
|move|p1a: Cobalion|Megahorn|p2a: Starmie
|-supereffective|p2a: Starmie
|-damage|p2a: Starmie|0 fnt
|faint|p2a: Starmie
|
|-heal|p1a: Cobalion|58/100|[from] item: Leftovers
|upkeep
|inactive|KSt3ve has 180 seconds left.
|inactive|KSt3ve disconnected and has 300 seconds to reconnect!
|player|p2|
|inactive|KSt3ve has 270 seconds to reconnect!
|c|+Inder|aaykk aigri va
|inactive|KSt3ve reconnected and has 170 seconds left.
|player|p2|KSt3ve|lucas
|c|+AzZoCcX|oh le csc
|inactive|KSt3ve has 150 seconds left.
|
|t:|1662910581
|switch|p2a: Skarmory|Skarmory, F|88/100
|-damage|p2a: Skarmory|76/100|[from] Stealth Rock
|turn|11
|c|+Inder|t'es sérieux
|inactive|kumiko ✿ has 270 seconds left.
|
|t:|1662910593
|switch|p1a: latias (uubl)|Salamence, F|96/100
|-ability|p1a: latias (uubl)|Intimidate|boost
|-unboost|p2a: Skarmory|atk|1
|switch|p2a: Zarude|Zarude|75/100
|
|upkeep
|turn|12
|
|t:|1662910600
|move|p2a: Zarude|U-turn|p1a: latias (uubl)
|-resisted|p1a: latias (uubl)
|-damage|p1a: latias (uubl)|86/100
|inactive|KSt3ve has 150 seconds left.
|
|t:|1662910606
|switch|p2a: Chansey|Chansey, F|94/100|[from]move: U-turn
|-damage|p2a: Chansey|81/100|[from] Stealth Rock
|move|p1a: latias (uubl)|Defog|p2a: Chansey
|-unboost|p2a: Chansey|evasion|1
|-sideend|p2: KSt3ve|Stealth Rock|[from] move: Defog|[of] p1a: latias (uubl)
|-sideend|p1: kumiko ✿|Spikes|[from] move: Defog|[of] p1a: latias (uubl)
|-sideend|p1: kumiko ✿|Stealth Rock|[from] move: Defog|[of] p1a: latias (uubl)
|
|upkeep
|turn|13
|inactive|KSt3ve has 150 seconds left.
|
|t:|1662910623
|switch|p1a: maldemoiselle|Chansey, F|100/100
|move|p2a: Chansey|Stealth Rock|p1a: maldemoiselle
|-sidestart|p1: kumiko ✿|move: Stealth Rock
|
|upkeep
|turn|14
|inactive|KSt3ve has 150 seconds left.
|inactive|KSt3ve has 120 seconds left.
|
|t:|1662910659
|switch|p2a: Skarmory|Skarmory, F|76/100
|move|p1a: maldemoiselle|Stealth Rock|p2a: Skarmory
|-sidestart|p2: KSt3ve|move: Stealth Rock
|
|upkeep
|turn|15
|
|t:|1662910667
|switch|p2a: Zarude|Zarude|75/100
|switch|p1a: ding dong|Golurk|100/100
|-damage|p1a: ding dong|95/100|[from] Stealth Rock
|
|upkeep
|turn|16
|
|t:|1662910683
|switch|p1a: latias (uubl)|Salamence, F|86/100
|-ability|p1a: latias (uubl)|Intimidate|boost
|-unboost|p2a: Zarude|atk|1
|move|p2a: Zarude|U-turn|p1a: latias (uubl)
|-resisted|p1a: latias (uubl)
|-damage|p1a: latias (uubl)|80/100
|
|t:|1662910685
|switch|p2a: Mamoswine|Mamoswine, F|100/100|[from]move: U-turn
|-damage|p2a: Mamoswine|88/100|[from] Stealth Rock
|
|upkeep
|turn|17
|
|t:|1662910699
|switch|p1a: watch general|Rotom-Wash|94/100
|-damage|p1a: watch general|82/100|[from] Stealth Rock
|move|p2a: Mamoswine|Knock Off|p1a: watch general
|-damage|p1a: watch general|50/100
|-enditem|p1a: watch general|Leftovers|[from] move: Knock Off|[of] p2a: Mamoswine
|
|upkeep
|turn|18
|inactive|KSt3ve has 120 seconds left.
|
|t:|1662910744
|switch|p2a: Zarude|Zarude|75/100
|move|p1a: watch general|Pain Split|p2a: Zarude
|-sethp|p2a: Zarude|59/100|[from] move: Pain Split|[silent]
|-sethp|p1a: watch general|69/100|[from] move: Pain Split
|
|upkeep
|turn|19
|
|t:|1662910755
|switch|p1a: Cobalion|Cobalion|58/100
|-damage|p1a: Cobalion|55/100|[from] Stealth Rock
|move|p2a: Zarude|Power Whip|p1a: Cobalion
|-resisted|p1a: Cobalion
|-damage|p1a: Cobalion|30/100
|
|-heal|p1a: Cobalion|36/100|[from] item: Leftovers
|upkeep
|turn|20
|inactive|KSt3ve has 90 seconds left.
|inactive|KSt3ve has 60 seconds left.
|
|t:|1662910821
|switch|p2a: Skarmory|Skarmory, F|76/100
|-damage|p2a: Skarmory|64/100|[from] Stealth Rock
|move|p1a: Cobalion|Close Combat|p2a: Skarmory
|-damage|p2a: Skarmory|34/100
|-unboost|p1a: Cobalion|def|1
|-unboost|p1a: Cobalion|spd|1
|-damage|p1a: Cobalion|20/100|[from] item: Rocky Helmet|[of] p2a: Skarmory
|
|-heal|p1a: Cobalion|26/100|[from] item: Leftovers
|upkeep
|turn|21
|
|t:|1662910833
|move|p1a: Cobalion|Close Combat|p2a: Skarmory
|-damage|p2a: Skarmory|5/100
|-unboost|p1a: Cobalion|def|1
|-unboost|p1a: Cobalion|spd|1
|-damage|p1a: Cobalion|10/100|[from] item: Rocky Helmet|[of] p2a: Skarmory
|move|p2a: Skarmory|Roost|p2a: Skarmory
|-heal|p2a: Skarmory|55/100
|-singleturn|p2a: Skarmory|move: Roost
|
|-heal|p1a: Cobalion|16/100|[from] item: Leftovers
|upkeep
|turn|22
|
|t:|1662910839
|switch|p1a: ding dong|Golurk|95/100
|-damage|p1a: ding dong|89/100|[from] Stealth Rock
|switch|p2a: Zarude|Zarude|59/100
|
|upkeep
|turn|23
|inactive|KSt3ve has 60 seconds left.
|
|t:|1662910866
|switch|p1a: maldemoiselle|Chansey, F|100/100
|-damage|p1a: maldemoiselle|88/100|[from] Stealth Rock
|move|p2a: Zarude|Darkest Lariat|p1a: maldemoiselle
|-damage|p1a: maldemoiselle|61/100
|
|upkeep
|turn|24
|
|t:|1662910871
|move|p2a: Zarude|U-turn|p1a: maldemoiselle
|-damage|p1a: maldemoiselle|47/100
|
|t:|1662910895
|switch|p2a: Crobat|Crobat, F|100/100|[from]move: U-turn
|move|p1a: maldemoiselle|Soft-Boiled|p1a: maldemoiselle
|-heal|p1a: maldemoiselle|97/100
|
|upkeep
|turn|25
|
|t:|1662910908
|switch|p1a: latias (uubl)|Salamence, F|80/100
|-ability|p1a: latias (uubl)|Intimidate|boost
|-unboost|p2a: Crobat|atk|1
|move|p2a: Crobat|U-turn|p1a: latias (uubl)
|-resisted|p1a: latias (uubl)
|-damage|p1a: latias (uubl)|75/100
|c|+NHelioX7|Lgi congelo
|
|t:|1662910914
|switch|p2a: Mamoswine|Mamoswine, F|88/100|[from]move: U-turn
|-damage|p2a: Mamoswine|76/100|[from] Stealth Rock
|
|upkeep
|turn|26
|c|+Mimilucha|allez congelo
|c|+NHelioX7|Fais lui la leçon (vous l'avez)
|inactive|KSt3ve has 30 seconds left.
|
|t:|1662910929
|switch|p1a: watch general|Rotom-Wash|69/100
|-damage|p1a: watch general|56/100|[from] Stealth Rock
|move|p2a: Mamoswine|Icicle Crash|p1a: watch general
|-resisted|p1a: watch general
|-damage|p1a: watch general|29/100
|
|upkeep
|turn|27
|inactive|KSt3ve has 30 seconds left.
|
|t:|1662910947
|move|p2a: Mamoswine|Icicle Crash|p1a: watch general
|-resisted|p1a: watch general
|-damage|p1a: watch general|3/100
|move|p1a: watch general|Pain Split|p2a: Mamoswine
|-sethp|p2a: Mamoswine|39/100|[from] move: Pain Split|[silent]
|-sethp|p1a: watch general|46/100|[from] move: Pain Split
|
|upkeep
|turn|28
|c|+AzZoCcX|Ah NHX est revenu sur le jeu
|inactive|KSt3ve has 30 seconds left.
|c|+daunt vs|good morning twitch
|inactive|KSt3ve has 20 seconds left.
|inactive|KSt3ve has 15 seconds left.
|
|t:|1662910970
|switch|p2a: Zarude|Zarude|59/100
|move|p1a: watch general|Will-O-Wisp|p2a: Zarude
|-status|p2a: Zarude|brn
|
|-damage|p2a: Zarude|53/100 brn|[from] brn
|upkeep
|turn|29
|inactive|KSt3ve has 25 seconds left this turn.
|c|+Enzonana '-'|shut up daunt vs (vs who?)
|inactive|KSt3ve has 20 seconds left.
|c|+daunt vs|vs ur mom
|inactive|KSt3ve has 15 seconds left.
|
|t:|1662910981
|switch|p1a: Zarude|Zarude-Dada|100/100
|-damage|p1a: Zarude|88/100|[from] Stealth Rock
|move|p2a: Zarude|Power Whip|p1a: Zarude
|-resisted|p1a: Zarude
|-damage|p1a: Zarude|75/100
|
|-damage|p2a: Zarude|48/100 brn|[from] brn
|upkeep
|turn|30
|inactive|KSt3ve has 25 seconds left this turn.
|inactive|KSt3ve has 20 seconds left.
|c|+eric versusツ|vs me
|
|t:|1662910988
|switch|p2a: Crobat|Crobat, F|100/100
|move|p1a: Zarude|U-turn|p2a: Crobat
|-resisted|p2a: Crobat
|-damage|p2a: Crobat|93/100
|inactive|KSt3ve has 25 seconds left this turn.
|
|t:|1662911001
|switch|p1a: ding dong|Golurk|89/100|[from]move: U-turn
|-damage|p1a: ding dong|83/100|[from] Stealth Rock
|
|upkeep
|turn|31
|c|+daunt vs|enzonana when ur gonna start in scl?
|inactive|KSt3ve has 30 seconds left.
|c|+Enzonana '-'|never
|
|t:|1662911019
|move|p2a: Crobat|U-turn|p1a: ding dong
|-resisted|p1a: ding dong
|-damage|p1a: ding dong|69/100
|inactive|KSt3ve has 30 seconds left.
|inactive|KSt3ve has 20 seconds left.
|inactive|KSt3ve has 15 seconds left.
|
|t:|1662911039
|switch|p2a: Skarmory|Skarmory, F|55/100|[from]move: U-turn
|-damage|p2a: Skarmory|43/100|[from] Stealth Rock
|move|p1a: ding dong|Ice Punch|p2a: Skarmory
|-damage|p2a: Skarmory|10/100
|-damage|p1a: ding dong|53/100|[from] item: Rocky Helmet|[of] p2a: Skarmory
|
|upkeep
|turn|32
|inactive|KSt3ve has 25 seconds left this turn.
|inactive|KSt3ve has 20 seconds left.
|
|t:|1662911051
|move|p1a: ding dong|Ice Punch|p2a: Skarmory
|-damage|p2a: Skarmory|0 fnt
|-damage|p1a: ding dong|36/100|[from] item: Rocky Helmet|[of] p2a: Skarmory
|faint|p2a: Skarmory
|
|upkeep
|inactive|KSt3ve has 25 seconds left this turn.
|inactive|KSt3ve has 20 seconds left.
|inactive|KSt3ve has 15 seconds left.
|
|t:|1662911063
|switch|p2a: Mamoswine|Mamoswine, F|39/100
|-damage|p2a: Mamoswine|27/100|[from] Stealth Rock
|turn|33
|inactive|KSt3ve has 25 seconds left this turn.
|raw|<div class="broadcast-red"><strong>Moderated chat was set to ☆!</strong><br />Only users of rank ☆ and higher can talk.</div>
|
|t:|1662911073
|move|p2a: Mamoswine|Knock Off|p1a: ding dong
|-supereffective|p1a: ding dong
|-damage|p1a: ding dong|0 fnt
|-enditem|p1a: ding dong|Choice Band|[from] move: Knock Off|[of] p2a: Mamoswine
|faint|p1a: ding dong
|
|upkeep
|inactive|KSt3ve has 30 seconds left this turn.
|inactive|kumiko ✿ has 270 seconds left.
|inactive|kumiko ✿ has 240 seconds left.
|
|t:|1662911146
|switch|p1a: Zarude|Zarude-Dada|75/100
|-damage|p1a: Zarude|63/100|[from] Stealth Rock
|turn|34
|
|t:|1662911156
|switch|p2a: Crobat|Crobat, F|93/100
|move|p1a: Zarude|Darkest Lariat|p2a: Crobat
|-damage|p2a: Crobat|38/100
|
|upkeep
|turn|35
|
|t:|1662911168
|switch|p2a: Zarude|Zarude|48/100 brn
|move|p1a: Zarude|Darkest Lariat|p2a: Zarude
|-resisted|p2a: Zarude
|-damage|p2a: Zarude|27/100 brn
|
|-damage|p2a: Zarude|21/100 brn|[from] brn
|upkeep
|turn|36
|inactive|kumiko ✿ has 240 seconds left.
|inactive|kumiko ✿ has 210 seconds left.
|inactive|kumiko ✿ has 180 seconds left.
|inactive|KSt3ve has 30 seconds left.
|inactive|kumiko ✿ has 150 seconds left.
|inactive|KSt3ve has 20 seconds left.
|
|t:|1662911277
|switch|p1a: maldemoiselle|Chansey, F|97/100
|-damage|p1a: maldemoiselle|85/100|[from] Stealth Rock
|move|p2a: Zarude|U-turn|p1a: maldemoiselle
|-damage|p1a: maldemoiselle|77/100
|inactive|KSt3ve has 25 seconds left this turn.
|inactive|KSt3ve has 20 seconds left.
|inactive|KSt3ve has 15 seconds left.
|
|t:|1662911290
|switch|p2a: Crobat|Crobat, F|38/100|[from]move: U-turn
|
|upkeep
|turn|37
|inactive|KSt3ve has 25 seconds left this turn.
|inactive|KSt3ve has 20 seconds left.
|
|t:|1662911298
|move|p2a: Crobat|Taunt|p1a: maldemoiselle
|-start|p1a: maldemoiselle|move: Taunt
|cant|p1a: maldemoiselle|move: Taunt|Soft-Boiled
|
|upkeep
|turn|38
|inactive|KSt3ve has 30 seconds left this turn.
|
|t:|1662911302
|switch|p1a: latias (uubl)|Salamence, F|75/100
|-ability|p1a: latias (uubl)|Intimidate|boost
|-unboost|p2a: Crobat|atk|1
|move|p2a: Crobat|Roost|p2a: Crobat
|-heal|p2a: Crobat|88/100
|-singleturn|p2a: Crobat|move: Roost
|
|upkeep
|turn|39
|
|t:|1662911307
|move|p2a: Crobat|U-turn|p1a: latias (uubl)
|-resisted|p1a: latias (uubl)
|-damage|p1a: latias (uubl)|71/100
|
|t:|1662911309
|switch|p2a: Chansey|Chansey, F|81/100|[from]move: U-turn
|-damage|p2a: Chansey|69/100|[from] Stealth Rock
|move|p1a: latias (uubl)|Hurricane|p2a: Chansey
|-crit|p2a: Chansey
|-damage|p2a: Chansey|50/100
|
|upkeep
|turn|40
|inactive|kumiko ✿ has 180 seconds left.
|inactive|KSt3ve has 30 seconds left.
|
|t:|1662911339
|move|p1a: latias (uubl)|Defog|p2a: Chansey
|-unboost|p2a: Chansey|evasion|1
|-sideend|p2: KSt3ve|Stealth Rock|[from] move: Defog|[of] p1a: latias (uubl)
|-sideend|p1: kumiko ✿|Stealth Rock|[from] move: Defog|[of] p1a: latias (uubl)
|move|p2a: Chansey|Soft-Boiled|p2a: Chansey
|-heal|p2a: Chansey|99/100
|
|upkeep
|turn|41
|inactive|KSt3ve has 30 seconds left.
|
|t:|1662911357
|switch|p1a: watch general|Rotom-Wash|46/100
|move|p2a: Chansey|Stealth Rock|p1a: watch general
|-sidestart|p1: kumiko ✿|move: Stealth Rock
|
|upkeep
|turn|42
|
|t:|1662911370
|move|p1a: watch general|Pain Split|p2a: Chansey
|-sethp|p2a: Chansey|60/100|[from] move: Pain Split|[silent]
|-sethp|p1a: watch general|100/100|[from] move: Pain Split
|move|p2a: Chansey|Teleport|p2a: Chansey
|
|t:|1662911374
|switch|p2a: Zarude|Zarude|21/100 brn|[from]move: Teleport
|
|-damage|p2a: Zarude|15/100 brn|[from] brn
|upkeep
|turn|43
|
|t:|1662911378
|switch|p1a: latias (uubl)|Salamence, F|71/100
|-ability|p1a: latias (uubl)|Intimidate|boost
|-unboost|p2a: Zarude|atk|1
|move|p2a: Zarude|Jungle Healing|p2a: Zarude
|-heal|p2a: Zarude|40/100 brn
|-curestatus|p2a: Zarude|brn|[msg]
|
|upkeep
|turn|44
|
|t:|1662911383
|move|p2a: Zarude|U-turn|p1a: latias (uubl)
|-resisted|p1a: latias (uubl)
|-damage|p1a: latias (uubl)|65/100
|
|t:|1662911385
|switch|p2a: Chansey|Chansey, F|60/100|[from]move: U-turn
|move|p1a: latias (uubl)|Defog|p2a: Chansey
|-unboost|p2a: Chansey|evasion|1
|-sideend|p1: kumiko ✿|Stealth Rock|[from] move: Defog|[of] p1a: latias (uubl)
|
|upkeep
|turn|45
|inactive|KSt3ve has 60 seconds left.
|
|t:|1662911398
|switch|p1a: maldemoiselle|Chansey, F|77/100
|move|p2a: Chansey|Stealth Rock|p1a: maldemoiselle
|-sidestart|p1: kumiko ✿|move: Stealth Rock
|
|upkeep
|turn|46
|
|t:|1662911407
|switch|p2a: Crobat|Crobat, F|88/100
|move|p1a: maldemoiselle|Stealth Rock|p2a: Crobat
|-sidestart|p2: KSt3ve|move: Stealth Rock
|
|upkeep
|turn|47
|
|t:|1662911422
|move|p2a: Crobat|U-turn|p1a: maldemoiselle
|-damage|p1a: maldemoiselle|64/100
|
|t:|1662911424
|switch|p2a: Chansey|Chansey, F|60/100|[from]move: U-turn
|-damage|p2a: Chansey|48/100|[from] Stealth Rock
|move|p1a: maldemoiselle|Seismic Toss|p2a: Chansey
|-damage|p2a: Chansey|33/100
|
|upkeep
|turn|48
|
|t:|1662911430
|move|p2a: Chansey|Soft-Boiled|p2a: Chansey
|-heal|p2a: Chansey|83/100
|move|p1a: maldemoiselle|Soft-Boiled|p1a: maldemoiselle
|-heal|p1a: maldemoiselle|100/100
|
|upkeep
|turn|49
|
|t:|1662911435
|move|p2a: Chansey|Soft-Boiled|p2a: Chansey
|-heal|p2a: Chansey|100/100
|move|p1a: maldemoiselle|Seismic Toss|p2a: Chansey
|-damage|p2a: Chansey|86/100
|
|upkeep
|turn|50
|
|t:|1662911443
|move|p1a: maldemoiselle|Seismic Toss|p2a: Chansey
|-damage|p2a: Chansey|72/100
|move|p2a: Chansey|Teleport|p2a: Chansey
|
|t:|1662911445
|switch|p2a: Crobat|Crobat, F|88/100|[from]move: Teleport
|
|upkeep
|turn|51
|
|t:|1662911450
|switch|p1a: watch general|Rotom-Wash|100/100
|-damage|p1a: watch general|88/100|[from] Stealth Rock
|move|p2a: Crobat|Brave Bird|p1a: watch general
|-resisted|p1a: watch general
|-damage|p1a: watch general|67/100
|-damage|p2a: Crobat|82/100|[from] Recoil
|
|upkeep
|turn|52
|inactive|kumiko ✿ has 270 seconds left.
|
|t:|1662911463
|move|p2a: Crobat|Roost|p2a: Crobat
|-heal|p2a: Crobat|100/100
|-singleturn|p2a: Crobat|move: Roost
|move|p1a: watch general|Volt Switch|p2a: Crobat
|-damage|p2a: Crobat|67/100
|
|t:|1662911466
|switch|p1a: latias (uubl)|Salamence, F|65/100|[from]move: Volt Switch
|-ability|p1a: latias (uubl)|Intimidate|boost
|-unboost|p2a: Crobat|atk|1
|
|upkeep
|turn|53
|
|t:|1662911473
|move|p2a: Crobat|U-turn|p1a: latias (uubl)
|-resisted|p1a: latias (uubl)
|-damage|p1a: latias (uubl)|60/100
|
|t:|1662911475
|switch|p2a: Chansey|Chansey, F|72/100|[from]move: U-turn
|-damage|p2a: Chansey|60/100|[from] Stealth Rock
|move|p1a: latias (uubl)|Defog|p2a: Chansey
|-unboost|p2a: Chansey|evasion|1
|-sideend|p2: KSt3ve|Stealth Rock|[from] move: Defog|[of] p1a: latias (uubl)
|-sideend|p1: kumiko ✿|Stealth Rock|[from] move: Defog|[of] p1a: latias (uubl)
|
|upkeep
|turn|54
|inactive|KSt3ve has 120 seconds left.
|
|t:|1662911494
|switch|p1a: Cobalion|Cobalion|16/100
|move|p2a: Chansey|Seismic Toss|p1a: Cobalion
|-damage|p1a: Cobalion|0 fnt
|faint|p1a: Cobalion
|
|upkeep
|
|t:|1662911497
|switch|p1a: Zarude|Zarude-Dada|63/100
|turn|55
|
|t:|1662911507
|move|p1a: Zarude|Darkest Lariat|p2a: Chansey
|-damage|p2a: Chansey|33/100
|move|p2a: Chansey|Soft-Boiled|p2a: Chansey
|-heal|p2a: Chansey|83/100
|
|upkeep
|turn|56
|
|t:|1662911512
|switch|p1a: maldemoiselle|Chansey, F|100/100
|move|p2a: Chansey|Stealth Rock|p1a: maldemoiselle
|-sidestart|p1: kumiko ✿|move: Stealth Rock
|
|upkeep
|turn|57
|
|t:|1662911517
|move|p1a: maldemoiselle|Stealth Rock|p2a: Chansey
|-sidestart|p2: KSt3ve|move: Stealth Rock
|move|p2a: Chansey|Teleport|p2a: Chansey
|
|t:|1662911519
|switch|p2a: Crobat|Crobat, F|67/100|[from]move: Teleport
|
|upkeep
|turn|58
|
|t:|1662911528
|move|p2a: Crobat|Taunt|p1a: maldemoiselle
|-start|p1a: maldemoiselle|move: Taunt
|move|p1a: maldemoiselle|Seismic Toss|p2a: Crobat
|-damage|p2a: Crobat|36/100
|
|upkeep
|turn|59
|
|t:|1662911531
|move|p2a: Crobat|Roost|p2a: Crobat
|-heal|p2a: Crobat|86/100
|-singleturn|p2a: Crobat|move: Roost
|move|p1a: maldemoiselle|Seismic Toss|p2a: Crobat
|-damage|p2a: Crobat|55/100
|
|upkeep
|turn|60
|
|t:|1662911536
|move|p2a: Crobat|Roost|p2a: Crobat
|-heal|p2a: Crobat|100/100
|-singleturn|p2a: Crobat|move: Roost
|move|p1a: maldemoiselle|Seismic Toss|p2a: Crobat
|-damage|p2a: Crobat|70/100
|
|-end|p1a: maldemoiselle|move: Taunt
|upkeep
|turn|61
|inactive|KSt3ve has 180 seconds left.
|
|t:|1662911542
|move|p2a: Crobat|U-turn|p1a: maldemoiselle
|-crit|p1a: maldemoiselle
|-damage|p1a: maldemoiselle|82/100
|
|t:|1662911544
|switch|p2a: Chansey|Chansey, F|83/100|[from]move: U-turn
|-damage|p2a: Chansey|70/100|[from] Stealth Rock
|move|p1a: maldemoiselle|Seismic Toss|p2a: Chansey
|-damage|p2a: Chansey|56/100
|
|upkeep
|turn|62
|
|t:|1662911553
|move|p2a: Chansey|Soft-Boiled|p2a: Chansey
|-heal|p2a: Chansey|100/100
|move|p1a: maldemoiselle|Seismic Toss|p2a: Chansey
|-damage|p2a: Chansey|86/100
|
|upkeep
|turn|63
|
|t:|1662911571
|move|p2a: Chansey|Seismic Toss|p1a: maldemoiselle
|-damage|p1a: maldemoiselle|68/100
|move|p1a: maldemoiselle|Soft-Boiled|p1a: maldemoiselle
|-heal|p1a: maldemoiselle|100/100
|
|upkeep
|turn|64
|
|t:|1662911575
|move|p2a: Chansey|Seismic Toss|p1a: maldemoiselle
|-damage|p1a: maldemoiselle|86/100
|move|p1a: maldemoiselle|Seismic Toss|p2a: Chansey
|-damage|p2a: Chansey|72/100
|
|upkeep
|turn|65
|
|t:|1662911580
|move|p2a: Chansey|Seismic Toss|p1a: maldemoiselle
|-damage|p1a: maldemoiselle|72/100
|move|p1a: maldemoiselle|Toxic|p2a: Chansey
|-status|p2a: Chansey|tox
|
|-damage|p2a: Chansey|66/100 tox|[from] psn
|upkeep
|turn|66
|
|t:|1662911584
|move|p2a: Chansey|Soft-Boiled|p2a: Chansey
|-heal|p2a: Chansey|100/100 tox
|move|p1a: maldemoiselle|Soft-Boiled|p1a: maldemoiselle
|-heal|p1a: maldemoiselle|100/100
|
|-damage|p2a: Chansey|88/100 tox|[from] psn
|upkeep
|turn|67
|
|t:|1662911588
|move|p1a: maldemoiselle|Seismic Toss|p2a: Chansey
|-damage|p2a: Chansey|74/100 tox
|move|p2a: Chansey|Teleport|p2a: Chansey
|
|t:|1662911590
|-curestatus|p2a: Chansey|tox|[from] ability: Natural Cure
|switch|p2a: Crobat|Crobat, F|70/100|[from]move: Teleport
|
|upkeep
|turn|68
|inactive|KSt3ve has 240 seconds left.
|
|t:|1662911607
|move|p2a: Crobat|Brave Bird|p1a: maldemoiselle
|-damage|p1a: maldemoiselle|70/100
|-damage|p2a: Crobat|48/100|[from] Recoil
|move|p1a: maldemoiselle|Seismic Toss|p2a: Crobat
|-damage|p2a: Crobat|17/100
|
|upkeep
|turn|69
|
|t:|1662911611
|switch|p1a: watch general|Rotom-Wash|67/100
|-damage|p1a: watch general|55/100|[from] Stealth Rock
|move|p2a: Crobat|Roost|p2a: Crobat
|-heal|p2a: Crobat|67/100
|-singleturn|p2a: Crobat|move: Roost
|
|upkeep
|turn|70
|
|t:|1662911617
|move|p2a: Crobat|U-turn|p1a: watch general
|-damage|p1a: watch general|38/100
|
|t:|1662911619
|switch|p2a: Zarude|Zarude|40/100|[from]move: U-turn
|move|p1a: watch general|Will-O-Wisp|p2a: Zarude
|-status|p2a: Zarude|brn
|
|-damage|p2a: Zarude|34/100 brn|[from] brn
|upkeep
|turn|71
|
|t:|1662911629
|switch|p1a: latias (uubl)|Salamence, F|60/100
|-ability|p1a: latias (uubl)|Intimidate|boost
|-unboost|p2a: Zarude|atk|1
|move|p2a: Zarude|Jungle Healing|p2a: Zarude
|-heal|p2a: Zarude|59/100 brn
|-curestatus|p2a: Zarude|brn|[msg]
|
|upkeep
|turn|72
|
|t:|1662911632
|move|p2a: Zarude|U-turn|p1a: latias (uubl)
|-resisted|p1a: latias (uubl)
|-damage|p1a: latias (uubl)|54/100
|
|t:|1662911636
|switch|p2a: Chansey|Chansey, F|74/100|[from]move: U-turn
|-damage|p2a: Chansey|61/100|[from] Stealth Rock
|move|p1a: latias (uubl)|Defog|p2a: Chansey
|-unboost|p2a: Chansey|evasion|1
|-sideend|p2: KSt3ve|Stealth Rock|[from] move: Defog|[of] p1a: latias (uubl)
|-sideend|p1: kumiko ✿|Stealth Rock|[from] move: Defog|[of] p1a: latias (uubl)
|
|upkeep
|turn|73
|inactive|KSt3ve has 270 seconds left.
|
|t:|1662911647
|switch|p1a: watch general|Rotom-Wash|38/100
|move|p2a: Chansey|Stealth Rock|p1a: watch general
|-sidestart|p1: kumiko ✿|move: Stealth Rock
|
|upkeep
|turn|74
|inactive|KSt3ve has 270 seconds left.
|
|t:|1662911677
|move|p1a: watch general|Pain Split|p2a: Chansey
|-sethp|p2a: Chansey|39/100|[from] move: Pain Split|[silent]
|-sethp|p1a: watch general|89/100|[from] move: Pain Split
|move|p2a: Chansey|Teleport|p2a: Chansey
|
|t:|1662911680
|switch|p2a: Zarude|Zarude|59/100|[from]move: Teleport
|
|upkeep
|turn|75
|
|t:|1662911685
|switch|p1a: latias (uubl)|Salamence, F|54/100
|-ability|p1a: latias (uubl)|Intimidate|boost
|-unboost|p2a: Zarude|atk|1
|move|p2a: Zarude|U-turn|p1a: latias (uubl)
|-resisted|p1a: latias (uubl)
|-damage|p1a: latias (uubl)|48/100
|
|t:|1662911688
|switch|p2a: Mamoswine|Mamoswine, F|27/100|[from]move: U-turn
|
|upkeep
|turn|76
|inactive|KSt3ve has 270 seconds left.
|
|t:|1662911711
|switch|p1a: watch general|Rotom-Wash|89/100
|-damage|p1a: watch general|77/100|[from] Stealth Rock
|switch|p2a: Chansey|Chansey, F|39/100
|
|upkeep
|turn|77
|
|t:|1662911716
|move|p1a: watch general|Volt Switch|p2a: Chansey
|-damage|p2a: Chansey|31/100
|
|t:|1662911718
|switch|p1a: maldemoiselle|Chansey, F|70/100|[from]move: Volt Switch
|-damage|p1a: maldemoiselle|57/100|[from] Stealth Rock
|move|p2a: Chansey|Soft-Boiled|p2a: Chansey
|-heal|p2a: Chansey|81/100
|
|upkeep
|turn|78
|
|t:|1662911731
|switch|p2a: Crobat|Crobat, F|67/100
|move|p1a: maldemoiselle|Soft-Boiled|p1a: maldemoiselle
|-heal|p1a: maldemoiselle|100/100
|
|upkeep
|turn|79
|
|t:|1662911734
|move|p2a: Crobat|Taunt|p1a: maldemoiselle
|-start|p1a: maldemoiselle|move: Taunt
|cant|p1a: maldemoiselle|move: Taunt|Stealth Rock
|
|upkeep
|turn|80
|
|t:|1662911736
|move|p2a: Crobat|U-turn|p1a: maldemoiselle
|-damage|p1a: maldemoiselle|87/100
|
|t:|1662911739
|switch|p2a: Chansey|Chansey, F|81/100|[from]move: U-turn
|move|p1a: maldemoiselle|Seismic Toss|p2a: Chansey
|-damage|p2a: Chansey|66/100
|
|upkeep
|turn|81
|
|t:|1662911766
|move|p2a: Chansey|Seismic Toss|p1a: maldemoiselle
|-damage|p1a: maldemoiselle|73/100
|move|p1a: maldemoiselle|Seismic Toss|p2a: Chansey
|-damage|p2a: Chansey|52/100
|
|-end|p1a: maldemoiselle|move: Taunt
|upkeep
|turn|82
|
|t:|1662911772
|move|p2a: Chansey|Seismic Toss|p1a: maldemoiselle
|-damage|p1a: maldemoiselle|59/100
|move|p1a: maldemoiselle|Stealth Rock|p2a: Chansey
|-sidestart|p2: KSt3ve|move: Stealth Rock
|
|upkeep
|turn|83
|
|t:|1662911776
|move|p2a: Chansey|Soft-Boiled|p2a: Chansey
|-heal|p2a: Chansey|100/100
|move|p1a: maldemoiselle|Soft-Boiled|p1a: maldemoiselle
|-heal|p1a: maldemoiselle|100/100
|
|upkeep
|turn|84
|
|t:|1662911780
|move|p1a: maldemoiselle|Stealth Rock||[still]
|-fail|p1a: maldemoiselle
|move|p2a: Chansey|Teleport|p2a: Chansey
|
|t:|1662911782
|switch|p2a: Crobat|Crobat, F|67/100|[from]move: Teleport
|
|upkeep
|turn|85
|
|t:|1662911795
|move|p2a: Crobat|Taunt|p1a: maldemoiselle
|-start|p1a: maldemoiselle|move: Taunt
|move|p1a: maldemoiselle|Seismic Toss|p2a: Crobat
|-damage|p2a: Crobat|36/100
|
|upkeep
|turn|86
|
|t:|1662911797
|switch|p1a: watch general|Rotom-Wash|77/100
|-damage|p1a: watch general|64/100|[from] Stealth Rock
|move|p2a: Crobat|Roost|p2a: Crobat
|-heal|p2a: Crobat|86/100
|-singleturn|p2a: Crobat|move: Roost
|
|upkeep
|turn|87
|
|t:|1662911803
|move|p2a: Crobat|U-turn|p1a: watch general
|-damage|p1a: watch general|49/100
|
|t:|1662911806
|switch|p2a: Zarude|Zarude|59/100|[from]move: U-turn
|move|p1a: watch general|Volt Switch|p2a: Zarude
|-resisted|p2a: Zarude
|-damage|p2a: Zarude|46/100
|
|t:|1662911808
|switch|p1a: Zarude|Zarude-Dada|63/100|[from]move: Volt Switch
|-damage|p1a: Zarude|51/100|[from] Stealth Rock
|
|upkeep
|turn|88
|inactive|KSt3ve has 270 seconds left.
|
|t:|1662911840
|switch|p2a: Chansey|Chansey, F|100/100
|-damage|p2a: Chansey|88/100|[from] Stealth Rock
|move|p1a: Zarude|U-turn|p2a: Chansey
|-damage|p2a: Chansey|74/100
|
|t:|1662911847
|switch|p1a: latias (uubl)|Salamence, F|48/100|[from]move: U-turn
|-ability|p1a: latias (uubl)|Intimidate|boost
|-unboost|p2a: Chansey|atk|1
|
|upkeep
|turn|89
|
|t:|1662911857
|move|p1a: latias (uubl)|Roost|p1a: latias (uubl)
|-heal|p1a: latias (uubl)|98/100
|-singleturn|p1a: latias (uubl)|move: Roost
|move|p2a: Chansey|Seismic Toss|p1a: latias (uubl)
|-damage|p1a: latias (uubl)|72/100
|
|upkeep
|turn|90
|
|t:|1662911862
|move|p1a: latias (uubl)|Roost|p1a: latias (uubl)
|-heal|p1a: latias (uubl)|100/100
|-singleturn|p1a: latias (uubl)|move: Roost
|move|p2a: Chansey|Seismic Toss|p1a: latias (uubl)
|-damage|p1a: latias (uubl)|74/100
|
|upkeep
|turn|91
|
|t:|1662911867
|move|p1a: latias (uubl)|Roost|p1a: latias (uubl)
|-heal|p1a: latias (uubl)|100/100
|-singleturn|p1a: latias (uubl)|move: Roost
|move|p2a: Chansey|Seismic Toss|p1a: latias (uubl)
|-damage|p1a: latias (uubl)|74/100
|
|upkeep
|turn|92
|
|t:|1662911870
|move|p1a: latias (uubl)|Defog|p2a: Chansey
|-unboost|p2a: Chansey|evasion|1
|-sideend|p2: KSt3ve|Stealth Rock|[from] move: Defog|[of] p1a: latias (uubl)
|-sideend|p1: kumiko ✿|Stealth Rock|[from] move: Defog|[of] p1a: latias (uubl)
|move|p2a: Chansey|Seismic Toss|p1a: latias (uubl)
|-damage|p1a: latias (uubl)|48/100
|
|upkeep
|turn|93
|
|t:|1662911879
|move|p1a: latias (uubl)|Roost|p1a: latias (uubl)
|-heal|p1a: latias (uubl)|98/100
|-singleturn|p1a: latias (uubl)|move: Roost
|move|p2a: Chansey|Teleport|p2a: Chansey
|
|t:|1662911880
|switch|p2a: Mamoswine|Mamoswine, F|27/100|[from]move: Teleport
|
|upkeep
|turn|94
|
|t:|1662911894
|move|p2a: Mamoswine|Ice Shard|p1a: latias (uubl)
|-supereffective|p1a: latias (uubl)
|-damage|p1a: latias (uubl)|9/100
|move|p1a: latias (uubl)|Flamethrower|p2a: Mamoswine
|-supereffective|p2a: Mamoswine
|-damage|p2a: Mamoswine|0 fnt
|faint|p2a: Mamoswine
|
|upkeep
|c|☆KSt3ve|Ah
|
|t:|1662911909
|switch|p2a: Zarude|Zarude|46/100
|turn|95
|inactive|KSt3ve has 270 seconds left.
|
|t:|1662911936
|switch|p1a: maldemoiselle|Chansey, F|100/100
|move|p2a: Zarude|Power Whip|p1a: maldemoiselle
|-damage|p1a: maldemoiselle|64/100
|
|upkeep
|turn|96
|
|t:|1662911943
|move|p2a: Zarude|Power Whip|p1a: maldemoiselle
|-damage|p1a: maldemoiselle|24/100
|move|p1a: maldemoiselle|Soft-Boiled|p1a: maldemoiselle
|-heal|p1a: maldemoiselle|74/100
|
|upkeep
|turn|97
|inactive|KSt3ve has 270 seconds left.
|
|t:|1662911964
|move|p2a: Zarude|Power Whip|p1a: maldemoiselle|[miss]
|-miss|p2a: Zarude|p1a: maldemoiselle
|move|p1a: maldemoiselle|Soft-Boiled|p1a: maldemoiselle
|-heal|p1a: maldemoiselle|100/100
|
|upkeep
|turn|98
|
|t:|1662911973
|move|p2a: Zarude|U-turn|p1a: maldemoiselle
|-damage|p1a: maldemoiselle|86/100
|
|t:|1662911975
|switch|p2a: Chansey|Chansey, F|74/100|[from]move: U-turn
|move|p1a: maldemoiselle|Stealth Rock|p2a: Chansey
|-sidestart|p2: KSt3ve|move: Stealth Rock
|
|upkeep
|turn|99
|
|t:|1662911982
|switch|p1a: watch general|Rotom-Wash|49/100
|move|p2a: Chansey|Seismic Toss|p1a: watch general
|-damage|p1a: watch general|16/100
|
|upkeep
|turn|100
|
|t:|1662911988
|switch|p2a: Zarude|Zarude|46/100
|move|p1a: watch general|Pain Split|p2a: Zarude
|-sethp|p2a: Zarude|30/100|[from] move: Pain Split|[silent]
|-sethp|p1a: watch general|35/100|[from] move: Pain Split
|
|upkeep
|turn|101
|
|t:|1662912000
|switch|p1a: maldemoiselle|Chansey, F|86/100
|move|p2a: Zarude|Power Whip|p1a: maldemoiselle|[miss]
|-miss|p2a: Zarude|p1a: maldemoiselle
|
|upkeep
|turn|102
|
|t:|1662912004
|move|p2a: Zarude|U-turn|p1a: maldemoiselle
|-damage|p1a: maldemoiselle|72/100
|
|t:|1662912005
|switch|p2a: Chansey|Chansey, F|74/100|[from]move: U-turn
|-damage|p2a: Chansey|62/100|[from] Stealth Rock
|move|p1a: maldemoiselle|Seismic Toss|p2a: Chansey
|-damage|p2a: Chansey|48/100
|
|upkeep
|turn|103
|
|t:|1662912025
|switch|p1a: watch general|Rotom-Wash|35/100
|move|p2a: Chansey|Stealth Rock|p1a: watch general
|-sidestart|p1: kumiko ✿|move: Stealth Rock
|
|upkeep
|turn|104
|
|t:|1662912035
|switch|p2a: Zarude|Zarude|30/100
|move|p1a: watch general|Volt Switch|p2a: Zarude
|-resisted|p2a: Zarude
|-damage|p2a: Zarude|16/100
|
|t:|1662912038
|switch|p1a: Zarude|Zarude-Dada|51/100|[from]move: Volt Switch
|-damage|p1a: Zarude|39/100|[from] Stealth Rock
|
|upkeep
|turn|105
|inactive|KSt3ve has 270 seconds left.
|
|t:|1662912072
|switch|p2a: Chansey|Chansey, F|48/100
|-damage|p2a: Chansey|35/100|[from] Stealth Rock
|move|p1a: Zarude|Darkest Lariat|p2a: Chansey
|-damage|p2a: Chansey|8/100
|
|upkeep
|turn|106
|
|t:|1662912077
|move|p1a: Zarude|Darkest Lariat|p2a: Chansey
|-damage|p2a: Chansey|0 fnt
|faint|p2a: Chansey
|
|upkeep
|
|t:|1662912079
|switch|p2a: Crobat|Crobat, F|86/100
|turn|107
|
|t:|1662912102
|switch|p1a: maldemoiselle|Chansey, F|72/100
|-damage|p1a: maldemoiselle|59/100|[from] Stealth Rock
|move|p2a: Crobat|Brave Bird|p1a: maldemoiselle
|-damage|p1a: maldemoiselle|28/100
|-damage|p2a: Crobat|64/100|[from] Recoil
|
|upkeep
|turn|108
|
|t:|1662912118
|move|p2a: Crobat|Taunt|p1a: maldemoiselle
|-start|p1a: maldemoiselle|move: Taunt
|move|p1a: maldemoiselle|Seismic Toss|p2a: Crobat
|-damage|p2a: Crobat|33/100
|
|upkeep
|turn|109
|inactive|kumiko ✿ has 270 seconds left.
|inactive|kumiko ✿ has 240 seconds left.
|inactive|kumiko ✿ has 210 seconds left.
|
|t:|1662912198
|move|p2a: Crobat|Roost|p2a: Crobat
|-heal|p2a: Crobat|83/100
|-singleturn|p2a: Crobat|move: Roost
|move|p1a: maldemoiselle|Seismic Toss|p2a: Crobat
|-damage|p2a: Crobat|52/100
|
|upkeep
|turn|110
|
|t:|1662912201
|move|p2a: Crobat|Roost|p2a: Crobat
|-heal|p2a: Crobat|100/100
|-singleturn|p2a: Crobat|move: Roost
|move|p1a: maldemoiselle|Seismic Toss|p2a: Crobat
|-damage|p2a: Crobat|70/100
|
|-end|p1a: maldemoiselle|move: Taunt
|upkeep
|turn|111
|inactive|KSt3ve has 270 seconds left.
|inactive|KSt3ve disconnected and has 255 seconds to reconnect!
|player|p2|
|inactive|KSt3ve has 240 seconds to reconnect!
|inactive|KSt3ve reconnected and has 250 seconds left.
|player|p2|KSt3ve|lucas
|inactive|KSt3ve has 240 seconds left.
|inactive|KSt3ve has 210 seconds left.
|inactive|KSt3ve has 180 seconds left.
|
|t:|1662912352
|move|p2a: Crobat|U-turn|p1a: maldemoiselle
|-damage|p1a: maldemoiselle|15/100
|
|t:|1662912354
|switch|p2a: Zarude|Zarude|16/100|[from]move: U-turn
|move|p1a: maldemoiselle|Seismic Toss|p2a: Zarude
|-damage|p2a: Zarude|0 fnt
|faint|p2a: Zarude
|
|upkeep
|
|t:|1662912355
|switch|p2a: Crobat|Crobat, F|70/100
|turn|112
|inactive|kumiko ✿ has 240 seconds left.
|
|t:|1662912363
|move|p2a: Crobat|Brave Bird|p1a: maldemoiselle
|-damage|p1a: maldemoiselle|0 fnt
|faint|p1a: maldemoiselle
|-damage|p2a: Crobat|59/100|[from] Recoil
|
|upkeep
|
|t:|1662912367
|switch|p1a: latias (uubl)|Salamence, F|9/100
|-ability|p1a: latias (uubl)|Intimidate|boost
|-unboost|p2a: Crobat|atk|1
|turn|113
|inactive|kumiko ✿ has 240 seconds left.
|inactive|KSt3ve has 180 seconds left.
|
|t:|1662912388
|move|p2a: Crobat|Roost|p2a: Crobat
|-heal|p2a: Crobat|100/100
|-singleturn|p2a: Crobat|move: Roost
|move|p1a: latias (uubl)|Roost|p1a: latias (uubl)
|-heal|p1a: latias (uubl)|59/100
|-singleturn|p1a: latias (uubl)|move: Roost
|
|upkeep
|turn|114
|
|t:|1662912397
|move|p2a: Crobat|Taunt|p1a: latias (uubl)
|-start|p1a: latias (uubl)|move: Taunt
|move|p1a: latias (uubl)|Hurricane|p2a: Crobat|[miss]
|-miss|p1a: latias (uubl)|p2a: Crobat
|
|upkeep
|turn|115
|
|t:|1662912402
|move|p2a: Crobat|Brave Bird|p1a: latias (uubl)
|-damage|p1a: latias (uubl)|36/100
|-damage|p2a: Crobat|91/100|[from] Recoil
|move|p1a: latias (uubl)|Hurricane|p2a: Crobat
|-damage|p2a: Crobat|43/100
|
|upkeep
|turn|116
|
|t:|1662912409
|move|p2a: Crobat|Roost|p2a: Crobat
|-heal|p2a: Crobat|93/100
|-singleturn|p2a: Crobat|move: Roost
|move|p1a: latias (uubl)|Hurricane|p2a: Crobat
|-damage|p2a: Crobat|38/100
|
|-end|p1a: latias (uubl)|move: Taunt
|upkeep
|turn|117
|
|t:|1662912413
|move|p2a: Crobat|Taunt|p1a: latias (uubl)
|-start|p1a: latias (uubl)|move: Taunt
|move|p1a: latias (uubl)|Hurricane|p2a: Crobat
|-damage|p2a: Crobat|0 fnt
|faint|p2a: Crobat
|
|win|kumiko ✿
|c|☆kumiko ✿|gg
|c|☆KSt3ve|Gg bro
