|inactive|Battle timer is ON: inactive players will automatically lose when time's up.
|t:|1664022954
|gametype|singles
|player|p1|Carmin|firebreather|
|player|p2|robjr|lance|
|teamsize|p1|6
|teamsize|p2|6
|gen|8
|tier|[Gen 8] UU
|rule|Sleep Clause Mod: Limit one foe put to sleep
|rule|Species Clause: Limit one of each Pokémon
|rule|OHKO Clause: OHKO moves are banned
|rule|Evasion Items Clause: Evasion items are banned
|rule|Evasion Moves Clause: Evasion moves are banned
|rule|Endless Battle Clause: Forcing endless battles is banned
|rule|HP Percentage Mod: HP is shown in percentages
|rule|Dynamax Clause: You cannot dynamax
|clearpoke
|poke|p1|Excadrill, M|
|poke|p1|Magneton|
|poke|p1|Gyarados, M|
|poke|p1|Salamence, M|
|poke|p1|Cobalion|
|poke|p1|Primarina, M|
|poke|p2|Nihilego|
|poke|p2|Skarmory, F|
|poke|p2|Slowking, M|
|poke|p2|Cobalion|
|poke|p2|Krookodile, F|
|poke|p2|Thundurus-Therian, M|
|teampreview
|inactive|Carmin also wants the timer to be on.
|c|☆Carmin|hf
|inactive|robjr has 270 seconds left.
|
|t:|1664022990
|start
|switch|p1a: Excadrill|Excadrill, M|100/100
|switch|p2a: Skarmory|Skarmory, F|100/100
|-ability|p1a: Excadrill|Mold Breaker
|turn|1
|
|t:|1664022995
|move|p1a: Excadrill|Stealth Rock|p2a: Skarmory
|-sidestart|p2: robjr|move: Stealth Rock
|move|p2a: Skarmory|Spikes|p1a: Excadrill
|-sidestart|p1: Carmin|Spikes
|
|upkeep
|turn|2
|
|t:|1664023000
|move|p1a: Excadrill|Rapid Spin|p2a: Skarmory
|-resisted|p2a: Skarmory
|-damage|p2a: Skarmory|95/100
|-boost|p1a: Excadrill|spe|1
|-damage|p1a: Excadrill|84/100|[from] item: Rocky Helmet|[of] p2a: Skarmory
|-sideend|p1: Carmin|Spikes|[from] move: Rapid Spin|[of] p1a: Excadrill
|move|p2a: Skarmory|Spikes|p1a: Excadrill
|-sidestart|p1: Carmin|Spikes
|
|upkeep
|turn|3
|
|t:|1664023003
|switch|p1a: Magneton|Magneton|100/100
|-damage|p1a: Magneton|88/100|[from] Spikes
|move|p2a: Skarmory|Spikes|p1a: Magneton
|-sidestart|p1: Carmin|Spikes
|
|upkeep
|turn|4
|
|t:|1664023005
|move|p1a: Magneton|Thunderbolt|p2a: Skarmory
|-supereffective|p2a: Skarmory
|-damage|p2a: Skarmory|0 fnt
|faint|p2a: Skarmory
|
|upkeep
|
|t:|1664023014
|switch|p2a: Krookodile|Krookodile, F|100/100
|-damage|p2a: Krookodile|94/100|[from] Stealth Rock
|-ability|p2a: Krookodile|Intimidate|boost
|-unboost|p1a: Magneton|atk|1
|turn|5
|
|t:|1664023020
|move|p2a: Krookodile|Earthquake|p1a: Magneton
|-supereffective|p1a: Magneton
|-damage|p1a: Magneton|0 fnt
|faint|p1a: Magneton
|
|upkeep
|
|t:|1664023024
|switch|p1a: Gyarados|Gyarados, M|100/100
|turn|6
|inactive|robjr has 270 seconds left.
|
|t:|1664023056
|switch|p2a: Thundurus|Thundurus-Therian, M|100/100
|move|p1a: Gyarados|Dragon Dance|p1a: Gyarados
|-boost|p1a: Gyarados|atk|1
|-boost|p1a: Gyarados|spe|1
|
|upkeep
|turn|7
|
|t:|1664023059
|move|p1a: Gyarados|Ice Fang|p2a: Thundurus
|-supereffective|p2a: Thundurus
|-damage|p2a: Thundurus|0 fnt
|faint|p2a: Thundurus
|-ability|p1a: Gyarados|Moxie|boost
|-boost|p1a: Gyarados|atk|1
|
|upkeep
|
|t:|1664023067
|switch|p2a: Slowking|Slowking, M|100/100
|turn|8
|
|t:|1664023071
|move|p1a: Gyarados|Power Whip|p2a: Slowking
|-supereffective|p2a: Slowking
|-damage|p2a: Slowking|0 fnt
|faint|p2a: Slowking
|-ability|p1a: Gyarados|Moxie|boost
|-boost|p1a: Gyarados|atk|1
|
|upkeep
|c|☆Carmin|ggs
|
|t:|1664023075
|switch|p2a: Krookodile|Krookodile, F|94/100
|-damage|p2a: Krookodile|88/100|[from] Stealth Rock
|-ability|p2a: Krookodile|Intimidate|boost
|-unboost|p1a: Gyarados|atk|1
|turn|9
|
|t:|1664023077
|move|p2a: Krookodile|Stone Edge|p1a: Gyarados
|-supereffective|p1a: Gyarados
|-damage|p1a: Gyarados|15/100
|move|p1a: Gyarados|Waterfall|p2a: Krookodile
|-supereffective|p2a: Krookodile
|-damage|p2a: Krookodile|0 fnt
|faint|p2a: Krookodile
|-ability|p1a: Gyarados|Moxie|boost
|-boost|p1a: Gyarados|atk|1
|
|upkeep
|-message|robjr forfeited.
|
|win|Carmin
|player|p1|Carmin|firebreather
