|inactive|Battle timer is ON: inactive players will automatically lose when time's up.
|t:|1663442685
|gametype|singles
|player|p1|Liz Angeles|marley|
|player|p2|Carmin|firebreather|
|teamsize|p1|6
|teamsize|p2|6
|gen|8
|tier|[Gen 8] UU
|rule|Sleep Clause Mod: Limit one foe put to sleep
|rule|Species Clause: Limit one of each Pokémon
|rule|OHKO Clause: OHKO moves are banned
|rule|Evasion Items Clause: Evasion items are banned
|rule|Evasion Moves Clause: Evasion moves are banned
|rule|Endless Battle Clause: Forcing endless battles is banned
|rule|HP Percentage Mod: HP is shown in percentages
|rule|Dynamax Clause: You cannot dynamax
|clearpoke
|poke|p1|Hippowdon, F|
|poke|p1|Amoonguss, F|
|poke|p1|Moltres|
|poke|p1|Azumarill, F|
|poke|p1|Raikou|
|poke|p1|Excadrill, M|
|poke|p2|Raikou|
|poke|p2|Scizor, M|
|poke|p2|Hippowdon, M|
|poke|p2|Zarude|
|poke|p2|Moltres|
|poke|p2|Slowking, M|
|teampreview
|inactive|Carmin also wants the timer to be on.
|c|☆Liz Angeles|hf
|inactive|Carmin has 270 seconds left.
|c|☆Carmin|hf
|inactive|Carmin has 240 seconds left.
|
|t:|1663442746
|start
|switch|p1a: Malediction|Amoonguss, F, shiny|100/100
|switch|p2a: Hippowdon|Hippowdon, M|100/100
|-weather|Sandstorm|[from] ability: Sand Stream|[of] p2a: Hippowdon
|turn|1
|
|t:|1663442768
|switch|p2a: Slowking|Slowking, M|100/100
|move|p1a: Malediction|Spore|p2a: Slowking
|-status|p2a: Slowking|slp|[from] move: Spore
|
|-weather|Sandstorm|[upkeep]
|-damage|p1a: Malediction|94/100|[from] Sandstorm
|-damage|p2a: Slowking|94/100 slp|[from] Sandstorm
|-heal|p1a: Malediction|100/100|[from] item: Black Sludge
|upkeep
|turn|2
|
|t:|1663442785
|switch|p1a: Kristy|Raikou, shiny|100/100
|-ability|p1a: Kristy|Pressure
|switch|p2a: Moltres|Moltres|100/100
|
|-weather|Sandstorm|[upkeep]
|-damage|p1a: Kristy|94/100|[from] Sandstorm
|-damage|p2a: Moltres|94/100|[from] Sandstorm
|-heal|p1a: Kristy|100/100|[from] item: Leftovers
|upkeep
|turn|3
|
|t:|1663442808
|switch|p2a: Hippowdon|Hippowdon, M|100/100
|move|p1a: Kristy|Scald|p2a: Hippowdon
|-supereffective|p2a: Hippowdon
|-damage|p2a: Hippowdon|67/100
|
|-weather|Sandstorm|[upkeep]
|-damage|p1a: Kristy|94/100|[from] Sandstorm
|-heal|p1a: Kristy|100/100|[from] item: Leftovers
|-heal|p2a: Hippowdon|73/100|[from] item: Leftovers
|upkeep
|turn|4
|inactive|Liz Angeles has 270 seconds left.
|
|t:|1663442848
|switch|p1a: Gloria|Hippowdon, F|100/100
|move|p2a: Hippowdon|Stealth Rock|p1a: Gloria
|-sidestart|p1: Liz Angeles|move: Stealth Rock
|
|-weather|Sandstorm|[upkeep]
|-heal|p2a: Hippowdon|80/100|[from] item: Leftovers
|upkeep
|turn|5
|
|t:|1663442850
|move|p1a: Gloria|Toxic|p2a: Hippowdon
|-status|p2a: Hippowdon|tox
|move|p2a: Hippowdon|Toxic|p1a: Gloria|[miss]
|-miss|p2a: Hippowdon|p1a: Gloria
|
|-weather|none
|-heal|p2a: Hippowdon|86/100 tox|[from] item: Leftovers
|-damage|p2a: Hippowdon|80/100 tox|[from] psn
|upkeep
|turn|6
|
|t:|1663442860
|switch|p2a: Moltres|Moltres|94/100
|move|p1a: Gloria|Stealth Rock|p2a: Moltres
|-sidestart|p2: Carmin|move: Stealth Rock
|
|upkeep
|turn|7
|inactive|Liz Angeles has 270 seconds left.
|
|t:|1663442874
|move|p2a: Moltres|Hurricane|p1a: Gloria
|-damage|p1a: Gloria|51/100
|move|p1a: Gloria|Toxic|p2a: Moltres
|-status|p2a: Moltres|tox
|
|-damage|p2a: Moltres|88/100 tox|[from] psn
|upkeep
|turn|8
|
|t:|1663442903
|switch|p1a: Kristy|Raikou, shiny|100/100
|-damage|p1a: Kristy|88/100|[from] Stealth Rock
|-ability|p1a: Kristy|Pressure
|move|p2a: Moltres|Hurricane|p1a: Kristy
|-resisted|p1a: Kristy
|-damage|p1a: Kristy|66/100
|
|-heal|p1a: Kristy|72/100|[from] item: Leftovers
|-damage|p2a: Moltres|76/100 tox|[from] psn
|upkeep
|turn|9
|inactive|Liz Angeles has 270 seconds left.
|
|t:|1663442926
|switch|p1a: Lock|Moltres|100/100
|switch|p2a: Zarude|Zarude|100/100
|-damage|p2a: Zarude|88/100|[from] Stealth Rock
|
|upkeep
|turn|10
|inactive|Liz Angeles has 270 seconds left.
|inactive|Carmin has 270 seconds left.
|
|t:|1663442949
|switch|p2a: Raikou|Raikou|100/100
|move|p1a: Lock|Flamethrower|p2a: Raikou
|-damage|p2a: Raikou|58/100
|
|upkeep
|turn|11
|inactive|Carmin has 270 seconds left.
|
|t:|1663442956
|switch|p1a: Malediction|Amoonguss, F, shiny|100/100
|-damage|p1a: Malediction|88/100|[from] Stealth Rock
|move|p2a: Raikou|Volt Switch|p1a: Malediction
|-resisted|p1a: Malediction
|-damage|p1a: Malediction|73/100
|inactive|Carmin has 270 seconds left.
|
|t:|1663442967
|switch|p2a: Moltres|Moltres|76/100 tox|[from]move: Volt Switch
|
|-heal|p1a: Malediction|79/100|[from] item: Black Sludge
|-damage|p2a: Moltres|70/100 tox|[from] psn
|upkeep
|turn|12
|inactive|Liz Angeles has 270 seconds left.
|inactive|Liz Angeles has 240 seconds left.
|
|t:|1663443022
|switch|p1a: Kristy|Raikou, shiny|72/100
|-damage|p1a: Kristy|60/100|[from] Stealth Rock
|-ability|p1a: Kristy|Pressure
|move|p2a: Moltres|Hurricane|p1a: Kristy|[miss]
|-miss|p2a: Moltres|p1a: Kristy
|
|-heal|p1a: Kristy|66/100|[from] item: Leftovers
|-damage|p2a: Moltres|58/100 tox|[from] psn
|upkeep
|turn|13
|
|t:|1663443033
|switch|p2a: Zarude|Zarude|88/100
|-damage|p2a: Zarude|76/100|[from] Stealth Rock
|move|p1a: Kristy|Scald|p2a: Zarude
|-resisted|p2a: Zarude
|-damage|p2a: Zarude|65/100
|
|-heal|p1a: Kristy|72/100|[from] item: Leftovers
|upkeep
|turn|14
|
|t:|1663443042
|move|p1a: Kristy|Substitute|p1a: Kristy
|-start|p1a: Kristy|Substitute
|-damage|p1a: Kristy|47/100
|move|p2a: Zarude|Darkest Lariat|p1a: Kristy
|-end|p1a: Kristy|Substitute
|
|-heal|p1a: Kristy|53/100|[from] item: Leftovers
|upkeep
|turn|15
|
|t:|1663443047
|switch|p1a: Gloria|Hippowdon, F|51/100
|-damage|p1a: Gloria|45/100|[from] Stealth Rock
|-weather|Sandstorm|[from] ability: Sand Stream|[of] p1a: Gloria
|move|p2a: Zarude|Darkest Lariat|p1a: Gloria
|-damage|p1a: Gloria|6/100
|-damage|p2a: Zarude|49/100|[from] item: Rocky Helmet|[of] p1a: Gloria
|
|-weather|Sandstorm|[upkeep]
|-damage|p2a: Zarude|43/100|[from] Sandstorm
|upkeep
|turn|16
|
|t:|1663443062
|move|p2a: Zarude|Darkest Lariat|p1a: Gloria
|-damage|p1a: Gloria|0 fnt
|-damage|p2a: Zarude|26/100|[from] item: Rocky Helmet|[of] p1a: Gloria
|faint|p1a: Gloria
|
|-weather|Sandstorm|[upkeep]
|-damage|p2a: Zarude|20/100|[from] Sandstorm
|upkeep
|
|t:|1663443074
|switch|p1a: Vince|Excadrill, M|100/100
|-damage|p1a: Vince|97/100|[from] Stealth Rock
|turn|17
|
|t:|1663443092
|move|p1a: Vince|Earthquake|p2a: Zarude
|-resisted|p2a: Zarude
|-damage|p2a: Zarude|0 fnt
|faint|p2a: Zarude
|
|-weather|Sandstorm|[upkeep]
|-heal|p1a: Vince|100/100|[from] item: Leftovers
|upkeep
|
|t:|1663443096
|switch|p2a: Hippowdon|Hippowdon, M|80/100 tox
|-damage|p2a: Hippowdon|73/100 tox|[from] Stealth Rock
|turn|18
|inactive|Liz Angeles has 270 seconds left.
|inactive|Liz Angeles has 240 seconds left.
|
|t:|1663443133
|switch|p1a: Lock|Moltres|100/100
|move|p2a: Hippowdon|Slack Off|p2a: Hippowdon
|-heal|p2a: Hippowdon|100/100 tox
|
|-weather|Sandstorm|[upkeep]
|-damage|p1a: Lock|94/100|[from] Sandstorm
|-damage|p2a: Hippowdon|94/100 tox|[from] psn
|upkeep
|turn|19
|
|t:|1663443137
|switch|p2a: Slowking|Slowking, M|100/100 slp
|-damage|p2a: Slowking|88/100 slp|[from] Stealth Rock
|move|p1a: Lock|Flamethrower|p2a: Slowking
|-resisted|p2a: Slowking
|-damage|p2a: Slowking|76/100 slp
|
|-weather|none
|upkeep
|turn|20
|inactive|Liz Angeles has 240 seconds left.
|
|t:|1663443163
|switch|p1a: Hailey|Azumarill, F|100/100
|-damage|p1a: Hailey|88/100|[from] Stealth Rock
|switch|p2a: Raikou|Raikou|58/100
|
|upkeep
|turn|21
|inactive|Liz Angeles has 240 seconds left.
|
|t:|1663443194
|switch|p1a: Malediction|Amoonguss, F, shiny|100/100
|-damage|p1a: Malediction|88/100|[from] Stealth Rock
|move|p2a: Raikou|Thunderbolt|p1a: Malediction
|-resisted|p1a: Malediction
|-damage|p1a: Malediction|69/100
|-status|p1a: Malediction|par
|
|-heal|p1a: Malediction|75/100 par|[from] item: Black Sludge
|upkeep
|turn|22
|
|t:|1663443207
|switch|p1a: Vince|Excadrill, M|100/100
|-damage|p1a: Vince|97/100|[from] Stealth Rock
|move|p2a: Raikou|Volt Switch|p1a: Vince
|-immune|p1a: Vince
|
|-heal|p1a: Vince|100/100|[from] item: Leftovers
|upkeep
|turn|23
|
|t:|1663443232
|move|p2a: Raikou|Scald|p1a: Vince
|-supereffective|p1a: Vince
|-damage|p1a: Vince|36/100
|-status|p1a: Vince|brn
|move|p1a: Vince|Earthquake|p2a: Raikou
|-supereffective|p2a: Raikou
|-damage|p2a: Raikou|0 fnt
|faint|p2a: Raikou
|
|-heal|p1a: Vince|42/100 brn|[from] item: Leftovers
|-damage|p1a: Vince|36/100 brn|[from] brn
|upkeep
|
|t:|1663443241
|switch|p2a: Scizor|Scizor, M|100/100
|turn|24
|
|t:|1663443263
|switch|p1a: Lock|Moltres|94/100
|move|p2a: Scizor|Knock Off|p1a: Lock
|-damage|p1a: Lock|66/100
|-status|p2a: Scizor|brn|[from] ability: Flame Body|[of] p1a: Lock
|-enditem|p1a: Lock|Heavy-Duty Boots|[from] move: Knock Off|[of] p2a: Scizor
|
|-damage|p2a: Scizor|94/100 brn|[from] brn
|upkeep
|turn|25
|
|t:|1663443271
|switch|p2a: Slowking|Slowking, M|100/100 slp
|-damage|p2a: Slowking|88/100 slp|[from] Stealth Rock
|move|p1a: Lock|Defog|p2a: Slowking
|-unboost|p2a: Slowking|evasion|1
|-sideend|p2: Carmin|Stealth Rock|[from] move: Defog|[of] p1a: Lock
|-sideend|p1: Liz Angeles|Stealth Rock|[from] move: Defog|[of] p1a: Lock
|
|upkeep
|turn|26
|
|t:|1663443281
|switch|p1a: Hailey|Azumarill, F|88/100
|cant|p2a: Slowking|slp
|
|upkeep
|turn|27
|
|t:|1663443290
|move|p1a: Hailey|Play Rough|p2a: Slowking
|-damage|p2a: Slowking|24/100 slp
|-curestatus|p2a: Slowking|slp|[msg]
|move|p2a: Slowking|Teleport|p2a: Slowking
|
|t:|1663443295
|switch|p2a: Scizor|Scizor, M|94/100 brn|[from]move: Teleport
|
|-damage|p2a: Scizor|88/100 brn|[from] brn
|upkeep
|turn|28
|inactive|Liz Angeles has 240 seconds left.
|
|t:|1663443301
|switch|p1a: Lock|Moltres|66/100
|switch|p2a: Hippowdon|Hippowdon, M|94/100 tox
|-weather|Sandstorm|[from] ability: Sand Stream|[of] p2a: Hippowdon
|
|-weather|Sandstorm|[upkeep]
|-damage|p1a: Lock|60/100|[from] Sandstorm
|-heal|p2a: Hippowdon|100/100 tox|[from] item: Leftovers
|-damage|p2a: Hippowdon|94/100 tox|[from] psn
|upkeep
|turn|29
|inactive|Liz Angeles has 240 seconds left.
|
|t:|1663443323
|switch|p2a: Slowking|Slowking, M|57/100
|move|p1a: Lock|Flamethrower|p2a: Slowking
|-resisted|p2a: Slowking
|-crit|p2a: Slowking
|-damage|p2a: Slowking|37/100
|
|-weather|Sandstorm|[upkeep]
|-damage|p1a: Lock|54/100|[from] Sandstorm
|-damage|p2a: Slowking|31/100|[from] Sandstorm
|upkeep
|turn|30
|
|t:|1663443327
|switch|p1a: Kristy|Raikou, shiny|53/100
|-ability|p1a: Kristy|Pressure
|move|p2a: Slowking|Slack Off|p2a: Slowking
|-heal|p2a: Slowking|81/100
|
|-weather|Sandstorm|[upkeep]
|-damage|p1a: Kristy|47/100|[from] Sandstorm
|-damage|p2a: Slowking|75/100|[from] Sandstorm
|-heal|p1a: Kristy|53/100|[from] item: Leftovers
|upkeep
|turn|31
|
|t:|1663443335
|switch|p2a: Hippowdon|Hippowdon, M|94/100 tox
|move|p1a: Kristy|Substitute|p1a: Kristy
|-start|p1a: Kristy|Substitute
|-damage|p1a: Kristy|28/100
|
|-weather|Sandstorm|[upkeep]
|-damage|p1a: Kristy|22/100|[from] Sandstorm
|-heal|p1a: Kristy|28/100|[from] item: Leftovers
|-heal|p2a: Hippowdon|100/100 tox|[from] item: Leftovers
|-damage|p2a: Hippowdon|94/100 tox|[from] psn
|upkeep
|turn|32
|
|t:|1663443339
|move|p1a: Kristy|Scald|p2a: Hippowdon
|-supereffective|p2a: Hippowdon
|-damage|p2a: Hippowdon|61/100 tox
|move|p2a: Hippowdon|Stealth Rock|p1a: Kristy
|-sidestart|p1: Liz Angeles|move: Stealth Rock
|
|-weather|none
|-heal|p1a: Kristy|34/100|[from] item: Leftovers
|-heal|p2a: Hippowdon|67/100 tox|[from] item: Leftovers
|-damage|p2a: Hippowdon|55/100 tox|[from] psn
|upkeep
|turn|33
|
|t:|1663443346
|switch|p2a: Slowking|Slowking, M|100/100
|move|p1a: Kristy|Scald|p2a: Slowking
|-resisted|p2a: Slowking
|-damage|p2a: Slowking|93/100
|
|-heal|p1a: Kristy|40/100|[from] item: Leftovers
|upkeep
|turn|34
|
|t:|1663443349
|move|p1a: Kristy|Calm Mind|p1a: Kristy
|-boost|p1a: Kristy|spa|1
|-boost|p1a: Kristy|spd|1
|move|p2a: Slowking|Future Sight|p1a: Kristy
|-start|p2a: Slowking|move: Future Sight
|
|-heal|p1a: Kristy|46/100|[from] item: Leftovers
|upkeep
|turn|35
|
|t:|1663443352
|move|p1a: Kristy|Thunderbolt|p2a: Slowking
|-supereffective|p2a: Slowking
|-damage|p2a: Slowking|7/100
|move|p2a: Slowking|Scald|p1a: Kristy
|-activate|p1a: Kristy|move: Substitute|[damage]
|
|-heal|p1a: Kristy|52/100|[from] item: Leftovers
|upkeep
|turn|36
|
|t:|1663443362
|switch|p2a: Moltres|Moltres|58/100 tox
|move|p1a: Kristy|Thunderbolt|p2a: Moltres
|-supereffective|p2a: Moltres
|-damage|p2a: Moltres|0 fnt
|faint|p2a: Moltres
|
|-end|p1a: Kristy|move: Future Sight
|-end|p1a: Kristy|Substitute
|-heal|p1a: Kristy|58/100|[from] item: Leftovers
|upkeep
|
|t:|1663443364
|switch|p2a: Hippowdon|Hippowdon, M|55/100 tox
|-weather|Sandstorm|[from] ability: Sand Stream|[of] p2a: Hippowdon
|turn|37
|
|t:|1663443375
|switch|p1a: Vince|Excadrill, M|36/100 brn
|-damage|p1a: Vince|33/100 brn|[from] Stealth Rock
|move|p2a: Hippowdon|Earthquake|p1a: Vince
|-supereffective|p1a: Vince
|-damage|p1a: Vince|0 fnt
|faint|p1a: Vince
|
|-weather|Sandstorm|[upkeep]
|-heal|p2a: Hippowdon|61/100 tox|[from] item: Leftovers
|-damage|p2a: Hippowdon|55/100 tox|[from] psn
|upkeep
|
|t:|1663443376
|switch|p1a: Hailey|Azumarill, F|88/100
|-damage|p1a: Hailey|76/100|[from] Stealth Rock
|turn|38
|
|t:|1663443382
|move|p1a: Hailey|Liquidation|p2a: Hippowdon
|-supereffective|p2a: Hippowdon
|-damage|p2a: Hippowdon|0 fnt
|faint|p2a: Hippowdon
|
|-weather|Sandstorm|[upkeep]
|-damage|p1a: Hailey|70/100|[from] Sandstorm
|upkeep
|
|t:|1663443397
|switch|p2a: Slowking|Slowking, M|40/100
|turn|39
|
|t:|1663443407
|switch|p1a: Malediction|Amoonguss, F, shiny|100/100 par
|-damage|p1a: Malediction|88/100 par|[from] Stealth Rock
|move|p2a: Slowking|Slack Off|p2a: Slowking
|-heal|p2a: Slowking|90/100
|
|-weather|Sandstorm|[upkeep]
|-damage|p2a: Slowking|84/100|[from] Sandstorm
|-damage|p1a: Malediction|82/100 par|[from] Sandstorm
|-heal|p1a: Malediction|88/100 par|[from] item: Black Sludge
|upkeep
|turn|40
|
|t:|1663443409
|move|p2a: Slowking|Future Sight|p1a: Malediction
|-start|p2a: Slowking|move: Future Sight
|move|p1a: Malediction|Spore|p2a: Slowking
|-status|p2a: Slowking|slp|[from] move: Spore
|
|-weather|Sandstorm|[upkeep]
|-damage|p2a: Slowking|78/100 slp|[from] Sandstorm
|-damage|p1a: Malediction|82/100 par|[from] Sandstorm
|-heal|p1a: Malediction|88/100 par|[from] item: Black Sludge
|upkeep
|turn|41
|
|t:|1663443421
|switch|p2a: Scizor|Scizor, M|88/100 brn
|switch|p1a: Kristy|Raikou, shiny|58/100
|-damage|p1a: Kristy|46/100|[from] Stealth Rock
|-ability|p1a: Kristy|Pressure
|
|-weather|none
|-heal|p1a: Kristy|52/100|[from] item: Leftovers
|-damage|p2a: Scizor|82/100 brn|[from] brn
|upkeep
|turn|42
|
|t:|1663443425
|move|p1a: Kristy|Thunderbolt|p2a: Scizor
|-crit|p2a: Scizor
|-damage|p2a: Scizor|14/100 brn
|move|p2a: Scizor|Knock Off|p1a: Kristy
|-damage|p1a: Kristy|33/100
|-enditem|p1a: Kristy|Leftovers|[from] move: Knock Off|[of] p2a: Scizor
|
|-end|p1a: Kristy|move: Future Sight
|-damage|p1a: Kristy|0 fnt
|faint|p1a: Kristy
|-damage|p2a: Scizor|8/100 brn|[from] brn
|upkeep
|c|☆Carmin|eh
|inactive|Liz Angeles has 270 seconds left.
|
|t:|1663443456
|switch|p1a: Malediction|Amoonguss, F, shiny|100/100 par
|-damage|p1a: Malediction|88/100 par|[from] Stealth Rock
|turn|43
|
|t:|1663443459
|move|p2a: Scizor|Roost|p2a: Scizor
|-heal|p2a: Scizor|59/100 brn
|-singleturn|p2a: Scizor|move: Roost
|move|p1a: Malediction|Foul Play|p2a: Scizor
|-damage|p2a: Scizor|34/100 brn
|
|-heal|p1a: Malediction|94/100 par|[from] item: Black Sludge
|-damage|p2a: Scizor|28/100 brn|[from] brn
|upkeep
|turn|44
|
|t:|1663443462
|move|p2a: Scizor|Roost|p2a: Scizor
|-heal|p2a: Scizor|78/100 brn
|-singleturn|p2a: Scizor|move: Roost
|move|p1a: Malediction|Foul Play|p2a: Scizor
|-damage|p2a: Scizor|53/100 brn
|
|-heal|p1a: Malediction|100/100 par|[from] item: Black Sludge
|-damage|p2a: Scizor|47/100 brn|[from] brn
|upkeep
|turn|45
|
|t:|1663443464
|move|p2a: Scizor|Roost|p2a: Scizor
|-heal|p2a: Scizor|97/100 brn
|-singleturn|p2a: Scizor|move: Roost
|move|p1a: Malediction|Foul Play|p2a: Scizor
|-damage|p2a: Scizor|73/100 brn
|
|-damage|p2a: Scizor|66/100 brn|[from] brn
|upkeep
|turn|46
|
|t:|1663443469
|move|p2a: Scizor|Roost|p2a: Scizor
|-heal|p2a: Scizor|100/100 brn
|-singleturn|p2a: Scizor|move: Roost
|move|p1a: Malediction|Foul Play|p2a: Scizor
|-damage|p2a: Scizor|77/100 brn
|
|-damage|p2a: Scizor|71/100 brn|[from] brn
|upkeep
|turn|47
|
|t:|1663443473
|move|p2a: Scizor|Roost|p2a: Scizor
|-heal|p2a: Scizor|100/100 brn
|-singleturn|p2a: Scizor|move: Roost
|cant|p1a: Malediction|par
|
|-damage|p2a: Scizor|94/100 brn|[from] brn
|upkeep
|turn|48
|
|t:|1663443475
|switch|p2a: Slowking|Slowking, M|100/100 slp
|move|p1a: Malediction|Foul Play|p2a: Slowking
|-supereffective|p2a: Slowking
|-enditem|p2a: Slowking|Colbur Berry|[eat]
|-enditem|p2a: Slowking|Colbur Berry|[weaken]
|-damage|p2a: Slowking|89/100 slp
|
|upkeep
|turn|49
|
|t:|1663443479
|switch|p1a: Lock|Moltres|54/100
|-damage|p1a: Lock|4/100|[from] Stealth Rock
|cant|p2a: Slowking|slp
|
|upkeep
|turn|50
|
|t:|1663443482
|move|p1a: Lock|Defog|p2a: Slowking
|-unboost|p2a: Slowking|evasion|1
|-sideend|p1: Liz Angeles|Stealth Rock|[from] move: Defog|[of] p1a: Lock
|cant|p2a: Slowking|slp
|
|upkeep
|turn|51
|
|t:|1663443490
|switch|p1a: Malediction|Amoonguss, F, shiny|100/100 par
|-curestatus|p2a: Slowking|slp|[msg]
|move|p2a: Slowking|Future Sight|p1a: Malediction
|-start|p2a: Slowking|move: Future Sight
|
|upkeep
|turn|52
|
|t:|1663443495
|switch|p2a: Scizor|Scizor, M|94/100 brn
|move|p1a: Malediction|Seed Bomb|p2a: Scizor
|-resisted|p2a: Scizor
|-damage|p2a: Scizor|89/100 brn
|
|-damage|p2a: Scizor|83/100 brn|[from] brn
|upkeep
|turn|53
|
|t:|1663443507
|switch|p1a: Lock|Moltres|4/100
|move|p2a: Scizor|Knock Off|p1a: Lock
|-damage|p1a: Lock|0 fnt
|faint|p1a: Lock
|
|-hint|Future Sight did not hit because the target is fainted.
|-damage|p2a: Scizor|77/100 brn|[from] brn
|upkeep
|
|t:|1663443510
|switch|p1a: Hailey|Azumarill, F|70/100
|turn|54
|
|t:|1663443518
|move|p1a: Hailey|Knock Off|p2a: Scizor
|-damage|p2a: Scizor|28/100 brn
|-enditem|p2a: Scizor|Heavy-Duty Boots|[from] move: Knock Off|[of] p1a: Hailey
|move|p2a: Scizor|Roost|p2a: Scizor
|-heal|p2a: Scizor|78/100 brn
|-singleturn|p2a: Scizor|move: Roost
|
|-damage|p2a: Scizor|72/100 brn|[from] brn
|upkeep
|turn|55
|
|t:|1663443523
|switch|p1a: Malediction|Amoonguss, F, shiny|100/100 par
|move|p2a: Scizor|Roost|p2a: Scizor
|-heal|p2a: Scizor|100/100 brn
|-singleturn|p2a: Scizor|move: Roost
|
|-damage|p2a: Scizor|94/100 brn|[from] brn
|upkeep
|turn|56
|
|t:|1663443528
|switch|p2a: Slowking|Slowking, M|100/100
|move|p1a: Malediction|Foul Play|p2a: Slowking
|-supereffective|p2a: Slowking
|-damage|p2a: Slowking|77/100
|
|upkeep
|turn|57
|
|t:|1663443538
|move|p2a: Slowking|Future Sight|p1a: Malediction
|-start|p2a: Slowking|move: Future Sight
|move|p1a: Malediction|Seed Bomb|p2a: Slowking
|-supereffective|p2a: Slowking
|-damage|p2a: Slowking|36/100
|
|upkeep
|turn|58
|
|t:|1663443545
|switch|p1a: Hailey|Azumarill, F|70/100
|move|p2a: Slowking|Slack Off|p2a: Slowking
|-heal|p2a: Slowking|86/100
|
|upkeep
|turn|59
|
|t:|1663443550
|switch|p1a: Malediction|Amoonguss, F, shiny|100/100 par
|move|p2a: Slowking|Scald|p1a: Malediction
|-resisted|p1a: Malediction
|-damage|p1a: Malediction|88/100 par
|
|-end|p1a: Malediction|move: Future Sight
|-supereffective|p1a: Malediction
|-damage|p1a: Malediction|15/100 par
|-heal|p1a: Malediction|22/100 par|[from] item: Black Sludge
|upkeep
|turn|60
|
|t:|1663443557
|switch|p1a: Hailey|Azumarill, F|70/100
|move|p2a: Slowking|Future Sight|p1a: Hailey
|-start|p2a: Slowking|move: Future Sight
|
|upkeep
|turn|61
|
|t:|1663443559
|move|p1a: Hailey|Play Rough|p2a: Slowking
|-damage|p2a: Slowking|18/100
|-unboost|p2a: Slowking|atk|1
|move|p2a: Slowking|Scald|p1a: Hailey
|-resisted|p1a: Hailey
|-damage|p1a: Hailey|53/100
|
|upkeep
|turn|62
|
|t:|1663443567
|switch|p1a: Malediction|Amoonguss, F, shiny|55/100 par
|switch|p2a: Scizor|Scizor, M|94/100 brn
|
|-end|p1a: Malediction|move: Future Sight
|-supereffective|p1a: Malediction
|-damage|p1a: Malediction|0 fnt
|faint|p1a: Malediction
|-damage|p2a: Scizor|88/100 brn|[from] brn
|upkeep
|
|t:|1663443569
|switch|p1a: Hailey|Azumarill, F|53/100
|turn|63
|
|t:|1663443574
|move|p1a: Hailey|Liquidation|p2a: Scizor
|-damage|p2a: Scizor|23/100 brn
|move|p2a: Scizor|Roost|p2a: Scizor
|-heal|p2a: Scizor|73/100 brn
|-singleturn|p2a: Scizor|move: Roost
|
|-damage|p2a: Scizor|67/100 brn|[from] brn
|upkeep
|turn|64
|
|t:|1663443585
|move|p2a: Scizor|Bullet Punch|p1a: Hailey
|-damage|p1a: Hailey|35/100
|move|p1a: Hailey|Liquidation|p2a: Scizor
|-damage|p2a: Scizor|0 fnt
|faint|p2a: Scizor
|
|upkeep
|
|t:|1663443589
|switch|p2a: Slowking|Slowking, M|51/100
|turn|65
|
|t:|1663443591
|move|p1a: Hailey|Liquidation|p2a: Slowking
|-resisted|p2a: Slowking
|-damage|p2a: Slowking|17/100
|-unboost|p2a: Slowking|def|1
|move|p2a: Slowking|Slack Off|p2a: Slowking
|-heal|p2a: Slowking|67/100
|
|upkeep
|turn|66
|c|☆Carmin|ofc
|c|☆Liz Angeles|sorry
|c|☆Carmin|didnt get enough odds the whole game
|c|☆Liz Angeles|awful choke from me as well
|
|t:|1663443614
|move|p1a: Hailey|Liquidation|p2a: Slowking
|-resisted|p2a: Slowking
|-damage|p2a: Slowking|22/100
|move|p2a: Slowking|Slack Off|p2a: Slowking
|-heal|p2a: Slowking|72/100
|
|upkeep
|turn|67
|
|t:|1663443619
|move|p1a: Hailey|Liquidation|p2a: Slowking
|-resisted|p2a: Slowking
|-damage|p2a: Slowking|20/100
|-unboost|p2a: Slowking|def|1
|move|p2a: Slowking|Slack Off|p2a: Slowking
|-heal|p2a: Slowking|70/100
|
|upkeep
|turn|68
|
|t:|1663443624
|move|p1a: Hailey|Liquidation|p2a: Slowking
|-resisted|p2a: Slowking
|-damage|p2a: Slowking|5/100
|move|p2a: Slowking|Scald|p1a: Hailey
|-resisted|p1a: Hailey
|-damage|p1a: Hailey|17/100
|
|upkeep
|turn|69
|c|☆Carmin|well, gg
|c|☆Liz Angeles|gg
|
|t:|1663443642
|move|p1a: Hailey|Liquidation|p2a: Slowking
|-resisted|p2a: Slowking
|-crit|p2a: Slowking
|-damage|p2a: Slowking|0 fnt
|faint|p2a: Slowking
|
|win|Liz Angeles
