|inactive|Battle timer is ON: inactive players will automatically lose when time's up.
|player|p1|Accelgor|grimsley-gen7|
|player|p2|Amane Misa|#amanemisa|
|teamsize|p1|6
|teamsize|p2|6
|gametype|singles
|gen|8
|tier|[Gen 8] UU
|clearpoke
|poke|p1|Gigalith, F|
|poke|p1|Escavalier, F|
|poke|p1|Noivern, F|
|poke|p1|Celebi|
|poke|p1|Pangoro, F|
|poke|p1|Rotom-Wash|
|poke|p2|Inteleon, M|
|poke|p2|Toxicroak, F|
|poke|p2|Cobalion|
|poke|p2|Noivern, M|
|poke|p2|Charizard, F|
|poke|p2|Sylveon, F|
|rule|Sleep Clause Mod: Limit one foe put to sleep
|rule|Species Clause: Limit one of each Pokémon
|rule|OHKO Clause: OHKO moves are banned
|rule|Evasion Moves Clause: Evasion moves are banned
|rule|Endless Battle Clause: Forcing endless battles is banned
|rule|HP Percentage Mod: HP is shown in percentages
|rule|Dynamax Clause: You cannot dynamax
|teampreview
|c|+HYDREIGON SPECS|oo
|c|+HYDREIGON SPECS|vamos
|c|☆Accelgor|wow your team is hot
|c|☆Accelgor|hf
|c|+vivalospride|o///o
|c|☆Amane Misa|hf
|c|+pokemonisfun|misa forgot to bring a grass starter
|inactive|Accelgor has 270 seconds left.
|inactive|Amane Misa has 270 seconds left.
|c|+Donphantastic|Tru
|c|+vivalospride|we banned venusaur :(
|c|+Lilburr|free rillaboom
|c|+Donphantastic|Rillaboom gang rise up
|c|+treeckomaman|lgi accel
|inactive|Accelgor has 240 seconds left.
|inactive|Amane Misa has 240 seconds left.
|
|start
|switch|p1a: Noivern|Noivern, F|100/100
|switch|p2a: Zarichard|Charizard, F, shiny|100/100
|turn|1
|c|+slowpoke92i|just slap a decid smh
|
|move|p1a: Noivern|U-turn|p2a: Zarichard
|-resisted|p2a: Zarichard
|-damage|p2a: Zarichard|98/100
|
|switch|p1a: Gigalith|Gigalith, F|100/100|[from]move: U-turn
|-weather|Sandstorm|[from] ability: Sand Stream|[of] p1a: Gigalith
|move|p2a: Zarichard|Toxic|p1a: Gigalith
|-status|p1a: Gigalith|tox
|
|-weather|Sandstorm|[upkeep]
|-damage|p2a: Zarichard|92/100|[from] Sandstorm
|-damage|p1a: Gigalith|94/100 tox|[from] psn
|upkeep
|turn|2
|c|+slowpoke92i|i miss venu so much tho
|c|+solonor24|misa big flexing in game 3
|inactive|Amane Misa has 270 seconds left.
|c|+solonor24|damn
|c|+HYDREIGON SPECS|é como dizem mano
|
|switch|p2a: Bocalion|Cobalion, shiny|100/100
|switch|p1a: Rotom|Rotom-Wash|100/100
|
|-weather|Sandstorm|[upkeep]
|-damage|p1a: Rotom|95/100|[from] Sandstorm
|-heal|p1a: Rotom|100/100|[from] item: Leftovers
|upkeep
|turn|3
|c|+Donphantastic|Misa personifies flex or die
|c|+HYDREIGON SPECS|uns nascem pra falar mt
|c|+HYDREIGON SPECS|outros nascem
|c|+HYDREIGON SPECS|p fazer
|c|+HYDREIGON SPECS|highways
|c|+HYDREIGON SPECS|kk
|c|+HYDREIGON SPECS|'-'
|
|switch|p2a: Vylseon|Sylveon, F, shiny|100/100
|move|p1a: Rotom|Thunder Wave|p2a: Vylseon
|-status|p2a: Vylseon|par
|
|-weather|Sandstorm|[upkeep]
|-damage|p1a: Rotom|95/100|[from] Sandstorm
|-damage|p2a: Vylseon|94/100 par|[from] Sandstorm
|-heal|p1a: Rotom|100/100|[from] item: Leftovers
|-heal|p2a: Vylseon|100/100 par|[from] item: Leftovers
|upkeep
|turn|4
|c|+Highways|pse hs
|c|+Highways|'-'
|c|+solonor24|another bocalion
|
|move|p1a: Rotom|Volt Switch|p2a: Vylseon
|-damage|p2a: Vylseon|82/100 par
|c|+vivalospride|holy shit it's my boy VYL
|
|switch|p1a: Gigalith|Gigalith, F|94/100 tox|[from]move: Volt Switch
|move|p2a: Vylseon|Wish|p2a: Vylseon
|
|-weather|Sandstorm|[upkeep]
|-damage|p2a: Vylseon|76/100 par|[from] Sandstorm
|-heal|p1a: Gigalith|100/100 tox|[from] item: Leftovers
|-heal|p2a: Vylseon|82/100 par|[from] item: Leftovers
|-damage|p1a: Gigalith|94/100 tox|[from] psn
|upkeep
|turn|5
|c|+HYDREIGON SPECS|easple hust pu solonor24
|
|switch|p2a: Bocalion|Cobalion, shiny|100/100
|move|p1a: Gigalith|Stealth Rock|p2a: Bocalion
|-sidestart|p2: Amane Misa|move: Stealth Rock
|
|-weather|none
|-heal|p1a: Gigalith|100/100 tox|[from] item: Leftovers
|-damage|p1a: Gigalith|88/100 tox|[from] psn
|upkeep
|turn|6
|
|switch|p1a: Rotom|Rotom-Wash|100/100
|move|p2a: Bocalion|Stealth Rock|p1a: Rotom
|-sidestart|p1: Accelgor|move: Stealth Rock
|
|upkeep
|turn|7
|c|+lyd|GOOOO ACCEL
|c|+HYDREIGON SPECS|vamos accelgor junior
|c|+HYDREIGON SPECS|da silva
|c|+HYDREIGON SPECS|'-'
|c|+lyd|ur my favorite non shower pisser
|c|☆Accelgor|-
|c|☆Accelgor|LOL
|c|+lyd|'-'
|c|+HYDREIGON SPECS|LOLOL
|c|+Donphantastic|LOL
|inactive|Accelgor has 270 seconds left.
|c|+HYDREIGON SPECS|@shower peers enthusiasts
|
|switch|p2a: Voinern|Noivern, M, shiny|100/100
|move|p1a: Rotom|Volt Switch|p2a: Voinern
|-damage|p2a: Voinern|69/100
|inactive|Accelgor has 270 seconds left.
|c|+Donphantastic|SHOWER PEE GANG
|
|switch|p1a: Gigalith|Gigalith, F|88/100 tox|[from]move: Volt Switch
|-damage|p1a: Gigalith|76/100 tox|[from] Stealth Rock
|-weather|Sandstorm|[from] ability: Sand Stream|[of] p1a: Gigalith
|
|-weather|Sandstorm|[upkeep]
|-damage|p2a: Voinern|63/100|[from] Sandstorm
|-heal|p1a: Gigalith|82/100 tox|[from] item: Leftovers
|-damage|p1a: Gigalith|76/100 tox|[from] psn
|upkeep
|turn|8
|c|+vivalospride|what.
|c|+vivalospride|peers?!
|c|+HYDREIGON SPECS|yeah viv
|c|+Donphantastic|Pee-ers
|c|+HYDREIGON SPECS|peeing in the shower
|c|+HYDREIGON SPECS|:)
|c|+vivalospride|:)
|inactive|Amane Misa has 270 seconds left.
|
|switch|p2a: Bocalion|Cobalion, shiny|100/100
|-damage|p2a: Bocalion|97/100|[from] Stealth Rock
|move|p1a: Gigalith|Earthquake|p2a: Bocalion
|-supereffective|p2a: Bocalion
|-enditem|p2a: Bocalion|Shuca Berry|[eat]
|-enditem|p2a: Bocalion|Shuca Berry|[weaken]
|-damage|p2a: Bocalion|74/100
|
|-weather|Sandstorm|[upkeep]
|-heal|p1a: Gigalith|82/100 tox|[from] item: Leftovers
|-damage|p1a: Gigalith|70/100 tox|[from] psn
|upkeep
|turn|9
|
|switch|p1a: Celebi|Celebi|100/100
|-damage|p1a: Celebi|88/100|[from] Stealth Rock
|move|p2a: Bocalion|Iron Head|p1a: Celebi
|-damage|p1a: Celebi|57/100
|
|-weather|Sandstorm|[upkeep]
|-damage|p1a: Celebi|50/100|[from] Sandstorm
|-heal|p1a: Celebi|57/100|[from] item: Leftovers
|upkeep
|turn|10
|
|move|p2a: Bocalion|Iron Head|p1a: Celebi
|-damage|p1a: Celebi|25/100
|move|p1a: Celebi|Recover|p1a: Celebi
|-heal|p1a: Celebi|75/100
|
|-weather|Sandstorm|[upkeep]
|-damage|p1a: Celebi|69/100|[from] Sandstorm
|-heal|p1a: Celebi|75/100|[from] item: Leftovers
|upkeep
|turn|11
|
|move|p2a: Bocalion|Swords Dance|p2a: Bocalion
|-boost|p2a: Bocalion|atk|2
|move|p1a: Celebi|Psychic|p2a: Bocalion
|-damage|p2a: Bocalion|19/100
|-unboost|p2a: Bocalion|spd|1
|
|-weather|none
|-heal|p1a: Celebi|81/100|[from] item: Leftovers
|upkeep
|turn|12
|
|switch|p1a: Noivern|Noivern, F|100/100
|move|p2a: Bocalion|Iron Head|p1a: Noivern
|-damage|p1a: Noivern|30/100
|
|upkeep
|turn|13
|
|switch|p2a: Vylseon|Sylveon, F, shiny|82/100 par
|-damage|p2a: Vylseon|70/100 par|[from] Stealth Rock
|move|p1a: Noivern|Roost|p1a: Noivern
|-heal|p1a: Noivern|80/100
|-singleturn|p1a: Noivern|move: Roost
|
|-heal|p2a: Vylseon|76/100 par|[from] item: Leftovers
|upkeep
|turn|14
|
|move|p1a: Noivern|U-turn|p2a: Vylseon
|-resisted|p2a: Vylseon
|-damage|p2a: Vylseon|71/100 par
|
|switch|p1a: Escavalier|Escavalier, F|100/100|[from]move: U-turn
|-damage|p1a: Escavalier|88/100|[from] Stealth Rock
|move|p2a: Vylseon|Wish|p2a: Vylseon
|
|-heal|p1a: Escavalier|94/100|[from] item: Leftovers
|-heal|p2a: Vylseon|77/100 par|[from] item: Leftovers
|upkeep
|turn|15
|c|+lyd|i keep thinking this is bw uu cus i have the bw sprites turned on on mobile for some reason and its so confusing
|
|switch|p2a: Voinern|Noivern, M, shiny|63/100
|move|p1a: Escavalier|Knock Off|p2a: Voinern
|-damage|p2a: Voinern|20/100
|-enditem|p2a: Voinern|Heavy-Duty Boots|[from] move: Knock Off|[of] p1a: Escavalier
|
|-heal|p2a: Voinern|83/100|[from] move: Wish|[wisher] Vylseon
|-heal|p1a: Escavalier|99/100|[from] item: Leftovers
|upkeep
|turn|16
|
|switch|p1a: Gigalith|Gigalith, F|70/100 tox
|-damage|p1a: Gigalith|57/100 tox|[from] Stealth Rock
|-weather|Sandstorm|[from] ability: Sand Stream|[of] p1a: Gigalith
|move|p2a: Voinern|Draco Meteor|p1a: Gigalith
|-damage|p1a: Gigalith|27/100 tox
|-unboost|p2a: Voinern|spa|2
|
|-weather|Sandstorm|[upkeep]
|-damage|p2a: Voinern|77/100|[from] Sandstorm
|-heal|p1a: Gigalith|33/100 tox|[from] item: Leftovers
|-damage|p1a: Gigalith|27/100 tox|[from] psn
|upkeep
|turn|17
|c|+HYDREIGON SPECS|yeah man
|c|+HYDREIGON SPECS|happens everytime
|c|+HYDREIGON SPECS|i open a bw game
|c|+HYDREIGON SPECS|with inteleon
|c|+Highways|LOL
|c|+slowpoke92i|the bw game w a fairy mon
|c|+lyd|yes
|inactive|Amane Misa has 270 seconds left.
|c|+slowpoke92i|nice lyd.
|c|+lyd|precisely
|c|+solonor24|lmao
|inactive|Accelgor has 270 seconds left.
|c|+lyd|thats why its confusing
|inactive|Amane Misa has 240 seconds left.
|
|switch|p2a: Leinteon|Inteleon, M, shiny|100/100
|-damage|p2a: Leinteon|88/100|[from] Stealth Rock
|move|p1a: Gigalith|Stone Edge|p2a: Leinteon
|-damage|p2a: Leinteon|16/100
|
|-weather|Sandstorm|[upkeep]
|-damage|p2a: Leinteon|10/100|[from] Sandstorm
|-heal|p1a: Gigalith|33/100 tox|[from] item: Leftovers
|-damage|p1a: Gigalith|20/100 tox|[from] psn
|upkeep
|turn|18
|c|+Donphantastic|Anyone else love Lyd
|c|+Donphantastic|I love lyd
|c|+slowpoke92i|no
|inactive|Amane Misa has 240 seconds left.
|c|+lyd|i dont
|c|+lyd|but thanks
|c|+slowpoke92i|i dont
|c|+treeckomaman|love lyd
|c|+Donphantastic|Dx
|inactive|Accelgor has 240 seconds left.
|c|+lyd|Dx
|
|move|p2a: Leinteon|Hydro Pump|p1a: Gigalith
|-supereffective|p1a: Gigalith
|-damage|p1a: Gigalith|0 fnt
|faint|p1a: Gigalith
|
|-weather|Sandstorm|[upkeep]
|-damage|p2a: Leinteon|4/100|[from] Sandstorm
|upkeep
|
|switch|p1a: Noivern|Noivern, F|80/100
|turn|19
|inactive|Amane Misa has 240 seconds left.
|
|move|p1a: Noivern|U-turn|p2a: Leinteon
|-damage|p2a: Leinteon|0 fnt
|faint|p2a: Leinteon
|
|switch|p1a: Rotom|Rotom-Wash|100/100|[from]move: U-turn
|-damage|p1a: Rotom|88/100|[from] Stealth Rock
|
|-weather|Sandstorm|[upkeep]
|-damage|p1a: Rotom|82/100|[from] Sandstorm
|-heal|p1a: Rotom|88/100|[from] item: Leftovers
|upkeep
|c|+lyd|also im starting to think i could have dyslexia and amane misas nicknames arent helping LOL
|inactive|Amane Misa has 240 seconds left.
|
|switch|p2a: Roxictoak|Toxicroak, F, shiny|100/100
|-damage|p2a: Roxictoak|94/100|[from] Stealth Rock
|turn|20
|
|switch|p1a: Escavalier|Escavalier, F|99/100
|-damage|p1a: Escavalier|88/100|[from] Stealth Rock
|move|p2a: Roxictoak|Gunk Shot|p1a: Escavalier
|-immune|p1a: Escavalier
|
|-weather|none
|-heal|p1a: Escavalier|94/100|[from] item: Leftovers
|upkeep
|turn|21
|c|+vivalospride|roxictoak!
|inactive|Accelgor has 240 seconds left.
|inactive|Amane Misa has 240 seconds left.
|c|+Donphantastic|Stfu viv
|c|+Donphantastic|Wtf
|c|+esche|should be croxitoak tbh
|
|move|p2a: Roxictoak|Swords Dance|p2a: Roxictoak
|-boost|p2a: Roxictoak|atk|2
|move|p1a: Escavalier|Knock Off|p2a: Roxictoak
|-resisted|p2a: Roxictoak
|-damage|p2a: Roxictoak|68/100
|-enditem|p2a: Roxictoak|Life Orb|[from] move: Knock Off|[of] p1a: Escavalier
|
|-heal|p1a: Escavalier|99/100|[from] item: Leftovers
|upkeep
|turn|22
|c|+pokemonisfun|keep talking viv i like your voice
|c|+HYDREIGON SPECS|4sure
|
|move|p2a: Roxictoak|Drain Punch|p1a: Escavalier
|-damage|p1a: Escavalier|38/100
|-heal|p2a: Roxictoak|100/100|[from] drain|[of] p1a: Escavalier
|move|p1a: Escavalier|Iron Head|p2a: Roxictoak
|-damage|p2a: Roxictoak|35/100
|
|-heal|p1a: Escavalier|44/100|[from] item: Leftovers
|upkeep
|turn|23
|c|+vivalospride|;w;
|
|move|p2a: Roxictoak|Drain Punch|p1a: Escavalier
|-damage|p1a: Escavalier|0 fnt
|-heal|p2a: Roxictoak|59/100|[from] drain|[of] p1a: Escavalier
|faint|p1a: Escavalier
|
|upkeep
|
|switch|p1a: Noivern|Noivern, F|80/100
|turn|24
|
|switch|p2a: Vylseon|Sylveon, F, shiny|77/100 par
|-damage|p2a: Vylseon|64/100 par|[from] Stealth Rock
|move|p1a: Noivern|Draco Meteor|p2a: Vylseon
|-immune|p2a: Vylseon
|
|-heal|p2a: Vylseon|71/100 par|[from] item: Leftovers
|upkeep
|turn|25
|
|move|p1a: Noivern|U-turn|p2a: Vylseon
|-resisted|p2a: Vylseon
|-damage|p2a: Vylseon|66/100 par
|
|switch|p1a: Celebi|Celebi|81/100|[from]move: U-turn
|-damage|p1a: Celebi|69/100|[from] Stealth Rock
|move|p2a: Vylseon|Wish|p2a: Vylseon
|
|-heal|p1a: Celebi|75/100|[from] item: Leftovers
|-heal|p2a: Vylseon|72/100 par|[from] item: Leftovers
|upkeep
|turn|26
|
|switch|p2a: Voinern|Noivern, M, shiny|77/100
|-damage|p2a: Voinern|52/100|[from] Stealth Rock
|move|p1a: Celebi|Nasty Plot|p1a: Celebi
|-boost|p1a: Celebi|spa|2
|
|-heal|p2a: Voinern|100/100|[from] move: Wish|[wisher] Vylseon
|-heal|p1a: Celebi|81/100|[from] item: Leftovers
|upkeep
|turn|27
|
|switch|p1a: Rotom|Rotom-Wash|88/100
|-damage|p1a: Rotom|76/100|[from] Stealth Rock
|move|p2a: Voinern|Flamethrower|p1a: Rotom
|-resisted|p1a: Rotom
|-damage|p1a: Rotom|63/100
|
|-heal|p1a: Rotom|69/100|[from] item: Leftovers
|upkeep
|turn|28
|inactive|Amane Misa has 270 seconds left.
|inactive|Accelgor has 270 seconds left.
|
|move|p2a: Voinern|Draco Meteor|p1a: Rotom
|-damage|p1a: Rotom|11/100
|-unboost|p2a: Voinern|spa|2
|move|p1a: Rotom|Volt Switch|p2a: Voinern
|-damage|p2a: Voinern|69/100
|inactive|Accelgor has 270 seconds left.
|
|switch|p1a: Celebi|Celebi|81/100|[from]move: Volt Switch
|-damage|p1a: Celebi|69/100|[from] Stealth Rock
|
|-heal|p1a: Celebi|75/100|[from] item: Leftovers
|upkeep
|turn|29
|
|move|p2a: Voinern|Flamethrower|p1a: Celebi
|-supereffective|p1a: Celebi
|-damage|p1a: Celebi|50/100
|move|p1a: Celebi|Nasty Plot|p1a: Celebi
|-boost|p1a: Celebi|spa|2
|
|-heal|p1a: Celebi|56/100|[from] item: Leftovers
|upkeep
|turn|30
|inactive|Accelgor has 270 seconds left.
|inactive|Amane Misa has 270 seconds left.
|inactive|Accelgor has 240 seconds left.
|
|switch|p2a: Bocalion|Cobalion, shiny|19/100
|-damage|p2a: Bocalion|16/100|[from] Stealth Rock
|move|p1a: Celebi|Recover|p1a: Celebi
|-heal|p1a: Celebi|100/100
|
|upkeep
|turn|31
|
|move|p2a: Bocalion|Swords Dance|p2a: Bocalion
|-boost|p2a: Bocalion|atk|2
|move|p1a: Celebi|Giga Drain|p2a: Bocalion
|-resisted|p2a: Bocalion
|-damage|p2a: Bocalion|0 fnt
|faint|p2a: Bocalion
|
|upkeep
|
|switch|p2a: Zarichard|Charizard, F, shiny|92/100
|turn|32
|inactive|Accelgor has 240 seconds left.
|
|switch|p1a: Noivern|Noivern, F|80/100
|move|p2a: Zarichard|Flamethrower|p1a: Noivern
|-resisted|p1a: Noivern
|-damage|p1a: Noivern|61/100
|
|upkeep
|turn|33
|
|move|p1a: Noivern|Draco Meteor|p2a: Zarichard
|-damage|p2a: Zarichard|50/100
|-unboost|p1a: Noivern|spa|2
|move|p2a: Zarichard|Roost|p2a: Zarichard
|-heal|p2a: Zarichard|99/100
|-singleturn|p2a: Zarichard|move: Roost
|
|upkeep
|turn|34
|c|+lyd|inteleon should have been inleteon btw
|c|+pokemonisfun|oh my god
|inactive|Accelgor has 240 seconds left.
|c|+vivalospride|oh my
|
|move|p1a: Noivern|U-turn|p2a: Zarichard
|-resisted|p2a: Zarichard
|-damage|p2a: Zarichard|97/100
|c|+pokemonisfun|time to write a charizard analysis
|c|+vivalospride|it fucking chewed WHAT
|
|switch|p1a: Rotom|Rotom-Wash|11/100|[from]move: U-turn
|-damage|p1a: Rotom|0 fnt|[from] Stealth Rock
|faint|p1a: Rotom
|move|p2a: Zarichard|Substitute|p2a: Zarichard
|-start|p2a: Zarichard|Substitute
|-damage|p2a: Zarichard|72/100
|
|upkeep
|c|+pokemonisfun|im reserving it now
|c|☆Accelgor|LOL
|c|+pokemonisfun|oh my god
|c|☆Accelgor|that's dope
|c|+lyd|oh fuck
|
|switch|p1a: Pangoro|Pangoro, F|100/100
|-damage|p1a: Pangoro|94/100|[from] Stealth Rock
|turn|35
|
|move|p2a: Zarichard|Flamethrower|p1a: Pangoro
|-damage|p1a: Pangoro|52/100
|move|p1a: Pangoro|Knock Off|p2a: Zarichard
|-end|p2a: Zarichard|Substitute
|
|upkeep
|turn|36
|c|+vivalospride|ok it did 0 dmg
|c|+lyd|this is like hex toxic chandelure
|c|+lyd|but without hex
|
|switch|p2a: Vylseon|Sylveon, F, shiny|72/100 par
|-damage|p2a: Vylseon|60/100 par|[from] Stealth Rock
|move|p1a: Pangoro|Knock Off|p2a: Vylseon
|-resisted|p2a: Vylseon
|-damage|p2a: Vylseon|26/100 par
|-enditem|p2a: Vylseon|Leftovers|[from] move: Knock Off|[of] p1a: Pangoro
|
|upkeep
|turn|37
|c|+lyd|and with roost
|inactive|Accelgor has 270 seconds left.
|c|+lyd|i like
|
|move|p1a: Pangoro|Knock Off|p2a: Vylseon
|-resisted|p2a: Vylseon
|-damage|p2a: Vylseon|4/100 par
|move|p2a: Vylseon|Wish|p2a: Vylseon
|
|upkeep
|turn|38
|c|+slowpoke92i|without hex
|c|+slowpoke92i|but with flex
|inactive|Accelgor has 270 seconds left.
|c|+lyd|fax
|c|+HYDREIGON SPECS|fodase
|c|+lyd|actually no im getting sidetracked, go accel!!
|
|switch|p2a: Roxictoak|Toxicroak, F, shiny|59/100
|-damage|p2a: Roxictoak|53/100|[from] Stealth Rock
|move|p1a: Pangoro|Knock Off|p2a: Roxictoak
|-resisted|p2a: Roxictoak
|-damage|p2a: Roxictoak|12/100
|
|-heal|p2a: Roxictoak|76/100|[from] move: Wish|[wisher] Vylseon
|upkeep
|turn|39
|inactive|Accelgor has 270 seconds left.
|
|move|p2a: Roxictoak|Gunk Shot|p1a: Pangoro|[miss]
|-miss|p2a: Roxictoak|p1a: Pangoro
|move|p1a: Pangoro|Knock Off|p2a: Roxictoak
|-resisted|p2a: Roxictoak
|-damage|p2a: Roxictoak|33/100
|
|upkeep
|turn|40
|inactive|Accelgor has 270 seconds left.
|
|switch|p1a: Noivern|Noivern, F|61/100
|move|p2a: Roxictoak|Drain Punch|p1a: Noivern
|-resisted|p1a: Noivern
|-damage|p1a: Noivern|43/100
|-heal|p2a: Roxictoak|44/100|[from] drain|[of] p1a: Noivern
|
|upkeep
|turn|41
|inactive|Accelgor has 270 seconds left.
|c|+Sabella|.
|c|+lyd|how did he know
|
|move|p1a: Noivern|Roost|p1a: Noivern
|-heal|p1a: Noivern|93/100
|-singleturn|p1a: Noivern|move: Roost
|move|p2a: Roxictoak|Gunk Shot|p1a: Noivern
|-damage|p1a: Noivern|36/100
|
|upkeep
|turn|42
|inactive|Accelgor has 270 seconds left.
|
|move|p1a: Noivern|Flamethrower|p2a: Roxictoak
|-damage|p2a: Roxictoak|3/100
|move|p2a: Roxictoak|Gunk Shot|p1a: Noivern
|-damage|p1a: Noivern|0 fnt
|faint|p1a: Noivern
|
|upkeep
|inactive|Accelgor has 270 seconds left.
|
|switch|p1a: Celebi|Celebi|100/100
|-damage|p1a: Celebi|88/100|[from] Stealth Rock
|turn|43
|
|move|p1a: Celebi|Giga Drain|p2a: Roxictoak
|-resisted|p2a: Roxictoak
|-damage|p2a: Roxictoak|0 fnt
|-heal|p1a: Celebi|90/100|[from] drain|[of] p2a: Roxictoak
|faint|p2a: Roxictoak
|
|-heal|p1a: Celebi|96/100|[from] item: Leftovers
|upkeep
|
|switch|p2a: Zarichard|Charizard, F, shiny|72/100
|turn|44
|
|move|p1a: Celebi|Nasty Plot|p1a: Celebi
|-boost|p1a: Celebi|spa|2
|move|p2a: Zarichard|Flamethrower|p1a: Celebi
|-supereffective|p1a: Celebi
|-damage|p1a: Celebi|32/100
|
|-heal|p1a: Celebi|38/100|[from] item: Leftovers
|upkeep
|turn|45
|
|move|p1a: Celebi|Psychic|p2a: Zarichard
|-damage|p2a: Zarichard|0 fnt
|faint|p2a: Zarichard
|
|-heal|p1a: Celebi|44/100|[from] item: Leftovers
|upkeep
|
|switch|p2a: Voinern|Noivern, M, shiny|69/100
|-damage|p2a: Voinern|44/100|[from] Stealth Rock
|turn|46
|
|move|p2a: Voinern|Flamethrower|p1a: Celebi
|-supereffective|p1a: Celebi
|-damage|p1a: Celebi|0 fnt
|faint|p1a: Celebi
|
|upkeep
|
|switch|p1a: Pangoro|Pangoro, F|52/100
|-damage|p1a: Pangoro|46/100|[from] Stealth Rock
|turn|47
|
|move|p1a: Pangoro|Bullet Punch|p2a: Voinern
|-damage|p2a: Voinern|6/100
|move|p2a: Voinern|Draco Meteor|p1a: Pangoro|[miss]
|-miss|p2a: Voinern|p1a: Pangoro
|
|upkeep
|turn|48
|c|☆Amane Misa|i hate this game
|c|☆Accelgor|...
|c|☆Accelgor|why
|c|+slowpoke92i|I LOVE YOU ACCEL
|c|☆Accelgor|no stop
|c|+vivalospride|ramo
|c|+vivalospride|stop bro
|c|☆Accelgor|sigh
|c|+lyd|holy shit
|c|+slowpoke92i|hold on
|c|+Donphantastic|Press f
|c|+slowpoke92i|this is g2 right ?
|c|+Lilburr|3
|c|☆Accelgor|3
|c|+Donphantastic|3
|c|+slowpoke92i|oh
|c|+lyd|im gonna start running dragon pulse
|c|+lyd|noivern
|c|+slowpoke92i|fuck
|c|+slowpoke92i|that sucks
|c|☆Accelgor|fuck i'm sorry
|inactive|Amane Misa has 270 seconds left.
|c|+slowpoke92i|i thought it was g2
|c|+pokemonisfun|i love you ramolost still
|c|+vivalospride|i mean regardless gassing stuff like that is p lame
|c|+solonor24|LMAO
|c|+slowpoke92i|and this meant a g3
|inactive|Amane Misa has 240 seconds left.
|inactive|Amane Misa has 210 seconds left.
|c|+slowpoke92i|thats sad this was probably the best serie so far
|inactive|Amane Misa has 180 seconds left.
|
|move|p1a: Pangoro|Bullet Punch|p2a: Voinern
|-damage|p2a: Voinern|0 fnt
|faint|p2a: Voinern
|
|upkeep
|c|☆Accelgor|i'm really sorry
|c|☆Amane Misa|idk where i should bury myself now
|c|☆Amane Misa|gg
|
|switch|p2a: Vylseon|Sylveon, F, shiny|4/100 par
|-damage|p2a: Vylseon|0 fnt|[from] Stealth Rock
|faint|p2a: Vylseon
|
|win|Accelgor
