|inactive|Battle timer is ON: inactive players will automatically lose when time's up.
|t:|1639435131
|gametype|singles
|player|p1|Poek|#poek|
|player|p2|Moutemoute|#moutemoute|
|teamsize|p1|6
|teamsize|p2|6
|gen|8
|tier|[Gen 8] UU
|rule|Sleep Clause Mod: Limit one foe put to sleep
|rule|Species Clause: Limit one of each Pokémon
|rule|OHKO Clause: OHKO moves are banned
|rule|Evasion Moves Clause: Evasion moves are banned
|rule|Endless Battle Clause: Forcing endless battles is banned
|rule|HP Percentage Mod: HP is shown in percentages
|rule|Dynamax Clause: You cannot dynamax
|clearpoke
|poke|p1|Gyarados, M|
|poke|p1|Jirachi|
|poke|p1|Togekiss, F|
|poke|p1|Thundurus-Therian, M|
|poke|p1|Hydreigon, F|
|poke|p1|Necrozma|
|poke|p2|Conkeldurr, M|
|poke|p2|Mandibuzz, F|
|poke|p2|Celesteela|
|poke|p2|Tapu Bulu|
|poke|p2|Thundurus-Therian, M|
|poke|p2|Swampert, M|
|teampreview
|c|☆Moutemoute|hf
|c|☆Poek|u2
|inactive|Poek has 270 seconds left.
|
|t:|1639435175
|start
|switch|p1a: Jirachi|Jirachi, shiny|100/100
|switch|p2a: Thundurus|Thundurus-Therian, M|100/100
|turn|1
|
|t:|1639435184
|move|p2a: Thundurus|Knock Off|p1a: Jirachi
|-supereffective|p1a: Jirachi
|-damage|p1a: Jirachi|66/100
|-enditem|p1a: Jirachi|Adrenaline Orb|[from] move: Knock Off|[of] p2a: Thundurus
|move|p1a: Jirachi|Stealth Rock|p2a: Thundurus
|-sidestart|p2: Moutemoute|move: Stealth Rock
|
|upkeep
|turn|2
|inactive|Poek has 270 seconds left.
|inactive|Poek has 240 seconds left.
|inactive|Poek has 210 seconds left.
|inactive|Moutemoute has 270 seconds left.
|inactive|Poek has 180 seconds left.
|inactive|Poek has 150 seconds left.
|
|t:|1639435336
|move|p2a: Thundurus|Thunderbolt|p1a: Jirachi
|-damage|p1a: Jirachi|20/100
|move|p1a: Jirachi|Encore|p2a: Thundurus
|-start|p2a: Thundurus|Encore
|
|upkeep
|turn|3
|inactive|Poek has 150 seconds left.
|c|+basaninho|C'est pourquoi ?
|c|+basaninho|Circuit?
|c|+KM|champ
|c|%Lily|moute
|
|t:|1639435358
|switch|p2a: Tapu Bulu|Tapu Bulu|100/100
|-damage|p2a: Tapu Bulu|88/100|[from] Stealth Rock
|-fieldstart|move: Grassy Terrain|[from] ability: Grassy Surge|[of] p2a: Tapu Bulu
|move|p1a: Jirachi|Magic Room|p1a: Jirachi
|-fieldstart|move: Magic Room|[of] p1a: Jirachi
|
|-heal|p1a: Jirachi|26/100|[from] Grassy Terrain
|-heal|p2a: Tapu Bulu|94/100|[from] Grassy Terrain
|upkeep
|turn|4
|c|+basaninho|Go Moute!!!!
|c|%Lily|ur avi is very epic
|
|t:|1639435376
|switch|p2a: Thundurus|Thundurus-Therian, M|100/100
|-damage|p2a: Thundurus|76/100|[from] Stealth Rock
|move|p1a: Jirachi|Healing Wish|p1a: Jirachi
|faint|p1a: Jirachi
|
|upkeep
|c|+basaninho|This is scary as hell
|inactive|Poek has 120 seconds left.
|
|t:|1639435430
|switch|p1a: Thundurus|Thundurus-Therian, M|100/100
|turn|5
|
|t:|1639435437
|move|p1a: Thundurus|Nasty Plot|p1a: Thundurus
|-boost|p1a: Thundurus|spa|2
|move|p2a: Thundurus|Psychic|p1a: Thundurus
|-damage|p1a: Thundurus|56/100
|
|upkeep
|turn|6
|inactive|Moutemoute has 270 seconds left.
|
|t:|1639435452
|move|p2a: Thundurus|Psychic|p1a: Thundurus
|-damage|p1a: Thundurus|13/100
|move|p1a: Thundurus|Psychic|p2a: Thundurus
|-damage|p2a: Thundurus|0 fnt
|faint|p2a: Thundurus
|
|upkeep
|
|t:|1639435475
|switch|p2a: Conkeldurr|Conkeldurr, M|100/100
|-damage|p2a: Conkeldurr|95/100|[from] Stealth Rock
|turn|7
|
|t:|1639435483
|switch|p1a: Necrozma|Necrozma|100/100
|move|p2a: Conkeldurr|Mach Punch|p1a: Necrozma
|-resisted|p1a: Necrozma
|-damage|p1a: Necrozma|90/100
|
|-heal|p1a: Necrozma|96/100|[from] Grassy Terrain
|-heal|p2a: Conkeldurr|100/100|[from] Grassy Terrain
|-fieldend|move: Magic Room|[of] p1: Jirachi
|-fieldend|move: Grassy Terrain
|-status|p2a: Conkeldurr|brn|[from] item: Flame Orb
|upkeep
|turn|8
|inactive|Poek has 120 seconds left.
|
|t:|1639435492
|switch|p2a: Mandibuzz|Mandibuzz, F|100/100
|move|p1a: Necrozma|Meteor Beam||[still]
|-prepare|p1a: Necrozma|Meteor Beam
|-boost|p1a: Necrozma|spa|1
|-enditem|p1a: Necrozma|Power Herb
|-anim|p1a: Necrozma|Meteor Beam|p2a: Mandibuzz
|-supereffective|p2a: Mandibuzz
|-damage|p2a: Mandibuzz|15/100
|
|upkeep
|turn|9
|
|t:|1639435501
|move|p1a: Necrozma|Heat Wave|p2a: Mandibuzz
|-damage|p2a: Mandibuzz|0 fnt
|faint|p2a: Mandibuzz
|
|upkeep
|
|t:|1639435503
|switch|p2a: Celesteela|Celesteela|100/100
|-damage|p2a: Celesteela|88/100|[from] Stealth Rock
|turn|10
|
|t:|1639435515
|move|p1a: Necrozma|Heat Wave|p2a: Celesteela
|-supereffective|p2a: Celesteela
|-damage|p2a: Celesteela|28/100
|move|p2a: Celesteela|Leech Seed|p1a: Necrozma
|-start|p1a: Necrozma|move: Leech Seed
|
|-heal|p2a: Celesteela|34/100|[from] item: Leftovers
|-damage|p1a: Necrozma|84/100|[from] Leech Seed|[of] p2a: Celesteela
|-heal|p2a: Celesteela|46/100|[silent]
|upkeep
|turn|11
|
|t:|1639435523
|move|p2a: Celesteela|Protect|p2a: Celesteela
|-singleturn|p2a: Celesteela|Protect
|move|p1a: Necrozma|Calm Mind|p1a: Necrozma
|-boost|p1a: Necrozma|spa|1
|-boost|p1a: Necrozma|spd|1
|
|-heal|p2a: Celesteela|52/100|[from] item: Leftovers
|-damage|p1a: Necrozma|71/100|[from] Leech Seed|[of] p2a: Celesteela
|-heal|p2a: Celesteela|63/100|[silent]
|upkeep
|turn|12
|c|☆Moutemoute|o
|
|t:|1639435533
|switch|p2a: Swampert|Swampert, M|100/100
|-damage|p2a: Swampert|94/100|[from] Stealth Rock
|move|p1a: Necrozma|Heat Wave|p2a: Swampert
|-resisted|p2a: Swampert
|-damage|p2a: Swampert|64/100
|
|-heal|p2a: Swampert|71/100|[from] item: Leftovers
|-damage|p1a: Necrozma|59/100|[from] Leech Seed|[of] p2a: Swampert
|-heal|p2a: Swampert|82/100|[silent]
|upkeep
|turn|13
|inactive|Poek has 150 seconds left.
|
|t:|1639435560
|switch|p2a: Celesteela|Celesteela|63/100
|-damage|p2a: Celesteela|51/100|[from] Stealth Rock
|move|p1a: Necrozma|Photon Geyser|p2a: Celesteela
|-resisted|p2a: Celesteela
|-damage|p2a: Celesteela|16/100
|
|-heal|p2a: Celesteela|22/100|[from] item: Leftovers
|-damage|p1a: Necrozma|47/100|[from] Leech Seed|[of] p2a: Celesteela
|-heal|p2a: Celesteela|33/100|[silent]
|upkeep
|turn|14
|inactive|Poek has 150 seconds left.
|
|t:|1639435581
|move|p2a: Celesteela|Protect|p2a: Celesteela
|-singleturn|p2a: Celesteela|Protect
|move|p1a: Necrozma|Photon Geyser|p2a: Celesteela
|-activate|p2a: Celesteela|move: Protect
|
|-heal|p2a: Celesteela|39/100|[from] item: Leftovers
|-damage|p1a: Necrozma|34/100|[from] Leech Seed|[of] p2a: Celesteela
|-heal|p2a: Celesteela|50/100|[silent]
|upkeep
|turn|15
|inactive|Moutemoute has 270 seconds left.
|
|t:|1639435606
|switch|p2a: Swampert|Swampert, M|82/100
|-damage|p2a: Swampert|75/100|[from] Stealth Rock
|move|p1a: Necrozma|Heat Wave|p2a: Swampert
|-resisted|p2a: Swampert
|-damage|p2a: Swampert|44/100
|
|-heal|p2a: Swampert|50/100|[from] item: Leftovers
|-damage|p1a: Necrozma|22/100|[from] Leech Seed|[of] p2a: Swampert
|-heal|p2a: Swampert|61/100|[silent]
|upkeep
|turn|16
|inactive|Moutemoute has 270 seconds left.
|
|t:|1639435613
|move|p1a: Necrozma|Photon Geyser|p2a: Swampert
|-damage|p2a: Swampert|0 fnt
|faint|p2a: Swampert
|
|upkeep
|
|t:|1639435615
|switch|p2a: Celesteela|Celesteela|50/100
|-damage|p2a: Celesteela|38/100|[from] Stealth Rock
|turn|17
|
|t:|1639435628
|move|p2a: Celesteela|Protect|p2a: Celesteela
|-singleturn|p2a: Celesteela|Protect
|move|p1a: Necrozma|Heat Wave|p2a: Celesteela
|-activate|p2a: Celesteela|move: Protect
|
|-heal|p2a: Celesteela|44/100|[from] item: Leftovers
|-damage|p1a: Necrozma|10/100|[from] Leech Seed|[of] p2a: Celesteela
|-heal|p2a: Celesteela|55/100|[silent]
|upkeep
|turn|18
|c|+basaninho|C'est foutu
|inactive|Poek has 150 seconds left.
|inactive|Moutemoute has 270 seconds left.
|
|t:|1639435675
|move|p2a: Celesteela|Protect||[still]
|-fail|p2a: Celesteela
|move|p1a: Necrozma|Heat Wave|p2a: Celesteela
|-supereffective|p2a: Celesteela
|-damage|p2a: Celesteela|0 fnt
|faint|p2a: Celesteela
|
|upkeep
|c|☆Moutemoute|gg
|
|t:|1639435679
|switch|p2a: Conkeldurr|Conkeldurr, M|100/100 brn
|-damage|p2a: Conkeldurr|95/100 brn|[from] Stealth Rock
|turn|19
|inactive|Poek has 150 seconds left.
|c|☆Moutemoute|i need to much haxx for this one, like air slash miss and bounce miss
|c|+KM|never say never
|inactive|Poek has 120 seconds left.
|
|t:|1639435728
|switch|p1a: Hydreigon|Hydreigon, F|100/100
|move|p2a: Conkeldurr|Mach Punch|p1a: Hydreigon
|-supereffective|p1a: Hydreigon
|-damage|p1a: Hydreigon|19/100
|
|-damage|p2a: Conkeldurr|89/100 brn|[from] brn
|upkeep
|turn|20
|
|t:|1639435732
|move|p2a: Conkeldurr|Mach Punch|p1a: Hydreigon
|-supereffective|p1a: Hydreigon
|-damage|p1a: Hydreigon|0 fnt
|faint|p1a: Hydreigon
|
|-damage|p2a: Conkeldurr|83/100 brn|[from] brn
|upkeep
|
|t:|1639435741
|switch|p1a: Necrozma|Necrozma|10/100
|-heal|p1a: Necrozma|100/100|[from] move: Healing Wish
|turn|21
|c|☆Moutemoute|oh yes
|c|☆Moutemoute|this
|c|☆Moutemoute|gg
|
|t:|1639435760
|switch|p2a: Tapu Bulu|Tapu Bulu|94/100
|-damage|p2a: Tapu Bulu|82/100|[from] Stealth Rock
|-fieldstart|move: Grassy Terrain|[from] ability: Grassy Surge|[of] p2a: Tapu Bulu
|move|p1a: Necrozma|Photon Geyser|p2a: Tapu Bulu
|-damage|p2a: Tapu Bulu|16/100
|
|-heal|p2a: Tapu Bulu|22/100|[from] Grassy Terrain
|upkeep
|turn|22
|inactive|Poek has 120 seconds left.
|
|t:|1639435807
|move|p1a: Necrozma|Photon Geyser|p2a: Tapu Bulu
|-damage|p2a: Tapu Bulu|0 fnt
|faint|p2a: Tapu Bulu
|
|upkeep
|
|t:|1639435810
|switch|p2a: Conkeldurr|Conkeldurr, M|83/100 brn
|-damage|p2a: Conkeldurr|77/100 brn|[from] Stealth Rock
|turn|23
|
|t:|1639435811
|move|p1a: Necrozma|Photon Geyser|p2a: Conkeldurr
|-supereffective|p2a: Conkeldurr
|-damage|p2a: Conkeldurr|0 fnt
|faint|p2a: Conkeldurr
|
|win|Poek
|c|☆Poek|gg
|c|☆Moutemoute|ggs
