|inactive|Battle timer is ON: inactive players will automatically lose when time's up.
|t:|1663465342
|gametype|singles
|player|p1|dnagerbdager|#scl2foxes|
|player|p2|udongirl|#bltviiiturtwigs|
|teamsize|p1|6
|teamsize|p2|6
|gen|8
|tier|[Gen 8] UU
|rule|Sleep Clause Mod: Limit one foe put to sleep
|rule|Species Clause: Limit one of each Pokémon
|rule|OHKO Clause: OHKO moves are banned
|rule|Evasion Items Clause: Evasion items are banned
|rule|Evasion Moves Clause: Evasion moves are banned
|rule|Endless Battle Clause: Forcing endless battles is banned
|rule|HP Percentage Mod: HP is shown in percentages
|rule|Dynamax Clause: You cannot dynamax
|clearpoke
|poke|p1|Excadrill, F|
|poke|p1|Celesteela|
|poke|p1|Gyarados, F|
|poke|p1|Scizor, M|
|poke|p1|Azelf|
|poke|p1|Keldeo-Resolute|
|poke|p2|Hydreigon, F|
|poke|p2|Azumarill, F|
|poke|p2|Tangrowth, F|
|poke|p2|Skarmory, M|
|poke|p2|Nihilego|
|poke|p2|Moltres|
|teampreview
|inactive|dnagerbdager also wants the timer to be on.
|c|☆dnagerbdager|glhf
|c|+Floss|swiss?
|c|☆dnagerbdager|y
|inactive|dnagerbdager has 270 seconds left.
|c|☆udongirl|glhf
|
|t:|1663465381
|start
|switch|p1a: Excadrill|Excadrill, F|100/100
|switch|p2a: Skarmory|Skarmory, M|100/100
|-ability|p1a: Excadrill|Mold Breaker
|turn|1
|
|t:|1663465389
|move|p1a: Excadrill|Stealth Rock|p2a: Skarmory
|-sidestart|p2: udongirl|move: Stealth Rock
|move|p2a: Skarmory|Body Press|p1a: Excadrill
|-supereffective|p1a: Excadrill
|-damage|p1a: Excadrill|10/100
|
|upkeep
|turn|2
|
|t:|1663465395
|move|p1a: Excadrill|Rock Tomb|p2a: Skarmory
|-damage|p2a: Skarmory|86/100
|-unboost|p2a: Skarmory|spe|1
|move|p2a: Skarmory|Spikes|p1a: Excadrill
|-sidestart|p1: dnagerbdager|Spikes
|
|upkeep
|turn|3
|
|t:|1663465401
|move|p1a: Excadrill|Rapid Spin|p2a: Skarmory
|-resisted|p2a: Skarmory
|-damage|p2a: Skarmory|81/100
|-boost|p1a: Excadrill|spe|1
|-damage|p1a: Excadrill|0 fnt|[from] item: Rocky Helmet|[of] p2a: Skarmory
|faint|p1a: Excadrill
|move|p2a: Skarmory|Spikes|p1: Excadrill
|-sidestart|p1: dnagerbdager|Spikes
|
|upkeep
|
|t:|1663465407
|switch|p1a: Celesteela|Celesteela|100/100
|turn|4
|
|t:|1663465418
|switch|p2a: Nihilego|Nihilego|100/100
|-damage|p2a: Nihilego|88/100|[from] Stealth Rock
|move|p1a: Celesteela|Autotomize|p1a: Celesteela
|-boost|p1a: Celesteela|spe|2
|-start|p1a: Celesteela|Autotomize
|
|-heal|p2a: Nihilego|94/100|[from] item: Black Sludge
|upkeep
|turn|5
|
|t:|1663465422
|move|p1a: Celesteela|Meteor Beam||[still]
|-prepare|p1a: Celesteela|Meteor Beam
|-boost|p1a: Celesteela|spa|1
|-enditem|p1a: Celesteela|Power Herb
|-anim|p1a: Celesteela|Meteor Beam|p2a: Nihilego|[miss]
|-miss|p1a: Celesteela|p2a: Nihilego
|move|p2a: Nihilego|Power Gem|p1a: Celesteela
|-damage|p1a: Celesteela|62/100
|
|-heal|p2a: Nihilego|100/100|[from] item: Black Sludge
|upkeep
|turn|6
|
|t:|1663465428
|move|p1a: Celesteela|Air Slash|p2a: Nihilego
|-resisted|p2a: Nihilego
|-damage|p2a: Nihilego|80/100
|cant|p2a: Nihilego|flinch
|
|-heal|p2a: Nihilego|86/100|[from] item: Black Sludge
|upkeep
|turn|7
|
|t:|1663465454
|move|p1a: Celesteela|Meteor Beam||[still]
|-prepare|p1a: Celesteela|Meteor Beam
|-boost|p1a: Celesteela|spa|1
|move|p2a: Nihilego|Power Gem|p1a: Celesteela
|-damage|p1a: Celesteela|18/100
|
|-heal|p2a: Nihilego|92/100|[from] item: Black Sludge
|upkeep
|turn|8
|
|t:|1663465458
|move|p1a: Celesteela|Meteor Beam|p2a: Nihilego|[from]lockedmove
|-damage|p2a: Nihilego|27/100
|move|p2a: Nihilego|Power Gem|p1a: Celesteela
|-damage|p1a: Celesteela|0 fnt
|faint|p1a: Celesteela
|-ability|p2a: Nihilego|Beast Boost|boost
|-boost|p2a: Nihilego|spa|1
|
|-heal|p2a: Nihilego|33/100|[from] item: Black Sludge
|upkeep
|
|t:|1663465466
|switch|p1a: Azelf|Azelf|100/100
|turn|9
|
|t:|1663465483
|move|p1a: Azelf|Psyshock|p2a: Nihilego
|-supereffective|p2a: Nihilego
|-damage|p2a: Nihilego|0 fnt
|faint|p2a: Nihilego
|
|upkeep
|
|t:|1663465485
|switch|p2a: Hydreigon|Hydreigon, F|100/100
|-damage|p2a: Hydreigon|88/100|[from] Stealth Rock
|turn|10
|
|t:|1663465494
|switch|p1a: Keldeo|Keldeo-Resolute|100/100
|-damage|p1a: Keldeo|84/100|[from] Spikes
|move|p2a: Hydreigon|Dark Pulse|p1a: Keldeo
|-resisted|p1a: Keldeo
|-damage|p1a: Keldeo|62/100
|-ability|p1a: Keldeo|Justified|boost
|-boost|p1a: Keldeo|atk|1
|
|-heal|p1a: Keldeo|69/100|[from] item: Leftovers
|upkeep
|turn|11
|
|t:|1663465502
|switch|p2a: Tangrowth|Tangrowth, F|100/100
|-damage|p2a: Tangrowth|88/100|[from] Stealth Rock
|move|p1a: Keldeo|Calm Mind|p1a: Keldeo
|-boost|p1a: Keldeo|spa|1
|-boost|p1a: Keldeo|spd|1
|
|-heal|p1a: Keldeo|75/100|[from] item: Leftovers
|upkeep
|turn|12
|
|t:|1663465506
|move|p1a: Keldeo|Air Slash|p2a: Tangrowth
|-supereffective|p2a: Tangrowth
|-damage|p2a: Tangrowth|43/100
|move|p2a: Tangrowth|Power Whip|p1a: Keldeo
|-supereffective|p1a: Keldeo
|-damage|p1a: Keldeo|0 fnt
|faint|p1a: Keldeo
|
|upkeep
|
|t:|1663465530
|switch|p1a: Scizor|Scizor, M|100/100
|-damage|p1a: Scizor|84/100|[from] Spikes
|turn|13
|
|t:|1663465544
|switch|p2a: Moltres|Moltres|100/100
|move|p1a: Scizor|Dual Wingbeat|p2a: Moltres
|-damage|p2a: Moltres|72/100
|-status|p1a: Scizor|brn|[from] ability: Flame Body|[of] p2a: Moltres
|-damage|p2a: Moltres|57/100
|-hitcount|p2a: Moltres|2
|-damage|p1a: Scizor|74/100 brn|[from] item: Life Orb
|
|-damage|p1a: Scizor|68/100 brn|[from] brn
|upkeep
|turn|14
|
|t:|1663465561
|move|p2a: Moltres|Roost|p2a: Moltres
|-heal|p2a: Moltres|100/100
|-singleturn|p2a: Moltres|move: Roost
|move|p1a: Scizor|Knock Off|p2a: Moltres
|-damage|p2a: Moltres|75/100
|-enditem|p2a: Moltres|Heavy-Duty Boots|[from] move: Knock Off|[of] p1a: Scizor
|-damage|p1a: Scizor|58/100 brn|[from] item: Life Orb
|
|-damage|p1a: Scizor|52/100 brn|[from] brn
|upkeep
|turn|15
|
|t:|1663465566
|move|p1a: Scizor|Bullet Punch|p2a: Moltres
|-resisted|p2a: Moltres
|-damage|p2a: Moltres|65/100
|-damage|p1a: Scizor|42/100 brn|[from] item: Life Orb
|move|p2a: Moltres|Flamethrower|p1a: Scizor
|-supereffective|p1a: Scizor
|-damage|p1a: Scizor|0 fnt
|faint|p1a: Scizor
|
|upkeep
|
|t:|1663465569
|switch|p1a: Gyarados|Gyarados, F|100/100
|turn|16
|
|t:|1663465573
|move|p1a: Gyarados|Dragon Dance|p1a: Gyarados
|-boost|p1a: Gyarados|atk|1
|-boost|p1a: Gyarados|spe|1
|move|p2a: Moltres|Toxic|p1a: Gyarados
|-status|p1a: Gyarados|tox
|
|-damage|p1a: Gyarados|94/100 tox|[from] psn
|upkeep
|turn|17
|
|t:|1663465577
|move|p1a: Gyarados|Waterfall|p2a: Moltres
|-supereffective|p2a: Moltres
|-damage|p2a: Moltres|0 fnt
|faint|p2a: Moltres
|-ability|p1a: Gyarados|Moxie|boost
|-boost|p1a: Gyarados|atk|1
|
|-damage|p1a: Gyarados|82/100 tox|[from] psn
|upkeep
|
|t:|1663465584
|switch|p2a: Skarmory|Skarmory, M|81/100
|-damage|p2a: Skarmory|68/100|[from] Stealth Rock
|turn|18
|
|t:|1663465587
|move|p1a: Gyarados|Waterfall|p2a: Skarmory
|-damage|p2a: Skarmory|5/100
|-damage|p1a: Gyarados|66/100 tox|[from] item: Rocky Helmet|[of] p2a: Skarmory
|move|p2a: Skarmory|Iron Defense|p2a: Skarmory
|-boost|p2a: Skarmory|def|2
|
|-damage|p1a: Gyarados|48/100 tox|[from] psn
|upkeep
|turn|19
|
|t:|1663465590
|move|p1a: Gyarados|Ice Fang|p2a: Skarmory
|-damage|p2a: Skarmory|0 fnt
|-damage|p1a: Gyarados|31/100 tox|[from] item: Rocky Helmet|[of] p2a: Skarmory
|faint|p2a: Skarmory
|-ability|p1a: Gyarados|Moxie|boost
|-boost|p1a: Gyarados|atk|1
|
|-damage|p1a: Gyarados|7/100 tox|[from] psn
|upkeep
|
|t:|1663465593
|switch|p2a: Hydreigon|Hydreigon, F|88/100
|-damage|p2a: Hydreigon|76/100|[from] Stealth Rock
|turn|20
|
|t:|1663465596
|move|p2a: Hydreigon|Dark Pulse|p1a: Gyarados
|-damage|p1a: Gyarados|0 fnt
|faint|p1a: Gyarados
|
|upkeep
|
|t:|1663465598
|switch|p1a: Azelf|Azelf|100/100
|turn|21
|
|t:|1663465600
|move|p2a: Hydreigon|Dark Pulse|p1a: Azelf
|-supereffective|p1a: Azelf
|-damage|p1a: Azelf|0 fnt
|faint|p1a: Azelf
|
|win|udongirl
|c|☆dnagerbdager|ggs
|c|☆udongirl|ggs
