|inactive|Battle timer is ON: inactive players will automatically lose when time's up.
|t:|1668265169
|gametype|singles
|player|p1|pokemonisfun|#uutrio2ladder|
|player|p2|umbry ✿|elesa-masters|
|teamsize|p1|6
|teamsize|p2|6
|gen|8
|tier|[Gen 8] UU
|rule|Sleep Clause Mod: Limit one foe put to sleep
|rule|Species Clause: Limit one of each Pokémon
|rule|OHKO Clause: OHKO moves are banned
|rule|Evasion Items Clause: Evasion items are banned
|rule|Evasion Moves Clause: Evasion moves are banned
|rule|Endless Battle Clause: Forcing endless battles is banned
|rule|HP Percentage Mod: HP is shown in percentages
|rule|Dynamax Clause: You cannot dynamax
|clearpoke
|poke|p1|Politoed, F|
|poke|p1|Kabutops, F|
|poke|p1|Cobalion|
|poke|p1|Mamoswine, F|
|poke|p1|Kingdra, F|
|poke|p1|Amoonguss, F|
|poke|p2|Thundurus-Therian, M|
|poke|p2|Zarude-Dada|
|poke|p2|Weezing-Galar, M|
|poke|p2|Slowking, F|
|poke|p2|Cobalion|
|poke|p2|Conkeldurr, F|
|teampreview
|c|☆umbry ✿|hf
|inactive|pokemonisfun has 270 seconds left.
|inactive|umbry ✿ has 270 seconds left.
|c|☆pokemonisfun|same
|
|t:|1668265228
|start
|switch|p1a: Amoonguss|Amoonguss, F|100/100
|switch|p2a: Slowking|Slowking, F|100/100
|turn|1
|
|t:|1668265244
|move|p1a: Amoonguss|Spore|p2a: Slowking
|-status|p2a: Slowking|slp|[from] move: Spore
|cant|p2a: Slowking|slp
|
|upkeep
|turn|2
|
|t:|1668265264
|move|p1a: Amoonguss|Seed Bomb|p2a: Slowking
|-supereffective|p2a: Slowking
|-damage|p2a: Slowking|63/100 slp
|-curestatus|p2a: Slowking|slp|[msg]
|move|p2a: Slowking|Future Sight|p1a: Amoonguss
|-start|p2a: Slowking|move: Future Sight
|
|upkeep
|turn|3
|
|t:|1668265279
|switch|p2a: Zarude|Zarude-Dada|100/100
|move|p1a: Amoonguss|Seed Bomb|p2a: Zarude
|-resisted|p2a: Zarude
|-damage|p2a: Zarude|90/100
|
|upkeep
|turn|4
|
|t:|1668265301
|move|p2a: Zarude|U-turn|p1a: Amoonguss
|-damage|p1a: Amoonguss|84/100
|-enditem|p1a: Amoonguss|Eject Button
|
|t:|1668265308
|switch|p1a: Politoed|Politoed, F|100/100
|-weather|RainDance|[from] ability: Drizzle|[of] p1a: Politoed
|
|-weather|RainDance|[upkeep]
|-end|p1a: Politoed|move: Future Sight
|-damage|p1a: Politoed|61/100
|upkeep
|turn|5
|
|t:|1668265330
|switch|p1a: Amoonguss|Amoonguss, F|100/100
|move|p2a: Zarude|U-turn|p1a: Amoonguss
|-damage|p1a: Amoonguss|83/100
|
|t:|1668265335
|switch|p2a: Conkeldurr|Conkeldurr, F|100/100|[from]move: U-turn
|
|-weather|RainDance|[upkeep]
|-status|p2a: Conkeldurr|brn|[from] item: Flame Orb
|upkeep
|turn|6
|inactive|pokemonisfun has 270 seconds left.
|
|t:|1668265359
|move|p2a: Conkeldurr|Facade|p1a: Amoonguss
|-crit|p1a: Amoonguss
|-damage|p1a: Amoonguss|0 fnt
|faint|p1a: Amoonguss
|
|-weather|RainDance|[upkeep]
|-damage|p2a: Conkeldurr|95/100 brn|[from] brn
|upkeep
|inactive|pokemonisfun has 270 seconds left.
|
|t:|1668265374
|switch|p1a: Kingdra|Kingdra, F|100/100
|turn|7
|
|t:|1668265381
|switch|p2a: Slowking|Slowking, F|97/100
|move|p1a: Kingdra|Draco Meteor|p2a: Slowking
|-damage|p2a: Slowking|21/100
|-unboost|p1a: Kingdra|spa|2
|
|-weather|RainDance|[upkeep]
|upkeep
|turn|8
|inactive|pokemonisfun has 270 seconds left.
|
|t:|1668265393
|switch|p1a: Mamoswine|Mamoswine, F|100/100
|switch|p2a: Cobalion|Cobalion|100/100
|
|-weather|RainDance|[upkeep]
|upkeep
|turn|9
|inactive|pokemonisfun has 270 seconds left.
|
|t:|1668265409
|switch|p1a: Cobalion|Cobalion|100/100
|move|p2a: Cobalion|Close Combat|p1a: Cobalion
|-supereffective|p1a: Cobalion
|-damage|p1a: Cobalion|24/100
|-unboost|p2a: Cobalion|def|1
|-unboost|p2a: Cobalion|spd|1
|
|-weather|RainDance|[upkeep]
|upkeep
|turn|10
|inactive|pokemonisfun has 270 seconds left.
|inactive|pokemonisfun has 240 seconds left.
|
|t:|1668265448
|switch|p2a: Weezing|Weezing-Galar, M|100/100
|move|p1a: Cobalion|Megahorn|p2a: Weezing
|-resisted|p2a: Weezing
|-damage|p2a: Weezing|95/100
|-damage|p1a: Cobalion|7/100|[from] item: Rocky Helmet|[of] p2a: Weezing
|
|-weather|RainDance|[upkeep]
|upkeep
|turn|11
|inactive|pokemonisfun has 240 seconds left.
|
|t:|1668265463
|move|p1a: Cobalion|Stone Edge|p2a: Weezing|[miss]
|-miss|p1a: Cobalion|p2a: Weezing
|move|p2a: Weezing|Will-O-Wisp|p1a: Cobalion
|-status|p1a: Cobalion|brn
|
|-weather|none
|-damage|p1a: Cobalion|1/100 brn|[from] brn
|upkeep
|turn|12
|
|t:|1668265467
|switch|p1a: Politoed|Politoed, F|61/100
|-weather|RainDance|[from] ability: Drizzle|[of] p1a: Politoed
|move|p2a: Weezing|Will-O-Wisp|p1a: Politoed
|-status|p1a: Politoed|brn
|
|-weather|RainDance|[upkeep]
|-damage|p1a: Politoed|55/100 brn|[from] brn
|upkeep
|turn|13
|
|t:|1668265477
|switch|p2a: Zarude|Zarude-Dada|90/100
|move|p1a: Politoed|Hypnosis|p2a: Zarude|[miss]
|-miss|p1a: Politoed|p2a: Zarude
|
|-weather|RainDance|[upkeep]
|-damage|p1a: Politoed|49/100 brn|[from] brn
|upkeep
|turn|14
|c|☆umbry ✿|mb
|inactive|pokemonisfun has 240 seconds left.
|
|t:|1668265500
|switch|p1a: Cobalion|Cobalion|1/100 brn
|move|p2a: Zarude|U-turn|p1a: Cobalion
|-resisted|p1a: Cobalion
|-damage|p1a: Cobalion|0 fnt
|faint|p1a: Cobalion
|
|t:|1668265507
|switch|p2a: Slowking|Slowking, F|54/100|[from]move: U-turn
|
|-weather|RainDance|[upkeep]
|upkeep
|inactive|pokemonisfun has 240 seconds left.
|
|t:|1668265523
|switch|p1a: Kabutops|Kabutops, F|100/100
|turn|15
|inactive|pokemonisfun has 240 seconds left.
|
|t:|1668265530
|switch|p2a: Cobalion|Cobalion|100/100
|move|p1a: Kabutops|Swords Dance|p1a: Kabutops
|-boost|p1a: Kabutops|atk|2
|
|-weather|RainDance|[upkeep]
|upkeep
|turn|16
|
|t:|1668265555
|switch|p2a: Weezing|Weezing-Galar, M|95/100
|move|p1a: Kabutops|Waterfall|p2a: Weezing
|-damage|p2a: Weezing|0 fnt
|-damage|p1a: Kabutops|84/100|[from] item: Rocky Helmet|[of] p2a: Weezing
|faint|p2a: Weezing
|-damage|p1a: Kabutops|74/100|[from] item: Life Orb
|
|-weather|RainDance|[upkeep]
|upkeep
|
|t:|1668265559
|switch|p2a: Conkeldurr|Conkeldurr, F|95/100 brn
|turn|17
|inactive|pokemonisfun has 240 seconds left.
|inactive|pokemonisfun has 210 seconds left.
|
|t:|1668265628
|move|p1a: Kabutops|Aqua Jet|p2a: Conkeldurr
|-damage|p2a: Conkeldurr|18/100 brn
|-damage|p1a: Kabutops|64/100|[from] item: Life Orb
|move|p2a: Conkeldurr|Mach Punch|p1a: Kabutops
|-supereffective|p1a: Kabutops
|-damage|p1a: Kabutops|0 fnt
|faint|p1a: Kabutops
|
|-weather|RainDance|[upkeep]
|-damage|p2a: Conkeldurr|12/100 brn|[from] brn
|upkeep
|
|t:|1668265645
|switch|p1a: Mamoswine|Mamoswine, F|100/100
|turn|18
|
|t:|1668265657
|move|p1a: Mamoswine|Ice Shard|p2a: Conkeldurr
|-damage|p2a: Conkeldurr|0 fnt
|faint|p2a: Conkeldurr
|-damage|p1a: Mamoswine|91/100|[from] item: Life Orb
|
|-weather|RainDance|[upkeep]
|upkeep
|
|t:|1668265664
|switch|p2a: Cobalion|Cobalion|100/100
|turn|19
|
|t:|1668265671
|move|p1a: Mamoswine|Ice Shard|p2a: Cobalion
|-resisted|p2a: Cobalion
|-damage|p2a: Cobalion|87/100
|-damage|p1a: Mamoswine|81/100|[from] item: Life Orb
|move|p2a: Cobalion|Close Combat|p1a: Mamoswine
|-supereffective|p1a: Mamoswine
|-damage|p1a: Mamoswine|0 fnt
|-unboost|p2a: Cobalion|def|1
|-unboost|p2a: Cobalion|spd|1
|faint|p1a: Mamoswine
|
|-weather|none
|-heal|p2a: Cobalion|93/100|[from] item: Leftovers
|upkeep
|
|t:|1668265673
|switch|p1a: Politoed|Politoed, F|49/100 brn
|-weather|RainDance|[from] ability: Drizzle|[of] p1a: Politoed
|turn|20
|inactive|pokemonisfun has 210 seconds left.
|
|t:|1668265687
|move|p2a: Cobalion|Close Combat|p1a: Politoed
|-damage|p1a: Politoed|9/100 brn
|-unboost|p2a: Cobalion|def|1
|-unboost|p2a: Cobalion|spd|1
|move|p1a: Politoed|Hypnosis|p2a: Cobalion
|-status|p2a: Cobalion|slp|[from] move: Hypnosis
|
|-weather|RainDance|[upkeep]
|-heal|p2a: Cobalion|99/100 slp|[from] item: Leftovers
|-damage|p1a: Politoed|3/100 brn|[from] brn
|upkeep
|turn|21
|
|t:|1668265693
|switch|p2a: Slowking|Slowking, F|87/100
|switch|p1a: Kingdra|Kingdra, F|100/100
|
|-weather|RainDance|[upkeep]
|upkeep
|turn|22
|
|t:|1668265703
|switch|p2a: Cobalion|Cobalion|99/100 slp
|move|p1a: Kingdra|Hurricane|p2a: Cobalion
|-damage|p2a: Cobalion|27/100 slp
|-start|p2a: Cobalion|confusion
|
|-weather|RainDance|[upkeep]
|-heal|p2a: Cobalion|33/100 slp|[from] item: Leftovers
|upkeep
|turn|23
|
|t:|1668265711
|move|p1a: Kingdra|Hurricane|p2a: Cobalion
|-damage|p2a: Cobalion|0 fnt
|faint|p2a: Cobalion
|
|-weather|RainDance|[upkeep]
|upkeep
|
|t:|1668265718
|switch|p2a: Thundurus|Thundurus-Therian, M|100/100
|turn|24
|
|t:|1668265722
|move|p1a: Kingdra|Hurricane|p2a: Thundurus
|-resisted|p2a: Thundurus
|-damage|p2a: Thundurus|63/100
|move|p2a: Thundurus|Thunderbolt|p1a: Kingdra
|-damage|p1a: Kingdra|35/100
|
|-weather|RainDance|[upkeep]
|upkeep
|turn|25
|
|t:|1668265729
|move|p1a: Kingdra|Hurricane|p2a: Thundurus
|-resisted|p2a: Thundurus
|-damage|p2a: Thundurus|29/100
|-start|p2a: Thundurus|confusion
|-activate|p2a: Thundurus|confusion
|-damage|p2a: Thundurus|18/100|[from] confusion
|
|-weather|RainDance|[upkeep]
|upkeep
|turn|26
|
|t:|1668265736
|move|p1a: Kingdra|Hurricane|p2a: Thundurus
|-resisted|p2a: Thundurus
|-damage|p2a: Thundurus|0 fnt
|faint|p2a: Thundurus
|
|-weather|RainDance|[upkeep]
|upkeep
|
|t:|1668265739
|switch|p2a: Slowking|Slowking, F|100/100
|turn|27
|
|t:|1668265748
|move|p1a: Kingdra|Hurricane|p2a: Slowking
|-damage|p2a: Slowking|60/100
|move|p2a: Slowking|Future Sight|p1a: Kingdra
|-start|p2a: Slowking|move: Future Sight
|
|-weather|none
|upkeep
|turn|28
|
|t:|1668265772
|move|p1a: Kingdra|Hurricane|p2a: Slowking|[miss]
|-miss|p1a: Kingdra|p2a: Slowking
|move|p2a: Slowking|Teleport|p2a: Slowking
|
|t:|1668265774
|switch|p2a: Zarude|Zarude-Dada|90/100|[from]move: Teleport
|
|upkeep
|turn|29
|
|t:|1668265780
|switch|p1a: Politoed|Politoed, F|3/100 brn
|-weather|RainDance|[from] ability: Drizzle|[of] p1a: Politoed
|move|p2a: Zarude|U-turn|p1a: Politoed
|-damage|p1a: Politoed|0 fnt
|faint|p1a: Politoed
|
|t:|1668265781
|switch|p2a: Slowking|Slowking, F|94/100|[from]move: U-turn
|
|-weather|RainDance|[upkeep]
|-hint|Future Sight did not hit because the target is fainted.
|upkeep
|
|t:|1668265783
|switch|p1a: Kingdra|Kingdra, F|35/100
|turn|30
|
|t:|1668265786
|move|p1a: Kingdra|Hurricane|p2a: Slowking
|-damage|p2a: Slowking|52/100
|move|p2a: Slowking|Future Sight|p1a: Kingdra
|-start|p2a: Slowking|move: Future Sight
|
|-weather|RainDance|[upkeep]
|upkeep
|turn|31
|
|t:|1668265793
|switch|p2a: Zarude|Zarude-Dada|90/100
|move|p1a: Kingdra|Hurricane|p2a: Zarude
|-supereffective|p2a: Zarude
|-damage|p2a: Zarude|0 fnt
|faint|p2a: Zarude
|
|-weather|RainDance|[upkeep]
|upkeep
|
|t:|1668265794
|switch|p2a: Slowking|Slowking, F|85/100
|turn|32
|
|t:|1668265799
|move|p1a: Kingdra|Hurricane|p2a: Slowking
|-damage|p2a: Slowking|44/100
|move|p2a: Slowking|Slack Off|p2a: Slowking
|-heal|p2a: Slowking|94/100
|
|-weather|RainDance|[upkeep]
|-end|p1a: Kingdra|move: Future Sight
|-damage|p1a: Kingdra|0 fnt
|faint|p1a: Kingdra
|
|win|umbry ✿
|upkeep
|c|☆umbry ✿|gg
