|inactive|Battle timer is ON: inactive players will automatically lose when time's up.
|t:|1666550154
|gametype|singles
|player|p1|pokemonisfun|#uutrio2ladder|
|player|p2|kythr|candice|
|teamsize|p1|6
|teamsize|p2|6
|gen|8
|tier|[Gen 8] UU
|rule|Sleep Clause Mod: Limit one foe put to sleep
|rule|Species Clause: Limit one of each Pokémon
|rule|OHKO Clause: OHKO moves are banned
|rule|Evasion Items Clause: Evasion items are banned
|rule|Evasion Moves Clause: Evasion moves are banned
|rule|Endless Battle Clause: Forcing endless battles is banned
|rule|HP Percentage Mod: HP is shown in percentages
|rule|Dynamax Clause: You cannot dynamax
|clearpoke
|poke|p1|Chansey, F|
|poke|p1|Umbreon, M|
|poke|p1|Salamence, F|
|poke|p1|Quagsire, M|
|poke|p1|Slowbro-Galar, M|
|poke|p1|Tangrowth, F|
|poke|p2|Scizor, F|
|poke|p2|Nihilego|
|poke|p2|Slowking, M|
|poke|p2|Salamence, F|
|poke|p2|Diggersby, F|
|poke|p2|Crawdaunt, F|
|teampreview
|c|☆kythr|glhf
|c|☆pokemonisfun|glhf
|inactive|kythr has 270 seconds left.
|inactive|kythr has 240 seconds left.
|inactive|kythr has 210 seconds left.
|c|+Aqua8Jet|A) whats this for
|c|+Aqua8Jet|B) Sorry I forgot your game today pif
|inactive|kythr has 180 seconds left.
|c|+suloxiv|swiss
|c|+Aqua8Jet|Sulo not being useless :surprise:
|inactive|kythr has 150 seconds left.
|c|+suloxiv|.
|inactive|kythr has 120 seconds left.
|
|t:|1666550345
|start
|switch|p1a: Tangrowth|Tangrowth, F|100/100
|switch|p2a: Diggersby|Diggersby, F|100/100
|turn|1
|c|+KM|wild stray from someone who just sent an A) B) list in a battle chat
|
|t:|1666550351
|move|p2a: Diggersby|U-turn|p1a: Tangrowth
|-supereffective|p1a: Tangrowth
|-damage|p1a: Tangrowth|61/100
|c|+suloxiv|LOL
|
|t:|1666550359
|switch|p2a: Scizor|Scizor, F|100/100|[from]move: U-turn
|move|p1a: Tangrowth|Knock Off|p2a: Scizor
|-damage|p2a: Scizor|81/100
|-enditem|p2a: Scizor|Heavy-Duty Boots|[from] move: Knock Off|[of] p1a: Tangrowth
|
|upkeep
|turn|2
|inactive|kythr has 180 seconds left.
|c|+pdt|I hope Stall Loses
|c|☆pokemonisfun|+pdt
|c|☆pokemonisfun|Challenge...
|c|☆pokemonisfun|[14:36:25] +pdt: really wp game br
|c|☆pokemonisfun|snake
|c|+hariyana grande|LOL
|inactive|kythr has 150 seconds left.
|c|+pdt|it was
|c|+pdt|u played pretty good
|
|t:|1666550400
|switch|p1a: Slowbro|Slowbro-Galar, M|100/100
|move|p2a: Scizor|Swords Dance|p2a: Scizor
|-boost|p2a: Scizor|atk|2
|
|upkeep
|turn|3
|inactive|kythr has 150 seconds left.
|
|t:|1666550414
|move|p2a: Scizor|U-turn|p1a: Slowbro
|-damage|p1a: Slowbro|59/100
|inactive|kythr has 120 seconds left.
|
|t:|1666550451
|switch|p2a: Nihilego|Nihilego|100/100|[from]move: U-turn
|move|p1a: Slowbro|Flamethrower|p2a: Nihilego
|-resisted|p2a: Nihilego
|-crit|p2a: Nihilego
|-damage|p2a: Nihilego|88/100
|
|-heal|p2a: Nihilego|94/100|[from] item: Black Sludge
|upkeep
|turn|4
|inactive|kythr has 120 seconds left.
|
|t:|1666550461
|switch|p1a: Chansey|Chansey, F|100/100
|move|p2a: Nihilego|Stealth Rock|p1a: Chansey
|-sidestart|p1: pokemonisfun|move: Stealth Rock
|
|-heal|p2a: Nihilego|100/100|[from] item: Black Sludge
|upkeep
|turn|5
|inactive|kythr has 120 seconds left.
|
|t:|1666550487
|switch|p2a: Diggersby|Diggersby, F|100/100
|move|p1a: Chansey|Toxic|p2a: Diggersby
|-status|p2a: Diggersby|tox
|
|-damage|p2a: Diggersby|94/100 tox|[from] psn
|upkeep
|turn|6
|
|t:|1666550503
|move|p2a: Diggersby|Knock Off|p1a: Chansey
|-damage|p1a: Chansey|74/100
|-enditem|p1a: Chansey|Eviolite|[from] move: Knock Off|[of] p2a: Diggersby
|move|p1a: Chansey|Stealth Rock|p2a: Diggersby
|-sidestart|p2: kythr|move: Stealth Rock
|
|-damage|p2a: Diggersby|82/100 tox|[from] psn
|upkeep
|turn|7
|
|t:|1666550512
|switch|p2a: Scizor|Scizor, F|81/100
|-damage|p2a: Scizor|68/100|[from] Stealth Rock
|move|p1a: Chansey|Toxic|p2a: Scizor
|-immune|p2a: Scizor
|
|upkeep
|turn|8
|inactive|kythr has 120 seconds left.
|
|t:|1666550528
|move|p2a: Scizor|Roost|p2a: Scizor
|-heal|p2a: Scizor|100/100
|-singleturn|p2a: Scizor|move: Roost
|move|p1a: Chansey|Soft-Boiled|p1a: Chansey
|-heal|p1a: Chansey|100/100
|
|upkeep
|turn|9
|
|t:|1666550534
|move|p2a: Scizor|Swords Dance|p2a: Scizor
|-boost|p2a: Scizor|atk|2
|move|p1a: Chansey|Soft-Boiled||[still]
|-fail|p1a: Chansey|heal
|
|upkeep
|turn|10
|
|t:|1666550541
|move|p2a: Scizor|U-turn|p1a: Chansey
|-damage|p1a: Chansey|34/100
|
|t:|1666550544
|switch|p2a: Diggersby|Diggersby, F|82/100 tox|[from]move: U-turn
|-damage|p2a: Diggersby|76/100 tox|[from] Stealth Rock
|move|p1a: Chansey|Soft-Boiled|p1a: Chansey
|-heal|p1a: Chansey|84/100
|
|-damage|p2a: Diggersby|70/100 tox|[from] psn
|upkeep
|turn|11
|
|t:|1666550571
|move|p2a: Diggersby|U-turn|p1a: Chansey
|-damage|p1a: Chansey|55/100
|
|t:|1666550574
|switch|p2a: Scizor|Scizor, F|100/100|[from]move: U-turn
|-damage|p2a: Scizor|88/100|[from] Stealth Rock
|move|p1a: Chansey|Soft-Boiled|p1a: Chansey
|-heal|p1a: Chansey|100/100
|
|upkeep
|turn|12
|
|t:|1666550593
|move|p2a: Scizor|Swords Dance|p2a: Scizor
|-boost|p2a: Scizor|atk|2
|move|p1a: Chansey|Seismic Toss|p2a: Scizor
|-damage|p2a: Scizor|59/100
|
|upkeep
|turn|13
|
|t:|1666550599
|switch|p1a: Salamence|Salamence, F|100/100
|-ability|p1a: Salamence|Intimidate|boost
|-unboost|p2a: Scizor|atk|1
|move|p2a: Scizor|Roost|p2a: Scizor
|-heal|p2a: Scizor|100/100
|-singleturn|p2a: Scizor|move: Roost
|
|upkeep
|turn|14
|
|t:|1666550611
|switch|p1a: Quagsire|Quagsire, M|100/100
|-damage|p1a: Quagsire|94/100|[from] Stealth Rock
|switch|p2a: Nihilego|Nihilego|100/100
|-damage|p2a: Nihilego|88/100|[from] Stealth Rock
|
|-heal|p2a: Nihilego|94/100|[from] item: Black Sludge
|-heal|p1a: Quagsire|100/100|[from] item: Leftovers
|upkeep
|turn|15
|
|t:|1666550630
|switch|p2a: Salamence|Salamence, F|100/100
|-ability|p2a: Salamence|Intimidate|boost
|-unboost|p1a: Quagsire|atk|1
|switch|p1a: Chansey|Chansey, F|100/100
|-damage|p1a: Chansey|88/100|[from] Stealth Rock
|
|upkeep
|turn|16
|inactive|kythr has 150 seconds left.
|
|t:|1666550645
|switch|p2a: Scizor|Scizor, F|100/100
|-damage|p2a: Scizor|88/100|[from] Stealth Rock
|move|p1a: Chansey|Seismic Toss|p2a: Scizor
|-damage|p2a: Scizor|59/100
|
|upkeep
|turn|17
|
|t:|1666550653
|move|p2a: Scizor|Roost|p2a: Scizor
|-heal|p2a: Scizor|100/100
|-singleturn|p2a: Scizor|move: Roost
|move|p1a: Chansey|Seismic Toss|p2a: Scizor
|-damage|p2a: Scizor|71/100
|
|upkeep
|turn|18
|
|t:|1666550659
|switch|p1a: Quagsire|Quagsire, M|100/100
|-damage|p1a: Quagsire|94/100|[from] Stealth Rock
|move|p2a: Scizor|Bullet Punch|p1a: Quagsire
|-resisted|p1a: Quagsire
|-damage|p1a: Quagsire|82/100
|
|-heal|p1a: Quagsire|88/100|[from] item: Leftovers
|upkeep
|turn|19
|
|t:|1666550667
|move|p2a: Scizor|U-turn|p1a: Quagsire
|-damage|p1a: Quagsire|59/100
|
|t:|1666550684
|switch|p2a: Slowking|Slowking, M|100/100|[from]move: U-turn
|move|p1a: Quagsire|Toxic|p2a: Slowking
|-status|p2a: Slowking|tox
|
|-heal|p1a: Quagsire|65/100|[from] item: Leftovers
|-damage|p2a: Slowking|94/100 tox|[from] psn
|upkeep
|turn|20
|
|t:|1666550713
|move|p1a: Quagsire|Recover|p1a: Quagsire
|-heal|p1a: Quagsire|100/100
|move|p2a: Slowking|Scald|p1a: Quagsire
|-damage|p1a: Quagsire|73/100
|
|-heal|p1a: Quagsire|79/100|[from] item: Leftovers
|-damage|p2a: Slowking|82/100 tox|[from] psn
|upkeep
|turn|21
|
|t:|1666550720
|switch|p1a: Umbreon|Umbreon, M|100/100
|-damage|p1a: Umbreon|88/100|[from] Stealth Rock
|move|p2a: Slowking|Teleport|p2a: Slowking
|
|t:|1666550729
|switch|p2a: Scizor|Scizor, F|71/100|[from]move: Teleport
|-damage|p2a: Scizor|59/100|[from] Stealth Rock
|
|-heal|p1a: Umbreon|94/100|[from] item: Leftovers
|upkeep
|turn|22
|
|t:|1666550735
|move|p1a: Umbreon|Wish|p1a: Umbreon
|move|p2a: Scizor|Roost|p2a: Scizor
|-heal|p2a: Scizor|100/100
|-singleturn|p2a: Scizor|move: Roost
|
|-heal|p1a: Umbreon|99/100|[from] item: Leftovers
|upkeep
|turn|23
|
|t:|1666550741
|move|p1a: Umbreon|Foul Play|p2a: Scizor
|-damage|p2a: Scizor|58/100
|move|p2a: Scizor|U-turn|p1a: Umbreon
|-supereffective|p1a: Umbreon
|-damage|p1a: Umbreon|57/100
|inactive|kythr has 180 seconds left.
|c|☆pokemonisfun|estarossa is giggling
|c|+KM|no he's not watching this
|c|+jade bloom ✿|:skull:
|c|+KM|busy writing an essay on gingerphobia or something
|c|☆pokemonisfun|hes writing his "rmt"
|c|+suloxiv|on what
|inactive|kythr has 150 seconds left.
|c|+suloxiv|LOL
|
|t:|1666550790
|switch|p2a: Nihilego|Nihilego|94/100|[from]move: U-turn
|-damage|p2a: Nihilego|82/100|[from] Stealth Rock
|
|-heal|p1a: Umbreon|100/100|[from] move: Wish|[wisher] Umbreon
|-heal|p2a: Nihilego|88/100|[from] item: Black Sludge
|upkeep
|turn|24
|
|t:|1666550805
|switch|p1a: Chansey|Chansey, F|88/100
|-damage|p1a: Chansey|76/100|[from] Stealth Rock
|move|p2a: Nihilego|Sludge Bomb|p1a: Chansey
|-damage|p1a: Chansey|54/100
|
|-heal|p2a: Nihilego|94/100|[from] item: Black Sludge
|upkeep
|turn|25
|inactive|pokemonisfun has 270 seconds left.
|
|t:|1666550830
|move|p2a: Nihilego|Sludge Bomb|p1a: Chansey
|-crit|p1a: Chansey
|-damage|p1a: Chansey|22/100
|move|p1a: Chansey|Soft-Boiled|p1a: Chansey
|-heal|p1a: Chansey|72/100
|
|-heal|p2a: Nihilego|100/100|[from] item: Black Sludge
|upkeep
|turn|26
|inactive|pokemonisfun has 270 seconds left.
|
|t:|1666550843
|switch|p2a: Slowking|Slowking, M|100/100 tox
|move|p1a: Chansey|Seismic Toss|p2a: Slowking
|-damage|p2a: Slowking|75/100 tox
|
|-damage|p2a: Slowking|69/100 tox|[from] psn
|upkeep
|turn|27
|
|t:|1666550852
|switch|p1a: Umbreon|Umbreon, M|100/100
|-damage|p1a: Umbreon|88/100|[from] Stealth Rock
|move|p2a: Slowking|Teleport|p2a: Slowking
|
|t:|1666550857
|switch|p2a: Nihilego|Nihilego|100/100|[from]move: Teleport
|-damage|p2a: Nihilego|88/100|[from] Stealth Rock
|
|-heal|p2a: Nihilego|94/100|[from] item: Black Sludge
|-heal|p1a: Umbreon|94/100|[from] item: Leftovers
|upkeep
|turn|28
|
|t:|1666550860
|move|p1a: Umbreon|Protect|p1a: Umbreon
|-singleturn|p1a: Umbreon|Protect
|move|p2a: Nihilego|Power Gem|p1a: Umbreon
|-activate|p1a: Umbreon|move: Protect
|
|-heal|p2a: Nihilego|100/100|[from] item: Black Sludge
|-heal|p1a: Umbreon|99/100|[from] item: Leftovers
|upkeep
|turn|29
|
|t:|1666550876
|switch|p1a: Chansey|Chansey, F|72/100
|-damage|p1a: Chansey|60/100|[from] Stealth Rock
|move|p2a: Nihilego|Sludge Bomb|p1a: Chansey
|-damage|p1a: Chansey|37/100
|
|upkeep
|turn|30
|
|t:|1666550883
|switch|p2a: Crawdaunt|Crawdaunt, F|100/100
|-damage|p2a: Crawdaunt|88/100|[from] Stealth Rock
|move|p1a: Chansey|Soft-Boiled|p1a: Chansey
|-heal|p1a: Chansey|87/100
|
|upkeep
|turn|31
|inactive|kythr has 210 seconds left.
|
|t:|1666550911
|switch|p1a: Salamence|Salamence, F|100/100
|-ability|p1a: Salamence|Intimidate|boost
|-unboost|p2a: Crawdaunt|atk|1
|move|p2a: Crawdaunt|Knock Off|p1a: Salamence
|-damage|p1a: Salamence|44/100
|-enditem|p1a: Salamence|Heavy-Duty Boots|[from] move: Knock Off|[of] p2a: Crawdaunt
|
|upkeep
|turn|32
|inactive|pokemonisfun has 270 seconds left.
|
|t:|1666550953
|switch|p2a: Nihilego|Nihilego|100/100
|-damage|p2a: Nihilego|88/100|[from] Stealth Rock
|move|p1a: Salamence|Roost|p1a: Salamence
|-heal|p1a: Salamence|94/100
|-singleturn|p1a: Salamence|move: Roost
|
|-heal|p2a: Nihilego|94/100|[from] item: Black Sludge
|upkeep
|turn|33
|inactive|kythr has 210 seconds left.
|
|t:|1666550968
|switch|p1a: Slowbro|Slowbro-Galar, M|92/100
|-damage|p1a: Slowbro|80/100|[from] Stealth Rock
|move|p2a: Nihilego|Power Gem|p1a: Slowbro
|-damage|p1a: Slowbro|32/100
|
|-heal|p2a: Nihilego|100/100|[from] item: Black Sludge
|upkeep
|turn|34
|
|t:|1666550976
|switch|p1a: Umbreon|Umbreon, M|99/100
|-damage|p1a: Umbreon|88/100|[from] Stealth Rock
|move|p2a: Nihilego|Power Gem|p1a: Umbreon
|-damage|p1a: Umbreon|62/100
|
|-heal|p1a: Umbreon|68/100|[from] item: Leftovers
|upkeep
|turn|35
|
|t:|1666550982
|move|p1a: Umbreon|Protect|p1a: Umbreon
|-singleturn|p1a: Umbreon|Protect
|move|p2a: Nihilego|Power Gem|p1a: Umbreon
|-activate|p1a: Umbreon|move: Protect
|
|-heal|p1a: Umbreon|74/100|[from] item: Leftovers
|upkeep
|turn|36
|
|t:|1666550986
|move|p2a: Nihilego|Sludge Bomb|p1a: Umbreon
|-damage|p1a: Umbreon|41/100
|move|p1a: Umbreon|Wish|p1a: Umbreon
|
|-heal|p1a: Umbreon|47/100|[from] item: Leftovers
|upkeep
|turn|37
|
|t:|1666550991
|move|p1a: Umbreon|Protect|p1a: Umbreon
|-singleturn|p1a: Umbreon|Protect
|move|p2a: Nihilego|Power Gem|p1a: Umbreon
|-activate|p1a: Umbreon|move: Protect
|
|-heal|p1a: Umbreon|97/100|[from] move: Wish|[wisher] Umbreon
|-heal|p1a: Umbreon|100/100|[from] item: Leftovers
|upkeep
|turn|38
|
|t:|1666550996
|move|p2a: Nihilego|Sludge Bomb|p1a: Umbreon
|-damage|p1a: Umbreon|68/100
|move|p1a: Umbreon|Wish|p1a: Umbreon
|
|-heal|p1a: Umbreon|74/100|[from] item: Leftovers
|upkeep
|turn|39
|
|t:|1666551001
|move|p2a: Nihilego|Power Gem|p1a: Umbreon
|-damage|p1a: Umbreon|48/100
|move|p1a: Umbreon|Foul Play|p2a: Nihilego
|-damage|p2a: Nihilego|79/100
|
|-heal|p1a: Umbreon|98/100|[from] move: Wish|[wisher] Umbreon
|-heal|p2a: Nihilego|85/100|[from] item: Black Sludge
|-heal|p1a: Umbreon|100/100|[from] item: Leftovers
|upkeep
|turn|40
|inactive|pokemonisfun has 270 seconds left.
|
|t:|1666551045
|move|p2a: Nihilego|Power Gem|p1a: Umbreon
|-damage|p1a: Umbreon|74/100
|move|p1a: Umbreon|Wish|p1a: Umbreon
|
|-heal|p2a: Nihilego|92/100|[from] item: Black Sludge
|-heal|p1a: Umbreon|80/100|[from] item: Leftovers
|upkeep
|turn|41
|inactive|kythr has 270 seconds left.
|
|t:|1666551051
|switch|p2a: Salamence|Salamence, F|100/100
|-ability|p2a: Salamence|Intimidate|boost
|-unboost|p1a: Umbreon|atk|1
|move|p1a: Umbreon|Foul Play|p2a: Salamence
|-damage|p2a: Salamence|70/100
|
|-heal|p1a: Umbreon|100/100|[from] move: Wish|[wisher] Umbreon
|upkeep
|turn|42
|
|t:|1666551059
|move|p2a: Salamence|Roost|p2a: Salamence
|-heal|p2a: Salamence|100/100
|-singleturn|p2a: Salamence|move: Roost
|move|p1a: Umbreon|Wish|p1a: Umbreon
|
|upkeep
|turn|43
|
|t:|1666551066
|move|p2a: Salamence|Hurricane|p1a: Umbreon
|-damage|p1a: Umbreon|73/100
|move|p1a: Umbreon|Foul Play|p2a: Salamence
|-damage|p2a: Salamence|69/100
|
|-heal|p1a: Umbreon|100/100|[from] move: Wish|[wisher] Umbreon
|upkeep
|turn|44
|
|t:|1666551073
|move|p2a: Salamence|Hurricane|p1a: Umbreon
|-damage|p1a: Umbreon|73/100
|move|p1a: Umbreon|Wish|p1a: Umbreon
|
|-heal|p1a: Umbreon|79/100|[from] item: Leftovers
|upkeep
|turn|45
|
|t:|1666551078
|move|p2a: Salamence|Hurricane|p1a: Umbreon
|-damage|p1a: Umbreon|48/100
|move|p1a: Umbreon|Foul Play|p2a: Salamence
|-damage|p2a: Salamence|36/100
|
|-heal|p1a: Umbreon|98/100|[from] move: Wish|[wisher] Umbreon
|-heal|p1a: Umbreon|100/100|[from] item: Leftovers
|upkeep
|turn|46
|
|t:|1666551083
|switch|p1a: Chansey|Chansey, F|87/100
|-damage|p1a: Chansey|75/100|[from] Stealth Rock
|move|p2a: Salamence|Roost|p2a: Salamence
|-heal|p2a: Salamence|86/100
|-singleturn|p2a: Salamence|move: Roost
|
|upkeep
|turn|47
|
|t:|1666551094
|switch|p2a: Slowking|Slowking, M|100/100 tox
|move|p1a: Chansey|Soft-Boiled|p1a: Chansey
|-heal|p1a: Chansey|100/100
|
|-damage|p2a: Slowking|94/100 tox|[from] psn
|upkeep
|turn|48
|
|t:|1666551110
|switch|p1a: Tangrowth|Tangrowth, F|94/100
|-damage|p1a: Tangrowth|82/100|[from] Stealth Rock
|move|p2a: Slowking|Teleport|p2a: Slowking
|
|t:|1666551125
|switch|p2a: Scizor|Scizor, F|58/100|[from]move: Teleport
|-damage|p2a: Scizor|45/100|[from] Stealth Rock
|
|upkeep
|turn|49
|
|t:|1666551144
|switch|p1a: Slowbro|Slowbro-Galar, M|65/100
|-damage|p1a: Slowbro|53/100|[from] Stealth Rock
|move|p2a: Scizor|Roost|p2a: Scizor
|-heal|p2a: Scizor|96/100
|-singleturn|p2a: Scizor|move: Roost
|
|upkeep
|turn|50
|
|t:|1666551151
|move|p2a: Scizor|U-turn|p1a: Slowbro
|-damage|p1a: Slowbro|31/100
|
|t:|1666551153
|switch|p2a: Slowking|Slowking, M|100/100 tox|[from]move: U-turn
|move|p1a: Slowbro|Slack Off|p1a: Slowbro
|-heal|p1a: Slowbro|81/100
|
|-damage|p2a: Slowking|94/100 tox|[from] psn
|upkeep
|turn|51
|
|t:|1666551159
|move|p1a: Slowbro|Calm Mind|p1a: Slowbro
|-boost|p1a: Slowbro|spa|1
|-boost|p1a: Slowbro|spd|1
|move|p2a: Slowking|Teleport|p2a: Slowking
|
|t:|1666551176
|switch|p2a: Diggersby|Diggersby, F|70/100 tox|[from]move: Teleport
|-damage|p2a: Diggersby|64/100 tox|[from] Stealth Rock
|
|-damage|p2a: Diggersby|58/100 tox|[from] psn
|upkeep
|turn|52
|inactive|pokemonisfun has 270 seconds left.
|inactive|pokemonisfun has 240 seconds left.
|
|t:|1666551239
|switch|p1a: Umbreon|Umbreon, M|100/100
|-damage|p1a: Umbreon|88/100|[from] Stealth Rock
|move|p2a: Diggersby|Earthquake|p1a: Umbreon
|-damage|p1a: Umbreon|53/100
|
|-heal|p1a: Umbreon|59/100|[from] item: Leftovers
|-damage|p2a: Diggersby|46/100 tox|[from] psn
|upkeep
|turn|53
|inactive|pokemonisfun has 240 seconds left.
|
|t:|1666551252
|switch|p2a: Nihilego|Nihilego|92/100
|-damage|p2a: Nihilego|79/100|[from] Stealth Rock
|move|p1a: Umbreon|Wish|p1a: Umbreon
|
|-heal|p2a: Nihilego|85/100|[from] item: Black Sludge
|-heal|p1a: Umbreon|65/100|[from] item: Leftovers
|upkeep
|turn|54
|
|t:|1666551258
|move|p2a: Nihilego|Power Gem|p1a: Umbreon
|-damage|p1a: Umbreon|40/100
|move|p1a: Umbreon|Foul Play|p2a: Nihilego
|-damage|p2a: Nihilego|66/100
|
|-heal|p1a: Umbreon|90/100|[from] move: Wish|[wisher] Umbreon
|-heal|p2a: Nihilego|72/100|[from] item: Black Sludge
|-heal|p1a: Umbreon|96/100|[from] item: Leftovers
|upkeep
|turn|55
|
|t:|1666551265
|switch|p2a: Salamence|Salamence, F|86/100
|-ability|p2a: Salamence|Intimidate|boost
|-unboost|p1a: Umbreon|atk|1
|switch|p1a: Chansey|Chansey, F|100/100
|-damage|p1a: Chansey|88/100|[from] Stealth Rock
|
|upkeep
|turn|56
|
|t:|1666551274
|switch|p2a: Slowking|Slowking, M|100/100 tox
|move|p1a: Chansey|Seismic Toss|p2a: Slowking
|-damage|p2a: Slowking|75/100 tox
|
|-damage|p2a: Slowking|69/100 tox|[from] psn
|upkeep
|turn|57
|
|t:|1666551280
|switch|p1a: Slowbro|Slowbro-Galar, M|100/100
|-damage|p1a: Slowbro|88/100|[from] Stealth Rock
|move|p2a: Slowking|Teleport|p2a: Slowking
|
|t:|1666551300
|switch|p2a: Diggersby|Diggersby, F|46/100 tox|[from]move: Teleport
|-damage|p2a: Diggersby|39/100 tox|[from] Stealth Rock
|
|-damage|p2a: Diggersby|33/100 tox|[from] psn
|upkeep
|turn|58
|inactive|pokemonisfun has 270 seconds left.
|
|t:|1666551313
|move|p2a: Diggersby|Knock Off|p1a: Slowbro
|-supereffective|p1a: Slowbro
|-enditem|p1a: Slowbro|Colbur Berry|[eat]
|-enditem|p1a: Slowbro|Colbur Berry|[weaken]
|-damage|p1a: Slowbro|63/100
|move|p1a: Slowbro|Slack Off|p1a: Slowbro
|-heal|p1a: Slowbro|100/100
|
|-damage|p2a: Diggersby|21/100 tox|[from] psn
|upkeep
|turn|59
|inactive|pokemonisfun has 270 seconds left.
|
|t:|1666551323
|switch|p2a: Slowking|Slowking, M|100/100 tox
|move|p1a: Slowbro|Calm Mind|p1a: Slowbro
|-boost|p1a: Slowbro|spa|1
|-boost|p1a: Slowbro|spd|1
|
|-damage|p2a: Slowking|94/100 tox|[from] psn
|upkeep
|turn|60
|inactive|pokemonisfun has 270 seconds left.
|
|t:|1666551362
|move|p1a: Slowbro|Calm Mind|p1a: Slowbro
|-boost|p1a: Slowbro|spa|1
|-boost|p1a: Slowbro|spd|1
|move|p2a: Slowking|Scald|p1a: Slowbro
|-damage|p1a: Slowbro|86/100
|
|-damage|p2a: Slowking|82/100 tox|[from] psn
|upkeep
|turn|61
|
|t:|1666551372
|move|p1a: Slowbro|Slack Off|p1a: Slowbro
|-heal|p1a: Slowbro|100/100
|move|p2a: Slowking|Teleport|p2a: Slowking
|
|t:|1666551385
|switch|p2a: Diggersby|Diggersby, F|21/100 tox|[from]move: Teleport
|-damage|p2a: Diggersby|15/100 tox|[from] Stealth Rock
|
|-damage|p2a: Diggersby|9/100 tox|[from] psn
|upkeep
|turn|62
|
|t:|1666551403
|move|p2a: Diggersby|Earthquake|p1a: Slowbro
|-supereffective|p1a: Slowbro
|-damage|p1a: Slowbro|14/100
|move|p1a: Slowbro|Slack Off|p1a: Slowbro
|-heal|p1a: Slowbro|65/100
|
|-damage|p2a: Diggersby|0 fnt|[from] psn
|faint|p2a: Diggersby
|upkeep
|
|t:|1666551409
|switch|p2a: Crawdaunt|Crawdaunt, F|88/100
|-damage|p2a: Crawdaunt|76/100|[from] Stealth Rock
|turn|63
|
|t:|1666551425
|switch|p1a: Tangrowth|Tangrowth, F|100/100
|-damage|p1a: Tangrowth|88/100|[from] Stealth Rock
|move|p2a: Crawdaunt|Knock Off|p1a: Tangrowth
|-damage|p1a: Tangrowth|16/100
|-enditem|p1a: Tangrowth|Assault Vest|[from] move: Knock Off|[of] p2a: Crawdaunt
|
|upkeep
|turn|64
|
|t:|1666551450
|switch|p1a: Salamence|Salamence, F|94/100
|-damage|p1a: Salamence|69/100|[from] Stealth Rock
|-ability|p1a: Salamence|Intimidate|boost
|-unboost|p2a: Crawdaunt|atk|1
|move|p2a: Crawdaunt|Knock Off|p1a: Salamence
|-damage|p1a: Salamence|32/100
|
|upkeep
|turn|65
|
|t:|1666551460
|switch|p2a: Nihilego|Nihilego|72/100
|-damage|p2a: Nihilego|60/100|[from] Stealth Rock
|move|p1a: Salamence|Earthquake|p2a: Nihilego
|-supereffective|p2a: Nihilego
|-damage|p2a: Nihilego|0 fnt
|faint|p2a: Nihilego
|
|upkeep
|inactive|kythr has 270 seconds left.
|inactive|kythr has 240 seconds left.
|inactive|kythr has 210 seconds left.
|
|t:|1666551539
|switch|p2a: Salamence|Salamence, F|86/100
|-ability|p2a: Salamence|Intimidate|boost
|-unboost|p1a: Salamence|atk|1
|turn|66
|inactive|pokemonisfun has 270 seconds left.
|
|t:|1666551565
|switch|p1a: Umbreon|Umbreon, M|96/100
|-damage|p1a: Umbreon|84/100|[from] Stealth Rock
|move|p2a: Salamence|Hurricane|p1a: Umbreon
|-damage|p1a: Umbreon|56/100
|
|-heal|p1a: Umbreon|62/100|[from] item: Leftovers
|upkeep
|turn|67
|
|t:|1666551575
|move|p1a: Umbreon|Protect|p1a: Umbreon
|-singleturn|p1a: Umbreon|Protect
|move|p2a: Salamence|Hurricane|p1a: Umbreon
|-activate|p1a: Umbreon|move: Protect
|
|-heal|p1a: Umbreon|68/100|[from] item: Leftovers
|upkeep
|turn|68
|
|t:|1666551583
|move|p2a: Salamence|Hurricane|p1a: Umbreon
|-damage|p1a: Umbreon|37/100
|-start|p1a: Umbreon|confusion
|-activate|p1a: Umbreon|confusion
|-damage|p1a: Umbreon|34/100|[from] confusion
|
|-heal|p1a: Umbreon|40/100|[from] item: Leftovers
|upkeep
|turn|69
|
|t:|1666551601
|switch|p1a: Chansey|Chansey, F|88/100
|-damage|p1a: Chansey|76/100|[from] Stealth Rock
|move|p2a: Salamence|Hurricane|p1a: Chansey
|-damage|p1a: Chansey|56/100
|
|upkeep
|turn|70
|inactive|kythr has 240 seconds left.
|
|t:|1666551610
|switch|p2a: Scizor|Scizor, F|96/100
|-damage|p2a: Scizor|83/100|[from] Stealth Rock
|move|p1a: Chansey|Soft-Boiled|p1a: Chansey
|-heal|p1a: Chansey|100/100
|
|upkeep
|turn|71
|
|t:|1666551624
|move|p2a: Scizor|Swords Dance|p2a: Scizor
|-boost|p2a: Scizor|atk|2
|move|p1a: Chansey|Seismic Toss|p2a: Scizor
|-damage|p2a: Scizor|54/100
|
|upkeep
|turn|72
|
|t:|1666551629
|switch|p1a: Quagsire|Quagsire, M|79/100
|-damage|p1a: Quagsire|73/100|[from] Stealth Rock
|move|p2a: Scizor|Roost|p2a: Scizor
|-heal|p2a: Scizor|100/100
|-singleturn|p2a: Scizor|move: Roost
|
|-heal|p1a: Quagsire|79/100|[from] item: Leftovers
|upkeep
|turn|73
|
|t:|1666551634
|move|p2a: Scizor|U-turn|p1a: Quagsire
|-damage|p1a: Quagsire|50/100
|
|t:|1666551637
|switch|p2a: Slowking|Slowking, M|100/100 tox|[from]move: U-turn
|move|p1a: Quagsire|Recover|p1a: Quagsire
|-heal|p1a: Quagsire|99/100
|
|-heal|p1a: Quagsire|100/100|[from] item: Leftovers
|-damage|p2a: Slowking|94/100 tox|[from] psn
|upkeep
|turn|74
|
|t:|1666551647
|move|p1a: Quagsire|Scald|p2a: Slowking
|-resisted|p2a: Slowking
|-damage|p2a: Slowking|88/100 tox
|move|p2a: Slowking|Teleport|p2a: Slowking
|
|t:|1666551661
|switch|p2a: Scizor|Scizor, F|100/100|[from]move: Teleport
|-damage|p2a: Scizor|88/100|[from] Stealth Rock
|
|upkeep
|turn|75
|
|t:|1666551676
|move|p2a: Scizor|U-turn|p1a: Quagsire
|-damage|p1a: Quagsire|71/100
|
|t:|1666551678
|switch|p2a: Slowking|Slowking, M|100/100 tox|[from]move: U-turn
|move|p1a: Quagsire|Scald|p2a: Slowking
|-resisted|p2a: Slowking
|-damage|p2a: Slowking|94/100 tox
|
|-heal|p1a: Quagsire|77/100|[from] item: Leftovers
|-damage|p2a: Slowking|88/100 tox|[from] psn
|upkeep
|turn|76
|
|t:|1666551685
|move|p1a: Quagsire|Recover|p1a: Quagsire
|-heal|p1a: Quagsire|100/100
|move|p2a: Slowking|Scald|p1a: Quagsire
|-damage|p1a: Quagsire|75/100
|
|-heal|p1a: Quagsire|81/100|[from] item: Leftovers
|-damage|p2a: Slowking|75/100 tox|[from] psn
|upkeep
|turn|77
|
|t:|1666551691
|move|p1a: Quagsire|Recover|p1a: Quagsire
|-heal|p1a: Quagsire|100/100
|move|p2a: Slowking|Teleport|p2a: Slowking
|
|t:|1666551694
|switch|p2a: Scizor|Scizor, F|88/100|[from]move: Teleport
|-damage|p2a: Scizor|76/100|[from] Stealth Rock
|
|upkeep
|turn|78
|
|t:|1666551699
|move|p2a: Scizor|U-turn|p1a: Quagsire
|-damage|p1a: Quagsire|72/100
|
|t:|1666551701
|switch|p2a: Slowking|Slowking, M|100/100 tox|[from]move: U-turn
|move|p1a: Quagsire|Scald|p2a: Slowking
|-resisted|p2a: Slowking
|-damage|p2a: Slowking|94/100 tox
|
|-heal|p1a: Quagsire|78/100|[from] item: Leftovers
|-damage|p2a: Slowking|88/100 tox|[from] psn
|upkeep
|turn|79
|
|t:|1666551717
|move|p1a: Quagsire|Scald|p2a: Slowking
|-resisted|p2a: Slowking
|-damage|p2a: Slowking|82/100 tox
|move|p2a: Slowking|Teleport|p2a: Slowking
|
|t:|1666551741
|switch|p2a: Salamence|Salamence, F|86/100|[from]move: Teleport
|-ability|p2a: Salamence|Intimidate|boost
|-unboost|p1a: Quagsire|atk|1
|
|-heal|p1a: Quagsire|84/100|[from] item: Leftovers
|upkeep
|turn|80
|
|t:|1666551749
|switch|p2a: Slowking|Slowking, M|100/100 tox
|move|p1a: Quagsire|Recover|p1a: Quagsire
|-heal|p1a: Quagsire|100/100
|
|-damage|p2a: Slowking|94/100 tox|[from] psn
|upkeep
|turn|81
|inactive|pokemonisfun has 270 seconds left.
|
|t:|1666551782
|switch|p1a: Tangrowth|Tangrowth, F|49/100
|-damage|p1a: Tangrowth|37/100|[from] Stealth Rock
|move|p2a: Slowking|Teleport|p2a: Slowking
|
|t:|1666551798
|switch|p2a: Crawdaunt|Crawdaunt, F|76/100|[from]move: Teleport
|-damage|p2a: Crawdaunt|63/100|[from] Stealth Rock
|
|upkeep
|turn|82
|
|t:|1666551812
|move|p2a: Crawdaunt|Knock Off|p1a: Tangrowth
|-damage|p1a: Tangrowth|0 fnt
|faint|p1a: Tangrowth
|
|upkeep
|
|t:|1666551821
|switch|p1a: Salamence|Salamence, F|32/100
|-damage|p1a: Salamence|7/100|[from] Stealth Rock
|-ability|p1a: Salamence|Intimidate|boost
|-unboost|p2a: Crawdaunt|atk|1
|turn|83
|inactive|pokemonisfun has 270 seconds left.
|inactive|pokemonisfun has 240 seconds left.
|
|t:|1666551874
|switch|p2a: Salamence|Salamence, F|86/100
|-ability|p2a: Salamence|Intimidate|boost
|-unboost|p1a: Salamence|atk|1
|move|p1a: Salamence|Roost|p1a: Salamence
|-heal|p1a: Salamence|57/100
|-singleturn|p1a: Salamence|move: Roost
|
|upkeep
|turn|84
|inactive|pokemonisfun has 240 seconds left.
|
|t:|1666551885
|switch|p2a: Crawdaunt|Crawdaunt, F|63/100
|-damage|p2a: Crawdaunt|51/100|[from] Stealth Rock
|move|p1a: Salamence|Roost|p1a: Salamence
|-heal|p1a: Salamence|100/100
|-singleturn|p1a: Salamence|move: Roost
|
|upkeep
|turn|85
|inactive|pokemonisfun has 240 seconds left.
|
|t:|1666551899
|switch|p2a: Salamence|Salamence, F|86/100
|-ability|p2a: Salamence|Intimidate|boost
|-unboost|p1a: Salamence|atk|1
|move|p1a: Salamence|Earthquake|p2a: Salamence
|-immune|p2a: Salamence
|
|upkeep
|turn|86
|
|t:|1666551905
|move|p1a: Salamence|Defog|p2a: Salamence
|-unboost|p2a: Salamence|evasion|1
|-sideend|p2: kythr|Stealth Rock|[from] move: Defog|[of] p1a: Salamence
|-sideend|p1: pokemonisfun|Stealth Rock|[from] move: Defog|[of] p1a: Salamence
|move|p2a: Salamence|Hurricane|p1a: Salamence|[miss]
|-miss|p2a: Salamence|p1a: Salamence
|
|upkeep
|turn|87
|
|t:|1666551922
|switch|p2a: Scizor|Scizor, F|76/100
|move|p1a: Salamence|Earthquake|p2a: Scizor
|-crit|p2a: Scizor
|-damage|p2a: Scizor|33/100
|
|upkeep
|turn|88
|
|t:|1666551933
|switch|p1a: Umbreon|Umbreon, M|40/100
|switch|p2a: Slowking|Slowking, M|100/100 tox
|
|-heal|p1a: Umbreon|46/100|[from] item: Leftovers
|-damage|p2a: Slowking|94/100 tox|[from] psn
|upkeep
|turn|89
|
|t:|1666551945
|move|p1a: Umbreon|Wish|p1a: Umbreon
|move|p2a: Slowking|Teleport|p2a: Slowking
|inactive|kythr has 270 seconds left.
|
|t:|1666551994
|switch|p2a: Crawdaunt|Crawdaunt, F|51/100|[from]move: Teleport
|
|-heal|p1a: Umbreon|52/100|[from] item: Leftovers
|upkeep
|turn|90
|
|t:|1666552000
|move|p1a: Umbreon|Protect|p1a: Umbreon
|-singleturn|p1a: Umbreon|Protect
|move|p2a: Crawdaunt|Close Combat|p1a: Umbreon
|-activate|p1a: Umbreon|move: Protect
|
|-heal|p1a: Umbreon|100/100|[from] move: Wish|[wisher] Umbreon
|upkeep
|turn|91
|inactive|pokemonisfun has 270 seconds left.
|
|t:|1666552008
|switch|p1a: Slowbro|Slowbro-Galar, M|98/100
|move|p2a: Crawdaunt|Close Combat|p1a: Slowbro
|-resisted|p1a: Slowbro
|-damage|p1a: Slowbro|87/100
|-unboost|p2a: Crawdaunt|def|1
|-unboost|p2a: Crawdaunt|spd|1
|
|upkeep
|turn|92
|inactive|pokemonisfun has 270 seconds left.
|inactive|pokemonisfun has 240 seconds left.
|
|t:|1666552059
|move|p2a: Crawdaunt|Close Combat|p1a: Slowbro
|-resisted|p1a: Slowbro
|-damage|p1a: Slowbro|77/100
|-unboost|p2a: Crawdaunt|def|1
|-unboost|p2a: Crawdaunt|spd|1
|move|p1a: Slowbro|Sludge Bomb|p2a: Crawdaunt
|-damage|p2a: Crawdaunt|0 fnt
|faint|p2a: Crawdaunt
|
|upkeep
|inactive|kythr has 270 seconds left.
|c|☆kythr|took blizzard off my crawdaunt at the last second
|c|☆kythr|gg
|-message|kythr forfeited.
|
|win|pokemonisfun
