|inactive|Battle timer is ON: inactive players will automatically lose when time's up.
|t:|1653671241
|gametype|singles
|player|p1|Sirwings|170|
|player|p2|MegaTotomon|fantina|
|teamsize|p1|6
|teamsize|p2|6
|gen|8
|tier|[Gen 8] UU
|rule|Sleep Clause Mod: Limit one foe put to sleep
|rule|Species Clause: Limit one of each Pokémon
|rule|OHKO Clause: OHKO moves are banned
|rule|Evasion Moves Clause: Evasion moves are banned
|rule|Endless Battle Clause: Forcing endless battles is banned
|rule|HP Percentage Mod: HP is shown in percentages
|rule|Dynamax Clause: You cannot dynamax
|clearpoke
|poke|p1|Reuniclus, F|
|poke|p1|Aegislash, M|
|poke|p1|Hippowdon, M|
|poke|p1|Primarina, F|
|poke|p1|Amoonguss, F|
|poke|p1|Skarmory, F|
|poke|p2|Swampert, M|
|poke|p2|Amoonguss, M|
|poke|p2|Conkeldurr, F|
|poke|p2|Hydreigon, M|
|poke|p2|Thundurus-Therian, M|
|poke|p2|Celesteela|
|teampreview
|c|☆Sirwings|hf
|c|☆MegaTotomon|glhf
|inactive|Sirwings has 270 seconds left.
|inactive|MegaTotomon has 270 seconds left.
|c|+TEAM CHARM|LGI SIRKINGS
|
|t:|1653671293
|start
|switch|p1a: Amoonguss|Amoonguss, F|100/100
|switch|p2a: Thundurus|Thundurus-Therian, M|100/100
|turn|1
|
|t:|1653671300
|move|p2a: Thundurus|Volt Switch|p1a: Amoonguss
|-resisted|p1a: Amoonguss
|-damage|p1a: Amoonguss|83/100
|
|t:|1653671307
|switch|p2a: Amoonguss|Amoonguss, M|100/100|[from]move: Volt Switch
|move|p1a: Amoonguss|Sludge Bomb|p2a: Amoonguss
|-damage|p2a: Amoonguss|75/100
|
|-heal|p2a: Amoonguss|81/100|[from] item: Black Sludge
|upkeep
|turn|2
|
|t:|1653671317
|move|p2a: Amoonguss|Sludge Bomb|p1a: Amoonguss
|-damage|p1a: Amoonguss|59/100
|move|p1a: Amoonguss|Sludge Bomb|p2a: Amoonguss
|-damage|p2a: Amoonguss|54/100
|
|-heal|p2a: Amoonguss|61/100|[from] item: Black Sludge
|upkeep
|turn|3
|
|t:|1653671324
|move|p2a: Amoonguss|Sludge Bomb|p1a: Amoonguss
|-damage|p1a: Amoonguss|35/100
|move|p1a: Amoonguss|Sludge Bomb|p2a: Amoonguss
|-damage|p2a: Amoonguss|36/100
|
|-heal|p2a: Amoonguss|43/100|[from] item: Black Sludge
|upkeep
|turn|4
|
|t:|1653671331
|switch|p1a: Primarina|Primarina, F|100/100
|move|p2a: Amoonguss|Sludge Bomb|p1a: Primarina
|-supereffective|p1a: Primarina
|-damage|p1a: Primarina|64/100
|
|-heal|p1a: Primarina|70/100|[from] item: Leftovers
|-heal|p2a: Amoonguss|49/100|[from] item: Black Sludge
|upkeep
|turn|5
|
|t:|1653671342
|move|p1a: Primarina|Scald|p2a: Amoonguss
|-resisted|p2a: Amoonguss
|-damage|p2a: Amoonguss|34/100
|move|p2a: Amoonguss|Giga Drain|p1a: Primarina
|-supereffective|p1a: Primarina
|-damage|p1a: Primarina|38/100
|-heal|p2a: Amoonguss|47/100|[from] drain|[of] p1a: Primarina
|
|-heal|p1a: Primarina|44/100|[from] item: Leftovers
|-heal|p2a: Amoonguss|54/100|[from] item: Black Sludge
|upkeep
|turn|6
|
|t:|1653671350
|switch|p2a: Swampert|Swampert, M|100/100
|move|p1a: Primarina|Rest|p1a: Primarina
|-status|p1a: Primarina|slp|[from] move: Rest
|-heal|p1a: Primarina|100/100 slp|[silent]
|
|upkeep
|turn|7
|
|t:|1653671353
|switch|p1a: Skarmory|Skarmory, F|100/100
|move|p2a: Swampert|Stealth Rock|p1a: Skarmory
|-sidestart|p1: Sirwings|move: Stealth Rock
|
|upkeep
|turn|8
|
|t:|1653671357
|switch|p2a: Thundurus|Thundurus-Therian, M|100/100
|move|p1a: Skarmory|Defog|p2a: Thundurus
|-unboost|p2a: Thundurus|evasion|1
|-sideend|p1: Sirwings|Stealth Rock|[from] move: Defog|[of] p1a: Skarmory
|
|upkeep
|turn|9
|
|t:|1653671375
|switch|p1a: Amoonguss|Amoonguss, F|68/100
|move|p2a: Thundurus|Volt Switch|p1a: Amoonguss
|-resisted|p1a: Amoonguss
|-damage|p1a: Amoonguss|49/100
|
|t:|1653671381
|switch|p2a: Conkeldurr|Conkeldurr, F|100/100|[from]move: Volt Switch
|
|-status|p2a: Conkeldurr|brn|[from] item: Flame Orb
|upkeep
|turn|10
|
|t:|1653671387
|switch|p1a: Skarmory|Skarmory, F|100/100
|move|p2a: Conkeldurr|Knock Off|p1a: Skarmory
|-damage|p1a: Skarmory|63/100
|-damage|p2a: Conkeldurr|84/100 brn|[from] item: Rocky Helmet|[of] p1a: Skarmory
|-enditem|p1a: Skarmory|Rocky Helmet|[from] move: Knock Off|[of] p2a: Conkeldurr
|
|-damage|p2a: Conkeldurr|78/100 brn|[from] brn
|upkeep
|turn|11
|
|t:|1653671394
|move|p1a: Skarmory|Iron Defense|p1a: Skarmory
|-boost|p1a: Skarmory|def|2
|move|p2a: Conkeldurr|Drain Punch|p1a: Skarmory
|-damage|p1a: Skarmory|43/100
|-heal|p2a: Conkeldurr|88/100 brn|[from] drain|[of] p1a: Skarmory
|
|-damage|p2a: Conkeldurr|82/100 brn|[from] brn
|upkeep
|turn|12
|
|t:|1653671399
|switch|p2a: Thundurus|Thundurus-Therian, M|100/100
|move|p1a: Skarmory|Roost|p1a: Skarmory
|-heal|p1a: Skarmory|93/100
|-singleturn|p1a: Skarmory|move: Roost
|
|upkeep
|turn|13
|
|t:|1653671411
|switch|p1a: Hippowdon|Hippowdon, M|100/100
|-weather|Sandstorm|[from] ability: Sand Stream|[of] p1a: Hippowdon
|move|p2a: Thundurus|Psychic|p1a: Hippowdon
|-damage|p1a: Hippowdon|70/100
|
|-weather|Sandstorm|[upkeep]
|-damage|p2a: Thundurus|94/100|[from] Sandstorm
|-heal|p1a: Hippowdon|76/100|[from] item: Leftovers
|upkeep
|turn|14
|
|t:|1653671421
|switch|p1a: Amoonguss|Amoonguss, F|82/100
|move|p2a: Thundurus|Psychic|p1a: Amoonguss
|-supereffective|p1a: Amoonguss
|-damage|p1a: Amoonguss|15/100
|
|-weather|Sandstorm|[upkeep]
|-damage|p2a: Thundurus|88/100|[from] Sandstorm
|-damage|p1a: Amoonguss|9/100|[from] Sandstorm
|upkeep
|turn|15
|
|t:|1653671427
|switch|p1a: Reuniclus|Reuniclus, F|100/100
|move|p2a: Thundurus|Volt Switch|p1a: Reuniclus
|-damage|p1a: Reuniclus|62/100
|c|+KeldeoCrowned|go sirwings!
|c|+KeldeoCrowned|sexoooo!
|
|t:|1653671433
|switch|p2a: Conkeldurr|Conkeldurr, F|82/100 brn|[from]move: Volt Switch
|
|-weather|Sandstorm|[upkeep]
|-damage|p2a: Conkeldurr|76/100 brn|[from] Sandstorm
|-heal|p1a: Reuniclus|68/100|[from] item: Leftovers
|-damage|p2a: Conkeldurr|70/100 brn|[from] brn
|upkeep
|turn|16
|
|t:|1653671455
|switch|p1a: Skarmory|Skarmory, F|93/100
|move|p2a: Conkeldurr|Drain Punch|p1a: Skarmory
|-damage|p1a: Skarmory|50/100
|-heal|p2a: Conkeldurr|90/100 brn|[from] drain|[of] p1a: Skarmory
|
|-weather|Sandstorm|[upkeep]
|-damage|p2a: Conkeldurr|84/100 brn|[from] Sandstorm
|-damage|p2a: Conkeldurr|78/100 brn|[from] brn
|upkeep
|turn|17
|
|t:|1653671461
|switch|p2a: Thundurus|Thundurus-Therian, M|88/100
|move|p1a: Skarmory|Body Press|p2a: Thundurus
|-resisted|p2a: Thundurus
|-damage|p2a: Thundurus|66/100
|
|-weather|none
|upkeep
|turn|18
|
|t:|1653671469
|switch|p1a: Hippowdon|Hippowdon, M|76/100
|-weather|Sandstorm|[from] ability: Sand Stream|[of] p1a: Hippowdon
|move|p2a: Thundurus|Volt Switch|p1a: Hippowdon
|-immune|p1a: Hippowdon
|
|-weather|Sandstorm|[upkeep]
|-damage|p2a: Thundurus|60/100|[from] Sandstorm
|-heal|p1a: Hippowdon|82/100|[from] item: Leftovers
|upkeep
|turn|19
|
|t:|1653671474
|switch|p2a: Swampert|Swampert, M|100/100
|move|p1a: Hippowdon|Slack Off|p1a: Hippowdon
|-heal|p1a: Hippowdon|100/100
|
|-weather|Sandstorm|[upkeep]
|upkeep
|turn|20
|c|+pokemonisfun|go nuts
|
|t:|1653671478
|switch|p1a: Skarmory|Skarmory, F|50/100
|move|p2a: Swampert|Stealth Rock|p1a: Skarmory
|-sidestart|p1: Sirwings|move: Stealth Rock
|
|-weather|Sandstorm|[upkeep]
|upkeep
|turn|21
|
|t:|1653671480
|move|p1a: Skarmory|Roost|p1a: Skarmory
|-heal|p1a: Skarmory|100/100
|-singleturn|p1a: Skarmory|move: Roost
|move|p2a: Swampert|Flip Turn|p1a: Skarmory
|-damage|p1a: Skarmory|87/100
|
|t:|1653671483
|switch|p2a: Hydreigon|Hydreigon, M|100/100|[from]move: Flip Turn
|
|-weather|Sandstorm|[upkeep]
|-damage|p2a: Hydreigon|94/100|[from] Sandstorm
|upkeep
|turn|22
|
|t:|1653671487
|switch|p1a: Primarina|Primarina, F|100/100 slp
|-damage|p1a: Primarina|88/100 slp|[from] Stealth Rock
|move|p2a: Hydreigon|U-turn|p1a: Primarina
|-resisted|p1a: Primarina
|-damage|p1a: Primarina|80/100 slp
|
|t:|1653671493
|switch|p2a: Thundurus|Thundurus-Therian, M|60/100|[from]move: U-turn
|
|-weather|none
|-heal|p1a: Primarina|86/100 slp|[from] item: Leftovers
|upkeep
|turn|23
|
|t:|1653671502
|switch|p1a: Hippowdon|Hippowdon, M|100/100
|-damage|p1a: Hippowdon|94/100|[from] Stealth Rock
|-weather|Sandstorm|[from] ability: Sand Stream|[of] p1a: Hippowdon
|move|p2a: Thundurus|Volt Switch|p1a: Hippowdon
|-immune|p1a: Hippowdon
|
|-weather|Sandstorm|[upkeep]
|-damage|p2a: Thundurus|54/100|[from] Sandstorm
|-heal|p1a: Hippowdon|100/100|[from] item: Leftovers
|upkeep
|turn|24
|
|t:|1653671513
|switch|p2a: Swampert|Swampert, M|100/100
|move|p1a: Hippowdon|Stealth Rock|p2a: Swampert
|-sidestart|p2: MegaTotomon|move: Stealth Rock
|
|-weather|Sandstorm|[upkeep]
|upkeep
|turn|25
|
|t:|1653671527
|switch|p1a: Amoonguss|Amoonguss, F|42/100
|-damage|p1a: Amoonguss|30/100|[from] Stealth Rock
|move|p2a: Swampert|Toxic|p1a: Amoonguss
|-immune|p1a: Amoonguss
|
|-weather|Sandstorm|[upkeep]
|-damage|p1a: Amoonguss|23/100|[from] Sandstorm
|upkeep
|turn|26
|
|t:|1653671532
|switch|p1a: Reuniclus|Reuniclus, F|68/100
|move|p2a: Swampert|Flip Turn|p1a: Reuniclus
|-damage|p1a: Reuniclus|52/100
|
|t:|1653671537
|switch|p2a: Hydreigon|Hydreigon, M|94/100|[from]move: Flip Turn
|-damage|p2a: Hydreigon|82/100|[from] Stealth Rock
|
|-weather|Sandstorm|[upkeep]
|-damage|p2a: Hydreigon|76/100|[from] Sandstorm
|-heal|p1a: Reuniclus|58/100|[from] item: Leftovers
|upkeep
|turn|27
|
|t:|1653671545
|switch|p1a: Primarina|Primarina, F|86/100 slp
|-damage|p1a: Primarina|74/100 slp|[from] Stealth Rock
|move|p2a: Hydreigon|U-turn|p1a: Primarina
|-resisted|p1a: Primarina
|-damage|p1a: Primarina|66/100 slp
|
|t:|1653671551
|switch|p2a: Thundurus|Thundurus-Therian, M|54/100|[from]move: U-turn
|
|-weather|none
|-heal|p1a: Primarina|72/100 slp|[from] item: Leftovers
|upkeep
|turn|28
|
|t:|1653671554
|switch|p1a: Hippowdon|Hippowdon, M|100/100
|-damage|p1a: Hippowdon|94/100|[from] Stealth Rock
|-weather|Sandstorm|[from] ability: Sand Stream|[of] p1a: Hippowdon
|move|p2a: Thundurus|Grass Knot|p1a: Hippowdon
|-supereffective|p1a: Hippowdon
|-damage|p1a: Hippowdon|9/100
|
|-weather|Sandstorm|[upkeep]
|-damage|p2a: Thundurus|48/100|[from] Sandstorm
|-heal|p1a: Hippowdon|15/100|[from] item: Leftovers
|upkeep
|turn|29
|
|t:|1653671562
|switch|p1a: Reuniclus|Reuniclus, F|58/100
|move|p2a: Thundurus|Psychic|p1a: Reuniclus
|-resisted|p1a: Reuniclus
|-damage|p1a: Reuniclus|44/100
|-unboost|p1a: Reuniclus|spd|1
|
|-weather|Sandstorm|[upkeep]
|-damage|p2a: Thundurus|42/100|[from] Sandstorm
|-heal|p1a: Reuniclus|50/100|[from] item: Leftovers
|upkeep
|turn|30
|
|t:|1653671568
|move|p2a: Thundurus|Volt Switch|p1a: Reuniclus
|-damage|p1a: Reuniclus|0 fnt
|faint|p1a: Reuniclus
|
|t:|1653671577
|switch|p2a: Celesteela|Celesteela|100/100|[from]move: Volt Switch
|-damage|p2a: Celesteela|88/100|[from] Stealth Rock
|
|-weather|Sandstorm|[upkeep]
|-heal|p2a: Celesteela|94/100|[from] item: Leftovers
|upkeep
|
|t:|1653671596
|switch|p1a: Amoonguss|Amoonguss, F|57/100
|-damage|p1a: Amoonguss|44/100|[from] Stealth Rock
|turn|31
|
|t:|1653671600
|switch|p2a: Amoonguss|Amoonguss, M|87/100
|-damage|p2a: Amoonguss|75/100|[from] Stealth Rock
|switch|p1a: Primarina|Primarina, F|72/100 slp
|-damage|p1a: Primarina|60/100 slp|[from] Stealth Rock
|
|-weather|Sandstorm|[upkeep]
|-damage|p1a: Primarina|54/100 slp|[from] Sandstorm
|-damage|p2a: Amoonguss|68/100|[from] Sandstorm
|-heal|p1a: Primarina|60/100 slp|[from] item: Leftovers
|-heal|p2a: Amoonguss|75/100|[from] item: Black Sludge
|upkeep
|turn|32
|
|t:|1653671609
|switch|p1a: Aegislash|Aegislash, M|100/100
|-damage|p1a: Aegislash|94/100|[from] Stealth Rock
|move|p2a: Amoonguss|Giga Drain|p1a: Aegislash
|-resisted|p1a: Aegislash
|-damage|p1a: Aegislash|85/100
|-heal|p2a: Amoonguss|78/100|[from] drain|[of] p1a: Aegislash
|
|-weather|none
|-heal|p1a: Aegislash|92/100|[from] item: Leftovers
|-heal|p2a: Amoonguss|84/100|[from] item: Black Sludge
|upkeep
|turn|33
|
|t:|1653671619
|move|p1a: Aegislash|Substitute|p1a: Aegislash
|-start|p1a: Aegislash|Substitute
|-damage|p1a: Aegislash|67/100
|move|p2a: Amoonguss|Foul Play|p1a: Aegislash
|-supereffective|p1a: Aegislash
|-activate|p1a: Aegislash|move: Substitute|[damage]
|
|-heal|p1a: Aegislash|73/100|[from] item: Leftovers
|-heal|p2a: Amoonguss|91/100|[from] item: Black Sludge
|upkeep
|turn|34
|
|t:|1653671625
|-formechange|p1a: Aegislash|Aegislash-Blade||[from] ability: Stance Change
|move|p1a: Aegislash|Shadow Ball|p2a: Amoonguss
|-damage|p2a: Amoonguss|47/100
|-unboost|p2a: Amoonguss|spd|1
|move|p2a: Amoonguss|Foul Play|p1a: Aegislash
|-supereffective|p1a: Aegislash
|-end|p1a: Aegislash|Substitute
|
|-heal|p1a: Aegislash|79/100|[from] item: Leftovers
|-heal|p2a: Amoonguss|54/100|[from] item: Black Sludge
|upkeep
|turn|35
|
|t:|1653671630
|switch|p2a: Swampert|Swampert, M|100/100
|-damage|p2a: Swampert|94/100|[from] Stealth Rock
|move|p1a: Aegislash|Substitute|p1a: Aegislash
|-start|p1a: Aegislash|Substitute
|-damage|p1a: Aegislash|54/100
|
|-heal|p1a: Aegislash|60/100|[from] item: Leftovers
|-heal|p2a: Swampert|100/100|[from] item: Leftovers
|upkeep
|turn|36
|
|t:|1653671639
|move|p1a: Aegislash|Shadow Ball|p2a: Swampert
|-damage|p2a: Swampert|68/100
|move|p2a: Swampert|Earthquake|p1a: Aegislash
|-supereffective|p1a: Aegislash
|-crit|p1a: Aegislash
|-end|p1a: Aegislash|Substitute
|
|-heal|p1a: Aegislash|66/100|[from] item: Leftovers
|-heal|p2a: Swampert|75/100|[from] item: Leftovers
|upkeep
|turn|37
|
|t:|1653671645
|-formechange|p1a: Aegislash|Aegislash||[from] ability: Stance Change
|move|p1a: Aegislash|King's Shield|p1a: Aegislash
|-singleturn|p1a: Aegislash|Protect
|move|p2a: Swampert|Flip Turn|p1a: Aegislash
|-activate|p1a: Aegislash|move: Protect
|-unboost|p2a: Swampert|atk|1
|
|-heal|p1a: Aegislash|72/100|[from] item: Leftovers
|-heal|p2a: Swampert|81/100|[from] item: Leftovers
|upkeep
|turn|38
|
|t:|1653671652
|move|p1a: Aegislash|Toxic|p2a: Swampert
|-status|p2a: Swampert|tox
|move|p2a: Swampert|Earthquake|p1a: Aegislash
|-supereffective|p1a: Aegislash
|-damage|p1a: Aegislash|32/100
|
|-heal|p1a: Aegislash|38/100|[from] item: Leftovers
|-heal|p2a: Swampert|87/100 tox|[from] item: Leftovers
|-damage|p2a: Swampert|81/100 tox|[from] psn
|upkeep
|turn|39
|
|t:|1653671665
|switch|p2a: Celesteela|Celesteela|94/100
|-damage|p2a: Celesteela|82/100|[from] Stealth Rock
|move|p1a: Aegislash|Substitute|p1a: Aegislash
|-start|p1a: Aegislash|Substitute
|-damage|p1a: Aegislash|13/100
|
|-heal|p1a: Aegislash|19/100|[from] item: Leftovers
|-heal|p2a: Celesteela|88/100|[from] item: Leftovers
|upkeep
|turn|40
|
|t:|1653671670
|move|p1a: Aegislash|King's Shield|p1a: Aegislash
|-singleturn|p1a: Aegislash|Protect
|move|p2a: Celesteela|Flamethrower|p1a: Aegislash
|-activate|p1a: Aegislash|move: Protect
|
|-heal|p1a: Aegislash|25/100|[from] item: Leftovers
|-heal|p2a: Celesteela|94/100|[from] item: Leftovers
|upkeep
|turn|41
|
|t:|1653671674
|-formechange|p1a: Aegislash|Aegislash-Blade||[from] ability: Stance Change
|move|p1a: Aegislash|Shadow Ball|p2a: Celesteela
|-damage|p2a: Celesteela|69/100
|move|p2a: Celesteela|Flamethrower|p1a: Aegislash
|-supereffective|p1a: Aegislash
|-end|p1a: Aegislash|Substitute
|
|-heal|p1a: Aegislash|31/100|[from] item: Leftovers
|-heal|p2a: Celesteela|75/100|[from] item: Leftovers
|upkeep
|turn|42
|
|t:|1653671680
|-formechange|p1a: Aegislash|Aegislash||[from] ability: Stance Change
|move|p1a: Aegislash|King's Shield|p1a: Aegislash
|-singleturn|p1a: Aegislash|Protect
|move|p2a: Celesteela|Flamethrower|p1a: Aegislash
|-activate|p1a: Aegislash|move: Protect
|
|-heal|p1a: Aegislash|38/100|[from] item: Leftovers
|-heal|p2a: Celesteela|81/100|[from] item: Leftovers
|upkeep
|turn|43
|
|t:|1653671693
|switch|p1a: Primarina|Primarina, F|60/100 slp
|-damage|p1a: Primarina|48/100 slp|[from] Stealth Rock
|move|p2a: Celesteela|Flamethrower|p1a: Primarina
|-resisted|p1a: Primarina
|-damage|p1a: Primarina|40/100 slp
|
|-heal|p1a: Primarina|46/100 slp|[from] item: Leftovers
|-heal|p2a: Celesteela|87/100|[from] item: Leftovers
|upkeep
|turn|44
|
|t:|1653671696
|cant|p1a: Primarina|slp
|move|p1a: Primarina|Sleep Talk|p1a: Primarina
|move|p1a: Primarina|Moonblast|p2a: Celesteela|[from]move: Sleep Talk
|-resisted|p2a: Celesteela
|-damage|p2a: Celesteela|76/100
|move|p2a: Celesteela|Heavy Slam|p1a: Primarina
|-damage|p1a: Primarina|4/100 slp
|
|-heal|p1a: Primarina|10/100 slp|[from] item: Leftovers
|-heal|p2a: Celesteela|82/100|[from] item: Leftovers
|upkeep
|turn|45
|
|t:|1653671703
|cant|p1a: Primarina|slp
|move|p1a: Primarina|Sleep Talk|p1a: Primarina
|move|p1a: Primarina|Moonblast|p2a: Celesteela|[from]move: Sleep Talk
|-resisted|p2a: Celesteela
|-damage|p2a: Celesteela|70/100
|-unboost|p2a: Celesteela|spa|1
|move|p2a: Celesteela|Heavy Slam|p1a: Primarina
|-damage|p1a: Primarina|0 fnt
|faint|p1a: Primarina
|-ability|p2a: Celesteela|Beast Boost|boost
|-boost|p2a: Celesteela|spd|1
|
|-heal|p2a: Celesteela|76/100|[from] item: Leftovers
|upkeep
|
|t:|1653671727
|switch|p1a: Amoonguss|Amoonguss, F|78/100
|-damage|p1a: Amoonguss|65/100|[from] Stealth Rock
|turn|46
|
|t:|1653671735
|switch|p2a: Amoonguss|Amoonguss, M|87/100
|-damage|p2a: Amoonguss|74/100|[from] Stealth Rock
|move|p1a: Amoonguss|Spore|p2a: Amoonguss
|-immune|p2a: Amoonguss
|
|-heal|p2a: Amoonguss|81/100|[from] item: Black Sludge
|upkeep
|turn|47
|
|t:|1653671745
|switch|p1a: Aegislash|Aegislash, M|38/100
|-damage|p1a: Aegislash|31/100|[from] Stealth Rock
|move|p2a: Amoonguss|Spore|p1a: Aegislash
|-status|p1a: Aegislash|slp|[from] move: Spore
|
|-heal|p1a: Aegislash|38/100 slp|[from] item: Leftovers
|-heal|p2a: Amoonguss|87/100|[from] item: Black Sludge
|upkeep
|turn|48
|
|t:|1653671762
|switch|p1a: Amoonguss|Amoonguss, F|98/100
|-damage|p1a: Amoonguss|86/100|[from] Stealth Rock
|switch|p2a: Hydreigon|Hydreigon, M|76/100
|-damage|p2a: Hydreigon|64/100|[from] Stealth Rock
|
|upkeep
|turn|49
|
|t:|1653671766
|move|p2a: Hydreigon|U-turn|p1a: Amoonguss
|-damage|p1a: Amoonguss|74/100
|-damage|p2a: Hydreigon|47/100|[from] item: Rocky Helmet|[of] p1a: Amoonguss
|
|t:|1653671773
|switch|p2a: Amoonguss|Amoonguss, M|100/100|[from]move: U-turn
|-damage|p2a: Amoonguss|88/100|[from] Stealth Rock
|move|p1a: Amoonguss|Sludge Bomb|p2a: Amoonguss
|-damage|p2a: Amoonguss|62/100
|
|-heal|p2a: Amoonguss|68/100|[from] item: Black Sludge
|upkeep
|turn|50
|
|t:|1653671780
|move|p2a: Amoonguss|Sludge Bomb|p1a: Amoonguss
|-damage|p1a: Amoonguss|49/100
|move|p1a: Amoonguss|Sludge Bomb|p2a: Amoonguss
|-damage|p2a: Amoonguss|41/100
|
|-heal|p2a: Amoonguss|48/100|[from] item: Black Sludge
|upkeep
|turn|51
|
|t:|1653671784
|move|p2a: Amoonguss|Sludge Bomb|p1a: Amoonguss
|-damage|p1a: Amoonguss|26/100
|move|p1a: Amoonguss|Sludge Bomb|p2a: Amoonguss
|-damage|p2a: Amoonguss|21/100
|
|-heal|p2a: Amoonguss|28/100|[from] item: Black Sludge
|upkeep
|turn|52
|
|t:|1653671791
|switch|p2a: Swampert|Swampert, M|81/100 tox
|-damage|p2a: Swampert|75/100 tox|[from] Stealth Rock
|switch|p1a: Skarmory|Skarmory, F|87/100
|-damage|p1a: Skarmory|75/100|[from] Stealth Rock
|
|-heal|p2a: Swampert|81/100 tox|[from] item: Leftovers
|-damage|p2a: Swampert|75/100 tox|[from] psn
|upkeep
|turn|53
|
|t:|1653671795
|move|p1a: Skarmory|Body Press|p2a: Swampert
|-damage|p2a: Swampert|49/100 tox
|move|p2a: Swampert|Flip Turn|p1a: Skarmory
|-damage|p1a: Skarmory|61/100
|
|t:|1653671800
|switch|p2a: Thundurus|Thundurus-Therian, M|42/100|[from]move: Flip Turn
|
|upkeep
|turn|54
|
|t:|1653671803
|switch|p1a: Hippowdon|Hippowdon, M|15/100
|-damage|p1a: Hippowdon|9/100|[from] Stealth Rock
|-weather|Sandstorm|[from] ability: Sand Stream|[of] p1a: Hippowdon
|move|p2a: Thundurus|Psychic|p1a: Hippowdon
|-damage|p1a: Hippowdon|0 fnt
|faint|p1a: Hippowdon
|
|-weather|Sandstorm|[upkeep]
|-damage|p2a: Thundurus|36/100|[from] Sandstorm
|upkeep
|
|t:|1653671808
|switch|p1a: Aegislash|Aegislash, M|38/100 slp
|-damage|p1a: Aegislash|31/100 slp|[from] Stealth Rock
|turn|55
|
|t:|1653671810
|cant|p1a: Aegislash|slp
|move|p2a: Thundurus|Volt Switch|p1a: Aegislash
|-damage|p1a: Aegislash|0 fnt
|faint|p1a: Aegislash
|
|t:|1653671817
|switch|p2a: Hydreigon|Hydreigon, M|47/100|[from]move: Volt Switch
|-damage|p2a: Hydreigon|35/100|[from] Stealth Rock
|
|-weather|Sandstorm|[upkeep]
|-damage|p2a: Hydreigon|29/100|[from] Sandstorm
|upkeep
|
|t:|1653671824
|switch|p1a: Amoonguss|Amoonguss, F|59/100
|-damage|p1a: Amoonguss|47/100|[from] Stealth Rock
|turn|56
|
|t:|1653671827
|switch|p1a: Skarmory|Skarmory, F|61/100
|-damage|p1a: Skarmory|49/100|[from] Stealth Rock
|move|p2a: Hydreigon|Flamethrower|p1a: Skarmory
|-supereffective|p1a: Skarmory
|-damage|p1a: Skarmory|0 fnt
|faint|p1a: Skarmory
|
|-weather|Sandstorm|[upkeep]
|-damage|p2a: Hydreigon|22/100|[from] Sandstorm
|upkeep
|
|t:|1653671828
|switch|p1a: Amoonguss|Amoonguss, F|80/100
|-damage|p1a: Amoonguss|67/100|[from] Stealth Rock
|turn|57
|
|t:|1653671834
|switch|p2a: Celesteela|Celesteela|76/100
|-damage|p2a: Celesteela|63/100|[from] Stealth Rock
|move|p1a: Amoonguss|Sludge Bomb|p2a: Celesteela
|-immune|p2a: Celesteela
|
|-weather|Sandstorm|[upkeep]
|-damage|p1a: Amoonguss|61/100|[from] Sandstorm
|-heal|p2a: Celesteela|69/100|[from] item: Leftovers
|upkeep
|turn|58
|
|t:|1653671839
|move|p2a: Celesteela|Flamethrower|p1a: Amoonguss
|-supereffective|p1a: Amoonguss
|-damage|p1a: Amoonguss|18/100
|-status|p1a: Amoonguss|brn
|move|p1a: Amoonguss|Spore|p2a: Celesteela
|-status|p2a: Celesteela|slp|[from] move: Spore
|
|-weather|none
|-heal|p2a: Celesteela|75/100 slp|[from] item: Leftovers
|-damage|p1a: Amoonguss|11/100 brn|[from] brn
|upkeep
|turn|59
|
|t:|1653671843
|cant|p2a: Celesteela|slp
|move|p1a: Amoonguss|Sludge Bomb|p2a: Celesteela
|-immune|p2a: Celesteela
|
|-heal|p2a: Celesteela|81/100 slp|[from] item: Leftovers
|-damage|p1a: Amoonguss|5/100 brn|[from] brn
|upkeep
|turn|60
|c|☆Sirwings|yeah gg
|
|t:|1653671847
|cant|p2a: Celesteela|slp
|move|p1a: Amoonguss|Foul Play|p2a: Celesteela
|-damage|p2a: Celesteela|71/100 slp
|
|-heal|p2a: Celesteela|77/100 slp|[from] item: Leftovers
|-damage|p1a: Amoonguss|0 fnt|[from] brn
|faint|p1a: Amoonguss
|
|win|MegaTotomon
|upkeep
|c|☆MegaTotomon|gg
