|inactive|Battle timer is ON: inactive players will automatically lose when time's up.
|t:|1666375126
|gametype|singles
|player|p1|Mimilucha|ethan-masters|
|player|p2|corperaten|265|
|teamsize|p1|6
|teamsize|p2|6
|gen|8
|tier|[Gen 8] UU
|rule|Sleep Clause Mod: Limit one foe put to sleep
|rule|Species Clause: Limit one of each Pokémon
|rule|OHKO Clause: OHKO moves are banned
|rule|Evasion Items Clause: Evasion items are banned
|rule|Evasion Moves Clause: Evasion moves are banned
|rule|Endless Battle Clause: Forcing endless battles is banned
|rule|HP Percentage Mod: HP is shown in percentages
|rule|Dynamax Clause: You cannot dynamax
|clearpoke
|poke|p1|Hippowdon, M|
|poke|p1|Zarude|
|poke|p1|Slowking, M|
|poke|p1|Salazzle, F|
|poke|p1|Salamence, M|
|poke|p1|Scizor, M|
|poke|p2|Crawdaunt, F|
|poke|p2|Thundurus-Therian, M|
|poke|p2|Skarmory, M|
|poke|p2|Hippowdon, M|
|poke|p2|Zarude-Dada|
|poke|p2|Tentacruel, F|
|teampreview
|inactive|Mimilucha also wants the timer to be on.
|c|☆corperaten|hf
|c|☆Mimilucha|hf
|
|t:|1666375155
|start
|switch|p1a: Scizor|Scizor, M|100/100
|switch|p2a: Zarude|Zarude-Dada|100/100
|turn|1
|
|t:|1666375159
|move|p2a: Zarude|U-turn|p1a: Scizor
|-resisted|p1a: Scizor
|-damage|p1a: Scizor|90/100
|
|t:|1666375166
|switch|p2a: Hippowdon|Hippowdon, M|100/100|[from]move: U-turn
|-weather|Sandstorm|[from] ability: Sand Stream|[of] p2a: Hippowdon
|move|p1a: Scizor|Knock Off|p2a: Hippowdon
|-damage|p2a: Hippowdon|83/100
|-enditem|p2a: Hippowdon|Leftovers|[from] move: Knock Off|[of] p1a: Scizor
|
|-weather|Sandstorm|[upkeep]
|upkeep
|turn|2
|
|t:|1666375174
|move|p1a: Scizor|Swords Dance|p1a: Scizor
|-boost|p1a: Scizor|atk|2
|move|p2a: Hippowdon|Stealth Rock|p1a: Scizor
|-sidestart|p1: Mimilucha|move: Stealth Rock
|
|-weather|Sandstorm|[upkeep]
|upkeep
|turn|3
|
|t:|1666375179
|switch|p2a: Skarmory|Skarmory, M|100/100
|move|p1a: Scizor|Knock Off|p2a: Skarmory
|-damage|p2a: Skarmory|67/100
|-damage|p1a: Scizor|74/100|[from] item: Rocky Helmet|[of] p2a: Skarmory
|-enditem|p2a: Skarmory|Rocky Helmet|[from] move: Knock Off|[of] p1a: Scizor
|
|-weather|Sandstorm|[upkeep]
|upkeep
|turn|4
|
|t:|1666375184
|switch|p1a: Salamence|Salamence, M|100/100
|-ability|p1a: Salamence|Intimidate|boost
|-unboost|p2a: Skarmory|atk|1
|move|p2a: Skarmory|Roost|p2a: Skarmory
|-heal|p2a: Skarmory|100/100
|-singleturn|p2a: Skarmory|move: Roost
|
|-weather|Sandstorm|[upkeep]
|-damage|p1a: Salamence|94/100|[from] Sandstorm
|upkeep
|turn|5
|
|t:|1666375193
|switch|p2a: Tentacruel|Tentacruel, F|100/100
|move|p1a: Salamence|Defog|p2a: Tentacruel
|-unboost|p2a: Tentacruel|evasion|1
|-sideend|p1: Mimilucha|Stealth Rock|[from] move: Defog|[of] p1a: Salamence
|
|-weather|none
|upkeep
|turn|6
|
|t:|1666375199
|switch|p1a: Slowking|Slowking, M|100/100
|move|p2a: Tentacruel|Knock Off|p1a: Slowking
|-supereffective|p1a: Slowking
|-damage|p1a: Slowking|75/100
|-enditem|p1a: Slowking|Heavy-Duty Boots|[from] move: Knock Off|[of] p2a: Tentacruel
|
|upkeep
|turn|7
|
|t:|1666375224
|move|p2a: Tentacruel|Sludge Bomb|p1a: Slowking
|-damage|p1a: Slowking|58/100
|move|p1a: Slowking|Thunder Wave|p2a: Tentacruel
|-status|p2a: Tentacruel|par
|
|upkeep
|turn|8
|
|t:|1666375233
|switch|p2a: Zarude|Zarude-Dada|100/100
|move|p1a: Slowking|Teleport|p1a: Slowking
|
|t:|1666375246
|switch|p1a: Salamence|Salamence, M|94/100|[from]move: Teleport
|-ability|p1a: Salamence|Intimidate|boost
|-unboost|p2a: Zarude|atk|1
|
|upkeep
|turn|9
|
|t:|1666375250
|move|p2a: Zarude|U-turn|p1a: Salamence
|-resisted|p1a: Salamence
|-damage|p1a: Salamence|89/100
|
|t:|1666375252
|switch|p2a: Tentacruel|Tentacruel, F|100/100 par|[from]move: U-turn
|move|p1a: Salamence|Flamethrower|p2a: Tentacruel
|-resisted|p2a: Tentacruel
|-damage|p2a: Tentacruel|92/100 par
|
|-heal|p2a: Tentacruel|98/100 par|[from] item: Black Sludge
|upkeep
|turn|10
|
|t:|1666375258
|switch|p1a: Slowking|Slowking, M|91/100
|move|p2a: Tentacruel|Scald|p1a: Slowking
|-resisted|p1a: Slowking
|-damage|p1a: Slowking|83/100
|-status|p1a: Slowking|brn
|
|-heal|p2a: Tentacruel|100/100 par|[from] item: Black Sludge
|-damage|p1a: Slowking|77/100 brn|[from] brn
|upkeep
|turn|11
|
|t:|1666375264
|switch|p2a: Hippowdon|Hippowdon, M|83/100
|-weather|Sandstorm|[from] ability: Sand Stream|[of] p2a: Hippowdon
|move|p1a: Slowking|Teleport|p1a: Slowking
|
|t:|1666375269
|switch|p1a: Zarude|Zarude|100/100|[from]move: Teleport
|
|-weather|Sandstorm|[upkeep]
|-damage|p1a: Zarude|95/100|[from] Sandstorm
|upkeep
|turn|12
|
|t:|1666375275
|switch|p2a: Skarmory|Skarmory, M|100/100
|move|p1a: Zarude|U-turn|p2a: Skarmory
|-resisted|p2a: Skarmory
|-damage|p2a: Skarmory|95/100
|
|t:|1666375281
|switch|p1a: Salazzle|Salazzle, F|100/100|[from]move: U-turn
|
|-weather|Sandstorm|[upkeep]
|-damage|p1a: Salazzle|94/100|[from] Sandstorm
|upkeep
|turn|13
|
|t:|1666375285
|switch|p2a: Tentacruel|Tentacruel, F|100/100 par
|move|p1a: Salazzle|Flamethrower|p2a: Tentacruel
|-resisted|p2a: Tentacruel
|-damage|p2a: Tentacruel|84/100 par
|
|-weather|Sandstorm|[upkeep]
|-damage|p1a: Salazzle|88/100|[from] Sandstorm
|-damage|p2a: Tentacruel|78/100 par|[from] Sandstorm
|-heal|p2a: Tentacruel|84/100 par|[from] item: Black Sludge
|upkeep
|turn|14
|
|t:|1666375293
|switch|p1a: Slowking|Slowking, M|100/100 brn
|switch|p2a: Thundurus|Thundurus-Therian, M|100/100
|
|-weather|Sandstorm|[upkeep]
|-damage|p2a: Thundurus|94/100|[from] Sandstorm
|-damage|p1a: Slowking|94/100 brn|[from] Sandstorm
|-damage|p1a: Slowking|88/100 brn|[from] brn
|upkeep
|turn|15
|
|t:|1666375300
|move|p2a: Thundurus|Thunderbolt|p1a: Slowking
|-supereffective|p1a: Slowking
|-damage|p1a: Slowking|20/100 brn
|move|p1a: Slowking|Teleport|p1a: Slowking
|
|t:|1666375305
|switch|p1a: Zarude|Zarude|95/100|[from]move: Teleport
|
|-weather|none
|upkeep
|turn|16
|
|t:|1666375309
|switch|p2a: Skarmory|Skarmory, M|95/100
|move|p1a: Zarude|U-turn|p2a: Skarmory
|-resisted|p2a: Skarmory
|-damage|p2a: Skarmory|90/100
|
|t:|1666375315
|switch|p1a: Salazzle|Salazzle, F|88/100|[from]move: U-turn
|
|upkeep
|turn|17
|
|t:|1666375319
|switch|p2a: Tentacruel|Tentacruel, F|84/100 par
|move|p1a: Salazzle|Knock Off|p2a: Tentacruel
|-crit|p2a: Tentacruel
|-damage|p2a: Tentacruel|57/100 par
|-enditem|p2a: Tentacruel|Black Sludge|[from] move: Knock Off|[of] p1a: Salazzle
|
|upkeep
|turn|18
|
|t:|1666375331
|switch|p1a: Hippowdon|Hippowdon, M|100/100
|-weather|Sandstorm|[from] ability: Sand Stream|[of] p1a: Hippowdon
|switch|p2a: Hippowdon|Hippowdon, M|83/100
|
|-weather|Sandstorm|[upkeep]
|upkeep
|turn|19
|
|t:|1666375336
|move|p2a: Hippowdon|Stealth Rock|p1a: Hippowdon
|-sidestart|p1: Mimilucha|move: Stealth Rock
|move|p1a: Hippowdon|Toxic|p2a: Hippowdon
|-status|p2a: Hippowdon|tox
|
|-weather|Sandstorm|[upkeep]
|-damage|p2a: Hippowdon|77/100 tox|[from] psn
|upkeep
|turn|20
|
|t:|1666375339
|switch|p1a: Scizor|Scizor, M|74/100
|switch|p2a: Crawdaunt|Crawdaunt, F|100/100
|
|-weather|Sandstorm|[upkeep]
|-damage|p2a: Crawdaunt|95/100|[from] Sandstorm
|upkeep
|turn|21
|
|t:|1666375342
|switch|p1a: Salamence|Salamence, M|89/100
|-ability|p1a: Salamence|Intimidate|boost
|-unboost|p2a: Crawdaunt|atk|1
|move|p2a: Crawdaunt|Crabhammer|p1a: Salamence
|-resisted|p1a: Salamence
|-damage|p1a: Salamence|62/100
|
|-weather|Sandstorm|[upkeep]
|-damage|p1a: Salamence|56/100|[from] Sandstorm
|-damage|p2a: Crawdaunt|89/100|[from] Sandstorm
|upkeep
|turn|22
|
|t:|1666375348
|switch|p2a: Thundurus|Thundurus-Therian, M|94/100
|move|p1a: Salamence|Defog|p2a: Thundurus
|-unboost|p2a: Thundurus|evasion|1
|-sideend|p1: Mimilucha|Stealth Rock|[from] move: Defog|[of] p1a: Salamence
|
|-weather|none
|upkeep
|turn|23
|
|t:|1666375355
|switch|p1a: Hippowdon|Hippowdon, M|100/100
|-weather|Sandstorm|[from] ability: Sand Stream|[of] p1a: Hippowdon
|move|p2a: Thundurus|Thunderbolt|p1a: Hippowdon
|-immune|p1a: Hippowdon
|
|-weather|Sandstorm|[upkeep]
|-damage|p2a: Thundurus|88/100|[from] Sandstorm
|upkeep
|turn|24
|
|t:|1666375359
|switch|p1a: Scizor|Scizor, M|74/100
|move|p2a: Thundurus|Grass Knot|p1a: Scizor
|-resisted|p1a: Scizor
|-damage|p1a: Scizor|64/100
|
|-weather|Sandstorm|[upkeep]
|-damage|p2a: Thundurus|82/100|[from] Sandstorm
|upkeep
|turn|25
|
|t:|1666375366
|move|p2a: Thundurus|Volt Switch|p1a: Scizor
|-damage|p1a: Scizor|28/100
|
|t:|1666375370
|switch|p2a: Skarmory|Skarmory, M|90/100|[from]move: Volt Switch
|move|p1a: Scizor|Roost|p1a: Scizor
|-heal|p1a: Scizor|78/100
|-singleturn|p1a: Scizor|move: Roost
|
|-weather|Sandstorm|[upkeep]
|upkeep
|turn|26
|
|t:|1666375378
|switch|p2a: Thundurus|Thundurus-Therian, M|82/100
|switch|p1a: Salazzle|Salazzle, F|88/100
|
|-weather|Sandstorm|[upkeep]
|-damage|p1a: Salazzle|82/100|[from] Sandstorm
|-damage|p2a: Thundurus|76/100|[from] Sandstorm
|upkeep
|turn|27
|
|t:|1666375401
|switch|p1a: Hippowdon|Hippowdon, M|100/100
|switch|p2a: Tentacruel|Tentacruel, F|57/100 par
|
|-weather|none
|upkeep
|turn|28
|
|t:|1666375407
|switch|p2a: Crawdaunt|Crawdaunt, F|89/100
|move|p1a: Hippowdon|Stealth Rock|p2a: Crawdaunt
|-sidestart|p2: corperaten|move: Stealth Rock
|
|upkeep
|turn|29
|
|t:|1666375412
|switch|p1a: Salamence|Salamence, M|56/100
|-ability|p1a: Salamence|Intimidate|boost
|-unboost|p2a: Crawdaunt|atk|1
|move|p2a: Crawdaunt|Crabhammer|p1a: Salamence
|-resisted|p1a: Salamence
|-crit|p1a: Salamence
|-damage|p1a: Salamence|0 fnt
|faint|p1a: Salamence
|
|upkeep
|c|☆Mimilucha|come on
|c|☆corperaten|sorry man
|
|t:|1666375426
|switch|p1a: Zarude|Zarude|95/100
|turn|30
|
|t:|1666375437
|move|p1a: Zarude|U-turn|p2a: Crawdaunt
|-supereffective|p2a: Crawdaunt
|-damage|p2a: Crawdaunt|0 fnt
|faint|p2a: Crawdaunt
|
|t:|1666375444
|switch|p1a: Hippowdon|Hippowdon, M|100/100|[from]move: U-turn
|-weather|Sandstorm|[from] ability: Sand Stream|[of] p1a: Hippowdon
|
|-weather|Sandstorm|[upkeep]
|upkeep
|
|t:|1666375454
|switch|p2a: Hippowdon|Hippowdon, M|77/100 tox
|-damage|p2a: Hippowdon|71/100 tox|[from] Stealth Rock
|turn|31
|
|t:|1666375458
|switch|p1a: Zarude|Zarude|95/100
|move|p2a: Hippowdon|Stealth Rock|p1a: Zarude
|-sidestart|p1: Mimilucha|move: Stealth Rock
|
|-weather|Sandstorm|[upkeep]
|-damage|p1a: Zarude|89/100|[from] Sandstorm
|-damage|p2a: Hippowdon|65/100 tox|[from] psn
|upkeep
|turn|32
|
|t:|1666375464
|switch|p2a: Skarmory|Skarmory, M|90/100
|-damage|p2a: Skarmory|77/100|[from] Stealth Rock
|move|p1a: Zarude|U-turn|p2a: Skarmory
|-resisted|p2a: Skarmory
|-damage|p2a: Skarmory|72/100
|
|t:|1666375466
|switch|p1a: Salazzle|Salazzle, F|82/100|[from]move: U-turn
|
|-weather|Sandstorm|[upkeep]
|-damage|p1a: Salazzle|76/100|[from] Sandstorm
|upkeep
|turn|33
|c|+KSt3ve|sorry man, but laughs deep inside
|c|☆Mimilucha|chill
|inactive|corperaten has 270 seconds left.
|
|t:|1666375511
|switch|p1a: Zarude|Zarude|89/100
|-damage|p1a: Zarude|76/100|[from] Stealth Rock
|switch|p2a: Tentacruel|Tentacruel, F|57/100 par
|-damage|p2a: Tentacruel|45/100 par|[from] Stealth Rock
|
|-weather|Sandstorm|[upkeep]
|-damage|p1a: Zarude|70/100|[from] Sandstorm
|-damage|p2a: Tentacruel|39/100 par|[from] Sandstorm
|upkeep
|turn|34
|
|t:|1666375518
|move|p1a: Zarude|Darkest Lariat|p2a: Tentacruel
|-damage|p2a: Tentacruel|0 fnt
|faint|p2a: Tentacruel
|
|-weather|none
|upkeep
|
|t:|1666375522
|switch|p2a: Zarude|Zarude-Dada|100/100
|-damage|p2a: Zarude|88/100|[from] Stealth Rock
|turn|35
|
|t:|1666375532
|switch|p1a: Hippowdon|Hippowdon, M|100/100
|-damage|p1a: Hippowdon|94/100|[from] Stealth Rock
|-weather|Sandstorm|[from] ability: Sand Stream|[of] p1a: Hippowdon
|move|p2a: Zarude|U-turn|p1a: Hippowdon
|-damage|p1a: Hippowdon|80/100
|
|t:|1666375539
|switch|p2a: Thundurus|Thundurus-Therian, M|76/100|[from]move: U-turn
|
|-weather|Sandstorm|[upkeep]
|-damage|p2a: Thundurus|70/100|[from] Sandstorm
|-heal|p1a: Hippowdon|87/100|[from] item: Leftovers
|upkeep
|turn|36
|
|t:|1666375550
|move|p2a: Thundurus|Grass Knot|p1a: Hippowdon
|-supereffective|p1a: Hippowdon
|-damage|p1a: Hippowdon|10/100
|move|p1a: Hippowdon|Toxic|p2a: Thundurus
|-status|p2a: Thundurus|tox
|
|-weather|Sandstorm|[upkeep]
|-damage|p2a: Thundurus|64/100 tox|[from] Sandstorm
|-heal|p1a: Hippowdon|16/100|[from] item: Leftovers
|-damage|p2a: Thundurus|58/100 tox|[from] psn
|upkeep
|turn|37
|
|t:|1666375558
|move|p2a: Thundurus|Psychic|p1a: Hippowdon
|-damage|p1a: Hippowdon|0 fnt
|faint|p1a: Hippowdon
|
|-weather|Sandstorm|[upkeep]
|-damage|p2a: Thundurus|52/100 tox|[from] Sandstorm
|-damage|p2a: Thundurus|40/100 tox|[from] psn
|upkeep
|
|t:|1666375560
|switch|p1a: Salazzle|Salazzle, F|76/100
|turn|38
|
|t:|1666375567
|move|p1a: Salazzle|Flamethrower|p2a: Thundurus
|-damage|p2a: Thundurus|0 fnt
|faint|p2a: Thundurus
|
|-weather|Sandstorm|[upkeep]
|-damage|p1a: Salazzle|70/100|[from] Sandstorm
|upkeep
|
|t:|1666375573
|switch|p2a: Zarude|Zarude-Dada|88/100
|-damage|p2a: Zarude|76/100|[from] Stealth Rock
|turn|39
|
|t:|1666375579
|switch|p1a: Slowking|Slowking, M|53/100 brn
|-damage|p1a: Slowking|41/100 brn|[from] Stealth Rock
|move|p2a: Zarude|Darkest Lariat|p1a: Slowking
|-supereffective|p1a: Slowking
|-damage|p1a: Slowking|0 fnt
|faint|p1a: Slowking
|
|-weather|none
|upkeep
|
|t:|1666375584
|switch|p1a: Zarude|Zarude|70/100
|-damage|p1a: Zarude|58/100|[from] Stealth Rock
|turn|40
|
|t:|1666375595
|switch|p2a: Hippowdon|Hippowdon, M|65/100 tox
|-damage|p2a: Hippowdon|58/100 tox|[from] Stealth Rock
|-weather|Sandstorm|[from] ability: Sand Stream|[of] p2a: Hippowdon
|move|p1a: Zarude|U-turn|p2a: Hippowdon
|-damage|p2a: Hippowdon|35/100 tox
|
|t:|1666375613
|switch|p1a: Salazzle|Salazzle, F|70/100|[from]move: U-turn
|
|-weather|Sandstorm|[upkeep]
|-damage|p1a: Salazzle|64/100|[from] Sandstorm
|-damage|p2a: Hippowdon|29/100 tox|[from] psn
|upkeep
|turn|41
|
|t:|1666375617
|move|p1a: Salazzle|Flamethrower|p2a: Hippowdon
|-damage|p2a: Hippowdon|0 fnt
|faint|p2a: Hippowdon
|
|-weather|Sandstorm|[upkeep]
|-damage|p1a: Salazzle|58/100|[from] Sandstorm
|upkeep
|
|t:|1666375619
|switch|p2a: Zarude|Zarude-Dada|76/100
|-damage|p2a: Zarude|64/100|[from] Stealth Rock
|turn|42
|
|t:|1666375627
|switch|p1a: Scizor|Scizor, M|78/100
|move|p2a: Zarude|Darkest Lariat|p1a: Scizor
|-damage|p1a: Scizor|41/100
|
|-weather|Sandstorm|[upkeep]
|-damage|p2a: Zarude|58/100|[from] Sandstorm
|upkeep
|turn|43
|
|t:|1666375634
|switch|p2a: Skarmory|Skarmory, M|72/100
|-damage|p2a: Skarmory|59/100|[from] Stealth Rock
|move|p1a: Scizor|Roost|p1a: Scizor
|-heal|p1a: Scizor|91/100
|-singleturn|p1a: Scizor|move: Roost
|
|-weather|Sandstorm|[upkeep]
|upkeep
|turn|44
|
|t:|1666375644
|switch|p1a: Salazzle|Salazzle, F|58/100
|move|p2a: Skarmory|Roost|p2a: Skarmory
|-heal|p2a: Skarmory|100/100
|-singleturn|p2a: Skarmory|move: Roost
|
|-weather|none
|upkeep
|turn|45
|
|t:|1666375649
|move|p1a: Salazzle|Flamethrower|p2a: Skarmory
|-supereffective|p2a: Skarmory
|-crit|p2a: Skarmory
|-ability|p2a: Skarmory|Sturdy
|-damage|p2a: Skarmory|1/100
|move|p2a: Skarmory|Body Press|p1a: Salazzle
|-resisted|p1a: Salazzle
|-damage|p1a: Salazzle|31/100
|
|upkeep
|turn|46
|
|t:|1666375652
|move|p1a: Salazzle|Flamethrower|p2a: Skarmory
|-supereffective|p2a: Skarmory
|-damage|p2a: Skarmory|0 fnt
|faint|p2a: Skarmory
|
|upkeep
|
|t:|1666375653
|switch|p2a: Zarude|Zarude-Dada|58/100
|-damage|p2a: Zarude|46/100|[from] Stealth Rock
|turn|47
|
|t:|1666375655
|move|p2a: Zarude|Darkest Lariat|p1a: Salazzle
|-damage|p1a: Salazzle|0 fnt
|faint|p1a: Salazzle
|
|upkeep
|
|t:|1666375657
|switch|p1a: Zarude|Zarude|58/100
|-damage|p1a: Zarude|46/100|[from] Stealth Rock
|turn|48
|
|t:|1666375658
|move|p2a: Zarude|Darkest Lariat|p1a: Zarude
|-resisted|p1a: Zarude
|-damage|p1a: Zarude|26/100
|move|p1a: Zarude|U-turn|p2a: Zarude
|-supereffective|p2a: Zarude
|-damage|p2a: Zarude|0 fnt
|faint|p2a: Zarude
|
|win|Mimilucha
