|inactive|Battle timer is ON: inactive players will automatically lose when time's up.
|t:|1651939927
|gametype|singles
|player|p1|Fathiryxi|preschoolers|
|player|p2|pannuracotta|liza|
|teamsize|p1|6
|teamsize|p2|6
|gen|8
|tier|[Gen 8] UU
|rule|Sleep Clause Mod: Limit one foe put to sleep
|rule|Species Clause: Limit one of each Pokémon
|rule|OHKO Clause: OHKO moves are banned
|rule|Evasion Moves Clause: Evasion moves are banned
|rule|Endless Battle Clause: Forcing endless battles is banned
|rule|HP Percentage Mod: HP is shown in percentages
|rule|Dynamax Clause: You cannot dynamax
|clearpoke
|poke|p1|Raikou|
|poke|p1|Starmie|
|poke|p1|Scizor, F|
|poke|p1|Zarude|
|poke|p1|Chansey, F|
|poke|p1|Salamence, F|
|poke|p2|Hippowdon, M|
|poke|p2|Registeel|
|poke|p2|Hatterene, F|
|poke|p2|Chansey, F|
|poke|p2|Amoonguss, M|
|poke|p2|Salamence, F|
|teampreview
|inactive|pannuracotta also wants the timer to be on.
|c|☆pannuracotta|glhf
|inactive|Fathiryxi has 270 seconds left.
|inactive|pannuracotta has 270 seconds left.
|inactive|Fathiryxi has 240 seconds left.
|
|t:|1651939998
|start
|switch|p1a: Scizor|Scizor, F|100/100
|switch|p2a: flu|Amoonguss, M, shiny|100/100
|turn|1
|c|+Sirwings|pannuracotta
|c|☆pannuracotta|Sirwings
|
|t:|1651940020
|move|p1a: Scizor|U-turn|p2a: flu
|-damage|p2a: flu|77/100
|-damage|p1a: Scizor|84/100|[from] item: Rocky Helmet|[of] p2a: flu
|c|+Sirwings|how dare you steal my team
|c|☆pannuracotta|thats urs?
|
|t:|1651940030
|switch|p1a: Chansey|Chansey, F|100/100|[from]move: U-turn
|move|p2a: flu|Spore|p1a: Chansey
|-status|p1a: Chansey|slp|[from] move: Spore
|
|upkeep
|turn|2
|c|☆pannuracotta|my bad
|c|+Sirwings|>:(
|c|+hariyana grande|LOL
|
|t:|1651940045
|-curestatus|p1a: Chansey|slp|[from] ability: Natural Cure
|switch|p1a: Scizor|Scizor, F|84/100
|switch|p2a: troll|Hippowdon, M|100/100
|
|upkeep
|turn|3
|c|+Sirwings|you made another version without wanting to
|inactive|Fathiryxi has 270 seconds left.
|c|+Sirwings|that's funny
|
|t:|1651940077
|move|p1a: Scizor|U-turn|p2a: troll
|-damage|p2a: troll|80/100
|c|☆pannuracotta|no i took this from someone in my teamcord
|
|t:|1651940082
|switch|p1a: Starmie|Starmie|100/100|[from]move: U-turn
|move|p2a: troll|Stealth Rock|p1a: Starmie
|-sidestart|p1: Fathiryxi|move: Stealth Rock
|
|-heal|p2a: troll|87/100|[from] item: Leftovers
|upkeep
|turn|4
|c|☆pannuracotta|i couldnt tell u who
|c|☆pannuracotta|but
|c|☆pannuracotta|i got it from then
|inactive|Fathiryxi has 270 seconds left.
|c|☆pannuracotta|them
|c|+Sirwings|oh
|c|+Sirwings|ok
|inactive|Fathiryxi has 240 seconds left.
|
|t:|1651940125
|switch|p1a: Salamence|Salamence, F|100/100
|-ability|p1a: Salamence|Intimidate|boost
|-unboost|p2a: troll|atk|1
|switch|p2a: ah puh|Chansey, F|100/100
|
|upkeep
|turn|5
|inactive|Fathiryxi has 240 seconds left.
|
|t:|1651940137
|switch|p1a: Chansey|Chansey, F|100/100
|-damage|p1a: Chansey|88/100|[from] Stealth Rock
|move|p2a: ah puh|Toxic|p1a: Chansey
|-status|p1a: Chansey|tox
|
|-damage|p1a: Chansey|82/100 tox|[from] psn
|upkeep
|turn|6
|inactive|Fathiryxi has 240 seconds left.
|
|t:|1651940149
|switch|p2a: lilac|Hatterene, F, shiny|100/100
|move|p1a: Chansey|Teleport|p1a: Chansey
|inactive|Fathiryxi has 240 seconds left.
|
|t:|1651940156
|-curestatus|p1a: Chansey|tox|[from] ability: Natural Cure
|switch|p1a: Scizor|Scizor, F|84/100|[from]move: Teleport
|
|upkeep
|turn|7
|
|t:|1651940164
|switch|p2a: flu|Amoonguss, M, shiny|100/100
|move|p1a: Scizor|U-turn|p2a: flu
|-damage|p2a: flu|75/100
|-damage|p1a: Scizor|67/100|[from] item: Rocky Helmet|[of] p2a: flu
|inactive|Fathiryxi has 240 seconds left.
|inactive|Fathiryxi has 210 seconds left.
|c|+cherryb0ng|GO FAAAAAAAAAAAATH
|
|t:|1651940217
|switch|p1a: Chansey|Chansey, F|82/100|[from]move: U-turn
|-damage|p1a: Chansey|69/100|[from] Stealth Rock
|
|upkeep
|turn|8
|
|t:|1651940237
|move|p1a: Chansey|Soft-Boiled|p1a: Chansey
|-heal|p1a: Chansey|100/100
|move|p2a: flu|Spore|p1a: Chansey
|-status|p1a: Chansey|slp|[from] move: Spore
|
|upkeep
|turn|9
|
|t:|1651940251
|-curestatus|p1a: Chansey|slp|[from] ability: Natural Cure
|switch|p1a: Scizor|Scizor, F|67/100
|switch|p2a: lilac|Hatterene, F, shiny|100/100
|
|upkeep
|turn|10
|c|+Aqua8Jet|I forgot to say go nuts
|c|+Aqua8Jet|go nuts
|c|+pokemonisfun|go nuts
|c|+hariyana grande|etc
|inactive|Fathiryxi has 180 seconds left.
|
|t:|1651940277
|move|p1a: Scizor|U-turn|p2a: lilac
|-damage|p2a: lilac|72/100
|inactive|Fathiryxi has 180 seconds left.
|
|t:|1651940289
|switch|p1a: Raikou|Raikou|100/100|[from]move: U-turn
|-ability|p1a: Raikou|Pressure
|move|p2a: lilac|Mystical Fire|p1a: Raikou
|-damage|p1a: Raikou|78/100
|-unboost|p1a: Raikou|spa|1
|
|-heal|p2a: lilac|78/100|[from] item: Leftovers
|upkeep
|turn|11
|inactive|Fathiryxi has 180 seconds left.
|
|t:|1651940303
|switch|p2a: ah puh|Chansey, F|100/100
|move|p1a: Raikou|Volt Switch|p2a: ah puh
|-damage|p2a: ah puh|93/100
|inactive|Fathiryxi has 180 seconds left.
|c|+pokemonisfun|panu panu panucotta, he will win this, yes he gotta
|inactive|Fathiryxi has 150 seconds left.
|
|t:|1651940345
|switch|p1a: Scizor|Scizor, F|67/100|[from]move: Volt Switch
|
|upkeep
|turn|12
|inactive|Fathiryxi has 150 seconds left.
|
|t:|1651940356
|switch|p2a: epilogue|Salamence, F, shiny|100/100
|-ability|p2a: epilogue|Intimidate|boost
|-unboost|p1a: Scizor|atk|1
|move|p1a: Scizor|Knock Off|p2a: epilogue
|-damage|p2a: epilogue|80/100
|-enditem|p2a: epilogue|Heavy-Duty Boots|[from] move: Knock Off|[of] p1a: Scizor
|
|upkeep
|turn|13
|inactive|Fathiryxi has 150 seconds left.
|
|t:|1651940367
|switch|p2a: lilac|Hatterene, F, shiny|78/100
|switch|p1a: Chansey|Chansey, F|100/100
|-damage|p1a: Chansey|88/100|[from] Stealth Rock
|
|-heal|p2a: lilac|84/100|[from] item: Leftovers
|upkeep
|turn|14
|
|t:|1651940369
|switch|p1a: Raikou|Raikou|78/100
|-ability|p1a: Raikou|Pressure
|move|p2a: lilac|Calm Mind|p2a: lilac
|-boost|p2a: lilac|spa|1
|-boost|p2a: lilac|spd|1
|
|-heal|p2a: lilac|90/100|[from] item: Leftovers
|upkeep
|turn|15
|c|☆Fathiryxi|problemos 
|inactive|Fathiryxi has 150 seconds left.
|
|t:|1651940397
|move|p1a: Raikou|Volt Switch|p2a: lilac
|-damage|p2a: lilac|67/100
|inactive|Fathiryxi has 150 seconds left.
|inactive|Fathiryxi has 120 seconds left.
|inactive|Fathiryxi has 90 seconds left.
|
|t:|1651940491
|switch|p1a: Starmie|Starmie|100/100|[from]move: Volt Switch
|-damage|p1a: Starmie|88/100|[from] Stealth Rock
|move|p2a: lilac|Draining Kiss|p1a: Starmie
|-damage|p1a: Starmie|34/100
|-heal|p2a: lilac|100/100|[from] drain|[of] p1a: Starmie
|
|upkeep
|turn|16
|inactive|pannuracotta has 270 seconds left.
|
|t:|1651940528
|move|p1a: Starmie|Surf|p2a: lilac
|-damage|p2a: lilac|62/100
|-damage|p1a: Starmie|24/100|[from] item: Life Orb
|move|p2a: lilac|Draining Kiss|p1a: Starmie
|-damage|p1a: Starmie|0 fnt
|-heal|p2a: lilac|77/100|[from] drain|[of] p1a: Starmie
|faint|p1a: Starmie
|
|-heal|p2a: lilac|83/100|[from] item: Leftovers
|upkeep
|inactive|Fathiryxi has 60 seconds left.
|
|t:|1651940541
|switch|p1a: Raikou|Raikou|78/100
|-ability|p1a: Raikou|Pressure
|turn|17
|inactive|Fathiryxi has 60 seconds left.
|
|t:|1651940560
|move|p1a: Raikou|Calm Mind|p1a: Raikou
|-boost|p1a: Raikou|spa|1
|-boost|p1a: Raikou|spd|1
|move|p2a: lilac|Draining Kiss|p1a: Raikou
|-damage|p1a: Raikou|56/100
|-heal|p2a: lilac|99/100|[from] drain|[of] p1a: Raikou
|
|-heal|p2a: lilac|100/100|[from] item: Leftovers
|upkeep
|turn|18
|inactive|Fathiryxi has 60 seconds left.
|
|t:|1651940567
|move|p1a: Raikou|Volt Switch|p2a: lilac
|-crit|p2a: lilac
|-damage|p2a: lilac|15/100
|
|t:|1651940571
|switch|p1a: Scizor|Scizor, F|67/100|[from]move: Volt Switch
|move|p2a: lilac|Psyshock|p1a: Scizor
|-resisted|p1a: Scizor
|-damage|p1a: Scizor|44/100
|
|-heal|p2a: lilac|21/100|[from] item: Leftovers
|upkeep
|turn|19
|
|t:|1651940586
|switch|p2a: epilogue|Salamence, F, shiny|80/100
|-ability|p2a: epilogue|Intimidate|boost
|-unboost|p1a: Scizor|atk|1
|move|p1a: Scizor|U-turn|p2a: epilogue
|-resisted|p2a: epilogue
|-damage|p2a: epilogue|70/100
|inactive|Fathiryxi has 60 seconds left.
|
|t:|1651940614
|switch|p1a: Raikou|Raikou|56/100|[from]move: U-turn
|-ability|p1a: Raikou|Pressure
|
|upkeep
|turn|20
|inactive|Fathiryxi has 30 seconds left.
|
|t:|1651940639
|switch|p2a: troll|Hippowdon, M|87/100
|move|p1a: Raikou|Thunderbolt|p2a: troll
|-immune|p2a: troll
|
|-heal|p2a: troll|93/100|[from] item: Leftovers
|upkeep
|turn|21
|
|t:|1651940643
|switch|p1a: Zarude|Zarude|100/100
|move|p2a: troll|Earthquake|p1a: Zarude
|-resisted|p1a: Zarude
|-damage|p1a: Zarude|84/100
|
|-heal|p2a: troll|99/100|[from] item: Leftovers
|upkeep
|turn|22
|inactive|Fathiryxi has 30 seconds left.
|
|t:|1651940668
|switch|p1a: Chansey|Chansey, F|88/100
|-damage|p1a: Chansey|75/100|[from] Stealth Rock
|switch|p2a: flu|Amoonguss, M, shiny|100/100
|
|upkeep
|turn|23
|inactive|Fathiryxi has 30 seconds left.
|inactive|Fathiryxi has 20 seconds left.
|
|t:|1651940692
|switch|p2a: lilac|Hatterene, F, shiny|21/100
|move|p1a: Chansey|Stealth Rock|p2a: lilac
|move|p2a: lilac|Stealth Rock||[from]ability: Magic Bounce|[still]
|-fail|p2a: lilac
|
|-heal|p2a: lilac|27/100|[from] item: Leftovers
|upkeep
|turn|24
|inactive|Fathiryxi has 30 seconds left this turn.
|
|t:|1651940698
|switch|p2a: flu|Amoonguss, M, shiny|100/100
|move|p1a: Chansey|Seismic Toss|p2a: flu
|-damage|p2a: flu|77/100
|-damage|p1a: Chansey|59/100|[from] item: Rocky Helmet|[of] p2a: flu
|
|upkeep
|turn|25
|inactive|Fathiryxi has 30 seconds left.
|
|t:|1651940708
|move|p2a: flu|Spore|p1a: Chansey
|-status|p1a: Chansey|slp|[from] move: Spore
|cant|p1a: Chansey|slp
|
|upkeep
|turn|26
|inactive|Fathiryxi has 30 seconds left.
|inactive|Fathiryxi has 20 seconds left.
|
|t:|1651940724
|-curestatus|p1a: Chansey|slp|[from] ability: Natural Cure
|switch|p1a: Scizor|Scizor, F|44/100
|switch|p2a: lilac|Hatterene, F, shiny|27/100
|
|-heal|p2a: lilac|33/100|[from] item: Leftovers
|upkeep
|turn|27
|inactive|Fathiryxi has 30 seconds left this turn.
|inactive|Fathiryxi has 20 seconds left.
|inactive|Fathiryxi has 15 seconds left.
|
|t:|1651940741
|move|p1a: Scizor|Knock Off|p2a: lilac
|-damage|p2a: lilac|10/100
|-enditem|p2a: lilac|Leftovers|[from] move: Knock Off|[of] p1a: Scizor
|move|p2a: lilac|Mystical Fire|p1a: Scizor
|-supereffective|p1a: Scizor
|-damage|p1a: Scizor|0 fnt
|faint|p1a: Scizor
|
|upkeep
|inactive|Fathiryxi has 20 seconds left this turn.
|inactive|Fathiryxi has 15 seconds left.
|inactive|Fathiryxi has 10 seconds left.
|
|t:|1651940753
|switch|p1a: Raikou|Raikou|56/100
|-ability|p1a: Raikou|Pressure
|turn|28
|inactive|Fathiryxi has 20 seconds left this turn.
|inactive|Fathiryxi has 15 seconds left.
|inactive|Fathiryxi has 10 seconds left.
|
|t:|1651940765
|switch|p2a: ah puh|Chansey, F|93/100
|move|p1a: Raikou|Scald|p2a: ah puh
|-damage|p2a: ah puh|85/100
|
|upkeep
|turn|29
|inactive|Fathiryxi has 20 seconds left this turn.
|inactive|Fathiryxi has 15 seconds left.
|
|t:|1651940770
|move|p1a: Raikou|Volt Switch|p2a: ah puh
|-damage|p2a: ah puh|75/100
|inactive|Fathiryxi has 20 seconds left this turn.
|
|t:|1651940775
|switch|p1a: Chansey|Chansey, F|59/100|[from]move: Volt Switch
|-damage|p1a: Chansey|46/100|[from] Stealth Rock
|move|p2a: ah puh|Seismic Toss|p1a: Chansey
|-damage|p1a: Chansey|32/100
|
|upkeep
|turn|30
|inactive|Fathiryxi has 30 seconds left this turn.
|inactive|Fathiryxi has 20 seconds left.
|
|t:|1651940786
|switch|p2a: celebrity|Registeel, shiny|100/100
|move|p1a: Chansey|Soft-Boiled|p1a: Chansey
|-heal|p1a: Chansey|82/100
|
|upkeep
|turn|31
|inactive|Fathiryxi has 30 seconds left this turn.
|inactive|Fathiryxi has 20 seconds left.
|
|t:|1651940798
|switch|p1a: Salamence|Salamence, F|100/100
|-ability|p1a: Salamence|Intimidate|boost
|-fail|p2a: celebrity|unboost|[from] ability: Clear Body|[of] p2a: celebrity
|move|p2a: celebrity|Amnesia|p2a: celebrity
|-boost|p2a: celebrity|spd|2
|
|upkeep
|turn|32
|inactive|Fathiryxi has 30 seconds left this turn.
|
|t:|1651940806
|move|p1a: Salamence|Flamethrower|p2a: celebrity
|-supereffective|p2a: celebrity
|-crit|p2a: celebrity
|-damage|p2a: celebrity|59/100
|move|p2a: celebrity|Iron Defense|p2a: celebrity
|-boost|p2a: celebrity|def|2
|
|upkeep
|turn|33
|inactive|Fathiryxi has 30 seconds left.
|inactive|pannuracotta has 270 seconds left.
|
|t:|1651940846
|move|p1a: Salamence|Flamethrower|p2a: celebrity
|-supereffective|p2a: celebrity
|-damage|p2a: celebrity|43/100
|-status|p2a: celebrity|brn
|move|p2a: celebrity|Amnesia|p2a: celebrity
|-boost|p2a: celebrity|spd|2
|
|-damage|p2a: celebrity|37/100 brn|[from] brn
|upkeep
|turn|34
|inactive|Fathiryxi has 30 seconds left.
|
|t:|1651940859
|switch|p1a: Raikou|Raikou|56/100
|-ability|p1a: Raikou|Pressure
|move|p2a: celebrity|Rest|p2a: celebrity
|-status|p2a: celebrity|slp|[from] move: Rest
|-heal|p2a: celebrity|100/100 slp|[silent]
|-enditem|p2a: celebrity|Chesto Berry|[eat]
|-curestatus|p2a: celebrity|slp|[msg]
|
|upkeep
|turn|35
|inactive|Fathiryxi has 30 seconds left.
|
|t:|1651940869
|switch|p1a: Salamence|Salamence, F|100/100
|-ability|p1a: Salamence|Intimidate|boost
|-fail|p2a: celebrity|unboost|[from] ability: Clear Body|[of] p2a: celebrity
|move|p2a: celebrity|Body Press|p1a: Salamence
|-resisted|p1a: Salamence
|-damage|p1a: Salamence|71/100
|
|upkeep
|turn|36
|
|t:|1651940874
|move|p1a: Salamence|Flamethrower|p2a: celebrity
|-supereffective|p2a: celebrity
|-damage|p2a: celebrity|90/100
|move|p2a: celebrity|Iron Defense|p2a: celebrity
|-boost|p2a: celebrity|def|2
|
|upkeep
|turn|37
|
|t:|1651940879
|move|p1a: Salamence|Flamethrower|p2a: celebrity
|-supereffective|p2a: celebrity
|-damage|p2a: celebrity|80/100
|move|p2a: celebrity|Amnesia|p2a: celebrity
|-boost|p2a: celebrity|spd|2
|
|upkeep
|turn|38
|
|t:|1651940888
|move|p1a: Salamence|Flamethrower|p2a: celebrity
|-supereffective|p2a: celebrity
|-damage|p2a: celebrity|72/100
|move|p2a: celebrity|Iron Defense|p2a: celebrity
|-boost|p2a: celebrity|def|2
|
|upkeep
|turn|39
|
|t:|1651940893
|move|p1a: Salamence|Flamethrower|p2a: celebrity
|-supereffective|p2a: celebrity
|-damage|p2a: celebrity|64/100
|-status|p2a: celebrity|brn
|move|p2a: celebrity|Body Press|p1a: Salamence
|-resisted|p1a: Salamence
|-damage|p1a: Salamence|39/100
|
|-damage|p2a: celebrity|58/100 brn|[from] brn
|upkeep
|turn|40
|inactive|Fathiryxi has 60 seconds left.
|
|t:|1651940913
|switch|p1a: Raikou|Raikou|56/100
|-ability|p1a: Raikou|Pressure
|move|p2a: celebrity|Rest|p2a: celebrity
|-status|p2a: celebrity|slp|[from] move: Rest
|-heal|p2a: celebrity|100/100 slp|[silent]
|
|upkeep
|turn|41
|inactive|Fathiryxi has 60 seconds left.
|
|t:|1651940927
|move|p1a: Raikou|Calm Mind|p1a: Raikou
|-boost|p1a: Raikou|spa|1
|-boost|p1a: Raikou|spd|1
|cant|p2a: celebrity|slp
|
|upkeep
|turn|42
|
|t:|1651940937
|move|p1a: Raikou|Calm Mind|p1a: Raikou
|-boost|p1a: Raikou|spa|1
|-boost|p1a: Raikou|spd|1
|cant|p2a: celebrity|slp
|
|upkeep
|turn|43
|inactive|Fathiryxi has 60 seconds left.
|
|t:|1651940955
|move|p1a: Raikou|Volt Switch|p2a: celebrity
|-damage|p2a: celebrity|90/100 slp
|inactive|Fathiryxi has 60 seconds left.
|
|t:|1651940987
|switch|p1a: Zarude|Zarude|84/100|[from]move: Volt Switch
|-curestatus|p2a: celebrity|slp|[msg]
|move|p2a: celebrity|Body Press|p1a: Zarude
|-supereffective|p1a: Zarude
|-damage|p1a: Zarude|0 fnt
|faint|p1a: Zarude
|
|upkeep
|
|t:|1651940990
|switch|p1a: Salamence|Salamence, F|39/100
|-ability|p1a: Salamence|Intimidate|boost
|-fail|p2a: celebrity|unboost|[from] ability: Clear Body|[of] p2a: celebrity
|turn|44
|
|t:|1651940992
|move|p1a: Salamence|Flamethrower|p2a: celebrity
|-supereffective|p2a: celebrity
|-damage|p2a: celebrity|82/100
|-status|p2a: celebrity|brn
|move|p2a: celebrity|Body Press|p1a: Salamence
|-resisted|p1a: Salamence
|-damage|p1a: Salamence|6/100
|
|-damage|p2a: celebrity|75/100 brn|[from] brn
|upkeep
|turn|45
|c|☆pannuracotta|im not even gonna rest that one off
|
|t:|1651941001
|move|p1a: Salamence|Roost|p1a: Salamence
|-heal|p1a: Salamence|56/100
|-singleturn|p1a: Salamence|move: Roost
|move|p2a: celebrity|Body Press|p1a: Salamence
|-damage|p1a: Salamence|0 fnt
|faint|p1a: Salamence
|
|-damage|p2a: celebrity|69/100 brn|[from] brn
|upkeep
|
|t:|1651941008
|switch|p1a: Raikou|Raikou|56/100
|-ability|p1a: Raikou|Pressure
|turn|46
|inactive|Fathiryxi has 60 seconds left.
|
|t:|1651941037
|move|p1a: Raikou|Volt Switch|p2a: celebrity
|-damage|p2a: celebrity|63/100 brn
|
|t:|1651941044
|switch|p1a: Chansey|Chansey, F|82/100|[from]move: Volt Switch
|-damage|p1a: Chansey|70/100|[from] Stealth Rock
|move|p2a: celebrity|Body Press|p1a: Chansey
|-supereffective|p1a: Chansey
|-damage|p1a: Chansey|0 fnt
|faint|p1a: Chansey
|
|-damage|p2a: celebrity|57/100 brn|[from] brn
|upkeep
|
|t:|1651941046
|switch|p1a: Raikou|Raikou|56/100
|-ability|p1a: Raikou|Pressure
|turn|47
|inactive|Fathiryxi has 30 seconds left.
|inactive|Fathiryxi has 20 seconds left.
|
|t:|1651941085
|move|p1a: Raikou|Thunderbolt|p2a: celebrity
|-damage|p2a: celebrity|50/100 brn
|move|p2a: celebrity|Body Press|p1a: Raikou
|-damage|p1a: Raikou|0 fnt
|faint|p1a: Raikou
|
|win|pannuracotta
|inactive|Fathiryxi has 25 seconds left this turn.
|c|☆pannuracotta|gg
