|inactive|Battle timer is ON: inactive players will automatically lose when time's up.
|t:|1667680224
|gametype|singles
|player|p1|KSt3ve|#scl2dynamos|
|player|p2|pokemonisfun|#uutrio2ladder|
|teamsize|p1|6
|teamsize|p2|6
|gen|8
|tier|[Gen 8] UU
|rule|Sleep Clause Mod: Limit one foe put to sleep
|rule|Species Clause: Limit one of each Pokémon
|rule|OHKO Clause: OHKO moves are banned
|rule|Evasion Items Clause: Evasion items are banned
|rule|Evasion Moves Clause: Evasion moves are banned
|rule|Endless Battle Clause: Forcing endless battles is banned
|rule|HP Percentage Mod: HP is shown in percentages
|rule|Dynamax Clause: You cannot dynamax
|clearpoke
|poke|p1|Reuniclus, F|
|poke|p1|Skarmory, M|
|poke|p1|Dhelmise|
|poke|p1|Rotom-Wash|
|poke|p1|Zygarde-10%|
|poke|p1|Chansey, F|
|poke|p2|Jirachi|
|poke|p2|Conkeldurr, M|
|poke|p2|Chansey, F|
|poke|p2|Zygarde-10%|
|poke|p2|Primarina, M|
|poke|p2|Skarmory, F|
|teampreview
|c|☆KSt3ve|hf
|c|☆pokemonisfun|hf
|c|+Inder|ALLEZ ALLEZ CONGELO
|c|☆pokemonisfun|that means go pif right
|inactive|KSt3ve has 270 seconds left.
|inactive|pokemonisfun has 270 seconds left.
|c|+Howkings|PIF
|c|☆KSt3ve|yeah
|raw|<div class="broadcast-red"><strong>Moderated chat was set to ☆!</strong><br />Only users of rank ☆ and higher can talk.</div>
|inactive|KSt3ve has 240 seconds left.
|inactive|pokemonisfun has 240 seconds left.
|
|t:|1667680307
|start
|switch|p1a: Chansey|Chansey, F|100/100
|switch|p2a: megan the eggin|Chansey, F|100/100
|turn|1
|
|t:|1667680317
|move|p2a: megan the eggin|Stealth Rock|p1a: Chansey
|-sidestart|p1: KSt3ve|move: Stealth Rock
|move|p1a: Chansey|Stealth Rock|p2a: megan the eggin
|-sidestart|p2: pokemonisfun|move: Stealth Rock
|
|upkeep
|turn|2
|
|t:|1667680345
|switch|p1a: Reuniclus|Reuniclus, F|100/100
|move|p2a: megan the eggin|Teleport|p2a: megan the eggin
|inactive|pokemonisfun has 270 seconds left.
|
|t:|1667680361
|switch|p2a: wishy bishy|Jirachi|100/100|[from]move: Teleport
|-damage|p2a: wishy bishy|94/100|[from] Stealth Rock
|
|-heal|p2a: wishy bishy|100/100|[from] item: Leftovers
|upkeep
|turn|3
|inactive|pokemonisfun has 270 seconds left.
|inactive|KSt3ve has 270 seconds left.
|
|t:|1667680383
|move|p2a: wishy bishy|Iron Head|p1a: Reuniclus
|-damage|p1a: Reuniclus|82/100
|cant|p1a: Reuniclus|flinch
|
|upkeep
|turn|4
|inactive|KSt3ve has 270 seconds left.
|
|t:|1667680393
|switch|p1a: Skarmory|Skarmory, M|100/100
|-damage|p1a: Skarmory|88/100|[from] Stealth Rock
|move|p2a: wishy bishy|Body Slam|p1a: Skarmory
|-resisted|p1a: Skarmory
|-damage|p1a: Skarmory|82/100
|-status|p1a: Skarmory|par
|-damage|p2a: wishy bishy|84/100|[from] item: Rocky Helmet|[of] p1a: Skarmory
|
|-heal|p2a: wishy bishy|90/100|[from] item: Leftovers
|upkeep
|turn|5
|inactive|KSt3ve has 270 seconds left.
|
|t:|1667680406
|switch|p2a: sturdy birdy|Skarmory, F|100/100
|-damage|p2a: sturdy birdy|88/100|[from] Stealth Rock
|move|p1a: Skarmory|Spikes|p2a: sturdy birdy
|-sidestart|p2: pokemonisfun|Spikes
|
|upkeep
|turn|6
|inactive|KSt3ve has 270 seconds left.
|
|t:|1667680437
|switch|p1a: Dhelmise|Dhelmise|100/100
|move|p2a: sturdy birdy|Defog|p1a: Dhelmise
|-unboost|p1a: Dhelmise|evasion|1
|-sideend|p1: KSt3ve|Stealth Rock|[from] move: Defog|[of] p2a: sturdy birdy
|-sideend|p2: pokemonisfun|Spikes|[from] move: Defog|[of] p2a: sturdy birdy
|-sideend|p2: pokemonisfun|Stealth Rock|[from] move: Defog|[of] p2a: sturdy birdy
|
|upkeep
|turn|7
|inactive|pokemonisfun has 270 seconds left.
|inactive|pokemonisfun has 240 seconds left.
|inactive|pokemonisfun has 210 seconds left.
|
|t:|1667680532
|move|p2a: sturdy birdy|Iron Defense|p2a: sturdy birdy
|-boost|p2a: sturdy birdy|def|2
|move|p1a: Dhelmise|Knock Off|p2a: sturdy birdy
|-damage|p2a: sturdy birdy|79/100
|-damage|p1a: Dhelmise|84/100|[from] item: Rocky Helmet|[of] p2a: sturdy birdy
|-enditem|p2a: sturdy birdy|Rocky Helmet|[from] move: Knock Off|[of] p1a: Dhelmise
|
|upkeep
|turn|8
|inactive|KSt3ve has 240 seconds left.
|inactive|KSt3ve has 210 seconds left.
|
|t:|1667680604
|move|p2a: sturdy birdy|Roost|p2a: sturdy birdy
|-heal|p2a: sturdy birdy|100/100
|-singleturn|p2a: sturdy birdy|move: Roost
|move|p1a: Dhelmise|Rapid Spin|p2a: sturdy birdy
|-resisted|p2a: sturdy birdy
|-damage|p2a: sturdy birdy|98/100
|-boost|p1a: Dhelmise|spe|1
|
|upkeep
|turn|9
|inactive|pokemonisfun has 210 seconds left.
|
|t:|1667680620
|move|p2a: sturdy birdy|Iron Defense|p2a: sturdy birdy
|-boost|p2a: sturdy birdy|def|2
|move|p1a: Dhelmise|Knock Off|p2a: sturdy birdy
|-damage|p2a: sturdy birdy|94/100
|
|upkeep
|turn|10
|inactive|pokemonisfun has 180 seconds left.
|
|t:|1667680657
|move|p2a: sturdy birdy|Iron Defense|p2a: sturdy birdy
|-boost|p2a: sturdy birdy|def|2
|move|p1a: Dhelmise|Knock Off|p2a: sturdy birdy
|-damage|p2a: sturdy birdy|90/100
|
|upkeep
|turn|11
|
|t:|1667680661
|move|p2a: sturdy birdy|Roost|p2a: sturdy birdy
|-heal|p2a: sturdy birdy|100/100
|-singleturn|p2a: sturdy birdy|move: Roost
|move|p1a: Dhelmise|Rapid Spin|p2a: sturdy birdy
|-resisted|p2a: sturdy birdy
|-damage|p2a: sturdy birdy|99/100
|-boost|p1a: Dhelmise|spe|1
|
|upkeep
|turn|12
|
|t:|1667680667
|switch|p2a: wishy bishy|Jirachi|90/100
|move|p1a: Dhelmise|Knock Off|p2a: wishy bishy
|-supereffective|p2a: wishy bishy
|-damage|p2a: wishy bishy|45/100
|-enditem|p2a: wishy bishy|Leftovers|[from] move: Knock Off|[of] p1a: Dhelmise
|
|upkeep
|turn|13
|inactive|KSt3ve has 210 seconds left.
|
|t:|1667680688
|move|p2a: wishy bishy|Wish|p2a: wishy bishy
|move|p1a: Dhelmise|Knock Off|p2a: wishy bishy
|-supereffective|p2a: wishy bishy
|-damage|p2a: wishy bishy|14/100
|
|upkeep
|turn|14
|inactive|KSt3ve has 210 seconds left.
|
|t:|1667680717
|switch|p1a: Skarmory|Skarmory, M|82/100 par
|move|p2a: wishy bishy|Protect||[still]
|-fail|p2a: wishy bishy
|
|-heal|p2a: wishy bishy|64/100|[from] move: Wish|[wisher] wishy bishy
|upkeep
|turn|15
|
|t:|1667680727
|switch|p2a: sturdy birdy|Skarmory, F|99/100
|cant|p1a: Skarmory|par
|
|upkeep
|turn|16
|
|t:|1667680738
|switch|p2a: what a huge conk|Conkeldurr, M|100/100
|move|p1a: Skarmory|Spikes|p2a: what a huge conk
|-sidestart|p2: pokemonisfun|Spikes
|
|-status|p2a: what a huge conk|brn|[from] item: Flame Orb
|upkeep
|turn|17
|inactive|KSt3ve has 210 seconds left.
|inactive|KSt3ve has 180 seconds left.
|inactive|KSt3ve has 150 seconds left.
|
|t:|1667680829
|switch|p2a: sturdy birdy|Skarmory, F|99/100
|move|p1a: Skarmory|Iron Defense|p1a: Skarmory
|-boost|p1a: Skarmory|def|2
|
|upkeep
|turn|18
|inactive|KSt3ve has 120 seconds left.
|
|t:|1667680849
|move|p2a: sturdy birdy|Defog|p1a: Skarmory
|-unboost|p1a: Skarmory|evasion|1
|-sideend|p2: pokemonisfun|Spikes|[from] move: Defog|[of] p2a: sturdy birdy
|move|p1a: Skarmory|Body Press|p2a: sturdy birdy
|-damage|p2a: sturdy birdy|57/100
|
|upkeep
|turn|19
|inactive|KSt3ve has 120 seconds left.
|
|t:|1667680863
|move|p2a: sturdy birdy|Iron Defense|p2a: sturdy birdy
|-boost|p2a: sturdy birdy|def|2
|move|p1a: Skarmory|Spikes|p2a: sturdy birdy
|-sidestart|p2: pokemonisfun|Spikes
|
|upkeep
|turn|20
|inactive|KSt3ve has 120 seconds left.
|
|t:|1667680870
|move|p2a: sturdy birdy|Defog|p1a: Skarmory
|-unboost|p1a: Skarmory|evasion|1
|-sideend|p2: pokemonisfun|Spikes|[from] move: Defog|[of] p2a: sturdy birdy
|move|p1a: Skarmory|Body Press|p2a: sturdy birdy
|-damage|p2a: sturdy birdy|36/100
|
|upkeep
|turn|21
|
|t:|1667680879
|move|p2a: sturdy birdy|Roost|p2a: sturdy birdy
|-heal|p2a: sturdy birdy|86/100
|-singleturn|p2a: sturdy birdy|move: Roost
|move|p1a: Skarmory|Roost|p1a: Skarmory
|-heal|p1a: Skarmory|100/100 par
|-singleturn|p1a: Skarmory|move: Roost
|
|upkeep
|turn|22
|inactive|pokemonisfun has 210 seconds left.
|
|t:|1667680892
|move|p2a: sturdy birdy|Iron Defense|p2a: sturdy birdy
|-boost|p2a: sturdy birdy|def|2
|move|p1a: Skarmory|Spikes|p2a: sturdy birdy
|-sidestart|p2: pokemonisfun|Spikes
|
|upkeep
|turn|23
|
|t:|1667680898
|move|p2a: sturdy birdy|Defog|p1a: Skarmory
|-unboost|p1a: Skarmory|evasion|1
|-sideend|p2: pokemonisfun|Spikes|[from] move: Defog|[of] p2a: sturdy birdy
|move|p1a: Skarmory|Iron Defense|p1a: Skarmory
|-boost|p1a: Skarmory|def|2
|
|upkeep
|turn|24
|
|t:|1667680910
|move|p2a: sturdy birdy|Body Press|p1a: Skarmory
|-damage|p1a: Skarmory|81/100 par
|-damage|p2a: sturdy birdy|70/100|[from] item: Rocky Helmet|[of] p1a: Skarmory
|cant|p1a: Skarmory|par
|
|upkeep
|turn|25
|
|t:|1667680917
|move|p2a: sturdy birdy|Iron Defense|p2a: sturdy birdy
|-boost|p2a: sturdy birdy|def|2
|cant|p1a: Skarmory|par
|
|upkeep
|turn|26
|
|t:|1667680926
|move|p2a: sturdy birdy|Roost|p2a: sturdy birdy
|-heal|p2a: sturdy birdy|100/100
|-singleturn|p2a: sturdy birdy|move: Roost
|cant|p1a: Skarmory|par
|
|upkeep
|turn|27
|inactive|pokemonisfun has 240 seconds left.
|
|t:|1667680933
|move|p2a: sturdy birdy|Body Press|p1a: Skarmory
|-damage|p1a: Skarmory|52/100 par
|-damage|p2a: sturdy birdy|84/100|[from] item: Rocky Helmet|[of] p1a: Skarmory
|move|p1a: Skarmory|Iron Defense|p1a: Skarmory
|-boost|p1a: Skarmory|def|2
|
|upkeep
|turn|28
|
|t:|1667680940
|move|p2a: sturdy birdy|Body Press|p1a: Skarmory
|-damage|p1a: Skarmory|32/100 par
|-damage|p2a: sturdy birdy|68/100|[from] item: Rocky Helmet|[of] p1a: Skarmory
|move|p1a: Skarmory|Roost|p1a: Skarmory
|-heal|p1a: Skarmory|82/100 par
|-singleturn|p1a: Skarmory|move: Roost
|
|upkeep
|turn|29
|inactive|KSt3ve has 180 seconds left.
|
|t:|1667680960
|move|p2a: sturdy birdy|Roost|p2a: sturdy birdy
|-heal|p2a: sturdy birdy|100/100
|-singleturn|p2a: sturdy birdy|move: Roost
|move|p1a: Skarmory|Spikes|p2a: sturdy birdy
|-sidestart|p2: pokemonisfun|Spikes
|
|upkeep
|turn|30
|
|t:|1667680984
|move|p2a: sturdy birdy|Defog|p1a: Skarmory
|-unboost|p1a: Skarmory|evasion|1
|-sideend|p2: pokemonisfun|Spikes|[from] move: Defog|[of] p2a: sturdy birdy
|move|p1a: Skarmory|Roost|p1a: Skarmory
|-heal|p1a: Skarmory|100/100 par
|-singleturn|p1a: Skarmory|move: Roost
|
|upkeep
|turn|31
|
|t:|1667680995
|switch|p1a: Dhelmise|Dhelmise|84/100
|move|p2a: sturdy birdy|Body Press|p1a: Dhelmise
|-immune|p1a: Dhelmise
|
|upkeep
|turn|32
|
|t:|1667681018
|move|p2a: sturdy birdy|Iron Defense|p2a: sturdy birdy
|-boost|p2a: sturdy birdy|def|0
|move|p1a: Dhelmise|Knock Off|p2a: sturdy birdy
|-damage|p2a: sturdy birdy|98/100
|
|upkeep
|turn|33
|
|t:|1667681025
|move|p2a: sturdy birdy|Iron Defense|p2a: sturdy birdy
|-boost|p2a: sturdy birdy|def|0
|move|p1a: Dhelmise|Knock Off|p2a: sturdy birdy
|-damage|p2a: sturdy birdy|95/100
|
|upkeep
|turn|34
|
|t:|1667681031
|move|p2a: sturdy birdy|Iron Defense|p2a: sturdy birdy
|-boost|p2a: sturdy birdy|def|0
|move|p1a: Dhelmise|Knock Off|p2a: sturdy birdy
|-damage|p2a: sturdy birdy|91/100
|
|upkeep
|turn|35
|
|t:|1667681034
|move|p2a: sturdy birdy|Defog|p1a: Dhelmise
|-unboost|p1a: Dhelmise|evasion|1
|move|p1a: Dhelmise|Knock Off|p2a: sturdy birdy
|-damage|p2a: sturdy birdy|89/100
|
|upkeep
|turn|36
|
|t:|1667681041
|move|p2a: sturdy birdy|Iron Defense|p2a: sturdy birdy
|-boost|p2a: sturdy birdy|def|0
|move|p1a: Dhelmise|Knock Off|p2a: sturdy birdy
|-damage|p2a: sturdy birdy|86/100
|
|upkeep
|turn|37
|
|t:|1667681045
|move|p2a: sturdy birdy|Iron Defense|p2a: sturdy birdy
|-boost|p2a: sturdy birdy|def|0
|move|p1a: Dhelmise|Rapid Spin|p2a: sturdy birdy
|-resisted|p2a: sturdy birdy
|-damage|p2a: sturdy birdy|84/100
|-boost|p1a: Dhelmise|spe|1
|
|upkeep
|turn|38
|
|t:|1667681048
|move|p2a: sturdy birdy|Roost|p2a: sturdy birdy
|-heal|p2a: sturdy birdy|100/100
|-singleturn|p2a: sturdy birdy|move: Roost
|move|p1a: Dhelmise|Knock Off|p2a: sturdy birdy
|-damage|p2a: sturdy birdy|98/100
|
|upkeep
|turn|39
|inactive|pokemonisfun has 270 seconds left.
|inactive|pokemonisfun has 240 seconds left.
|
|t:|1667681129
|switch|p2a: what a huge conk|Conkeldurr, M|100/100 brn
|move|p1a: Dhelmise|Power Whip|p2a: what a huge conk
|-damage|p2a: what a huge conk|52/100 brn
|
|-damage|p2a: what a huge conk|46/100 brn|[from] brn
|upkeep
|turn|40
|inactive|KSt3ve has 240 seconds left.
|
|t:|1667681152
|switch|p2a: wishy bishy|Jirachi|64/100
|move|p1a: Dhelmise|Power Whip|p2a: wishy bishy
|-resisted|p2a: wishy bishy
|-damage|p2a: wishy bishy|43/100
|
|upkeep
|turn|41
|inactive|KSt3ve has 210 seconds left.
|
|t:|1667681180
|move|p2a: wishy bishy|Wish|p2a: wishy bishy
|move|p1a: Dhelmise|Knock Off|p2a: wishy bishy
|-supereffective|p2a: wishy bishy
|-damage|p2a: wishy bishy|8/100
|
|upkeep
|turn|42
|inactive|KSt3ve has 210 seconds left.
|
|t:|1667681201
|switch|p1a: Skarmory|Skarmory, M|100/100 par
|move|p2a: wishy bishy|Protect||[still]
|-fail|p2a: wishy bishy
|
|-heal|p2a: wishy bishy|58/100|[from] move: Wish|[wisher] wishy bishy
|upkeep
|turn|43
|
|t:|1667681216
|move|p2a: wishy bishy|Wish|p2a: wishy bishy
|cant|p1a: Skarmory|par
|
|upkeep
|turn|44
|
|t:|1667681226
|move|p2a: wishy bishy|Iron Head|p1a: Skarmory
|-resisted|p1a: Skarmory
|-damage|p1a: Skarmory|91/100 par
|-damage|p2a: wishy bishy|42/100|[from] item: Rocky Helmet|[of] p1a: Skarmory
|cant|p1a: Skarmory|flinch
|
|-heal|p2a: wishy bishy|92/100|[from] move: Wish|[wisher] wishy bishy
|upkeep
|turn|45
|
|t:|1667681234
|switch|p2a: seal that squeals|Primarina, M|100/100
|move|p1a: Skarmory|Spikes|p2a: seal that squeals
|-sidestart|p2: pokemonisfun|Spikes
|
|upkeep
|turn|46
|
|t:|1667681241
|switch|p2a: sturdy birdy|Skarmory, F|98/100
|switch|p1a: Chansey|Chansey, F|100/100
|
|upkeep
|turn|47
|
|t:|1667681270
|move|p2a: sturdy birdy|Defog|p1a: Chansey
|-unboost|p1a: Chansey|evasion|1
|-sideend|p2: pokemonisfun|Spikes|[from] move: Defog|[of] p2a: sturdy birdy
|move|p1a: Chansey|Stealth Rock|p2a: sturdy birdy
|-sidestart|p2: pokemonisfun|move: Stealth Rock
|
|upkeep
|turn|48
|
|t:|1667681281
|switch|p1a: Skarmory|Skarmory, M|91/100 par
|move|p2a: sturdy birdy|Defog|p1a: Skarmory
|-unboost|p1a: Skarmory|evasion|1
|-sideend|p2: pokemonisfun|Stealth Rock|[from] move: Defog|[of] p2a: sturdy birdy
|
|upkeep
|turn|49
|
|t:|1667681286
|switch|p2a: seal that squeals|Primarina, M|100/100
|move|p1a: Skarmory|Spikes|p2a: seal that squeals
|-sidestart|p2: pokemonisfun|Spikes
|
|upkeep
|turn|50
|
|t:|1667681306
|switch|p2a: sturdy birdy|Skarmory, F|98/100
|switch|p1a: Chansey|Chansey, F|100/100
|
|upkeep
|turn|51
|
|t:|1667681311
|switch|p1a: Skarmory|Skarmory, M|91/100 par
|move|p2a: sturdy birdy|Defog|p1a: Skarmory
|-unboost|p1a: Skarmory|evasion|1
|-sideend|p2: pokemonisfun|Spikes|[from] move: Defog|[of] p2a: sturdy birdy
|
|upkeep
|turn|52
|
|t:|1667681316
|switch|p2a: seal that squeals|Primarina, M|100/100
|move|p1a: Skarmory|Spikes|p2a: seal that squeals
|-sidestart|p2: pokemonisfun|Spikes
|
|upkeep
|turn|53
|
|t:|1667681319
|switch|p2a: sturdy birdy|Skarmory, F|98/100
|switch|p1a: Chansey|Chansey, F|100/100
|
|upkeep
|turn|54
|
|t:|1667681321
|switch|p1a: Skarmory|Skarmory, M|91/100 par
|move|p2a: sturdy birdy|Defog|p1a: Skarmory
|-unboost|p1a: Skarmory|evasion|1
|-sideend|p2: pokemonisfun|Spikes|[from] move: Defog|[of] p2a: sturdy birdy
|
|upkeep
|turn|55
|
|t:|1667681326
|switch|p2a: seal that squeals|Primarina, M|100/100
|move|p1a: Skarmory|Spikes|p2a: seal that squeals
|-sidestart|p2: pokemonisfun|Spikes
|
|upkeep
|turn|56
|inactive|KSt3ve has 270 seconds left.
|
|t:|1667681333
|switch|p2a: megan the eggin|Chansey, F|100/100
|-damage|p2a: megan the eggin|88/100|[from] Spikes
|switch|p1a: Chansey|Chansey, F|100/100
|
|upkeep
|turn|57
|
|t:|1667681338
|switch|p2a: sturdy birdy|Skarmory, F|98/100
|move|p1a: Chansey|Stealth Rock|p2a: sturdy birdy
|-sidestart|p2: pokemonisfun|move: Stealth Rock
|
|upkeep
|turn|58
|inactive|KSt3ve has 270 seconds left.
|
|t:|1667681364
|switch|p1a: Skarmory|Skarmory, M|91/100 par
|move|p2a: sturdy birdy|Defog|p1a: Skarmory
|-unboost|p1a: Skarmory|evasion|1
|-sideend|p2: pokemonisfun|Spikes|[from] move: Defog|[of] p2a: sturdy birdy
|-sideend|p2: pokemonisfun|Stealth Rock|[from] move: Defog|[of] p2a: sturdy birdy
|
|upkeep
|turn|59
|
|t:|1667681375
|move|p2a: sturdy birdy|Iron Defense|p2a: sturdy birdy
|-boost|p2a: sturdy birdy|def|2
|move|p1a: Skarmory|Spikes|p2a: sturdy birdy
|-sidestart|p2: pokemonisfun|Spikes
|
|upkeep
|turn|60
|
|t:|1667681379
|switch|p1a: Dhelmise|Dhelmise|84/100
|move|p2a: sturdy birdy|Defog|p1a: Dhelmise
|-unboost|p1a: Dhelmise|evasion|1
|-sideend|p2: pokemonisfun|Spikes|[from] move: Defog|[of] p2a: sturdy birdy
|
|upkeep
|turn|61
|
|t:|1667681384
|switch|p2a: wishy bishy|Jirachi|92/100
|move|p1a: Dhelmise|Rapid Spin|p2a: wishy bishy
|-resisted|p2a: wishy bishy
|-damage|p2a: wishy bishy|85/100
|-boost|p1a: Dhelmise|spe|1
|
|upkeep
|turn|62
|
|t:|1667681402
|switch|p1a: Skarmory|Skarmory, M|91/100 par
|move|p2a: wishy bishy|Wish|p2a: wishy bishy
|
|upkeep
|turn|63
|
|t:|1667681418
|switch|p2a: what a huge conk|Conkeldurr, M|46/100 brn
|cant|p1a: Skarmory|par
|
|-heal|p2a: what a huge conk|100/100 brn|[from] move: Wish|[wisher] wishy bishy
|-damage|p2a: what a huge conk|94/100 brn|[from] brn
|upkeep
|turn|64
|
|t:|1667681425
|move|p2a: what a huge conk|Knock Off|p1a: Skarmory
|-damage|p1a: Skarmory|54/100 par
|-damage|p2a: what a huge conk|78/100 brn|[from] item: Rocky Helmet|[of] p1a: Skarmory
|-enditem|p1a: Skarmory|Rocky Helmet|[from] move: Knock Off|[of] p2a: what a huge conk
|move|p1a: Skarmory|Iron Defense|p1a: Skarmory
|-boost|p1a: Skarmory|def|2
|
|-damage|p2a: what a huge conk|72/100 brn|[from] brn
|upkeep
|turn|65
|
|t:|1667681433
|switch|p2a: seal that squeals|Primarina, M|100/100
|move|p1a: Skarmory|Roost|p1a: Skarmory
|-heal|p1a: Skarmory|100/100 par
|-singleturn|p1a: Skarmory|move: Roost
|
|upkeep
|turn|66
|
|t:|1667681454
|switch|p1a: Chansey|Chansey, F|100/100
|move|p2a: seal that squeals|Scald|p1a: Chansey
|-damage|p1a: Chansey|88/100
|-status|p1a: Chansey|brn
|
|-damage|p1a: Chansey|82/100 brn|[from] brn
|upkeep
|turn|67
|
|t:|1667681482
|switch|p2a: sturdy birdy|Skarmory, F|98/100
|move|p1a: Chansey|Stealth Rock|p2a: sturdy birdy
|-sidestart|p2: pokemonisfun|move: Stealth Rock
|
|-damage|p1a: Chansey|76/100 brn|[from] brn
|upkeep
|turn|68
|inactive|KSt3ve has 270 seconds left.
|
|t:|1667681513
|-curestatus|p1a: Chansey|brn|[from] ability: Natural Cure
|switch|p1a: Skarmory|Skarmory, M|100/100 par
|move|p2a: sturdy birdy|Defog|p1a: Skarmory
|-unboost|p1a: Skarmory|evasion|1
|-sideend|p2: pokemonisfun|Stealth Rock|[from] move: Defog|[of] p2a: sturdy birdy
|
|upkeep
|turn|69
|
|t:|1667681523
|move|p2a: sturdy birdy|Iron Defense|p2a: sturdy birdy
|-boost|p2a: sturdy birdy|def|2
|cant|p1a: Skarmory|par
|
|upkeep
|turn|70
|
|t:|1667681528
|move|p2a: sturdy birdy|Body Press|p1a: Skarmory
|-damage|p1a: Skarmory|57/100 par
|move|p1a: Skarmory|Spikes|p2a: sturdy birdy
|-sidestart|p2: pokemonisfun|Spikes
|
|upkeep
|turn|71
|inactive|KSt3ve has 270 seconds left.
|inactive|KSt3ve has 240 seconds left.
|
|t:|1667681581
|switch|p1a: Dhelmise|Dhelmise|84/100
|move|p2a: sturdy birdy|Defog|p1a: Dhelmise
|-unboost|p1a: Dhelmise|evasion|1
|-sideend|p2: pokemonisfun|Spikes|[from] move: Defog|[of] p2a: sturdy birdy
|
|upkeep
|turn|72
|inactive|KSt3ve has 240 seconds left.
|
|t:|1667681611
|move|p2a: sturdy birdy|Body Press|p1a: Dhelmise
|-immune|p1a: Dhelmise
|move|p1a: Dhelmise|Rapid Spin|p2a: sturdy birdy
|-resisted|p2a: sturdy birdy
|-damage|p2a: sturdy birdy|95/100
|-boost|p1a: Dhelmise|spe|1
|
|upkeep
|turn|73
|
|t:|1667681622
|switch|p2a: wishy bishy|Jirachi|85/100
|move|p1a: Dhelmise|Rapid Spin|p2a: wishy bishy
|-resisted|p2a: wishy bishy
|-damage|p2a: wishy bishy|80/100
|-boost|p1a: Dhelmise|spe|1
|
|upkeep
|turn|74
|
|t:|1667681631
|switch|p1a: Skarmory|Skarmory, M|57/100 par
|move|p2a: wishy bishy|Wish|p2a: wishy bishy
|
|upkeep
|turn|75
|
|t:|1667681636
|switch|p2a: what a huge conk|Conkeldurr, M|72/100 brn
|move|p1a: Skarmory|Roost|p1a: Skarmory
|-heal|p1a: Skarmory|100/100 par
|-singleturn|p1a: Skarmory|move: Roost
|
|-heal|p2a: what a huge conk|100/100 brn|[from] move: Wish|[wisher] wishy bishy
|-damage|p2a: what a huge conk|94/100 brn|[from] brn
|upkeep
|turn|76
|
|t:|1667681655
|switch|p2a: seal that squeals|Primarina, M|100/100
|cant|p1a: Skarmory|par
|
|upkeep
|turn|77
|inactive|KSt3ve has 210 seconds left.
|inactive|KSt3ve has 180 seconds left.
|inactive|KSt3ve has 150 seconds left.
|
|t:|1667681737
|switch|p2a: what a huge conk|Conkeldurr, M|94/100 brn
|switch|p1a: Rotom|Rotom-Wash|100/100
|
|-damage|p2a: what a huge conk|88/100 brn|[from] brn
|upkeep
|turn|78
|inactive|KSt3ve has 150 seconds left.
|
|t:|1667681761
|switch|p2a: megan the eggin|Chansey, F|88/100
|move|p1a: Rotom|Volt Switch|p2a: megan the eggin
|-damage|p2a: megan the eggin|80/100
|inactive|KSt3ve has 120 seconds left.
|
|t:|1667681815
|switch|p1a: Skarmory|Skarmory, M|100/100 par|[from]move: Volt Switch
|
|upkeep
|turn|79
|
|t:|1667681832
|switch|p2a: sturdy birdy|Skarmory, F|95/100
|move|p1a: Skarmory|Spikes|p2a: sturdy birdy
|-sidestart|p2: pokemonisfun|Spikes
|
|upkeep
|turn|80
|
|t:|1667681846
|move|p2a: sturdy birdy|Defog|p1a: Skarmory
|-unboost|p1a: Skarmory|evasion|1
|-sideend|p2: pokemonisfun|Spikes|[from] move: Defog|[of] p2a: sturdy birdy
|move|p1a: Skarmory|Iron Defense|p1a: Skarmory
|-boost|p1a: Skarmory|def|2
|
|upkeep
|turn|81
|
|t:|1667681849
|switch|p2a: seal that squeals|Primarina, M|100/100
|move|p1a: Skarmory|Spikes|p2a: seal that squeals
|-sidestart|p2: pokemonisfun|Spikes
|
|upkeep
|turn|82
|
|t:|1667681857
|switch|p2a: sturdy birdy|Skarmory, F|95/100
|switch|p1a: Chansey|Chansey, F|76/100
|
|upkeep
|turn|83
|
|t:|1667681865
|switch|p1a: Skarmory|Skarmory, M|100/100 par
|move|p2a: sturdy birdy|Body Press|p1a: Skarmory
|-damage|p1a: Skarmory|80/100 par
|
|upkeep
|turn|84
|
|t:|1667681870
|move|p2a: sturdy birdy|Iron Defense|p2a: sturdy birdy
|-boost|p2a: sturdy birdy|def|2
|cant|p1a: Skarmory|par
|
|upkeep
|turn|85
|
|t:|1667681875
|switch|p1a: Dhelmise|Dhelmise|84/100
|move|p2a: sturdy birdy|Defog|p1a: Dhelmise
|-unboost|p1a: Dhelmise|evasion|1
|-sideend|p2: pokemonisfun|Spikes|[from] move: Defog|[of] p2a: sturdy birdy
|
|upkeep
|turn|86
|inactive|KSt3ve has 150 seconds left.
|
|t:|1667681881
|switch|p2a: wishy bishy|Jirachi|80/100
|move|p1a: Dhelmise|Knock Off|p2a: wishy bishy
|-supereffective|p2a: wishy bishy
|-damage|p2a: wishy bishy|49/100
|
|upkeep
|turn|87
|inactive|KSt3ve has 150 seconds left.
|
|t:|1667681892
|switch|p1a: Zygarde|Zygarde-10%|100/100
|-ability|p1a: Zygarde|Aura Break
|move|p2a: wishy bishy|Wish|p2a: wishy bishy
|
|upkeep
|turn|88
|inactive|pokemonisfun has 270 seconds left.
|
|t:|1667681928
|move|p2a: wishy bishy|Protect|p2a: wishy bishy
|-singleturn|p2a: wishy bishy|Protect
|move|p1a: Zygarde|Thousand Arrows|p2a: wishy bishy
|-activate|p2a: wishy bishy|move: Protect
|
|-heal|p2a: wishy bishy|99/100|[from] move: Wish|[wisher] wishy bishy
|upkeep
|turn|89
|inactive|pokemonisfun has 270 seconds left.
|
|t:|1667681950
|switch|p2a: megan the eggin|Chansey, F|80/100
|move|p1a: Zygarde|Thousand Arrows|p2a: megan the eggin
|-damage|p2a: megan the eggin|41/100
|
|upkeep
|turn|90
|
|t:|1667681965
|switch|p1a: Rotom|Rotom-Wash|100/100
|move|p2a: megan the eggin|Soft-Boiled|p2a: megan the eggin
|-heal|p2a: megan the eggin|92/100
|
|upkeep
|turn|91
|inactive|pokemonisfun has 240 seconds left.
|inactive|pokemonisfun has 210 seconds left.
|inactive|pokemonisfun has 180 seconds left.
|inactive|pokemonisfun has 150 seconds left.
|
|t:|1667682096
|move|p1a: Rotom|Trick|p2a: megan the eggin
|-activate|p1a: Rotom|move: Trick|[of] p2a: megan the eggin
|-item|p2a: megan the eggin|Choice Scarf|[from] move: Trick
|-item|p1a: Rotom|Eviolite|[from] move: Trick
|move|p2a: megan the eggin|Teleport|p2a: megan the eggin
|
|t:|1667682105
|switch|p2a: Zygarde-10% off|Zygarde-10%|100/100|[from]move: Teleport
|-ability|p2a: Zygarde-10% off|Aura Break
|
|upkeep
|turn|92
|inactive|KSt3ve has 150 seconds left.
|
|t:|1667682144
|switch|p1a: Reuniclus|Reuniclus, F|82/100
|move|p2a: Zygarde-10% off|Thousand Arrows|p1a: Reuniclus
|-damage|p1a: Reuniclus|41/100
|
|upkeep
|turn|93
|inactive|pokemonisfun has 120 seconds left.
|inactive|pokemonisfun has 90 seconds left.
|inactive|pokemonisfun has 60 seconds left.
|inactive|KSt3ve has 120 seconds left.
|
|t:|1667682253
|switch|p1a: Dhelmise|Dhelmise|84/100
|move|p2a: Zygarde-10% off|Thousand Arrows|p1a: Dhelmise
|-resisted|p1a: Dhelmise
|-damage|p1a: Dhelmise|54/100
|
|upkeep
|turn|94
|inactive|KSt3ve has 90 seconds left.
|
|t:|1667682280
|switch|p2a: what a huge conk|Conkeldurr, M|88/100 brn
|move|p1a: Dhelmise|Synthesis|p1a: Dhelmise
|-heal|p1a: Dhelmise|100/100
|
|-damage|p2a: what a huge conk|82/100 brn|[from] brn
|upkeep
|turn|95
|inactive|KSt3ve has 90 seconds left.
|inactive|pokemonisfun has 30 seconds left.
|inactive|pokemonisfun has 20 seconds left.
|inactive|pokemonisfun has 15 seconds left.
|inactive|KSt3ve has 60 seconds left.
|
|t:|1667682329
|switch|p1a: Skarmory|Skarmory, M|80/100 par
|move|p2a: what a huge conk|Knock Off|p1a: Skarmory
|-damage|p1a: Skarmory|57/100 par
|
|-damage|p2a: what a huge conk|76/100 brn|[from] brn
|upkeep
|turn|96
|inactive|pokemonisfun has 25 seconds left this turn.
|inactive|KSt3ve has 60 seconds left.
|inactive|pokemonisfun has 20 seconds left.
|inactive|KSt3ve has 30 seconds left.
|inactive|KSt3ve has 20 seconds left.
|
|t:|1667682378
|move|p2a: what a huge conk|Close Combat|p1a: Skarmory
|-damage|p1a: Skarmory|0 fnt
|-unboost|p2a: what a huge conk|def|1
|-unboost|p2a: what a huge conk|spd|1
|faint|p1a: Skarmory
|
|-damage|p2a: what a huge conk|70/100 brn|[from] brn
|upkeep
|inactive|KSt3ve has 25 seconds left this turn.
|inactive|pokemonisfun has 25 seconds left this turn.
|inactive|KSt3ve has 20 seconds left.
|
|t:|1667682387
|switch|p1a: Zygarde|Zygarde-10%|100/100
|-ability|p1a: Zygarde|Aura Break
|turn|97
|inactive|KSt3ve has 30 seconds left this turn.
|inactive|pokemonisfun has 30 seconds left.
|inactive|pokemonisfun has 20 seconds left.
|inactive|pokemonisfun has 15 seconds left.
|inactive|pokemonisfun has 10 seconds left.
|inactive|pokemonisfun has 5 seconds left.
|
|t:|1667682417
|switch|p2a: sturdy birdy|Skarmory, F|95/100
|move|p1a: Zygarde|Thousand Arrows|p2a: sturdy birdy
|-damage|p2a: sturdy birdy|58/100
|-start|p2a: sturdy birdy|Smack Down
|
|upkeep
|turn|98
|inactive|pokemonisfun has 15 seconds left this turn.
|
|t:|1667682425
|move|p1a: Zygarde|Thousand Arrows|p2a: sturdy birdy
|-supereffective|p2a: sturdy birdy
|-damage|p2a: sturdy birdy|0 fnt
|faint|p2a: sturdy birdy
|
|upkeep
|inactive|pokemonisfun has 20 seconds left this turn.
|inactive|pokemonisfun has 15 seconds left.
|inactive|pokemonisfun has 10 seconds left.
|
|t:|1667682440
|switch|p2a: seal that squeals|Primarina, M|100/100
|turn|99
|inactive|pokemonisfun has 20 seconds left this turn.
|inactive|pokemonisfun has 15 seconds left.
|inactive|pokemonisfun has 10 seconds left.
|
|t:|1667682453
|switch|p1a: Rotom|Rotom-Wash|100/100
|switch|p2a: Zygarde-10% off|Zygarde-10%|100/100
|-ability|p2a: Zygarde-10% off|Aura Break
|
|upkeep
|turn|100
|inactive|pokemonisfun has 20 seconds left this turn.
|inactive|pokemonisfun has 15 seconds left.
|inactive|pokemonisfun has 10 seconds left.
|
|t:|1667682466
|switch|p1a: Dhelmise|Dhelmise|100/100
|move|p2a: Zygarde-10% off|Outrage|p1a: Dhelmise
|-damage|p1a: Dhelmise|31/100
|
|upkeep
|turn|101
|inactive|pokemonisfun has 20 seconds left this turn.
|inactive|KSt3ve has 30 seconds left.
|inactive|KSt3ve has 20 seconds left.
|inactive|KSt3ve has 15 seconds left.
|
|t:|1667682506
|switch|p1a: Reuniclus|Reuniclus, F|41/100
|move|p2a: Zygarde-10% off|Outrage|p1a: Reuniclus|[from]lockedmove
|-damage|p1a: Reuniclus|0 fnt
|faint|p1a: Reuniclus
|
|upkeep
|inactive|KSt3ve has 20 seconds left this turn.
|inactive|pokemonisfun has 25 seconds left this turn.
|inactive|KSt3ve has 15 seconds left.
|inactive|KSt3ve has 10 seconds left.
|
|t:|1667682519
|switch|p1a: Rotom|Rotom-Wash|100/100
|turn|102
|inactive|KSt3ve has 20 seconds left this turn.
|inactive|KSt3ve has 15 seconds left.
|
|t:|1667682526
|move|p2a: Zygarde-10% off|Outrage|p1a: Rotom|[from]lockedmove
|-damage|p1a: Rotom|20/100
|-start|p2a: Zygarde-10% off|confusion|[fatigue]
|move|p1a: Rotom|Hydro Pump|p2a: Zygarde-10% off
|-damage|p2a: Zygarde-10% off|39/100
|
|upkeep
|turn|103
|inactive|KSt3ve has 25 seconds left this turn.
|inactive|KSt3ve has 20 seconds left.
|inactive|KSt3ve has 15 seconds left.
|inactive|pokemonisfun has 30 seconds left.
|inactive|KSt3ve has 10 seconds left.
|
|t:|1667682549
|-activate|p2a: Zygarde-10% off|confusion
|move|p2a: Zygarde-10% off|Outrage|p1a: Rotom
|-damage|p1a: Rotom|0 fnt
|faint|p1a: Rotom
|
|upkeep
|inactive|KSt3ve has 15 seconds left this turn.
|inactive|pokemonisfun has 30 seconds left this turn.
|inactive|KSt3ve has 10 seconds left.
|inactive|KSt3ve has 5 seconds left.
|
|t:|1667682559
|switch|p1a: Zygarde|Zygarde-10%|100/100
|-ability|p1a: Zygarde|Aura Break
|turn|104
|inactive|KSt3ve has 15 seconds left this turn.
|inactive|KSt3ve has 10 seconds left.
|inactive|KSt3ve has 5 seconds left.
|
|t:|1667682572
|move|p1a: Zygarde|Extreme Speed|p2a: Zygarde-10% off
|-damage|p2a: Zygarde-10% off|0 fnt
|faint|p2a: Zygarde-10% off
|
|upkeep
|inactive|KSt3ve has 10 seconds left this turn.
|
|t:|1667682580
|switch|p2a: what a huge conk|Conkeldurr, M|70/100 brn
|turn|105
|inactive|KSt3ve has 20 seconds left this turn.
|inactive|KSt3ve has 15 seconds left.
|inactive|KSt3ve has 10 seconds left.
|
|t:|1667682591
|switch|p1a: Dhelmise|Dhelmise|31/100
|move|p2a: what a huge conk|Knock Off|p1a: Dhelmise
|-supereffective|p1a: Dhelmise
|-damage|p1a: Dhelmise|0 fnt
|-enditem|p1a: Dhelmise|Heavy-Duty Boots|[from] move: Knock Off|[of] p2a: what a huge conk
|faint|p1a: Dhelmise
|
|-damage|p2a: what a huge conk|64/100 brn|[from] brn
|upkeep
|inactive|KSt3ve has 15 seconds left this turn.
|inactive|KSt3ve has 10 seconds left.
|
|t:|1667682600
|switch|p1a: Zygarde|Zygarde-10%|100/100
|-ability|p1a: Zygarde|Aura Break
|turn|106
|inactive|KSt3ve has 20 seconds left this turn.
|inactive|KSt3ve has 15 seconds left.
|inactive|pokemonisfun has 60 seconds left.
|inactive|KSt3ve has 10 seconds left.
|inactive|KSt3ve has 5 seconds left.
|inactive|pokemonisfun has 30 seconds left.
|inactive|pokemonisfun has 20 seconds left.
|inactive|pokemonisfun has 15 seconds left.
|
|t:|1667682652
|move|p1a: Zygarde|Thousand Arrows|p2a: what a huge conk
|-damage|p2a: what a huge conk|5/100 brn
|move|p2a: what a huge conk|Close Combat|p1a: Zygarde
|-damage|p1a: Zygarde|0 fnt
|-unboost|p2a: what a huge conk|def|1
|-unboost|p2a: what a huge conk|spd|1
|faint|p1a: Zygarde
|
|-damage|p2a: what a huge conk|0 fnt|[from] brn
|faint|p2a: what a huge conk
|upkeep
|inactive|KSt3ve has 15 seconds left this turn.
|inactive|pokemonisfun has 25 seconds left this turn.
|inactive|pokemonisfun has 20 seconds left.
|inactive|pokemonisfun has 15 seconds left.
|
|t:|1667682665
|switch|p1a: Chansey|Chansey, F|76/100
|switch|p2a: wishy bishy|Jirachi|99/100
|turn|107
|inactive|KSt3ve has 25 seconds left this turn.
|inactive|pokemonisfun has 25 seconds left this turn.
|inactive|pokemonisfun has 20 seconds left.
|
|t:|1667682670
|move|p2a: wishy bishy|Body Slam|p1a: Chansey
|-damage|p1a: Chansey|64/100
|-status|p1a: Chansey|par
|move|p1a: Chansey|Soft-Boiled|p1a: Chansey
|-heal|p1a: Chansey|100/100 par
|
|upkeep
|turn|108
|inactive|pokemonisfun has 30 seconds left this turn.
|
|t:|1667682676
|switch|p2a: megan the eggin|Chansey, F|92/100
|move|p1a: Chansey|Seismic Toss|p2a: megan the eggin
|-damage|p2a: megan the eggin|77/100
|
|upkeep
|turn|109
|inactive|pokemonisfun has 30 seconds left.
|
|t:|1667682689
|move|p2a: megan the eggin|Seismic Toss|p1a: Chansey
|-damage|p1a: Chansey|86/100 par
|move|p1a: Chansey|Stealth Rock|p2a: megan the eggin
|-sidestart|p2: pokemonisfun|move: Stealth Rock
|
|upkeep
|turn|110
|inactive|pokemonisfun has 30 seconds left.
|
|t:|1667682694
|switch|p2a: wishy bishy|Jirachi|99/100
|-damage|p2a: wishy bishy|92/100|[from] Stealth Rock
|move|p1a: Chansey|Toxic|p2a: wishy bishy
|-immune|p2a: wishy bishy
|
|upkeep
|turn|111
|
|t:|1667682700
|move|p2a: wishy bishy|Iron Head|p1a: Chansey
|-damage|p1a: Chansey|67/100 par
|cant|p1a: Chansey|flinch
|
|upkeep
|turn|112
|
|t:|1667682703
|move|p2a: wishy bishy|Iron Head|p1a: Chansey
|-damage|p1a: Chansey|49/100 par
|move|p1a: Chansey|Soft-Boiled|p1a: Chansey
|-heal|p1a: Chansey|99/100 par
|
|upkeep
|turn|113
|
|t:|1667682706
|move|p2a: wishy bishy|Iron Head|p1a: Chansey
|-damage|p1a: Chansey|82/100 par
|cant|p1a: Chansey|flinch
|
|upkeep
|turn|114
|
|t:|1667682708
|move|p2a: wishy bishy|Iron Head|p1a: Chansey
|-damage|p1a: Chansey|64/100 par
|cant|p1a: Chansey|flinch
|
|upkeep
|turn|115
|
|t:|1667682711
|move|p2a: wishy bishy|Iron Head|p1a: Chansey
|-damage|p1a: Chansey|45/100 par
|cant|p1a: Chansey|flinch
|
|upkeep
|turn|116
|
|t:|1667682715
|move|p2a: wishy bishy|Iron Head|p1a: Chansey
|-damage|p1a: Chansey|26/100 par
|cant|p1a: Chansey|flinch
|
|upkeep
|turn|117
|
|t:|1667682717
|move|p2a: wishy bishy|Iron Head|p1a: Chansey
|-damage|p1a: Chansey|7/100 par
|cant|p1a: Chansey|flinch
|
|upkeep
|turn|118
|c|☆KSt3ve|gg
|c|☆pokemonisfun|gg
|inactive|KSt3ve has 120 seconds left.
|-message|KSt3ve forfeited.
|
|win|pokemonisfun
