|inactive|Battle timer is ON: inactive players will automatically lose when time's up.
|t:|1654305511
|gametype|singles
|player|p1|BigFatMantis|faba|
|player|p2|Adaam|#uutrio2ladder|
|teamsize|p1|6
|teamsize|p2|6
|gen|8
|tier|[Gen 8] UU
|rule|Sleep Clause Mod: Limit one foe put to sleep
|rule|Species Clause: Limit one of each Pokémon
|rule|OHKO Clause: OHKO moves are banned
|rule|Evasion Moves Clause: Evasion moves are banned
|rule|Endless Battle Clause: Forcing endless battles is banned
|rule|HP Percentage Mod: HP is shown in percentages
|rule|Dynamax Clause: You cannot dynamax
|clearpoke
|poke|p1|Moltres|
|poke|p1|Vanilluxe, F|
|poke|p1|Hatterene, F|
|poke|p1|Hippowdon, F|
|poke|p1|Drapion, M|
|poke|p1|Tangrowth, F|
|poke|p2|Ditto|
|poke|p2|Hippowdon, M|
|poke|p2|Scizor, F|
|poke|p2|Salamence, M|
|poke|p2|Zarude-Dada|
|poke|p2|Slowking, M|
|teampreview
|c|☆Adaam|hf
|c|☆BigFatMantis|u2
|inactive|BigFatMantis has 270 seconds left.
|inactive|Adaam has 270 seconds left.
|c|+dingbat|bonk
|inactive|BigFatMantis has 240 seconds left.
|inactive|Adaam has 240 seconds left.
|inactive|BigFatMantis has 210 seconds left.
|inactive|BigFatMantis has 180 seconds left.
|
|t:|1654305641
|start
|switch|p1a: Hippowdon|Hippowdon, F|100/100
|switch|p2a: Hippowdon|Hippowdon, M|100/100
|-weather|Sandstorm|[from] ability: Sand Stream|[of] p1a: Hippowdon
|turn|1
|inactive|BigFatMantis has 240 seconds left.
|
|t:|1654305651
|move|p2a: Hippowdon|Toxic|p1a: Hippowdon
|-status|p1a: Hippowdon|tox
|move|p1a: Hippowdon|Stealth Rock|p2a: Hippowdon
|-sidestart|p2: Adaam|move: Stealth Rock
|
|-weather|Sandstorm|[upkeep]
|-damage|p1a: Hippowdon|94/100 tox|[from] psn
|upkeep
|turn|2
|
|t:|1654305664
|switch|p2a: Zarude|Zarude-Dada|100/100
|switch|p1a: Vanilluxe|Vanilluxe, F|100/100
|-weather|Hail|[from] ability: Snow Warning|[of] p1a: Vanilluxe
|
|-weather|Hail|[upkeep]
|-damage|p2a: Zarude|95/100|[from] Hail
|upkeep
|turn|3
|inactive|BigFatMantis has 240 seconds left.
|
|t:|1654305702
|switch|p2a: Slowking|Slowking, M|100/100
|-damage|p2a: Slowking|88/100|[from] Stealth Rock
|switch|p1a: Tangrowth|Tangrowth, F|100/100
|
|-weather|Hail|[upkeep]
|-damage|p1a: Tangrowth|94/100|[from] Hail
|-damage|p2a: Slowking|82/100|[from] Hail
|upkeep
|turn|4
|
|t:|1654305716
|switch|p2a: Salamence|Salamence, M|100/100
|-ability|p2a: Salamence|Intimidate|boost
|-unboost|p1a: Tangrowth|atk|1
|move|p1a: Tangrowth|Power Whip|p2a: Salamence|[miss]
|-miss|p1a: Tangrowth|p2a: Salamence
|
|-weather|Hail|[upkeep]
|-damage|p2a: Salamence|94/100|[from] Hail
|-damage|p1a: Tangrowth|88/100|[from] Hail
|upkeep
|turn|5
|inactive|BigFatMantis has 210 seconds left.
|
|t:|1654305737
|switch|p1a: Moltres|Moltres|100/100
|move|p2a: Salamence|Defog|p1a: Moltres
|-unboost|p1a: Moltres|evasion|1
|-sideend|p2: Adaam|Stealth Rock|[from] move: Defog|[of] p2a: Salamence
|
|-weather|Hail|[upkeep]
|-damage|p2a: Salamence|88/100|[from] Hail
|-damage|p1a: Moltres|94/100|[from] Hail
|upkeep
|turn|6
|
|t:|1654305745
|switch|p2a: Slowking|Slowking, M|100/100
|move|p1a: Moltres|Toxic|p2a: Slowking
|-status|p2a: Slowking|tox
|
|-weather|none
|-damage|p2a: Slowking|94/100 tox|[from] psn
|upkeep
|turn|7
|inactive|BigFatMantis has 210 seconds left.
|inactive|BigFatMantis has 180 seconds left.
|
|t:|1654305796
|switch|p1a: Tangrowth|Tangrowth, F|100/100
|move|p2a: Slowking|Scald|p1a: Tangrowth
|-resisted|p1a: Tangrowth
|-damage|p1a: Tangrowth|92/100
|
|-damage|p2a: Slowking|82/100 tox|[from] psn
|upkeep
|turn|8
|inactive|BigFatMantis has 180 seconds left.
|
|t:|1654305810
|switch|p2a: Scizor|Scizor, F|100/100
|move|p1a: Tangrowth|Knock Off|p2a: Scizor
|-damage|p2a: Scizor|79/100
|-enditem|p2a: Scizor|Safety Goggles|[from] move: Knock Off|[of] p1a: Tangrowth
|
|upkeep
|turn|9
|inactive|BigFatMantis has 180 seconds left.
|
|t:|1654305820
|switch|p1a: Moltres|Moltres|94/100
|move|p2a: Scizor|Knock Off|p1a: Moltres
|-damage|p1a: Moltres|70/100
|-enditem|p1a: Moltres|Heavy-Duty Boots|[from] move: Knock Off|[of] p2a: Scizor
|
|upkeep
|turn|10
|inactive|BigFatMantis has 180 seconds left.
|
|t:|1654305832
|switch|p1a: Vanilluxe|Vanilluxe, F|100/100
|-weather|Hail|[from] ability: Snow Warning|[of] p1a: Vanilluxe
|switch|p2a: Slowking|Slowking, M|100/100 tox
|
|-weather|Hail|[upkeep]
|-damage|p2a: Slowking|94/100 tox|[from] Hail
|-damage|p2a: Slowking|88/100 tox|[from] psn
|upkeep
|turn|11
|inactive|BigFatMantis has 180 seconds left.
|inactive|Adaam has 270 seconds left.
|
|t:|1654305862
|switch|p2a: Scizor|Scizor, F|79/100
|move|p1a: Vanilluxe|Freeze-Dry|p2a: Scizor
|-resisted|p2a: Scizor
|-damage|p2a: Scizor|60/100
|
|-weather|Hail|[upkeep]
|-damage|p2a: Scizor|54/100|[from] Hail
|upkeep
|turn|12
|
|t:|1654305876
|move|p1a: Vanilluxe|Taunt|p2a: Scizor
|-start|p2a: Scizor|move: Taunt
|cant|p2a: Scizor|move: Taunt|Roost
|
|-weather|Hail|[upkeep]
|-damage|p2a: Scizor|48/100|[from] Hail
|upkeep
|turn|13
|
|t:|1654305890
|switch|p1a: Moltres|Moltres|70/100
|switch|p2a: Slowking|Slowking, M|100/100 tox
|
|-weather|Hail|[upkeep]
|-damage|p1a: Moltres|64/100|[from] Hail
|-damage|p2a: Slowking|94/100 tox|[from] Hail
|-damage|p2a: Slowking|88/100 tox|[from] psn
|upkeep
|turn|14
|inactive|BigFatMantis has 150 seconds left.
|c|+pokemonisfun|adaam adaam is the best, adaam adaam will beat this test
|inactive|BigFatMantis has 120 seconds left.
|
|t:|1654305958
|move|p1a: Moltres|Mystical Fire|p2a: Slowking
|-resisted|p2a: Slowking
|-damage|p2a: Slowking|75/100 tox
|-unboost|p2a: Slowking|spa|1
|move|p2a: Slowking|Scald|p1a: Moltres
|-supereffective|p1a: Moltres
|-damage|p1a: Moltres|31/100
|
|-weather|none
|-damage|p2a: Slowking|62/100 tox|[from] psn
|upkeep
|turn|15
|inactive|Adaam has 270 seconds left.
|
|t:|1654305979
|switch|p2a: Hippowdon|Hippowdon, M|100/100
|-weather|Sandstorm|[from] ability: Sand Stream|[of] p2a: Hippowdon
|move|p1a: Moltres|Roost|p1a: Moltres
|-heal|p1a: Moltres|81/100
|-singleturn|p1a: Moltres|move: Roost
|
|-weather|Sandstorm|[upkeep]
|-damage|p1a: Moltres|74/100|[from] Sandstorm
|upkeep
|turn|16
|inactive|Adaam has 270 seconds left.
|
|t:|1654305997
|switch|p1a: Hippowdon|Hippowdon, F|94/100 tox
|switch|p2a: Slowking|Slowking, M|96/100 tox
|
|-weather|Sandstorm|[upkeep]
|-damage|p2a: Slowking|90/100 tox|[from] Sandstorm
|-damage|p1a: Hippowdon|88/100 tox|[from] psn
|-damage|p2a: Slowking|83/100 tox|[from] psn
|upkeep
|turn|17
|inactive|Adaam has 270 seconds left.
|inactive|BigFatMantis has 90 seconds left.
|
|t:|1654306029
|switch|p1a: Tangrowth|Tangrowth, F|100/100
|move|p2a: Slowking|Scald|p1a: Tangrowth
|-resisted|p1a: Tangrowth
|-damage|p1a: Tangrowth|92/100
|-status|p1a: Tangrowth|brn
|
|-weather|Sandstorm|[upkeep]
|-damage|p1a: Tangrowth|85/100 brn|[from] Sandstorm
|-damage|p2a: Slowking|77/100 tox|[from] Sandstorm
|-damage|p2a: Slowking|65/100 tox|[from] psn
|-damage|p1a: Tangrowth|79/100 brn|[from] brn
|upkeep
|turn|18
|inactive|BigFatMantis has 90 seconds left.
|
|t:|1654306055
|switch|p1a: Vanilluxe|Vanilluxe, F|100/100
|-weather|Hail|[from] ability: Snow Warning|[of] p1a: Vanilluxe
|switch|p2a: Scizor|Scizor, F|48/100
|
|-weather|Hail|[upkeep]
|-damage|p2a: Scizor|41/100|[from] Hail
|upkeep
|turn|19
|inactive|BigFatMantis has 60 seconds left.
|
|t:|1654306088
|switch|p1a: Moltres|Moltres|74/100
|move|p2a: Scizor|Roost|p2a: Scizor
|-heal|p2a: Scizor|91/100
|-singleturn|p2a: Scizor|move: Roost
|
|-weather|Hail|[upkeep]
|-damage|p1a: Moltres|68/100|[from] Hail
|-damage|p2a: Scizor|85/100|[from] Hail
|upkeep
|turn|20
|
|t:|1654306104
|switch|p2a: Slowking|Slowking, M|98/100 tox
|move|p1a: Moltres|Mystical Fire|p2a: Slowking
|-resisted|p2a: Slowking
|-damage|p2a: Slowking|86/100 tox
|-unboost|p2a: Slowking|spa|1
|
|-weather|Hail|[upkeep]
|-damage|p1a: Moltres|62/100|[from] Hail
|-damage|p2a: Slowking|79/100 tox|[from] Hail
|-damage|p2a: Slowking|73/100 tox|[from] psn
|upkeep
|turn|21
|inactive|BigFatMantis has 30 seconds left.
|
|t:|1654306138
|switch|p1a: Hatterene|Hatterene, F|100/100
|move|p2a: Slowking|Scald|p1a: Hatterene
|-damage|p1a: Hatterene|80/100
|-status|p1a: Hatterene|brn
|
|-weather|Hail|[upkeep]
|-damage|p2a: Slowking|67/100 tox|[from] Hail
|-damage|p1a: Hatterene|74/100 brn|[from] Hail
|-heal|p1a: Hatterene|80/100 brn|[from] item: Leftovers
|-damage|p2a: Slowking|55/100 tox|[from] psn
|-damage|p1a: Hatterene|74/100 brn|[from] brn
|upkeep
|turn|22
|inactive|BigFatMantis has 30 seconds left.
|
|t:|1654306148
|switch|p2a: Hippowdon|Hippowdon, M|100/100
|-weather|Sandstorm|[from] ability: Sand Stream|[of] p2a: Hippowdon
|move|p1a: Hatterene|Calm Mind|p1a: Hatterene
|-boost|p1a: Hatterene|spa|1
|-boost|p1a: Hatterene|spd|1
|
|-weather|Sandstorm|[upkeep]
|-damage|p1a: Hatterene|68/100 brn|[from] Sandstorm
|-heal|p1a: Hatterene|74/100 brn|[from] item: Leftovers
|-damage|p1a: Hatterene|68/100 brn|[from] brn
|upkeep
|turn|23
|
|t:|1654306153
|move|p2a: Hippowdon|Earthquake|p1a: Hatterene
|-damage|p1a: Hatterene|39/100 brn
|move|p1a: Hatterene|Draining Kiss|p2a: Hippowdon
|-damage|p2a: Hippowdon|74/100
|-heal|p1a: Hatterene|65/100 brn|[from] drain|[of] p2a: Hippowdon
|-damage|p1a: Hatterene|49/100 brn|[from] item: Rocky Helmet|[of] p2a: Hippowdon
|
|-weather|Sandstorm|[upkeep]
|-damage|p1a: Hatterene|43/100 brn|[from] Sandstorm
|-heal|p1a: Hatterene|49/100 brn|[from] item: Leftovers
|-damage|p1a: Hatterene|43/100 brn|[from] brn
|upkeep
|turn|24
|
|t:|1654306161
|move|p2a: Hippowdon|Earthquake|p1a: Hatterene
|-damage|p1a: Hatterene|12/100 brn
|move|p1a: Hatterene|Draining Kiss|p2a: Hippowdon
|-damage|p2a: Hippowdon|45/100
|-heal|p1a: Hatterene|41/100 brn|[from] drain|[of] p2a: Hippowdon
|-damage|p1a: Hatterene|24/100 brn|[from] item: Rocky Helmet|[of] p2a: Hippowdon
|
|-weather|Sandstorm|[upkeep]
|-damage|p1a: Hatterene|18/100 brn|[from] Sandstorm
|-heal|p1a: Hatterene|24/100 brn|[from] item: Leftovers
|-damage|p1a: Hatterene|18/100 brn|[from] brn
|upkeep
|turn|25
|
|t:|1654306169
|move|p2a: Hippowdon|Slack Off|p2a: Hippowdon
|-heal|p2a: Hippowdon|95/100
|move|p1a: Hatterene|Draining Kiss|p2a: Hippowdon
|-damage|p2a: Hippowdon|65/100
|-heal|p1a: Hatterene|47/100 brn|[from] drain|[of] p2a: Hippowdon
|-damage|p1a: Hatterene|30/100 brn|[from] item: Rocky Helmet|[of] p2a: Hippowdon
|
|-weather|Sandstorm|[upkeep]
|-damage|p1a: Hatterene|24/100 brn|[from] Sandstorm
|-heal|p1a: Hatterene|30/100 brn|[from] item: Leftovers
|-damage|p1a: Hatterene|24/100 brn|[from] brn
|upkeep
|turn|26
|
|t:|1654306179
|move|p2a: Hippowdon|Earthquake|p1a: Hatterene
|-damage|p1a: Hatterene|0 fnt
|faint|p1a: Hatterene
|
|-weather|none
|upkeep
|
|t:|1654306181
|switch|p1a: Vanilluxe|Vanilluxe, F|100/100
|-weather|Hail|[from] ability: Snow Warning|[of] p1a: Vanilluxe
|turn|27
|
|t:|1654306188
|switch|p2a: Slowking|Slowking, M|88/100 tox
|move|p1a: Vanilluxe|Blizzard|p2a: Slowking
|-resisted|p2a: Slowking
|-damage|p2a: Slowking|65/100 tox
|
|-weather|Hail|[upkeep]
|-damage|p2a: Slowking|59/100 tox|[from] Hail
|-damage|p2a: Slowking|53/100 tox|[from] psn
|upkeep
|turn|28
|inactive|BigFatMantis has 60 seconds left.
|
|t:|1654306205
|switch|p2a: Ditto|Ditto|100/100
|-transform|p2a: Ditto|p1a: Vanilluxe|[from] ability: Imposter
|move|p1a: Vanilluxe|Blizzard|p2a: Ditto
|-resisted|p2a: Ditto
|-damage|p2a: Ditto|63/100
|
|-weather|Hail|[upkeep]
|upkeep
|turn|29
|inactive|BigFatMantis has 60 seconds left.
|
|t:|1654306215
|move|p2a: Ditto|Blizzard|p1a: Vanilluxe
|-resisted|p1a: Vanilluxe
|-damage|p1a: Vanilluxe|68/100
|move|p1a: Vanilluxe|Blizzard|p2a: Ditto
|-resisted|p2a: Ditto
|-damage|p2a: Ditto|25/100
|
|-weather|Hail|[upkeep]
|upkeep
|turn|30
|inactive|BigFatMantis has 60 seconds left.
|
|t:|1654306224
|move|p2a: Ditto|Blizzard|p1a: Vanilluxe
|-resisted|p1a: Vanilluxe
|-damage|p1a: Vanilluxe|39/100
|move|p1a: Vanilluxe|Blizzard|p2a: Ditto
|-resisted|p2a: Ditto
|-damage|p2a: Ditto|0 fnt
|faint|p2a: Ditto
|
|-weather|Hail|[upkeep]
|upkeep
|
|t:|1654306229
|switch|p2a: Zarude|Zarude-Dada|95/100
|turn|31
|c|☆Adaam|ice shard last
|inactive|BigFatMantis has 60 seconds left.
|
|t:|1654306273
|switch|p1a: Tangrowth|Tangrowth, F|100/100 brn
|move|p2a: Zarude|Darkest Lariat|p1a: Tangrowth
|-damage|p1a: Tangrowth|71/100 brn
|
|-weather|none
|-damage|p1a: Tangrowth|65/100 brn|[from] brn
|upkeep
|turn|32
|c|+itsjustdrew|tell me ditto didnt die in vain
|
|t:|1654306287
|move|p2a: Zarude|U-turn|p1a: Tangrowth
|-supereffective|p1a: Tangrowth
|-damage|p1a: Tangrowth|32/100 brn
|
|t:|1654306290
|switch|p2a: Hippowdon|Hippowdon, M|65/100|[from]move: U-turn
|-weather|Sandstorm|[from] ability: Sand Stream|[of] p2a: Hippowdon
|move|p1a: Tangrowth|Focus Blast|p2a: Hippowdon
|-crit|p2a: Hippowdon
|-damage|p2a: Hippowdon|27/100
|-unboost|p2a: Hippowdon|spd|1
|
|-weather|Sandstorm|[upkeep]
|-damage|p1a: Tangrowth|26/100 brn|[from] Sandstorm
|-damage|p1a: Tangrowth|20/100 brn|[from] brn
|upkeep
|turn|33
|inactive|BigFatMantis has 30 seconds left.
|
|t:|1654306314
|switch|p1a: Vanilluxe|Vanilluxe, F|39/100
|-weather|Hail|[from] ability: Snow Warning|[of] p1a: Vanilluxe
|move|p2a: Hippowdon|Slack Off|p2a: Hippowdon
|-heal|p2a: Hippowdon|77/100
|
|-weather|Hail|[upkeep]
|-damage|p2a: Hippowdon|71/100|[from] Hail
|upkeep
|turn|34
|inactive|BigFatMantis has 30 seconds left.
|
|t:|1654306332
|switch|p2a: Slowking|Slowking, M|87/100 tox
|move|p1a: Vanilluxe|Freeze-Dry|p2a: Slowking
|-supereffective|p2a: Slowking
|-damage|p2a: Slowking|28/100 tox
|
|-weather|Hail|[upkeep]
|-damage|p2a: Slowking|22/100 tox|[from] Hail
|-damage|p2a: Slowking|16/100 tox|[from] psn
|upkeep
|turn|35
|
|t:|1654306341
|switch|p2a: Scizor|Scizor, F|85/100
|move|p1a: Vanilluxe|Blizzard|p2a: Scizor
|-resisted|p2a: Scizor
|-damage|p2a: Scizor|53/100
|
|-weather|Hail|[upkeep]
|-damage|p2a: Scizor|47/100|[from] Hail
|upkeep
|turn|36
|
|t:|1654306351
|switch|p1a: Moltres|Moltres|62/100
|move|p2a: Scizor|Roost|p2a: Scizor
|-heal|p2a: Scizor|97/100
|-singleturn|p2a: Scizor|move: Roost
|
|-weather|Hail|[upkeep]
|-damage|p1a: Moltres|56/100|[from] Hail
|-damage|p2a: Scizor|91/100|[from] Hail
|upkeep
|turn|37
|
|t:|1654306367
|switch|p2a: Salamence|Salamence, M|88/100
|-ability|p2a: Salamence|Intimidate|boost
|-unboost|p1a: Moltres|atk|1
|move|p1a: Moltres|Roost|p1a: Moltres
|-heal|p1a: Moltres|100/100
|-singleturn|p1a: Moltres|move: Roost
|
|-weather|none
|upkeep
|turn|38
|
|t:|1654306373
|switch|p2a: Slowking|Slowking, M|49/100 tox
|move|p1a: Moltres|Toxic|p2a: Slowking
|-fail|p2a: Slowking|tox
|
|-damage|p2a: Slowking|43/100 tox|[from] psn
|upkeep
|turn|39
|
|t:|1654306392
|switch|p1a: Drapion|Drapion, M|100/100
|move|p2a: Slowking|Slack Off|p2a: Slowking
|-heal|p2a: Slowking|93/100 tox
|
|-damage|p2a: Slowking|81/100 tox|[from] psn
|upkeep
|turn|40
|
|t:|1654306408
|switch|p2a: Hippowdon|Hippowdon, M|71/100
|-weather|Sandstorm|[from] ability: Sand Stream|[of] p2a: Hippowdon
|move|p1a: Drapion|Swords Dance|p1a: Drapion
|-boost|p1a: Drapion|atk|2
|
|-weather|Sandstorm|[upkeep]
|-damage|p1a: Drapion|94/100|[from] Sandstorm
|-heal|p1a: Drapion|100/100|[from] item: Black Sludge
|upkeep
|turn|41
|
|t:|1654306417
|move|p1a: Drapion|Aqua Tail|p2a: Hippowdon
|-supereffective|p2a: Hippowdon
|-damage|p2a: Hippowdon|13/100
|-damage|p1a: Drapion|84/100|[from] item: Rocky Helmet|[of] p2a: Hippowdon
|move|p2a: Hippowdon|Earthquake|p1a: Drapion
|-supereffective|p1a: Drapion
|-damage|p1a: Drapion|3/100
|
|-weather|Sandstorm|[upkeep]
|-damage|p1a: Drapion|0 fnt|[from] Sandstorm
|faint|p1a: Drapion
|upkeep
|c|+dingbat|yum?
|
|t:|1654306435
|switch|p1a: Vanilluxe|Vanilluxe, F|39/100
|-weather|Hail|[from] ability: Snow Warning|[of] p1a: Vanilluxe
|turn|42
|c|+avg|yes dingbat ice cream is delicious
|
|t:|1654306464
|switch|p2a: Scizor|Scizor, F|91/100
|move|p1a: Vanilluxe|Blizzard|p2a: Scizor
|-resisted|p2a: Scizor
|-damage|p2a: Scizor|57/100
|-status|p2a: Scizor|frz
|
|-weather|Hail|[upkeep]
|-damage|p2a: Scizor|50/100 frz|[from] Hail
|upkeep
|turn|43
|
|t:|1654306481
|-curestatus|p2a: Scizor|frz|[msg]
|move|p2a: Scizor|Bullet Punch|p1a: Vanilluxe
|-supereffective|p1a: Vanilluxe
|-damage|p1a: Vanilluxe|0 fnt
|faint|p1a: Vanilluxe
|
|-weather|Hail|[upkeep]
|-damage|p2a: Scizor|44/100|[from] Hail
|upkeep
|inactive|BigFatMantis has 30 seconds left.
|c|☆BigFatMantis|maybe it was better for me if that didn't freeze
|c|+avg|society when
|inactive|BigFatMantis has 20 seconds left.
|c|☆Adaam|should have gone molt regardless
|
|t:|1654306504
|switch|p1a: Moltres|Moltres|100/100
|turn|44
|inactive|BigFatMantis has 30 seconds left this turn.
|inactive|BigFatMantis has 20 seconds left.
|c|+NoahDeKnight|hi pif
|
|t:|1654306517
|switch|p2a: Slowking|Slowking, M|100/100 tox
|move|p1a: Moltres|Mystical Fire|p2a: Slowking
|-resisted|p2a: Slowking
|-damage|p2a: Slowking|89/100 tox
|-unboost|p2a: Slowking|spa|1
|
|-weather|Hail|[upkeep]
|-damage|p1a: Moltres|94/100|[from] Hail
|-damage|p2a: Slowking|83/100 tox|[from] Hail
|-damage|p2a: Slowking|77/100 tox|[from] psn
|upkeep
|turn|45
|inactive|BigFatMantis has 30 seconds left this turn.
|c|+NoahDeKnight|and everyone else in here
|inactive|BigFatMantis has 20 seconds left.
|
|t:|1654306530
|move|p1a: Moltres|Mystical Fire|p2a: Slowking
|-resisted|p2a: Slowking
|-damage|p2a: Slowking|64/100 tox
|-unboost|p2a: Slowking|spa|1
|move|p2a: Slowking|Slack Off|p2a: Slowking
|-heal|p2a: Slowking|100/100 tox
|
|-weather|Hail|[upkeep]
|-damage|p1a: Moltres|88/100|[from] Hail
|-damage|p2a: Slowking|94/100 tox|[from] Hail
|-damage|p2a: Slowking|82/100 tox|[from] psn
|upkeep
|turn|46
|inactive|BigFatMantis has 30 seconds left this turn.
|inactive|BigFatMantis has 20 seconds left.
|c|+pokemonisfun|gmc noah
|
|t:|1654306543
|switch|p1a: Tangrowth|Tangrowth, F|53/100 brn
|switch|p2a: Salamence|Salamence, M|88/100
|-ability|p2a: Salamence|Intimidate|boost
|-unboost|p1a: Tangrowth|atk|1
|
|-weather|none
|-damage|p1a: Tangrowth|47/100 brn|[from] brn
|upkeep
|turn|47
|inactive|BigFatMantis has 30 seconds left this turn.
|
|t:|1654306554
|switch|p1a: Hippowdon|Hippowdon, F|88/100 tox
|-weather|Sandstorm|[from] ability: Sand Stream|[of] p1a: Hippowdon
|move|p2a: Salamence|Flamethrower|p1a: Hippowdon
|-damage|p1a: Hippowdon|72/100 tox
|
|-weather|Sandstorm|[upkeep]
|-damage|p2a: Salamence|82/100|[from] Sandstorm
|-damage|p1a: Hippowdon|65/100 tox|[from] psn
|upkeep
|turn|48
|inactive|BigFatMantis has 30 seconds left.
|
|t:|1654306563
|move|p2a: Salamence|Flamethrower|p1a: Hippowdon
|-damage|p1a: Hippowdon|48/100 tox
|move|p1a: Hippowdon|Stealth Rock|p2a: Salamence
|-sidestart|p2: Adaam|move: Stealth Rock
|
|-weather|Sandstorm|[upkeep]
|-damage|p2a: Salamence|76/100|[from] Sandstorm
|-damage|p1a: Hippowdon|36/100 tox|[from] psn
|upkeep
|turn|49
|inactive|BigFatMantis has 30 seconds left.
|
|t:|1654306573
|switch|p1a: Moltres|Moltres|88/100
|move|p2a: Salamence|Flamethrower|p1a: Moltres
|-resisted|p1a: Moltres
|-damage|p1a: Moltres|79/100
|
|-weather|Sandstorm|[upkeep]
|-damage|p2a: Salamence|70/100|[from] Sandstorm
|-damage|p1a: Moltres|73/100|[from] Sandstorm
|upkeep
|turn|50
|
|t:|1654306580
|move|p2a: Salamence|Defog|p1a: Moltres
|-unboost|p1a: Moltres|evasion|1
|-sideend|p2: Adaam|Stealth Rock|[from] move: Defog|[of] p2a: Salamence
|move|p1a: Moltres|Toxic|p2a: Salamence
|-status|p2a: Salamence|tox
|
|-weather|Sandstorm|[upkeep]
|-damage|p2a: Salamence|64/100 tox|[from] Sandstorm
|-damage|p1a: Moltres|67/100|[from] Sandstorm
|-damage|p2a: Salamence|58/100 tox|[from] psn
|upkeep
|turn|51
|
|t:|1654306588
|move|p2a: Salamence|Roost|p2a: Salamence
|-heal|p2a: Salamence|100/100 tox
|-singleturn|p2a: Salamence|move: Roost
|move|p1a: Moltres|Roost|p1a: Moltres
|-heal|p1a: Moltres|100/100
|-singleturn|p1a: Moltres|move: Roost
|
|-weather|none
|-damage|p2a: Salamence|88/100 tox|[from] psn
|upkeep
|turn|52
|
|t:|1654306593
|switch|p2a: Slowking|Slowking, M|100/100 tox
|move|p1a: Moltres|Mystical Fire|p2a: Slowking
|-resisted|p2a: Slowking
|-damage|p2a: Slowking|87/100 tox
|-unboost|p2a: Slowking|spa|1
|
|-damage|p2a: Slowking|81/100 tox|[from] psn
|upkeep
|turn|53
|inactive|BigFatMantis has 60 seconds left.
|
|t:|1654306601
|move|p1a: Moltres|Mystical Fire|p2a: Slowking
|-resisted|p2a: Slowking
|-damage|p2a: Slowking|69/100 tox
|-unboost|p2a: Slowking|spa|1
|move|p2a: Slowking|Scald|p1a: Moltres
|-supereffective|p1a: Moltres
|-damage|p1a: Moltres|77/100
|
|-damage|p2a: Slowking|57/100 tox|[from] psn
|upkeep
|turn|54
|inactive|BigFatMantis has 60 seconds left.
|
|t:|1654306612
|switch|p1a: Hippowdon|Hippowdon, F|36/100 tox
|-weather|Sandstorm|[from] ability: Sand Stream|[of] p1a: Hippowdon
|switch|p2a: Salamence|Salamence, M|88/100 tox
|-ability|p2a: Salamence|Intimidate|boost
|-unboost|p1a: Hippowdon|atk|1
|
|-weather|Sandstorm|[upkeep]
|-damage|p2a: Salamence|82/100 tox|[from] Sandstorm
|-damage|p2a: Salamence|76/100 tox|[from] psn
|-damage|p1a: Hippowdon|30/100 tox|[from] psn
|upkeep
|turn|55
|inactive|BigFatMantis has 60 seconds left.
|
|t:|1654306624
|switch|p2a: Scizor|Scizor, F|44/100
|move|p1a: Hippowdon|Slack Off|p1a: Hippowdon
|-heal|p1a: Hippowdon|80/100 tox
|
|-weather|Sandstorm|[upkeep]
|-damage|p1a: Hippowdon|67/100 tox|[from] psn
|upkeep
|turn|56
|
|t:|1654306630
|move|p2a: Scizor|Roost|p2a: Scizor
|-heal|p2a: Scizor|94/100
|-singleturn|p2a: Scizor|move: Roost
|move|p1a: Hippowdon|Stealth Rock|p2a: Scizor
|-sidestart|p2: Adaam|move: Stealth Rock
|
|-weather|Sandstorm|[upkeep]
|-damage|p1a: Hippowdon|49/100 tox|[from] psn
|upkeep
|turn|57
|
|t:|1654306635
|switch|p2a: Salamence|Salamence, M|76/100 tox
|-ability|p2a: Salamence|Intimidate|boost
|-unboost|p1a: Hippowdon|atk|1
|switch|p1a: Moltres|Moltres|77/100
|
|-weather|Sandstorm|[upkeep]
|-damage|p2a: Salamence|70/100 tox|[from] Sandstorm
|-damage|p1a: Moltres|71/100|[from] Sandstorm
|-damage|p2a: Salamence|64/100 tox|[from] psn
|upkeep
|turn|58
|inactive|BigFatMantis has 60 seconds left.
|
|t:|1654306676
|switch|p1a: Tangrowth|Tangrowth, F|80/100 brn
|move|p2a: Salamence|Defog|p1a: Tangrowth
|-unboost|p1a: Tangrowth|evasion|1
|-sideend|p2: Adaam|Stealth Rock|[from] move: Defog|[of] p2a: Salamence
|
|-weather|none
|-damage|p2a: Salamence|52/100 tox|[from] psn
|-damage|p1a: Tangrowth|74/100 brn|[from] brn
|upkeep
|turn|59
|
|t:|1654306697
|move|p2a: Salamence|Roost|p2a: Salamence
|-heal|p2a: Salamence|100/100 tox
|-singleturn|p2a: Salamence|move: Roost
|move|p1a: Tangrowth|Sludge Bomb|p2a: Salamence
|-damage|p2a: Salamence|77/100 tox
|
|-damage|p2a: Salamence|59/100 tox|[from] psn
|-damage|p1a: Tangrowth|68/100 brn|[from] brn
|upkeep
|turn|60
|
|t:|1654306706
|switch|p2a: Slowking|Slowking, M|90/100 tox
|move|p1a: Tangrowth|Focus Blast|p2a: Slowking|[miss]
|-miss|p1a: Tangrowth|p2a: Slowking
|
|-damage|p2a: Slowking|84/100 tox|[from] psn
|-damage|p1a: Tangrowth|62/100 brn|[from] brn
|upkeep
|turn|61
|
|t:|1654306712
|move|p1a: Tangrowth|Power Whip|p2a: Slowking
|-supereffective|p2a: Slowking
|-damage|p2a: Slowking|53/100 tox
|move|p2a: Slowking|Psyshock|p1a: Tangrowth
|-damage|p1a: Tangrowth|44/100 brn
|
|-damage|p2a: Slowking|41/100 tox|[from] psn
|-damage|p1a: Tangrowth|37/100 brn|[from] brn
|upkeep
|turn|62
|inactive|BigFatMantis has 60 seconds left.
|
|t:|1654306726
|switch|p1a: Hippowdon|Hippowdon, F|49/100 tox
|-weather|Sandstorm|[from] ability: Sand Stream|[of] p1a: Hippowdon
|switch|p2a: Salamence|Salamence, M|59/100 tox
|-ability|p2a: Salamence|Intimidate|boost
|-unboost|p1a: Hippowdon|atk|1
|
|-weather|Sandstorm|[upkeep]
|-damage|p2a: Salamence|53/100 tox|[from] Sandstorm
|-damage|p2a: Salamence|47/100 tox|[from] psn
|-damage|p1a: Hippowdon|43/100 tox|[from] psn
|upkeep
|turn|63
|inactive|BigFatMantis has 60 seconds left.
|
|t:|1654306749
|switch|p2a: Zarude|Zarude-Dada|95/100
|move|p1a: Hippowdon|Slack Off|p1a: Hippowdon
|-heal|p1a: Hippowdon|93/100 tox
|
|-weather|Sandstorm|[upkeep]
|-damage|p2a: Zarude|89/100|[from] Sandstorm
|-damage|p1a: Hippowdon|80/100 tox|[from] psn
|upkeep
|turn|64
|inactive|BigFatMantis has 60 seconds left.
|
|t:|1654306759
|switch|p1a: Tangrowth|Tangrowth, F|71/100 brn
|move|p2a: Zarude|Darkest Lariat|p1a: Tangrowth
|-damage|p1a: Tangrowth|43/100 brn
|
|-weather|Sandstorm|[upkeep]
|-damage|p2a: Zarude|83/100|[from] Sandstorm
|-damage|p1a: Tangrowth|37/100 brn|[from] Sandstorm
|-damage|p1a: Tangrowth|30/100 brn|[from] brn
|upkeep
|turn|65
|inactive|BigFatMantis has 60 seconds left.
|inactive|Adaam has 270 seconds left.
|
|t:|1654306780
|switch|p1a: Moltres|Moltres|71/100
|move|p2a: Zarude|Darkest Lariat|p1a: Moltres
|-damage|p1a: Moltres|35/100
|-status|p2a: Zarude|brn|[from] ability: Flame Body|[of] p1a: Moltres
|
|-weather|Sandstorm|[upkeep]
|-damage|p2a: Zarude|77/100 brn|[from] Sandstorm
|-damage|p1a: Moltres|28/100|[from] Sandstorm
|-damage|p2a: Zarude|71/100 brn|[from] brn
|upkeep
|turn|66
|
|t:|1654306788
|move|p2a: Zarude|Jungle Healing|p2a: Zarude
|-heal|p2a: Zarude|96/100 brn
|-curestatus|p2a: Zarude|brn|[msg]
|move|p1a: Moltres|Roost|p1a: Moltres
|-heal|p1a: Moltres|78/100
|-singleturn|p1a: Moltres|move: Roost
|
|-weather|none
|upkeep
|turn|67
|inactive|BigFatMantis has 60 seconds left.
|
|t:|1654306803
|switch|p2a: Slowking|Slowking, M|74/100 tox
|move|p1a: Moltres|Mystical Fire|p2a: Slowking
|-resisted|p2a: Slowking
|-damage|p2a: Slowking|63/100 tox
|-unboost|p2a: Slowking|spa|1
|
|-damage|p2a: Slowking|57/100 tox|[from] psn
|upkeep
|turn|68
|
|t:|1654306812
|switch|p1a: Hippowdon|Hippowdon, F|80/100 tox
|-weather|Sandstorm|[from] ability: Sand Stream|[of] p1a: Hippowdon
|switch|p2a: Salamence|Salamence, M|47/100 tox
|-ability|p2a: Salamence|Intimidate|boost
|-unboost|p1a: Hippowdon|atk|1
|
|-weather|Sandstorm|[upkeep]
|-damage|p2a: Salamence|41/100 tox|[from] Sandstorm
|-damage|p2a: Salamence|35/100 tox|[from] psn
|-damage|p1a: Hippowdon|74/100 tox|[from] psn
|upkeep
|turn|69
|
|t:|1654306824
|move|p2a: Salamence|Roost|p2a: Salamence
|-heal|p2a: Salamence|85/100 tox
|-singleturn|p2a: Salamence|move: Roost
|move|p1a: Hippowdon|Stealth Rock|p2a: Salamence
|-sidestart|p2: Adaam|move: Stealth Rock
|
|-weather|Sandstorm|[upkeep]
|-damage|p2a: Salamence|79/100 tox|[from] Sandstorm
|-damage|p2a: Salamence|66/100 tox|[from] psn
|-damage|p1a: Hippowdon|62/100 tox|[from] psn
|upkeep
|turn|70
|
|t:|1654306833
|switch|p2a: Zarude|Zarude-Dada|96/100
|move|p1a: Hippowdon|Stone Edge|p2a: Zarude
|-damage|p2a: Zarude|81/100
|
|-weather|Sandstorm|[upkeep]
|-damage|p2a: Zarude|75/100|[from] Sandstorm
|-damage|p1a: Hippowdon|43/100 tox|[from] psn
|upkeep
|turn|71
|
|t:|1654306844
|switch|p1a: Moltres|Moltres|78/100
|move|p2a: Zarude|Darkest Lariat|p1a: Moltres
|-damage|p1a: Moltres|41/100
|
|-weather|Sandstorm|[upkeep]
|-damage|p2a: Zarude|69/100|[from] Sandstorm
|-damage|p1a: Moltres|34/100|[from] Sandstorm
|upkeep
|turn|72
|c|☆BigFatMantis|alr gg
|c|☆Adaam|gg
|-message|BigFatMantis forfeited.
|
|win|Adaam
