|inactive|Battle timer is ON: inactive players will automatically lose when time's up.
|t:|1660529841
|gametype|singles
|player|p1|udongirl|#bltviiiturtwigs|
|player|p2|ausma|#ausma|
|teamsize|p1|6
|teamsize|p2|6
|gen|8
|tier|[Gen 8] UU
|rule|Sleep Clause Mod: Limit one foe put to sleep
|rule|Species Clause: Limit one of each Pokémon
|rule|OHKO Clause: OHKO moves are banned
|rule|Evasion Moves Clause: Evasion moves are banned
|rule|Endless Battle Clause: Forcing endless battles is banned
|rule|HP Percentage Mod: HP is shown in percentages
|rule|Dynamax Clause: You cannot dynamax
|clearpoke
|poke|p1|Salamence, F|
|poke|p1|Rotom-Wash|
|poke|p1|Hatterene, F|
|poke|p1|Cobalion|
|poke|p1|Tangrowth, M|
|poke|p1|Diggersby, F|
|poke|p2|Tornadus, M|
|poke|p2|Excadrill, M|
|poke|p2|Primarina, F|
|poke|p2|Skarmory, F|
|poke|p2|Hydreigon, M|
|poke|p2|Amoonguss, M|
|teampreview
|c|☆udongirl|hf
|c|☆ausma|hf
|c|+pokemonisfun|UDON UDON UDON IS THE DON THE DON THE DON
|c|+pokemonisfun|GO LAPRAS
|c|~TPP|LETS GO AUSMA
|inactive|udongirl has 270 seconds left.
|inactive|ausma has 270 seconds left.
|inactive|ausma has 240 seconds left.
|c|+Sage|connie clutch
|c|+Unowndragon|GO UDON！
|inactive|ausma has 210 seconds left.
|
|t:|1660529950
|start
|switch|p1a: Salamence|Salamence, F|100/100
|switch|p2a: dirtmouth|Excadrill, M|100/100
|-ability|p2a: dirtmouth|Mold Breaker
|-ability|p1a: Salamence|Intimidate|boost
|-unboost|p2a: dirtmouth|atk|1
|turn|1
|
|t:|1660529969
|move|p2a: dirtmouth|Toxic|p1a: Salamence
|-status|p1a: Salamence|tox
|move|p1a: Salamence|Hurricane|p2a: dirtmouth
|-resisted|p2a: dirtmouth
|-damage|p2a: dirtmouth|63/100
|
|-heal|p2a: dirtmouth|69/100|[from] item: Leftovers
|-damage|p1a: Salamence|94/100 tox|[from] psn
|upkeep
|turn|2
|inactive|ausma has 240 seconds left.
|c|+hariyana grande|go ausma oh my god woooo!!!
|
|t:|1660530017
|switch|p1a: Tangrowth|Tangrowth, M|100/100
|move|p2a: dirtmouth|Stealth Rock|p1a: Tangrowth
|-sidestart|p1: udongirl|move: Stealth Rock
|
|-heal|p2a: dirtmouth|75/100|[from] item: Leftovers
|upkeep
|turn|3
|inactive|ausma has 210 seconds left.
|c|+KM|GO AUSMA ~:)
|
|t:|1660530045
|switch|p2a: fungal wastes|Amoonguss, M|100/100
|move|p1a: Tangrowth|Knock Off|p2a: fungal wastes
|-damage|p2a: fungal wastes|85/100
|-enditem|p2a: fungal wastes|Eject Button|[from] move: Knock Off|[of] p1a: Tangrowth
|
|upkeep
|turn|4
|inactive|ausma has 210 seconds left.
|inactive|udongirl has 270 seconds left.
|
|t:|1660530084
|move|p1a: Tangrowth|Sludge Bomb|p2a: fungal wastes
|-damage|p2a: fungal wastes|64/100
|move|p2a: fungal wastes|Spore|p1a: Tangrowth
|-immune|p1a: Tangrowth
|
|upkeep
|turn|5
|
|t:|1660530102
|move|p1a: Tangrowth|Sludge Bomb|p2a: fungal wastes
|-damage|p2a: fungal wastes|42/100
|move|p2a: fungal wastes|Sludge Bomb|p1a: Tangrowth
|-supereffective|p1a: Tangrowth
|-damage|p1a: Tangrowth|69/100
|
|upkeep
|turn|6
|inactive|ausma has 210 seconds left.
|inactive|udongirl has 240 seconds left.
|inactive|ausma has 180 seconds left.
|inactive|udongirl has 210 seconds left.
|c|+NoahDeKnight|This game gonna be good
|inactive|udongirl has 180 seconds left.
|
|t:|1660530204
|switch|p1a: Rotom|Rotom-Wash|100/100
|switch|p2a: white palace|Skarmory, F|100/100
|
|upkeep
|turn|7
|inactive|ausma has 180 seconds left.
|
|t:|1660530221
|switch|p2a: ancient basin|Hydreigon, M|100/100
|move|p1a: Rotom|Defog|p2a: ancient basin
|-unboost|p2a: ancient basin|evasion|1
|-sideend|p1: udongirl|Stealth Rock|[from] move: Defog|[of] p1a: Rotom
|
|upkeep
|turn|8
|inactive|ausma has 180 seconds left.
|inactive|ausma has 150 seconds left.
|
|t:|1660530263
|switch|p1a: Tangrowth|Tangrowth, M|100/100
|move|p2a: ancient basin|U-turn|p1a: Tangrowth
|-supereffective|p1a: Tangrowth
|-damage|p1a: Tangrowth|80/100
|
|t:|1660530269
|switch|p2a: fungal wastes|Amoonguss, M|76/100|[from]move: U-turn
|
|upkeep
|turn|9
|
|t:|1660530279
|switch|p1a: Salamence|Salamence, F|94/100 tox
|-ability|p1a: Salamence|Intimidate|boost
|-unboost|p2a: fungal wastes|atk|1
|move|p2a: fungal wastes|Sludge Bomb|p1a: Salamence
|-damage|p1a: Salamence|64/100 tox
|
|-damage|p1a: Salamence|58/100 tox|[from] psn
|upkeep
|turn|10
|inactive|ausma has 150 seconds left.
|inactive|ausma has 120 seconds left.
|inactive|ausma has 90 seconds left.
|
|t:|1660530363
|switch|p2a: queen's gardens|Primarina, F|100/100
|move|p1a: Salamence|Hurricane|p2a: queen's gardens
|-damage|p2a: queen's gardens|49/100
|
|-heal|p2a: queen's gardens|55/100|[from] item: Leftovers
|-damage|p1a: Salamence|46/100 tox|[from] psn
|upkeep
|turn|11
|inactive|ausma has 90 seconds left.
|inactive|udongirl has 150 seconds left.
|inactive|ausma has 60 seconds left.
|inactive|udongirl has 120 seconds left.
|
|t:|1660530438
|switch|p1a: Tangrowth|Tangrowth, M|100/100
|move|p2a: queen's gardens|Moonblast|p1a: Tangrowth
|-damage|p1a: Tangrowth|77/100
|
|-heal|p2a: queen's gardens|61/100|[from] item: Leftovers
|upkeep
|turn|12
|inactive|udongirl has 120 seconds left.
|
|t:|1660530446
|switch|p2a: fungal wastes|Amoonguss, M|100/100
|switch|p1a: Salamence|Salamence, F|46/100 tox
|-ability|p1a: Salamence|Intimidate|boost
|-unboost|p2a: fungal wastes|atk|1
|
|-damage|p1a: Salamence|39/100 tox|[from] psn
|upkeep
|turn|13
|
|t:|1660530463
|switch|p2a: queen's gardens|Primarina, F|61/100
|move|p1a: Salamence|Roost|p1a: Salamence
|-heal|p1a: Salamence|90/100 tox
|-singleturn|p1a: Salamence|move: Roost
|
|-heal|p2a: queen's gardens|67/100|[from] item: Leftovers
|-damage|p1a: Salamence|78/100 tox|[from] psn
|upkeep
|turn|14
|inactive|ausma has 30 seconds left.
|inactive|ausma has 20 seconds left.
|inactive|ausma has 15 seconds left.
|inactive|ausma has 10 seconds left.
|
|t:|1660530504
|switch|p1a: Tangrowth|Tangrowth, M|100/100
|move|p2a: queen's gardens|Scald|p1a: Tangrowth
|-resisted|p1a: Tangrowth
|-damage|p1a: Tangrowth|91/100
|
|-heal|p2a: queen's gardens|73/100|[from] item: Leftovers
|upkeep
|turn|15
|inactive|ausma has 20 seconds left this turn.
|c|+Luthier|hi mncmt
|inactive|udongirl has 120 seconds left.
|inactive|ausma has 15 seconds left.
|
|t:|1660530538
|switch|p2a: fungal wastes|Amoonguss, M|100/100
|move|p1a: Tangrowth|Knock Off|p2a: fungal wastes
|-crit|p2a: fungal wastes
|-damage|p2a: fungal wastes|83/100
|
|upkeep
|turn|16
|inactive|ausma has 25 seconds left this turn.
|inactive|ausma has 20 seconds left.
|
|t:|1660530548
|switch|p1a: Cobalion|Cobalion|100/100
|move|p2a: fungal wastes|Sludge Bomb|p1a: Cobalion
|-immune|p1a: Cobalion
|
|upkeep
|turn|17
|inactive|ausma has 30 seconds left this turn.
|inactive|ausma has 20 seconds left.
|
|t:|1660530562
|switch|p2a: queen's gardens|Primarina, F|73/100
|move|p1a: Cobalion|Stealth Rock|p2a: queen's gardens
|-sidestart|p2: ausma|move: Stealth Rock
|
|-heal|p2a: queen's gardens|79/100|[from] item: Leftovers
|upkeep
|turn|18
|inactive|ausma has 30 seconds left this turn.
|
|t:|1660530568
|switch|p1a: Tangrowth|Tangrowth, M|100/100
|move|p2a: queen's gardens|Scald|p1a: Tangrowth
|-resisted|p1a: Tangrowth
|-damage|p1a: Tangrowth|92/100
|
|-heal|p2a: queen's gardens|85/100|[from] item: Leftovers
|upkeep
|turn|19
|inactive|ausma has 30 seconds left.
|
|t:|1660530581
|switch|p2a: dirtmouth|Excadrill, M|75/100
|-damage|p2a: dirtmouth|72/100|[from] Stealth Rock
|-ability|p2a: dirtmouth|Mold Breaker
|move|p1a: Tangrowth|Sludge Bomb|p2a: dirtmouth
|-immune|p2a: dirtmouth
|
|-heal|p2a: dirtmouth|78/100|[from] item: Leftovers
|upkeep
|turn|20
|inactive|ausma has 30 seconds left.
|
|t:|1660530592
|move|p2a: dirtmouth|Stealth Rock|p1a: Tangrowth
|-sidestart|p1: udongirl|move: Stealth Rock
|move|p1a: Tangrowth|Knock Off|p2a: dirtmouth
|-damage|p2a: dirtmouth|48/100
|-enditem|p2a: dirtmouth|Leftovers|[from] move: Knock Off|[of] p1a: Tangrowth
|
|upkeep
|turn|21
|
|t:|1660530602
|move|p2a: dirtmouth|Rapid Spin|p1a: Tangrowth
|-damage|p1a: Tangrowth|80/100
|-boost|p2a: dirtmouth|spe|1
|-sideend|p2: ausma|Stealth Rock|[from] move: Rapid Spin|[of] p2a: dirtmouth
|move|p1a: Tangrowth|Power Whip|p2a: dirtmouth|[miss]
|-miss|p1a: Tangrowth|p2a: dirtmouth
|
|upkeep
|turn|22
|c|+Pak|adssfltvrekjbp7r\
|c|+vivalospride|adssfltvrekjbp7r\
|c|+pannuracotta|adssfltvrekjbp7r\
|c|+suloxiv 愛|adssfltvrekjbp7r
|c|+dingbat|adssfltvrekjbp7r\
|inactive|udongirl has 120 seconds left.
|c|+Shiba|$100 of pre on the line for pak
|c|+avarice|s,dks%jh,2n
|
|t:|1660530650
|switch|p1a: Rotom|Rotom-Wash|100/100
|move|p2a: dirtmouth|Toxic|p1a: Rotom
|-status|p1a: Rotom|tox
|
|-damage|p1a: Rotom|95/100 tox|[from] psn
|upkeep
|turn|23
|c|+Unowndragon|omg
|
|t:|1660530655
|switch|p2a: ancient basin|Hydreigon, M|100/100
|switch|p1a: Tangrowth|Tangrowth, M|100/100
|-damage|p1a: Tangrowth|88/100|[from] Stealth Rock
|
|upkeep
|turn|24
|inactive|udongirl has 120 seconds left.
|
|t:|1660530665
|move|p2a: ancient basin|U-turn|p1a: Tangrowth
|-supereffective|p1a: Tangrowth
|-damage|p1a: Tangrowth|66/100
|
|t:|1660530667
|switch|p2a: white palace|Skarmory, F|100/100|[from]move: U-turn
|move|p1a: Tangrowth|Sludge Bomb|p2a: white palace
|-immune|p2a: white palace
|
|upkeep
|turn|25
|
|t:|1660530673
|move|p2a: white palace|Spikes|p1a: Tangrowth
|-sidestart|p1: udongirl|Spikes
|move|p1a: Tangrowth|Focus Blast|p2a: white palace
|-damage|p2a: white palace|59/100
|
|upkeep
|turn|26
|c|+Luthier|up 
|
|t:|1660530686
|switch|p2a: fungal wastes|Amoonguss, M|100/100
|switch|p1a: Rotom|Rotom-Wash|95/100 tox
|
|-damage|p1a: Rotom|89/100 tox|[from] psn
|upkeep
|turn|27
|
|t:|1660530700
|switch|p2a: dirtmouth|Excadrill, M|48/100
|-ability|p2a: dirtmouth|Mold Breaker
|move|p1a: Rotom|Defog|p2a: dirtmouth
|-unboost|p2a: dirtmouth|evasion|1
|-sideend|p1: udongirl|Spikes|[from] move: Defog|[of] p1a: Rotom
|-sideend|p1: udongirl|Stealth Rock|[from] move: Defog|[of] p1a: Rotom
|
|-damage|p1a: Rotom|77/100 tox|[from] psn
|upkeep
|turn|28
|inactive|udongirl has 150 seconds left.
|
|t:|1660530716
|switch|p1a: Salamence|Salamence, F|78/100 tox
|-ability|p1a: Salamence|Intimidate|boost
|-unboost|p2a: dirtmouth|atk|1
|move|p2a: dirtmouth|Stealth Rock|p1a: Salamence
|-sidestart|p1: udongirl|move: Stealth Rock
|
|-damage|p1a: Salamence|71/100 tox|[from] psn
|upkeep
|turn|29
|inactive|ausma has 60 seconds left.
|
|t:|1660530736
|switch|p2a: queen's gardens|Primarina, F|85/100
|move|p1a: Salamence|Flamethrower|p2a: queen's gardens
|-resisted|p2a: queen's gardens
|-damage|p2a: queen's gardens|70/100
|
|-heal|p2a: queen's gardens|76/100|[from] item: Leftovers
|-damage|p1a: Salamence|59/100 tox|[from] psn
|upkeep
|turn|30
|inactive|udongirl has 150 seconds left.
|inactive|ausma has 60 seconds left.
|
|t:|1660530744
|switch|p1a: Tangrowth|Tangrowth, M|99/100
|-damage|p1a: Tangrowth|87/100|[from] Stealth Rock
|move|p2a: queen's gardens|Scald|p1a: Tangrowth
|-resisted|p1a: Tangrowth
|-damage|p1a: Tangrowth|79/100
|-status|p1a: Tangrowth|brn
|
|-heal|p2a: queen's gardens|82/100|[from] item: Leftovers
|-damage|p1a: Tangrowth|72/100 brn|[from] brn
|upkeep
|turn|31
|inactive|udongirl has 150 seconds left.
|
|t:|1660530759
|switch|p2a: ancient basin|Hydreigon, M|100/100
|move|p1a: Tangrowth|Sludge Bomb|p2a: ancient basin
|-damage|p2a: ancient basin|74/100
|-status|p2a: ancient basin|psn
|
|-damage|p2a: ancient basin|62/100 psn|[from] psn
|-damage|p1a: Tangrowth|66/100 brn|[from] brn
|upkeep
|turn|32
|inactive|udongirl has 150 seconds left.
|
|t:|1660530778
|switch|p1a: Cobalion|Cobalion|100/100
|-damage|p1a: Cobalion|97/100|[from] Stealth Rock
|move|p2a: ancient basin|Fire Blast|p1a: Cobalion
|-supereffective|p1a: Cobalion
|-damage|p1a: Cobalion|0 fnt
|faint|p1a: Cobalion
|
|-damage|p2a: ancient basin|50/100 psn|[from] psn
|upkeep
|
|t:|1660530781
|switch|p1a: Rotom|Rotom-Wash|77/100 tox
|turn|33
|
|t:|1660530786
|switch|p2a: dirtmouth|Excadrill, M|48/100
|-ability|p2a: dirtmouth|Mold Breaker
|move|p1a: Rotom|Defog|p2a: dirtmouth
|-unboost|p2a: dirtmouth|evasion|1
|-sideend|p1: udongirl|Stealth Rock|[from] move: Defog|[of] p1a: Rotom
|
|-damage|p1a: Rotom|71/100 tox|[from] psn
|upkeep
|turn|34
|
|t:|1660530800
|move|p2a: dirtmouth|Stealth Rock|p1a: Rotom
|-sidestart|p1: udongirl|move: Stealth Rock
|move|p1a: Rotom|Hydro Pump|p2a: dirtmouth
|-supereffective|p2a: dirtmouth
|-damage|p2a: dirtmouth|0 fnt
|faint|p2a: dirtmouth
|
|-damage|p1a: Rotom|59/100 tox|[from] psn
|upkeep
|
|t:|1660530825
|switch|p2a: ancient basin|Hydreigon, M|50/100 psn
|turn|35
|
|t:|1660530831
|switch|p1a: Tangrowth|Tangrowth, M|99/100 brn
|-damage|p1a: Tangrowth|87/100 brn|[from] Stealth Rock
|move|p2a: ancient basin|Dark Pulse|p1a: Tangrowth
|-damage|p1a: Tangrowth|58/100 brn
|
|-damage|p2a: ancient basin|37/100 psn|[from] psn
|-damage|p1a: Tangrowth|52/100 brn|[from] brn
|upkeep
|turn|36
|inactive|udongirl has 180 seconds left.
|
|t:|1660530840
|switch|p2a: white palace|Skarmory, F|59/100
|move|p1a: Tangrowth|Sludge Bomb|p2a: white palace
|-immune|p2a: white palace
|
|-damage|p1a: Tangrowth|45/100 brn|[from] brn
|upkeep
|turn|37
|
|t:|1660530852
|switch|p1a: Rotom|Rotom-Wash|59/100 tox
|move|p2a: white palace|Roost|p2a: white palace
|-heal|p2a: white palace|100/100
|-singleturn|p2a: white palace|move: Roost
|
|-damage|p1a: Rotom|53/100 tox|[from] psn
|upkeep
|turn|38
|
|t:|1660530878
|switch|p2a: ancient basin|Hydreigon, M|37/100 psn
|move|p1a: Rotom|Defog|p2a: ancient basin
|-unboost|p2a: ancient basin|evasion|1
|-sideend|p1: udongirl|Stealth Rock|[from] move: Defog|[of] p1a: Rotom
|
|-damage|p2a: ancient basin|25/100 psn|[from] psn
|-damage|p1a: Rotom|41/100 tox|[from] psn
|upkeep
|turn|39
|
|t:|1660530891
|switch|p1a: Tangrowth|Tangrowth, M|79/100 brn
|move|p2a: ancient basin|U-turn|p1a: Tangrowth
|-supereffective|p1a: Tangrowth
|-damage|p1a: Tangrowth|56/100 brn
|inactive|ausma has 60 seconds left.
|
|t:|1660530913
|switch|p2a: howling cliffs|Tornadus, M|100/100|[from]move: U-turn
|
|-damage|p1a: Tangrowth|50/100 brn|[from] brn
|upkeep
|turn|40
|inactive|udongirl has 210 seconds left.
|inactive|ausma has 60 seconds left.
|c|+avarice|torn is IN THE GAME!!!
|c|+hariyana grande|the howling cliffs
|c|+KM|torn is IN THE GAME!!!
|
|t:|1660530935
|switch|p1a: Rotom|Rotom-Wash|41/100 tox
|move|p2a: howling cliffs|Knock Off|p1a: Rotom
|-damage|p1a: Rotom|11/100 tox
|-enditem|p1a: Rotom|Heavy-Duty Boots|[from] move: Knock Off|[of] p2a: howling cliffs
|
|-damage|p1a: Rotom|5/100 tox|[from] psn
|upkeep
|turn|41
|c|+dingbat|tornado.
|
|t:|1660530943
|move|p2a: howling cliffs|U-turn|p1a: Rotom
|-damage|p1a: Rotom|0 fnt
|faint|p1a: Rotom
|
|t:|1660530947
|switch|p2a: queen's gardens|Primarina, F|82/100|[from]move: U-turn
|
|-heal|p2a: queen's gardens|88/100|[from] item: Leftovers
|upkeep
|c|+vivalospride|torn is OUT 
|
|t:|1660530951
|switch|p1a: Tangrowth|Tangrowth, M|83/100 brn
|turn|42
|inactive|ausma has 60 seconds left.
|
|t:|1660530970
|switch|p2a: fungal wastes|Amoonguss, M|100/100
|move|p1a: Tangrowth|Sludge Bomb|p2a: fungal wastes
|-damage|p2a: fungal wastes|82/100
|
|-damage|p1a: Tangrowth|77/100 brn|[from] brn
|upkeep
|turn|43
|
|t:|1660530984
|switch|p1a: Salamence|Salamence, F|59/100 tox
|-ability|p1a: Salamence|Intimidate|boost
|-unboost|p2a: fungal wastes|atk|1
|move|p2a: fungal wastes|Sludge Bomb|p1a: Salamence
|-damage|p1a: Salamence|25/100 tox
|
|-damage|p1a: Salamence|19/100 tox|[from] psn
|upkeep
|turn|44
|
|t:|1660530989
|switch|p2a: queen's gardens|Primarina, F|88/100
|move|p1a: Salamence|Hurricane|p2a: queen's gardens|[miss]
|-miss|p1a: Salamence|p2a: queen's gardens
|
|-heal|p2a: queen's gardens|94/100|[from] item: Leftovers
|-damage|p1a: Salamence|7/100 tox|[from] psn
|upkeep
|turn|45
|
|t:|1660531003
|move|p1a: Salamence|Hurricane|p2a: queen's gardens
|-damage|p2a: queen's gardens|40/100
|move|p2a: queen's gardens|Moonblast|p1a: Salamence
|-supereffective|p1a: Salamence
|-damage|p1a: Salamence|0 fnt
|faint|p1a: Salamence
|
|-heal|p2a: queen's gardens|46/100|[from] item: Leftovers
|upkeep
|
|t:|1660531006
|switch|p1a: Diggersby|Diggersby, F|100/100
|turn|46
|
|t:|1660531012
|move|p1a: Diggersby|Body Slam|p2a: queen's gardens
|-damage|p2a: queen's gardens|0 fnt
|faint|p2a: queen's gardens
|
|upkeep
|
|t:|1660531019
|switch|p2a: white palace|Skarmory, F|100/100
|turn|47
|
|t:|1660531028
|switch|p1a: Hatterene|Hatterene, F|100/100
|move|p2a: white palace|Iron Defense|p2a: white palace
|-boost|p2a: white palace|def|2
|
|upkeep
|turn|48
|
|t:|1660531035
|switch|p2a: fungal wastes|Amoonguss, M|100/100
|move|p1a: Hatterene|Calm Mind|p1a: Hatterene
|-boost|p1a: Hatterene|spa|1
|-boost|p1a: Hatterene|spd|1
|
|upkeep
|turn|49
|inactive|udongirl has 270 seconds left.
|inactive|udongirl has 240 seconds left.
|inactive|ausma has 90 seconds left.
|inactive|udongirl has 210 seconds left.
|
|t:|1660531130
|move|p1a: Hatterene|Mystical Fire|p2a: fungal wastes
|-supereffective|p2a: fungal wastes
|-damage|p2a: fungal wastes|38/100
|-unboost|p2a: fungal wastes|spa|1
|move|p2a: fungal wastes|Sludge Bomb|p1a: Hatterene
|-supereffective|p1a: Hatterene
|-damage|p1a: Hatterene|76/100
|
|-heal|p1a: Hatterene|82/100|[from] item: Leftovers
|upkeep
|turn|50
|inactive|ausma has 60 seconds left.
|
|t:|1660531165
|switch|p2a: ancient basin|Hydreigon, M|25/100 psn
|move|p1a: Hatterene|Psyshock|p2a: ancient basin
|-immune|p2a: ancient basin
|
|-heal|p1a: Hatterene|88/100|[from] item: Leftovers
|-damage|p2a: ancient basin|13/100 psn|[from] psn
|upkeep
|turn|51
|inactive|ausma has 60 seconds left.
|
|t:|1660531180
|move|p2a: ancient basin|Dark Pulse|p1a: Hatterene
|-damage|p1a: Hatterene|54/100
|move|p1a: Hatterene|Draining Kiss|p2a: ancient basin
|-supereffective|p2a: ancient basin
|-damage|p2a: ancient basin|0 fnt
|-heal|p1a: Hatterene|63/100|[from] drain|[of] p2a: ancient basin
|faint|p2a: ancient basin
|
|-heal|p1a: Hatterene|69/100|[from] item: Leftovers
|upkeep
|
|t:|1660531202
|switch|p2a: fungal wastes|Amoonguss, M|71/100
|turn|52
|
|t:|1660531223
|move|p1a: Hatterene|Psyshock|p2a: fungal wastes
|-supereffective|p2a: fungal wastes
|-crit|p2a: fungal wastes
|-damage|p2a: fungal wastes|0 fnt
|faint|p2a: fungal wastes
|
|-heal|p1a: Hatterene|75/100|[from] item: Leftovers
|upkeep
|
|t:|1660531225
|switch|p2a: howling cliffs|Tornadus, M|100/100
|turn|53
|c|+Pak|plz
|
|t:|1660531242
|move|p2a: howling cliffs|Acrobatics|p1a: Hatterene
|-damage|p1a: Hatterene|35/100
|move|p1a: Hatterene|Draining Kiss|p2a: howling cliffs
|-damage|p2a: howling cliffs|46/100
|-heal|p1a: Hatterene|74/100|[from] drain|[of] p2a: howling cliffs
|
|-heal|p1a: Hatterene|80/100|[from] item: Leftovers
|upkeep
|turn|54
|
|t:|1660531246
|move|p2a: howling cliffs|Acrobatics|p1a: Hatterene
|-damage|p1a: Hatterene|33/100
|move|p1a: Hatterene|Draining Kiss|p2a: howling cliffs
|-damage|p2a: howling cliffs|0 fnt
|-heal|p1a: Hatterene|66/100|[from] drain|[of] p2a: howling cliffs
|faint|p2a: howling cliffs
|
|-heal|p1a: Hatterene|72/100|[from] item: Leftovers
|upkeep
|
|t:|1660531248
|switch|p2a: white palace|Skarmory, F|100/100
|turn|55
|c|☆udongirl|gg
|
|t:|1660531252
|move|p2a: white palace|Iron Defense|p2a: white palace
|-boost|p2a: white palace|def|2
|move|p1a: Hatterene|Mystical Fire|p2a: white palace
|-supereffective|p2a: white palace
|-damage|p2a: white palace|1/100
|-unboost|p2a: white palace|spa|1
|
|-heal|p1a: Hatterene|78/100|[from] item: Leftovers
|upkeep
|turn|56
|
|t:|1660531255
|move|p2a: white palace|Body Press|p1a: Hatterene
|-resisted|p1a: Hatterene
|-damage|p1a: Hatterene|64/100
|move|p1a: Hatterene|Mystical Fire|p2a: white palace
|-supereffective|p2a: white palace
|-damage|p2a: white palace|0 fnt
|faint|p2a: white palace
|
|win|udongirl
|c|+pannuracotta|UUUUUDOOOOOOOOOOOOON
|c|☆ausma|gg
|c|+Pak|LAPRAS
|c|+dingbat|big
|c|+pokemonisfun|LAPRAS
|c|+suloxiv 愛|LAPRAS
