|inactive|Battle timer is ON: inactive players will automatically lose when time's up.
|t:|1665326956
|gametype|singles
|player|p1|HaxxLR|170|
|player|p2|Booty|265|
|teamsize|p1|6
|teamsize|p2|6
|gen|8
|tier|[Gen 8] UU
|rule|Sleep Clause Mod: Limit one foe put to sleep
|rule|Species Clause: Limit one of each Pokémon
|rule|OHKO Clause: OHKO moves are banned
|rule|Evasion Items Clause: Evasion items are banned
|rule|Evasion Moves Clause: Evasion moves are banned
|rule|Endless Battle Clause: Forcing endless battles is banned
|rule|HP Percentage Mod: HP is shown in percentages
|rule|Dynamax Clause: You cannot dynamax
|clearpoke
|poke|p1|Starmie|
|poke|p1|Indeedee-F, F|
|poke|p1|Hydreigon, F|
|poke|p1|Swampert, M|
|poke|p1|Thundurus-Therian, M|
|poke|p1|Celesteela|
|poke|p2|Lycanroc-Dusk, M|
|poke|p2|Primarina, M|
|poke|p2|Skarmory, F|
|poke|p2|Hydreigon, M|
|poke|p2|Nidoqueen, F|
|poke|p2|Tangrowth, F|
|teampreview
|c|☆Booty|hf
|c|☆HaxxLR|hf
|inactive|HaxxLR has 270 seconds left.
|inactive|HaxxLR has 240 seconds left.
|c|☆Booty|i really dont mean to rush u at all but do you mind playing just a bit quicker?
|c|☆HaxxLR|ok sorry
|c|☆Booty|i have to leave in about an hour
|
|t:|1665327031
|start
|switch|p1a: Celesteela|Celesteela|100/100
|switch|p2a: Hydreigon|Hydreigon, M|100/100
|turn|1
|c|☆Booty|and have to shower still
|c|☆Booty|no its not you its just bad timing
|c|☆Booty|lol
|inactive|HaxxLR has 270 seconds left.
|c|☆HaxxLR|oh ok lol
|inactive|HaxxLR has 240 seconds left.
|
|t:|1665327088
|move|p2a: Hydreigon|U-turn|p1a: Celesteela
|-resisted|p1a: Celesteela
|-damage|p1a: Celesteela|98/100
|
|t:|1665327092
|switch|p2a: Tangrowth|Tangrowth, F|100/100|[from]move: U-turn
|move|p1a: Celesteela|Leech Seed|p2a: Tangrowth
|-immune|p2a: Tangrowth
|
|-heal|p1a: Celesteela|100/100|[from] item: Leftovers
|upkeep
|turn|2
|inactive|HaxxLR has 240 seconds left.
|
|t:|1665327118
|switch|p1a: Hydreigon|Hydreigon, F|100/100
|move|p2a: Tangrowth|Knock Off|p1a: Hydreigon
|-resisted|p1a: Hydreigon
|-damage|p1a: Hydreigon|87/100
|-enditem|p1a: Hydreigon|Choice Scarf|[from] move: Knock Off|[of] p2a: Tangrowth
|
|upkeep
|turn|3
|
|t:|1665327132
|switch|p2a: Primarina|Primarina, M|100/100
|move|p1a: Hydreigon|U-turn|p2a: Primarina
|-resisted|p2a: Primarina
|-damage|p2a: Primarina|94/100
|
|t:|1665327152
|switch|p1a: Celesteela|Celesteela|100/100|[from]move: U-turn
|
|-heal|p2a: Primarina|99/100|[from] item: Leftovers
|upkeep
|turn|4
|inactive|HaxxLR has 210 seconds left.
|inactive|Booty has 270 seconds left.
|
|t:|1665327197
|move|p2a: Primarina|Scald|p1a: Celesteela
|-damage|p1a: Celesteela|79/100
|move|p1a: Celesteela|Heavy Slam|p2a: Primarina
|-damage|p2a: Primarina|59/100
|
|-heal|p2a: Primarina|65/100|[from] item: Leftovers
|-heal|p1a: Celesteela|85/100|[from] item: Leftovers
|upkeep
|turn|5
|inactive|HaxxLR has 210 seconds left.
|inactive|Booty has 270 seconds left.
|
|t:|1665327208
|switch|p2a: Tangrowth|Tangrowth, F|100/100
|move|p1a: Celesteela|Heavy Slam|p2a: Tangrowth
|-damage|p2a: Tangrowth|75/100
|
|-heal|p1a: Celesteela|91/100|[from] item: Leftovers
|upkeep
|turn|6
|
|t:|1665327211
|switch|p1a: Hydreigon|Hydreigon, F|87/100
|switch|p2a: Nidoqueen|Nidoqueen, F|100/100
|
|upkeep
|turn|7
|
|t:|1665327218
|move|p1a: Hydreigon|Draco Meteor|p2a: Nidoqueen
|-damage|p2a: Nidoqueen|26/100
|-unboost|p1a: Hydreigon|spa|2
|move|p2a: Nidoqueen|Sludge Wave|p1a: Hydreigon
|-damage|p1a: Hydreigon|19/100
|
|upkeep
|turn|8
|
|t:|1665327228
|switch|p2a: Lycanroc|Lycanroc-Dusk, M|100/100
|move|p1a: Hydreigon|Draco Meteor|p2a: Lycanroc
|-crit|p2a: Lycanroc
|-damage|p2a: Lycanroc|0 fnt
|-unboost|p1a: Hydreigon|spa|2
|faint|p2a: Lycanroc
|
|upkeep
|c|☆Booty|..
|c|☆Booty|.
|c|☆Booty|oh come on
|c|☆HaxxLR|sorry
|
|t:|1665327244
|switch|p2a: Hydreigon|Hydreigon, M|100/100
|turn|9
|c|☆Booty|not u just this dumb game
|
|t:|1665327257
|move|p2a: Hydreigon|U-turn|p1a: Hydreigon
|-supereffective|p1a: Hydreigon
|-damage|p1a: Hydreigon|0 fnt
|faint|p1a: Hydreigon
|
|t:|1665327264
|switch|p2a: Primarina|Primarina, M|65/100|[from]move: U-turn
|
|-heal|p2a: Primarina|71/100|[from] item: Leftovers
|upkeep
|
|t:|1665327271
|switch|p1a: Thundurus|Thundurus-Therian, M|100/100
|turn|10
|c|☆Booty|if theres a game 3 can we play
|c|☆Booty|tomorrow?
|
|t:|1665327278
|switch|p2a: Tangrowth|Tangrowth, F|100/100
|move|p1a: Thundurus|Knock Off|p2a: Tangrowth
|-damage|p2a: Tangrowth|88/100
|-enditem|p2a: Tangrowth|Assault Vest|[from] move: Knock Off|[of] p1a: Thundurus
|
|upkeep
|turn|11
|c|☆HaxxLR|yes 
|
|t:|1665327291
|move|p1a: Thundurus|Volt Switch|p2a: Tangrowth
|-resisted|p2a: Tangrowth
|-damage|p2a: Tangrowth|67/100
|c|☆Booty|kk ty
|c|☆HaxxLR|np
|inactive|HaxxLR has 240 seconds left.
|
|t:|1665327304
|switch|p1a: Swampert|Swampert, M|100/100|[from]move: Volt Switch
|move|p2a: Tangrowth|Knock Off|p1a: Swampert
|-damage|p1a: Swampert|82/100
|-enditem|p1a: Swampert|Leftovers|[from] move: Knock Off|[of] p2a: Tangrowth
|
|upkeep
|turn|12
|inactive|HaxxLR has 240 seconds left.
|
|t:|1665327327
|switch|p1a: Celesteela|Celesteela|91/100
|move|p2a: Tangrowth|Power Whip|p1a: Celesteela
|-resisted|p1a: Celesteela
|-damage|p1a: Celesteela|82/100
|
|-heal|p1a: Celesteela|88/100|[from] item: Leftovers
|upkeep
|turn|13
|
|t:|1665327333
|move|p1a: Celesteela|Flamethrower|p2a: Tangrowth
|-supereffective|p2a: Tangrowth
|-damage|p2a: Tangrowth|24/100
|move|p2a: Tangrowth|Knock Off|p1a: Celesteela
|-damage|p1a: Celesteela|67/100
|-enditem|p1a: Celesteela|Leftovers|[from] move: Knock Off|[of] p2a: Tangrowth
|
|upkeep
|turn|14
|inactive|HaxxLR has 240 seconds left.
|
|t:|1665327344
|switch|p2a: Hydreigon|Hydreigon, M|100/100
|move|p1a: Celesteela|Heavy Slam|p2a: Hydreigon
|-damage|p2a: Hydreigon|54/100
|
|upkeep
|turn|15
|inactive|HaxxLR has 240 seconds left.
|
|t:|1665327369
|switch|p1a: Swampert|Swampert, M|82/100
|move|p2a: Hydreigon|Dark Pulse|p1a: Swampert
|-damage|p1a: Swampert|46/100
|
|upkeep
|turn|16
|
|t:|1665327374
|switch|p2a: Tangrowth|Tangrowth, F|57/100
|move|p1a: Swampert|Stealth Rock|p2a: Tangrowth
|-sidestart|p2: Booty|move: Stealth Rock
|
|upkeep
|turn|17
|
|t:|1665327378
|switch|p2a: Skarmory|Skarmory, F|100/100
|-damage|p2a: Skarmory|88/100|[from] Stealth Rock
|move|p1a: Swampert|Flip Turn|p2a: Skarmory
|-damage|p2a: Skarmory|75/100
|-damage|p1a: Swampert|29/100|[from] item: Rocky Helmet|[of] p2a: Skarmory
|inactive|HaxxLR has 240 seconds left.
|
|t:|1665327401
|switch|p1a: Thundurus|Thundurus-Therian, M|100/100|[from]move: Flip Turn
|
|upkeep
|turn|18
|
|t:|1665327405
|switch|p2a: Tangrowth|Tangrowth, F|91/100
|-damage|p2a: Tangrowth|78/100|[from] Stealth Rock
|move|p1a: Thundurus|Volt Switch|p2a: Tangrowth
|-resisted|p2a: Tangrowth
|-damage|p2a: Tangrowth|57/100
|
|t:|1665327408
|switch|p1a: Indeedee|Indeedee-F, F|100/100|[from]move: Volt Switch
|-fieldstart|move: Psychic Terrain|[from] ability: Psychic Surge|[of] p1a: Indeedee
|
|upkeep
|turn|19
|inactive|HaxxLR has 240 seconds left.
|
|t:|1665327438
|switch|p2a: Skarmory|Skarmory, F|75/100
|-damage|p2a: Skarmory|62/100|[from] Stealth Rock
|move|p1a: Indeedee|Expanding Force|p2a: Skarmory
|-resisted|p2a: Skarmory
|-damage|p2a: Skarmory|19/100
|
|upkeep
|turn|20
|
|t:|1665327445
|switch|p2a: Hydreigon|Hydreigon, M|54/100
|-damage|p2a: Hydreigon|42/100|[from] Stealth Rock
|move|p1a: Indeedee|Mystical Fire|p2a: Hydreigon
|-resisted|p2a: Hydreigon
|-damage|p2a: Hydreigon|31/100
|-unboost|p2a: Hydreigon|spa|1
|
|upkeep
|turn|21
|inactive|HaxxLR has 240 seconds left.
|
|t:|1665327464
|switch|p1a: Thundurus|Thundurus-Therian, M|100/100
|move|p2a: Hydreigon|U-turn|p1a: Thundurus
|-resisted|p1a: Thundurus
|-damage|p1a: Thundurus|90/100
|
|t:|1665327482
|switch|p2a: Tangrowth|Tangrowth, F|90/100|[from]move: U-turn
|-damage|p2a: Tangrowth|78/100|[from] Stealth Rock
|
|upkeep
|turn|22
|
|t:|1665327490
|move|p1a: Thundurus|Volt Switch|p2a: Tangrowth
|-resisted|p2a: Tangrowth
|-damage|p2a: Tangrowth|56/100
|
|t:|1665327497
|switch|p1a: Swampert|Swampert, M|29/100|[from]move: Volt Switch
|move|p2a: Tangrowth|Knock Off|p1a: Swampert
|-damage|p1a: Swampert|18/100
|
|upkeep
|turn|23
|
|t:|1665327504
|move|p1a: Swampert|Flip Turn|p2a: Tangrowth
|-resisted|p2a: Tangrowth
|-damage|p2a: Tangrowth|46/100
|
|t:|1665327509
|switch|p1a: Celesteela|Celesteela|67/100|[from]move: Flip Turn
|move|p2a: Tangrowth|Knock Off|p1a: Celesteela
|-damage|p1a: Celesteela|54/100
|
|upkeep
|turn|24
|inactive|HaxxLR has 270 seconds left.
|
|t:|1665327521
|switch|p2a: Primarina|Primarina, M|71/100
|-damage|p2a: Primarina|59/100|[from] Stealth Rock
|move|p1a: Celesteela|Flamethrower|p2a: Primarina
|-resisted|p2a: Primarina
|-damage|p2a: Primarina|50/100
|
|-heal|p2a: Primarina|56/100|[from] item: Leftovers
|upkeep
|turn|25
|
|t:|1665327526
|move|p2a: Primarina|Scald|p1a: Celesteela
|-damage|p1a: Celesteela|33/100
|move|p1a: Celesteela|Giga Drain|p2a: Primarina
|-supereffective|p2a: Primarina
|-damage|p2a: Primarina|27/100
|-heal|p1a: Celesteela|46/100|[from] drain|[of] p2a: Primarina
|
|-heal|p2a: Primarina|33/100|[from] item: Leftovers
|-fieldend|move: Psychic Terrain
|upkeep
|turn|26
|
|t:|1665327533
|move|p2a: Primarina|Scald|p1a: Celesteela
|-damage|p1a: Celesteela|16/100
|-status|p1a: Celesteela|brn
|move|p1a: Celesteela|Giga Drain|p2a: Primarina
|-supereffective|p2a: Primarina
|-damage|p2a: Primarina|1/100
|-heal|p1a: Celesteela|30/100 brn|[from] drain|[of] p2a: Primarina
|
|-heal|p2a: Primarina|7/100|[from] item: Leftovers
|-damage|p1a: Celesteela|24/100 brn|[from] brn
|upkeep
|turn|27
|
|t:|1665327541
|move|p2a: Primarina|Scald|p1a: Celesteela
|-damage|p1a: Celesteela|0 fnt
|faint|p1a: Celesteela
|
|-heal|p2a: Primarina|13/100|[from] item: Leftovers
|upkeep
|
|t:|1665327545
|switch|p1a: Indeedee|Indeedee-F, F|100/100
|-fieldstart|move: Psychic Terrain|[from] ability: Psychic Surge|[of] p1a: Indeedee
|turn|28
|
|t:|1665327548
|switch|p2a: Skarmory|Skarmory, F|19/100
|-damage|p2a: Skarmory|7/100|[from] Stealth Rock
|move|p1a: Indeedee|Dazzling Gleam|p2a: Skarmory
|-resisted|p2a: Skarmory
|-damage|p2a: Skarmory|0 fnt
|faint|p2a: Skarmory
|
|upkeep
|
|t:|1665327554
|switch|p2a: Hydreigon|Hydreigon, M|31/100
|-damage|p2a: Hydreigon|18/100|[from] Stealth Rock
|turn|29
|
|t:|1665327582
|switch|p1a: Swampert|Swampert, M|18/100
|move|p2a: Hydreigon|Dark Pulse|p1a: Swampert
|-damage|p1a: Swampert|0 fnt
|faint|p1a: Swampert
|
|upkeep
|
|t:|1665327588
|switch|p1a: Thundurus|Thundurus-Therian, M|90/100
|turn|30
|
|t:|1665327603
|switch|p2a: Primarina|Primarina, M|13/100
|-damage|p2a: Primarina|1/100|[from] Stealth Rock
|move|p1a: Thundurus|Volt Switch|p2a: Primarina
|-supereffective|p2a: Primarina
|-damage|p2a: Primarina|0 fnt
|faint|p2a: Primarina
|
|t:|1665327609
|switch|p1a: Indeedee|Indeedee-F, F|100/100|[from]move: Volt Switch
|
|upkeep
|
|t:|1665327614
|switch|p2a: Hydreigon|Hydreigon, M|18/100
|-damage|p2a: Hydreigon|6/100|[from] Stealth Rock
|turn|31
|
|t:|1665327625
|move|p2a: Hydreigon|Defog|p1a: Indeedee
|-unboost|p1a: Indeedee|evasion|1
|-sideend|p2: Booty|Stealth Rock|[from] move: Defog|[of] p2a: Hydreigon
|-fieldend|move: Psychic Terrain
|move|p1a: Indeedee|Dazzling Gleam|p2a: Hydreigon
|-supereffective|p2a: Hydreigon
|-damage|p2a: Hydreigon|0 fnt
|faint|p2a: Hydreigon
|
|upkeep
|
|t:|1665327631
|switch|p2a: Tangrowth|Tangrowth, F|79/100
|turn|32
|
|t:|1665327641
|move|p1a: Indeedee|Mystical Fire|p2a: Tangrowth
|-supereffective|p2a: Tangrowth
|-crit|p2a: Tangrowth
|-damage|p2a: Tangrowth|7/100
|-unboost|p2a: Tangrowth|spa|1
|move|p2a: Tangrowth|Power Whip|p1a: Indeedee
|-damage|p1a: Indeedee|31/100
|
|upkeep
|turn|33
|
|t:|1665327650
|move|p1a: Indeedee|Mystical Fire|p2a: Tangrowth
|-supereffective|p2a: Tangrowth
|-damage|p2a: Tangrowth|0 fnt
|faint|p2a: Tangrowth
|
|upkeep
|
|t:|1665327651
|switch|p2a: Nidoqueen|Nidoqueen, F|26/100
|turn|34
|
|t:|1665327655
|move|p1a: Indeedee|Expanding Force|p2a: Nidoqueen
|-supereffective|p2a: Nidoqueen
|-damage|p2a: Nidoqueen|0 fnt
|faint|p2a: Nidoqueen
|
|win|HaxxLR
