|inactive|Battle timer is ON: inactive players will automatically lose when time's up.
|t:|1653161614
|gametype|singles
|player|p1|fabwooloo|arezu|
|player|p2|Fathiryxi|preschoolers|
|teamsize|p1|6
|teamsize|p2|6
|gen|8
|tier|[Gen 8] UU
|rule|Sleep Clause Mod: Limit one foe put to sleep
|rule|Species Clause: Limit one of each Pokémon
|rule|OHKO Clause: OHKO moves are banned
|rule|Evasion Moves Clause: Evasion moves are banned
|rule|Endless Battle Clause: Forcing endless battles is banned
|rule|HP Percentage Mod: HP is shown in percentages
|rule|Dynamax Clause: You cannot dynamax
|clearpoke
|poke|p1|Azelf|
|poke|p1|Mamoswine, F|
|poke|p1|Cobalion|
|poke|p1|Zarude|
|poke|p1|Primarina, F|
|poke|p1|Thundurus-Therian, M|
|poke|p2|Jellicent, M|
|poke|p2|Thundurus-Therian, M|
|poke|p2|Scizor, M|
|poke|p2|Zarude|
|poke|p2|Hippowdon, M|
|poke|p2|Crobat, F|
|teampreview
|c|☆fabwooloo|hf
|c|☆Fathiryxi|u2 
|inactive|fabwooloo has 270 seconds left.
|inactive|Fathiryxi has 270 seconds left.
|inactive|Fathiryxi has 240 seconds left.
|inactive|Fathiryxi has 210 seconds left.
|c|+cherryb0ng|come on fath. Head in the game you can do it
|
|t:|1653161729
|start
|switch|p1a: Cobalion|Cobalion|100/100
|switch|p2a: Jellicent|Jellicent, M|100/100
|turn|1
|
|t:|1653161743
|move|p1a: Cobalion|Volt Switch|p2a: Jellicent
|-supereffective|p2a: Jellicent
|-damage|p2a: Jellicent|81/100
|
|t:|1653161746
|switch|p1a: Primarina|Primarina, F|100/100|[from]move: Volt Switch
|move|p2a: Jellicent|Will-O-Wisp|p1a: Primarina
|-status|p1a: Primarina|brn
|
|-damage|p1a: Primarina|94/100 brn|[from] brn
|upkeep
|turn|2
|inactive|Fathiryxi has 240 seconds left.
|
|t:|1653161779
|move|p2a: Jellicent|Recover|p2a: Jellicent
|-heal|p2a: Jellicent|100/100
|move|p1a: Primarina|Scald|p2a: Jellicent
|-immune|p2a: Jellicent|[from] ability: Water Absorb
|
|-heal|p1a: Primarina|100/100 brn|[from] item: Leftovers
|-damage|p1a: Primarina|94/100 brn|[from] brn
|upkeep
|turn|3
|
|t:|1653161786
|switch|p1a: Zarude|Zarude|100/100
|move|p2a: Jellicent|Taunt|p1a: Zarude
|-start|p1a: Zarude|move: Taunt
|
|upkeep
|turn|4
|inactive|Fathiryxi has 240 seconds left.
|
|t:|1653161796
|switch|p2a: Crobat|Crobat, F|100/100
|move|p1a: Zarude|Darkest Lariat|p2a: Crobat
|-damage|p2a: Crobat|53/100
|
|upkeep
|turn|5
|inactive|Fathiryxi has 240 seconds left.
|
|t:|1653161806
|switch|p1a: Cobalion|Cobalion|100/100
|move|p2a: Crobat|Roost|p2a: Crobat
|-heal|p2a: Crobat|100/100
|-singleturn|p2a: Crobat|move: Roost
|
|upkeep
|turn|6
|inactive|Fathiryxi has 240 seconds left.
|
|t:|1653161840
|switch|p2a: Hippowdon|Hippowdon, M|100/100
|move|p1a: Cobalion|Stealth Rock|p2a: Hippowdon
|-sidestart|p2: Fathiryxi|move: Stealth Rock
|
|upkeep
|turn|7
|
|t:|1653161858
|switch|p1a: Zarude|Zarude|100/100
|move|p2a: Hippowdon|Stealth Rock|p1a: Zarude
|-sidestart|p1: fabwooloo|move: Stealth Rock
|
|upkeep
|turn|8
|
|t:|1653161863
|switch|p2a: Crobat|Crobat, F|100/100
|move|p1a: Zarude|U-turn|p2a: Crobat
|-resisted|p2a: Crobat
|-damage|p2a: Crobat|94/100
|
|t:|1653161866
|switch|p1a: Mamoswine|Mamoswine, F|100/100|[from]move: U-turn
|-damage|p1a: Mamoswine|88/100|[from] Stealth Rock
|
|upkeep
|turn|9
|
|t:|1653161874
|move|p2a: Crobat|U-turn|p1a: Mamoswine
|-damage|p1a: Mamoswine|68/100
|inactive|Fathiryxi has 210 seconds left.
|
|t:|1653161927
|switch|p2a: Scizor|Scizor, M|100/100|[from]move: U-turn
|-damage|p2a: Scizor|88/100|[from] Stealth Rock
|move|p1a: Mamoswine|Knock Off|p2a: Scizor
|-damage|p2a: Scizor|49/100
|-enditem|p2a: Scizor|Safety Goggles|[from] move: Knock Off|[of] p1a: Mamoswine
|-damage|p1a: Mamoswine|58/100|[from] item: Life Orb
|
|upkeep
|turn|10
|inactive|Fathiryxi has 180 seconds left.
|
|t:|1653161971
|switch|p1a: Cobalion|Cobalion|100/100
|-damage|p1a: Cobalion|97/100|[from] Stealth Rock
|move|p2a: Scizor|Bullet Punch|p1a: Cobalion
|-resisted|p1a: Cobalion
|-damage|p1a: Cobalion|86/100
|-damage|p2a: Scizor|33/100|[from] item: Rocky Helmet|[of] p1a: Cobalion
|
|upkeep
|turn|11
|
|t:|1653161977
|switch|p2a: Hippowdon|Hippowdon, M|100/100
|-damage|p2a: Hippowdon|94/100|[from] Stealth Rock
|move|p1a: Cobalion|Close Combat|p2a: Hippowdon
|-damage|p2a: Hippowdon|60/100
|-unboost|p1a: Cobalion|def|1
|-unboost|p1a: Cobalion|spd|1
|
|-heal|p2a: Hippowdon|66/100|[from] item: Leftovers
|upkeep
|turn|12
|
|t:|1653161987
|switch|p1a: Zarude|Zarude|100/100
|move|p2a: Hippowdon|Slack Off|p2a: Hippowdon
|-heal|p2a: Hippowdon|100/100
|
|upkeep
|turn|13
|
|t:|1653161999
|switch|p2a: Crobat|Crobat, F|94/100
|move|p1a: Zarude|Power Whip|p2a: Crobat
|-resisted|p2a: Crobat
|-damage|p2a: Crobat|77/100
|
|upkeep
|turn|14
|
|t:|1653162017
|switch|p1a: Cobalion|Cobalion|86/100
|-damage|p1a: Cobalion|83/100|[from] Stealth Rock
|move|p2a: Crobat|Roost|p2a: Crobat
|-heal|p2a: Crobat|100/100
|-singleturn|p2a: Crobat|move: Roost
|
|upkeep
|turn|15
|
|t:|1653162036
|move|p2a: Crobat|U-turn|p1a: Cobalion
|-resisted|p1a: Cobalion
|-damage|p1a: Cobalion|79/100
|-damage|p2a: Crobat|84/100|[from] item: Rocky Helmet|[of] p1a: Cobalion
|
|t:|1653162038
|switch|p2a: Hippowdon|Hippowdon, M|100/100|[from]move: U-turn
|-damage|p2a: Hippowdon|94/100|[from] Stealth Rock
|move|p1a: Cobalion|Iron Head|p2a: Hippowdon
|-damage|p2a: Hippowdon|71/100
|
|-heal|p2a: Hippowdon|77/100|[from] item: Leftovers
|upkeep
|turn|16
|inactive|Fathiryxi has 150 seconds left.
|inactive|Fathiryxi has 120 seconds left.
|
|t:|1653162093
|switch|p1a: Zarude|Zarude|100/100
|move|p2a: Hippowdon|Toxic|p1a: Zarude
|-status|p1a: Zarude|tox
|
|-heal|p2a: Hippowdon|84/100|[from] item: Leftovers
|-damage|p1a: Zarude|95/100 tox|[from] psn
|upkeep
|turn|17
|
|t:|1653162100
|switch|p2a: Crobat|Crobat, F|84/100
|move|p1a: Zarude|U-turn|p2a: Crobat
|-resisted|p2a: Crobat
|-damage|p2a: Crobat|78/100
|
|t:|1653162103
|switch|p1a: Thundurus|Thundurus-Therian, M|100/100|[from]move: U-turn
|
|upkeep
|turn|18
|
|t:|1653162121
|move|p2a: Crobat|U-turn|p1a: Thundurus
|-resisted|p1a: Thundurus
|-damage|p1a: Thundurus|88/100
|
|t:|1653162132
|switch|p2a: Zarude|Zarude|100/100|[from]move: U-turn
|move|p1a: Thundurus|Grass Knot|p2a: Zarude
|-resisted|p2a: Zarude
|-damage|p2a: Zarude|85/100
|
|upkeep
|turn|19
|inactive|Fathiryxi has 120 seconds left.
|inactive|Fathiryxi has 90 seconds left.
|
|t:|1653162185
|switch|p1a: Cobalion|Cobalion|79/100
|-damage|p1a: Cobalion|76/100|[from] Stealth Rock
|move|p2a: Zarude|U-turn|p1a: Cobalion
|-resisted|p1a: Cobalion
|-damage|p1a: Cobalion|71/100
|-damage|p2a: Zarude|68/100|[from] item: Rocky Helmet|[of] p1a: Cobalion
|inactive|Fathiryxi has 60 seconds left.
|
|t:|1653162225
|switch|p2a: Hippowdon|Hippowdon, M|84/100|[from]move: U-turn
|-damage|p2a: Hippowdon|77/100|[from] Stealth Rock
|
|-heal|p2a: Hippowdon|84/100|[from] item: Leftovers
|upkeep
|turn|20
|inactive|Fathiryxi has 60 seconds left.
|
|t:|1653162249
|switch|p1a: Thundurus|Thundurus-Therian, M|88/100
|move|p2a: Hippowdon|Toxic|p1a: Thundurus
|-status|p1a: Thundurus|tox
|
|-heal|p2a: Hippowdon|90/100|[from] item: Leftovers
|-damage|p1a: Thundurus|82/100 tox|[from] psn
|upkeep
|turn|21
|inactive|Fathiryxi has 30 seconds left.
|inactive|Fathiryxi has 20 seconds left.
|inactive|Fathiryxi has 15 seconds left.
|
|t:|1653162291
|switch|p2a: Zarude|Zarude|68/100
|move|p1a: Thundurus|Volt Switch|p2a: Zarude
|-resisted|p2a: Zarude
|-damage|p2a: Zarude|48/100
|inactive|Fathiryxi has 20 seconds left this turn.
|
|t:|1653162297
|switch|p1a: Azelf|Azelf|100/100|[from]move: Volt Switch
|
|upkeep
|turn|22
|inactive|Fathiryxi has 30 seconds left this turn.
|inactive|Fathiryxi has 20 seconds left.
|inactive|Fathiryxi has 15 seconds left.
|
|t:|1653162316
|switch|p2a: Hippowdon|Hippowdon, M|90/100
|-damage|p2a: Hippowdon|84/100|[from] Stealth Rock
|move|p1a: Azelf|U-turn|p2a: Hippowdon
|-damage|p2a: Hippowdon|72/100
|inactive|Fathiryxi has 20 seconds left this turn.
|
|t:|1653162323
|switch|p1a: Mamoswine|Mamoswine, F|58/100|[from]move: U-turn
|-damage|p1a: Mamoswine|46/100|[from] Stealth Rock
|
|-heal|p2a: Hippowdon|78/100|[from] item: Leftovers
|upkeep
|turn|23
|inactive|Fathiryxi has 30 seconds left this turn.
|inactive|Fathiryxi has 20 seconds left.
|inactive|Fathiryxi has 15 seconds left.
|inactive|Fathiryxi has 10 seconds left.
|
|t:|1653162346
|switch|p2a: Jellicent|Jellicent, M|100/100
|move|p1a: Mamoswine|Earthquake|p2a: Jellicent
|-damage|p2a: Jellicent|44/100
|-damage|p1a: Mamoswine|36/100|[from] item: Life Orb
|
|upkeep
|turn|24
|inactive|Fathiryxi has 20 seconds left this turn.
|inactive|Fathiryxi has 15 seconds left.
|inactive|Fathiryxi has 10 seconds left.
|
|t:|1653162360
|move|p1a: Mamoswine|Knock Off|p2a: Jellicent
|-supereffective|p2a: Jellicent
|-damage|p2a: Jellicent|0 fnt
|-enditem|p2a: Jellicent|Heavy-Duty Boots|[from] move: Knock Off|[of] p1a: Mamoswine
|faint|p2a: Jellicent
|-damage|p1a: Mamoswine|26/100|[from] item: Life Orb
|
|upkeep
|inactive|Fathiryxi has 15 seconds left this turn.
|inactive|Fathiryxi has 10 seconds left.
|
|t:|1653162368
|switch|p2a: Thundurus|Thundurus-Therian, M|100/100
|turn|25
|inactive|Fathiryxi has 20 seconds left this turn.
|inactive|Fathiryxi has 15 seconds left.
|inactive|Fathiryxi has 10 seconds left.
|
|t:|1653162378
|move|p1a: Mamoswine|Ice Shard|p2a: Thundurus
|-supereffective|p2a: Thundurus
|-damage|p2a: Thundurus|8/100
|-damage|p1a: Mamoswine|16/100|[from] item: Life Orb
|move|p2a: Thundurus|Incinerate|p1a: Mamoswine
|-supereffective|p1a: Mamoswine
|-damage|p1a: Mamoswine|0 fnt
|faint|p1a: Mamoswine
|
|upkeep
|inactive|Fathiryxi has 15 seconds left this turn.
|
|t:|1653162385
|switch|p1a: Azelf|Azelf|100/100
|turn|26
|inactive|Fathiryxi has 25 seconds left this turn.
|inactive|Fathiryxi has 20 seconds left.
|
|t:|1653162391
|switch|p2a: Hippowdon|Hippowdon, M|78/100
|-damage|p2a: Hippowdon|72/100|[from] Stealth Rock
|move|p1a: Azelf|Knock Off|p2a: Hippowdon
|-damage|p2a: Hippowdon|54/100
|-enditem|p2a: Hippowdon|Leftovers|[from] move: Knock Off|[of] p1a: Azelf
|
|upkeep
|turn|27
|inactive|Fathiryxi has 30 seconds left this turn.
|
|t:|1653162398
|move|p1a: Azelf|Psychic|p2a: Hippowdon
|-damage|p2a: Hippowdon|23/100
|move|p2a: Hippowdon|Slack Off|p2a: Hippowdon
|-heal|p2a: Hippowdon|73/100
|
|upkeep
|turn|28
|inactive|Fathiryxi has 30 seconds left.
|inactive|Fathiryxi has 20 seconds left.
|inactive|Fathiryxi has 15 seconds left.
|
|t:|1653162425
|move|p1a: Azelf|U-turn|p2a: Hippowdon
|-damage|p2a: Hippowdon|60/100
|inactive|Fathiryxi has 20 seconds left this turn.
|
|t:|1653162427
|switch|p1a: Zarude|Zarude|95/100 tox|[from]move: U-turn
|move|p2a: Hippowdon|Slack Off|p2a: Hippowdon
|-heal|p2a: Hippowdon|100/100
|
|-damage|p1a: Zarude|89/100 tox|[from] psn
|upkeep
|turn|29
|inactive|Fathiryxi has 30 seconds left this turn.
|
|t:|1653162440
|switch|p2a: Crobat|Crobat, F|78/100
|move|p1a: Zarude|Power Whip|p2a: Crobat
|-resisted|p2a: Crobat
|-damage|p2a: Crobat|63/100
|
|-damage|p1a: Zarude|77/100 tox|[from] psn
|upkeep
|turn|30
|
|t:|1653162446
|switch|p1a: Thundurus|Thundurus-Therian, M|82/100 tox
|move|p2a: Crobat|Roost|p2a: Crobat
|-heal|p2a: Crobat|100/100
|-singleturn|p2a: Crobat|move: Roost
|
|-damage|p1a: Thundurus|76/100 tox|[from] psn
|upkeep
|turn|31
|inactive|Fathiryxi has 30 seconds left.
|inactive|Fathiryxi has 20 seconds left.
|inactive|Fathiryxi has 15 seconds left.
|inactive|Fathiryxi has 10 seconds left.
|
|t:|1653162482
|move|p2a: Crobat|U-turn|p1a: Thundurus
|-resisted|p1a: Thundurus
|-crit|p1a: Thundurus
|-damage|p1a: Thundurus|59/100 tox
|inactive|Fathiryxi has 15 seconds left this turn.
|inactive|Fathiryxi has 10 seconds left.
|
|t:|1653162491
|switch|p2a: Zarude|Zarude|48/100|[from]move: U-turn
|move|p1a: Thundurus|Volt Switch|p2a: Zarude
|-resisted|p2a: Zarude
|-damage|p2a: Zarude|29/100
|inactive|Fathiryxi has 15 seconds left this turn.
|
|t:|1653162495
|switch|p1a: Azelf|Azelf|100/100|[from]move: Volt Switch
|
|upkeep
|turn|32
|inactive|Fathiryxi has 25 seconds left this turn.
|inactive|Fathiryxi has 20 seconds left.
|
|t:|1653162502
|switch|p2a: Hippowdon|Hippowdon, M|100/100
|-damage|p2a: Hippowdon|94/100|[from] Stealth Rock
|move|p1a: Azelf|U-turn|p2a: Hippowdon
|-damage|p2a: Hippowdon|82/100
|inactive|Fathiryxi has 25 seconds left this turn.
|
|t:|1653162505
|switch|p1a: Primarina|Primarina, F|94/100 brn|[from]move: U-turn
|-damage|p1a: Primarina|82/100 brn|[from] Stealth Rock
|
|-heal|p1a: Primarina|88/100 brn|[from] item: Leftovers
|-damage|p1a: Primarina|82/100 brn|[from] brn
|upkeep
|turn|33
|inactive|Fathiryxi has 30 seconds left.
|inactive|Fathiryxi has 20 seconds left.
|inactive|Fathiryxi has 15 seconds left.
|
|t:|1653162527
|switch|p2a: Scizor|Scizor, M|33/100
|-damage|p2a: Scizor|21/100|[from] Stealth Rock
|move|p1a: Primarina|Scald|p2a: Scizor
|-damage|p2a: Scizor|0 fnt
|faint|p2a: Scizor
|
|-heal|p1a: Primarina|88/100 brn|[from] item: Leftovers
|-damage|p1a: Primarina|82/100 brn|[from] brn
|upkeep
|inactive|Fathiryxi has 20 seconds left this turn.
|inactive|Fathiryxi has 15 seconds left.
|
|t:|1653162533
|switch|p2a: Zarude|Zarude|29/100
|turn|34
|inactive|Fathiryxi has 25 seconds left this turn.
|inactive|Fathiryxi has 20 seconds left.
|inactive|Fathiryxi has 15 seconds left.
|
|t:|1653162544
|switch|p2a: Hippowdon|Hippowdon, M|82/100
|-damage|p2a: Hippowdon|76/100|[from] Stealth Rock
|switch|p1a: Cobalion|Cobalion|71/100
|-damage|p1a: Cobalion|68/100|[from] Stealth Rock
|
|upkeep
|turn|35
|inactive|Fathiryxi has 25 seconds left this turn.
|inactive|Fathiryxi has 20 seconds left.
|inactive|Fathiryxi has 15 seconds left.
|inactive|Fathiryxi has 10 seconds left.
|inactive|Fathiryxi has 5 seconds left.
|
|t:|1653162565
|switch|p1a: Zarude|Zarude|77/100 tox
|switch|p2a: Crobat|Crobat, F|100/100
|
|-damage|p1a: Zarude|71/100 tox|[from] psn
|upkeep
|turn|36
|inactive|Fathiryxi has 15 seconds left this turn.
|inactive|Fathiryxi has 10 seconds left.
|c|+cherryb0ng|Timer
|inactive|Fathiryxi has 5 seconds left.
|
|t:|1653162576
|switch|p1a: Cobalion|Cobalion|68/100
|-damage|p1a: Cobalion|65/100|[from] Stealth Rock
|move|p2a: Crobat|Brave Bird|p1a: Cobalion
|-damage|p1a: Cobalion|32/100
|-damage|p2a: Crobat|84/100|[from] item: Rocky Helmet|[of] p1a: Cobalion
|-damage|p2a: Crobat|74/100|[from] Recoil
|
|upkeep
|turn|37
|inactive|Fathiryxi has 15 seconds left this turn.
|inactive|Fathiryxi has 10 seconds left.
|
|t:|1653162582
|move|p2a: Crobat|Brave Bird|p1a: Cobalion
|-damage|p1a: Cobalion|0 fnt
|-damage|p2a: Crobat|58/100|[from] item: Rocky Helmet|[of] p1a: Cobalion
|faint|p1a: Cobalion
|-damage|p2a: Crobat|49/100|[from] Recoil
|
|upkeep
|inactive|Fathiryxi has 15 seconds left this turn.
|
|t:|1653162585
|switch|p1a: Thundurus|Thundurus-Therian, M|59/100 tox
|turn|38
|inactive|Fathiryxi has 25 seconds left this turn.
|inactive|Fathiryxi has 20 seconds left.
|
|t:|1653162592
|move|p2a: Crobat|U-turn|p1a: Thundurus
|-resisted|p1a: Thundurus
|-damage|p1a: Thundurus|46/100 tox
|inactive|Fathiryxi has 25 seconds left this turn.
|inactive|Fathiryxi has 20 seconds left.
|
|t:|1653162599
|switch|p2a: Thundurus|Thundurus-Therian, M|8/100|[from]move: U-turn
|move|p1a: Thundurus|Incinerate|p2a: Thundurus
|-damage|p2a: Thundurus|0 fnt
|faint|p2a: Thundurus
|
|-damage|p1a: Thundurus|40/100 tox|[from] psn
|upkeep
|inactive|Fathiryxi has 25 seconds left this turn.
|inactive|Fathiryxi has 20 seconds left.
|inactive|Fathiryxi has 15 seconds left.
|inactive|Fathiryxi has 10 seconds left.
|
|t:|1653162617
|switch|p2a: Crobat|Crobat, F|49/100
|turn|39
|inactive|Fathiryxi has 20 seconds left this turn.
|inactive|Fathiryxi has 15 seconds left.
|inactive|Fathiryxi has 10 seconds left.
|
|t:|1653162630
|move|p2a: Crobat|U-turn|p1a: Thundurus
|-resisted|p1a: Thundurus
|-damage|p1a: Thundurus|27/100 tox
|inactive|Fathiryxi has 15 seconds left this turn.
|inactive|Fathiryxi has 10 seconds left.
|inactive|Fathiryxi has 5 seconds left.
|
|t:|1653162644
|switch|p2a: Hippowdon|Hippowdon, M|76/100|[from]move: U-turn
|-damage|p2a: Hippowdon|70/100|[from] Stealth Rock
|move|p1a: Thundurus|Volt Switch|p2a: Hippowdon
|-immune|p2a: Hippowdon
|
|-damage|p1a: Thundurus|15/100 tox|[from] psn
|upkeep
|turn|40
|inactive|Fathiryxi has 15 seconds left this turn.
|inactive|Fathiryxi has 10 seconds left.
|inactive|Fathiryxi has 5 seconds left.
|
|t:|1653162657
|switch|p2a: Zarude|Zarude|29/100
|move|p1a: Thundurus|Incinerate|p2a: Zarude
|-supereffective|p2a: Zarude
|-damage|p2a: Zarude|0 fnt
|faint|p2a: Zarude
|
|-damage|p1a: Thundurus|0 fnt|[from] psn
|faint|p1a: Thundurus
|upkeep
|inactive|Fathiryxi has 15 seconds left this turn.
|c|+cherryb0ng|TIMER
|inactive|Fathiryxi has 10 seconds left.
|inactive|Fathiryxi has 5 seconds left.
|
|t:|1653162669
|switch|p2a: Hippowdon|Hippowdon, M|70/100
|switch|p1a: Primarina|Primarina, F|82/100 brn
|-damage|p1a: Primarina|70/100 brn|[from] Stealth Rock
|-damage|p2a: Hippowdon|64/100|[from] Stealth Rock
|turn|41
|inactive|Fathiryxi has 15 seconds left this turn.
|inactive|Fathiryxi has 10 seconds left.
|
|t:|1653162678
|move|p1a: Primarina|Scald|p2a: Hippowdon
|-supereffective|p2a: Hippowdon
|-damage|p2a: Hippowdon|16/100
|-status|p2a: Hippowdon|brn
|move|p2a: Hippowdon|Earthquake|p1a: Primarina
|-damage|p1a: Primarina|50/100 brn
|
|-heal|p1a: Primarina|56/100 brn|[from] item: Leftovers
|-damage|p1a: Primarina|50/100 brn|[from] brn
|-damage|p2a: Hippowdon|10/100 brn|[from] brn
|upkeep
|turn|42
|inactive|Fathiryxi has 20 seconds left this turn.
|inactive|Fathiryxi has 15 seconds left.
|
|t:|1653162687
|switch|p2a: Crobat|Crobat, F|49/100
|move|p1a: Primarina|Scald|p2a: Crobat
|-damage|p2a: Crobat|12/100
|
|-heal|p1a: Primarina|56/100 brn|[from] item: Leftovers
|-damage|p1a: Primarina|50/100 brn|[from] brn
|upkeep
|turn|43
|inactive|Fathiryxi has 25 seconds left this turn.
|inactive|Fathiryxi has 20 seconds left.
|
|t:|1653162694
|move|p2a: Crobat|Roost|p2a: Crobat
|-heal|p2a: Crobat|62/100
|-singleturn|p2a: Crobat|move: Roost
|move|p1a: Primarina|Scald|p2a: Crobat
|-damage|p2a: Crobat|23/100
|
|-heal|p1a: Primarina|56/100 brn|[from] item: Leftovers
|-damage|p1a: Primarina|50/100 brn|[from] brn
|upkeep
|turn|44
|inactive|Fathiryxi has 30 seconds left this turn.
|inactive|Fathiryxi has 20 seconds left.
|
|t:|1653162708
|move|p2a: Crobat|Roost|p2a: Crobat
|-heal|p2a: Crobat|73/100
|-singleturn|p2a: Crobat|move: Roost
|move|p1a: Primarina|Scald|p2a: Crobat
|-damage|p2a: Crobat|33/100
|
|-heal|p1a: Primarina|56/100 brn|[from] item: Leftovers
|-damage|p1a: Primarina|50/100 brn|[from] brn
|upkeep
|turn|45
|inactive|Fathiryxi has 30 seconds left this turn.
|inactive|Fathiryxi has 20 seconds left.
|inactive|Fathiryxi has 15 seconds left.
|inactive|Fathiryxi has 10 seconds left.
|inactive|Fathiryxi has 5 seconds left.
|
|t:|1653162736
|move|p2a: Crobat|Roost|p2a: Crobat
|-heal|p2a: Crobat|83/100
|-singleturn|p2a: Crobat|move: Roost
|move|p1a: Primarina|Scald|p2a: Crobat
|-damage|p2a: Crobat|44/100
|
|-heal|p1a: Primarina|56/100 brn|[from] item: Leftovers
|-damage|p1a: Primarina|50/100 brn|[from] brn
|upkeep
|turn|46
|inactive|Fathiryxi has 15 seconds left this turn.
|
|t:|1653162741
|move|p2a: Crobat|Roost|p2a: Crobat
|-heal|p2a: Crobat|94/100
|-singleturn|p2a: Crobat|move: Roost
|move|p1a: Primarina|Scald|p2a: Crobat
|-damage|p2a: Crobat|59/100
|
|-heal|p1a: Primarina|56/100 brn|[from] item: Leftovers
|-damage|p1a: Primarina|50/100 brn|[from] brn
|upkeep
|turn|47
|inactive|Fathiryxi has 25 seconds left this turn.
|inactive|Fathiryxi has 20 seconds left.
|inactive|Fathiryxi has 15 seconds left.
|inactive|Fathiryxi has 10 seconds left.
|
|t:|1653162758
|move|p2a: Crobat|U-turn|p1a: Primarina
|-resisted|p1a: Primarina
|-damage|p1a: Primarina|41/100 brn
|inactive|Fathiryxi has 15 seconds left this turn.
|
|t:|1653162763
|switch|p2a: Hippowdon|Hippowdon, M|10/100 brn|[from]move: U-turn
|-damage|p2a: Hippowdon|4/100 brn|[from] Stealth Rock
|move|p1a: Primarina|Scald|p2a: Hippowdon
|-supereffective|p2a: Hippowdon
|-damage|p2a: Hippowdon|0 fnt
|faint|p2a: Hippowdon
|
|-heal|p1a: Primarina|47/100 brn|[from] item: Leftovers
|-damage|p1a: Primarina|41/100 brn|[from] brn
|upkeep
|inactive|Fathiryxi has 20 seconds left this turn.
|
|t:|1653162765
|switch|p2a: Crobat|Crobat, F|59/100
|turn|48
|inactive|Fathiryxi has 30 seconds left this turn.
|
|t:|1653162773
|move|p2a: Crobat|Brave Bird|p1a: Primarina
|-damage|p1a: Primarina|0 fnt
|faint|p1a: Primarina
|-damage|p2a: Crobat|46/100|[from] Recoil
|
|upkeep
|inactive|Fathiryxi has 30 seconds left this turn.
|
|t:|1653162777
|switch|p1a: Azelf|Azelf|100/100
|turn|49
|
|t:|1653162780
|move|p2a: Crobat|Brave Bird|p1a: Azelf
|-damage|p1a: Azelf|30/100
|-damage|p2a: Crobat|28/100|[from] Recoil
|move|p1a: Azelf|Psychic|p2a: Crobat
|-supereffective|p2a: Crobat
|-damage|p2a: Crobat|0 fnt
|faint|p2a: Crobat
|
|win|fabwooloo
|c|☆fabwooloo|gg
|c|☆Fathiryxi|gg 
|c|☆fabwooloo|thx for roost stalling at 1 am
|c|☆Fathiryxi|np :) 
|c|+cherryb0ng|oh boohoo
|c|+cherryb0ng|49 turn game
|c|+cherryb0ng|dang it
|c|+cherryb0ng|I took too long for my comeback
