|inactive|Battle timer is ON: inactive players will automatically lose when time's up.
|t:|1657368101
|gametype|singles
|player|p1|xujing691691|psychicf-gen4|
|player|p2|Amane Misa|#amanemisa|
|teamsize|p1|6
|teamsize|p2|6
|gen|8
|tier|[Gen 8] UU
|rule|Sleep Clause Mod: Limit one foe put to sleep
|rule|Species Clause: Limit one of each Pokémon
|rule|OHKO Clause: OHKO moves are banned
|rule|Evasion Moves Clause: Evasion moves are banned
|rule|Endless Battle Clause: Forcing endless battles is banned
|rule|HP Percentage Mod: HP is shown in percentages
|rule|Dynamax Clause: You cannot dynamax
|clearpoke
|poke|p1|Salazzle, F|
|poke|p1|Skarmory, M|
|poke|p1|Hippowdon, F|
|poke|p1|Zarude-Dada|
|poke|p1|Slowking, F|
|poke|p1|Scizor, M|
|poke|p2|Conkeldurr, M|
|poke|p2|Slowking, F|
|poke|p2|Zarude|
|poke|p2|Scizor, F|
|poke|p2|Salamence, M|
|poke|p2|Excadrill, M|
|teampreview
|c|☆xujing691691|hf
|c|☆Amane Misa|hf
|inactive|xujing691691 has 270 seconds left.
|inactive|Amane Misa has 270 seconds left.
|c|+pokemonisfun|go misa!
|inactive|Amane Misa has 240 seconds left.
|inactive|Amane Misa has 210 seconds left.
|c|+pokemonisfun|misa misa council member, misa misa is so strong the earth has tremors
|inactive|Amane Misa has 180 seconds left.
|inactive|Amane Misa has 150 seconds left.
|
|t:|1657368252
|start
|switch|p1a: Hippowdon|Hippowdon, F|100/100
|switch|p2a: Slowking|Slowking, F|100/100
|-weather|Sandstorm|[from] ability: Sand Stream|[of] p1a: Hippowdon
|turn|1
|inactive|Amane Misa has 210 seconds left.
|
|t:|1657368281
|move|p1a: Hippowdon|Toxic|p2a: Slowking
|-status|p2a: Slowking|tox
|move|p2a: Slowking|Scald|p1a: Hippowdon
|-supereffective|p1a: Hippowdon
|-crit|p1a: Hippowdon
|-damage|p1a: Hippowdon|42/100
|
|-weather|Sandstorm|[upkeep]
|-damage|p2a: Slowking|94/100 tox|[from] Sandstorm
|-heal|p1a: Hippowdon|48/100|[from] item: Leftovers
|-damage|p2a: Slowking|88/100 tox|[from] psn
|upkeep
|turn|2
|
|t:|1657368290
|move|p1a: Hippowdon|Slack Off|p1a: Hippowdon
|-heal|p1a: Hippowdon|98/100
|move|p2a: Slowking|Scald|p1a: Hippowdon
|-supereffective|p1a: Hippowdon
|-damage|p1a: Hippowdon|60/100
|
|-weather|Sandstorm|[upkeep]
|-damage|p2a: Slowking|82/100 tox|[from] Sandstorm
|-heal|p1a: Hippowdon|66/100|[from] item: Leftovers
|-damage|p2a: Slowking|70/100 tox|[from] psn
|upkeep
|turn|3
|
|t:|1657368308
|move|p1a: Hippowdon|Stealth Rock|p2a: Slowking
|-sidestart|p2: Amane Misa|move: Stealth Rock
|move|p2a: Slowking|Scald|p1a: Hippowdon
|-supereffective|p1a: Hippowdon
|-damage|p1a: Hippowdon|27/100
|-status|p1a: Hippowdon|brn
|
|-weather|Sandstorm|[upkeep]
|-damage|p2a: Slowking|64/100 tox|[from] Sandstorm
|-heal|p1a: Hippowdon|33/100 brn|[from] item: Leftovers
|-damage|p2a: Slowking|46/100 tox|[from] psn
|-damage|p1a: Hippowdon|27/100 brn|[from] brn
|upkeep
|turn|4
|
|t:|1657368313
|move|p1a: Hippowdon|Slack Off|p1a: Hippowdon
|-heal|p1a: Hippowdon|77/100 brn
|move|p2a: Slowking|Teleport|p2a: Slowking
|inactive|Amane Misa has 210 seconds left.
|
|t:|1657368338
|switch|p2a: Excadrill|Excadrill, M|100/100|[from]move: Teleport
|-damage|p2a: Excadrill|97/100|[from] Stealth Rock
|-ability|p2a: Excadrill|Mold Breaker
|
|-weather|Sandstorm|[upkeep]
|-heal|p2a: Excadrill|100/100|[from] item: Leftovers
|-heal|p1a: Hippowdon|83/100 brn|[from] item: Leftovers
|-damage|p1a: Hippowdon|77/100 brn|[from] brn
|upkeep
|turn|5
|
|t:|1657368346
|move|p2a: Excadrill|Stealth Rock|p1a: Hippowdon
|-sidestart|p1: xujing691691|move: Stealth Rock
|move|p1a: Hippowdon|Earthquake|p2a: Excadrill
|-supereffective|p2a: Excadrill
|-damage|p2a: Excadrill|48/100
|
|-weather|none
|-heal|p2a: Excadrill|54/100|[from] item: Leftovers
|-heal|p1a: Hippowdon|83/100 brn|[from] item: Leftovers
|-damage|p1a: Hippowdon|77/100 brn|[from] brn
|upkeep
|turn|6
|
|t:|1657368357
|switch|p2a: Slowking|Slowking, F|79/100 tox
|-damage|p2a: Slowking|66/100 tox|[from] Stealth Rock
|move|p1a: Hippowdon|Earthquake|p2a: Slowking
|-damage|p2a: Slowking|54/100 tox
|
|-heal|p1a: Hippowdon|83/100 brn|[from] item: Leftovers
|-damage|p2a: Slowking|48/100 tox|[from] psn
|-damage|p1a: Hippowdon|77/100 brn|[from] brn
|upkeep
|turn|7
|
|t:|1657368377
|switch|p1a: Zarude|Zarude-Dada|100/100
|move|p2a: Slowking|Teleport|p2a: Slowking
|
|t:|1657368380
|switch|p2a: Conkeldurr|Conkeldurr, M|100/100|[from]move: Teleport
|-damage|p2a: Conkeldurr|94/100|[from] Stealth Rock
|
|-status|p2a: Conkeldurr|brn|[from] item: Flame Orb
|upkeep
|turn|8
|
|t:|1657368387
|switch|p1a: Skarmory|Skarmory, M|100/100
|-damage|p1a: Skarmory|88/100|[from] Stealth Rock
|move|p2a: Conkeldurr|Drain Punch|p1a: Skarmory
|-damage|p1a: Skarmory|47/100
|-heal|p2a: Conkeldurr|100/100 brn|[from] drain|[of] p1a: Skarmory
|-damage|p2a: Conkeldurr|84/100 brn|[from] item: Rocky Helmet|[of] p1a: Skarmory
|
|-damage|p2a: Conkeldurr|78/100 brn|[from] brn
|upkeep
|turn|9
|inactive|Amane Misa has 240 seconds left.
|
|t:|1657368418
|switch|p2a: Slowking|Slowking, F|81/100 tox
|-damage|p2a: Slowking|68/100 tox|[from] Stealth Rock
|move|p1a: Skarmory|Iron Defense|p1a: Skarmory
|-boost|p1a: Skarmory|def|2
|
|-damage|p2a: Slowking|62/100 tox|[from] psn
|upkeep
|turn|10
|
|t:|1657368429
|move|p1a: Skarmory|Roost|p1a: Skarmory
|-heal|p1a: Skarmory|97/100
|-singleturn|p1a: Skarmory|move: Roost
|move|p2a: Slowking|Future Sight|p1a: Skarmory
|-start|p2a: Slowking|move: Future Sight
|
|-damage|p2a: Slowking|50/100 tox|[from] psn
|upkeep
|turn|11
|inactive|xujing691691 has 270 seconds left.
|inactive|Amane Misa has 240 seconds left.
|inactive|xujing691691 has 240 seconds left.
|
|t:|1657368494
|move|p1a: Skarmory|Spikes|p2a: Slowking
|-sidestart|p2: Amane Misa|Spikes
|move|p2a: Slowking|Teleport|p2a: Slowking
|
|t:|1657368497
|switch|p2a: Salamence|Salamence, M|100/100|[from]move: Teleport
|-ability|p2a: Salamence|Intimidate|boost
|-unboost|p1a: Skarmory|atk|1
|
|upkeep
|turn|12
|inactive|xujing691691 has 240 seconds left.
|
|t:|1657368503
|switch|p1a: Slowking|Slowking, F|100/100
|move|p2a: Salamence|Hurricane|p1a: Slowking
|-crit|p1a: Slowking
|-damage|p1a: Slowking|34/100
|
|-end|p1a: Slowking|move: Future Sight
|-resisted|p1a: Slowking
|-damage|p1a: Slowking|17/100
|upkeep
|turn|13
|inactive|xujing691691 has 240 seconds left.
|
|t:|1657368528
|switch|p1a: Hippowdon|Hippowdon, F|77/100 brn
|-damage|p1a: Hippowdon|70/100 brn|[from] Stealth Rock
|-weather|Sandstorm|[from] ability: Sand Stream|[of] p1a: Hippowdon
|move|p2a: Salamence|Hurricane|p1a: Hippowdon
|-damage|p1a: Hippowdon|32/100 brn
|-start|p1a: Hippowdon|confusion
|
|-weather|Sandstorm|[upkeep]
|-damage|p2a: Salamence|94/100|[from] Sandstorm
|-heal|p1a: Hippowdon|38/100 brn|[from] item: Leftovers
|-damage|p1a: Hippowdon|32/100 brn|[from] brn
|upkeep
|turn|14
|
|t:|1657368548
|move|p2a: Salamence|Hurricane|p1a: Hippowdon|[miss]
|-miss|p2a: Salamence|p1a: Hippowdon
|-activate|p1a: Hippowdon|confusion
|move|p1a: Hippowdon|Slack Off|p1a: Hippowdon
|-heal|p1a: Hippowdon|82/100 brn
|
|-weather|Sandstorm|[upkeep]
|-damage|p2a: Salamence|88/100|[from] Sandstorm
|-heal|p1a: Hippowdon|88/100 brn|[from] item: Leftovers
|-damage|p1a: Hippowdon|82/100 brn|[from] brn
|upkeep
|turn|15
|
|t:|1657368560
|switch|p2a: Scizor|Scizor, F|100/100
|-damage|p2a: Scizor|88/100|[from] Stealth Rock
|-damage|p2a: Scizor|76/100|[from] Spikes
|-activate|p1a: Hippowdon|confusion
|move|p1a: Hippowdon|Toxic|p2a: Scizor|[miss]
|-miss|p1a: Hippowdon|p2a: Scizor
|
|-weather|Sandstorm|[upkeep]
|-heal|p1a: Hippowdon|88/100 brn|[from] item: Leftovers
|-damage|p1a: Hippowdon|82/100 brn|[from] brn
|upkeep
|turn|16
|
|t:|1657368569
|switch|p1a: Skarmory|Skarmory, M|97/100
|-damage|p1a: Skarmory|85/100|[from] Stealth Rock
|move|p2a: Scizor|Knock Off|p1a: Skarmory
|-damage|p1a: Skarmory|67/100
|-damage|p2a: Scizor|59/100|[from] item: Rocky Helmet|[of] p1a: Skarmory
|-enditem|p1a: Skarmory|Rocky Helmet|[from] move: Knock Off|[of] p2a: Scizor
|
|-weather|Sandstorm|[upkeep]
|upkeep
|turn|17
|
|t:|1657368585
|move|p1a: Skarmory|Roost|p1a: Skarmory
|-heal|p1a: Skarmory|100/100
|-singleturn|p1a: Skarmory|move: Roost
|move|p2a: Scizor|U-turn|p1a: Skarmory
|-resisted|p1a: Skarmory
|-damage|p1a: Skarmory|91/100
|
|t:|1657368590
|switch|p2a: Salamence|Salamence, M|88/100|[from]move: U-turn
|-ability|p2a: Salamence|Intimidate|boost
|-unboost|p1a: Skarmory|atk|1
|
|-weather|none
|upkeep
|turn|18
|
|t:|1657368597
|switch|p1a: Hippowdon|Hippowdon, F|82/100 brn
|-damage|p1a: Hippowdon|76/100 brn|[from] Stealth Rock
|-weather|Sandstorm|[from] ability: Sand Stream|[of] p1a: Hippowdon
|move|p2a: Salamence|Hurricane|p1a: Hippowdon|[miss]
|-miss|p2a: Salamence|p1a: Hippowdon
|
|-weather|Sandstorm|[upkeep]
|-damage|p2a: Salamence|82/100|[from] Sandstorm
|-heal|p1a: Hippowdon|82/100 brn|[from] item: Leftovers
|-damage|p1a: Hippowdon|76/100 brn|[from] brn
|upkeep
|turn|19
|
|t:|1657368612
|switch|p2a: Slowking|Slowking, F|83/100 tox
|-damage|p2a: Slowking|71/100 tox|[from] Stealth Rock
|-damage|p2a: Slowking|59/100 tox|[from] Spikes
|move|p1a: Hippowdon|Slack Off|p1a: Hippowdon
|-heal|p1a: Hippowdon|100/100 brn
|
|-weather|Sandstorm|[upkeep]
|-damage|p2a: Slowking|52/100 tox|[from] Sandstorm
|-damage|p2a: Slowking|46/100 tox|[from] psn
|-damage|p1a: Hippowdon|94/100 brn|[from] brn
|upkeep
|turn|20
|
|t:|1657368619
|switch|p1a: Slowking|Slowking, F|50/100
|move|p2a: Slowking|Teleport|p2a: Slowking
|
|t:|1657368633
|switch|p2a: Zarude|Zarude|100/100|[from]move: Teleport
|-damage|p2a: Zarude|88/100|[from] Stealth Rock
|-damage|p2a: Zarude|76/100|[from] Spikes
|
|-weather|Sandstorm|[upkeep]
|-damage|p2a: Zarude|70/100|[from] Sandstorm
|-damage|p1a: Slowking|44/100|[from] Sandstorm
|upkeep
|turn|21
|inactive|xujing691691 has 240 seconds left.
|inactive|xujing691691 has 210 seconds left.
|
|t:|1657368692
|switch|p1a: Skarmory|Skarmory, M|91/100
|-damage|p1a: Skarmory|79/100|[from] Stealth Rock
|move|p2a: Zarude|U-turn|p1a: Skarmory
|-resisted|p1a: Skarmory
|-damage|p1a: Skarmory|75/100
|
|t:|1657368696
|switch|p2a: Salamence|Salamence, M|82/100|[from]move: U-turn
|-ability|p2a: Salamence|Intimidate|boost
|-unboost|p1a: Skarmory|atk|1
|
|-weather|Sandstorm|[upkeep]
|-damage|p2a: Salamence|76/100|[from] Sandstorm
|upkeep
|turn|22
|
|t:|1657368704
|switch|p2a: Slowking|Slowking, F|80/100 tox
|-damage|p2a: Slowking|67/100 tox|[from] Stealth Rock
|-damage|p2a: Slowking|55/100 tox|[from] Spikes
|switch|p1a: Hippowdon|Hippowdon, F|94/100 brn
|-damage|p1a: Hippowdon|88/100 brn|[from] Stealth Rock
|
|-weather|none
|-heal|p1a: Hippowdon|94/100 brn|[from] item: Leftovers
|-damage|p2a: Slowking|49/100 tox|[from] psn
|-damage|p1a: Hippowdon|88/100 brn|[from] brn
|upkeep
|turn|23
|inactive|xujing691691 has 180 seconds left.
|
|t:|1657368764
|switch|p1a: Slowking|Slowking, F|78/100
|move|p2a: Slowking|Teleport|p2a: Slowking
|
|t:|1657368779
|switch|p2a: Salamence|Salamence, M|76/100|[from]move: Teleport
|-ability|p2a: Salamence|Intimidate|boost
|-unboost|p1a: Slowking|atk|1
|
|upkeep
|turn|24
|inactive|xujing691691 has 150 seconds left.
|
|t:|1657368800
|switch|p2a: Slowking|Slowking, F|82/100 tox
|-damage|p2a: Slowking|69/100 tox|[from] Stealth Rock
|-damage|p2a: Slowking|57/100 tox|[from] Spikes
|move|p1a: Slowking|Slack Off|p1a: Slowking
|-heal|p1a: Slowking|100/100
|
|-damage|p2a: Slowking|51/100 tox|[from] psn
|upkeep
|turn|25
|
|t:|1657368806
|move|p2a: Slowking|Teleport|p2a: Slowking
|
|t:|1657368810
|switch|p2a: Salamence|Salamence, M|76/100|[from]move: Teleport
|-ability|p2a: Salamence|Intimidate|boost
|-unboost|p1a: Slowking|atk|1
|move|p1a: Slowking|Teleport|p1a: Slowking
|inactive|xujing691691 has 150 seconds left.
|
|t:|1657368828
|switch|p1a: Hippowdon|Hippowdon, F|88/100 brn|[from]move: Teleport
|-damage|p1a: Hippowdon|82/100 brn|[from] Stealth Rock
|-weather|Sandstorm|[from] ability: Sand Stream|[of] p1a: Hippowdon
|
|-weather|Sandstorm|[upkeep]
|-damage|p2a: Salamence|70/100|[from] Sandstorm
|-heal|p1a: Hippowdon|88/100 brn|[from] item: Leftovers
|-damage|p1a: Hippowdon|82/100 brn|[from] brn
|upkeep
|turn|26
|
|t:|1657368838
|switch|p1a: Slowking|Slowking, F|100/100
|move|p2a: Salamence|Hurricane|p1a: Slowking|[miss]
|-miss|p2a: Salamence|p1a: Slowking
|
|-weather|Sandstorm|[upkeep]
|-damage|p2a: Salamence|64/100|[from] Sandstorm
|-damage|p1a: Slowking|94/100|[from] Sandstorm
|upkeep
|turn|27
|
|t:|1657368846
|move|p2a: Salamence|Hurricane|p1a: Slowking
|-damage|p1a: Slowking|52/100
|move|p1a: Slowking|Scald|p2a: Salamence
|-resisted|p2a: Salamence
|-damage|p2a: Salamence|47/100
|
|-weather|Sandstorm|[upkeep]
|-damage|p2a: Salamence|41/100|[from] Sandstorm
|-damage|p1a: Slowking|45/100|[from] Sandstorm
|upkeep
|turn|28
|
|t:|1657368852
|move|p2a: Salamence|Roost|p2a: Salamence
|-heal|p2a: Salamence|91/100
|-singleturn|p2a: Salamence|move: Roost
|move|p1a: Slowking|Slack Off|p1a: Slowking
|-heal|p1a: Slowking|95/100
|
|-weather|Sandstorm|[upkeep]
|-damage|p2a: Salamence|85/100|[from] Sandstorm
|-damage|p1a: Slowking|89/100|[from] Sandstorm
|upkeep
|turn|29
|
|t:|1657368855
|move|p2a: Salamence|Hurricane|p1a: Slowking
|-damage|p1a: Slowking|47/100
|move|p1a: Slowking|Scald|p2a: Salamence
|-resisted|p2a: Salamence
|-damage|p2a: Salamence|69/100
|
|-weather|none
|upkeep
|turn|30
|inactive|xujing691691 has 180 seconds left.
|
|t:|1657368862
|move|p2a: Salamence|Draco Meteor|p1a: Slowking
|-crit|p1a: Slowking
|-damage|p1a: Slowking|0 fnt
|-unboost|p2a: Salamence|spa|2
|faint|p1a: Slowking
|
|upkeep
|inactive|xujing691691 has 180 seconds left.
|
|t:|1657368871
|switch|p1a: Salazzle|Salazzle, F|100/100
|turn|31
|
|t:|1657368878
|switch|p2a: Slowking|Slowking, F|84/100 tox
|-damage|p2a: Slowking|72/100 tox|[from] Stealth Rock
|-damage|p2a: Slowking|59/100 tox|[from] Spikes
|move|p1a: Salazzle|Nasty Plot|p1a: Salazzle
|-boost|p1a: Salazzle|spa|2
|
|-damage|p2a: Slowking|53/100 tox|[from] psn
|upkeep
|turn|32
|
|t:|1657368881
|move|p1a: Salazzle|Venoshock|p2a: Slowking
|-damage|p2a: Slowking|0 fnt
|faint|p2a: Slowking
|
|upkeep
|
|t:|1657368883
|switch|p2a: Zarude|Zarude|70/100
|-damage|p2a: Zarude|58/100|[from] Stealth Rock
|-damage|p2a: Zarude|46/100|[from] Spikes
|turn|33
|inactive|xujing691691 has 210 seconds left.
|inactive|xujing691691 has 180 seconds left.
|inactive|xujing691691 has 150 seconds left.
|
|t:|1657368957
|switch|p1a: Scizor|Scizor, M|100/100
|-damage|p1a: Scizor|88/100|[from] Stealth Rock
|move|p2a: Zarude|U-turn|p1a: Scizor
|-resisted|p1a: Scizor
|-damage|p1a: Scizor|77/100
|
|t:|1657368959
|switch|p2a: Excadrill|Excadrill, M|54/100|[from]move: U-turn
|-damage|p2a: Excadrill|51/100|[from] Stealth Rock
|-damage|p2a: Excadrill|39/100|[from] Spikes
|-ability|p2a: Excadrill|Mold Breaker
|
|-heal|p2a: Excadrill|45/100|[from] item: Leftovers
|upkeep
|turn|34
|inactive|xujing691691 has 150 seconds left.
|inactive|xujing691691 has 120 seconds left.
|
|t:|1657369011
|move|p2a: Excadrill|Rapid Spin|p1a: Scizor
|-resisted|p1a: Scizor
|-damage|p1a: Scizor|68/100
|-boost|p2a: Excadrill|spe|1
|-sideend|p2: Amane Misa|Spikes|[from] move: Rapid Spin|[of] p2a: Excadrill
|-sideend|p2: Amane Misa|Stealth Rock|[from] move: Rapid Spin|[of] p2a: Excadrill
|move|p1a: Scizor|Knock Off|p2a: Excadrill
|-damage|p2a: Excadrill|3/100
|-enditem|p2a: Excadrill|Leftovers|[from] move: Knock Off|[of] p1a: Scizor
|
|upkeep
|turn|35
|
|t:|1657369027
|move|p2a: Excadrill|Earthquake|p1a: Scizor
|-damage|p1a: Scizor|12/100
|move|p1a: Scizor|Roost|p1a: Scizor
|-heal|p1a: Scizor|62/100
|-singleturn|p1a: Scizor|move: Roost
|
|upkeep
|turn|36
|
|t:|1657369038
|switch|p2a: Salamence|Salamence, M|69/100
|-ability|p2a: Salamence|Intimidate|boost
|-unboost|p1a: Scizor|atk|1
|switch|p1a: Skarmory|Skarmory, M|75/100
|-damage|p1a: Skarmory|63/100|[from] Stealth Rock
|
|upkeep
|turn|37
|inactive|xujing691691 has 90 seconds left.
|inactive|Amane Misa has 270 seconds left.
|
|t:|1657369087
|switch|p1a: Hippowdon|Hippowdon, F|82/100 brn
|-damage|p1a: Hippowdon|76/100 brn|[from] Stealth Rock
|-weather|Sandstorm|[from] ability: Sand Stream|[of] p1a: Hippowdon
|move|p2a: Salamence|Hurricane|p1a: Hippowdon|[miss]
|-miss|p2a: Salamence|p1a: Hippowdon
|
|-weather|Sandstorm|[upkeep]
|-damage|p2a: Salamence|63/100|[from] Sandstorm
|-heal|p1a: Hippowdon|82/100 brn|[from] item: Leftovers
|-damage|p1a: Hippowdon|76/100 brn|[from] brn
|upkeep
|turn|38
|
|t:|1657369094
|switch|p2a: Conkeldurr|Conkeldurr, M|78/100 brn
|switch|p1a: Zarude|Zarude-Dada|100/100
|
|-weather|Sandstorm|[upkeep]
|-damage|p1a: Zarude|95/100|[from] Sandstorm
|-damage|p2a: Conkeldurr|72/100 brn|[from] Sandstorm
|-damage|p2a: Conkeldurr|65/100 brn|[from] brn
|upkeep
|turn|39
|inactive|xujing691691 has 90 seconds left.
|inactive|xujing691691 has 60 seconds left.
|
|t:|1657369144
|switch|p1a: Scizor|Scizor, M|62/100
|-damage|p1a: Scizor|49/100|[from] Stealth Rock
|move|p2a: Conkeldurr|Drain Punch|p1a: Scizor
|-damage|p1a: Scizor|0 fnt
|-heal|p2a: Conkeldurr|88/100 brn|[from] drain|[of] p1a: Scizor
|faint|p1a: Scizor
|
|-weather|Sandstorm|[upkeep]
|-damage|p2a: Conkeldurr|82/100 brn|[from] Sandstorm
|-damage|p2a: Conkeldurr|76/100 brn|[from] brn
|upkeep
|inactive|xujing691691 has 30 seconds left.
|inactive|xujing691691 has 20 seconds left.
|
|t:|1657369174
|switch|p1a: Skarmory|Skarmory, M|63/100
|-damage|p1a: Skarmory|51/100|[from] Stealth Rock
|turn|40
|inactive|xujing691691 has 30 seconds left this turn.
|
|t:|1657369178
|move|p1a: Skarmory|Body Press|p2a: Conkeldurr
|-damage|p2a: Conkeldurr|47/100 brn
|move|p2a: Conkeldurr|Drain Punch|p1a: Skarmory
|-damage|p1a: Skarmory|13/100
|-heal|p2a: Conkeldurr|64/100 brn|[from] drain|[of] p1a: Skarmory
|
|-weather|Sandstorm|[upkeep]
|-damage|p2a: Conkeldurr|58/100 brn|[from] Sandstorm
|-damage|p2a: Conkeldurr|52/100 brn|[from] brn
|upkeep
|turn|41
|inactive|Amane Misa has 270 seconds left.
|
|t:|1657369218
|move|p2a: Conkeldurr|Mach Punch|p1a: Skarmory
|-damage|p1a: Skarmory|0 fnt
|faint|p1a: Skarmory
|
|-weather|none
|-damage|p2a: Conkeldurr|46/100 brn|[from] brn
|upkeep
|
|t:|1657369222
|switch|p1a: Salazzle|Salazzle, F|100/100
|turn|42
|
|t:|1657369227
|switch|p2a: Excadrill|Excadrill, M|3/100
|-ability|p2a: Excadrill|Mold Breaker
|move|p1a: Salazzle|Fire Blast|p2a: Excadrill
|-supereffective|p2a: Excadrill
|-damage|p2a: Excadrill|0 fnt
|faint|p2a: Excadrill
|
|upkeep
|
|t:|1657369228
|switch|p2a: Zarude|Zarude|46/100
|turn|43
|inactive|xujing691691 has 60 seconds left.
|inactive|Amane Misa has 270 seconds left.
|inactive|xujing691691 has 30 seconds left.
|
|t:|1657369276
|move|p2a: Zarude|Darkest Lariat|p1a: Salazzle
|-damage|p1a: Salazzle|24/100
|move|p1a: Salazzle|Venoshock|p2a: Zarude
|-supereffective|p2a: Zarude
|-damage|p2a: Zarude|0 fnt
|faint|p2a: Zarude
|
|upkeep
|inactive|xujing691691 has 30 seconds left this turn.
|
|t:|1657369279
|switch|p2a: Conkeldurr|Conkeldurr, M|46/100 brn
|turn|44
|inactive|xujing691691 has 30 seconds left.
|
|t:|1657369292
|switch|p1a: Hippowdon|Hippowdon, F|76/100 brn
|-damage|p1a: Hippowdon|70/100 brn|[from] Stealth Rock
|-weather|Sandstorm|[from] ability: Sand Stream|[of] p1a: Hippowdon
|move|p2a: Conkeldurr|Mach Punch|p1a: Hippowdon
|-damage|p1a: Hippowdon|44/100 brn
|
|-weather|Sandstorm|[upkeep]
|-damage|p2a: Conkeldurr|40/100 brn|[from] Sandstorm
|-heal|p1a: Hippowdon|50/100 brn|[from] item: Leftovers
|-damage|p2a: Conkeldurr|33/100 brn|[from] brn
|-damage|p1a: Hippowdon|44/100 brn|[from] brn
|upkeep
|turn|45
|inactive|xujing691691 has 30 seconds left.
|
|t:|1657369305
|move|p2a: Conkeldurr|Drain Punch|p1a: Hippowdon
|-damage|p1a: Hippowdon|0 fnt
|-heal|p2a: Conkeldurr|58/100 brn|[from] drain|[of] p1a: Hippowdon
|faint|p1a: Hippowdon
|
|-weather|Sandstorm|[upkeep]
|-damage|p2a: Conkeldurr|52/100 brn|[from] Sandstorm
|-damage|p2a: Conkeldurr|46/100 brn|[from] brn
|upkeep
|
|t:|1657369308
|switch|p1a: Zarude|Zarude-Dada|95/100
|turn|46
|inactive|Amane Misa has 270 seconds left.
|
|t:|1657369355
|move|p2a: Conkeldurr|Mach Punch|p1a: Zarude
|-supereffective|p1a: Zarude
|-damage|p1a: Zarude|23/100
|move|p1a: Zarude|Power Whip|p2a: Conkeldurr
|-damage|p2a: Conkeldurr|0 fnt
|faint|p2a: Conkeldurr
|
|-weather|Sandstorm|[upkeep]
|-damage|p1a: Zarude|17/100|[from] Sandstorm
|upkeep
|
|t:|1657369357
|switch|p2a: Scizor|Scizor, F|59/100
|turn|47
|
|t:|1657369360
|move|p2a: Scizor|Bullet Punch|p1a: Zarude
|-damage|p1a: Zarude|0 fnt
|faint|p1a: Zarude
|
|-weather|Sandstorm|[upkeep]
|upkeep
|
|t:|1657369362
|switch|p1a: Salazzle|Salazzle, F|24/100
|turn|48
|
|t:|1657369365
|move|p2a: Scizor|Bullet Punch|p1a: Salazzle
|-resisted|p1a: Salazzle
|-damage|p1a: Salazzle|0 fnt
|faint|p1a: Salazzle
|
|win|Amane Misa
|c|☆Amane Misa|gg
|c|☆xujing691691|gg
