|inactive|Battle timer is ON: inactive players will automatically lose when time's up.
|t:|1668180691
|gametype|singles
|player|p1|Elfuseon|#bdspplempoleonshow|
|player|p2|Micciu20250|kris-masters|
|teamsize|p1|6
|teamsize|p2|6
|gen|8
|tier|[Gen 8] UU
|rule|Sleep Clause Mod: Limit one foe put to sleep
|rule|Species Clause: Limit one of each Pokémon
|rule|OHKO Clause: OHKO moves are banned
|rule|Evasion Items Clause: Evasion items are banned
|rule|Evasion Moves Clause: Evasion moves are banned
|rule|Endless Battle Clause: Forcing endless battles is banned
|rule|HP Percentage Mod: HP is shown in percentages
|rule|Dynamax Clause: You cannot dynamax
|clearpoke
|poke|p1|Scolipede, F|
|poke|p1|Gyarados, M|
|poke|p1|Slowbro-Galar, F|
|poke|p1|Zygarde-10%|
|poke|p1|Polteageist|
|poke|p1|Cobalion|
|poke|p2|Scizor, M|
|poke|p2|Thundurus-Therian, M|
|poke|p2|Noivern, M|
|poke|p2|Keldeo-Resolute|
|poke|p2|Amoonguss, M|
|poke|p2|Hippowdon, M|
|teampreview
|c|☆Micciu20250|hf
|c|☆Elfuseon|hf
|
|t:|1668180715
|start
|switch|p1a: Scolipede|Scolipede, F|100/100
|switch|p2a: A être lourd|Hippowdon, M|100/100
|-weather|Sandstorm|[from] ability: Sand Stream|[of] p2a: A être lourd
|turn|1
|
|t:|1668180721
|move|p1a: Scolipede|Spikes|p2a: A être lourd
|-sidestart|p2: Micciu20250|Spikes
|move|p2a: A être lourd|Stealth Rock|p1a: Scolipede
|-sidestart|p1: Elfuseon|move: Stealth Rock
|
|-weather|Sandstorm|[upkeep]
|-damage|p1a: Scolipede|94/100|[from] Sandstorm
|-ability|p1a: Scolipede|Speed Boost|boost
|-boost|p1a: Scolipede|spe|1
|upkeep
|turn|2
|
|t:|1668180737
|switch|p2a: Bon On va|Scizor, M|100/100
|move|p1a: Scolipede|Spikes|p2a: Bon On va
|-sidestart|p2: Micciu20250|Spikes
|
|-weather|Sandstorm|[upkeep]
|-damage|p1a: Scolipede|88/100|[from] Sandstorm
|-ability|p1a: Scolipede|Speed Boost|boost
|-boost|p1a: Scolipede|spe|1
|upkeep
|turn|3
|
|t:|1668180747
|move|p1a: Scolipede|Spikes|p2a: Bon On va
|-sidestart|p2: Micciu20250|Spikes
|move|p2a: Bon On va|Knock Off|p1a: Scolipede
|-damage|p1a: Scolipede|44/100
|-enditem|p1a: Scolipede|Focus Sash|[from] move: Knock Off|[of] p2a: Bon On va
|
|-weather|Sandstorm|[upkeep]
|-damage|p1a: Scolipede|38/100|[from] Sandstorm
|-ability|p1a: Scolipede|Speed Boost|boost
|-boost|p1a: Scolipede|spe|1
|upkeep
|turn|4
|
|t:|1668180768
|move|p1a: Scolipede|Endeavor|p2a: Bon On va
|-damage|p2a: Bon On va|29/100
|move|p2a: Bon On va|Roost|p2a: Bon On va
|-heal|p2a: Bon On va|79/100
|-singleturn|p2a: Bon On va|move: Roost
|
|-weather|Sandstorm|[upkeep]
|-damage|p1a: Scolipede|32/100|[from] Sandstorm
|-ability|p1a: Scolipede|Speed Boost|boost
|-boost|p1a: Scolipede|spe|1
|upkeep
|turn|5
|
|t:|1668180773
|move|p2a: Bon On va|Bullet Punch|p1a: Scolipede
|-damage|p1a: Scolipede|0 fnt
|faint|p1a: Scolipede
|
|-weather|none
|upkeep
|
|t:|1668180783
|switch|p1a: Gyarados|Gyarados, M|100/100
|turn|6
|inactive|Micciu20250 has 270 seconds left.
|
|t:|1668180815
|move|p1a: Gyarados|Dragon Dance|p1a: Gyarados
|-boost|p1a: Gyarados|atk|1
|-boost|p1a: Gyarados|spe|1
|move|p2a: Bon On va|U-turn|p1a: Gyarados
|-resisted|p1a: Gyarados
|-damage|p1a: Gyarados|82/100
|
|t:|1668180818
|switch|p2a: Ca commence|Amoonguss, M|100/100|[from]move: U-turn
|-damage|p2a: Ca commence|75/100|[from] Spikes
|
|-heal|p2a: Ca commence|82/100|[from] item: Black Sludge
|upkeep
|turn|7
|
|t:|1668180825
|move|p1a: Gyarados|Bounce||[still]
|-prepare|p1a: Gyarados|Bounce
|move|p2a: Ca commence|Spore|p1a: Gyarados|[miss]
|-miss|p2a: Ca commence|p1a: Gyarados
|
|-heal|p2a: Ca commence|88/100|[from] item: Black Sludge
|upkeep
|turn|8
|
|t:|1668180830
|switch|p2a: A être lourd|Hippowdon, M|100/100
|-damage|p2a: A être lourd|75/100|[from] Spikes
|-weather|Sandstorm|[from] ability: Sand Stream|[of] p2a: A être lourd
|move|p1a: Gyarados|Bounce|p2a: A être lourd|[from]lockedmove
|-damage|p2a: A être lourd|33/100
|-damage|p1a: Gyarados|65/100|[from] item: Rocky Helmet|[of] p2a: A être lourd
|
|-weather|Sandstorm|[upkeep]
|-damage|p1a: Gyarados|59/100|[from] Sandstorm
|upkeep
|turn|9
|
|t:|1668180840
|switch|p2a: Ca commence|Amoonguss, M|100/100
|-damage|p2a: Ca commence|75/100|[from] Spikes
|move|p1a: Gyarados|Waterfall|p2a: Ca commence
|-resisted|p2a: Ca commence
|-damage|p2a: Ca commence|50/100
|
|-weather|Sandstorm|[upkeep]
|-damage|p1a: Gyarados|53/100|[from] Sandstorm
|-damage|p2a: Ca commence|44/100|[from] Sandstorm
|-heal|p2a: Ca commence|50/100|[from] item: Black Sludge
|upkeep
|turn|10
|
|t:|1668180861
|move|p1a: Gyarados|Bounce||[still]
|-prepare|p1a: Gyarados|Bounce
|move|p2a: Ca commence|Foul Play|p1a: Gyarados|[miss]
|-miss|p2a: Ca commence|p1a: Gyarados
|
|-weather|Sandstorm|[upkeep]
|-damage|p1a: Gyarados|47/100|[from] Sandstorm
|-damage|p2a: Ca commence|44/100|[from] Sandstorm
|-heal|p2a: Ca commence|50/100|[from] item: Black Sludge
|upkeep
|turn|11
|
|t:|1668180864
|switch|p2a: A être lourd|Hippowdon, M|33/100
|-damage|p2a: A être lourd|8/100|[from] Spikes
|move|p1a: Gyarados|Bounce|p2a: A être lourd|[from]lockedmove|[miss]
|-miss|p1a: Gyarados|p2a: A être lourd
|
|-weather|Sandstorm|[upkeep]
|-damage|p1a: Gyarados|41/100|[from] Sandstorm
|upkeep
|turn|12
|
|t:|1668180871
|move|p1a: Gyarados|Waterfall|p2a: A être lourd
|-supereffective|p2a: A être lourd
|-damage|p2a: A être lourd|0 fnt
|-damage|p1a: Gyarados|25/100|[from] item: Rocky Helmet|[of] p2a: A être lourd
|faint|p2a: A être lourd
|-ability|p1a: Gyarados|Moxie|boost
|-boost|p1a: Gyarados|atk|1
|
|-weather|none
|upkeep
|
|t:|1668180887
|switch|p2a: Ca commence|Amoonguss, M|83/100
|-damage|p2a: Ca commence|58/100|[from] Spikes
|turn|13
|c|+Nael222|last chance ? 
|c|+Astreau|ué
|c|☆Elfuseon|pour la 12e fois
|c|☆Elfuseon|oui
|inactive|Micciu20250 has 270 seconds left.
|c|☆Elfuseon|(je déconne nael)
|inactive|Elfuseon has 270 seconds left.
|
|t:|1668180927
|switch|p2a: Briser cette|Thundurus-Therian, M|100/100
|move|p1a: Gyarados|Bounce||[still]
|-prepare|p1a: Gyarados|Bounce
|
|upkeep
|turn|14
|c|+Nael222|:'(
|
|t:|1668180930
|move|p1a: Gyarados|Bounce|p2a: Briser cette|[from]lockedmove
|-resisted|p2a: Briser cette
|-damage|p2a: Briser cette|28/100
|move|p2a: Briser cette|Thunderbolt|p1a: Gyarados
|-supereffective|p1a: Gyarados
|-damage|p1a: Gyarados|0 fnt
|faint|p1a: Gyarados
|
|upkeep
|inactive|Elfuseon has 270 seconds left.
|c|+PandaDoux|non il déconnait pas
|inactive|Elfuseon has 240 seconds left.
|c|+Nael222|albatard
|
|t:|1668180998
|switch|p1a: Zygarde|Zygarde-10%|100/100
|-damage|p1a: Zygarde|94/100|[from] Stealth Rock
|-ability|p1a: Zygarde|Aura Break
|turn|15
|
|t:|1668181011
|move|p1a: Zygarde|Scale Shot|p2a: Briser cette
|-damage|p2a: Briser cette|7/100
|-damage|p2a: Briser cette|0 fnt
|faint|p2a: Briser cette
|-hitcount|p2: Briser cette|2
|-unboost|p1a: Zygarde|def|1
|-boost|p1a: Zygarde|spe|1
|-damage|p1a: Zygarde|85/100|[from] item: Life Orb
|
|upkeep
|inactive|Micciu20250 has 270 seconds left.
|
|t:|1668181047
|switch|p2a: Bon On va|Scizor, M|79/100
|turn|16
|
|t:|1668181060
|move|p1a: Zygarde|Thousand Arrows|p2a: Bon On va
|-damage|p2a: Bon On va|36/100
|-damage|p1a: Zygarde|75/100|[from] item: Life Orb
|move|p2a: Bon On va|U-turn|p1a: Zygarde
|-damage|p1a: Zygarde|0 fnt
|faint|p1a: Zygarde
|inactive|Micciu20250 has 240 seconds left.
|
|t:|1668181082
|switch|p2a: français car|Keldeo-Resolute|100/100|[from]move: U-turn
|-damage|p2a: français car|76/100|[from] Spikes
|
|upkeep
|inactive|Elfuseon has 210 seconds left.
|
|t:|1668181123
|switch|p1a: Slowbro|Slowbro-Galar, F|100/100
|-damage|p1a: Slowbro|88/100|[from] Stealth Rock
|turn|17
|-activate|p1a: Slowbro|ability: Quick Draw
|
|t:|1668181129
|move|p1a: Slowbro|Psyshock|p2a: français car
|-supereffective|p2a: français car
|-damage|p2a: français car|0 fnt
|faint|p2a: français car
|
|upkeep
|
|t:|1668181136
|switch|p2a: Curse vs les|Noivern, M|100/100
|turn|18
|
|t:|1668181143
|move|p2a: Curse vs les|Draco Meteor|p1a: Slowbro|[miss]
|-miss|p2a: Curse vs les|p1a: Slowbro
|move|p1a: Slowbro|Ice Beam|p2a: Curse vs les
|-supereffective|p2a: Curse vs les
|-damage|p2a: Curse vs les|0 fnt
|faint|p2a: Curse vs les
|
|upkeep
|c|☆Elfuseon|mb
|
|t:|1668181149
|switch|p2a: Ca commence|Amoonguss, M|91/100
|-damage|p2a: Ca commence|66/100|[from] Spikes
|turn|19
|
|t:|1668181154
|move|p2a: Ca commence|Spore|p1a: Slowbro
|-status|p1a: Slowbro|slp|[from] move: Spore
|cant|p1a: Slowbro|slp
|
|-heal|p2a: Ca commence|73/100|[from] item: Black Sludge
|upkeep
|turn|20
|
|t:|1668181158
|move|p2a: Ca commence|Foul Play|p1a: Slowbro
|-supereffective|p1a: Slowbro
|-damage|p1a: Slowbro|53/100 slp
|cant|p1a: Slowbro|slp
|
|-heal|p2a: Ca commence|79/100|[from] item: Black Sludge
|upkeep
|turn|21
|-activate|p1a: Slowbro|ability: Quick Draw
|
|t:|1668181163
|cant|p1a: Slowbro|slp
|move|p2a: Ca commence|Spore|p1a: Slowbro
|-fail|p1a: Slowbro|slp
|
|-heal|p2a: Ca commence|85/100|[from] item: Black Sludge
|upkeep
|turn|22
|-activate|p1a: Slowbro|ability: Quick Draw
|
|t:|1668181168
|-curestatus|p1a: Slowbro|slp|[msg]
|move|p1a: Slowbro|Fire Blast|p2a: Ca commence|[miss]
|-miss|p1a: Slowbro|p2a: Ca commence
|move|p2a: Ca commence|Spore|p1a: Slowbro
|-status|p1a: Slowbro|slp|[from] move: Spore
|
|-heal|p2a: Ca commence|91/100|[from] item: Black Sludge
|upkeep
|turn|23
|
|t:|1668181174
|switch|p1a: Cobalion|Cobalion|100/100
|-damage|p1a: Cobalion|97/100|[from] Stealth Rock
|-item|p1a: Cobalion|Air Balloon
|move|p2a: Ca commence|Foul Play|p1a: Cobalion
|-resisted|p1a: Cobalion
|-damage|p1a: Cobalion|87/100
|-ability|p1a: Cobalion|Justified|boost
|-boost|p1a: Cobalion|atk|1
|-enditem|p1a: Cobalion|Air Balloon
|
|-heal|p2a: Ca commence|98/100|[from] item: Black Sludge
|upkeep
|turn|24
|
|t:|1668181177
|move|p1a: Cobalion|Swords Dance|p1a: Cobalion
|-boost|p1a: Cobalion|atk|2
|move|p2a: Ca commence|Foul Play|p1a: Cobalion
|-resisted|p1a: Cobalion
|-damage|p1a: Cobalion|62/100
|-ability|p1a: Cobalion|Justified|boost
|-boost|p1a: Cobalion|atk|1
|
|-heal|p2a: Ca commence|100/100|[from] item: Black Sludge
|upkeep
|turn|25
|inactive|Elfuseon has 270 seconds left.
|
|t:|1668181184
|move|p1a: Cobalion|Iron Head|p2a: Ca commence
|-crit|p2a: Ca commence
|-damage|p2a: Ca commence|0 fnt
|faint|p2a: Ca commence
|
|upkeep
|c|☆Micciu20250|gg
|
|t:|1668181189
|switch|p2a: Bon On va|Scizor, M|36/100
|turn|26
|c|☆Elfuseon|gg
|
|t:|1668181192
|move|p1a: Cobalion|Close Combat|p2a: Bon On va
|-damage|p2a: Bon On va|0 fnt
|-unboost|p1a: Cobalion|def|1
|-unboost|p1a: Cobalion|spd|1
|faint|p2a: Bon On va
|
|win|Elfuseon
