|inactive|Battle timer is ON: inactive players will automatically lose when time's up.
|t:|1658096040
|gametype|singles
|player|p1|Dunoks|#fcl9mighty|
|player|p2|Amukamara|#wcop2022canada|
|teamsize|p1|6
|teamsize|p2|6
|gen|8
|tier|[Gen 8] UU
|rule|Sleep Clause Mod: Limit one foe put to sleep
|rule|Species Clause: Limit one of each Pokémon
|rule|OHKO Clause: OHKO moves are banned
|rule|Evasion Moves Clause: Evasion moves are banned
|rule|Endless Battle Clause: Forcing endless battles is banned
|rule|HP Percentage Mod: HP is shown in percentages
|rule|Dynamax Clause: You cannot dynamax
|clearpoke
|poke|p1|Mamoswine, F|
|poke|p1|Azelf|
|poke|p1|Slowking, M|
|poke|p1|Cobalion|
|poke|p1|Salamence, F|
|poke|p1|Zarude-Dada|
|poke|p2|Keldeo-Resolute|
|poke|p2|Nidoqueen, F|
|poke|p2|Celesteela|
|poke|p2|Tangrowth, M|
|poke|p2|Hydreigon, M|
|poke|p2|Azelf|
|teampreview
|c|☆Amukamara|glhf
|c|☆Dunoks|hf
|inactive|Dunoks has 270 seconds left.
|inactive|Amukamara has 270 seconds left.
|inactive|Dunoks has 240 seconds left.
|
|t:|1658096109
|start
|switch|p1a: Slowking|Slowking, M|100/100
|switch|p2a: Hydreigon|Hydreigon, M|100/100
|turn|1
|
|t:|1658096118
|move|p2a: Hydreigon|U-turn|p1a: Slowking
|-supereffective|p1a: Slowking
|-damage|p1a: Slowking|78/100
|
|t:|1658096128
|switch|p2a: Celesteela|Celesteela|100/100|[from]move: U-turn
|move|p1a: Slowking|Teleport|p1a: Slowking
|
|t:|1658096143
|switch|p1a: Azelf|Azelf|100/100|[from]move: Teleport
|
|upkeep
|turn|2
|
|t:|1658096150
|switch|p2a: Hydreigon|Hydreigon, M|100/100
|move|p1a: Azelf|U-turn|p2a: Hydreigon
|-supereffective|p2a: Hydreigon
|-damage|p2a: Hydreigon|57/100
|
|t:|1658096175
|switch|p1a: Slowking|Slowking, M|100/100|[from]move: U-turn
|
|upkeep
|turn|3
|
|t:|1658096185
|move|p2a: Hydreigon|Dark Pulse|p1a: Slowking
|-supereffective|p1a: Slowking
|-enditem|p1a: Slowking|Colbur Berry|[eat]
|-enditem|p1a: Slowking|Colbur Berry|[weaken]
|-damage|p1a: Slowking|67/100
|move|p1a: Slowking|Teleport|p1a: Slowking
|
|t:|1658096199
|switch|p1a: Cobalion|Cobalion|100/100|[from]move: Teleport
|
|upkeep
|turn|4
|
|t:|1658096219
|switch|p2a: Nidoqueen|Nidoqueen, F|100/100
|move|p1a: Cobalion|Stealth Rock|p2a: Nidoqueen
|-sidestart|p2: Amukamara|move: Stealth Rock
|
|upkeep
|turn|5
|
|t:|1658096228
|switch|p1a: Slowking|Slowking, M|99/100
|move|p2a: Nidoqueen|Fire Blast|p1a: Slowking
|-resisted|p1a: Slowking
|-damage|p1a: Slowking|81/100
|
|upkeep
|turn|6
|
|t:|1658096233
|move|p2a: Nidoqueen|Stealth Rock|p1a: Slowking
|-sidestart|p1: Dunoks|move: Stealth Rock
|move|p1a: Slowking|Future Sight|p2a: Nidoqueen
|-start|p1a: Slowking|move: Future Sight
|
|upkeep
|turn|7
|
|t:|1658096239
|switch|p2a: Tangrowth|Tangrowth, M|100/100
|-damage|p2a: Tangrowth|88/100|[from] Stealth Rock
|move|p1a: Slowking|Teleport|p1a: Slowking
|inactive|Dunoks has 270 seconds left.
|
|t:|1658096272
|switch|p1a: Salamence|Salamence, F|100/100|[from]move: Teleport
|-ability|p1a: Salamence|Intimidate|boost
|-unboost|p2a: Tangrowth|atk|1
|
|upkeep
|turn|8
|
|t:|1658096281
|move|p1a: Salamence|Hurricane|p2a: Tangrowth
|-supereffective|p2a: Tangrowth
|-damage|p2a: Tangrowth|15/100
|move|p2a: Tangrowth|Knock Off|p1a: Salamence
|-crit|p1a: Salamence
|-damage|p1a: Salamence|61/100
|-enditem|p1a: Salamence|Heavy-Duty Boots|[from] move: Knock Off|[of] p2a: Tangrowth
|
|-end|p2a: Tangrowth|move: Future Sight
|-damage|p2a: Tangrowth|0 fnt
|faint|p2a: Tangrowth
|upkeep
|
|t:|1658096295
|switch|p2a: Nidoqueen|Nidoqueen, F|100/100
|-damage|p2a: Nidoqueen|95/100|[from] Stealth Rock
|turn|9
|inactive|Dunoks has 270 seconds left.
|
|t:|1658096344
|move|p1a: Salamence|Draco Meteor|p2a: Nidoqueen
|-damage|p2a: Nidoqueen|22/100
|-unboost|p1a: Salamence|spa|2
|move|p2a: Nidoqueen|Sludge Wave|p1a: Salamence
|-damage|p1a: Salamence|0 fnt
|faint|p1a: Salamence
|
|upkeep
|inactive|Dunoks has 240 seconds left.
|
|t:|1658096370
|switch|p1a: Azelf|Azelf|100/100
|turn|10
|
|t:|1658096375
|switch|p2a: Hydreigon|Hydreigon, M|57/100
|-damage|p2a: Hydreigon|44/100|[from] Stealth Rock
|move|p1a: Azelf|Knock Off|p2a: Hydreigon
|-resisted|p2a: Hydreigon
|-damage|p2a: Hydreigon|29/100
|-enditem|p2a: Hydreigon|Choice Scarf|[from] move: Knock Off|[of] p1a: Azelf
|
|upkeep
|turn|11
|inactive|Dunoks has 240 seconds left.
|
|t:|1658096384
|move|p1a: Azelf|U-turn|p2a: Hydreigon
|-supereffective|p2a: Hydreigon
|-damage|p2a: Hydreigon|0 fnt
|faint|p2a: Hydreigon
|inactive|Dunoks has 240 seconds left.
|
|t:|1658096392
|switch|p1a: Slowking|Slowking, M|100/100|[from]move: U-turn
|-damage|p1a: Slowking|88/100|[from] Stealth Rock
|
|upkeep
|
|t:|1658096414
|switch|p2a: Azelf|Azelf|100/100
|-damage|p2a: Azelf|88/100|[from] Stealth Rock
|turn|12
|
|t:|1658096421
|move|p2a: Azelf|Energy Ball|p1a: Slowking
|-supereffective|p1a: Slowking
|-damage|p1a: Slowking|33/100
|move|p1a: Slowking|Scald|p2a: Azelf
|-damage|p2a: Azelf|46/100
|
|upkeep
|turn|13
|inactive|Dunoks has 240 seconds left.
|
|t:|1658096461
|switch|p1a: Cobalion|Cobalion|100/100
|-damage|p1a: Cobalion|97/100|[from] Stealth Rock
|move|p2a: Azelf|U-turn|p1a: Cobalion
|-resisted|p1a: Cobalion
|-damage|p1a: Cobalion|94/100
|-damage|p2a: Azelf|29/100|[from] item: Rocky Helmet|[of] p1a: Cobalion
|
|t:|1658096465
|switch|p2a: Keldeo|Keldeo-Resolute|100/100|[from]move: U-turn
|-damage|p2a: Keldeo|94/100|[from] Stealth Rock
|
|upkeep
|turn|14
|
|t:|1658096472
|move|p2a: Keldeo|Hydro Pump|p1a: Cobalion|[miss]
|-miss|p2a: Keldeo|p1a: Cobalion
|move|p1a: Cobalion|Close Combat|p2a: Keldeo
|-damage|p2a: Keldeo|34/100
|-unboost|p1a: Cobalion|def|1
|-unboost|p1a: Cobalion|spd|1
|
|upkeep
|turn|15
|inactive|Dunoks has 240 seconds left.
|
|t:|1658096490
|move|p2a: Keldeo|Hydro Pump|p1a: Cobalion|[miss]
|-miss|p2a: Keldeo|p1a: Cobalion
|move|p1a: Cobalion|Close Combat|p2a: Keldeo
|-damage|p2a: Keldeo|0 fnt
|-unboost|p1a: Cobalion|def|1
|-unboost|p1a: Cobalion|spd|1
|faint|p2a: Keldeo
|
|upkeep
|c|☆Amukamara|gg
|c|☆Dunoks|mb
|-message|Amukamara forfeited.
|
|win|Dunoks
|c|☆Dunoks|gg
