|inactive|Battle timer is ON: inactive players will automatically lose when time's up.
|t:|1668180238
|gametype|singles
|player|p1|Elfuseon|#bdspplempoleonshow|
|player|p2|Micciu20250|kris-masters|
|teamsize|p1|6
|teamsize|p2|6
|gen|8
|tier|[Gen 8] UU
|rule|Sleep Clause Mod: Limit one foe put to sleep
|rule|Species Clause: Limit one of each Pokémon
|rule|OHKO Clause: OHKO moves are banned
|rule|Evasion Items Clause: Evasion items are banned
|rule|Evasion Moves Clause: Evasion moves are banned
|rule|Endless Battle Clause: Forcing endless battles is banned
|rule|HP Percentage Mod: HP is shown in percentages
|rule|Dynamax Clause: You cannot dynamax
|clearpoke
|poke|p1|Primarina, F|
|poke|p1|Rhyperior, M|
|poke|p1|Azelf|
|poke|p1|Hydreigon, F|
|poke|p1|Cobalion|
|poke|p1|Amoonguss, F|
|poke|p2|Registeel|
|poke|p2|Suicune|
|poke|p2|Salamence, M|
|poke|p2|Umbreon, F|
|poke|p2|Tangrowth, F|
|poke|p2|Hippowdon, F|
|teampreview
|c|☆Micciu20250|hf 
|c|☆Elfuseon|....
|c|☆Elfuseon|je vais essayer :P
|c|☆Elfuseon|hf
|inactive|Elfuseon has 270 seconds left.
|inactive|Micciu20250 has 270 seconds left.
|inactive|Micciu20250 has 240 seconds left.
|c|+Astreau|oh non pitié
|
|t:|1668180326
|start
|switch|p1a: Azelf|Azelf|100/100
|switch|p2a: Inder Le Cover|Tangrowth, F|100/100
|turn|1
|c|+Astreau|pas cette team
|c|☆Elfuseon|en plus il a mit les nicknames
|c|+Astreau|micciu tu me déçois
|
|t:|1668180346
|move|p1a: Azelf|U-turn|p2a: Inder Le Cover
|-supereffective|p2a: Inder Le Cover
|-damage|p2a: Inder Le Cover|78/100
|c|☆Micciu20250|je joue une qualif
|c|☆Micciu20250|zzzz
|c|+Astreau|c pour quoi
|c|+Astreau|swiss ou last chance
|c|☆Micciu20250|Last chance
|inactive|Elfuseon has 270 seconds left.
|c|+Astreau|ah ok
|c|☆Micciu20250|mais je joue le circuit UU 
|c|☆Elfuseon|c'est pour sa mère
|c|☆Micciu20250|Ptdrrrr
|c|☆Elfuseon|si je gagne j'ai un souper avec
|
|t:|1668180386
|switch|p1a: Amoonguss|Amoonguss, F|100/100|[from]move: U-turn
|move|p2a: Inder Le Cover|Knock Off|p1a: Amoonguss
|-damage|p1a: Amoonguss|84/100
|-damage|p2a: Inder Le Cover|61/100|[from] item: Rocky Helmet|[of] p1a: Amoonguss
|-enditem|p1a: Amoonguss|Rocky Helmet|[from] move: Knock Off|[of] p2a: Inder Le Cover
|
|upkeep
|turn|2
|
|t:|1668180395
|switch|p2a: AzZoCcX|Hippowdon, F|100/100
|-weather|Sandstorm|[from] ability: Sand Stream|[of] p2a: AzZoCcX
|move|p1a: Amoonguss|Spore|p2a: AzZoCcX
|-status|p2a: AzZoCcX|slp|[from] move: Spore
|
|-weather|Sandstorm|[upkeep]
|-damage|p1a: Amoonguss|78/100|[from] Sandstorm
|upkeep
|turn|3
|c|+Astreau|"un souper" c pour ça t'es le goat
|c|☆Elfuseon|ah oui c'est vrai
|c|☆Elfuseon|je vais dire un apéro avec bénéfices
|inactive|Elfuseon has 240 seconds left.
|c|+Astreau|mdrrrr
|
|t:|1668180427
|switch|p2a: Basa Pour toi|Suicune|100/100
|-ability|p2a: Basa Pour toi|Pressure
|switch|p1a: Rhyperior|Rhyperior, M|100/100
|
|-weather|Sandstorm|[upkeep]
|-damage|p2a: Basa Pour toi|94/100|[from] Sandstorm
|-heal|p2a: Basa Pour toi|100/100|[from] item: Leftovers
|upkeep
|turn|4
|
|t:|1668180434
|switch|p1a: Amoonguss|Amoonguss, F|100/100
|move|p2a: Basa Pour toi|Substitute|p2a: Basa Pour toi
|-start|p2a: Basa Pour toi|Substitute
|-damage|p2a: Basa Pour toi|75/100
|
|-weather|Sandstorm|[upkeep]
|-damage|p2a: Basa Pour toi|69/100|[from] Sandstorm
|-damage|p1a: Amoonguss|94/100|[from] Sandstorm
|-heal|p2a: Basa Pour toi|75/100|[from] item: Leftovers
|upkeep
|turn|5
|
|t:|1668180441
|move|p2a: Basa Pour toi|Calm Mind|p2a: Basa Pour toi
|-boost|p2a: Basa Pour toi|spa|1
|-boost|p2a: Basa Pour toi|spd|1
|move|p1a: Amoonguss|Sludge Bomb|p2a: Basa Pour toi
|-activate|p2a: Basa Pour toi|move: Substitute|[damage]
|
|-weather|Sandstorm|[upkeep]
|-damage|p2a: Basa Pour toi|69/100|[from] Sandstorm
|-damage|p1a: Amoonguss|88/100|[from] Sandstorm
|-heal|p2a: Basa Pour toi|75/100|[from] item: Leftovers
|upkeep
|turn|6
|c|+PandaDoux|michel tu joues pourquoi
|
|t:|1668180446
|move|p2a: Basa Pour toi|Calm Mind|p2a: Basa Pour toi
|-boost|p2a: Basa Pour toi|spa|1
|-boost|p2a: Basa Pour toi|spd|1
|move|p1a: Amoonguss|Seed Bomb|p2a: Basa Pour toi
|-supereffective|p2a: Basa Pour toi
|-end|p2a: Basa Pour toi|Substitute
|
|-weather|none
|-heal|p2a: Basa Pour toi|82/100|[from] item: Leftovers
|upkeep
|turn|7
|c|☆Micciu20250|last chance
|
|t:|1668180457
|move|p2a: Basa Pour toi|Protect|p2a: Basa Pour toi
|-singleturn|p2a: Basa Pour toi|Protect
|move|p1a: Amoonguss|Seed Bomb|p2a: Basa Pour toi
|-activate|p2a: Basa Pour toi|move: Protect
|
|-heal|p2a: Basa Pour toi|88/100|[from] item: Leftovers
|upkeep
|turn|8
|
|t:|1668180462
|move|p2a: Basa Pour toi|Scald|p1a: Amoonguss
|-resisted|p1a: Amoonguss
|-damage|p1a: Amoonguss|66/100
|move|p1a: Amoonguss|Seed Bomb|p2a: Basa Pour toi
|-supereffective|p2a: Basa Pour toi
|-damage|p2a: Basa Pour toi|58/100
|
|-heal|p2a: Basa Pour toi|64/100|[from] item: Leftovers
|upkeep
|turn|9
|
|t:|1668180470
|move|p2a: Basa Pour toi|Protect|p2a: Basa Pour toi
|-singleturn|p2a: Basa Pour toi|Protect
|move|p1a: Amoonguss|Sludge Bomb|p2a: Basa Pour toi
|-activate|p2a: Basa Pour toi|move: Protect
|
|-heal|p2a: Basa Pour toi|71/100|[from] item: Leftovers
|upkeep
|turn|10
|
|t:|1668180474
|move|p2a: Basa Pour toi|Scald|p1a: Amoonguss
|-resisted|p1a: Amoonguss
|-damage|p1a: Amoonguss|44/100
|-status|p1a: Amoonguss|brn
|move|p1a: Amoonguss|Seed Bomb|p2a: Basa Pour toi
|-supereffective|p2a: Basa Pour toi
|-damage|p2a: Basa Pour toi|54/100
|
|-heal|p2a: Basa Pour toi|60/100|[from] item: Leftovers
|-damage|p1a: Amoonguss|38/100 brn|[from] brn
|upkeep
|turn|11
|inactive|Elfuseon has 270 seconds left.
|
|t:|1668180505
|switch|p1a: Primarina|Primarina, F|100/100
|move|p2a: Basa Pour toi|Substitute|p2a: Basa Pour toi
|-start|p2a: Basa Pour toi|Substitute
|-damage|p2a: Basa Pour toi|35/100
|
|-heal|p2a: Basa Pour toi|42/100|[from] item: Leftovers
|upkeep
|turn|12
|
|t:|1668180509
|move|p2a: Basa Pour toi|Protect|p2a: Basa Pour toi
|-singleturn|p2a: Basa Pour toi|Protect
|move|p1a: Primarina|Moonblast|p2a: Basa Pour toi
|-activate|p2a: Basa Pour toi|move: Protect
|
|-heal|p2a: Basa Pour toi|48/100|[from] item: Leftovers
|upkeep
|turn|13
|
|t:|1668180512
|move|p2a: Basa Pour toi|Calm Mind|p2a: Basa Pour toi
|-boost|p2a: Basa Pour toi|spa|1
|-boost|p2a: Basa Pour toi|spd|1
|move|p1a: Primarina|Moonblast|p2a: Basa Pour toi
|-end|p2a: Basa Pour toi|Substitute
|
|-heal|p2a: Basa Pour toi|54/100|[from] item: Leftovers
|upkeep
|turn|14
|
|t:|1668180516
|move|p2a: Basa Pour toi|Protect|p2a: Basa Pour toi
|-singleturn|p2a: Basa Pour toi|Protect
|move|p1a: Primarina|Moonblast|p2a: Basa Pour toi
|-activate|p2a: Basa Pour toi|move: Protect
|
|-heal|p2a: Basa Pour toi|60/100|[from] item: Leftovers
|upkeep
|turn|15
|
|t:|1668180518
|move|p2a: Basa Pour toi|Substitute|p2a: Basa Pour toi
|-start|p2a: Basa Pour toi|Substitute
|-damage|p2a: Basa Pour toi|35/100
|move|p1a: Primarina|Moonblast|p2a: Basa Pour toi
|-end|p2a: Basa Pour toi|Substitute
|
|-heal|p2a: Basa Pour toi|41/100|[from] item: Leftovers
|upkeep
|turn|16
|
|t:|1668180523
|move|p2a: Basa Pour toi|Protect|p2a: Basa Pour toi
|-singleturn|p2a: Basa Pour toi|Protect
|move|p1a: Primarina|Moonblast|p2a: Basa Pour toi
|-activate|p2a: Basa Pour toi|move: Protect
|
|-heal|p2a: Basa Pour toi|48/100|[from] item: Leftovers
|upkeep
|turn|17
|
|t:|1668180553
|move|p2a: Basa Pour toi|Calm Mind|p2a: Basa Pour toi
|-boost|p2a: Basa Pour toi|spa|1
|-boost|p2a: Basa Pour toi|spd|1
|move|p1a: Primarina|Moonblast|p2a: Basa Pour toi
|-damage|p2a: Basa Pour toi|28/100
|
|-heal|p2a: Basa Pour toi|34/100|[from] item: Leftovers
|upkeep
|turn|18
|
|t:|1668180561
|move|p2a: Basa Pour toi|Protect|p2a: Basa Pour toi
|-singleturn|p2a: Basa Pour toi|Protect
|move|p1a: Primarina|Moonblast|p2a: Basa Pour toi
|-activate|p2a: Basa Pour toi|move: Protect
|
|-heal|p2a: Basa Pour toi|40/100|[from] item: Leftovers
|upkeep
|turn|19
|
|t:|1668180563
|move|p2a: Basa Pour toi|Substitute|p2a: Basa Pour toi
|-start|p2a: Basa Pour toi|Substitute
|-damage|p2a: Basa Pour toi|15/100
|move|p1a: Primarina|Moonblast|p2a: Basa Pour toi
|-activate|p2a: Basa Pour toi|move: Substitute|[damage]
|
|-heal|p2a: Basa Pour toi|22/100|[from] item: Leftovers
|upkeep
|turn|20
|
|t:|1668180568
|move|p2a: Basa Pour toi|Protect|p2a: Basa Pour toi
|-singleturn|p2a: Basa Pour toi|Protect
|move|p1a: Primarina|Moonblast|p2a: Basa Pour toi
|-activate|p2a: Basa Pour toi|move: Protect
|
|-heal|p2a: Basa Pour toi|28/100|[from] item: Leftovers
|upkeep
|turn|21
|
|t:|1668180571
|move|p2a: Basa Pour toi|Calm Mind|p2a: Basa Pour toi
|-boost|p2a: Basa Pour toi|spa|1
|-boost|p2a: Basa Pour toi|spd|1
|move|p1a: Primarina|Moonblast|p2a: Basa Pour toi
|-end|p2a: Basa Pour toi|Substitute
|
|-heal|p2a: Basa Pour toi|34/100|[from] item: Leftovers
|upkeep
|turn|22
|
|t:|1668180576
|move|p2a: Basa Pour toi|Substitute|p2a: Basa Pour toi
|-start|p2a: Basa Pour toi|Substitute
|-damage|p2a: Basa Pour toi|9/100
|move|p1a: Primarina|Moonblast|p2a: Basa Pour toi
|-activate|p2a: Basa Pour toi|move: Substitute|[damage]
|
|-heal|p2a: Basa Pour toi|15/100|[from] item: Leftovers
|upkeep
|turn|23
|
|t:|1668180583
|move|p2a: Basa Pour toi|Protect|p2a: Basa Pour toi
|-singleturn|p2a: Basa Pour toi|Protect
|move|p1a: Primarina|Moonblast|p2a: Basa Pour toi
|-activate|p2a: Basa Pour toi|move: Protect
|
|-heal|p2a: Basa Pour toi|21/100|[from] item: Leftovers
|upkeep
|turn|24
|
|t:|1668180588
|switch|p1a: Cobalion|Cobalion|100/100
|move|p2a: Basa Pour toi|Calm Mind|p2a: Basa Pour toi
|-boost|p2a: Basa Pour toi|spa|1
|-boost|p2a: Basa Pour toi|spd|1
|
|-heal|p2a: Basa Pour toi|27/100|[from] item: Leftovers
|upkeep
|turn|25
|
|t:|1668180591
|move|p2a: Basa Pour toi|Protect|p2a: Basa Pour toi
|-singleturn|p2a: Basa Pour toi|Protect
|move|p1a: Cobalion|Close Combat|p2a: Basa Pour toi
|-activate|p2a: Basa Pour toi|move: Protect
|
|-heal|p2a: Basa Pour toi|34/100|[from] item: Leftovers
|upkeep
|turn|26
|
|t:|1668180598
|move|p1a: Cobalion|Volt Switch|p2a: Basa Pour toi
|-supereffective|p2a: Basa Pour toi
|-activate|p2a: Basa Pour toi|move: Substitute|[damage]
|c|☆Elfuseon|ouais c'est chiant la burn
|
|t:|1668180610
|switch|p1a: Hydreigon|Hydreigon, F|100/100|[from]move: Volt Switch
|move|p2a: Basa Pour toi|Scald|p1a: Hydreigon
|-resisted|p1a: Hydreigon
|-damage|p1a: Hydreigon|44/100
|
|-heal|p2a: Basa Pour toi|40/100|[from] item: Leftovers
|upkeep
|turn|27
|
|t:|1668180615
|move|p2a: Basa Pour toi|Protect|p2a: Basa Pour toi
|-singleturn|p2a: Basa Pour toi|Protect
|move|p1a: Hydreigon|Dark Pulse|p2a: Basa Pour toi
|-activate|p2a: Basa Pour toi|move: Protect
|
|-heal|p2a: Basa Pour toi|46/100|[from] item: Leftovers
|upkeep
|turn|28
|-message|Elfuseon forfeited.
|
|win|Micciu20250
|c|☆Elfuseon|gg
|c|☆Micciu20250|gg
