|inactive|Battle timer is ON: inactive players will automatically lose when time's up.
|t:|1666537127
|gametype|singles
|player|p1|Lily|rosa-masters|
|player|p2|pokemonisfun|#uutrio2ladder|
|teamsize|p1|6
|teamsize|p2|6
|gen|8
|tier|[Gen 8] UU
|rule|Sleep Clause Mod: Limit one foe put to sleep
|rule|Species Clause: Limit one of each Pokémon
|rule|OHKO Clause: OHKO moves are banned
|rule|Evasion Items Clause: Evasion items are banned
|rule|Evasion Moves Clause: Evasion moves are banned
|rule|Endless Battle Clause: Forcing endless battles is banned
|rule|HP Percentage Mod: HP is shown in percentages
|rule|Dynamax Clause: You cannot dynamax
|clearpoke
|poke|p1|Keldeo-Resolute|
|poke|p1|Noivern, F|
|poke|p1|Celesteela|
|poke|p1|Amoonguss, M|
|poke|p1|Diggersby, F|
|poke|p1|Nihilego|
|poke|p2|Hippowdon, F|
|poke|p2|Regieleki|
|poke|p2|Sylveon, M|
|poke|p2|Scizor, M|
|poke|p2|Milotic, M|
|poke|p2|Thundurus-Therian, M|
|teampreview
|c|☆pokemonisfun|glhf
|c|☆pokemonisfun|you're the best tier leader
|c|☆Lily|u too
|c|☆Lily|thank u
|inactive|Lily has 270 seconds left.
|inactive|pokemonisfun has 270 seconds left.
|c|+ASKOV|np
|c|☆Lily|ip is sobbing in a corner rn
|c|☆pokemonisfun|no hes working
|inactive|Lily has 240 seconds left.
|inactive|pokemonisfun has 240 seconds left.
|raw|<div class="broadcast-red"><strong>Moderated chat was set to ☆!</strong><br />Only users of rank ☆ and higher can talk.</div>
|
|t:|1666537204
|start
|switch|p1a: Slimy Spring|Amoonguss, M, shiny|100/100
|switch|p2a: Hip(pos) dont lie|Hippowdon, F|100/100
|-weather|Sandstorm|[from] ability: Sand Stream|[of] p2a: Hip(pos) dont lie
|turn|1
|
|t:|1666537210
|move|p2a: Hip(pos) dont lie|Stealth Rock|p1a: Slimy Spring
|-sidestart|p1: Lily|move: Stealth Rock
|move|p1a: Slimy Spring|Sludge Bomb|p2a: Hip(pos) dont lie
|-resisted|p2a: Hip(pos) dont lie
|-damage|p2a: Hip(pos) dont lie|88/100
|-status|p2a: Hip(pos) dont lie|psn
|
|-weather|Sandstorm|[upkeep]
|-damage|p1a: Slimy Spring|94/100|[from] Sandstorm
|-heal|p1a: Slimy Spring|100/100|[from] item: Black Sludge
|-damage|p2a: Hip(pos) dont lie|76/100 psn|[from] psn
|upkeep
|turn|2
|
|t:|1666537223
|move|p2a: Hip(pos) dont lie|Earthquake|p1a: Slimy Spring
|-damage|p1a: Slimy Spring|72/100
|move|p1a: Slimy Spring|Stun Spore||[still]
|-fail|p1a: Slimy Spring
|
|-weather|Sandstorm|[upkeep]
|-damage|p1a: Slimy Spring|66/100|[from] Sandstorm
|-heal|p1a: Slimy Spring|72/100|[from] item: Black Sludge
|-damage|p2a: Hip(pos) dont lie|64/100 psn|[from] psn
|upkeep
|turn|3
|
|t:|1666537236
|move|p2a: Hip(pos) dont lie|Slack Off|p2a: Hip(pos) dont lie
|-heal|p2a: Hip(pos) dont lie|100/100 psn
|move|p1a: Slimy Spring|Stun Spore||[still]
|-fail|p1a: Slimy Spring
|
|-weather|Sandstorm|[upkeep]
|-damage|p1a: Slimy Spring|66/100|[from] Sandstorm
|-heal|p1a: Slimy Spring|72/100|[from] item: Black Sludge
|-damage|p2a: Hip(pos) dont lie|88/100 psn|[from] psn
|upkeep
|turn|4
|
|t:|1666537240
|switch|p1a: Space Storm|Celesteela, shiny|100/100
|-damage|p1a: Space Storm|88/100|[from] Stealth Rock
|move|p2a: Hip(pos) dont lie|Earthquake|p1a: Space Storm
|-immune|p1a: Space Storm
|
|-weather|Sandstorm|[upkeep]
|-heal|p1a: Space Storm|94/100|[from] item: Leftovers
|-damage|p2a: Hip(pos) dont lie|76/100 psn|[from] psn
|upkeep
|turn|5
|
|t:|1666537246
|switch|p1a: Slimy Spring|Amoonguss, M, shiny|100/100
|-damage|p1a: Slimy Spring|88/100|[from] Stealth Rock
|switch|p2a: snekkt snek|Milotic, M|100/100
|
|-weather|none
|-heal|p1a: Slimy Spring|94/100|[from] item: Black Sludge
|upkeep
|turn|6
|
|t:|1666537258
|switch|p2a: fairly fairy|Sylveon, M|100/100
|move|p1a: Slimy Spring|Sludge Bomb|p2a: fairly fairy
|-supereffective|p2a: fairly fairy
|-damage|p2a: fairly fairy|71/100
|
|-heal|p2a: fairly fairy|77/100|[from] item: Leftovers
|-heal|p1a: Slimy Spring|100/100|[from] item: Black Sludge
|upkeep
|turn|7
|
|t:|1666537265
|switch|p1a: Starshine Beach|Nihilego, shiny|100/100
|-damage|p1a: Starshine Beach|88/100|[from] Stealth Rock
|move|p2a: fairly fairy|Heal Bell|p2a: fairly fairy
|-activate|p2a: fairly fairy|move: Heal Bell
|-curestatus|p2: Hip(pos) dont lie|psn|[msg]
|
|-heal|p1a: Starshine Beach|94/100|[from] item: Black Sludge
|-heal|p2a: fairly fairy|83/100|[from] item: Leftovers
|upkeep
|turn|8
|
|t:|1666537274
|switch|p2a: chuggy buggy|Scizor, M|100/100
|move|p1a: Starshine Beach|Stealth Rock|p2a: chuggy buggy
|-sidestart|p2: pokemonisfun|move: Stealth Rock
|
|-heal|p1a: Starshine Beach|100/100|[from] item: Black Sludge
|upkeep
|turn|9
|
|t:|1666537279
|switch|p1a: Slimy Spring|Amoonguss, M, shiny|100/100
|-damage|p1a: Slimy Spring|88/100|[from] Stealth Rock
|move|p2a: chuggy buggy|Knock Off|p1a: Slimy Spring
|-damage|p1a: Slimy Spring|63/100
|-enditem|p1a: Slimy Spring|Black Sludge|[from] move: Knock Off|[of] p2a: chuggy buggy
|
|upkeep
|turn|10
|
|t:|1666537303
|switch|p1a: Boo Moon|Noivern, F|100/100
|move|p2a: chuggy buggy|U-turn|p1a: Boo Moon
|-resisted|p1a: Boo Moon
|-damage|p1a: Boo Moon|78/100
|inactive|pokemonisfun has 270 seconds left.
|inactive|pokemonisfun has 240 seconds left.
|
|t:|1666537350
|switch|p2a: fairly fairy|Sylveon, M|83/100|[from]move: U-turn
|-damage|p2a: fairly fairy|71/100|[from] Stealth Rock
|
|-heal|p2a: fairly fairy|77/100|[from] item: Leftovers
|upkeep
|turn|11
|
|t:|1666537354
|move|p2a: fairly fairy|Protect|p2a: fairly fairy
|-singleturn|p2a: fairly fairy|Protect
|move|p1a: Boo Moon|U-turn|p2a: fairly fairy
|-activate|p2a: fairly fairy|move: Protect
|
|-heal|p2a: fairly fairy|83/100|[from] item: Leftovers
|upkeep
|turn|12
|
|t:|1666537362
|move|p1a: Boo Moon|U-turn|p2a: fairly fairy
|-resisted|p2a: fairly fairy
|-damage|p2a: fairly fairy|77/100
|
|t:|1666537363
|switch|p1a: Starshine Beach|Nihilego, shiny|100/100|[from]move: U-turn
|-damage|p1a: Starshine Beach|88/100|[from] Stealth Rock
|move|p2a: fairly fairy|Wish|p2a: fairly fairy
|
|-heal|p1a: Starshine Beach|94/100|[from] item: Black Sludge
|-heal|p2a: fairly fairy|83/100|[from] item: Leftovers
|upkeep
|turn|13
|
|t:|1666537370
|switch|p2a: chuggy buggy|Scizor, M|100/100
|move|p1a: Starshine Beach|Knock Off|p2a: chuggy buggy
|-damage|p2a: chuggy buggy|91/100
|-enditem|p2a: chuggy buggy|Heavy-Duty Boots|[from] move: Knock Off|[of] p1a: Starshine Beach
|
|-heal|p2a: chuggy buggy|100/100|[from] move: Wish|[wisher] fairly fairy
|-heal|p1a: Starshine Beach|100/100|[from] item: Black Sludge
|upkeep
|turn|14
|inactive|pokemonisfun has 270 seconds left.
|
|t:|1666537377
|switch|p1a: Slimy Spring|Amoonguss, M, shiny|96/100
|-damage|p1a: Slimy Spring|84/100|[from] Stealth Rock
|move|p2a: chuggy buggy|U-turn|p1a: Slimy Spring
|-damage|p1a: Slimy Spring|56/100
|inactive|pokemonisfun has 270 seconds left.
|
|t:|1666537390
|switch|p2a: howdy mr cloudy|Thundurus-Therian, M|100/100|[from]move: U-turn
|
|upkeep
|turn|15
|inactive|pokemonisfun has 270 seconds left.
|
|t:|1666537397
|switch|p1a: Boo Moon|Noivern, F|78/100
|move|p2a: howdy mr cloudy|Psychic|p1a: Boo Moon
|-damage|p1a: Boo Moon|32/100
|
|upkeep
|turn|16
|inactive|pokemonisfun has 270 seconds left.
|
|t:|1666537409
|switch|p2a: fairly fairy|Sylveon, M|83/100
|-damage|p2a: fairly fairy|71/100|[from] Stealth Rock
|move|p1a: Boo Moon|Roost|p1a: Boo Moon
|-heal|p1a: Boo Moon|82/100
|-singleturn|p1a: Boo Moon|move: Roost
|
|-heal|p2a: fairly fairy|77/100|[from] item: Leftovers
|upkeep
|turn|17
|inactive|pokemonisfun has 270 seconds left.
|
|t:|1666537421
|switch|p1a: Space Storm|Celesteela, shiny|94/100
|-damage|p1a: Space Storm|82/100|[from] Stealth Rock
|move|p2a: fairly fairy|Wish|p2a: fairly fairy
|
|-heal|p2a: fairly fairy|83/100|[from] item: Leftovers
|-heal|p1a: Space Storm|88/100|[from] item: Leftovers
|upkeep
|turn|18
|inactive|pokemonisfun has 270 seconds left.
|
|t:|1666537432
|switch|p2a: Hip(pos) dont lie|Hippowdon, F|76/100
|-damage|p2a: Hip(pos) dont lie|70/100|[from] Stealth Rock
|-weather|Sandstorm|[from] ability: Sand Stream|[of] p2a: Hip(pos) dont lie
|move|p1a: Space Storm|Leech Seed|p2a: Hip(pos) dont lie
|-start|p2a: Hip(pos) dont lie|move: Leech Seed
|
|-weather|Sandstorm|[upkeep]
|-heal|p2a: Hip(pos) dont lie|100/100|[from] move: Wish|[wisher] fairly fairy
|-heal|p1a: Space Storm|94/100|[from] item: Leftovers
|-damage|p2a: Hip(pos) dont lie|88/100|[from] Leech Seed|[of] p1a: Space Storm
|-heal|p1a: Space Storm|100/100|[silent]
|upkeep
|turn|19
|
|t:|1666537436
|switch|p1a: Hightail Falls|Keldeo-Resolute|100/100
|-damage|p1a: Hightail Falls|94/100|[from] Stealth Rock
|switch|p2a: snekkt snek|Milotic, M|100/100
|
|-weather|Sandstorm|[upkeep]
|-damage|p1a: Hightail Falls|88/100|[from] Sandstorm
|-damage|p2a: snekkt snek|94/100|[from] Sandstorm
|upkeep
|turn|20
|
|t:|1666537444
|switch|p1a: Slimy Spring|Amoonguss, M, shiny|89/100
|-damage|p1a: Slimy Spring|77/100|[from] Stealth Rock
|move|p2a: snekkt snek|Recover|p2a: snekkt snek
|-heal|p2a: snekkt snek|100/100
|
|-weather|Sandstorm|[upkeep]
|-damage|p2a: snekkt snek|94/100|[from] Sandstorm
|-damage|p1a: Slimy Spring|71/100|[from] Sandstorm
|upkeep
|turn|21
|
|t:|1666537458
|move|p2a: snekkt snek|Scald|p1a: Slimy Spring
|-resisted|p1a: Slimy Spring
|-damage|p1a: Slimy Spring|59/100
|-status|p1a: Slimy Spring|brn
|move|p1a: Slimy Spring|Stun Spore|p2a: snekkt snek
|-status|p2a: snekkt snek|par
|
|-weather|Sandstorm|[upkeep]
|-damage|p2a: snekkt snek|88/100 par|[from] Sandstorm
|-damage|p1a: Slimy Spring|52/100 brn|[from] Sandstorm
|-damage|p1a: Slimy Spring|46/100 brn|[from] brn
|upkeep
|turn|22
|
|t:|1666537472
|move|p2a: snekkt snek|Toxic||[still]
|-fail|p2a: snekkt snek
|move|p1a: Slimy Spring|Synthesis|p1a: Slimy Spring
|-heal|p1a: Slimy Spring|71/100 brn
|
|-weather|none
|-damage|p1a: Slimy Spring|65/100 brn|[from] brn
|upkeep
|turn|23
|
|t:|1666537479
|move|p2a: snekkt snek|Scald|p1a: Slimy Spring
|-resisted|p1a: Slimy Spring
|-damage|p1a: Slimy Spring|54/100 brn
|move|p1a: Slimy Spring|Sludge Bomb|p2a: snekkt snek
|-damage|p2a: snekkt snek|70/100 par
|
|-damage|p1a: Slimy Spring|47/100 brn|[from] brn
|upkeep
|turn|24
|
|t:|1666537482
|move|p2a: snekkt snek|Recover|p2a: snekkt snek
|-heal|p2a: snekkt snek|100/100 par
|move|p1a: Slimy Spring|Synthesis|p1a: Slimy Spring
|-heal|p1a: Slimy Spring|97/100 brn
|
|-damage|p1a: Slimy Spring|91/100 brn|[from] brn
|upkeep
|turn|25
|
|t:|1666537492
|move|p2a: snekkt snek|Scald|p1a: Slimy Spring
|-resisted|p1a: Slimy Spring
|-damage|p1a: Slimy Spring|80/100 brn
|move|p1a: Slimy Spring|Stun Spore|p2a: snekkt snek
|-fail|p2a: snekkt snek|par
|
|-damage|p1a: Slimy Spring|74/100 brn|[from] brn
|upkeep
|turn|26
|c|☆pokemonisfun|we live in
|
|t:|1666537509
|move|p2a: snekkt snek|Scald|p1a: Slimy Spring
|-resisted|p1a: Slimy Spring
|-damage|p1a: Slimy Spring|62/100 brn
|move|p1a: Slimy Spring|Sludge Bomb|p2a: snekkt snek
|-damage|p2a: snekkt snek|83/100 par
|
|-damage|p1a: Slimy Spring|56/100 brn|[from] brn
|upkeep
|turn|27
|
|t:|1666537517
|cant|p2a: snekkt snek|par
|move|p1a: Slimy Spring|Sludge Bomb|p2a: snekkt snek
|-damage|p2a: snekkt snek|67/100 par
|
|-damage|p1a: Slimy Spring|50/100 brn|[from] brn
|upkeep
|turn|28
|
|t:|1666537519
|move|p2a: snekkt snek|Recover|p2a: snekkt snek
|-heal|p2a: snekkt snek|100/100 par
|move|p1a: Slimy Spring|Synthesis|p1a: Slimy Spring
|-heal|p1a: Slimy Spring|99/100 brn
|
|-damage|p1a: Slimy Spring|94/100 brn|[from] brn
|upkeep
|turn|29
|
|t:|1666537523
|move|p2a: snekkt snek|Scald|p1a: Slimy Spring
|-resisted|p1a: Slimy Spring
|-damage|p1a: Slimy Spring|82/100 brn
|move|p1a: Slimy Spring|Foul Play|p2a: snekkt snek
|-damage|p2a: snekkt snek|98/100 par
|
|-damage|p1a: Slimy Spring|76/100 brn|[from] brn
|upkeep
|turn|30
|
|t:|1666537528
|move|p2a: snekkt snek|Scald|p1a: Slimy Spring
|-resisted|p1a: Slimy Spring
|-damage|p1a: Slimy Spring|65/100 brn
|move|p1a: Slimy Spring|Foul Play|p2a: snekkt snek
|-damage|p2a: snekkt snek|95/100 par
|
|-damage|p1a: Slimy Spring|58/100 brn|[from] brn
|upkeep
|turn|31
|
|t:|1666537535
|switch|p1a: Space Storm|Celesteela, shiny|100/100
|-damage|p1a: Space Storm|88/100|[from] Stealth Rock
|cant|p2a: snekkt snek|par
|
|-heal|p1a: Space Storm|94/100|[from] item: Leftovers
|upkeep
|turn|32
|
|t:|1666537538
|move|p1a: Space Storm|Leech Seed|p2a: snekkt snek
|-start|p2a: snekkt snek|move: Leech Seed
|move|p2a: snekkt snek|Scald|p1a: Space Storm
|-damage|p1a: Space Storm|75/100
|-status|p1a: Space Storm|brn
|
|-heal|p1a: Space Storm|81/100 brn|[from] item: Leftovers
|-damage|p2a: snekkt snek|82/100 par|[from] Leech Seed|[of] p1a: Space Storm
|-heal|p1a: Space Storm|94/100 brn|[silent]
|-damage|p1a: Space Storm|88/100 brn|[from] brn
|upkeep
|turn|33
|inactive|pokemonisfun has 270 seconds left.
|
|t:|1666537592
|move|p1a: Space Storm|Flamethrower|p2a: snekkt snek
|-resisted|p2a: snekkt snek
|-damage|p2a: snekkt snek|76/100 par
|cant|p2a: snekkt snek|par
|
|-heal|p1a: Space Storm|94/100 brn|[from] item: Leftovers
|-damage|p2a: snekkt snek|63/100 par|[from] Leech Seed|[of] p1a: Space Storm
|-heal|p1a: Space Storm|100/100 brn|[silent]
|-damage|p1a: Space Storm|94/100 brn|[from] brn
|upkeep
|turn|34
|
|t:|1666537599
|move|p1a: Space Storm|Flamethrower|p2a: snekkt snek
|-resisted|p2a: snekkt snek
|-damage|p2a: snekkt snek|56/100 par
|move|p2a: snekkt snek|Recover|p2a: snekkt snek
|-heal|p2a: snekkt snek|100/100 par
|
|-heal|p1a: Space Storm|100/100 brn|[from] item: Leftovers
|-damage|p2a: snekkt snek|88/100 par|[from] Leech Seed|[of] p1a: Space Storm
|-damage|p1a: Space Storm|94/100 brn|[from] brn
|upkeep
|turn|35
|inactive|pokemonisfun has 240 seconds left.
|
|t:|1666537648
|switch|p2a: howdy mr cloudy|Thundurus-Therian, M|100/100
|move|p1a: Space Storm|Flamethrower|p2a: howdy mr cloudy
|-damage|p2a: howdy mr cloudy|68/100
|
|-heal|p1a: Space Storm|100/100 brn|[from] item: Leftovers
|-damage|p1a: Space Storm|94/100 brn|[from] brn
|upkeep
|turn|36
|
|t:|1666537662
|move|p2a: howdy mr cloudy|Thunderbolt|p1a: Space Storm
|-supereffective|p1a: Space Storm
|-damage|p1a: Space Storm|25/100 brn
|move|p1a: Space Storm|Leech Seed|p2a: howdy mr cloudy
|-start|p2a: howdy mr cloudy|move: Leech Seed
|
|-heal|p1a: Space Storm|31/100 brn|[from] item: Leftovers
|-damage|p2a: howdy mr cloudy|56/100|[from] Leech Seed|[of] p1a: Space Storm
|-heal|p1a: Space Storm|40/100 brn|[silent]
|-damage|p1a: Space Storm|34/100 brn|[from] brn
|upkeep
|turn|37
|
|t:|1666537670
|switch|p2a: zap and clap|Regieleki|100/100
|move|p1a: Space Storm|Protect||[still]
|-fail|p1a: Space Storm
|
|-heal|p1a: Space Storm|40/100 brn|[from] item: Leftovers
|-damage|p1a: Space Storm|34/100 brn|[from] brn
|upkeep
|turn|38
|
|t:|1666537678
|switch|p1a: Honeyhop|Diggersby, F|100/100
|-damage|p1a: Honeyhop|94/100|[from] Stealth Rock
|move|p2a: zap and clap|Rapid Spin|p1a: Honeyhop
|-damage|p1a: Honeyhop|82/100
|-boost|p2a: zap and clap|spe|1
|-sideend|p2: pokemonisfun|Stealth Rock|[from] move: Rapid Spin|[of] p2a: zap and clap
|
|upkeep
|turn|39
|inactive|pokemonisfun has 240 seconds left.
|
|t:|1666537693
|switch|p2a: Hip(pos) dont lie|Hippowdon, F|88/100
|-weather|Sandstorm|[from] ability: Sand Stream|[of] p2a: Hip(pos) dont lie
|move|p1a: Honeyhop|Earthquake|p2a: Hip(pos) dont lie
|-damage|p2a: Hip(pos) dont lie|47/100
|
|-weather|Sandstorm|[upkeep]
|upkeep
|turn|40
|
|t:|1666537706
|switch|p1a: Hightail Falls|Keldeo-Resolute|88/100
|-damage|p1a: Hightail Falls|82/100|[from] Stealth Rock
|move|p2a: Hip(pos) dont lie|Slack Off|p2a: Hip(pos) dont lie
|-heal|p2a: Hip(pos) dont lie|97/100
|
|-weather|Sandstorm|[upkeep]
|-damage|p1a: Hightail Falls|76/100|[from] Sandstorm
|upkeep
|turn|41
|inactive|pokemonisfun has 240 seconds left.
|
|t:|1666537714
|switch|p2a: snekkt snek|Milotic, M|88/100 par
|move|p1a: Hightail Falls|Secret Sword|p2a: snekkt snek
|-damage|p2a: snekkt snek|53/100 par
|
|-weather|Sandstorm|[upkeep]
|-damage|p1a: Hightail Falls|70/100|[from] Sandstorm
|-damage|p2a: snekkt snek|47/100 par|[from] Sandstorm
|upkeep
|turn|42
|inactive|pokemonisfun has 240 seconds left.
|
|t:|1666537734
|switch|p2a: fairly fairy|Sylveon, M|83/100
|move|p1a: Hightail Falls|Secret Sword|p2a: fairly fairy
|-resisted|p2a: fairly fairy
|-damage|p2a: fairly fairy|47/100
|
|-weather|Sandstorm|[upkeep]
|-damage|p1a: Hightail Falls|63/100|[from] Sandstorm
|-damage|p2a: fairly fairy|41/100|[from] Sandstorm
|-heal|p2a: fairly fairy|47/100|[from] item: Leftovers
|upkeep
|turn|43
|inactive|pokemonisfun has 240 seconds left.
|
|t:|1666537745
|switch|p1a: Starshine Beach|Nihilego, shiny|100/100
|-damage|p1a: Starshine Beach|88/100|[from] Stealth Rock
|move|p2a: fairly fairy|Wish|p2a: fairly fairy
|
|-weather|none
|-heal|p1a: Starshine Beach|94/100|[from] item: Black Sludge
|-heal|p2a: fairly fairy|53/100|[from] item: Leftovers
|upkeep
|turn|44
|inactive|pokemonisfun has 240 seconds left.
|
|t:|1666537782
|move|p2a: fairly fairy|Protect|p2a: fairly fairy
|-singleturn|p2a: fairly fairy|Protect
|move|p1a: Starshine Beach|Stealth Rock|p2a: fairly fairy
|-sidestart|p2: pokemonisfun|move: Stealth Rock
|
|-heal|p2a: fairly fairy|100/100|[from] move: Wish|[wisher] fairly fairy
|-heal|p1a: Starshine Beach|100/100|[from] item: Black Sludge
|upkeep
|turn|45
|
|t:|1666537789
|move|p1a: Starshine Beach|Power Gem|p2a: fairly fairy
|-damage|p2a: fairly fairy|77/100
|move|p2a: fairly fairy|Wish|p2a: fairly fairy
|
|-heal|p2a: fairly fairy|83/100|[from] item: Leftovers
|upkeep
|turn|46
|
|t:|1666537802
|switch|p1a: Space Storm|Celesteela, shiny|34/100 brn
|-damage|p1a: Space Storm|22/100 brn|[from] Stealth Rock
|switch|p2a: snekkt snek|Milotic, M|47/100 par
|
|-heal|p2a: snekkt snek|97/100 par|[from] move: Wish|[wisher] fairly fairy
|-heal|p1a: Space Storm|28/100 brn|[from] item: Leftovers
|-damage|p1a: Space Storm|22/100 brn|[from] brn
|upkeep
|turn|47
|
|t:|1666537809
|move|p1a: Space Storm|Leech Seed|p2a: snekkt snek
|-start|p2a: snekkt snek|move: Leech Seed
|move|p2a: snekkt snek|Scald|p1a: Space Storm
|-damage|p1a: Space Storm|4/100 brn
|
|-heal|p1a: Space Storm|10/100 brn|[from] item: Leftovers
|-damage|p2a: snekkt snek|84/100 par|[from] Leech Seed|[of] p1a: Space Storm
|-heal|p1a: Space Storm|22/100 brn|[silent]
|-damage|p1a: Space Storm|16/100 brn|[from] brn
|upkeep
|turn|48
|
|t:|1666537812
|switch|p2a: zap and clap|Regieleki|100/100
|move|p1a: Space Storm|Leech Seed|p2a: zap and clap
|-start|p2a: zap and clap|move: Leech Seed
|
|-heal|p1a: Space Storm|22/100 brn|[from] item: Leftovers
|-damage|p2a: zap and clap|88/100|[from] Leech Seed|[of] p1a: Space Storm
|-heal|p1a: Space Storm|31/100 brn|[silent]
|-damage|p1a: Space Storm|25/100 brn|[from] brn
|upkeep
|turn|49
|inactive|pokemonisfun has 240 seconds left.
|
|t:|1666537827
|switch|p1a: Honeyhop|Diggersby, F|82/100
|-damage|p1a: Honeyhop|76/100|[from] Stealth Rock
|move|p2a: zap and clap|Rapid Spin|p1a: Honeyhop
|-damage|p1a: Honeyhop|63/100
|-boost|p2a: zap and clap|spe|1
|-end|p2a: zap and clap|Leech Seed|[from] move: Rapid Spin|[of] p2a: zap and clap
|-sideend|p2: pokemonisfun|Stealth Rock|[from] move: Rapid Spin|[of] p2a: zap and clap
|
|upkeep
|turn|50
|
|t:|1666537841
|switch|p2a: Hip(pos) dont lie|Hippowdon, F|97/100
|-weather|Sandstorm|[from] ability: Sand Stream|[of] p2a: Hip(pos) dont lie
|move|p1a: Honeyhop|Spikes|p2a: Hip(pos) dont lie
|-sidestart|p2: pokemonisfun|Spikes
|
|-weather|Sandstorm|[upkeep]
|upkeep
|turn|51
|inactive|pokemonisfun has 210 seconds left.
|inactive|pokemonisfun has 180 seconds left.
|
|t:|1666537925
|move|p1a: Honeyhop|Body Slam|p2a: Hip(pos) dont lie
|-damage|p2a: Hip(pos) dont lie|60/100
|-damage|p1a: Honeyhop|46/100|[from] item: Rocky Helmet|[of] p2a: Hip(pos) dont lie
|move|p2a: Hip(pos) dont lie|Toxic|p1a: Honeyhop
|-status|p1a: Honeyhop|tox
|
|-weather|Sandstorm|[upkeep]
|-damage|p1a: Honeyhop|40/100 tox|[from] psn
|upkeep
|turn|52
|
|t:|1666537945
|switch|p1a: Hightail Falls|Keldeo-Resolute|63/100
|-damage|p1a: Hightail Falls|57/100|[from] Stealth Rock
|move|p2a: Hip(pos) dont lie|Slack Off|p2a: Hip(pos) dont lie
|-heal|p2a: Hip(pos) dont lie|100/100
|
|-weather|Sandstorm|[upkeep]
|-damage|p1a: Hightail Falls|51/100|[from] Sandstorm
|upkeep
|turn|53
|inactive|pokemonisfun has 150 seconds left.
|
|t:|1666537969
|switch|p2a: snekkt snek|Milotic, M|84/100 par
|move|p1a: Hightail Falls|Hydro Pump|p2a: snekkt snek
|-resisted|p2a: snekkt snek
|-damage|p2a: snekkt snek|55/100 par
|
|-weather|Sandstorm|[upkeep]
|-damage|p1a: Hightail Falls|45/100|[from] Sandstorm
|-damage|p2a: snekkt snek|49/100 par|[from] Sandstorm
|upkeep
|turn|54
|inactive|pokemonisfun has 150 seconds left.
|
|t:|1666537988
|move|p1a: Hightail Falls|Hydro Pump|p2a: snekkt snek
|-resisted|p2a: snekkt snek
|-damage|p2a: snekkt snek|22/100 par
|move|p2a: snekkt snek|Recover|p2a: snekkt snek
|-heal|p2a: snekkt snek|72/100 par
|
|-weather|none
|upkeep
|turn|55
|
|t:|1666537997
|switch|p1a: Starshine Beach|Nihilego, shiny|100/100
|-damage|p1a: Starshine Beach|88/100|[from] Stealth Rock
|cant|p2a: snekkt snek|par
|
|-heal|p1a: Starshine Beach|94/100|[from] item: Black Sludge
|upkeep
|turn|56
|inactive|pokemonisfun has 150 seconds left.
|
|t:|1666538011
|switch|p2a: chuggy buggy|Scizor, M|100/100
|-damage|p2a: chuggy buggy|88/100|[from] Spikes
|move|p1a: Starshine Beach|Stealth Rock|p2a: chuggy buggy
|-sidestart|p2: pokemonisfun|move: Stealth Rock
|
|-heal|p1a: Starshine Beach|100/100|[from] item: Black Sludge
|upkeep
|turn|57
|inactive|pokemonisfun has 150 seconds left.
|
|t:|1666538020
|move|p1a: Starshine Beach|Power Gem|p2a: chuggy buggy
|-crit|p2a: chuggy buggy
|-damage|p2a: chuggy buggy|23/100
|move|p2a: chuggy buggy|Knock Off|p1a: Starshine Beach
|-damage|p1a: Starshine Beach|52/100
|-enditem|p1a: Starshine Beach|Black Sludge|[from] move: Knock Off|[of] p2a: chuggy buggy
|
|upkeep
|turn|58
|inactive|pokemonisfun has 150 seconds left.
|
|t:|1666538043
|switch|p1a: Boo Moon|Noivern, F|82/100
|move|p2a: chuggy buggy|Bullet Punch|p1a: Boo Moon
|-damage|p1a: Boo Moon|47/100
|
|upkeep
|turn|59
|inactive|pokemonisfun has 120 seconds left.
|
|t:|1666538076
|move|p1a: Boo Moon|U-turn|p2a: chuggy buggy
|-resisted|p2a: chuggy buggy
|-damage|p2a: chuggy buggy|19/100
|
|t:|1666538080
|switch|p1a: Hightail Falls|Keldeo-Resolute|45/100|[from]move: U-turn
|-damage|p1a: Hightail Falls|39/100|[from] Stealth Rock
|move|p2a: chuggy buggy|U-turn|p1a: Hightail Falls
|-resisted|p1a: Hightail Falls
|-damage|p1a: Hightail Falls|21/100
|inactive|pokemonisfun has 120 seconds left.
|
|t:|1666538104
|switch|p2a: zap and clap|Regieleki|88/100|[from]move: U-turn
|
|upkeep
|turn|60
|
|t:|1666538115
|move|p2a: zap and clap|Volt Switch|p1a: Hightail Falls
|-supereffective|p1a: Hightail Falls
|-damage|p1a: Hightail Falls|0 fnt
|faint|p1a: Hightail Falls
|
|t:|1666538138
|switch|p2a: snekkt snek|Milotic, M|72/100 par|[from]move: Volt Switch
|
|upkeep
|
|t:|1666538146
|switch|p1a: Honeyhop|Diggersby, F|40/100 tox
|-damage|p1a: Honeyhop|34/100 tox|[from] Stealth Rock
|turn|61
|inactive|pokemonisfun has 90 seconds left.
|
|t:|1666538175
|move|p1a: Honeyhop|Earthquake|p2a: snekkt snek
|-damage|p2a: snekkt snek|37/100 par
|cant|p2a: snekkt snek|par
|
|-damage|p1a: Honeyhop|28/100 tox|[from] psn
|upkeep
|turn|62
|inactive|pokemonisfun has 90 seconds left.
|
|t:|1666538183
|move|p1a: Honeyhop|Earthquake|p2a: snekkt snek
|-damage|p2a: snekkt snek|2/100 par
|move|p2a: snekkt snek|Recover|p2a: snekkt snek
|-heal|p2a: snekkt snek|52/100 par
|
|-damage|p1a: Honeyhop|16/100 tox|[from] psn
|upkeep
|turn|63
|
|t:|1666538187
|move|p1a: Honeyhop|Earthquake|p2a: snekkt snek
|-damage|p2a: snekkt snek|14/100 par
|move|p2a: snekkt snek|Recover|p2a: snekkt snek
|-heal|p2a: snekkt snek|64/100 par
|
|-damage|p1a: Honeyhop|0 fnt|[from] psn
|faint|p1a: Honeyhop
|upkeep
|
|t:|1666538192
|switch|p1a: Starshine Beach|Nihilego, shiny|52/100
|-damage|p1a: Starshine Beach|39/100|[from] Stealth Rock
|turn|64
|
|t:|1666538215
|move|p1a: Starshine Beach|Sludge Bomb|p2a: snekkt snek
|-damage|p2a: snekkt snek|35/100 par
|move|p2a: snekkt snek|Scald|p1a: Starshine Beach
|-supereffective|p1a: Starshine Beach
|-damage|p1a: Starshine Beach|0 fnt
|faint|p1a: Starshine Beach
|
|upkeep
|
|t:|1666538225
|switch|p1a: Boo Moon|Noivern, F|47/100
|turn|65
|
|t:|1666538233
|switch|p2a: fairly fairy|Sylveon, M|83/100
|-damage|p2a: fairly fairy|71/100|[from] Spikes
|-damage|p2a: fairly fairy|58/100|[from] Stealth Rock
|move|p1a: Boo Moon|Draco Meteor|p2a: fairly fairy
|-immune|p2a: fairly fairy
|
|-heal|p2a: fairly fairy|64/100|[from] item: Leftovers
|upkeep
|turn|66
|
|t:|1666538244
|move|p1a: Boo Moon|Roost|p1a: Boo Moon
|-heal|p1a: Boo Moon|98/100
|-singleturn|p1a: Boo Moon|move: Roost
|move|p2a: fairly fairy|Hyper Voice|p1a: Boo Moon
|-supereffective|p1a: Boo Moon
|-damage|p1a: Boo Moon|0 fnt
|faint|p1a: Boo Moon
|
|-heal|p2a: fairly fairy|70/100|[from] item: Leftovers
|upkeep
|c|☆Lily|gg
|-message|Lily forfeited.
|
|win|pokemonisfun
|c|☆pokemonisfun|gg
