|inactive|Battle timer is ON: inactive players will automatically lose when time's up.
|t:|1655320522
|gametype|singles
|player|p1|KSt3ve|unknown|
|player|p2|pinkdragontamer|#wcop2022ussouth|
|teamsize|p1|6
|teamsize|p2|6
|gen|8
|tier|[Gen 8] UU
|rule|Sleep Clause Mod: Limit one foe put to sleep
|rule|Species Clause: Limit one of each Pokémon
|rule|OHKO Clause: OHKO moves are banned
|rule|Evasion Moves Clause: Evasion moves are banned
|rule|Endless Battle Clause: Forcing endless battles is banned
|rule|HP Percentage Mod: HP is shown in percentages
|rule|Dynamax Clause: You cannot dynamax
|clearpoke
|poke|p1|Conkeldurr, F|
|poke|p1|Nihilego|
|poke|p1|Chansey, F|
|poke|p1|Salamence, M|
|poke|p1|Zygarde-10%|
|poke|p1|Scizor, F|
|poke|p2|Thundurus-Therian, M|
|poke|p2|Jirachi|
|poke|p2|Raikou|
|poke|p2|Cobalion|
|poke|p2|Tangrowth, M|
|poke|p2|Nihilego|
|teampreview
|c|☆KSt3ve|hf
|c|☆pinkdragontamer|hf
|c|+Luthier|inv/
|c|@Lily|n
|inactive|KSt3ve has 270 seconds left.
|c|+Micciu20250|STEVEEE
|c|+itsjustdrew|PDT SAVE THE SEASON
|c|+Ara ara<3|where are the little conks?
|inactive|KSt3ve has 240 seconds left.
|c|☆KSt3ve|:)
|inactive|KSt3ve has 210 seconds left.
|
|t:|1655320624
|start
|switch|p1a: Conkeldurr|Conkeldurr, F|100/100
|switch|p2a: Tangrowth|Tangrowth, M|100/100
|turn|1
|
|t:|1655320627
|switch|p1a: Scizor|Scizor, F|100/100
|move|p2a: Tangrowth|Knock Off|p1a: Scizor
|-damage|p1a: Scizor|85/100
|-enditem|p1a: Scizor|Heavy-Duty Boots|[from] move: Knock Off|[of] p2a: Tangrowth
|
|upkeep
|turn|2
|
|t:|1655320631
|move|p1a: Scizor|U-turn|p2a: Tangrowth
|-supereffective|p2a: Tangrowth
|-crit|p2a: Tangrowth
|-damage|p2a: Tangrowth|44/100
|inactive|KSt3ve has 270 seconds left.
|c|+Mimilucha|vamos steve
|c|+Moutemoute|the day people gonna begin to run band zor
|inactive|KSt3ve has 240 seconds left.
|c|+Moutemoute|and yonks those grass types
|
|t:|1655320684
|switch|p1a: Chansey|Chansey, F|100/100|[from]move: U-turn
|move|p2a: Tangrowth|Knock Off|p1a: Chansey
|-damage|p1a: Chansey|88/100
|-enditem|p1a: Chansey|Eviolite|[from] move: Knock Off|[of] p2a: Tangrowth
|
|upkeep
|turn|3
|
|t:|1655320689
|switch|p2a: Cobalion|Cobalion|100/100
|move|p1a: Chansey|Teleport|p1a: Chansey
|
|t:|1655320690
|switch|p1a: Conkeldurr|Conkeldurr, F|100/100|[from]move: Teleport
|
|upkeep
|turn|4
|c|+Moutemoute|no more eviolite perdemos
|
|t:|1655320698
|move|p2a: Cobalion|Volt Switch|p1a: Conkeldurr
|-damage|p1a: Conkeldurr|90/100
|
|t:|1655320701
|switch|p2a: Jirachi|Jirachi|100/100|[from]move: Volt Switch
|move|p1a: Conkeldurr|Bulk Up|p1a: Conkeldurr
|-boost|p1a: Conkeldurr|atk|1
|-boost|p1a: Conkeldurr|def|1
|
|-heal|p1a: Conkeldurr|96/100|[from] item: Leftovers
|upkeep
|turn|5
|
|t:|1655320705
|move|p2a: Jirachi|Psychic|p1a: Conkeldurr
|-supereffective|p1a: Conkeldurr
|-damage|p1a: Conkeldurr|30/100
|-unboost|p1a: Conkeldurr|spd|1
|move|p1a: Conkeldurr|Knock Off|p2a: Jirachi
|-supereffective|p2a: Jirachi
|-damage|p2a: Jirachi|8/100
|-enditem|p2a: Jirachi|Power Herb|[from] move: Knock Off|[of] p1a: Conkeldurr
|
|-heal|p1a: Conkeldurr|36/100|[from] item: Leftovers
|upkeep
|turn|6
|
|t:|1655320713
|switch|p2a: Thundurus|Thundurus-Therian, M|100/100
|move|p1a: Conkeldurr|Mach Punch|p2a: Thundurus
|-resisted|p2a: Thundurus
|-damage|p2a: Thundurus|78/100
|
|-heal|p1a: Conkeldurr|42/100|[from] item: Leftovers
|upkeep
|turn|7
|inactive|KSt3ve has 270 seconds left.
|inactive|KSt3ve has 240 seconds left.
|
|t:|1655320765
|switch|p1a: Zygarde|Zygarde-10%|100/100
|-ability|p1a: Zygarde|Aura Break
|move|p2a: Thundurus|Psychic|p1a: Zygarde
|-damage|p1a: Zygarde|46/100
|
|upkeep
|turn|8
|inactive|KSt3ve has 240 seconds left.
|
|t:|1655320773
|switch|p2a: Tangrowth|Tangrowth, M|77/100
|move|p1a: Zygarde|Outrage|p2a: Tangrowth
|-damage|p2a: Tangrowth|30/100
|
|upkeep
|turn|9
|
|t:|1655320775
|switch|p2a: Jirachi|Jirachi|8/100
|move|p1a: Zygarde|Outrage|p2a: Jirachi|[from]lockedmove
|-resisted|p2a: Jirachi
|-damage|p2a: Jirachi|0 fnt
|faint|p2a: Jirachi
|-start|p1a: Zygarde|confusion|[fatigue]
|
|upkeep
|
|t:|1655320777
|switch|p2a: Cobalion|Cobalion|100/100
|turn|10
|
|t:|1655320782
|switch|p1a: Salamence|Salamence, M|100/100
|-ability|p1a: Salamence|Intimidate|boost
|-unboost|p2a: Cobalion|atk|1
|move|p2a: Cobalion|Stealth Rock|p1a: Salamence
|-sidestart|p1: KSt3ve|move: Stealth Rock
|
|upkeep
|turn|11
|
|t:|1655320784
|move|p2a: Cobalion|Taunt|p1a: Salamence
|-start|p1a: Salamence|move: Taunt
|cant|p1a: Salamence|move: Taunt|Defog
|
|upkeep
|turn|12
|
|t:|1655320795
|switch|p1a: Zygarde|Zygarde-10%|46/100
|-damage|p1a: Zygarde|40/100|[from] Stealth Rock
|-ability|p1a: Zygarde|Aura Break
|move|p2a: Cobalion|Volt Switch|p1a: Zygarde
|-immune|p1a: Zygarde
|
|upkeep
|turn|13
|inactive|KSt3ve has 270 seconds left.
|
|t:|1655320815
|switch|p2a: Tangrowth|Tangrowth, M|63/100
|move|p1a: Zygarde|Superpower|p2a: Tangrowth
|-damage|p2a: Tangrowth|31/100
|-unboost|p1a: Zygarde|atk|1
|-unboost|p1a: Zygarde|def|1
|
|upkeep
|turn|14
|c|+Jeza.p|:pouss: 
|inactive|KSt3ve has 270 seconds left.
|
|t:|1655320839
|switch|p2a: Cobalion|Cobalion|100/100
|move|p1a: Zygarde|Superpower|p2a: Cobalion
|-supereffective|p2a: Cobalion
|-damage|p2a: Cobalion|43/100
|-unboost|p1a: Zygarde|atk|1
|-unboost|p1a: Zygarde|def|1
|-damage|p1a: Zygarde|24/100|[from] item: Rocky Helmet|[of] p2a: Cobalion
|
|upkeep
|turn|15
|c|+Mimilucha|:pouss:
|inactive|KSt3ve has 240 seconds left.
|c|+Micciu20250|:pouss:
|inactive|KSt3ve has 210 seconds left.
|
|t:|1655320904
|switch|p1a: Salamence|Salamence, M|100/100
|-ability|p1a: Salamence|Intimidate|boost
|-unboost|p2a: Cobalion|atk|1
|move|p2a: Cobalion|Volt Switch|p1a: Salamence
|-damage|p1a: Salamence|86/100
|
|t:|1655320911
|switch|p2a: Nihilego|Nihilego|100/100|[from]move: Volt Switch
|
|upkeep
|turn|16
|inactive|KSt3ve has 210 seconds left.
|inactive|KSt3ve has 180 seconds left.
|
|t:|1655320981
|switch|p1a: Nihilego|Nihilego|100/100
|-damage|p1a: Nihilego|88/100|[from] Stealth Rock
|move|p2a: Nihilego|Sludge Bomb|p1a: Nihilego
|-resisted|p1a: Nihilego
|-damage|p1a: Nihilego|80/100
|
|-heal|p1a: Nihilego|87/100|[from] item: Black Sludge
|upkeep
|turn|17
|
|t:|1655320988
|switch|p2a: Cobalion|Cobalion|43/100
|move|p1a: Nihilego|Stealth Rock|p2a: Cobalion
|-sidestart|p2: pinkdragontamer|move: Stealth Rock
|
|-heal|p1a: Nihilego|93/100|[from] item: Black Sludge
|upkeep
|turn|18
|
|t:|1655321005
|switch|p1a: Salamence|Salamence, M|86/100
|-ability|p1a: Salamence|Intimidate|boost
|-unboost|p2a: Cobalion|atk|1
|move|p2a: Cobalion|Close Combat|p1a: Salamence
|-resisted|p1a: Salamence
|-damage|p1a: Salamence|72/100
|-unboost|p2a: Cobalion|def|1
|-unboost|p2a: Cobalion|spd|1
|
|upkeep
|turn|19
|
|t:|1655321011
|switch|p2a: Nihilego|Nihilego|100/100
|-damage|p2a: Nihilego|88/100|[from] Stealth Rock
|move|p1a: Salamence|Flamethrower|p2a: Nihilego
|-resisted|p2a: Nihilego
|-damage|p2a: Nihilego|80/100
|
|upkeep
|turn|20
|
|t:|1655321023
|switch|p1a: Chansey|Chansey, F|88/100
|-damage|p1a: Chansey|76/100|[from] Stealth Rock
|move|p2a: Nihilego|Meteor Beam||[still]
|-prepare|p2a: Nihilego|Meteor Beam
|-boost|p2a: Nihilego|spa|1
|-enditem|p2a: Nihilego|Power Herb
|-anim|p2a: Nihilego|Meteor Beam|p1a: Chansey
|-damage|p1a: Chansey|34/100
|
|upkeep
|turn|21
|
|t:|1655321033
|move|p2a: Nihilego|Meteor Beam||[still]
|-prepare|p2a: Nihilego|Meteor Beam
|-boost|p2a: Nihilego|spa|1
|move|p1a: Chansey|Teleport|p1a: Chansey
|
|t:|1655321035
|switch|p1a: Scizor|Scizor, F|85/100|[from]move: Teleport
|-damage|p1a: Scizor|73/100|[from] Stealth Rock
|
|upkeep
|turn|22
|
|t:|1655321038
|move|p1a: Scizor|Bullet Punch|p2a: Nihilego
|-supereffective|p2a: Nihilego
|-damage|p2a: Nihilego|2/100
|move|p2a: Nihilego|Meteor Beam|p1a: Scizor|[from]lockedmove
|-damage|p1a: Scizor|0 fnt
|faint|p1a: Scizor
|-ability|p2a: Nihilego|Beast Boost|boost
|-boost|p2a: Nihilego|spe|1
|
|upkeep
|c|☆KSt3ve|bruh
|c|+Moutemoute|F
|c|+Moutemoute|no atk scizor
|c|+Micciu20250|Noooo
|c|☆pinkdragontamer|u have a zydog my g
|c|+Moutemoute|is puke
|inactive|KSt3ve has 150 seconds left.
|c|☆KSt3ve|dude 
|c|☆KSt3ve|i throw
|c|+Moutemoute|ptin j'avais pas fais gaffe ks
|c|☆KSt3ve|so much
|c|+Moutemoute|que c'était ton caca zor
|c|+Alkione|Pitié me fais pas jouer à Pokemon
|c|+Alkione|Merci
|inactive|KSt3ve has 120 seconds left.
|
|t:|1655321101
|switch|p1a: Conkeldurr|Conkeldurr, F|42/100
|-damage|p1a: Conkeldurr|36/100|[from] Stealth Rock
|turn|23
|
|t:|1655321111
|switch|p2a: Thundurus|Thundurus-Therian, M|78/100
|move|p1a: Conkeldurr|Mach Punch|p2a: Thundurus
|-resisted|p2a: Thundurus
|-damage|p2a: Thundurus|63/100
|
|-heal|p1a: Conkeldurr|42/100|[from] item: Leftovers
|upkeep
|turn|24
|c|☆KSt3ve|i'm terrible
|c|+sirwings|je confirme, laisse pas jouer alkione
|c|☆KSt3ve|i'm sorry
|inactive|KSt3ve has 120 seconds left.
|c|+sirwings|il a eu sa dose
|c|+Alkione|Sirwings, y a des moments faut se TAIRE
|c|☆KSt3ve|^
|c|+Micciu20250|^ 
|
|t:|1655321156
|switch|p1a: Nihilego|Nihilego|93/100
|-damage|p1a: Nihilego|80/100|[from] Stealth Rock
|move|p2a: Thundurus|Psychic|p1a: Nihilego
|-supereffective|p1a: Nihilego
|-damage|p1a: Nihilego|30/100
|
|-heal|p1a: Nihilego|36/100|[from] item: Black Sludge
|upkeep
|turn|25
|inactive|KSt3ve has 90 seconds left.
|
|t:|1655321194
|switch|p1a: Zygarde|Zygarde-10%|24/100
|-damage|p1a: Zygarde|18/100|[from] Stealth Rock
|-ability|p1a: Zygarde|Aura Break
|switch|p2a: Cobalion|Cobalion|43/100
|-damage|p2a: Cobalion|40/100|[from] Stealth Rock
|
|upkeep
|turn|26
|
|t:|1655321198
|switch|p2a: Tangrowth|Tangrowth, M|64/100
|-damage|p2a: Tangrowth|51/100|[from] Stealth Rock
|move|p1a: Zygarde|Thousand Arrows|p2a: Tangrowth
|-resisted|p2a: Tangrowth
|-damage|p2a: Tangrowth|34/100
|
|upkeep
|turn|27
|inactive|KSt3ve has 90 seconds left.
|
|t:|1655321220
|switch|p1a: Salamence|Salamence, M|72/100
|-ability|p1a: Salamence|Intimidate|boost
|-unboost|p2a: Tangrowth|atk|1
|move|p2a: Tangrowth|Seed Bomb|p1a: Salamence
|-resisted|p1a: Salamence
|-damage|p1a: Salamence|69/100
|
|upkeep
|turn|28
|
|t:|1655321228
|switch|p2a: Thundurus|Thundurus-Therian, M|63/100
|move|p1a: Salamence|Flamethrower|p2a: Thundurus
|-damage|p2a: Thundurus|32/100
|
|upkeep
|turn|29
|
|t:|1655321236
|move|p2a: Thundurus|Thunderbolt|p1a: Salamence
|-damage|p1a: Salamence|13/100
|move|p1a: Salamence|Roost|p1a: Salamence
|-heal|p1a: Salamence|63/100
|-singleturn|p1a: Salamence|move: Roost
|
|upkeep
|turn|30
|inactive|KSt3ve has 90 seconds left.
|c|☆KSt3ve|oh my god
|inactive|KSt3ve has 60 seconds left.
|
|t:|1655321279
|move|p2a: Thundurus|Thunderbolt|p1a: Salamence
|-damage|p1a: Salamence|12/100
|-status|p1a: Salamence|par
|cant|p1a: Salamence|par
|
|upkeep
|turn|31
|c|☆KSt3ve|no way
|inactive|KSt3ve has 60 seconds left.
|
|t:|1655321291
|move|p2a: Thundurus|Psychic|p1a: Salamence
|-damage|p1a: Salamence|0 fnt
|faint|p1a: Salamence
|
|upkeep
|
|t:|1655321297
|switch|p1a: Zygarde|Zygarde-10%|18/100
|-damage|p1a: Zygarde|12/100|[from] Stealth Rock
|-ability|p1a: Zygarde|Aura Break
|turn|32
|
|t:|1655321300
|switch|p2a: Tangrowth|Tangrowth, M|68/100
|-damage|p2a: Tangrowth|55/100|[from] Stealth Rock
|move|p1a: Zygarde|Superpower|p2a: Tangrowth
|-damage|p2a: Tangrowth|24/100
|-unboost|p1a: Zygarde|atk|1
|-unboost|p1a: Zygarde|def|1
|
|upkeep
|turn|33
|inactive|KSt3ve has 60 seconds left.
|c|☆KSt3ve|dsl alkione
|inactive|KSt3ve has 30 seconds left.
|
|t:|1655321347
|switch|p1a: Chansey|Chansey, F|34/100
|-damage|p1a: Chansey|21/100|[from] Stealth Rock
|switch|p2a: Thundurus|Thundurus-Therian, M|32/100
|
|upkeep
|turn|34
|inactive|KSt3ve has 30 seconds left.
|inactive|KSt3ve has 20 seconds left.
|inactive|KSt3ve has 15 seconds left.
|inactive|KSt3ve has 10 seconds left.
|
|t:|1655321382
|switch|p1a: Zygarde|Zygarde-10%|12/100
|-damage|p1a: Zygarde|6/100|[from] Stealth Rock
|-ability|p1a: Zygarde|Aura Break
|move|p2a: Thundurus|Thunderbolt|p1a: Zygarde
|-immune|p1a: Zygarde
|
|upkeep
|turn|35
|inactive|KSt3ve has 20 seconds left this turn.
|
|t:|1655321388
|switch|p2a: Nihilego|Nihilego|2/100
|-damage|p2a: Nihilego|0 fnt|[from] Stealth Rock
|faint|p2a: Nihilego
|move|p1a: Zygarde|Outrage|p2: Nihilego|[notarget]
|-fail|p1a: Zygarde
|
|upkeep
|inactive|KSt3ve has 25 seconds left this turn.
|
|t:|1655321391
|switch|p2a: Cobalion|Cobalion|40/100
|-damage|p2a: Cobalion|37/100|[from] Stealth Rock
|turn|36
|inactive|KSt3ve has 30 seconds left.
|
|t:|1655321402
|move|p1a: Zygarde|Outrage|p2a: Cobalion
|-resisted|p2a: Cobalion
|-damage|p2a: Cobalion|6/100
|-damage|p1a: Zygarde|0 fnt|[from] item: Rocky Helmet|[of] p2a: Cobalion
|faint|p1a: Zygarde
|move|p2a: Cobalion|Close Combat|p1: Zygarde|[notarget]
|-fail|p2a: Cobalion
|
|upkeep
|inactive|KSt3ve has 30 seconds left this turn.
|
|t:|1655321410
|switch|p1a: Conkeldurr|Conkeldurr, F|42/100
|-damage|p1a: Conkeldurr|36/100|[from] Stealth Rock
|turn|37
|
|t:|1655321415
|move|p1a: Conkeldurr|Mach Punch|p2a: Cobalion
|-supereffective|p2a: Cobalion
|-damage|p2a: Cobalion|0 fnt
|-damage|p1a: Conkeldurr|20/100|[from] item: Rocky Helmet|[of] p2a: Cobalion
|faint|p2a: Cobalion
|
|-heal|p1a: Conkeldurr|26/100|[from] item: Leftovers
|upkeep
|
|t:|1655321417
|switch|p2a: Raikou|Raikou|100/100
|-ability|p2a: Raikou|Pressure
|turn|38
|
|t:|1655321432
|move|p2a: Raikou|Thunderbolt|p1a: Conkeldurr
|-damage|p1a: Conkeldurr|0 fnt
|faint|p1a: Conkeldurr
|
|upkeep
|
|t:|1655321435
|switch|p1a: Nihilego|Nihilego|36/100
|-damage|p1a: Nihilego|23/100|[from] Stealth Rock
|turn|39
|
|t:|1655321437
|move|p2a: Raikou|Scald|p1a: Nihilego
|-supereffective|p1a: Nihilego
|-damage|p1a: Nihilego|0 fnt
|faint|p1a: Nihilego
|
|upkeep
|c|☆KSt3ve|gg
|-message|KSt3ve forfeited.
|
|win|pinkdragontamer
|c|☆pinkdragontamer|gg
|c|+itsjustdrew|SZN SAVED
