|inactive|Battle timer is ON: inactive players will automatically lose when time's up.
|t:|1645751447
|gametype|singles
|player|p1|GasaiiYunoSan|flannery|
|player|p2|chlo|#chlo|
|teamsize|p1|6
|teamsize|p2|6
|gen|8
|tier|[Gen 8] UU
|rule|Sleep Clause Mod: Limit one foe put to sleep
|rule|Species Clause: Limit one of each Pokémon
|rule|OHKO Clause: OHKO moves are banned
|rule|Evasion Moves Clause: Evasion moves are banned
|rule|Endless Battle Clause: Forcing endless battles is banned
|rule|HP Percentage Mod: HP is shown in percentages
|rule|Dynamax Clause: You cannot dynamax
|clearpoke
|poke|p1|Politoed, M|
|poke|p1|Kingdra, F|
|poke|p1|Excadrill, F|
|poke|p1|Kabutops, F|
|poke|p1|Thundurus-Therian, M|
|poke|p1|Tapu Bulu|
|poke|p2|Jirachi|
|poke|p2|Moltres|
|poke|p2|Nihilego|
|poke|p2|Primarina, F|
|poke|p2|Zarude|
|poke|p2|Zygarde-10%|
|teampreview
|c|☆chlo|oh
|c|☆GasaiiYunoSan|Hf jsjs
|inactive|chlo has 270 seconds left.
|c|☆chlo|u2 jsjs
|
|t:|1645751482
|start
|switch|p1a: Excadrill|Excadrill, F|100/100
|switch|p2a: Zarude|Zarude|100/100
|-ability|p1a: Excadrill|Mold Breaker
|turn|1
|
|t:|1645751504
|move|p2a: Zarude|Darkest Lariat|p1a: Excadrill
|-damage|p1a: Excadrill|36/100
|move|p1a: Excadrill|Stealth Rock|p2a: Zarude
|-sidestart|p2: chlo|move: Stealth Rock
|
|upkeep
|turn|2
|
|t:|1645751516
|switch|p1a: Tapu Bulu|Tapu Bulu|100/100
|-fieldstart|move: Grassy Terrain|[from] ability: Grassy Surge|[of] p1a: Tapu Bulu
|move|p2a: Zarude|Darkest Lariat|p1a: Tapu Bulu
|-resisted|p1a: Tapu Bulu
|-damage|p1a: Tapu Bulu|82/100
|
|-heal|p1a: Tapu Bulu|88/100|[from] Grassy Terrain
|upkeep
|turn|3
|
|t:|1645751528
|switch|p2a: Jirachi|Jirachi|100/100
|-damage|p2a: Jirachi|94/100|[from] Stealth Rock
|switch|p1a: Politoed|Politoed, M|100/100
|-weather|RainDance|[from] ability: Drizzle|[of] p1a: Politoed
|
|-weather|RainDance|[upkeep]
|-heal|p2a: Jirachi|100/100|[from] Grassy Terrain
|upkeep
|turn|4
|
|t:|1645751543
|switch|p2a: Zarude|Zarude|100/100
|move|p1a: Politoed|Scald|p2a: Zarude
|-resisted|p2a: Zarude
|-damage|p2a: Zarude|81/100
|
|-weather|RainDance|[upkeep]
|-heal|p2a: Zarude|87/100|[from] Grassy Terrain
|upkeep
|turn|5
|
|t:|1645751552
|switch|p1a: Excadrill|Excadrill, F|36/100
|-ability|p1a: Excadrill|Mold Breaker
|move|p2a: Zarude|U-turn|p1a: Excadrill
|-resisted|p1a: Excadrill
|-damage|p1a: Excadrill|20/100
|inactive|chlo has 270 seconds left.
|
|t:|1645751587
|switch|p2a: Zygarde|Zygarde-10%|100/100|[from]move: U-turn
|-damage|p2a: Zygarde|94/100|[from] Stealth Rock
|-ability|p2a: Zygarde|Aura Break
|
|-weather|RainDance|[upkeep]
|-heal|p2a: Zygarde|100/100|[from] Grassy Terrain
|-heal|p1a: Excadrill|27/100|[from] Grassy Terrain
|upkeep
|turn|6
|
|t:|1645751592
|move|p2a: Zygarde|Thousand Arrows|p1a: Excadrill
|-supereffective|p1a: Excadrill
|-damage|p1a: Excadrill|0 fnt
|faint|p1a: Excadrill
|
|-weather|RainDance|[upkeep]
|-fieldend|move: Grassy Terrain
|upkeep
|
|t:|1645751596
|switch|p1a: Kabutops|Kabutops, F|100/100
|turn|7
|
|t:|1645751606
|move|p1a: Kabutops|Waterfall|p2a: Zygarde
|-damage|p2a: Zygarde|0 fnt
|faint|p2a: Zygarde
|
|-weather|RainDance|[upkeep]
|upkeep
|
|t:|1645751611
|switch|p2a: Zarude|Zarude|87/100
|turn|8
|inactive|GasaiiYunoSan has 270 seconds left.
|
|t:|1645751642
|switch|p1a: Tapu Bulu|Tapu Bulu|88/100
|-fieldstart|move: Grassy Terrain|[from] ability: Grassy Surge|[of] p1a: Tapu Bulu
|move|p2a: Zarude|Power Whip|p1a: Tapu Bulu
|-resisted|p1a: Tapu Bulu
|-damage|p1a: Tapu Bulu|54/100
|
|-weather|RainDance|[upkeep]
|-heal|p2a: Zarude|93/100|[from] Grassy Terrain
|-heal|p1a: Tapu Bulu|60/100|[from] Grassy Terrain
|upkeep
|turn|9
|inactive|GasaiiYunoSan has 270 seconds left.
|
|t:|1645751657
|switch|p2a: Moltres|Moltres|100/100
|move|p1a: Tapu Bulu|High Horsepower|p2a: Moltres
|-immune|p2a: Moltres
|
|-weather|RainDance|[upkeep]
|-heal|p1a: Tapu Bulu|67/100|[from] Grassy Terrain
|upkeep
|turn|10
|
|t:|1645751664
|switch|p1a: Kabutops|Kabutops, F|100/100
|move|p2a: Moltres|Hurricane|p1a: Kabutops
|-resisted|p1a: Kabutops
|-damage|p1a: Kabutops|58/100
|-start|p1a: Kabutops|confusion
|
|-weather|none
|-heal|p1a: Kabutops|64/100|[from] Grassy Terrain
|upkeep
|turn|11
|
|t:|1645751683
|switch|p2a: Zarude|Zarude|93/100
|-activate|p1a: Kabutops|confusion
|move|p1a: Kabutops|Flip Turn|p2a: Zarude
|-resisted|p2a: Zarude
|-damage|p2a: Zarude|72/100
|inactive|GasaiiYunoSan has 270 seconds left.
|
|t:|1645751694
|switch|p1a: Politoed|Politoed, M|100/100|[from]move: Flip Turn
|-weather|RainDance|[from] ability: Drizzle|[of] p1a: Politoed
|
|-weather|RainDance|[upkeep]
|-heal|p2a: Zarude|78/100|[from] Grassy Terrain
|upkeep
|turn|12
|
|t:|1645751698
|switch|p1a: Tapu Bulu|Tapu Bulu|67/100
|move|p2a: Zarude|Power Whip|p1a: Tapu Bulu
|-resisted|p1a: Tapu Bulu
|-damage|p1a: Tapu Bulu|29/100
|
|-weather|RainDance|[upkeep]
|-heal|p2a: Zarude|84/100|[from] Grassy Terrain
|-heal|p1a: Tapu Bulu|36/100|[from] Grassy Terrain
|-fieldend|move: Grassy Terrain
|upkeep
|turn|13
|
|t:|1645751715
|move|p2a: Zarude|U-turn|p1a: Tapu Bulu
|-damage|p1a: Tapu Bulu|14/100
|
|t:|1645751719
|switch|p2a: Jirachi|Jirachi|100/100|[from]move: U-turn
|-damage|p2a: Jirachi|94/100|[from] Stealth Rock
|move|p1a: Tapu Bulu|Close Combat|p2a: Jirachi
|-damage|p2a: Jirachi|20/100
|-unboost|p1a: Tapu Bulu|def|1
|-unboost|p1a: Tapu Bulu|spd|1
|
|-weather|RainDance|[upkeep]
|upkeep
|turn|14
|
|t:|1645751732
|move|p2a: Jirachi|Iron Head|p1a: Tapu Bulu
|-supereffective|p1a: Tapu Bulu
|-damage|p1a: Tapu Bulu|0 fnt
|faint|p1a: Tapu Bulu
|
|-weather|RainDance|[upkeep]
|upkeep
|
|t:|1645751744
|switch|p1a: Kabutops|Kabutops, F|64/100
|turn|15
|
|t:|1645751749
|switch|p2a: Moltres|Moltres|100/100
|move|p1a: Kabutops|Flip Turn|p2a: Moltres
|-supereffective|p2a: Moltres
|-damage|p2a: Moltres|0 fnt
|faint|p2a: Moltres
|
|t:|1645751762
|switch|p1a: Kingdra|Kingdra, F|100/100|[from]move: Flip Turn
|
|-weather|RainDance|[upkeep]
|upkeep
|
|t:|1645751766
|switch|p2a: Primarina|Primarina, F|100/100
|-damage|p2a: Primarina|88/100|[from] Stealth Rock
|turn|16
|
|t:|1645751769
|switch|p1a: Thundurus|Thundurus-Therian, M|100/100
|move|p2a: Primarina|Moonblast|p1a: Thundurus
|-damage|p1a: Thundurus|43/100
|
|-weather|RainDance|[upkeep]
|-heal|p2a: Primarina|94/100|[from] item: Leftovers
|upkeep
|turn|17
|inactive|GasaiiYunoSan has 270 seconds left.
|inactive|GasaiiYunoSan has 240 seconds left.
|
|t:|1645751846
|switch|p2a: Nihilego|Nihilego|100/100
|-damage|p2a: Nihilego|88/100|[from] Stealth Rock
|move|p1a: Thundurus|Volt Switch|p2a: Nihilego
|-damage|p2a: Nihilego|45/100
|inactive|GasaiiYunoSan has 210 seconds left.
|
|t:|1645751880
|switch|p1a: Kabutops|Kabutops, F|64/100|[from]move: Volt Switch
|
|-weather|RainDance|[upkeep]
|-heal|p2a: Nihilego|51/100|[from] item: Black Sludge
|upkeep
|turn|18
|
|t:|1645751895
|switch|p2a: Jirachi|Jirachi|20/100
|-damage|p2a: Jirachi|14/100|[from] Stealth Rock
|move|p1a: Kabutops|Flip Turn|p2a: Jirachi
|-damage|p2a: Jirachi|0 fnt
|faint|p2a: Jirachi
|
|t:|1645751902
|switch|p1a: Thundurus|Thundurus-Therian, M|43/100|[from]move: Flip Turn
|
|-weather|none
|upkeep
|
|t:|1645751910
|switch|p2a: Nihilego|Nihilego|51/100
|-damage|p2a: Nihilego|38/100|[from] Stealth Rock
|turn|19
|inactive|GasaiiYunoSan has 210 seconds left.
|
|t:|1645751921
|switch|p1a: Politoed|Politoed, M|100/100
|-weather|RainDance|[from] ability: Drizzle|[of] p1a: Politoed
|move|p2a: Nihilego|Power Gem|p1a: Politoed
|-crit|p1a: Politoed
|-damage|p1a: Politoed|42/100
|
|-weather|RainDance|[upkeep]
|-heal|p2a: Nihilego|44/100|[from] item: Black Sludge
|upkeep
|turn|20
|inactive|GasaiiYunoSan has 210 seconds left.
|
|t:|1645751936
|switch|p1a: Kingdra|Kingdra, F|100/100
|move|p2a: Nihilego|Sludge Wave|p1a: Kingdra
|-damage|p1a: Kingdra|40/100
|
|-weather|RainDance|[upkeep]
|-heal|p2a: Nihilego|50/100|[from] item: Black Sludge
|upkeep
|turn|21
|inactive|GasaiiYunoSan has 210 seconds left.
|inactive|chlo has 270 seconds left.
|
|t:|1645751967
|switch|p2a: Primarina|Primarina, F|94/100
|-damage|p2a: Primarina|82/100|[from] Stealth Rock
|move|p1a: Kingdra|Surf|p2a: Primarina
|-resisted|p2a: Primarina
|-damage|p2a: Primarina|55/100
|-damage|p1a: Kingdra|30/100|[from] item: Life Orb
|
|-weather|RainDance|[upkeep]
|-heal|p2a: Primarina|61/100|[from] item: Leftovers
|upkeep
|turn|22
|inactive|GasaiiYunoSan has 210 seconds left.
|
|t:|1645751978
|move|p1a: Kingdra|Hurricane|p2a: Primarina
|-damage|p2a: Primarina|30/100
|-damage|p1a: Kingdra|20/100|[from] item: Life Orb
|move|p2a: Primarina|Moonblast|p1a: Kingdra
|-supereffective|p1a: Kingdra
|-crit|p1a: Kingdra
|-damage|p1a: Kingdra|0 fnt
|faint|p1a: Kingdra
|
|-weather|RainDance|[upkeep]
|-heal|p2a: Primarina|36/100|[from] item: Leftovers
|upkeep
|inactive|GasaiiYunoSan has 210 seconds left.
|
|t:|1645751984
|switch|p1a: Thundurus|Thundurus-Therian, M|43/100
|turn|23
|
|t:|1645752000
|move|p1a: Thundurus|Volt Switch|p2a: Primarina
|-supereffective|p2a: Primarina
|-damage|p2a: Primarina|0 fnt
|faint|p2a: Primarina
|
|t:|1645752005
|switch|p1a: Kabutops|Kabutops, F|64/100|[from]move: Volt Switch
|
|-weather|RainDance|[upkeep]
|upkeep
|inactive|chlo has 270 seconds left.
|
|t:|1645752021
|switch|p2a: Zarude|Zarude|84/100
|turn|24
|inactive|chlo has 270 seconds left.
|
|t:|1645752036
|move|p1a: Kabutops|Flip Turn|p2a: Zarude
|-resisted|p2a: Zarude
|-damage|p2a: Zarude|53/100
|
|t:|1645752050
|switch|p1a: Thundurus|Thundurus-Therian, M|43/100|[from]move: Flip Turn
|move|p2a: Zarude|Power Whip|p1a: Thundurus|[miss]
|-miss|p2a: Zarude|p1a: Thundurus
|
|-weather|RainDance|[upkeep]
|upkeep
|turn|25
|inactive|chlo has 270 seconds left.
|
|t:|1645752083
|move|p2a: Zarude|Darkest Lariat|p1a: Thundurus
|-damage|p1a: Thundurus|0 fnt
|faint|p1a: Thundurus
|
|-weather|RainDance|[upkeep]
|upkeep
|
|t:|1645752089
|switch|p1a: Kabutops|Kabutops, F|64/100
|turn|26
|inactive|GasaiiYunoSan has 240 seconds left.
|
|t:|1645752102
|switch|p2a: Nihilego|Nihilego|50/100
|-damage|p2a: Nihilego|38/100|[from] Stealth Rock
|move|p1a: Kabutops|Stone Edge|p2a: Nihilego
|-damage|p2a: Nihilego|0 fnt
|faint|p2a: Nihilego
|
|-weather|none
|upkeep
|
|t:|1645752107
|switch|p2a: Zarude|Zarude|53/100
|turn|27
|
|t:|1645752109
|switch|p1a: Politoed|Politoed, M|42/100
|-weather|RainDance|[from] ability: Drizzle|[of] p1a: Politoed
|move|p2a: Zarude|Jungle Healing|p2a: Zarude
|-heal|p2a: Zarude|78/100
|
|-weather|RainDance|[upkeep]
|upkeep
|turn|28
|inactive|chlo has 270 seconds left.
|
|t:|1645752132
|move|p2a: Zarude|Power Whip|p1a: Politoed
|-supereffective|p1a: Politoed
|-damage|p1a: Politoed|0 fnt
|faint|p1a: Politoed
|
|-weather|RainDance|[upkeep]
|upkeep
|
|t:|1645752135
|switch|p1a: Kabutops|Kabutops, F|64/100
|turn|29
|inactive|chlo has 270 seconds left.
|
|t:|1645752150
|move|p1a: Kabutops|Stone Edge|p2a: Zarude
|-damage|p2a: Zarude|10/100
|move|p2a: Zarude|Power Whip|p1a: Kabutops
|-supereffective|p1a: Kabutops
|-damage|p1a: Kabutops|0 fnt
|faint|p1a: Kabutops
|
|win|chlo
|c|☆chlo|ggs gl in rest
