|inactive|Battle timer is ON: inactive players will automatically lose when time's up.
|t:|1667269067
|gametype|singles
|player|p1|pokemonisfun|#uutrio2ladder|
|player|p2|Bhalal|clown|
|teamsize|p1|6
|teamsize|p2|6
|gen|8
|tier|[Gen 8] UU
|rule|Sleep Clause Mod: Limit one foe put to sleep
|rule|Species Clause: Limit one of each Pokémon
|rule|OHKO Clause: OHKO moves are banned
|rule|Evasion Items Clause: Evasion items are banned
|rule|Evasion Moves Clause: Evasion moves are banned
|rule|Endless Battle Clause: Forcing endless battles is banned
|rule|HP Percentage Mod: HP is shown in percentages
|rule|Dynamax Clause: You cannot dynamax
|clearpoke
|poke|p1|Regice|
|poke|p1|Jirachi|
|poke|p1|Swampert, F|
|poke|p1|Salamence, M|
|poke|p1|Hydreigon, M|
|poke|p1|Conkeldurr, M|
|poke|p2|Necrozma|
|poke|p2|Zygarde-10%|
|poke|p2|Primarina, M|
|poke|p2|Chansey, F|
|poke|p2|Moltres|
|poke|p2|Conkeldurr, F|
|teampreview
|c|☆Bhalal|gl hf !
|inactive|pokemonisfun has 270 seconds left.
|inactive|Bhalal has 270 seconds left.
|c|☆pokemonisfun|glhf
|inactive|pokemonisfun has 240 seconds left.
|
|t:|1667269130
|start
|switch|p1a: jim's pet|Swampert, F|100/100
|switch|p2a: Chansey|Chansey, F|100/100
|turn|1
|
|t:|1667269137
|move|p1a: jim's pet|Flip Turn|p2a: Chansey
|-damage|p2a: Chansey|87/100
|
|t:|1667269140
|switch|p1a: jim's pillow|Jirachi|100/100|[from]move: Flip Turn
|move|p2a: Chansey|Toxic|p1a: jim's pillow|[miss]
|-miss|p2a: Chansey|p1a: jim's pillow
|
|upkeep
|turn|2
|
|t:|1667269143
|move|p1a: jim's pillow|U-turn|p2a: Chansey
|-damage|p2a: Chansey|77/100
|
|t:|1667269145
|switch|p1a: jim's guard|Conkeldurr, M|100/100|[from]move: U-turn
|move|p2a: Chansey|Stealth Rock|p1a: jim's guard
|-sidestart|p1: pokemonisfun|move: Stealth Rock
|
|-status|p1a: jim's guard|brn|[from] item: Flame Orb
|upkeep
|turn|3
|
|t:|1667269151
|switch|p2a: Primarina|Primarina, M|100/100
|move|p1a: jim's guard|Knock Off|p2a: Primarina
|-resisted|p2a: Primarina
|-damage|p2a: Primarina|69/100
|-enditem|p2a: Primarina|Leftovers|[from] move: Knock Off|[of] p1a: jim's guard
|
|-damage|p1a: jim's guard|94/100 brn|[from] brn
|upkeep
|turn|4
|
|t:|1667269176
|switch|p1a: jim|Regice|100/100
|switch|p2a: Conkeldurr|Conkeldurr, F|100/100
|
|-status|p2a: Conkeldurr|brn|[from] item: Flame Orb
|upkeep
|turn|5
|
|t:|1667269184
|switch|p1a: jim's ride|Salamence, M|100/100
|-ability|p1a: jim's ride|Intimidate|boost
|-unboost|p2a: Conkeldurr|atk|1
|move|p2a: Conkeldurr|Knock Off|p1a: jim's ride
|-damage|p1a: jim's ride|70/100
|-enditem|p1a: jim's ride|Heavy-Duty Boots|[from] move: Knock Off|[of] p2a: Conkeldurr
|
|-damage|p2a: Conkeldurr|95/100 brn|[from] brn
|upkeep
|turn|6
|
|t:|1667269201
|switch|p2a: Primarina|Primarina, M|69/100
|move|p1a: jim's ride|Defog|p2a: Primarina
|-unboost|p2a: Primarina|evasion|1
|-sideend|p1: pokemonisfun|Stealth Rock|[from] move: Defog|[of] p1a: jim's ride
|
|upkeep
|turn|7
|
|t:|1667269212
|switch|p1a: jim's pillow|Jirachi|100/100
|move|p2a: Primarina|Scald|p1a: jim's pillow
|-damage|p1a: jim's pillow|71/100
|-status|p1a: jim's pillow|brn
|
|-heal|p1a: jim's pillow|77/100 brn|[from] item: Leftovers
|-damage|p1a: jim's pillow|71/100 brn|[from] brn
|upkeep
|turn|8
|
|t:|1667269218
|switch|p2a: Moltres|Moltres|100/100
|move|p1a: jim's pillow|Wish|p1a: jim's pillow
|
|-heal|p1a: jim's pillow|77/100 brn|[from] item: Leftovers
|-damage|p1a: jim's pillow|71/100 brn|[from] brn
|upkeep
|turn|9
|
|t:|1667269224
|switch|p2a: Conkeldurr|Conkeldurr, F|95/100 brn
|move|p1a: jim's pillow|U-turn|p2a: Conkeldurr
|-resisted|p2a: Conkeldurr
|-damage|p2a: Conkeldurr|91/100 brn
|
|t:|1667269233
|switch|p1a: jim's ride|Salamence, M|70/100|[from]move: U-turn
|-ability|p1a: jim's ride|Intimidate|boost
|-unboost|p2a: Conkeldurr|atk|1
|
|-heal|p1a: jim's ride|100/100|[from] move: Wish|[wisher] jim's pillow
|-damage|p2a: Conkeldurr|85/100 brn|[from] brn
|upkeep
|turn|10
|
|t:|1667269238
|switch|p1a: jim's pet|Swampert, F|100/100
|switch|p2a: Chansey|Chansey, F|77/100
|
|upkeep
|turn|11
|
|t:|1667269246
|move|p1a: jim's pet|Stealth Rock|p2a: Chansey
|-sidestart|p2: Bhalal|move: Stealth Rock
|move|p2a: Chansey|Stealth Rock|p1a: jim's pet
|-sidestart|p1: pokemonisfun|move: Stealth Rock
|
|upkeep
|turn|12
|
|t:|1667269253
|move|p1a: jim's pet|Flip Turn|p2a: Chansey
|-damage|p2a: Chansey|63/100
|
|t:|1667269258
|switch|p1a: jim's guard|Conkeldurr, M|94/100 brn|[from]move: Flip Turn
|-damage|p1a: jim's guard|88/100 brn|[from] Stealth Rock
|move|p2a: Chansey|Soft-Boiled|p2a: Chansey
|-heal|p2a: Chansey|100/100
|
|-damage|p1a: jim's guard|82/100 brn|[from] brn
|upkeep
|turn|13
|
|t:|1667269267
|switch|p2a: Primarina|Primarina, M|69/100
|-damage|p2a: Primarina|57/100|[from] Stealth Rock
|move|p1a: jim's guard|Facade|p2a: Primarina
|-damage|p2a: Primarina|0 fnt
|faint|p2a: Primarina
|
|-damage|p1a: jim's guard|76/100 brn|[from] brn
|upkeep
|
|t:|1667269269
|switch|p2a: Moltres|Moltres|100/100
|turn|14
|
|t:|1667269297
|switch|p1a: jim|Regice|100/100
|move|p2a: Moltres|Hurricane|p1a: jim
|-damage|p1a: jim|73/100
|
|upkeep
|turn|15
|
|t:|1667269310
|switch|p2a: Chansey|Chansey, F|100/100
|-damage|p2a: Chansey|88/100|[from] Stealth Rock
|move|p1a: jim|Thunderbolt|p2a: Chansey
|-damage|p2a: Chansey|81/100
|
|upkeep
|turn|16
|c|☆pokemonisfun|lmfao
|c|☆pokemonisfun|this just fucking countered a moltres
|c|☆pokemonisfun|and they wont rank it
|inactive|Bhalal has 270 seconds left.
|c|☆pokemonisfun|fuck vr team
|inactive|pokemonisfun has 270 seconds left.
|
|t:|1667269342
|switch|p1a: jim's pillow|Jirachi|71/100 brn
|-damage|p1a: jim's pillow|65/100 brn|[from] Stealth Rock
|move|p2a: Chansey|Seismic Toss|p1a: jim's pillow
|-damage|p1a: jim's pillow|40/100 brn
|
|-heal|p1a: jim's pillow|47/100 brn|[from] item: Leftovers
|-damage|p1a: jim's pillow|40/100 brn|[from] brn
|upkeep
|turn|17
|
|t:|1667269357
|switch|p2a: Moltres|Moltres|100/100
|move|p1a: jim's pillow|Wish|p1a: jim's pillow
|
|-heal|p1a: jim's pillow|47/100 brn|[from] item: Leftovers
|-damage|p1a: jim's pillow|40/100 brn|[from] brn
|upkeep
|turn|18
|inactive|pokemonisfun has 270 seconds left.
|
|t:|1667269370
|move|p1a: jim's pillow|U-turn|p2a: Moltres
|-resisted|p2a: Moltres
|-damage|p2a: Moltres|98/100
|
|t:|1667269374
|switch|p1a: jim's pet|Swampert, F|100/100|[from]move: U-turn
|-damage|p1a: jim's pet|94/100|[from] Stealth Rock
|move|p2a: Moltres|Flamethrower|p1a: jim's pet
|-resisted|p1a: jim's pet
|-damage|p1a: jim's pet|74/100
|
|-heal|p1a: jim's pet|100/100|[from] move: Wish|[wisher] jim's pillow
|upkeep
|turn|19
|inactive|Bhalal has 270 seconds left.
|
|t:|1667269388
|switch|p2a: Conkeldurr|Conkeldurr, F|85/100 brn
|-damage|p2a: Conkeldurr|79/100 brn|[from] Stealth Rock
|move|p1a: jim's pet|Flip Turn|p2a: Conkeldurr
|-damage|p2a: Conkeldurr|57/100 brn
|
|t:|1667269396
|switch|p1a: jim's ride|Salamence, M|100/100|[from]move: Flip Turn
|-damage|p1a: jim's ride|76/100|[from] Stealth Rock
|-ability|p1a: jim's ride|Intimidate|boost
|-unboost|p2a: Conkeldurr|atk|1
|
|-damage|p2a: Conkeldurr|51/100 brn|[from] brn
|upkeep
|turn|20
|inactive|Bhalal has 270 seconds left.
|
|t:|1667269426
|switch|p2a: Necrozma|Necrozma|100/100
|-damage|p2a: Necrozma|88/100|[from] Stealth Rock
|move|p1a: jim's ride|Dual Wingbeat|p2a: Necrozma
|-damage|p2a: Necrozma|70/100
|-damage|p2a: Necrozma|51/100
|-hitcount|p2a: Necrozma|2
|
|upkeep
|turn|21
|
|t:|1667269435
|switch|p1a: jim's madness|Hydreigon, M|100/100
|-damage|p1a: jim's madness|88/100|[from] Stealth Rock
|move|p2a: Necrozma|Dragon Dance|p2a: Necrozma
|-boost|p2a: Necrozma|atk|1
|-boost|p2a: Necrozma|spe|1
|
|upkeep
|turn|22
|inactive|Bhalal has 270 seconds left.
|
|t:|1667269453
|switch|p2a: Chansey|Chansey, F|81/100
|-damage|p2a: Chansey|69/100|[from] Stealth Rock
|move|p1a: jim's madness|Draco Meteor|p2a: Chansey
|-damage|p2a: Chansey|47/100
|-unboost|p1a: jim's madness|spa|2
|
|upkeep
|turn|23
|
|t:|1667269457
|switch|p1a: jim's guard|Conkeldurr, M|76/100 brn
|-damage|p1a: jim's guard|70/100 brn|[from] Stealth Rock
|move|p2a: Chansey|Soft-Boiled|p2a: Chansey
|-heal|p2a: Chansey|97/100
|
|-damage|p1a: jim's guard|64/100 brn|[from] brn
|upkeep
|turn|24
|inactive|Bhalal has 270 seconds left.
|
|t:|1667269469
|switch|p2a: Moltres|Moltres|98/100
|move|p1a: jim's guard|Close Combat|p2a: Moltres
|-resisted|p2a: Moltres
|-damage|p2a: Moltres|30/100
|-unboost|p1a: jim's guard|def|1
|-unboost|p1a: jim's guard|spd|1
|
|-damage|p1a: jim's guard|57/100 brn|[from] brn
|upkeep
|turn|25
|
|t:|1667269475
|switch|p1a: jim's pet|Swampert, F|100/100
|-damage|p1a: jim's pet|94/100|[from] Stealth Rock
|move|p2a: Moltres|Hurricane|p1a: jim's pet|[miss]
|-miss|p2a: Moltres|p1a: jim's pet
|
|-heal|p1a: jim's pet|100/100|[from] item: Leftovers
|upkeep
|turn|26
|
|t:|1667269485
|switch|p2a: Chansey|Chansey, F|97/100
|-damage|p2a: Chansey|84/100|[from] Stealth Rock
|move|p1a: jim's pet|Flip Turn|p2a: Chansey
|-damage|p2a: Chansey|71/100
|
|t:|1667269487
|switch|p1a: jim's guard|Conkeldurr, M|57/100 brn|[from]move: Flip Turn
|-damage|p1a: jim's guard|51/100 brn|[from] Stealth Rock
|
|-damage|p1a: jim's guard|45/100 brn|[from] brn
|upkeep
|turn|27
|
|t:|1667269508
|switch|p2a: Necrozma|Necrozma|51/100
|-damage|p2a: Necrozma|38/100|[from] Stealth Rock
|move|p1a: jim's guard|Close Combat|p2a: Necrozma
|-resisted|p2a: Necrozma
|-damage|p2a: Necrozma|0 fnt
|-unboost|p1a: jim's guard|def|1
|-unboost|p1a: jim's guard|spd|1
|faint|p2a: Necrozma
|
|-damage|p1a: jim's guard|39/100 brn|[from] brn
|upkeep
|
|t:|1667269516
|switch|p2a: Conkeldurr|Conkeldurr, F|51/100 brn
|-damage|p2a: Conkeldurr|45/100 brn|[from] Stealth Rock
|turn|28
|
|t:|1667269529
|switch|p1a: jim's ride|Salamence, M|76/100
|-damage|p1a: jim's ride|51/100|[from] Stealth Rock
|-ability|p1a: jim's ride|Intimidate|boost
|-unboost|p2a: Conkeldurr|atk|1
|move|p2a: Conkeldurr|Facade|p1a: jim's ride
|-damage|p1a: jim's ride|9/100
|
|-damage|p2a: Conkeldurr|39/100 brn|[from] brn
|upkeep
|turn|29
|
|t:|1667269547
|switch|p1a: jim's pet|Swampert, F|100/100
|-damage|p1a: jim's pet|94/100|[from] Stealth Rock
|move|p2a: Conkeldurr|Mach Punch|p1a: jim's pet
|-damage|p1a: jim's pet|78/100
|
|-heal|p1a: jim's pet|84/100|[from] item: Leftovers
|-damage|p2a: Conkeldurr|33/100 brn|[from] brn
|upkeep
|turn|30
|
|t:|1667269559
|move|p2a: Conkeldurr|Drain Punch|p1a: jim's pet
|-damage|p1a: jim's pet|51/100
|-heal|p2a: Conkeldurr|53/100 brn|[from] drain|[of] p1a: jim's pet
|move|p1a: jim's pet|Earthquake|p2a: Conkeldurr
|-damage|p2a: Conkeldurr|17/100 brn
|
|-heal|p1a: jim's pet|57/100|[from] item: Leftovers
|-damage|p2a: Conkeldurr|11/100 brn|[from] brn
|upkeep
|turn|31
|
|t:|1667269567
|switch|p2a: Moltres|Moltres|30/100
|switch|p1a: jim's ride|Salamence, M|9/100
|-damage|p1a: jim's ride|0 fnt|[from] Stealth Rock
|faint|p1a: jim's ride
|
|upkeep
|
|t:|1667269572
|switch|p1a: jim's madness|Hydreigon, M|88/100
|-damage|p1a: jim's madness|76/100|[from] Stealth Rock
|turn|32
|
|t:|1667269586
|switch|p2a: Chansey|Chansey, F|71/100
|-damage|p2a: Chansey|59/100|[from] Stealth Rock
|move|p1a: jim's madness|Dark Pulse|p2a: Chansey
|-damage|p2a: Chansey|47/100
|
|upkeep
|turn|33
|
|t:|1667269595
|switch|p1a: jim's pillow|Jirachi|40/100 brn
|-damage|p1a: jim's pillow|34/100 brn|[from] Stealth Rock
|switch|p2a: Moltres|Moltres|30/100
|
|-heal|p1a: jim's pillow|40/100 brn|[from] item: Leftovers
|-damage|p1a: jim's pillow|34/100 brn|[from] brn
|upkeep
|turn|34
|
|t:|1667269606
|move|p1a: jim's pillow|Wish|p1a: jim's pillow
|move|p2a: Moltres|Flamethrower|p1a: jim's pillow
|-supereffective|p1a: jim's pillow
|-damage|p1a: jim's pillow|0 fnt
|faint|p1a: jim's pillow
|
|upkeep
|inactive|pokemonisfun has 270 seconds left.
|
|t:|1667269646
|switch|p1a: jim's pet|Swampert, F|57/100
|-damage|p1a: jim's pet|51/100|[from] Stealth Rock
|turn|35
|inactive|Bhalal has 270 seconds left.
|
|t:|1667269688
|move|p2a: Moltres|Defog|p1a: jim's pet
|-unboost|p1a: jim's pet|evasion|1
|-sideend|p1: pokemonisfun|Stealth Rock|[from] move: Defog|[of] p2a: Moltres
|-sideend|p2: Bhalal|Stealth Rock|[from] move: Defog|[of] p2a: Moltres
|move|p1a: jim's pet|Flip Turn|p2a: Moltres
|-supereffective|p2a: Moltres
|-damage|p2a: Moltres|0 fnt
|faint|p2a: Moltres
|inactive|pokemonisfun has 270 seconds left.
|
|t:|1667269698
|switch|p1a: jim's guard|Conkeldurr, M|39/100 brn|[from]move: Flip Turn
|
|-heal|p1a: jim's guard|93/100 brn|[from] move: Wish|[wisher] jim's pillow
|-damage|p1a: jim's guard|87/100 brn|[from] brn
|upkeep
|c|☆Bhalal|Uh i forgot that
|inactive|Bhalal has 240 seconds left.
|
|t:|1667269731
|switch|p2a: Conkeldurr|Conkeldurr, F|11/100 brn
|turn|36
|
|t:|1667269734
|move|p2a: Conkeldurr|Mach Punch|p1a: jim's guard
|-damage|p1a: jim's guard|50/100 brn
|move|p1a: jim's guard|Mach Punch|p2a: Conkeldurr
|-damage|p2a: Conkeldurr|0 fnt
|faint|p2a: Conkeldurr
|
|-damage|p1a: jim's guard|43/100 brn|[from] brn
|upkeep
|inactive|Bhalal has 240 seconds left.
|
|t:|1667269763
|switch|p2a: Zygarde|Zygarde-10%|100/100
|-ability|p2a: Zygarde|Aura Break
|turn|37
|inactive|pokemonisfun has 270 seconds left.
|inactive|pokemonisfun has 240 seconds left.
|
|t:|1667269838
|switch|p1a: jim's pet|Swampert, F|51/100
|move|p2a: Zygarde|Outrage|p1a: jim's pet
|-damage|p1a: jim's pet|0 fnt
|faint|p1a: jim's pet
|
|upkeep
|
|t:|1667269848
|switch|p1a: jim's madness|Hydreigon, M|76/100
|turn|38
|
|t:|1667269852
|move|p1a: jim's madness|Dark Pulse|p2a: Zygarde
|-damage|p2a: Zygarde|41/100
|move|p2a: Zygarde|Outrage|p1a: jim's madness|[from]lockedmove
|-supereffective|p1a: jim's madness
|-damage|p1a: jim's madness|0 fnt
|faint|p1a: jim's madness
|-start|p2a: Zygarde|confusion|[fatigue]
|
|upkeep
|
|t:|1667269854
|switch|p1a: jim's guard|Conkeldurr, M|43/100 brn
|turn|39
|inactive|Bhalal has 240 seconds left.
|c|☆Bhalal|gg
|
|t:|1667269898
|move|p1a: jim's guard|Mach Punch|p2a: Zygarde
|-damage|p2a: Zygarde|0 fnt
|faint|p2a: Zygarde
|
|-damage|p1a: jim's guard|37/100 brn|[from] brn
|upkeep
|c|☆pokemonisfun|gg
|
|t:|1667269900
|switch|p2a: Chansey|Chansey, F|47/100
|turn|40
|
|t:|1667269903
|move|p1a: jim's guard|Close Combat|p2a: Chansey
|-supereffective|p2a: Chansey
|-damage|p2a: Chansey|0 fnt
|-unboost|p1a: jim's guard|def|1
|-unboost|p1a: jim's guard|spd|1
|faint|p2a: Chansey
|
|win|pokemonisfun
