|inactive|Battle timer is ON: inactive players will automatically lose when time's up.
|t:|1666383777
|gametype|singles
|player|p1|Booty|#sabella|
|player|p2|Carmin|firebreather|
|teamsize|p1|6
|teamsize|p2|6
|gen|8
|tier|[Gen 8] UU
|rule|Sleep Clause Mod: Limit one foe put to sleep
|rule|Species Clause: Limit one of each Pokémon
|rule|OHKO Clause: OHKO moves are banned
|rule|Evasion Items Clause: Evasion items are banned
|rule|Evasion Moves Clause: Evasion moves are banned
|rule|Endless Battle Clause: Forcing endless battles is banned
|rule|HP Percentage Mod: HP is shown in percentages
|rule|Dynamax Clause: You cannot dynamax
|clearpoke
|poke|p1|Krookodile, M|
|poke|p1|Gyarados, F|
|poke|p1|Salamence, F|
|poke|p1|Necrozma|
|poke|p1|Cobalion|
|poke|p1|Scolipede, F|
|poke|p2|Excadrill, F|
|poke|p2|Magneton|
|poke|p2|Gyarados, M|
|poke|p2|Salamence, F|
|poke|p2|Cobalion|
|poke|p2|Primarina, M|
|teampreview
|inactive|Carmin also wants the timer to be on.
|c|+Floss|swiss?
|c|☆Booty|ye
|inactive|Carmin has 270 seconds left.
|c|☆Booty|but its finals so kinda pointless
|c|☆Booty|just for points for the circuit
|c|☆Booty|well pointless for me but i can spoil others
|inactive|Carmin has 240 seconds left.
|c|☆Carmin|well, pointless to me too
|c|☆Carmin|but i like to play tournaments game
|c|+Alkione|"Why are we playing so ?"
|inactive|Carmin has 210 seconds left.
|
|t:|1666383873
|start
|switch|p1a: Krookodile|Krookodile, M|100/100
|switch|p2a: Excadrill|Excadrill, F|100/100
|-ability|p1a: Krookodile|Intimidate|boost
|-unboost|p2a: Excadrill|atk|1
|-ability|p2a: Excadrill|Mold Breaker
|turn|1
|
|t:|1666383880
|move|p1a: Krookodile|Earthquake|p2a: Excadrill
|-supereffective|p2a: Excadrill
|-enditem|p2a: Excadrill|Focus Sash
|-damage|p2a: Excadrill|1/100
|move|p2a: Excadrill|Stealth Rock|p1a: Krookodile
|-sidestart|p1: Booty|move: Stealth Rock
|
|upkeep
|turn|2
|
|t:|1666383889
|move|p1a: Krookodile|Stealth Rock|p2a: Excadrill
|-sidestart|p2: Carmin|move: Stealth Rock
|move|p2a: Excadrill|Rock Tomb|p1a: Krookodile
|-resisted|p1a: Krookodile
|-damage|p1a: Krookodile|93/100
|-unboost|p1a: Krookodile|spe|1
|
|upkeep
|turn|3
|inactive|Booty has 270 seconds left.
|inactive|Booty has 240 seconds left.
|
|t:|1666383964
|move|p2a: Excadrill|Earthquake|p1a: Krookodile
|-damage|p1a: Krookodile|57/100
|move|p1a: Krookodile|Knock Off|p2a: Excadrill
|-damage|p2a: Excadrill|0 fnt
|faint|p2a: Excadrill
|
|upkeep
|inactive|Carmin has 270 seconds left.
|
|t:|1666383989
|switch|p2a: Salamence|Salamence, F|100/100
|turn|4
|
|t:|1666384001
|move|p2a: Salamence|Dragon Dance|p2a: Salamence
|-boost|p2a: Salamence|atk|1
|-boost|p2a: Salamence|spe|1
|move|p1a: Krookodile|Knock Off|p2a: Salamence
|-damage|p2a: Salamence|52/100
|-enditem|p2a: Salamence|Heavy-Duty Boots|[from] move: Knock Off|[of] p1a: Krookodile
|
|upkeep
|turn|5
|
|t:|1666384009
|move|p2a: Salamence|Dual Wingbeat|p1a: Krookodile
|-damage|p1a: Krookodile|20/100
|-damage|p2a: Salamence|35/100|[from] item: Rocky Helmet|[of] p1a: Krookodile
|-damage|p1a: Krookodile|0 fnt
|-damage|p2a: Salamence|18/100|[from] item: Rocky Helmet|[of] p1a: Krookodile
|faint|p1a: Krookodile
|-ability|p2a: Salamence|Moxie|boost
|-boost|p2a: Salamence|atk|1
|-hitcount|p1: Krookodile|2
|
|upkeep
|
|t:|1666384013
|switch|p1a: Cobalion|Cobalion|100/100
|-damage|p1a: Cobalion|97/100|[from] Stealth Rock
|turn|6
|
|t:|1666384017
|move|p2a: Salamence|Earthquake|p1a: Cobalion
|-supereffective|p1a: Cobalion
|-enditem|p1a: Cobalion|Shuca Berry|[eat]
|-enditem|p1a: Cobalion|Shuca Berry|[weaken]
|-damage|p1a: Cobalion|36/100
|move|p1a: Cobalion|Close Combat|p2a: Salamence
|-resisted|p2a: Salamence
|-damage|p2a: Salamence|0 fnt
|-unboost|p1a: Cobalion|def|1
|-unboost|p1a: Cobalion|spd|1
|faint|p2a: Salamence
|
|upkeep
|
|t:|1666384037
|switch|p2a: Gyarados|Gyarados, M|100/100
|-damage|p2a: Gyarados|76/100|[from] Stealth Rock
|turn|7
|
|t:|1666384065
|move|p1a: Cobalion|Stone Edge|p2a: Gyarados|[miss]
|-miss|p1a: Cobalion|p2a: Gyarados
|move|p2a: Gyarados|Dragon Dance|p2a: Gyarados
|-boost|p2a: Gyarados|atk|1
|-boost|p2a: Gyarados|spe|1
|
|upkeep
|turn|8
|
|t:|1666384071
|move|p2a: Gyarados|Waterfall|p1a: Cobalion
|-damage|p1a: Cobalion|0 fnt
|faint|p1a: Cobalion
|-ability|p2a: Gyarados|Moxie|boost
|-boost|p2a: Gyarados|atk|1
|
|upkeep
|c|☆Booty|aye another very competitive and nice game
|inactive|Booty has 240 seconds left.
|c|☆Carmin|mb
|
|t:|1666384095
|switch|p1a: Salamence|Salamence, F|100/100
|turn|9
|
|t:|1666384097
|move|p2a: Gyarados|Ice Fang|p1a: Salamence
|-supereffective|p1a: Salamence
|-damage|p1a: Salamence|0 fnt
|faint|p1a: Salamence
|-ability|p2a: Gyarados|Moxie|boost
|-boost|p2a: Gyarados|atk|1
|
|upkeep
|inactive|Booty has 240 seconds left.
|
|t:|1666384108
|switch|p1a: Necrozma|Necrozma|100/100
|-damage|p1a: Necrozma|88/100|[from] Stealth Rock
|turn|10
|
|t:|1666384110
|move|p2a: Gyarados|Waterfall|p1a: Necrozma
|-damage|p1a: Necrozma|0 fnt
|faint|p1a: Necrozma
|-ability|p2a: Gyarados|Moxie|boost
|-boost|p2a: Gyarados|atk|1
|
|upkeep
|-message|Booty forfeited.
|
|win|Carmin
