|inactive|Battle timer is ON: inactive players will automatically lose when time's up.
|t:|1663546480
|gametype|singles
|player|p1|suloxiv 愛|erika-masters|
|player|p2|Permission Slip|clerkf|
|teamsize|p1|6
|teamsize|p2|6
|gen|8
|tier|[Gen 8] UU
|rule|Sleep Clause Mod: Limit one foe put to sleep
|rule|Species Clause: Limit one of each Pokémon
|rule|OHKO Clause: OHKO moves are banned
|rule|Evasion Items Clause: Evasion items are banned
|rule|Evasion Moves Clause: Evasion moves are banned
|rule|Endless Battle Clause: Forcing endless battles is banned
|rule|HP Percentage Mod: HP is shown in percentages
|rule|Dynamax Clause: You cannot dynamax
|clearpoke
|poke|p1|Nidoking, M|
|poke|p1|Thundurus-Therian, M|
|poke|p1|Cobalion|
|poke|p1|Tangrowth, M|
|poke|p1|Hydreigon, F|
|poke|p1|Slowking, M|
|poke|p2|Sirfetch’d, F|
|poke|p2|Slowbro-Galar, M|
|poke|p2|Raikou|
|poke|p2|Swampert, F|
|poke|p2|Scizor, M|
|poke|p2|Salamence, F|
|teampreview
|c|☆Permission Slip|hf
|c|☆suloxiv 愛|hf
|
|t:|1663546501
|start
|switch|p1a: Tangrowth|Tangrowth, M|100/100
|switch|p2a: Swampert|Swampert, F|100/100
|turn|1
|c|+Luirromen|Go both!
|
|t:|1663546506
|switch|p2a: Scizor|Scizor, M|100/100
|move|p1a: Tangrowth|Knock Off|p2a: Scizor
|-damage|p2a: Scizor|80/100
|-damage|p1a: Tangrowth|84/100|[from] item: Rocky Helmet|[of] p2a: Scizor
|-enditem|p2a: Scizor|Rocky Helmet|[from] move: Knock Off|[of] p1a: Tangrowth
|
|upkeep
|turn|2
|
|t:|1663546520
|switch|p1a: Cobalion|Cobalion|100/100
|move|p2a: Scizor|Knock Off|p1a: Cobalion
|-resisted|p1a: Cobalion
|-damage|p1a: Cobalion|87/100
|-damage|p2a: Scizor|64/100|[from] item: Rocky Helmet|[of] p1a: Cobalion
|-ability|p1a: Cobalion|Justified|boost
|-boost|p1a: Cobalion|atk|1
|-enditem|p1a: Cobalion|Rocky Helmet|[from] move: Knock Off|[of] p2a: Scizor
|
|upkeep
|turn|3
|c|☆Permission Slip|i was not ending up on a sticker
|
|t:|1663546528
|switch|p2a: Slowbro|Slowbro-Galar, M|100/100
|move|p1a: Cobalion|Stealth Rock|p2a: Slowbro
|-sidestart|p2: Permission Slip|move: Stealth Rock
|
|upkeep
|turn|4
|
|t:|1663546536
|switch|p1a: Slowking|Slowking, M|100/100
|move|p2a: Slowbro|Future Sight|p1a: Slowking
|-start|p2a: Slowbro|move: Future Sight
|
|upkeep
|turn|5
|
|t:|1663546541
|move|p2a: Slowbro|Shell Side Arm|p1a: Slowking|[anim] Shell Side Arm Special
|-damage|p1a: Slowking|72/100
|-hint|Special Shell Side Arm
|move|p1a: Slowking|Future Sight|p2a: Slowbro
|-start|p1a: Slowking|move: Future Sight
|
|upkeep
|turn|6
|
|t:|1663546546
|move|p2a: Slowbro|Shell Side Arm|p1a: Slowking|[anim] Shell Side Arm Special
|-damage|p1a: Slowking|45/100
|-hint|Special Shell Side Arm
|-status|p1a: Slowking|psn
|move|p1a: Slowking|Teleport|p1a: Slowking
|c|☆suloxiv 愛|the future is bright
|
|t:|1663546552
|switch|p1a: Hydreigon|Hydreigon, F|100/100|[from]move: Teleport
|
|-end|p1a: Hydreigon|move: Future Sight
|-immune|p1a: Hydreigon
|upkeep
|turn|7
|
|t:|1663546566
|switch|p2a: Scizor|Scizor, M|64/100
|-damage|p2a: Scizor|52/100|[from] Stealth Rock
|move|p1a: Hydreigon|Dark Pulse|p2a: Scizor
|-damage|p2a: Scizor|12/100
|
|-end|p2a: Scizor|move: Future Sight
|-resisted|p2a: Scizor
|-damage|p2a: Scizor|0 fnt
|faint|p2a: Scizor
|upkeep
|
|t:|1663546571
|switch|p2a: Sirfetch’d|Sirfetch’d, F|100/100
|-damage|p2a: Sirfetch’d|94/100|[from] Stealth Rock
|turn|8
|
|t:|1663546580
|switch|p1a: Thundurus|Thundurus-Therian, M|100/100
|move|p2a: Sirfetch’d|Close Combat|p1a: Thundurus
|-resisted|p1a: Thundurus
|-crit|p1a: Thundurus
|-damage|p1a: Thundurus|19/100
|-unboost|p2a: Sirfetch’d|def|1
|-unboost|p2a: Sirfetch’d|spd|1
|
|upkeep
|turn|9
|
|t:|1663546589
|switch|p2a: Slowbro|Slowbro-Galar, M|100/100
|-damage|p2a: Slowbro|88/100|[from] Stealth Rock
|move|p1a: Thundurus|Psychic|p2a: Slowbro
|-damage|p2a: Slowbro|68/100
|
|upkeep
|turn|10
|
|t:|1663546598
|move|p1a: Thundurus|Volt Switch|p2a: Slowbro
|-damage|p2a: Slowbro|44/100
|
|t:|1663546602
|switch|p1a: Hydreigon|Hydreigon, F|100/100|[from]move: Volt Switch
|move|p2a: Slowbro|Future Sight|p1a: Hydreigon
|-start|p2a: Slowbro|move: Future Sight
|
|upkeep
|turn|11
|
|t:|1663546608
|switch|p2a: Sirfetch’d|Sirfetch’d, F|94/100
|-damage|p2a: Sirfetch’d|88/100|[from] Stealth Rock
|move|p1a: Hydreigon|Draco Meteor|p2a: Sirfetch’d
|-damage|p2a: Sirfetch’d|0 fnt
|-unboost|p1a: Hydreigon|spa|2
|faint|p2a: Sirfetch’d
|
|upkeep
|
|t:|1663546618
|switch|p2a: Swampert|Swampert, F|100/100
|-damage|p2a: Swampert|94/100|[from] Stealth Rock
|turn|12
|
|t:|1663546623
|switch|p1a: Slowking|Slowking, M|79/100 psn
|move|p2a: Swampert|Stealth Rock|p1a: Slowking
|-sidestart|p1: suloxiv 愛|move: Stealth Rock
|
|-end|p1a: Slowking|move: Future Sight
|-resisted|p1a: Slowking
|-damage|p1a: Slowking|61/100 psn
|-heal|p2a: Swampert|100/100|[from] item: Leftovers
|-damage|p1a: Slowking|49/100 psn|[from] psn
|upkeep
|turn|13
|
|t:|1663546628
|move|p2a: Swampert|Flip Turn|p1a: Slowking
|-resisted|p1a: Slowking
|-damage|p1a: Slowking|40/100 psn
|
|t:|1663546630
|switch|p2a: Raikou|Raikou|100/100|[from]move: Flip Turn
|move|p1a: Slowking|Slack Off|p1a: Slowking
|-heal|p1a: Slowking|90/100 psn
|
|-damage|p1a: Slowking|78/100 psn|[from] psn
|upkeep
|turn|14
|
|t:|1663546634
|switch|p1a: Tangrowth|Tangrowth, M|100/100
|-damage|p1a: Tangrowth|88/100|[from] Stealth Rock
|move|p2a: Raikou|Scald|p1a: Tangrowth
|-resisted|p1a: Tangrowth
|-damage|p1a: Tangrowth|80/100
|-status|p1a: Tangrowth|brn
|
|-damage|p1a: Tangrowth|74/100 brn|[from] brn
|upkeep
|turn|15
|
|t:|1663546638
|move|p2a: Raikou|Volt Switch|p1a: Tangrowth
|-resisted|p1a: Tangrowth
|-damage|p1a: Tangrowth|63/100 brn
|
|t:|1663546641
|switch|p2a: Swampert|Swampert, F|100/100|[from]move: Volt Switch
|-damage|p2a: Swampert|94/100|[from] Stealth Rock
|move|p1a: Tangrowth|Knock Off|p2a: Swampert
|-damage|p2a: Swampert|86/100
|-enditem|p2a: Swampert|Leftovers|[from] move: Knock Off|[of] p1a: Tangrowth
|
|-damage|p1a: Tangrowth|56/100 brn|[from] brn
|upkeep
|turn|16
|
|t:|1663546645
|switch|p1a: Slowking|Slowking, M|100/100 psn
|move|p2a: Swampert|Flip Turn|p1a: Slowking
|-resisted|p1a: Slowking
|-damage|p1a: Slowking|92/100 psn
|
|t:|1663546647
|switch|p2a: Raikou|Raikou|100/100|[from]move: Flip Turn
|
|-damage|p1a: Slowking|80/100 psn|[from] psn
|upkeep
|turn|17
|
|t:|1663546650
|switch|p1a: Hydreigon|Hydreigon, F|100/100
|-damage|p1a: Hydreigon|88/100|[from] Stealth Rock
|move|p2a: Raikou|Thunderbolt|p1a: Hydreigon
|-resisted|p1a: Hydreigon
|-damage|p1a: Hydreigon|62/100
|
|upkeep
|turn|18
|
|t:|1663546657
|switch|p2a: Slowbro|Slowbro-Galar, M|78/100
|-damage|p2a: Slowbro|65/100|[from] Stealth Rock
|move|p1a: Hydreigon|U-turn|p2a: Slowbro
|-damage|p2a: Slowbro|52/100
|
|t:|1663546661
|switch|p1a: Nidoking|Nidoking, M|100/100|[from]move: U-turn
|-damage|p1a: Nidoking|95/100|[from] Stealth Rock
|
|upkeep
|turn|19
|
|t:|1663546665
|switch|p2a: Salamence|Salamence, F|100/100
|-ability|p2a: Salamence|Intimidate|boost
|-unboost|p1a: Nidoking|atk|1
|move|p1a: Nidoking|Substitute|p1a: Nidoking
|-start|p1a: Nidoking|Substitute
|-damage|p1a: Nidoking|70/100
|
|upkeep
|turn|20
|
|t:|1663546667
|move|p1a: Nidoking|Ice Beam|p2a: Salamence
|-supereffective|p2a: Salamence
|-crit|p2a: Salamence
|-damage|p2a: Salamence|0 fnt
|faint|p2a: Salamence
|
|upkeep
|
|t:|1663546673
|switch|p2a: Swampert|Swampert, F|86/100
|-damage|p2a: Swampert|80/100|[from] Stealth Rock
|turn|21
|
|t:|1663546675
|move|p1a: Nidoking|Earth Power|p2a: Swampert
|-damage|p2a: Swampert|27/100
|move|p2a: Swampert|Flip Turn|p1a: Nidoking
|-supereffective|p1a: Nidoking
|-end|p1a: Nidoking|Substitute
|
|t:|1663546679
|switch|p2a: Raikou|Raikou|100/100|[from]move: Flip Turn
|
|upkeep
|turn|22
|
|t:|1663546683
|switch|p1a: Thundurus|Thundurus-Therian, M|19/100
|move|p2a: Raikou|Scald|p1a: Thundurus
|-damage|p1a: Thundurus|0 fnt
|faint|p1a: Thundurus
|
|upkeep
|
|t:|1663546690
|switch|p1a: Hydreigon|Hydreigon, F|62/100
|-damage|p1a: Hydreigon|50/100|[from] Stealth Rock
|turn|23
|
|t:|1663546694
|move|p1a: Hydreigon|Draco Meteor|p2a: Raikou
|-damage|p2a: Raikou|34/100
|-unboost|p1a: Hydreigon|spa|2
|move|p2a: Raikou|Aura Sphere|p1a: Hydreigon
|-supereffective|p1a: Hydreigon
|-damage|p1a: Hydreigon|0 fnt
|faint|p1a: Hydreigon
|
|upkeep
|
|t:|1663546698
|switch|p1a: Tangrowth|Tangrowth, M|90/100 brn
|-damage|p1a: Tangrowth|77/100 brn|[from] Stealth Rock
|turn|24
|
|t:|1663546703
|move|p2a: Raikou|Volt Switch|p1a: Tangrowth
|-resisted|p1a: Tangrowth
|-damage|p1a: Tangrowth|67/100 brn
|
|t:|1663546706
|switch|p2a: Slowbro|Slowbro-Galar, M|86/100|[from]move: Volt Switch
|-damage|p2a: Slowbro|73/100|[from] Stealth Rock
|move|p1a: Tangrowth|Power Whip|p2a: Slowbro
|-resisted|p2a: Slowbro
|-damage|p2a: Slowbro|64/100
|
|-damage|p1a: Tangrowth|61/100 brn|[from] brn
|upkeep
|turn|25
|
|t:|1663546709
|switch|p1a: Slowking|Slowking, M|100/100 psn
|move|p2a: Slowbro|Future Sight|p1a: Slowking
|-start|p2a: Slowbro|move: Future Sight
|
|-damage|p1a: Slowking|88/100 psn|[from] psn
|upkeep
|turn|26
|
|t:|1663546715
|switch|p2a: Raikou|Raikou|34/100
|move|p1a: Slowking|Future Sight|p2a: Raikou
|-start|p1a: Slowking|move: Future Sight
|
|-damage|p1a: Slowking|76/100 psn|[from] psn
|upkeep
|turn|27
|
|t:|1663546720
|move|p2a: Raikou|Thunderbolt|p1a: Slowking
|-supereffective|p1a: Slowking
|-damage|p1a: Slowking|3/100 psn
|move|p1a: Slowking|Teleport|p1a: Slowking
|
|t:|1663546726
|switch|p1a: Tangrowth|Tangrowth, M|94/100 brn|[from]move: Teleport
|-damage|p1a: Tangrowth|82/100 brn|[from] Stealth Rock
|
|-end|p1a: Tangrowth|move: Future Sight
|-damage|p1a: Tangrowth|54/100 brn
|-damage|p1a: Tangrowth|48/100 brn|[from] brn
|upkeep
|turn|28
|
|t:|1663546732
|switch|p2a: Slowbro|Slowbro-Galar, M|97/100
|-damage|p2a: Slowbro|85/100|[from] Stealth Rock
|switch|p1a: Nidoking|Nidoking, M|70/100
|-damage|p1a: Nidoking|64/100|[from] Stealth Rock
|
|-end|p2a: Slowbro|move: Future Sight
|-damage|p2a: Slowbro|60/100
|upkeep
|turn|29
|
|t:|1663546735
|move|p1a: Nidoking|Earth Power|p2a: Slowbro
|-supereffective|p2a: Slowbro
|-damage|p2a: Slowbro|0 fnt
|faint|p2a: Slowbro
|
|upkeep
|
|t:|1663546738
|switch|p2a: Raikou|Raikou|34/100
|turn|30
|
|t:|1663546741
|switch|p1a: Slowking|Slowking, M|37/100 psn
|move|p2a: Raikou|Scald|p1a: Slowking
|-resisted|p1a: Slowking
|-damage|p1a: Slowking|27/100 psn
|
|-damage|p1a: Slowking|15/100 psn|[from] psn
|upkeep
|turn|31
|
|t:|1663546749
|move|p2a: Raikou|Volt Switch|p1a: Slowking
|-supereffective|p1a: Slowking
|-damage|p1a: Slowking|0 fnt
|faint|p1a: Slowking
|
|t:|1663546751
|switch|p2a: Swampert|Swampert, F|27/100|[from]move: Volt Switch
|-damage|p2a: Swampert|21/100|[from] Stealth Rock
|
|upkeep
|
|t:|1663546754
|switch|p1a: Nidoking|Nidoking, M|64/100
|-damage|p1a: Nidoking|58/100|[from] Stealth Rock
|turn|32
|
|t:|1663546757
|move|p1a: Nidoking|Earth Power|p2a: Swampert
|-damage|p2a: Swampert|0 fnt
|faint|p2a: Swampert
|
|upkeep
|
|t:|1663546758
|switch|p2a: Raikou|Raikou|34/100
|turn|33
|
|t:|1663546762
|move|p2a: Raikou|Scald|p1a: Nidoking
|-supereffective|p1a: Nidoking
|-damage|p1a: Nidoking|0 fnt
|faint|p1a: Nidoking
|
|upkeep
|
|t:|1663546764
|switch|p1a: Cobalion|Cobalion|87/100
|-damage|p1a: Cobalion|84/100|[from] Stealth Rock
|turn|34
|
|t:|1663546767
|move|p2a: Raikou|Aura Sphere|p1a: Cobalion
|-supereffective|p1a: Cobalion
|-damage|p1a: Cobalion|15/100
|move|p1a: Cobalion|Close Combat|p2a: Raikou
|-damage|p2a: Raikou|0 fnt
|-unboost|p1a: Cobalion|def|1
|-unboost|p1a: Cobalion|spd|1
|faint|p2a: Raikou
|
|win|suloxiv 愛
|c|☆suloxiv 愛|ggs 
|c|☆Permission Slip|ggs
