|inactive|Battle timer is ON: inactive players will automatically lose when time's up.
|t:|1654125291
|gametype|singles
|player|p1|cornelia street|dawn|
|player|p2|Adaam|#uutrio2ladder|
|teamsize|p1|6
|teamsize|p2|6
|gen|8
|tier|[Gen 8] UU
|rule|Sleep Clause Mod: Limit one foe put to sleep
|rule|Species Clause: Limit one of each Pokémon
|rule|OHKO Clause: OHKO moves are banned
|rule|Evasion Moves Clause: Evasion moves are banned
|rule|Endless Battle Clause: Forcing endless battles is banned
|rule|HP Percentage Mod: HP is shown in percentages
|rule|Dynamax Clause: You cannot dynamax
|clearpoke
|poke|p1|Conkeldurr, F|
|poke|p1|Swampert, F|
|poke|p1|Celesteela|
|poke|p1|Zarude-Dada|
|poke|p1|Crobat, F|
|poke|p1|Rotom-Heat|
|poke|p2|Excadrill, M|
|poke|p2|Moltres|
|poke|p2|Slowking, M|
|poke|p2|Hydreigon, F|
|poke|p2|Tangrowth, M|
|poke|p2|Nihilego|
|teampreview
|c|☆Adaam|hf
|c|☆cornelia street|hf
|inactive|cornelia street has 270 seconds left.
|
|t:|1654125330
|start
|switch|p1a: art angels|Celesteela|100/100
|switch|p2a: Tangrowth|Tangrowth, M|100/100
|turn|1
|
|t:|1654125334
|switch|p1a: realiti|Rotom-Heat|100/100
|move|p2a: Tangrowth|Knock Off|p1a: realiti
|-damage|p1a: realiti|78/100
|-enditem|p1a: realiti|Heavy-Duty Boots|[from] move: Knock Off|[of] p2a: Tangrowth
|
|upkeep
|turn|2
|
|t:|1654125353
|move|p1a: realiti|Volt Switch|p2a: Tangrowth
|-resisted|p2a: Tangrowth
|-damage|p2a: Tangrowth|86/100
|
|t:|1654125356
|switch|p1a: venus fly|Crobat, F|100/100|[from]move: Volt Switch
|move|p2a: Tangrowth|Knock Off|p1a: venus fly
|-damage|p1a: venus fly|74/100
|-enditem|p1a: venus fly|Heavy-Duty Boots|[from] move: Knock Off|[of] p2a: Tangrowth
|
|upkeep
|turn|3
|
|t:|1654125358
|move|p1a: venus fly|U-turn|p2a: Tangrowth
|-supereffective|p2a: Tangrowth
|-damage|p2a: Tangrowth|62/100
|-damage|p1a: venus fly|57/100|[from] item: Rocky Helmet|[of] p2a: Tangrowth
|
|t:|1654125362
|switch|p1a: realiti|Rotom-Heat|78/100|[from]move: U-turn
|move|p2a: Tangrowth|Sleep Powder|p1a: realiti|[miss]
|-miss|p2a: Tangrowth|p1a: realiti
|
|upkeep
|turn|4
|
|t:|1654125366
|switch|p2a: Nihilego|Nihilego|100/100
|move|p1a: realiti|Volt Switch|p2a: Nihilego
|-damage|p2a: Nihilego|80/100
|
|t:|1654125368
|switch|p1a: pin|Conkeldurr, F|100/100|[from]move: Volt Switch
|
|-heal|p2a: Nihilego|87/100|[from] item: Black Sludge
|-status|p1a: pin|brn|[from] item: Flame Orb
|upkeep
|turn|5
|
|t:|1654125376
|switch|p2a: Tangrowth|Tangrowth, M|95/100
|move|p1a: pin|Knock Off|p2a: Tangrowth
|-damage|p2a: Tangrowth|61/100
|-damage|p1a: pin|84/100 brn|[from] item: Rocky Helmet|[of] p2a: Tangrowth
|-enditem|p2a: Tangrowth|Rocky Helmet|[from] move: Knock Off|[of] p1a: pin
|
|-damage|p1a: pin|78/100 brn|[from] brn
|upkeep
|turn|6
|
|t:|1654125389
|move|p1a: pin|Facade|p2a: Tangrowth
|-damage|p2a: Tangrowth|8/100
|move|p2a: Tangrowth|Power Whip|p1a: pin
|-damage|p1a: pin|35/100 brn
|
|-damage|p1a: pin|29/100 brn|[from] brn
|upkeep
|turn|7
|inactive|Adaam has 270 seconds left.
|inactive|Adaam has 240 seconds left.
|
|t:|1654125473
|move|p1a: pin|Knock Off|p2a: Tangrowth
|-damage|p2a: Tangrowth|0 fnt
|faint|p2a: Tangrowth
|
|-damage|p1a: pin|23/100 brn|[from] brn
|upkeep
|
|t:|1654125478
|switch|p2a: Moltres|Moltres|100/100
|turn|8
|
|t:|1654125483
|switch|p1a: realiti|Rotom-Heat|78/100
|move|p2a: Moltres|U-turn|p1a: realiti
|-resisted|p1a: realiti
|-damage|p1a: realiti|70/100
|
|t:|1654125485
|switch|p2a: Nihilego|Nihilego|87/100|[from]move: U-turn
|
|-heal|p2a: Nihilego|93/100|[from] item: Black Sludge
|upkeep
|turn|9
|
|t:|1654125489
|switch|p1a: belly of the beat|Swampert, F|100/100
|move|p2a: Nihilego|Stealth Rock|p1a: belly of the beat
|-sidestart|p1: cornelia street|move: Stealth Rock
|
|-heal|p2a: Nihilego|99/100|[from] item: Black Sludge
|upkeep
|turn|10
|
|t:|1654125494
|move|p2a: Nihilego|Knock Off|p1a: belly of the beat
|-damage|p1a: belly of the beat|90/100
|-enditem|p1a: belly of the beat|Leftovers|[from] move: Knock Off|[of] p2a: Nihilego
|move|p1a: belly of the beat|Earthquake|p2a: Nihilego
|-supereffective|p2a: Nihilego
|-damage|p2a: Nihilego|0 fnt
|faint|p2a: Nihilego
|
|upkeep
|c|☆Adaam|reverse kmoment
|
|t:|1654125509
|switch|p2a: Hydreigon|Hydreigon, F|100/100
|turn|11
|
|t:|1654125536
|switch|p1a: art angels|Celesteela|100/100
|-damage|p1a: art angels|88/100|[from] Stealth Rock
|move|p2a: Hydreigon|Dark Pulse|p1a: art angels
|-damage|p1a: art angels|60/100
|
|-heal|p1a: art angels|66/100|[from] item: Leftovers
|upkeep
|turn|12
|
|t:|1654125542
|move|p2a: Hydreigon|Dark Pulse|p1a: art angels
|-damage|p1a: art angels|40/100
|move|p1a: art angels|Toxic|p2a: Hydreigon
|-status|p2a: Hydreigon|tox
|
|-heal|p1a: art angels|46/100|[from] item: Leftovers
|-damage|p2a: Hydreigon|94/100 tox|[from] psn
|upkeep
|turn|13
|inactive|Adaam has 270 seconds left.
|
|t:|1654125549
|switch|p2a: Slowking|Slowking, M|100/100
|move|p1a: art angels|Leech Seed|p2a: Slowking
|-start|p2a: Slowking|move: Leech Seed
|
|-heal|p1a: art angels|53/100|[from] item: Leftovers
|-damage|p2a: Slowking|88/100|[from] Leech Seed|[of] p1a: art angels
|-heal|p1a: art angels|65/100|[silent]
|upkeep
|turn|14
|inactive|Adaam has 270 seconds left.
|
|t:|1654125562
|move|p1a: art angels|Toxic|p2a: Slowking
|-status|p2a: Slowking|tox
|move|p2a: Slowking|Scald|p1a: art angels
|-damage|p1a: art angels|47/100
|
|-heal|p1a: art angels|54/100|[from] item: Leftovers
|-damage|p2a: Slowking|76/100 tox|[from] Leech Seed|[of] p1a: art angels
|-heal|p1a: art angels|66/100|[silent]
|-damage|p2a: Slowking|70/100 tox|[from] psn
|upkeep
|turn|15
|
|t:|1654125571
|switch|p1a: belly of the beat|Swampert, F|90/100
|-damage|p1a: belly of the beat|84/100|[from] Stealth Rock
|move|p2a: Slowking|Teleport|p2a: Slowking
|
|t:|1654125575
|switch|p2a: Hydreigon|Hydreigon, F|94/100 tox|[from]move: Teleport
|
|-damage|p2a: Hydreigon|88/100 tox|[from] psn
|upkeep
|turn|16
|
|t:|1654125595
|move|p2a: Hydreigon|Dark Pulse|p1a: belly of the beat
|-damage|p1a: belly of the beat|50/100
|move|p1a: belly of the beat|Flip Turn|p2a: Hydreigon
|-resisted|p2a: Hydreigon
|-damage|p2a: Hydreigon|76/100 tox
|inactive|cornelia street has 270 seconds left.
|
|t:|1654125634
|switch|p1a: california|Zarude-Dada|100/100|[from]move: Flip Turn
|-damage|p1a: california|88/100|[from] Stealth Rock
|
|-damage|p2a: Hydreigon|63/100 tox|[from] psn
|upkeep
|turn|17
|
|t:|1654125658
|switch|p2a: Excadrill|Excadrill, M|100/100
|-ability|p2a: Excadrill|Mold Breaker
|-item|p2a: Excadrill|Air Balloon
|move|p1a: california|Darkest Lariat|p2a: Excadrill
|-damage|p2a: Excadrill|17/100
|-enditem|p2a: Excadrill|Air Balloon
|
|upkeep
|turn|18
|inactive|cornelia street has 270 seconds left.
|
|t:|1654125669
|switch|p2a: Hydreigon|Hydreigon, F|63/100 tox
|move|p1a: california|Darkest Lariat|p2a: Hydreigon
|-resisted|p2a: Hydreigon
|-damage|p2a: Hydreigon|26/100 tox
|
|-damage|p2a: Hydreigon|20/100 tox|[from] psn
|upkeep
|turn|19
|inactive|cornelia street has 270 seconds left.
|
|t:|1654125681
|switch|p1a: realiti|Rotom-Heat|70/100
|-damage|p1a: realiti|45/100|[from] Stealth Rock
|move|p2a: Hydreigon|U-turn|p1a: realiti
|-resisted|p1a: realiti
|-damage|p1a: realiti|37/100
|
|t:|1654125683
|switch|p2a: Excadrill|Excadrill, M|17/100|[from]move: U-turn
|-ability|p2a: Excadrill|Mold Breaker
|
|upkeep
|turn|20
|
|t:|1654125688
|move|p2a: Excadrill|Earthquake|p1a: realiti
|-supereffective|p1a: realiti
|-damage|p1a: realiti|0 fnt
|faint|p1a: realiti
|
|upkeep
|inactive|cornelia street has 270 seconds left.
|
|t:|1654125732
|switch|p1a: california|Zarude-Dada|88/100
|-damage|p1a: california|76/100|[from] Stealth Rock
|turn|21
|
|t:|1654125740
|move|p1a: california|Darkest Lariat|p2a: Excadrill
|-damage|p2a: Excadrill|0 fnt
|faint|p2a: Excadrill
|
|upkeep
|inactive|Adaam has 270 seconds left.
|
|t:|1654125786
|switch|p2a: Moltres|Moltres|100/100
|turn|22
|
|t:|1654125809
|move|p1a: california|Darkest Lariat|p2a: Moltres
|-damage|p2a: Moltres|23/100
|-status|p1a: california|brn|[from] ability: Flame Body|[of] p2a: Moltres
|move|p2a: Moltres|Roost|p2a: Moltres
|-heal|p2a: Moltres|73/100
|-singleturn|p2a: Moltres|move: Roost
|
|-damage|p1a: california|70/100 brn|[from] brn
|upkeep
|turn|23
|
|t:|1654125816
|move|p1a: california|Darkest Lariat|p2a: Moltres
|-damage|p2a: Moltres|38/100
|move|p2a: Moltres|Roost|p2a: Moltres
|-heal|p2a: Moltres|88/100
|-singleturn|p2a: Moltres|move: Roost
|
|-damage|p1a: california|64/100 brn|[from] brn
|upkeep
|turn|24
|
|t:|1654125820
|move|p1a: california|Darkest Lariat|p2a: Moltres
|-damage|p2a: Moltres|53/100
|move|p2a: Moltres|Flamethrower|p1a: california
|-supereffective|p1a: california
|-damage|p1a: california|0 fnt
|faint|p1a: california
|
|upkeep
|
|t:|1654125826
|switch|p1a: venus fly|Crobat, F|57/100
|-damage|p1a: venus fly|32/100|[from] Stealth Rock
|turn|25
|
|t:|1654125832
|move|p1a: venus fly|Defog|p2a: Moltres
|-unboost|p2a: Moltres|evasion|1
|-sideend|p1: cornelia street|Stealth Rock|[from] move: Defog|[of] p1a: venus fly
|move|p2a: Moltres|Roost|p2a: Moltres
|-heal|p2a: Moltres|100/100
|-singleturn|p2a: Moltres|move: Roost
|
|upkeep
|turn|26
|
|t:|1654125850
|move|p1a: venus fly|Brave Bird|p2a: Moltres
|-damage|p2a: Moltres|40/100
|-damage|p1a: venus fly|13/100|[from] Recoil
|move|p2a: Moltres|Flamethrower|p1a: venus fly
|-damage|p1a: venus fly|0 fnt
|faint|p1a: venus fly
|
|upkeep
|
|t:|1654125854
|switch|p1a: belly of the beat|Swampert, F|50/100
|turn|27
|
|t:|1654125860
|move|p2a: Moltres|U-turn|p1a: belly of the beat
|-damage|p1a: belly of the beat|39/100
|
|t:|1654125862
|switch|p2a: Slowking|Slowking, M|100/100 tox|[from]move: U-turn
|move|p1a: belly of the beat|Stealth Rock|p2a: Slowking
|-sidestart|p2: Adaam|move: Stealth Rock
|
|-damage|p2a: Slowking|94/100 tox|[from] psn
|upkeep
|turn|28
|
|t:|1654125870
|move|p1a: belly of the beat|Flip Turn|p2a: Slowking
|-resisted|p2a: Slowking
|-damage|p2a: Slowking|86/100 tox
|
|t:|1654125874
|switch|p1a: art angels|Celesteela|66/100|[from]move: Flip Turn
|move|p2a: Slowking|Scald|p1a: art angels
|-damage|p1a: art angels|50/100
|
|-heal|p1a: art angels|57/100|[from] item: Leftovers
|-damage|p2a: Slowking|74/100 tox|[from] psn
|upkeep
|turn|29
|
|t:|1654125885
|move|p1a: art angels|Heavy Slam|p2a: Slowking
|-resisted|p2a: Slowking
|-damage|p2a: Slowking|57/100 tox
|move|p2a: Slowking|Scald|p1a: art angels
|-damage|p1a: art angels|39/100
|-status|p1a: art angels|brn
|
|-heal|p1a: art angels|45/100 brn|[from] item: Leftovers
|-damage|p2a: Slowking|39/100 tox|[from] psn
|-damage|p1a: art angels|39/100 brn|[from] brn
|upkeep
|turn|30
|
|t:|1654125892
|move|p1a: art angels|Leech Seed|p2a: Slowking
|-start|p2a: Slowking|move: Leech Seed
|move|p2a: Slowking|Slack Off|p2a: Slowking
|-heal|p2a: Slowking|89/100 tox
|
|-heal|p1a: art angels|45/100 brn|[from] item: Leftovers
|-damage|p2a: Slowking|76/100 tox|[from] Leech Seed|[of] p1a: art angels
|-heal|p1a: art angels|57/100 brn|[silent]
|-damage|p2a: Slowking|52/100 tox|[from] psn
|-damage|p1a: art angels|51/100 brn|[from] brn
|upkeep
|turn|31
|c|☆cornelia street|im bad for letting rotom die and risking burn
|c|☆cornelia street|gg
|
|t:|1654125917
|move|p1a: art angels|Heavy Slam|p2a: Slowking
|-resisted|p2a: Slowking
|-damage|p2a: Slowking|44/100 tox
|move|p2a: Slowking|Teleport|p2a: Slowking
|
|t:|1654125918
|switch|p2a: Moltres|Moltres|40/100|[from]move: Teleport
|
|-heal|p1a: art angels|57/100 brn|[from] item: Leftovers
|-damage|p1a: art angels|51/100 brn|[from] brn
|upkeep
|turn|32
|
|t:|1654125922
|move|p2a: Moltres|Flamethrower|p1a: art angels
|-supereffective|p1a: art angels
|-damage|p1a: art angels|0 fnt
|faint|p1a: art angels
|
|upkeep
|
|t:|1654125925
|switch|p1a: belly of the beat|Swampert, F|39/100
|turn|33
|c|☆Adaam|gg
|
|t:|1654125938
|move|p2a: Moltres|U-turn|p1a: belly of the beat
|-damage|p1a: belly of the beat|28/100
|
|t:|1654125940
|switch|p2a: Slowking|Slowking, M|77/100 tox|[from]move: U-turn
|-damage|p2a: Slowking|65/100 tox|[from] Stealth Rock
|move|p1a: belly of the beat|Earthquake|p2a: Slowking
|-damage|p2a: Slowking|34/100 tox
|
|-damage|p2a: Slowking|28/100 tox|[from] psn
|upkeep
|turn|34
|inactive|Adaam has 270 seconds left.
|
|t:|1654125993
|switch|p2a: Hydreigon|Hydreigon, F|20/100 tox
|-damage|p2a: Hydreigon|7/100 tox|[from] Stealth Rock
|move|p1a: belly of the beat|Earthquake|p2a: Hydreigon
|-immune|p2a: Hydreigon|[from] ability: Levitate
|
|-damage|p2a: Hydreigon|1/100 tox|[from] psn
|upkeep
|turn|35
|c|☆cornelia street|oh that rounded up too
|c|☆cornelia street|flop
|
|t:|1654126011
|move|p2a: Hydreigon|Dark Pulse|p1a: belly of the beat
|-damage|p1a: belly of the beat|0 fnt
|faint|p1a: belly of the beat
|
|-damage|p2a: Hydreigon|0 fnt|[from] psn
|faint|p2a: Hydreigon
|upkeep
|
|t:|1654126015
|switch|p2a: Moltres|Moltres|40/100
|switch|p1a: pin|Conkeldurr, F|23/100 brn
|turn|36
|
|t:|1654126019
|move|p1a: pin|Mach Punch|p2a: Moltres
|-resisted|p2a: Moltres
|-damage|p2a: Moltres|18/100
|move|p2a: Moltres|Flamethrower|p1a: pin
|-damage|p1a: pin|0 fnt
|faint|p1a: pin
|
|win|Adaam
