|inactive|Battle timer is ON: inactive players will automatically lose when time's up.
|t:|1655662177
|gametype|singles
|player|p1|avarice|#avarice|
|player|p2|Adaam|#uutrio2ladder|
|teamsize|p1|6
|teamsize|p2|6
|gen|8
|tier|[Gen 8] UU
|rule|Sleep Clause Mod: Limit one foe put to sleep
|rule|Species Clause: Limit one of each Pokémon
|rule|OHKO Clause: OHKO moves are banned
|rule|Evasion Moves Clause: Evasion moves are banned
|rule|Endless Battle Clause: Forcing endless battles is banned
|rule|HP Percentage Mod: HP is shown in percentages
|rule|Dynamax Clause: You cannot dynamax
|clearpoke
|poke|p1|Hydreigon, F|
|poke|p1|Swampert, M|
|poke|p1|Dhelmise|
|poke|p1|Centiskorch, M|
|poke|p1|Gyarados, M|
|poke|p1|Skarmory, F|
|poke|p2|Diggersby, M|
|poke|p2|Jirachi|
|poke|p2|Salamence, M|
|poke|p2|Tentacruel, F|
|poke|p2|Togekiss, M|
|poke|p2|Zarude-Dada|
|teampreview
|c|☆Adaam|hf
|c|☆avarice|hf
|c|+mncmt|.
|c|+mncmt|ava wtf is this
|c|+mncmt|LOOL
|c|☆avarice|LOLOL
|inactive|avarice has 270 seconds left.
|inactive|Adaam has 270 seconds left.
|c|+hariyana grande|the scorcher 
|inactive|Adaam has 240 seconds left.
|
|t:|1655662243
|start
|switch|p1a: Swampert|Swampert, M|100/100
|switch|p2a: big chungus|Diggersby, M|100/100
|turn|1
|
|t:|1655662251
|move|p2a: big chungus|Earthquake|p1a: Swampert
|-damage|p1a: Swampert|21/100
|move|p1a: Swampert|Stealth Rock|p2a: big chungus
|-sidestart|p2: Adaam|move: Stealth Rock
|
|-heal|p1a: Swampert|27/100|[from] item: Leftovers
|upkeep
|turn|2
|inactive|Adaam has 270 seconds left.
|
|t:|1655662287
|switch|p2a: Zarude|Zarude-Dada|100/100
|move|p1a: Swampert|Flip Turn|p2a: Zarude
|-resisted|p2a: Zarude
|-damage|p2a: Zarude|85/100
|
|t:|1655662290
|switch|p1a: Centiskorch|Centiskorch, M|100/100|[from]move: Flip Turn
|
|upkeep
|turn|3
|inactive|Adaam has 270 seconds left.
|c|☆Adaam|what he do tho...
|c|+mncmt|wins
|c|☆Adaam|if i get scarf leeched here ill kill myself
|c|+vivalospride|yoooo the scorcher
|
|t:|1655662322
|move|p2a: Zarude|U-turn|p1a: Centiskorch
|-resisted|p1a: Centiskorch
|-damage|p1a: Centiskorch|86/100
|c|@Lily|fuck all probably
|c|+Donphantastic|skorcher in
|inactive|Adaam has 240 seconds left.
|c|+dnagerbdager|in b4 specs
|
|t:|1655662366
|switch|p2a: rock you like a|Salamence, M|100/100|[from]move: U-turn
|-ability|p2a: rock you like a|Intimidate|boost
|-fail|p1a: Centiskorch|unboost|[from] ability: White Smoke|[of] p1a: Centiskorch
|move|p1a: Centiskorch|Knock Off|p2a: rock you like a
|-damage|p2a: rock you like a|62/100
|-enditem|p2a: rock you like a|Heavy-Duty Boots|[from] move: Knock Off|[of] p1a: Centiskorch
|
|upkeep
|turn|4
|c|+mncmt|smoked
|
|t:|1655662381
|switch|p1a: Hydreigon|Hydreigon, F|100/100
|move|p2a: rock you like a|Hurricane|p1a: Hydreigon|[miss]
|-miss|p2a: rock you like a|p1a: Hydreigon
|
|upkeep
|turn|5
|c|+Donphantastic|knockd
|inactive|Adaam has 210 seconds left.
|c|+dnagerbdager|wait why does centi have actual stats
|c|+dnagerbdager|tf
|inactive|Adaam has 180 seconds left.
|
|t:|1655662435
|move|p1a: Hydreigon|Draco Meteor|p2a: rock you like a
|-supereffective|p2a: rock you like a
|-damage|p2a: rock you like a|0 fnt
|-unboost|p1a: Hydreigon|spa|2
|faint|p2a: rock you like a
|
|upkeep
|
|t:|1655662438
|switch|p2a: Jirachi|Jirachi|100/100
|-damage|p2a: Jirachi|94/100|[from] Stealth Rock
|turn|6
|c|+mncmt|!dt centiskorch
|raw|<div class="message"><ul class="utilichart"><li class="result"><span class="col numcol">(PU)</span> <span class="col iconcol"><psicon pokemon="centiskorch"/></span> <span class="col pokemonnamecol" style="white-space:nowrap"><a href="https://dex.pokemonshowdown.com/pokemon/centiskorch" target="_blank">Centiskorch</a></span> <span class="col typecol"><img src="https://play.pokemonshowdown.com/sprites/types/Fire.png" alt="Fire" height="14" width="32"><img src="https://play.pokemonshowdown.com/sprites/types/Bug.png" alt="Bug" height="14" width="32"></span> <span style="float:left;min-height:26px"><span class="col twoabilitycol">Flash Fire<br />White Smoke</span><span class="col abilitycol"><em>Flame Body</em></span></span><span style="float:left;min-height:26px"><span class="col statcol"><em>HP</em><br />100</span> <span class="col statcol"><em>Atk</em><br />115</span> <span class="col statcol"><em>Def</em><br />65</span> <span class="col statcol"><em>SpA</em><br />90</span> <span class="col statcol"><em>SpD</em><br />90</span> <span class="col statcol"><em>Spe</em><br />65</span> <span class="col bstcol"><em>BST<br />525</em></span> </span></li><li style="clear:both"></li></ul></div>
|raw|<font size="1"><font color="#686868">Dex#:</font> 851&nbsp;|&ThickSpace;<font color="#686868">Gen:</font> 8&nbsp;|&ThickSpace;<font color="#686868">Height:</font> 3 m&nbsp;|&ThickSpace;<font color="#686868">Weight:</font> 120 kg <em>(100 BP)</em>&nbsp;|&ThickSpace;<font color="#686868">G-Max Move:</font> G-Max Centiferno&nbsp;|&ThickSpace;<font color="#686868">Dex Colour:</font> Red&nbsp;|&ThickSpace;<font color="#686868">Egg Group(s):</font> Bug&nbsp;|&ThickSpace;<font color="#686868">Does Not Evolve</font></font>

|
|t:|1655662455
|switch|p1a: Centiskorch|Centiskorch, M|86/100
|move|p2a: Jirachi|Stealth Rock|p1a: Centiskorch
|-sidestart|p1: avarice|move: Stealth Rock
|
|upkeep
|turn|7
|
|t:|1655662465
|switch|p2a: squid game szn 2|Tentacruel, F|100/100
|-damage|p2a: squid game szn 2|88/100|[from] Stealth Rock
|move|p1a: Centiskorch|Knock Off|p2a: squid game szn 2
|-damage|p2a: squid game szn 2|47/100
|-enditem|p2a: squid game szn 2|Black Sludge|[from] move: Knock Off|[of] p1a: Centiskorch
|
|upkeep
|turn|8
|c|+suloxiv|in b4 mixed centi
|inactive|avarice has 270 seconds left.
|c|+Mionda ✿|no way
|c|+Mionda ✿|squid game season 2..?
|
|t:|1655662510
|move|p2a: squid game szn 2|Knock Off|p1a: Centiskorch
|-damage|p1a: Centiskorch|65/100
|-enditem|p1a: Centiskorch|Heavy-Duty Boots|[from] move: Knock Off|[of] p2a: squid game szn 2
|move|p1a: Centiskorch|Power Whip|p2a: squid game szn 2
|-damage|p2a: squid game szn 2|0 fnt
|faint|p2a: squid game szn 2
|
|upkeep
|
|t:|1655662524
|switch|p2a: Togekiss|Togekiss, M|100/100
|-damage|p2a: Togekiss|76/100|[from] Stealth Rock
|turn|9
|
|t:|1655662544
|move|p2a: Togekiss|Air Slash|p1a: Centiskorch
|-supereffective|p1a: Centiskorch
|-damage|p1a: Centiskorch|0 fnt
|faint|p1a: Centiskorch
|
|upkeep
|
|t:|1655662550
|switch|p1a: Skarmory|Skarmory, F|100/100
|-damage|p1a: Skarmory|88/100|[from] Stealth Rock
|turn|10
|
|t:|1655662556
|move|p2a: Togekiss|Air Slash|p1a: Skarmory
|-resisted|p1a: Skarmory
|-damage|p1a: Skarmory|62/100
|cant|p1a: Skarmory|flinch
|
|upkeep
|turn|11
|
|t:|1655662559
|move|p2a: Togekiss|Air Slash|p1a: Skarmory
|-resisted|p1a: Skarmory
|-crit|p1a: Skarmory
|-damage|p1a: Skarmory|25/100
|cant|p1a: Skarmory|flinch
|
|upkeep
|turn|12
|
|t:|1655662564
|move|p2a: Togekiss|Air Slash|p1a: Skarmory
|-resisted|p1a: Skarmory
|-damage|p1a: Skarmory|0 fnt
|faint|p1a: Skarmory
|
|upkeep
|inactive|avarice has 270 seconds left.
|c|☆avarice|hm
|inactive|avarice has 240 seconds left.
|inactive|avarice has 210 seconds left.
|
|t:|1655662663
|switch|p1a: Gyarados|Gyarados, M|100/100
|-damage|p1a: Gyarados|76/100|[from] Stealth Rock
|turn|13
|
|t:|1655662664
|move|p2a: Togekiss|Air Slash|p1a: Gyarados
|-damage|p1a: Gyarados|39/100
|cant|p1a: Gyarados|flinch
|
|upkeep
|turn|14
|c|☆avarice|...during pride month?
|c|☆avarice|gg
|inactive|Adaam has 240 seconds left.
|inactive|Adaam has 210 seconds left.
|inactive|Adaam has 180 seconds left.
|
|t:|1655662777
|move|p2a: Togekiss|Air Slash|p1a: Gyarados
|-damage|p1a: Gyarados|2/100
|move|p1a: Gyarados|Dragon Dance|p1a: Gyarados
|-boost|p1a: Gyarados|atk|1
|-boost|p1a: Gyarados|spe|1
|
|upkeep
|turn|15
|inactive|Adaam has 150 seconds left.
|
|t:|1655662799
|switch|p2a: Jirachi|Jirachi|94/100
|-damage|p2a: Jirachi|88/100|[from] Stealth Rock
|move|p1a: Gyarados|Waterfall|p2a: Jirachi
|-damage|p2a: Jirachi|36/100
|
|upkeep
|turn|16
|
|t:|1655662805
|move|p1a: Gyarados|Waterfall|p2a: Jirachi
|-damage|p2a: Jirachi|0 fnt
|faint|p2a: Jirachi
|-ability|p1a: Gyarados|Moxie|boost
|-boost|p1a: Gyarados|atk|1
|
|upkeep
|
|t:|1655662806
|switch|p2a: big chungus|Diggersby, M|100/100
|-damage|p2a: big chungus|94/100|[from] Stealth Rock
|turn|17
|
|t:|1655662809
|switch|p1a: Dhelmise|Dhelmise|100/100
|move|p2a: big chungus|Quick Attack|p1a: Dhelmise
|-immune|p1a: Dhelmise
|
|upkeep
|turn|18
|inactive|avarice has 240 seconds left.
|
|t:|1655662815
|switch|p2a: Zarude|Zarude-Dada|85/100
|move|p1a: Dhelmise|Rapid Spin|p2a: Zarude
|-damage|p2a: Zarude|72/100
|-boost|p1a: Dhelmise|spe|1
|-sideend|p1: avarice|Stealth Rock|[from] move: Rapid Spin|[of] p1a: Dhelmise
|
|upkeep
|turn|19
|inactive|avarice has 240 seconds left.
|inactive|Adaam has 180 seconds left.
|inactive|avarice has 210 seconds left.
|
|t:|1655662872
|switch|p1a: Gyarados|Gyarados, M|2/100
|move|p2a: Zarude|U-turn|p1a: Gyarados
|-resisted|p1a: Gyarados
|-damage|p1a: Gyarados|0 fnt
|faint|p1a: Gyarados
|inactive|Adaam has 150 seconds left.
|
|t:|1655662917
|switch|p2a: Togekiss|Togekiss, M|76/100|[from]move: U-turn
|-damage|p2a: Togekiss|51/100|[from] Stealth Rock
|
|upkeep
|inactive|avarice has 180 seconds left.
|
|t:|1655662953
|switch|p1a: Dhelmise|Dhelmise|100/100
|turn|20
|
|t:|1655662958
|move|p2a: Togekiss|Air Slash|p1a: Dhelmise
|-supereffective|p1a: Dhelmise
|-damage|p1a: Dhelmise|18/100
|move|p1a: Dhelmise|Poltergeist|p2a: Togekiss
|-activate|p2a: Togekiss|move: Poltergeist|Choice Scarf
|-damage|p2a: Togekiss|0 fnt
|faint|p2a: Togekiss
|
|upkeep
|
|t:|1655662963
|switch|p2a: Zarude|Zarude-Dada|72/100
|turn|21
|inactive|Adaam has 150 seconds left.
|
|t:|1655662971
|switch|p1a: Swampert|Swampert, M|27/100
|move|p2a: Zarude|Jungle Healing|p2a: Zarude
|-heal|p2a: Zarude|97/100
|
|-heal|p1a: Swampert|33/100|[from] item: Leftovers
|upkeep
|turn|22
|inactive|Adaam has 150 seconds left.
|
|t:|1655662989
|move|p2a: Zarude|Power Whip|p1a: Swampert
|-supereffective|p1a: Swampert
|-damage|p1a: Swampert|0 fnt
|faint|p1a: Swampert
|
|upkeep
|
|t:|1655663001
|switch|p1a: Hydreigon|Hydreigon, F|100/100
|turn|23
|inactive|Adaam has 150 seconds left.
|inactive|avarice has 180 seconds left.
|inactive|Adaam has 120 seconds left.
|
|t:|1655663056
|move|p1a: Hydreigon|Fire Blast|p2a: Zarude
|-supereffective|p2a: Zarude
|-damage|p2a: Zarude|9/100
|move|p2a: Zarude|U-turn|p1a: Hydreigon
|-supereffective|p1a: Hydreigon
|-damage|p1a: Hydreigon|43/100
|
|t:|1655663061
|switch|p2a: big chungus|Diggersby, M|94/100|[from]move: U-turn
|-damage|p2a: big chungus|88/100|[from] Stealth Rock
|
|upkeep
|turn|24
|inactive|avarice has 180 seconds left.
|
|t:|1655663075
|move|p1a: Hydreigon|Fire Blast|p2a: big chungus
|-damage|p2a: big chungus|33/100
|move|p2a: big chungus|U-turn|p1a: Hydreigon
|-supereffective|p1a: Hydreigon
|-damage|p1a: Hydreigon|0 fnt
|faint|p1a: Hydreigon
|
|t:|1655663077
|switch|p2a: Zarude|Zarude-Dada|9/100|[from]move: U-turn
|
|upkeep
|
|t:|1655663080
|switch|p1a: Dhelmise|Dhelmise|18/100
|turn|25
|
|t:|1655663083
|move|p2a: Zarude|Darkest Lariat|p1a: Dhelmise
|-supereffective|p1a: Dhelmise
|-damage|p1a: Dhelmise|0 fnt
|faint|p1a: Dhelmise
|
|win|Adaam
