|inactive|Battle timer is ON: inactive players will automatically lose when time's up.
|t:|1656537759
|gametype|singles
|player|p1|Adaam|#uutrio2ladder|
|player|p2|robjr|lance|
|teamsize|p1|6
|teamsize|p2|6
|gen|8
|tier|[Gen 8] UU
|rule|Sleep Clause Mod: Limit one foe put to sleep
|rule|Species Clause: Limit one of each Pokémon
|rule|OHKO Clause: OHKO moves are banned
|rule|Evasion Moves Clause: Evasion moves are banned
|rule|Endless Battle Clause: Forcing endless battles is banned
|rule|HP Percentage Mod: HP is shown in percentages
|rule|Dynamax Clause: You cannot dynamax
|clearpoke
|poke|p1|Azumarill, F|
|poke|p1|Hydreigon, F|
|poke|p1|Excadrill, M|
|poke|p1|Necrozma|
|poke|p1|Amoonguss, F|
|poke|p1|Thundurus-Therian, M|
|poke|p2|Slowbro-Galar, F|
|poke|p2|Zygarde-10%|
|poke|p2|Celesteela|
|poke|p2|Tangrowth, M|
|poke|p2|Rotom-Wash|
|poke|p2|Cobalion|
|teampreview
|c|☆robjr|Hf
|c|☆Adaam|u2
|inactive|Adaam has 270 seconds left.
|inactive|robjr has 270 seconds left.
|
|t:|1656537802
|start
|switch|p1a: Necrozma|Necrozma|100/100
|switch|p2a: Tangrowth|Tangrowth, M|100/100
|turn|1
|
|t:|1656537807
|switch|p1a: Amoonguss|Amoonguss, F|100/100
|move|p2a: Tangrowth|Knock Off|p1a: Amoonguss
|-damage|p1a: Amoonguss|83/100
|-damage|p2a: Tangrowth|84/100|[from] item: Rocky Helmet|[of] p1a: Amoonguss
|-enditem|p1a: Amoonguss|Rocky Helmet|[from] move: Knock Off|[of] p2a: Tangrowth
|
|upkeep
|turn|2
|
|t:|1656537812
|switch|p2a: Cobalion|Cobalion|100/100
|move|p1a: Amoonguss|Spore|p2a: Cobalion
|-activate|p2a: Cobalion|item: Safety Goggles|Spore
|
|upkeep
|turn|3
|
|t:|1656537838
|switch|p1a: Necrozma|Necrozma|100/100
|move|p2a: Cobalion|Stealth Rock|p1a: Necrozma
|-sidestart|p1: Adaam|move: Stealth Rock
|
|upkeep
|turn|4
|
|t:|1656537855
|switch|p2a: Tangrowth|Tangrowth, M|100/100
|move|p1a: Necrozma|Stealth Rock|p2a: Tangrowth
|-sidestart|p2: robjr|move: Stealth Rock
|
|upkeep
|turn|5
|
|t:|1656537862
|switch|p1a: Amoonguss|Amoonguss, F|100/100
|-damage|p1a: Amoonguss|88/100|[from] Stealth Rock
|move|p2a: Tangrowth|Knock Off|p1a: Amoonguss
|-damage|p1a: Amoonguss|77/100
|
|upkeep
|turn|6
|
|t:|1656537870
|move|p2a: Tangrowth|Sludge Bomb|p1a: Amoonguss
|-damage|p1a: Amoonguss|57/100
|move|p1a: Amoonguss|Giga Drain|p2a: Tangrowth
|-resisted|p2a: Tangrowth
|-crit|p2a: Tangrowth
|-damage|p2a: Tangrowth|89/100
|-heal|p1a: Amoonguss|63/100|[from] drain|[of] p2a: Tangrowth
|
|upkeep
|turn|7
|
|t:|1656537878
|switch|p2a: Cobalion|Cobalion|100/100
|-damage|p2a: Cobalion|97/100|[from] Stealth Rock
|move|p1a: Amoonguss|Sludge Bomb|p2a: Cobalion
|-immune|p2a: Cobalion
|
|upkeep
|turn|8
|
|t:|1656537883
|move|p2a: Cobalion|Iron Head|p1a: Amoonguss
|-damage|p1a: Amoonguss|41/100
|move|p1a: Amoonguss|Giga Drain|p2a: Cobalion
|-resisted|p2a: Cobalion
|-damage|p2a: Cobalion|82/100
|-heal|p1a: Amoonguss|47/100|[from] drain|[of] p2a: Cobalion
|
|upkeep
|turn|9
|
|t:|1656537896
|switch|p1a: Necrozma|Necrozma|100/100
|-damage|p1a: Necrozma|88/100|[from] Stealth Rock
|move|p2a: Cobalion|Iron Head|p1a: Necrozma
|-damage|p1a: Necrozma|58/100
|
|-heal|p1a: Necrozma|64/100|[from] item: Leftovers
|upkeep
|turn|10
|
|t:|1656537917
|switch|p2a: Slowbro|Slowbro-Galar, F|100/100
|-damage|p2a: Slowbro|88/100|[from] Stealth Rock
|move|p1a: Necrozma|Moonlight|p1a: Necrozma
|-heal|p1a: Necrozma|100/100
|
|upkeep
|turn|11
|
|t:|1656537923
|move|p1a: Necrozma|Photon Geyser|p2a: Slowbro
|-damage|p2a: Slowbro|33/100
|move|p2a: Slowbro|Sludge Bomb|p1a: Necrozma
|-damage|p1a: Necrozma|67/100
|
|-heal|p1a: Necrozma|73/100|[from] item: Leftovers
|upkeep
|turn|12
|
|t:|1656537933
|switch|p2a: Tangrowth|Tangrowth, M|100/100
|-damage|p2a: Tangrowth|88/100|[from] Stealth Rock
|move|p1a: Necrozma|Photon Geyser|p2a: Tangrowth
|-damage|p2a: Tangrowth|50/100
|
|-heal|p1a: Necrozma|79/100|[from] item: Leftovers
|upkeep
|turn|13
|
|t:|1656537937
|move|p1a: Necrozma|Heat Wave|p2a: Tangrowth
|-supereffective|p2a: Tangrowth
|-damage|p2a: Tangrowth|3/100
|move|p2a: Tangrowth|Knock Off|p1a: Necrozma
|-supereffective|p1a: Necrozma
|-damage|p1a: Necrozma|50/100
|-enditem|p1a: Necrozma|Leftovers|[from] move: Knock Off|[of] p2a: Tangrowth
|
|upkeep
|turn|14
|
|t:|1656537951
|move|p1a: Necrozma|Moonlight|p1a: Necrozma
|-heal|p1a: Necrozma|99/100
|move|p2a: Tangrowth|Sludge Bomb|p1a: Necrozma
|-damage|p1a: Necrozma|77/100
|
|upkeep
|turn|15
|
|t:|1656537960
|move|p1a: Necrozma|Photon Geyser|p2a: Tangrowth
|-damage|p2a: Tangrowth|0 fnt
|faint|p2a: Tangrowth
|
|upkeep
|
|t:|1656537966
|switch|p2a: Zygarde|Zygarde-10%|100/100
|-damage|p2a: Zygarde|94/100|[from] Stealth Rock
|-ability|p2a: Zygarde|Aura Break
|turn|16
|
|t:|1656537979
|move|p2a: Zygarde|Thousand Arrows|p1a: Necrozma
|-damage|p1a: Necrozma|25/100
|move|p1a: Necrozma|Photon Geyser|p2a: Zygarde
|-damage|p2a: Zygarde|12/100
|
|upkeep
|turn|17
|
|t:|1656537990
|move|p2a: Zygarde|Thousand Arrows|p1a: Necrozma
|-damage|p1a: Necrozma|0 fnt
|faint|p1a: Necrozma
|
|upkeep
|
|t:|1656537991
|switch|p1a: Hydreigon|Hydreigon, F|100/100
|-damage|p1a: Hydreigon|88/100|[from] Stealth Rock
|turn|18
|
|t:|1656538020
|switch|p2a: Slowbro|Slowbro-Galar, F|66/100
|-damage|p2a: Slowbro|54/100|[from] Stealth Rock
|move|p1a: Hydreigon|U-turn|p2a: Slowbro
|-damage|p2a: Slowbro|44/100
|inactive|Adaam has 270 seconds left.
|
|t:|1656538077
|switch|p1a: Thundurus|Thundurus-Therian, M|100/100|[from]move: U-turn
|
|upkeep
|turn|19
|
|t:|1656538084
|move|p1a: Thundurus|Psychic|p2a: Slowbro
|-damage|p2a: Slowbro|4/100
|move|p2a: Slowbro|Sludge Bomb|p1a: Thundurus
|-damage|p1a: Thundurus|58/100
|
|upkeep
|turn|20
|
|t:|1656538095
|switch|p2a: Rotom|Rotom-Wash|100/100
|-damage|p2a: Rotom|88/100|[from] Stealth Rock
|move|p1a: Thundurus|Psychic|p2a: Rotom
|-damage|p2a: Rotom|52/100
|-unboost|p2a: Rotom|spd|1
|
|upkeep
|turn|21
|inactive|Adaam has 240 seconds left.
|
|t:|1656538128
|move|p2a: Rotom|Hydro Pump|p1a: Thundurus
|-damage|p1a: Thundurus|7/100
|move|p1a: Thundurus|Volt Switch|p2a: Rotom
|-damage|p2a: Rotom|0 fnt
|faint|p2a: Rotom
|
|t:|1656538134
|switch|p1a: Hydreigon|Hydreigon, F|88/100|[from]move: Volt Switch
|-damage|p1a: Hydreigon|76/100|[from] Stealth Rock
|
|upkeep
|
|t:|1656538142
|switch|p2a: Zygarde|Zygarde-10%|12/100
|-damage|p2a: Zygarde|6/100|[from] Stealth Rock
|-ability|p2a: Zygarde|Aura Break
|turn|22
|inactive|Adaam has 240 seconds left.
|
|t:|1656538154
|move|p2a: Zygarde|Extreme Speed|p1a: Hydreigon
|-damage|p1a: Hydreigon|35/100
|move|p1a: Hydreigon|Flamethrower|p2a: Zygarde
|-resisted|p2a: Zygarde
|-damage|p2a: Zygarde|0 fnt
|faint|p2a: Zygarde
|
|upkeep
|
|t:|1656538162
|switch|p2a: Slowbro|Slowbro-Galar, F|37/100
|-damage|p2a: Slowbro|24/100|[from] Stealth Rock
|turn|23
|
|t:|1656538169
|switch|p2a: Cobalion|Cobalion|82/100
|-damage|p2a: Cobalion|79/100|[from] Stealth Rock
|move|p1a: Hydreigon|Flamethrower|p2a: Cobalion
|-supereffective|p2a: Cobalion
|-crit|p2a: Cobalion
|-damage|p2a: Cobalion|0 fnt
|faint|p2a: Cobalion
|
|upkeep
|
|t:|1656538171
|switch|p2a: Slowbro|Slowbro-Galar, F|58/100
|-damage|p2a: Slowbro|45/100|[from] Stealth Rock
|turn|24
|inactive|Adaam has 240 seconds left.
|inactive|Adaam has 210 seconds left.
|
|t:|1656538233
|switch|p1a: Amoonguss|Amoonguss, F|81/100
|-damage|p1a: Amoonguss|68/100|[from] Stealth Rock
|move|p2a: Slowbro|Slack Off|p2a: Slowbro
|-heal|p2a: Slowbro|95/100
|
|upkeep
|turn|25
|
|t:|1656538239
|move|p2a: Slowbro|Sludge Bomb|p1a: Amoonguss
|-damage|p1a: Amoonguss|37/100
|move|p1a: Amoonguss|Spore|p2a: Slowbro
|-status|p2a: Slowbro|slp|[from] move: Spore
|
|upkeep
|turn|26
|
|t:|1656538247
|switch|p2a: Celesteela|Celesteela|100/100
|-damage|p2a: Celesteela|88/100|[from] Stealth Rock
|switch|p1a: Thundurus|Thundurus-Therian, M|7/100
|
|upkeep
|turn|27
|
|t:|1656538255
|move|p1a: Thundurus|Thunderbolt|p2a: Celesteela
|-supereffective|p2a: Celesteela
|-damage|p2a: Celesteela|0 fnt
|faint|p2a: Celesteela
|
|upkeep
|c|☆robjr|Gg
|-message|robjr forfeited.
|
|win|Adaam
