|inactive|Battle timer is ON: inactive players will automatically lose when time's up.
|t:|1664569914
|gametype|singles
|player|p1|Moutemoute|#moutemoute|
|player|p2|pokemonisfun|#uutrio2ladder|
|teamsize|p1|6
|teamsize|p2|6
|gen|8
|tier|[Gen 8] UU
|rule|Sleep Clause Mod: Limit one foe put to sleep
|rule|Species Clause: Limit one of each Pokémon
|rule|OHKO Clause: OHKO moves are banned
|rule|Evasion Items Clause: Evasion items are banned
|rule|Evasion Moves Clause: Evasion moves are banned
|rule|Endless Battle Clause: Forcing endless battles is banned
|rule|HP Percentage Mod: HP is shown in percentages
|rule|Dynamax Clause: You cannot dynamax
|clearpoke
|poke|p1|Keldeo-Resolute|
|poke|p1|Regidrago|
|poke|p1|Amoonguss, F|
|poke|p1|Hippowdon, F|
|poke|p1|Azelf|
|poke|p1|Hydreigon, F|
|poke|p2|Porygon-Z|
|poke|p2|Thundurus-Therian, M|
|poke|p2|Azelf|
|poke|p2|Hydreigon, F|
|poke|p2|Tangrowth, M|
|poke|p2|Cobalion|
|teampreview
|c|☆Moutemoute|hf
|c|☆pokemonisfun|fear
|inactive|pokemonisfun has 270 seconds left.
|c|☆pokemonisfun|trepidation
|c|☆pokemonisfun|anger
|c|☆pokemonisfun|denial
|c|+hariyana grande|sees no fairy types hf with the swiftness
|c|☆Moutemoute|i present u mt firend
|c|☆Moutemoute|regidrago
|c|+ASKOV|wheres the zoroark
|inactive|pokemonisfun has 240 seconds left.
|c|+hariyana grande|LOL
|
|t:|1664569985
|start
|switch|p1a: Hydreigon|Hydreigon, F|100/100
|switch|p2a: tang ur wang|Tangrowth, M|100/100
|turn|1
|
|t:|1664569991
|switch|p1a: Amoonguss|Amoonguss, F|100/100
|move|p2a: tang ur wang|Knock Off|p1a: Amoonguss
|-damage|p1a: Amoonguss|84/100
|-damage|p2a: tang ur wang|84/100|[from] item: Rocky Helmet|[of] p1a: Amoonguss
|-enditem|p1a: Amoonguss|Rocky Helmet|[from] move: Knock Off|[of] p2a: tang ur wang
|
|upkeep
|turn|2
|
|t:|1664569999
|move|p2a: tang ur wang|Earthquake|p1a: Amoonguss
|-damage|p1a: Amoonguss|68/100
|move|p1a: Amoonguss|Spore|p2a: tang ur wang
|-immune|p2a: tang ur wang
|
|upkeep
|turn|3
|
|t:|1664570004
|move|p2a: tang ur wang|Earthquake|p1a: Amoonguss
|-damage|p1a: Amoonguss|53/100
|move|p1a: Amoonguss|Spore|p2a: tang ur wang
|-immune|p2a: tang ur wang
|
|upkeep
|turn|4
|
|t:|1664570014
|move|p2a: tang ur wang|Sludge Bomb|p1a: Amoonguss
|-damage|p1a: Amoonguss|35/100
|move|p1a: Amoonguss|Spore|p2a: tang ur wang
|-immune|p2a: tang ur wang
|
|upkeep
|turn|5
|
|t:|1664570031
|move|p2a: tang ur wang|Sludge Bomb|p1a: Amoonguss
|-damage|p1a: Amoonguss|17/100
|move|p1a: Amoonguss|Sludge Bomb|p2a: tang ur wang
|-supereffective|p2a: tang ur wang
|-damage|p2a: tang ur wang|49/100
|-status|p2a: tang ur wang|psn
|
|-damage|p2a: tang ur wang|37/100 psn|[from] psn
|upkeep
|turn|6
|c|☆Moutemoute|:angrypalico:
|
|t:|1664570043
|switch|p2a: porygauna berry|Porygon-Z|100/100
|switch|p1a: Hippowdon|Hippowdon, F|100/100
|-weather|Sandstorm|[from] ability: Sand Stream|[of] p1a: Hippowdon
|
|-weather|Sandstorm|[upkeep]
|-damage|p2a: porygauna berry|94/100|[from] Sandstorm
|upkeep
|turn|7
|c|☆Moutemoute|ohoh
|c|☆Moutemoute|:scaredpalico:
|c|☆pokemonisfun|if i beat you can i have your council spot
|inactive|Moutemoute has 270 seconds left.
|
|t:|1664570082
|move|p2a: porygauna berry|Tri Attack|p1a: Hippowdon
|-damage|p1a: Hippowdon|25/100
|move|p1a: Hippowdon|Stealth Rock|p2a: porygauna berry
|-sidestart|p2: pokemonisfun|move: Stealth Rock
|
|-weather|Sandstorm|[upkeep]
|-damage|p2a: porygauna berry|88/100|[from] Sandstorm
|-heal|p1a: Hippowdon|31/100|[from] item: Leftovers
|upkeep
|turn|8
|inactive|Moutemoute has 270 seconds left.
|c|☆pokemonisfun|only so we can suspect test regidrago
|c|☆Moutemoute|seems fair
|
|t:|1664570101
|move|p2a: porygauna berry|Tri Attack|p1a: Hippowdon
|-damage|p1a: Hippowdon|0 fnt
|faint|p1a: Hippowdon
|
|-weather|Sandstorm|[upkeep]
|-damage|p2a: porygauna berry|82/100|[from] Sandstorm
|upkeep
|
|t:|1664570105
|switch|p1a: Hydreigon|Hydreigon, F|100/100
|turn|9
|inactive|Moutemoute has 270 seconds left.
|
|t:|1664570116
|switch|p2a: coba truthin|Cobalion|100/100
|-damage|p2a: coba truthin|97/100|[from] Stealth Rock
|move|p1a: Hydreigon|Draco Meteor|p2a: coba truthin
|-resisted|p2a: coba truthin
|-damage|p2a: coba truthin|51/100
|-unboost|p1a: Hydreigon|spa|2
|
|-weather|Sandstorm|[upkeep]
|-damage|p1a: Hydreigon|94/100|[from] Sandstorm
|upkeep
|turn|10
|
|t:|1664570131
|switch|p1a: Azelf|Azelf|100/100
|move|p2a: coba truthin|Stealth Rock|p1a: Azelf
|-sidestart|p1: Moutemoute|move: Stealth Rock
|
|-weather|none
|upkeep
|turn|11
|
|t:|1664570147
|move|p1a: Azelf|Flamethrower|p2a: coba truthin
|-supereffective|p2a: coba truthin
|-damage|p2a: coba truthin|0 fnt
|faint|p2a: coba truthin
|
|upkeep
|
|t:|1664570155
|switch|p2a: howdy mr. cloudy|Thundurus-Therian, M|100/100
|turn|12
|
|t:|1664570160
|move|p1a: Azelf|Psychic|p2a: howdy mr. cloudy
|-damage|p2a: howdy mr. cloudy|36/100
|-unboost|p2a: howdy mr. cloudy|spd|1
|move|p2a: howdy mr. cloudy|Volt Switch|p1a: Azelf
|-crit|p1a: Azelf
|-damage|p1a: Azelf|3/100
|
|t:|1664570167
|switch|p2a: mr mittens|Hydreigon, F|100/100|[from]move: Volt Switch
|-damage|p2a: mr mittens|88/100|[from] Stealth Rock
|
|upkeep
|turn|13
|
|t:|1664570173
|move|p2a: mr mittens|U-turn|p1a: Azelf
|-supereffective|p1a: Azelf
|-crit|p1a: Azelf
|-damage|p1a: Azelf|0 fnt
|faint|p1a: Azelf
|c|☆Moutemoute|rude u-turn
|
|t:|1664570178
|switch|p2a: howdy mr. cloudy|Thundurus-Therian, M|36/100|[from]move: U-turn
|
|upkeep
|
|t:|1664570187
|switch|p1a: Hydreigon|Hydreigon, F|94/100
|-damage|p1a: Hydreigon|82/100|[from] Stealth Rock
|turn|14
|
|t:|1664570196
|move|p1a: Hydreigon|Dark Pulse|p2a: howdy mr. cloudy
|-damage|p2a: howdy mr. cloudy|0 fnt
|faint|p2a: howdy mr. cloudy
|
|upkeep
|
|t:|1664570204
|switch|p2a: mr mittens|Hydreigon, F|88/100
|-damage|p2a: mr mittens|76/100|[from] Stealth Rock
|turn|15
|
|t:|1664570212
|switch|p1a: Keldeo|Keldeo-Resolute|100/100
|-damage|p1a: Keldeo|94/100|[from] Stealth Rock
|move|p2a: mr mittens|Draco Meteor|p1a: Keldeo
|-damage|p1a: Keldeo|14/100
|-unboost|p2a: mr mittens|spa|2
|
|-heal|p1a: Keldeo|21/100|[from] item: Leftovers
|upkeep
|turn|16
|inactive|Moutemoute has 270 seconds left.
|
|t:|1664570251
|move|p2a: mr mittens|Draco Meteor|p1a: Keldeo
|-damage|p1a: Keldeo|0 fnt
|-unboost|p2a: mr mittens|spa|2
|faint|p1a: Keldeo
|
|upkeep
|
|t:|1664570254
|switch|p1a: Regidrago|Regidrago|100/100
|-damage|p1a: Regidrago|88/100|[from] Stealth Rock
|turn|17
|
|t:|1664570265
|switch|p2a: porygauna berry|Porygon-Z|82/100
|-damage|p2a: porygauna berry|70/100|[from] Stealth Rock
|move|p1a: Regidrago|Dragon Dance|p1a: Regidrago
|-boost|p1a: Regidrago|atk|1
|-boost|p1a: Regidrago|spe|1
|
|upkeep
|turn|18
|inactive|Moutemoute has 270 seconds left.
|inactive|pokemonisfun has 270 seconds left.
|c|☆Moutemoute|never wish i had scale shot that much
|
|t:|1664570323
|move|p1a: Regidrago|Outrage|p2a: porygauna berry
|-damage|p2a: porygauna berry|0 fnt
|faint|p2a: porygauna berry
|
|upkeep
|
|t:|1664570329
|switch|p2a: mr mittens|Hydreigon, F|76/100
|-damage|p2a: mr mittens|64/100|[from] Stealth Rock
|turn|19
|c|☆Moutemoute|time to miss hydreiboy
|
|t:|1664570337
|move|p2a: mr mittens|Draco Meteor|p1a: Regidrago
|-supereffective|p1a: Regidrago
|-damage|p1a: Regidrago|0 fnt
|-unboost|p2a: mr mittens|spa|2
|faint|p1a: Regidrago
|
|upkeep
|
|t:|1664570340
|switch|p1a: Hydreigon|Hydreigon, F|82/100
|-damage|p1a: Hydreigon|70/100|[from] Stealth Rock
|turn|20
|c|+J0rdy004 ♫|Swiss?
|c|☆Moutemoute|yep
|c|☆pokemonisfun|swiss dn 
|inactive|pokemonisfun has 240 seconds left.
|
|t:|1664570367
|switch|p2a: tang ur wang|Tangrowth, M|70/100 psn
|-damage|p2a: tang ur wang|58/100 psn|[from] Stealth Rock
|move|p1a: Hydreigon|Dark Pulse|p2a: tang ur wang
|-damage|p2a: tang ur wang|28/100 psn
|
|-damage|p2a: tang ur wang|15/100 psn|[from] psn
|upkeep
|turn|21
|inactive|pokemonisfun has 240 seconds left.
|inactive|Moutemoute has 270 seconds left.
|
|t:|1664570400
|move|p1a: Hydreigon|Dark Pulse|p2a: tang ur wang
|-damage|p2a: tang ur wang|0 fnt
|faint|p2a: tang ur wang
|
|upkeep
|
|t:|1664570407
|switch|p2a: mr mittens|Hydreigon, F|64/100
|-damage|p2a: mr mittens|51/100|[from] Stealth Rock
|turn|22
|
|t:|1664570411
|switch|p1a: Amoonguss|Amoonguss, F|50/100
|-damage|p1a: Amoonguss|38/100|[from] Stealth Rock
|move|p2a: mr mittens|Draco Meteor|p1a: Amoonguss
|-damage|p1a: Amoonguss|0 fnt
|-unboost|p2a: mr mittens|spa|2
|faint|p1a: Amoonguss
|
|upkeep
|
|t:|1664570413
|switch|p1a: Hydreigon|Hydreigon, F|70/100
|-damage|p1a: Hydreigon|57/100|[from] Stealth Rock
|turn|23
|c|☆Moutemoute|are u timid or modest :palico:
|
|t:|1664570427
|move|p2a: mr mittens|Draco Meteor|p1a: Hydreigon
|-supereffective|p1a: Hydreigon
|-damage|p1a: Hydreigon|0 fnt
|-unboost|p2a: mr mittens|spa|2
|faint|p1a: Hydreigon
|
|win|pokemonisfun
|c|☆Moutemoute|prob timid
|c|☆Moutemoute|gg
|c|☆pokemonisfun|gg
|c|☆Moutemoute|s
