|inactive|Battle timer is ON: inactive players will automatically lose when time's up.
|t:|1665508911
|gametype|singles
|player|p1|Lily|#scl1machines|
|player|p2|Cam|#agplivlionsden|
|teamsize|p1|6
|teamsize|p2|6
|gen|8
|tier|[Gen 8] UU
|rule|Sleep Clause Mod: Limit one foe put to sleep
|rule|Species Clause: Limit one of each Pokémon
|rule|OHKO Clause: OHKO moves are banned
|rule|Evasion Items Clause: Evasion items are banned
|rule|Evasion Moves Clause: Evasion moves are banned
|rule|Endless Battle Clause: Forcing endless battles is banned
|rule|HP Percentage Mod: HP is shown in percentages
|rule|Dynamax Clause: You cannot dynamax
|clearpoke
|poke|p1|Chandelure, M|
|poke|p1|Zarude-Dada|
|poke|p1|Salamence, F|
|poke|p1|Primarina, F|
|poke|p1|Cobalion|
|poke|p1|Diggersby, M|
|poke|p2|Entei|
|poke|p2|Swampert, M|
|poke|p2|Zarude-Dada|
|poke|p2|Chansey, F|
|poke|p2|Salamence, M|
|poke|p2|Primarina, M|
|teampreview
|c|☆Cam|hf
|c|☆Lily|hf
|inactive|Cam has 270 seconds left.
|
|t:|1665508947
|start
|switch|p1a: Shield of Justice|Cobalion|100/100
|switch|p2a: Salamence|Salamence, M|100/100
|-ability|p2a: Salamence|Intimidate|boost
|-unboost|p1a: Shield of Justice|atk|1
|turn|1
|
|t:|1665508951
|switch|p1a: Youthful Wind|Primarina, F|100/100
|move|p2a: Salamence|Flamethrower|p1a: Youthful Wind
|-resisted|p1a: Youthful Wind
|-crit|p1a: Youthful Wind
|-damage|p1a: Youthful Wind|88/100
|
|-heal|p1a: Youthful Wind|94/100|[from] item: Leftovers
|upkeep
|turn|2
|
|t:|1665508957
|switch|p2a: Chansey|Chansey, F|100/100
|move|p1a: Youthful Wind|Calm Mind|p1a: Youthful Wind
|-boost|p1a: Youthful Wind|spa|1
|-boost|p1a: Youthful Wind|spd|1
|
|-heal|p1a: Youthful Wind|99/100|[from] item: Leftovers
|upkeep
|turn|3
|
|t:|1665508961
|move|p1a: Youthful Wind|Calm Mind|p1a: Youthful Wind
|-boost|p1a: Youthful Wind|spa|1
|-boost|p1a: Youthful Wind|spd|1
|move|p2a: Chansey|Seismic Toss|p1a: Youthful Wind
|-damage|p1a: Youthful Wind|73/100
|
|-heal|p1a: Youthful Wind|79/100|[from] item: Leftovers
|upkeep
|turn|4
|
|t:|1665508962
|move|p1a: Youthful Wind|Calm Mind|p1a: Youthful Wind
|-boost|p1a: Youthful Wind|spa|1
|-boost|p1a: Youthful Wind|spd|1
|move|p2a: Chansey|Teleport|p2a: Chansey
|
|t:|1665508966
|switch|p2a: Zarude|Zarude-Dada|100/100|[from]move: Teleport
|
|-heal|p1a: Youthful Wind|85/100|[from] item: Leftovers
|upkeep
|turn|5
|
|t:|1665508971
|switch|p1a: Shield of Justice|Cobalion|100/100
|move|p2a: Zarude|U-turn|p1a: Shield of Justice
|-resisted|p1a: Shield of Justice
|-damage|p1a: Shield of Justice|96/100
|
|t:|1665508987
|switch|p2a: Primarina|Primarina, M|100/100|[from]move: U-turn
|
|-heal|p1a: Shield of Justice|100/100|[from] item: Leftovers
|upkeep
|turn|6
|
|t:|1665508989
|move|p1a: Shield of Justice|Stealth Rock|p2a: Primarina
|-sidestart|p2: Cam|move: Stealth Rock
|move|p2a: Primarina|Moonblast|p1a: Shield of Justice
|-damage|p1a: Shield of Justice|0 fnt
|faint|p1a: Shield of Justice
|
|upkeep
|c|☆Lily|died
|
|t:|1665508994
|switch|p1a: Kamui Miracle|Zarude-Dada|100/100
|turn|7
|
|t:|1665509000
|switch|p2a: Salamence|Salamence, M|100/100
|-ability|p2a: Salamence|Intimidate|boost
|-unboost|p1a: Kamui Miracle|atk|1
|move|p1a: Kamui Miracle|Power Whip|p2a: Salamence
|-resisted|p2a: Salamence
|-damage|p2a: Salamence|91/100
|
|upkeep
|turn|8
|
|t:|1665509002
|move|p1a: Kamui Miracle|U-turn|p2a: Salamence
|-resisted|p2a: Salamence
|-damage|p2a: Salamence|83/100
|
|t:|1665509005
|switch|p1a: Burning Petals|Chandelure, M, shiny|100/100|[from]move: U-turn
|move|p2a: Salamence|Defog|p1a: Burning Petals
|-unboost|p1a: Burning Petals|evasion|1
|-sideend|p2: Cam|Stealth Rock|[from] move: Defog|[of] p2a: Salamence
|
|upkeep
|turn|9
|
|t:|1665509010
|move|p2a: Salamence|Dual Wingbeat|p1a: Burning Petals
|-damage|p1a: Burning Petals|73/100
|-damage|p1a: Burning Petals|48/100
|-hitcount|p1a: Burning Petals|2
|move|p1a: Burning Petals|Toxic|p2a: Salamence
|-status|p2a: Salamence|tox
|
|-damage|p2a: Salamence|77/100 tox|[from] psn
|upkeep
|turn|10
|
|t:|1665509023
|switch|p2a: Entei|Entei|100/100
|switch|p1a: The Man's Way|Diggersby, M|100/100
|
|upkeep
|turn|11
|
|t:|1665509036
|move|p1a: The Man's Way|U-turn|p2a: Entei
|-resisted|p2a: Entei
|-damage|p2a: Entei|86/100
|
|t:|1665509038
|switch|p1a: Youthful Wind|Primarina, F|85/100|[from]move: U-turn
|move|p2a: Entei|Sacred Fire|p1a: Youthful Wind
|-resisted|p1a: Youthful Wind
|-damage|p1a: Youthful Wind|50/100
|-status|p1a: Youthful Wind|brn
|
|-heal|p1a: Youthful Wind|56/100 brn|[from] item: Leftovers
|-damage|p1a: Youthful Wind|50/100 brn|[from] brn
|upkeep
|turn|12
|
|t:|1665509045
|switch|p2a: Swampert|Swampert, M|100/100
|move|p1a: Youthful Wind|Rest|p1a: Youthful Wind
|-status|p1a: Youthful Wind|slp|[from] move: Rest
|-heal|p1a: Youthful Wind|100/100 slp|[silent]
|
|upkeep
|turn|13
|
|t:|1665509050
|switch|p1a: Kamui Miracle|Zarude-Dada|100/100
|move|p2a: Swampert|Stealth Rock|p1a: Kamui Miracle
|-sidestart|p1: Lily|move: Stealth Rock
|
|upkeep
|turn|14
|
|t:|1665509054
|move|p1a: Kamui Miracle|U-turn|p2a: Swampert
|-damage|p2a: Swampert|84/100
|
|t:|1665509056
|switch|p1a: Dragon Hustle|Salamence, F|100/100|[from]move: U-turn
|-ability|p1a: Dragon Hustle|Intimidate|boost
|-unboost|p2a: Swampert|atk|1
|move|p2a: Swampert|Flip Turn|p1a: Dragon Hustle
|-resisted|p1a: Dragon Hustle
|-damage|p1a: Dragon Hustle|94/100
|
|t:|1665509060
|switch|p2a: Primarina|Primarina, M|100/100|[from]move: Flip Turn
|
|upkeep
|turn|15
|
|t:|1665509063
|move|p1a: Dragon Hustle|Earthquake|p2a: Primarina
|-damage|p2a: Primarina|59/100
|move|p2a: Primarina|Moonblast|p1a: Dragon Hustle
|-supereffective|p1a: Dragon Hustle
|-damage|p1a: Dragon Hustle|0 fnt
|faint|p1a: Dragon Hustle
|
|upkeep
|
|t:|1665509065
|switch|p1a: Kamui Miracle|Zarude-Dada|100/100
|turn|16
|
|t:|1665509069
|switch|p2a: Salamence|Salamence, M|77/100 tox
|-ability|p2a: Salamence|Intimidate|boost
|-unboost|p1a: Kamui Miracle|atk|1
|move|p1a: Kamui Miracle|U-turn|p2a: Salamence
|-resisted|p2a: Salamence
|-damage|p2a: Salamence|69/100 tox
|
|t:|1665509072
|switch|p1a: The Man's Way|Diggersby, M|100/100|[from]move: U-turn
|-damage|p1a: The Man's Way|94/100|[from] Stealth Rock
|
|-damage|p2a: Salamence|63/100 tox|[from] psn
|upkeep
|turn|17
|
|t:|1665509079
|switch|p2a: Swampert|Swampert, M|84/100
|move|p1a: The Man's Way|U-turn|p2a: Swampert
|-damage|p2a: Swampert|65/100
|
|t:|1665509081
|switch|p1a: Kamui Miracle|Zarude-Dada|100/100|[from]move: U-turn
|
|-heal|p2a: Swampert|71/100|[from] item: Leftovers
|upkeep
|turn|18
|
|t:|1665509086
|switch|p2a: Salamence|Salamence, M|63/100 tox
|-ability|p2a: Salamence|Intimidate|boost
|-unboost|p1a: Kamui Miracle|atk|1
|move|p1a: Kamui Miracle|U-turn|p2a: Salamence
|-resisted|p2a: Salamence
|-damage|p2a: Salamence|55/100 tox
|
|t:|1665509087
|switch|p1a: The Man's Way|Diggersby, M|94/100|[from]move: U-turn
|-damage|p1a: The Man's Way|88/100|[from] Stealth Rock
|
|-damage|p2a: Salamence|49/100 tox|[from] psn
|upkeep
|turn|19
|
|t:|1665509091
|move|p1a: The Man's Way|Body Slam|p2a: Salamence
|-damage|p2a: Salamence|0 fnt
|faint|p2a: Salamence
|
|upkeep
|
|t:|1665509096
|switch|p2a: Zarude|Zarude-Dada|100/100
|turn|20
|
|t:|1665509103
|switch|p1a: Kamui Miracle|Zarude-Dada|100/100
|move|p2a: Zarude|U-turn|p1a: Kamui Miracle
|-supereffective|p1a: Kamui Miracle
|-damage|p1a: Kamui Miracle|14/100
|
|t:|1665509107
|switch|p2a: Entei|Entei|86/100|[from]move: U-turn
|
|upkeep
|turn|21
|
|t:|1665509114
|move|p1a: Kamui Miracle|U-turn|p2a: Entei
|-resisted|p2a: Entei
|-damage|p2a: Entei|73/100
|
|t:|1665509116
|switch|p1a: Youthful Wind|Primarina, F|100/100 slp|[from]move: U-turn
|-damage|p1a: Youthful Wind|88/100 slp|[from] Stealth Rock
|move|p2a: Entei|Stone Edge|p1a: Youthful Wind
|-damage|p1a: Youthful Wind|38/100 slp
|
|-heal|p1a: Youthful Wind|44/100 slp|[from] item: Leftovers
|upkeep
|turn|22
|
|t:|1665509124
|switch|p1a: The Man's Way|Diggersby, M|88/100
|-damage|p1a: The Man's Way|82/100|[from] Stealth Rock
|move|p2a: Entei|Stone Edge|p1a: The Man's Way
|-resisted|p1a: The Man's Way
|-damage|p1a: The Man's Way|44/100
|
|upkeep
|turn|23
|
|t:|1665509132
|switch|p2a: Swampert|Swampert, M|71/100
|move|p1a: The Man's Way|Body Slam|p2a: Swampert
|-damage|p2a: Swampert|34/100
|
|-heal|p2a: Swampert|41/100|[from] item: Leftovers
|upkeep
|turn|24
|
|t:|1665509137
|move|p1a: The Man's Way|Body Slam|p2a: Swampert
|-damage|p2a: Swampert|8/100
|move|p2a: Swampert|Flip Turn|p1a: The Man's Way
|-supereffective|p1a: The Man's Way
|-damage|p1a: The Man's Way|0 fnt
|faint|p1a: The Man's Way
|
|t:|1665509146
|switch|p2a: Zarude|Zarude-Dada|100/100|[from]move: Flip Turn
|
|upkeep
|
|t:|1665509153
|switch|p1a: Youthful Wind|Primarina, F|44/100 slp
|-damage|p1a: Youthful Wind|31/100 slp|[from] Stealth Rock
|turn|25
|
|t:|1665509156
|move|p2a: Zarude|U-turn|p1a: Youthful Wind
|-resisted|p1a: Youthful Wind
|-damage|p1a: Youthful Wind|20/100 slp
|
|t:|1665509157
|switch|p2a: Chansey|Chansey, F|100/100|[from]move: U-turn
|cant|p1a: Youthful Wind|slp
|move|p1a: Youthful Wind|Snore|p2a: Chansey
|-damage|p2a: Chansey|94/100
|
|-heal|p1a: Youthful Wind|26/100 slp|[from] item: Leftovers
|upkeep
|turn|26
|
|t:|1665509161
|switch|p1a: Burning Petals|Chandelure, M, shiny|48/100
|move|p2a: Chansey|Seismic Toss|p1a: Burning Petals
|-immune|p1a: Burning Petals
|
|upkeep
|turn|27
|
|t:|1665509163
|move|p1a: Burning Petals|Taunt|p2a: Chansey
|-start|p2a: Chansey|move: Taunt
|cant|p2a: Chansey|move: Taunt|Teleport
|
|upkeep
|turn|28
|
|t:|1665509165
|switch|p2a: Swampert|Swampert, M|8/100
|move|p1a: Burning Petals|Flamethrower|p2a: Swampert
|-resisted|p2a: Swampert
|-damage|p2a: Swampert|0 fnt
|faint|p2a: Swampert
|
|upkeep
|c|☆Lily|ggs
|-message|Lily forfeited.
|
|win|Cam
