|inactive|Battle timer is ON: inactive players will automatically lose when time's up.
|t:|1646799893
|gametype|singles
|player|p1|Sage|phoebe-gen3|
|player|p2|GasaiiYunoSan|cynthia|
|teamsize|p1|6
|teamsize|p2|6
|gen|8
|tier|[Gen 8] UU
|rule|Sleep Clause Mod: Limit one foe put to sleep
|rule|Species Clause: Limit one of each Pokémon
|rule|OHKO Clause: OHKO moves are banned
|rule|Evasion Moves Clause: Evasion moves are banned
|rule|Endless Battle Clause: Forcing endless battles is banned
|rule|HP Percentage Mod: HP is shown in percentages
|rule|Dynamax Clause: You cannot dynamax
|clearpoke
|poke|p1|Chansey, F|
|poke|p1|Ditto|
|poke|p1|Salamence, M|
|poke|p1|Mamoswine, M|
|poke|p1|Cobalion|
|poke|p1|Primarina, F|
|poke|p2|Moltres|
|poke|p2|Krookodile, M|
|poke|p2|Jirachi|
|poke|p2|Tentacruel, F|
|poke|p2|Tangrowth, M|
|poke|p2|Toxtricity-Low-Key, M|
|teampreview
|c|☆Sage|hf
|inactive|Sage has 270 seconds left.
|inactive|GasaiiYunoSan has 270 seconds left.
|inactive|GasaiiYunoSan has 240 seconds left.
|
|t:|1646799969
|start
|switch|p1a: Shine Like Gloss|Cobalion|100/100
|switch|p2a: Moltres|Moltres|100/100
|turn|1
|
|t:|1646799981
|switch|p2a: Jirachi|Jirachi|100/100
|move|p1a: Shine Like Gloss|Stealth Rock|p2a: Jirachi
|-sidestart|p2: GasaiiYunoSan|move: Stealth Rock
|
|upkeep
|turn|2
|
|t:|1646799985
|move|p1a: Shine Like Gloss|Close Combat|p2a: Jirachi
|-damage|p2a: Jirachi|56/100
|-unboost|p1a: Shine Like Gloss|def|1
|-unboost|p1a: Shine Like Gloss|spd|1
|move|p2a: Jirachi|Stealth Rock|p1a: Shine Like Gloss
|-sidestart|p1: Sage|move: Stealth Rock
|
|-heal|p2a: Jirachi|62/100|[from] item: Leftovers
|upkeep
|turn|3
|
|t:|1646799999
|move|p1a: Shine Like Gloss|Volt Switch|p2a: Jirachi
|-damage|p2a: Jirachi|51/100
|
|t:|1646800004
|switch|p1a: Cherry On Top|Ditto|100/100|[from]move: Volt Switch
|-damage|p1a: Cherry On Top|88/100|[from] Stealth Rock
|-transform|p1a: Cherry On Top|p2a: Jirachi|[from] ability: Imposter
|move|p2a: Jirachi|Wish|p2a: Jirachi
|
|-heal|p2a: Jirachi|57/100|[from] item: Leftovers
|upkeep
|turn|4
|
|t:|1646800011
|move|p1a: Cherry On Top|U-turn|p2a: Jirachi
|-damage|p2a: Jirachi|44/100
|
|t:|1646800013
|switch|p1a: Shine Like Gloss|Cobalion|100/100|[from]move: U-turn
|-damage|p1a: Shine Like Gloss|97/100|[from] Stealth Rock
|move|p2a: Jirachi|Iron Head|p1a: Shine Like Gloss
|-resisted|p1a: Shine Like Gloss
|-damage|p1a: Shine Like Gloss|86/100
|-damage|p2a: Jirachi|27/100|[from] item: Rocky Helmet|[of] p1a: Shine Like Gloss
|
|-heal|p2a: Jirachi|77/100|[from] move: Wish|[wisher] Jirachi
|-heal|p2a: Jirachi|84/100|[from] item: Leftovers
|upkeep
|turn|5
|
|t:|1646800016
|move|p1a: Shine Like Gloss|Close Combat|p2a: Jirachi
|-damage|p2a: Jirachi|44/100
|-unboost|p1a: Shine Like Gloss|def|1
|-unboost|p1a: Shine Like Gloss|spd|1
|move|p2a: Jirachi|Wish|p2a: Jirachi
|
|-heal|p2a: Jirachi|50/100|[from] item: Leftovers
|upkeep
|turn|6
|
|t:|1646800028
|move|p1a: Shine Like Gloss|Volt Switch|p2a: Jirachi
|-damage|p2a: Jirachi|39/100
|
|t:|1646800030
|switch|p1a: Ken|Salamence, M|100/100|[from]move: Volt Switch
|-ability|p1a: Ken|Intimidate|boost
|-unboost|p2a: Jirachi|atk|1
|move|p2a: Jirachi|Stealth Rock||[still]
|-fail|p2a: Jirachi
|
|-heal|p2a: Jirachi|89/100|[from] move: Wish|[wisher] Jirachi
|-heal|p2a: Jirachi|95/100|[from] item: Leftovers
|upkeep
|turn|7
|
|t:|1646800039
|switch|p2a: Tentacruel|Tentacruel, F|100/100
|-damage|p2a: Tentacruel|88/100|[from] Stealth Rock
|move|p1a: Ken|Hurricane|p2a: Tentacruel
|-damage|p2a: Tentacruel|49/100
|
|-heal|p2a: Tentacruel|55/100|[from] item: Black Sludge
|upkeep
|turn|8
|
|t:|1646800047
|switch|p1a: Shine Like Gloss|Cobalion|86/100
|-damage|p1a: Shine Like Gloss|83/100|[from] Stealth Rock
|move|p2a: Tentacruel|Rapid Spin|p1a: Shine Like Gloss
|-resisted|p1a: Shine Like Gloss
|-damage|p1a: Shine Like Gloss|79/100
|-boost|p2a: Tentacruel|spe|1
|-damage|p2a: Tentacruel|38/100|[from] item: Rocky Helmet|[of] p1a: Shine Like Gloss
|-sideend|p2: GasaiiYunoSan|Stealth Rock|[from] move: Rapid Spin|[of] p2a: Tentacruel
|
|-heal|p2a: Tentacruel|44/100|[from] item: Black Sludge
|upkeep
|turn|9
|
|t:|1646800069
|switch|p1a: Ken|Salamence, M|100/100
|-ability|p1a: Ken|Intimidate|boost
|-unboost|p2a: Tentacruel|atk|1
|move|p2a: Tentacruel|Scald|p1a: Ken
|-resisted|p1a: Ken
|-damage|p1a: Ken|88/100
|
|-heal|p2a: Tentacruel|50/100|[from] item: Black Sludge
|upkeep
|turn|10
|inactive|GasaiiYunoSan has 270 seconds left.
|
|t:|1646800123
|switch|p2a: Jirachi|Jirachi|95/100
|move|p1a: Ken|Defog|p2a: Jirachi
|-unboost|p2a: Jirachi|evasion|1
|-sideend|p1: Sage|Stealth Rock|[from] move: Defog|[of] p1a: Ken
|
|-heal|p2a: Jirachi|100/100|[from] item: Leftovers
|upkeep
|turn|11
|
|t:|1646800137
|switch|p1a: Shine Like Gloss|Cobalion|79/100
|move|p2a: Jirachi|Wish|p2a: Jirachi
|
|upkeep
|turn|12
|
|t:|1646800144
|switch|p2a: Tentacruel|Tentacruel, F|50/100
|move|p1a: Shine Like Gloss|Volt Switch|p2a: Tentacruel
|-supereffective|p2a: Tentacruel
|-damage|p2a: Tentacruel|27/100
|
|t:|1646800149
|switch|p1a: Whole Damn Cake|Mamoswine, M|100/100|[from]move: Volt Switch
|
|-heal|p2a: Tentacruel|83/100|[from] move: Wish|[wisher] Jirachi
|-heal|p2a: Tentacruel|89/100|[from] item: Black Sludge
|upkeep
|turn|13
|inactive|GasaiiYunoSan has 270 seconds left.
|
|t:|1646800180
|switch|p2a: Moltres|Moltres|100/100
|move|p1a: Whole Damn Cake|Earthquake|p2a: Moltres
|-immune|p2a: Moltres
|
|upkeep
|turn|14
|
|t:|1646800188
|switch|p1a: Boss B!tch|Chansey, F|100/100
|move|p2a: Moltres|U-turn|p1a: Boss B!tch
|-damage|p1a: Boss B!tch|92/100
|
|t:|1646800190
|switch|p2a: Krookodile|Krookodile, M|100/100|[from]move: U-turn
|
|upkeep
|turn|15
|
|t:|1646800195
|move|p2a: Krookodile|Knock Off|p1a: Boss B!tch
|-damage|p1a: Boss B!tch|49/100
|-enditem|p1a: Boss B!tch|Eviolite|[from] move: Knock Off|[of] p2a: Krookodile
|move|p1a: Boss B!tch|Toxic|p2a: Krookodile
|-status|p2a: Krookodile|tox
|
|-damage|p2a: Krookodile|94/100 tox|[from] psn
|upkeep
|turn|16
|
|t:|1646800200
|move|p2a: Krookodile|Knock Off|p1a: Boss B!tch
|-crit|p1a: Boss B!tch
|-damage|p1a: Boss B!tch|0 fnt
|faint|p1a: Boss B!tch
|-ability|p2a: Krookodile|Moxie|boost
|-boost|p2a: Krookodile|atk|1
|
|-damage|p2a: Krookodile|82/100 tox|[from] psn
|upkeep
|c|☆Sage|hm
|
|t:|1646800221
|switch|p1a: Shine Like Gloss|Cobalion|79/100
|turn|17
|c|☆GasaiiYunoSan|U cant guaranted that hit without eviol lol
|inactive|GasaiiYunoSan has 270 seconds left.
|
|t:|1646800245
|switch|p2a: Tentacruel|Tentacruel, F|89/100
|move|p1a: Shine Like Gloss|Volt Switch|p2a: Tentacruel
|-supereffective|p2a: Tentacruel
|-damage|p2a: Tentacruel|69/100
|inactive|Sage has 270 seconds left.
|
|t:|1646800275
|switch|p1a: Cherry On Top|Ditto|88/100|[from]move: Volt Switch
|-transform|p1a: Cherry On Top|p2a: Tentacruel|[from] ability: Imposter
|
|-heal|p2a: Tentacruel|75/100|[from] item: Black Sludge
|upkeep
|turn|18
|inactive|GasaiiYunoSan has 270 seconds left.
|
|t:|1646800295
|move|p1a: Cherry On Top|Scald|p2a: Tentacruel
|-resisted|p2a: Tentacruel
|-crit|p2a: Tentacruel
|-damage|p2a: Tentacruel|61/100
|move|p2a: Tentacruel|Scald|p1a: Cherry On Top
|-resisted|p1a: Cherry On Top
|-damage|p1a: Cherry On Top|78/100
|
|-heal|p2a: Tentacruel|67/100|[from] item: Black Sludge
|upkeep
|turn|19
|
|t:|1646800302
|move|p1a: Cherry On Top|Scald|p2a: Tentacruel
|-resisted|p2a: Tentacruel
|-damage|p2a: Tentacruel|58/100
|move|p2a: Tentacruel|Scald|p1a: Cherry On Top
|-resisted|p1a: Cherry On Top
|-damage|p1a: Cherry On Top|66/100
|-status|p1a: Cherry On Top|brn
|
|-heal|p2a: Tentacruel|64/100|[from] item: Black Sludge
|-damage|p1a: Cherry On Top|60/100 brn|[from] brn
|upkeep
|turn|20
|
|t:|1646800317
|move|p1a: Cherry On Top|Scald|p2a: Tentacruel
|-resisted|p2a: Tentacruel
|-damage|p2a: Tentacruel|55/100
|move|p2a: Tentacruel|Scald|p1a: Cherry On Top
|-resisted|p1a: Cherry On Top
|-damage|p1a: Cherry On Top|49/100 brn
|
|-heal|p2a: Tentacruel|61/100|[from] item: Black Sludge
|-damage|p1a: Cherry On Top|43/100 brn|[from] brn
|upkeep
|turn|21
|
|t:|1646800323
|switch|p1a: Ken|Salamence, M|88/100
|-ability|p1a: Ken|Intimidate|boost
|-unboost|p2a: Tentacruel|atk|1
|move|p2a: Tentacruel|Scald|p1a: Ken
|-resisted|p1a: Ken
|-damage|p1a: Ken|73/100
|
|-heal|p2a: Tentacruel|67/100|[from] item: Black Sludge
|upkeep
|turn|22
|
|t:|1646800348
|switch|p1a: Whole Damn Cake|Mamoswine, M|100/100
|switch|p2a: Jirachi|Jirachi|100/100
|
|upkeep
|turn|23
|
|t:|1646800360
|move|p2a: Jirachi|Iron Head|p1a: Whole Damn Cake
|-supereffective|p1a: Whole Damn Cake
|-damage|p1a: Whole Damn Cake|37/100
|move|p1a: Whole Damn Cake|Knock Off|p2a: Jirachi
|-supereffective|p2a: Jirachi
|-damage|p2a: Jirachi|37/100
|-enditem|p2a: Jirachi|Leftovers|[from] move: Knock Off|[of] p1a: Whole Damn Cake
|
|upkeep
|turn|24
|
|t:|1646800375
|switch|p1a: Shine Like Gloss|Cobalion|79/100
|move|p2a: Jirachi|U-turn|p1a: Shine Like Gloss
|-resisted|p1a: Shine Like Gloss
|-damage|p1a: Shine Like Gloss|76/100
|-damage|p2a: Jirachi|21/100|[from] item: Rocky Helmet|[of] p1a: Shine Like Gloss
|inactive|GasaiiYunoSan has 270 seconds left.
|
|t:|1646800403
|switch|p2a: Tangrowth|Tangrowth, M|100/100|[from]move: U-turn
|
|upkeep
|turn|25
|
|t:|1646800405
|move|p1a: Shine Like Gloss|Stealth Rock|p2a: Tangrowth
|-sidestart|p2: GasaiiYunoSan|move: Stealth Rock
|move|p2a: Tangrowth|Knock Off|p1a: Shine Like Gloss
|-resisted|p1a: Shine Like Gloss
|-damage|p1a: Shine Like Gloss|67/100
|-damage|p2a: Tangrowth|84/100|[from] item: Rocky Helmet|[of] p1a: Shine Like Gloss
|-ability|p1a: Shine Like Gloss|Justified|boost
|-boost|p1a: Shine Like Gloss|atk|1
|-enditem|p1a: Shine Like Gloss|Rocky Helmet|[from] move: Knock Off|[of] p2a: Tangrowth
|
|upkeep
|turn|26
|
|t:|1646800422
|move|p1a: Shine Like Gloss|Stone Edge|p2a: Tangrowth
|-damage|p2a: Tangrowth|57/100
|move|p2a: Tangrowth|Earthquake|p1a: Shine Like Gloss
|-supereffective|p1a: Shine Like Gloss
|-damage|p1a: Shine Like Gloss|25/100
|
|upkeep
|turn|27
|inactive|GasaiiYunoSan has 270 seconds left.
|inactive|Sage has 270 seconds left.
|
|t:|1646800475
|move|p1a: Shine Like Gloss|Close Combat|p2a: Tangrowth
|-crit|p2a: Tangrowth
|-damage|p2a: Tangrowth|0 fnt
|-unboost|p1a: Shine Like Gloss|def|1
|-unboost|p1a: Shine Like Gloss|spd|1
|faint|p2a: Tangrowth
|
|upkeep
|
|t:|1646800484
|switch|p2a: Toxtricity|Toxtricity-Low-Key, M|100/100
|-damage|p2a: Toxtricity|88/100|[from] Stealth Rock
|turn|28
|
|t:|1646800488
|move|p2a: Toxtricity|Boomburst|p1a: Shine Like Gloss
|-resisted|p1a: Shine Like Gloss
|-damage|p1a: Shine Like Gloss|0 fnt
|faint|p1a: Shine Like Gloss
|
|upkeep
|inactive|Sage has 270 seconds left.
|
|t:|1646800502
|switch|p1a: Cherry On Top|Ditto|43/100 brn
|-transform|p1a: Cherry On Top|p2a: Toxtricity|[from] ability: Imposter
|turn|29
|inactive|GasaiiYunoSan has 270 seconds left.
|inactive|GasaiiYunoSan has 240 seconds left.
|
|t:|1646800567
|move|p2a: Toxtricity|Boomburst|p1a: Cherry On Top
|-damage|p1a: Cherry On Top|0 fnt
|faint|p1a: Cherry On Top
|
|upkeep
|inactive|Sage has 270 seconds left.
|inactive|Sage has 240 seconds left.
|
|t:|1646800626
|switch|p1a: Barbie|Primarina, F|100/100
|turn|30
|
|t:|1646800632
|switch|p2a: Tentacruel|Tentacruel, F|67/100
|-damage|p2a: Tentacruel|55/100|[from] Stealth Rock
|switch|p1a: Ken|Salamence, M|73/100
|-ability|p1a: Ken|Intimidate|boost
|-unboost|p2a: Tentacruel|atk|1
|
|-heal|p2a: Tentacruel|61/100|[from] item: Black Sludge
|upkeep
|turn|31
|inactive|GasaiiYunoSan has 240 seconds left.
|
|t:|1646800648
|move|p1a: Ken|Hurricane|p2a: Tentacruel
|-crit|p2a: Tentacruel
|-damage|p2a: Tentacruel|0 fnt
|faint|p2a: Tentacruel
|
|upkeep
|inactive|GasaiiYunoSan has 240 seconds left.
|inactive|GasaiiYunoSan has 210 seconds left.
|
|t:|1646800685
|switch|p2a: Toxtricity|Toxtricity-Low-Key, M|88/100
|-damage|p2a: Toxtricity|76/100|[from] Stealth Rock
|turn|32
|
|t:|1646800690
|move|p2a: Toxtricity|Boomburst|p1a: Ken
|-damage|p1a: Ken|15/100
|move|p1a: Ken|Flamethrower|p2a: Toxtricity
|-damage|p2a: Toxtricity|36/100
|-status|p2a: Toxtricity|brn
|
|-damage|p2a: Toxtricity|29/100 brn|[from] brn
|upkeep
|turn|33
|c|☆GasaiiYunoSan|LOL
|
|t:|1646800703
|move|p2a: Toxtricity|Boomburst|p1a: Ken
|-damage|p1a: Ken|0 fnt
|faint|p1a: Ken
|
|-damage|p2a: Toxtricity|23/100 brn|[from] brn
|upkeep
|
|t:|1646800706
|switch|p1a: Barbie|Primarina, F|100/100
|turn|34
|
|t:|1646800724
|switch|p2a: Jirachi|Jirachi|21/100
|-damage|p2a: Jirachi|14/100|[from] Stealth Rock
|move|p1a: Barbie|Calm Mind|p1a: Barbie
|-boost|p1a: Barbie|spa|1
|-boost|p1a: Barbie|spd|1
|
|upkeep
|turn|35
|
|t:|1646800727
|move|p2a: Jirachi|Iron Head|p1a: Barbie
|-damage|p1a: Barbie|80/100
|move|p1a: Barbie|Calm Mind|p1a: Barbie
|-boost|p1a: Barbie|spa|1
|-boost|p1a: Barbie|spd|1
|
|-heal|p1a: Barbie|86/100|[from] item: Leftovers
|upkeep
|turn|36
|inactive|Sage has 270 seconds left.
|
|t:|1646800756
|move|p2a: Jirachi|Iron Head|p1a: Barbie
|-damage|p1a: Barbie|61/100
|cant|p1a: Barbie|flinch
|
|-heal|p1a: Barbie|67/100|[from] item: Leftovers
|upkeep
|turn|37
|inactive|GasaiiYunoSan has 240 seconds left.
|inactive|Sage has 240 seconds left.
|
|t:|1646800806
|move|p2a: Jirachi|Iron Head|p1a: Barbie
|-damage|p1a: Barbie|45/100
|cant|p1a: Barbie|flinch
|
|-heal|p1a: Barbie|51/100|[from] item: Leftovers
|upkeep
|turn|38
|inactive|GasaiiYunoSan has 240 seconds left.
|
|t:|1646800819
|move|p2a: Jirachi|Wish|p2a: Jirachi
|move|p1a: Barbie|Rest|p1a: Barbie
|-status|p1a: Barbie|slp|[from] move: Rest
|-heal|p1a: Barbie|100/100 slp|[silent]
|
|upkeep
|turn|39
|
|t:|1646800821
|move|p2a: Jirachi|Iron Head|p1a: Barbie
|-damage|p1a: Barbie|77/100 slp
|cant|p1a: Barbie|slp
|cant|p1a: Barbie|flinch
|
|-heal|p2a: Jirachi|64/100|[from] move: Wish|[wisher] Jirachi
|-heal|p1a: Barbie|83/100 slp|[from] item: Leftovers
|upkeep
|turn|40
|
|t:|1646800825
|move|p2a: Jirachi|Iron Head|p1a: Barbie
|-damage|p1a: Barbie|61/100 slp
|cant|p1a: Barbie|slp
|cant|p1a: Barbie|flinch
|
|-heal|p1a: Barbie|68/100 slp|[from] item: Leftovers
|upkeep
|turn|41
|
|t:|1646800834
|move|p2a: Jirachi|U-turn|p1a: Barbie
|-resisted|p1a: Barbie
|-damage|p1a: Barbie|61/100 slp
|
|t:|1646800837
|switch|p2a: Toxtricity|Toxtricity-Low-Key, M|23/100 brn|[from]move: U-turn
|-damage|p2a: Toxtricity|11/100 brn|[from] Stealth Rock
|-curestatus|p1a: Barbie|slp|[msg]
|move|p1a: Barbie|Rest|p1a: Barbie
|-status|p1a: Barbie|slp|[from] move: Rest
|-heal|p1a: Barbie|100/100 slp|[silent]
|
|-damage|p2a: Toxtricity|5/100 brn|[from] brn
|upkeep
|turn|42
|
|t:|1646800851
|switch|p1a: Whole Damn Cake|Mamoswine, M|37/100
|move|p2a: Toxtricity|Thunderbolt|p1a: Whole Damn Cake
|-immune|p1a: Whole Damn Cake
|
|-damage|p2a: Toxtricity|0 fnt|[from] brn
|faint|p2a: Toxtricity
|upkeep
|inactive|GasaiiYunoSan has 270 seconds left.
|
|t:|1646800868
|switch|p2a: Jirachi|Jirachi|64/100
|-damage|p2a: Jirachi|58/100|[from] Stealth Rock
|turn|43
|inactive|GasaiiYunoSan has 270 seconds left.
|inactive|GasaiiYunoSan has 240 seconds left.
|
|t:|1646800913
|switch|p1a: Barbie|Primarina, F|100/100 slp
|move|p2a: Jirachi|U-turn|p1a: Barbie
|-resisted|p1a: Barbie
|-damage|p1a: Barbie|94/100 slp
|
|t:|1646800916
|switch|p2a: Krookodile|Krookodile, M|82/100 tox|[from]move: U-turn
|-damage|p2a: Krookodile|76/100 tox|[from] Stealth Rock
|
|-heal|p1a: Barbie|99/100 slp|[from] item: Leftovers
|-damage|p2a: Krookodile|70/100 tox|[from] psn
|upkeep
|turn|44
|inactive|GasaiiYunoSan has 240 seconds left.
|
|t:|1646800941
|move|p2a: Krookodile|Earthquake|p1a: Barbie
|-damage|p1a: Barbie|36/100 slp
|cant|p1a: Barbie|slp
|move|p1a: Barbie|Snore|p2a: Krookodile
|-supereffective|p2a: Krookodile
|-damage|p2a: Krookodile|9/100 tox
|
|-heal|p1a: Barbie|42/100 slp|[from] item: Leftovers
|-damage|p2a: Krookodile|0 fnt|[from] psn
|faint|p2a: Krookodile
|upkeep
|inactive|GasaiiYunoSan has 240 seconds left.
|
|t:|1646800955
|switch|p2a: Moltres|Moltres|100/100
|-damage|p2a: Moltres|51/100|[from] Stealth Rock
|turn|45
|
|t:|1646800964
|move|p2a: Moltres|Hurricane|p1a: Barbie
|-damage|p1a: Barbie|0 fnt
|faint|p1a: Barbie
|
|upkeep
|
|t:|1646800965
|switch|p1a: Whole Damn Cake|Mamoswine, M|37/100
|turn|46
|c|☆Sage|ggs
|c|☆GasaiiYunoSan|Gg
|
|t:|1646800973
|move|p2a: Moltres|Hurricane|p1a: Whole Damn Cake|[miss]
|-miss|p2a: Moltres|p1a: Whole Damn Cake
|move|p1a: Whole Damn Cake|Icicle Crash|p2a: Moltres|[miss]
|-miss|p1a: Whole Damn Cake|p2a: Moltres
|
|upkeep
|turn|47
|
|t:|1646800985
|move|p2a: Moltres|Hurricane|p1a: Whole Damn Cake
|-damage|p1a: Whole Damn Cake|0 fnt
|faint|p1a: Whole Damn Cake
|
|win|GasaiiYunoSan
