|inactive|Battle timer is ON: inactive players will automatically lose when time's up.
|t:|1663443683
|gametype|singles
|player|p1|Carmin|firebreather|
|player|p2|Liz Angeles|marley|
|teamsize|p1|6
|teamsize|p2|6
|gen|8
|tier|[Gen 8] UU
|rule|Sleep Clause Mod: Limit one foe put to sleep
|rule|Species Clause: Limit one of each Pokémon
|rule|OHKO Clause: OHKO moves are banned
|rule|Evasion Items Clause: Evasion items are banned
|rule|Evasion Moves Clause: Evasion moves are banned
|rule|Endless Battle Clause: Forcing endless battles is banned
|rule|HP Percentage Mod: HP is shown in percentages
|rule|Dynamax Clause: You cannot dynamax
|clearpoke
|poke|p1|Skarmory, M|
|poke|p1|Dhelmise|
|poke|p1|Hippowdon, M|
|poke|p1|Chansey, F|
|poke|p1|Slowking, F|
|poke|p1|Noivern, F|
|poke|p2|Primarina, M|
|poke|p2|Nidoqueen, F|
|poke|p2|Mandibuzz, F|
|poke|p2|Scizor, M|
|poke|p2|Azelf|
|poke|p2|Noivern, M|
|teampreview
|inactive|Carmin also wants the timer to be on.
|inactive|Carmin has 270 seconds left.
|inactive|Liz Angeles has 270 seconds left.
|inactive|Carmin has 240 seconds left.
|
|t:|1663443755
|start
|switch|p1a: Noivern|Noivern, F|100/100
|switch|p2a: Scizor|Scizor, M|100/100
|turn|1
|
|t:|1663443760
|switch|p2a: Mandibuzz|Mandibuzz, F|100/100
|move|p1a: Noivern|Flamethrower|p2a: Mandibuzz
|-damage|p2a: Mandibuzz|78/100
|
|upkeep
|turn|2
|c|+basaninho|swiss?
|c|☆Liz Angeles|ye
|
|t:|1663443774
|move|p1a: Noivern|U-turn|p2a: Mandibuzz
|-damage|p2a: Mandibuzz|71/100
|c|+basaninho|okok
|c|+basaninho|ty
|
|t:|1663443780
|switch|p1a: Skarmory|Skarmory, M|100/100|[from]move: U-turn
|move|p2a: Mandibuzz|Foul Play|p1a: Skarmory
|-damage|p1a: Skarmory|89/100
|-damage|p2a: Mandibuzz|54/100|[from] item: Rocky Helmet|[of] p1a: Skarmory
|
|upkeep
|turn|3
|
|t:|1663443797
|switch|p2a: Azelf|Azelf|100/100
|move|p1a: Skarmory|Spikes|p2a: Azelf
|-sidestart|p2: Liz Angeles|Spikes
|
|upkeep
|turn|4
|
|t:|1663443822
|switch|p1a: Noivern|Noivern, F|100/100
|move|p2a: Azelf|Knock Off|p1a: Noivern
|-damage|p1a: Noivern|63/100
|-enditem|p1a: Noivern|Heavy-Duty Boots|[from] move: Knock Off|[of] p2a: Azelf
|
|upkeep
|turn|5
|
|t:|1663443849
|switch|p2a: Scizor|Scizor, M|100/100
|move|p1a: Noivern|U-turn|p2a: Scizor
|-resisted|p2a: Scizor
|-damage|p2a: Scizor|96/100
|
|t:|1663443854
|switch|p1a: Skarmory|Skarmory, M|89/100|[from]move: U-turn
|
|upkeep
|turn|6
|inactive|Liz Angeles has 270 seconds left.
|
|t:|1663443876
|switch|p2a: Nidoqueen|Nidoqueen, F|100/100
|-damage|p2a: Nidoqueen|88/100|[from] Spikes
|move|p1a: Skarmory|Spikes|p2a: Nidoqueen
|-sidestart|p2: Liz Angeles|Spikes
|
|upkeep
|turn|7
|inactive|Carmin has 270 seconds left.
|
|t:|1663443905
|switch|p1a: Chansey|Chansey, F|100/100
|move|p2a: Nidoqueen|Stealth Rock|p1a: Chansey
|-sidestart|p1: Carmin|move: Stealth Rock
|
|upkeep
|turn|8
|
|t:|1663443913
|switch|p2a: Scizor|Scizor, M|96/100
|move|p1a: Chansey|Seismic Toss|p2a: Scizor
|-damage|p2a: Scizor|67/100
|
|upkeep
|turn|9
|
|t:|1663443918
|switch|p1a: Skarmory|Skarmory, M|89/100
|-damage|p1a: Skarmory|76/100|[from] Stealth Rock
|move|p2a: Scizor|Knock Off|p1a: Skarmory
|-damage|p1a: Skarmory|55/100
|-damage|p2a: Scizor|50/100|[from] item: Rocky Helmet|[of] p1a: Skarmory
|-enditem|p1a: Skarmory|Rocky Helmet|[from] move: Knock Off|[of] p2a: Scizor
|
|upkeep
|turn|10
|
|t:|1663443924
|move|p1a: Skarmory|Roost|p1a: Skarmory
|-heal|p1a: Skarmory|100/100
|-singleturn|p1a: Skarmory|move: Roost
|move|p2a: Scizor|Roost|p2a: Scizor
|-heal|p2a: Scizor|100/100
|-singleturn|p2a: Scizor|move: Roost
|
|upkeep
|turn|11
|
|t:|1663443927
|move|p1a: Skarmory|Spikes|p2a: Scizor
|-sidestart|p2: Liz Angeles|Spikes
|move|p2a: Scizor|U-turn|p1a: Skarmory
|-resisted|p1a: Skarmory
|-damage|p1a: Skarmory|95/100
|
|t:|1663443932
|switch|p2a: Azelf|Azelf|100/100|[from]move: U-turn
|
|upkeep
|turn|12
|
|t:|1663443937
|switch|p1a: Hippowdon|Hippowdon, M|100/100
|-damage|p1a: Hippowdon|94/100|[from] Stealth Rock
|-weather|Sandstorm|[from] ability: Sand Stream|[of] p1a: Hippowdon
|move|p2a: Azelf|Psychic|p1a: Hippowdon
|-damage|p1a: Hippowdon|59/100
|
|-weather|Sandstorm|[upkeep]
|-damage|p2a: Azelf|94/100|[from] Sandstorm
|-heal|p1a: Hippowdon|65/100|[from] item: Leftovers
|upkeep
|turn|13
|
|t:|1663443942
|move|p2a: Azelf|Knock Off|p1a: Hippowdon
|-damage|p1a: Hippowdon|49/100
|-enditem|p1a: Hippowdon|Leftovers|[from] move: Knock Off|[of] p2a: Azelf
|move|p1a: Hippowdon|Slack Off|p1a: Hippowdon
|-heal|p1a: Hippowdon|99/100
|
|-weather|Sandstorm|[upkeep]
|-damage|p2a: Azelf|88/100|[from] Sandstorm
|upkeep
|turn|14
|
|t:|1663443950
|move|p2a: Azelf|U-turn|p1a: Hippowdon
|-damage|p1a: Hippowdon|85/100
|
|t:|1663443955
|switch|p2a: Mandibuzz|Mandibuzz, F|54/100|[from]move: U-turn
|move|p1a: Hippowdon|Stealth Rock|p2a: Mandibuzz
|-sidestart|p2: Liz Angeles|move: Stealth Rock
|
|-weather|Sandstorm|[upkeep]
|upkeep
|turn|15
|
|t:|1663443958
|move|p2a: Mandibuzz|Roost|p2a: Mandibuzz
|-heal|p2a: Mandibuzz|100/100
|-singleturn|p2a: Mandibuzz|move: Roost
|move|p1a: Hippowdon|Toxic|p2a: Mandibuzz
|-status|p2a: Mandibuzz|tox
|
|-weather|Sandstorm|[upkeep]
|-damage|p2a: Mandibuzz|94/100 tox|[from] psn
|upkeep
|turn|16
|
|t:|1663443968
|move|p2a: Mandibuzz|Toxic|p1a: Hippowdon
|-status|p1a: Hippowdon|tox
|move|p1a: Hippowdon|Stealth Rock||[still]
|-fail|p1a: Hippowdon
|
|-weather|none
|-damage|p2a: Mandibuzz|82/100 tox|[from] psn
|-damage|p1a: Hippowdon|79/100 tox|[from] psn
|upkeep
|turn|17
|
|t:|1663443991
|switch|p2a: Noivern|Noivern, M|100/100
|move|p1a: Hippowdon|Slack Off|p1a: Hippowdon
|-heal|p1a: Hippowdon|100/100 tox
|
|-damage|p1a: Hippowdon|88/100 tox|[from] psn
|upkeep
|turn|18
|
|t:|1663443998
|switch|p1a: Chansey|Chansey, F|100/100
|-damage|p1a: Chansey|88/100|[from] Stealth Rock
|move|p2a: Noivern|U-turn|p1a: Chansey
|-damage|p1a: Chansey|81/100
|
|t:|1663444012
|switch|p2a: Azelf|Azelf|88/100|[from]move: U-turn
|
|upkeep
|turn|19
|
|t:|1663444027
|move|p2a: Azelf|U-turn|p1a: Chansey
|-damage|p1a: Chansey|68/100
|
|t:|1663444030
|switch|p2a: Scizor|Scizor, M|100/100|[from]move: U-turn
|move|p1a: Chansey|Soft-Boiled|p1a: Chansey
|-heal|p1a: Chansey|100/100
|
|upkeep
|turn|20
|
|t:|1663444037
|switch|p1a: Skarmory|Skarmory, M|95/100
|-damage|p1a: Skarmory|83/100|[from] Stealth Rock
|move|p2a: Scizor|Knock Off|p1a: Skarmory
|-damage|p1a: Skarmory|70/100
|
|upkeep
|turn|21
|
|t:|1663444046
|move|p1a: Skarmory|Roost|p1a: Skarmory
|-heal|p1a: Skarmory|100/100
|-singleturn|p1a: Skarmory|move: Roost
|move|p2a: Scizor|U-turn|p1a: Skarmory
|-resisted|p1a: Skarmory
|-damage|p1a: Skarmory|91/100
|
|t:|1663444055
|switch|p2a: Azelf|Azelf|88/100|[from]move: U-turn
|
|upkeep
|turn|22
|
|t:|1663444077
|switch|p1a: Slowking|Slowking, F|100/100
|-damage|p1a: Slowking|88/100|[from] Stealth Rock
|move|p2a: Azelf|Psychic|p1a: Slowking
|-resisted|p1a: Slowking
|-damage|p1a: Slowking|71/100
|
|upkeep
|turn|23
|
|t:|1663444087
|move|p2a: Azelf|Knock Off|p1a: Slowking
|-supereffective|p1a: Slowking
|-enditem|p1a: Slowking|Colbur Berry|[eat]
|-enditem|p1a: Slowking|Colbur Berry|[weaken]
|-damage|p1a: Slowking|52/100
|move|p1a: Slowking|Calm Mind|p1a: Slowking
|-boost|p1a: Slowking|spa|1
|-boost|p1a: Slowking|spd|1
|
|upkeep
|turn|24
|
|t:|1663444092
|move|p2a: Azelf|U-turn|p1a: Slowking
|-supereffective|p1a: Slowking
|-damage|p1a: Slowking|24/100
|
|t:|1663444095
|switch|p2a: Mandibuzz|Mandibuzz, F|82/100 tox|[from]move: U-turn
|move|p1a: Slowking|Slack Off|p1a: Slowking
|-heal|p1a: Slowking|74/100
|
|-damage|p2a: Mandibuzz|76/100 tox|[from] psn
|upkeep
|turn|25
|
|t:|1663444100
|switch|p1a: Chansey|Chansey, F|100/100
|-damage|p1a: Chansey|88/100|[from] Stealth Rock
|move|p2a: Mandibuzz|Toxic|p1a: Chansey
|-status|p1a: Chansey|tox
|
|-damage|p2a: Mandibuzz|64/100 tox|[from] psn
|-damage|p1a: Chansey|82/100 tox|[from] psn
|upkeep
|turn|26
|
|t:|1663444108
|switch|p2a: Scizor|Scizor, M|100/100
|move|p1a: Chansey|Aromatherapy|p1a: Chansey
|-activate|p1a: Chansey|move: Aromatherapy
|-curestatus|p1a: Chansey|tox|[msg]
|-curestatus|p1: Hippowdon|tox|[msg]
|
|upkeep
|turn|27
|
|t:|1663444118
|switch|p1a: Skarmory|Skarmory, M|91/100
|-damage|p1a: Skarmory|78/100|[from] Stealth Rock
|move|p2a: Scizor|U-turn|p1a: Skarmory
|-resisted|p1a: Skarmory
|-damage|p1a: Skarmory|73/100
|
|t:|1663444122
|switch|p2a: Azelf|Azelf|88/100|[from]move: U-turn
|
|upkeep
|turn|28
|
|t:|1663444131
|switch|p1a: Slowking|Slowking, F|100/100
|-damage|p1a: Slowking|88/100|[from] Stealth Rock
|move|p2a: Azelf|Flamethrower|p1a: Slowking
|-resisted|p1a: Slowking
|-damage|p1a: Slowking|76/100
|
|upkeep
|turn|29
|
|t:|1663444134
|move|p2a: Azelf|U-turn|p1a: Slowking
|-supereffective|p1a: Slowking
|-damage|p1a: Slowking|47/100
|
|t:|1663444137
|switch|p2a: Mandibuzz|Mandibuzz, F|64/100 tox|[from]move: U-turn
|move|p1a: Slowking|Scald|p2a: Mandibuzz
|-damage|p2a: Mandibuzz|40/100 tox
|
|-damage|p2a: Mandibuzz|34/100 tox|[from] psn
|upkeep
|turn|30
|
|t:|1663444145
|switch|p1a: Noivern|Noivern, F|63/100
|-damage|p1a: Noivern|38/100|[from] Stealth Rock
|move|p2a: Mandibuzz|Roost|p2a: Mandibuzz
|-heal|p2a: Mandibuzz|84/100 tox
|-singleturn|p2a: Mandibuzz|move: Roost
|
|-damage|p2a: Mandibuzz|72/100 tox|[from] psn
|upkeep
|turn|31
|
|t:|1663444151
|move|p1a: Noivern|Roost|p1a: Noivern
|-heal|p1a: Noivern|88/100
|-singleturn|p1a: Noivern|move: Roost
|move|p2a: Mandibuzz|Roost|p2a: Mandibuzz
|-heal|p2a: Mandibuzz|100/100 tox
|-singleturn|p2a: Mandibuzz|move: Roost
|
|-damage|p2a: Mandibuzz|82/100 tox|[from] psn
|upkeep
|turn|32
|
|t:|1663444155
|move|p1a: Noivern|Draco Meteor|p2a: Mandibuzz
|-damage|p2a: Mandibuzz|32/100 tox
|-unboost|p1a: Noivern|spa|2
|move|p2a: Mandibuzz|Toxic|p1a: Noivern
|-status|p1a: Noivern|tox
|
|-damage|p1a: Noivern|82/100 tox|[from] psn
|-damage|p2a: Mandibuzz|8/100 tox|[from] psn
|upkeep
|turn|33
|
|t:|1663444161
|switch|p2a: Noivern|Noivern, M|100/100
|move|p1a: Noivern|Flamethrower|p2a: Noivern
|-resisted|p2a: Noivern
|-damage|p2a: Noivern|94/100
|-status|p2a: Noivern|brn
|
|-damage|p1a: Noivern|70/100 tox|[from] psn
|-damage|p2a: Noivern|88/100 brn|[from] brn
|upkeep
|turn|34
|
|t:|1663444170
|switch|p1a: Chansey|Chansey, F|82/100
|-damage|p1a: Chansey|70/100|[from] Stealth Rock
|move|p2a: Noivern|U-turn|p1a: Chansey
|-damage|p1a: Chansey|66/100
|
|t:|1663444178
|switch|p2a: Scizor|Scizor, M|100/100|[from]move: U-turn
|
|upkeep
|turn|35
|
|t:|1663444192
|move|p2a: Scizor|Knock Off|p1a: Chansey
|-damage|p1a: Chansey|48/100
|-enditem|p1a: Chansey|Eviolite|[from] move: Knock Off|[of] p2a: Scizor
|move|p1a: Chansey|Soft-Boiled|p1a: Chansey
|-heal|p1a: Chansey|98/100
|
|upkeep
|turn|36
|
|t:|1663444198
|move|p2a: Scizor|U-turn|p1a: Chansey
|-damage|p1a: Chansey|66/100
|
|t:|1663444203
|switch|p2a: Noivern|Noivern, M|88/100 brn|[from]move: U-turn
|move|p1a: Chansey|Seismic Toss|p2a: Noivern
|-damage|p2a: Noivern|61/100 brn
|
|-damage|p2a: Noivern|55/100 brn|[from] brn
|upkeep
|turn|37
|
|t:|1663444206
|move|p2a: Noivern|Roost|p2a: Noivern
|-heal|p2a: Noivern|100/100 brn
|-singleturn|p2a: Noivern|move: Roost
|move|p1a: Chansey|Soft-Boiled|p1a: Chansey
|-heal|p1a: Chansey|100/100
|
|-damage|p2a: Noivern|94/100 brn|[from] brn
|upkeep
|turn|38
|
|t:|1663444212
|move|p2a: Noivern|U-turn|p1a: Chansey
|-damage|p1a: Chansey|95/100
|
|t:|1663444214
|switch|p2a: Scizor|Scizor, M|100/100|[from]move: U-turn
|move|p1a: Chansey|Seismic Toss|p2a: Scizor
|-damage|p2a: Scizor|71/100
|
|upkeep
|turn|39
|
|t:|1663444222
|move|p2a: Scizor|Bullet Punch|p1a: Chansey
|-crit|p1a: Chansey
|-damage|p1a: Chansey|57/100
|move|p1a: Chansey|Soft-Boiled|p1a: Chansey
|-heal|p1a: Chansey|100/100
|
|upkeep
|turn|40
|
|t:|1663444228
|switch|p1a: Skarmory|Skarmory, M|73/100
|-damage|p1a: Skarmory|61/100|[from] Stealth Rock
|move|p2a: Scizor|Roost|p2a: Scizor
|-heal|p2a: Scizor|100/100
|-singleturn|p2a: Scizor|move: Roost
|
|upkeep
|turn|41
|
|t:|1663444231
|move|p1a: Skarmory|Roost|p1a: Skarmory
|-heal|p1a: Skarmory|100/100
|-singleturn|p1a: Skarmory|move: Roost
|move|p2a: Scizor|U-turn|p1a: Skarmory
|-resisted|p1a: Skarmory
|-damage|p1a: Skarmory|90/100
|
|t:|1663444235
|switch|p2a: Mandibuzz|Mandibuzz, F|8/100 tox|[from]move: U-turn
|
|-damage|p2a: Mandibuzz|1/100 tox|[from] psn
|upkeep
|turn|42
|
|t:|1663444237
|move|p2a: Mandibuzz|Roost|p2a: Mandibuzz
|-heal|p2a: Mandibuzz|52/100 tox
|-singleturn|p2a: Mandibuzz|move: Roost
|move|p1a: Skarmory|Body Press|p2a: Mandibuzz
|-supereffective|p2a: Mandibuzz
|-damage|p2a: Mandibuzz|11/100 tox
|
|-damage|p2a: Mandibuzz|0 fnt|[from] psn
|faint|p2a: Mandibuzz
|upkeep
|
|t:|1663444240
|switch|p2a: Azelf|Azelf|88/100
|turn|43
|
|t:|1663444245
|switch|p1a: Slowking|Slowking, F|80/100
|-damage|p1a: Slowking|68/100|[from] Stealth Rock
|move|p2a: Azelf|U-turn|p1a: Slowking
|-supereffective|p1a: Slowking
|-damage|p1a: Slowking|38/100
|
|t:|1663444272
|switch|p2a: Scizor|Scizor, M|100/100|[from]move: U-turn
|
|upkeep
|turn|44
|
|t:|1663444284
|switch|p1a: Hippowdon|Hippowdon, M|88/100
|-damage|p1a: Hippowdon|82/100|[from] Stealth Rock
|-weather|Sandstorm|[from] ability: Sand Stream|[of] p1a: Hippowdon
|move|p2a: Scizor|U-turn|p1a: Hippowdon
|-crit|p1a: Hippowdon
|-damage|p1a: Hippowdon|53/100
|c|☆Carmin|kek
|inactive|Liz Angeles has 270 seconds left.
|inactive|Liz Angeles has 240 seconds left.
|inactive|Liz Angeles has 210 seconds left.
|inactive|Liz Angeles has 180 seconds left.
|inactive|Liz Angeles has 150 seconds left.
|
|t:|1663444425
|switch|p2a: Nidoqueen|Nidoqueen, F|88/100|[from]move: U-turn
|-damage|p2a: Nidoqueen|63/100|[from] Spikes
|-damage|p2a: Nidoqueen|57/100|[from] Stealth Rock
|
|-weather|Sandstorm|[upkeep]
|upkeep
|turn|45
|
|t:|1663444432
|switch|p1a: Chansey|Chansey, F|100/100
|-damage|p1a: Chansey|88/100|[from] Stealth Rock
|move|p2a: Nidoqueen|Earth Power|p1a: Chansey
|-damage|p1a: Chansey|60/100
|
|-weather|Sandstorm|[upkeep]
|-damage|p1a: Chansey|54/100|[from] Sandstorm
|upkeep
|turn|46
|
|t:|1663444441
|switch|p2a: Scizor|Scizor, M|100/100
|move|p1a: Chansey|Soft-Boiled|p1a: Chansey
|-heal|p1a: Chansey|100/100
|
|-weather|Sandstorm|[upkeep]
|-damage|p1a: Chansey|94/100|[from] Sandstorm
|upkeep
|turn|47
|
|t:|1663444447
|move|p2a: Scizor|Bullet Punch|p1a: Chansey
|-damage|p1a: Chansey|67/100
|move|p1a: Chansey|Soft-Boiled|p1a: Chansey
|-heal|p1a: Chansey|100/100
|
|-weather|Sandstorm|[upkeep]
|-damage|p1a: Chansey|94/100|[from] Sandstorm
|upkeep
|turn|48
|
|t:|1663444457
|move|p2a: Scizor|U-turn|p1a: Chansey
|-damage|p1a: Chansey|63/100
|
|t:|1663444459
|switch|p2a: Noivern|Noivern, M|94/100 brn|[from]move: U-turn
|move|p1a: Chansey|Soft-Boiled|p1a: Chansey
|-heal|p1a: Chansey|100/100
|
|-weather|none
|-damage|p2a: Noivern|88/100 brn|[from] brn
|upkeep
|turn|49
|
|t:|1663444467
|switch|p1a: Dhelmise|Dhelmise|100/100
|move|p2a: Noivern|U-turn|p1a: Dhelmise
|-damage|p1a: Dhelmise|96/100
|inactive|Liz Angeles has 180 seconds left.
|inactive|Liz Angeles has 150 seconds left.
|
|t:|1663444508
|switch|p2a: Scizor|Scizor, M|100/100|[from]move: U-turn
|
|upkeep
|turn|50
|
|t:|1663444511
|move|p2a: Scizor|Knock Off|p1a: Dhelmise
|-supereffective|p1a: Dhelmise
|-damage|p1a: Dhelmise|35/100
|-enditem|p1a: Dhelmise|Heavy-Duty Boots|[from] move: Knock Off|[of] p2a: Scizor
|move|p1a: Dhelmise|Rapid Spin|p2a: Scizor
|-resisted|p2a: Scizor
|-damage|p2a: Scizor|94/100
|-boost|p1a: Dhelmise|spe|1
|-sideend|p1: Carmin|Stealth Rock|[from] move: Rapid Spin|[of] p1a: Dhelmise
|
|upkeep
|turn|51
|
|t:|1663444517
|switch|p1a: Skarmory|Skarmory, M|90/100
|move|p2a: Scizor|U-turn|p1a: Skarmory
|-resisted|p1a: Skarmory
|-damage|p1a: Skarmory|85/100
|
|t:|1663444529
|switch|p2a: Nidoqueen|Nidoqueen, F|57/100|[from]move: U-turn
|-damage|p2a: Nidoqueen|32/100|[from] Spikes
|-damage|p2a: Nidoqueen|26/100|[from] Stealth Rock
|
|upkeep
|turn|52
|
|t:|1663444536
|switch|p1a: Noivern|Noivern, F|70/100 tox
|move|p2a: Nidoqueen|Stealth Rock|p1a: Noivern
|-sidestart|p1: Carmin|move: Stealth Rock
|
|-damage|p1a: Noivern|64/100 tox|[from] psn
|upkeep
|turn|53
|
|t:|1663444551
|move|p1a: Noivern|Flamethrower|p2a: Nidoqueen
|-damage|p2a: Nidoqueen|0 fnt
|faint|p2a: Nidoqueen
|
|-damage|p1a: Noivern|52/100 tox|[from] psn
|upkeep
|
|t:|1663444559
|switch|p2a: Primarina|Primarina, M|100/100
|-damage|p2a: Primarina|76/100|[from] Spikes
|-damage|p2a: Primarina|63/100|[from] Stealth Rock
|turn|54
|inactive|Carmin has 270 seconds left.
|
|t:|1663444600
|move|p1a: Noivern|U-turn|p2a: Primarina
|-resisted|p2a: Primarina
|-damage|p2a: Primarina|55/100
|
|t:|1663444609
|switch|p1a: Hippowdon|Hippowdon, M|53/100|[from]move: U-turn
|-damage|p1a: Hippowdon|46/100|[from] Stealth Rock
|-weather|Sandstorm|[from] ability: Sand Stream|[of] p1a: Hippowdon
|move|p2a: Primarina|Moonblast|p1a: Hippowdon
|-damage|p1a: Hippowdon|0 fnt
|faint|p1a: Hippowdon
|
|-weather|Sandstorm|[upkeep]
|-damage|p2a: Primarina|50/100|[from] Sandstorm
|upkeep
|inactive|Carmin has 240 seconds left.
|
|t:|1663444636
|switch|p1a: Chansey|Chansey, F|100/100
|-damage|p1a: Chansey|88/100|[from] Stealth Rock
|turn|55
|
|t:|1663444644
|switch|p2a: Scizor|Scizor, M|94/100
|move|p1a: Chansey|Seismic Toss|p2a: Scizor
|-damage|p2a: Scizor|65/100
|
|-weather|Sandstorm|[upkeep]
|-damage|p1a: Chansey|82/100|[from] Sandstorm
|upkeep
|turn|56
|
|t:|1663444648
|switch|p1a: Skarmory|Skarmory, M|85/100
|-damage|p1a: Skarmory|73/100|[from] Stealth Rock
|move|p2a: Scizor|U-turn|p1a: Skarmory
|-resisted|p1a: Skarmory
|-damage|p1a: Skarmory|67/100
|
|t:|1663444652
|switch|p2a: Azelf|Azelf|88/100|[from]move: U-turn
|
|-weather|Sandstorm|[upkeep]
|-damage|p2a: Azelf|82/100|[from] Sandstorm
|upkeep
|turn|57
|
|t:|1663444671
|switch|p1a: Slowking|Slowking, F|71/100
|-damage|p1a: Slowking|59/100|[from] Stealth Rock
|move|p2a: Azelf|U-turn|p1a: Slowking
|-supereffective|p1a: Slowking
|-damage|p1a: Slowking|29/100
|
|t:|1663444674
|switch|p2a: Scizor|Scizor, M|65/100|[from]move: U-turn
|
|-weather|Sandstorm|[upkeep]
|-damage|p1a: Slowking|23/100|[from] Sandstorm
|upkeep
|turn|58
|
|t:|1663444677
|switch|p1a: Skarmory|Skarmory, M|67/100
|-damage|p1a: Skarmory|55/100|[from] Stealth Rock
|move|p2a: Scizor|U-turn|p1a: Skarmory
|-resisted|p1a: Skarmory
|-damage|p1a: Skarmory|50/100
|
|t:|1663444680
|switch|p2a: Azelf|Azelf|82/100|[from]move: U-turn
|
|-weather|none
|upkeep
|turn|59
|
|t:|1663444687
|move|p2a: Azelf|Psychic|p1a: Skarmory
|-resisted|p1a: Skarmory
|-crit|p1a: Skarmory
|-damage|p1a: Skarmory|1/100
|move|p1a: Skarmory|Roost|p1a: Skarmory
|-heal|p1a: Skarmory|51/100
|-singleturn|p1a: Skarmory|move: Roost
|
|upkeep
|turn|60
|
|t:|1663444700
|switch|p1a: Dhelmise|Dhelmise|35/100
|-damage|p1a: Dhelmise|23/100|[from] Stealth Rock
|move|p2a: Azelf|U-turn|p1a: Dhelmise
|-damage|p1a: Dhelmise|5/100
|inactive|Liz Angeles has 240 seconds left.
|
|t:|1663444716
|switch|p2a: Noivern|Noivern, M|88/100 brn|[from]move: U-turn
|
|-damage|p2a: Noivern|82/100 brn|[from] brn
|upkeep
|turn|61
|
|t:|1663444724
|move|p2a: Noivern|U-turn|p1a: Dhelmise
|-damage|p1a: Dhelmise|0 fnt
|faint|p1a: Dhelmise
|
|t:|1663444730
|switch|p2a: Scizor|Scizor, M|65/100|[from]move: U-turn
|
|upkeep
|
|t:|1663444738
|switch|p1a: Skarmory|Skarmory, M|51/100
|-damage|p1a: Skarmory|39/100|[from] Stealth Rock
|turn|62
|
|t:|1663444741
|move|p1a: Skarmory|Roost|p1a: Skarmory
|-heal|p1a: Skarmory|89/100
|-singleturn|p1a: Skarmory|move: Roost
|move|p2a: Scizor|Roost|p2a: Scizor
|-heal|p2a: Scizor|100/100
|-singleturn|p2a: Scizor|move: Roost
|
|upkeep
|turn|63
|
|t:|1663444751
|move|p1a: Skarmory|Body Press|p2a: Scizor
|-damage|p2a: Scizor|74/100
|move|p2a: Scizor|U-turn|p1a: Skarmory
|-resisted|p1a: Skarmory
|-damage|p1a: Skarmory|84/100
|inactive|Liz Angeles has 270 seconds left.
|
|t:|1663444766
|switch|p2a: Azelf|Azelf|82/100|[from]move: U-turn
|
|upkeep
|turn|64
|inactive|Liz Angeles has 270 seconds left.
|
|t:|1663444786
|switch|p1a: Chansey|Chansey, F|82/100
|-damage|p1a: Chansey|70/100|[from] Stealth Rock
|move|p2a: Azelf|Flamethrower|p1a: Chansey
|-damage|p1a: Chansey|56/100
|
|upkeep
|turn|65
|
|t:|1663444789
|move|p2a: Azelf|U-turn|p1a: Chansey
|-damage|p1a: Chansey|38/100
|
|t:|1663444791
|switch|p2a: Scizor|Scizor, M|74/100|[from]move: U-turn
|move|p1a: Chansey|Soft-Boiled|p1a: Chansey
|-heal|p1a: Chansey|88/100
|
|upkeep
|turn|66
|
|t:|1663444797
|move|p2a: Scizor|U-turn|p1a: Chansey
|-damage|p1a: Chansey|58/100
|
|t:|1663444802
|switch|p2a: Noivern|Noivern, M|82/100 brn|[from]move: U-turn
|move|p1a: Chansey|Soft-Boiled|p1a: Chansey
|-heal|p1a: Chansey|100/100
|
|-damage|p2a: Noivern|76/100 brn|[from] brn
|upkeep
|turn|67
|
|t:|1663444807
|move|p2a: Noivern|U-turn|p1a: Chansey
|-damage|p1a: Chansey|96/100
|
|t:|1663444810
|switch|p2a: Scizor|Scizor, M|74/100|[from]move: U-turn
|move|p1a: Chansey|Seismic Toss|p2a: Scizor
|-damage|p2a: Scizor|45/100
|
|upkeep
|turn|68
|
|t:|1663444817
|switch|p1a: Skarmory|Skarmory, M|84/100
|-damage|p1a: Skarmory|72/100|[from] Stealth Rock
|move|p2a: Scizor|Roost|p2a: Scizor
|-heal|p2a: Scizor|95/100
|-singleturn|p2a: Scizor|move: Roost
|
|upkeep
|turn|69
|
|t:|1663444822
|move|p1a: Skarmory|Roost|p1a: Skarmory
|-heal|p1a: Skarmory|100/100
|-singleturn|p1a: Skarmory|move: Roost
|move|p2a: Scizor|U-turn|p1a: Skarmory
|-resisted|p1a: Skarmory
|-damage|p1a: Skarmory|90/100
|
|t:|1663444824
|switch|p2a: Azelf|Azelf|82/100|[from]move: U-turn
|
|upkeep
|turn|70
|
|t:|1663444827
|move|p2a: Azelf|U-turn|p1a: Skarmory
|-resisted|p1a: Skarmory
|-damage|p1a: Skarmory|87/100
|
|t:|1663444830
|switch|p2a: Noivern|Noivern, M|76/100 brn|[from]move: U-turn
|move|p1a: Skarmory|Iron Defense|p1a: Skarmory
|-boost|p1a: Skarmory|def|2
|
|-damage|p2a: Noivern|70/100 brn|[from] brn
|upkeep
|turn|71
|
|t:|1663444844
|switch|p1a: Chansey|Chansey, F|96/100
|-damage|p1a: Chansey|83/100|[from] Stealth Rock
|move|p2a: Noivern|Flamethrower|p1a: Chansey
|-damage|p1a: Chansey|74/100
|
|-damage|p2a: Noivern|64/100 brn|[from] brn
|upkeep
|turn|72
|
|t:|1663444848
|switch|p1a: Slowking|Slowking, F|56/100
|-damage|p1a: Slowking|44/100|[from] Stealth Rock
|move|p2a: Noivern|U-turn|p1a: Slowking
|-supereffective|p1a: Slowking
|-damage|p1a: Slowking|36/100
|
|t:|1663444852
|switch|p2a: Scizor|Scizor, M|95/100|[from]move: U-turn
|
|upkeep
|turn|73
|
|t:|1663444854
|switch|p1a: Skarmory|Skarmory, M|87/100
|-damage|p1a: Skarmory|75/100|[from] Stealth Rock
|move|p2a: Scizor|U-turn|p1a: Skarmory
|-resisted|p1a: Skarmory
|-damage|p1a: Skarmory|69/100
|
|t:|1663444857
|switch|p2a: Azelf|Azelf|82/100|[from]move: U-turn
|
|upkeep
|turn|74
|
|t:|1663444860
|move|p2a: Azelf|U-turn|p1a: Skarmory
|-resisted|p1a: Skarmory
|-damage|p1a: Skarmory|66/100
|
|t:|1663444867
|switch|p2a: Noivern|Noivern, M|64/100 brn|[from]move: U-turn
|move|p1a: Skarmory|Roost|p1a: Skarmory
|-heal|p1a: Skarmory|100/100
|-singleturn|p1a: Skarmory|move: Roost
|
|-damage|p2a: Noivern|57/100 brn|[from] brn
|upkeep
|turn|75
|
|t:|1663444878
|switch|p1a: Slowking|Slowking, F|70/100
|-damage|p1a: Slowking|57/100|[from] Stealth Rock
|move|p2a: Noivern|Roost|p2a: Noivern
|-heal|p2a: Noivern|100/100 brn
|-singleturn|p2a: Noivern|move: Roost
|
|-damage|p2a: Noivern|94/100 brn|[from] brn
|upkeep
|turn|76
|
|t:|1663444892
|move|p2a: Noivern|Draco Meteor|p1a: Slowking
|-damage|p1a: Slowking|21/100
|-unboost|p2a: Noivern|spa|2
|move|p1a: Slowking|Slack Off|p1a: Slowking
|-heal|p1a: Slowking|71/100
|
|-damage|p2a: Noivern|88/100 brn|[from] brn
|upkeep
|turn|77
|
|t:|1663444916
|move|p2a: Noivern|U-turn|p1a: Slowking
|-supereffective|p1a: Slowking
|-damage|p1a: Slowking|62/100
|inactive|Liz Angeles has 270 seconds left.
|
|t:|1663444953
|switch|p2a: Azelf|Azelf|82/100|[from]move: U-turn
|move|p1a: Slowking|Slack Off|p1a: Slowking
|-heal|p1a: Slowking|100/100
|
|upkeep
|turn|78
|inactive|Liz Angeles has 270 seconds left.
|
|t:|1663444963
|move|p2a: Azelf|Knock Off|p1a: Slowking
|-supereffective|p1a: Slowking
|-damage|p1a: Slowking|74/100
|move|p1a: Slowking|Calm Mind|p1a: Slowking
|-boost|p1a: Slowking|spa|1
|-boost|p1a: Slowking|spd|1
|
|upkeep
|turn|79
|
|t:|1663444967
|move|p2a: Azelf|U-turn|p1a: Slowking
|-supereffective|p1a: Slowking
|-damage|p1a: Slowking|44/100
|
|t:|1663444970
|switch|p2a: Scizor|Scizor, M|95/100|[from]move: U-turn
|move|p1a: Slowking|Slack Off|p1a: Slowking
|-heal|p1a: Slowking|94/100
|
|upkeep
|turn|80
|
|t:|1663444974
|move|p2a: Scizor|U-turn|p1a: Slowking
|-supereffective|p1a: Slowking
|-damage|p1a: Slowking|43/100
|
|t:|1663444977
|switch|p2a: Azelf|Azelf|82/100|[from]move: U-turn
|move|p1a: Slowking|Scald|p2a: Azelf
|-damage|p2a: Azelf|7/100
|
|upkeep
|turn|81
|
|t:|1663444983
|move|p2a: Azelf|U-turn|p1a: Slowking
|-supereffective|p1a: Slowking
|-damage|p1a: Slowking|13/100
|
|t:|1663444985
|switch|p2a: Scizor|Scizor, M|95/100|[from]move: U-turn
|move|p1a: Slowking|Slack Off|p1a: Slowking
|-heal|p1a: Slowking|63/100
|
|upkeep
|turn|82
|
|t:|1663445000
|move|p2a: Scizor|U-turn|p1a: Slowking
|-supereffective|p1a: Slowking
|-damage|p1a: Slowking|10/100
|
|t:|1663445004
|switch|p2a: Azelf|Azelf|7/100|[from]move: U-turn
|move|p1a: Slowking|Slack Off|p1a: Slowking
|-heal|p1a: Slowking|60/100
|
|upkeep
|turn|83
|
|t:|1663445007
|move|p2a: Azelf|U-turn|p1a: Slowking
|-supereffective|p1a: Slowking
|-damage|p1a: Slowking|34/100
|
|t:|1663445009
|switch|p2a: Scizor|Scizor, M|95/100|[from]move: U-turn
|move|p1a: Slowking|Slack Off|p1a: Slowking
|-heal|p1a: Slowking|84/100
|
|upkeep
|turn|84
|
|t:|1663445013
|move|p2a: Scizor|Knock Off|p1a: Slowking
|-supereffective|p1a: Slowking
|-crit|p1a: Slowking
|-damage|p1a: Slowking|35/100
|move|p1a: Slowking|Slack Off|p1a: Slowking
|-heal|p1a: Slowking|85/100
|
|upkeep
|turn|85
|
|t:|1663445018
|move|p2a: Scizor|Knock Off|p1a: Slowking
|-supereffective|p1a: Slowking
|-damage|p1a: Slowking|53/100
|move|p1a: Slowking|Slack Off|p1a: Slowking
|-heal|p1a: Slowking|100/100
|
|upkeep
|turn|86
|
|t:|1663445021
|move|p2a: Scizor|U-turn|p1a: Slowking
|-supereffective|p1a: Slowking
|-damage|p1a: Slowking|47/100
|
|t:|1663445024
|switch|p2a: Noivern|Noivern, M|88/100 brn|[from]move: U-turn
|move|p1a: Slowking|Scald|p2a: Noivern
|-resisted|p2a: Noivern
|-damage|p2a: Noivern|66/100 brn
|
|-damage|p2a: Noivern|60/100 brn|[from] brn
|upkeep
|turn|87
|
|t:|1663445029
|move|p2a: Noivern|U-turn|p1a: Slowking
|-supereffective|p1a: Slowking
|-damage|p1a: Slowking|39/100
|
|t:|1663445034
|switch|p2a: Azelf|Azelf|7/100|[from]move: U-turn
|move|p1a: Slowking|Slack Off|p1a: Slowking
|-heal|p1a: Slowking|89/100
|
|upkeep
|turn|88
|
|t:|1663445040
|move|p2a: Azelf|Knock Off|p1a: Slowking
|-supereffective|p1a: Slowking
|-damage|p1a: Slowking|62/100
|move|p1a: Slowking|Scald|p2a: Azelf
|-damage|p2a: Azelf|0 fnt
|faint|p2a: Azelf
|
|upkeep
|
|t:|1663445047
|switch|p2a: Scizor|Scizor, M|95/100
|turn|89
|
|t:|1663445050
|move|p2a: Scizor|U-turn|p1a: Slowking
|-supereffective|p1a: Slowking
|-damage|p1a: Slowking|9/100
|
|t:|1663445053
|switch|p2a: Primarina|Primarina, M|50/100|[from]move: U-turn
|-damage|p2a: Primarina|25/100|[from] Spikes
|-damage|p2a: Primarina|12/100|[from] Stealth Rock
|move|p1a: Slowking|Slack Off|p1a: Slowking
|-heal|p1a: Slowking|59/100
|
|upkeep
|turn|90
|
|t:|1663445074
|move|p2a: Primarina|Moonblast|p1a: Slowking
|-damage|p1a: Slowking|18/100
|move|p1a: Slowking|Slack Off|p1a: Slowking
|-heal|p1a: Slowking|68/100
|
|upkeep
|turn|91
|
|t:|1663445078
|move|p2a: Primarina|Moonblast|p1a: Slowking
|-damage|p1a: Slowking|25/100
|move|p1a: Slowking|Psyshock|p2a: Primarina
|-damage|p2a: Primarina|0 fnt
|faint|p2a: Primarina
|
|upkeep
|
|t:|1663445082
|switch|p2a: Scizor|Scizor, M|95/100
|turn|92
|
|t:|1663445085
|switch|p1a: Skarmory|Skarmory, M|100/100
|-damage|p1a: Skarmory|88/100|[from] Stealth Rock
|move|p2a: Scizor|U-turn|p1a: Skarmory
|-resisted|p1a: Skarmory
|-damage|p1a: Skarmory|83/100
|
|t:|1663445087
|switch|p2a: Noivern|Noivern, M|60/100 brn|[from]move: U-turn
|
|-damage|p2a: Noivern|53/100 brn|[from] brn
|upkeep
|turn|93
|
|t:|1663445092
|switch|p1a: Slowking|Slowking, F|58/100
|-damage|p1a: Slowking|45/100|[from] Stealth Rock
|move|p2a: Noivern|Flamethrower|p1a: Slowking
|-resisted|p1a: Slowking
|-damage|p1a: Slowking|38/100
|
|-damage|p2a: Noivern|47/100 brn|[from] brn
|upkeep
|turn|94
|
|t:|1663445097
|switch|p1a: Chansey|Chansey, F|74/100
|-damage|p1a: Chansey|62/100|[from] Stealth Rock
|move|p2a: Noivern|U-turn|p1a: Chansey
|-damage|p1a: Chansey|57/100
|
|t:|1663445101
|switch|p2a: Scizor|Scizor, M|95/100|[from]move: U-turn
|
|upkeep
|turn|95
|
|t:|1663445104
|move|p2a: Scizor|Bullet Punch|p1a: Chansey
|-damage|p1a: Chansey|32/100
|move|p1a: Chansey|Soft-Boiled|p1a: Chansey
|-heal|p1a: Chansey|82/100
|
|upkeep
|turn|96
|
|t:|1663445108
|switch|p1a: Skarmory|Skarmory, M|83/100
|-damage|p1a: Skarmory|71/100|[from] Stealth Rock
|move|p2a: Scizor|Bullet Punch|p1a: Skarmory
|-resisted|p1a: Skarmory
|-damage|p1a: Skarmory|63/100
|
|upkeep
|turn|97
|c|☆Liz Angeles|gg
|c|☆Carmin|gg
|-message|Liz Angeles forfeited.
|
|win|Carmin
