|inactive|Battle timer is ON: inactive players will automatically lose when time's up.
|t:|1653410410
|gametype|singles
|player|p1|u're not alone|brendan-gen3rs|
|player|p2|congelateur-sama|#fcpl4raichicheurs|
|teamsize|p1|6
|teamsize|p2|6
|gen|8
|tier|[Gen 8] UU
|rule|Sleep Clause Mod: Limit one foe put to sleep
|rule|Species Clause: Limit one of each Pokémon
|rule|OHKO Clause: OHKO moves are banned
|rule|Evasion Moves Clause: Evasion moves are banned
|rule|Endless Battle Clause: Forcing endless battles is banned
|rule|HP Percentage Mod: HP is shown in percentages
|rule|Dynamax Clause: You cannot dynamax
|clearpoke
|poke|p1|Thundurus-Therian, M|
|poke|p1|Slowbro-Galar, F|
|poke|p1|Scizor, F|
|poke|p1|Rhyperior, M|
|poke|p1|Skarmory, M|
|poke|p1|Tapu Bulu|
|poke|p2|Cobalion|
|poke|p2|Nidoqueen, F|
|poke|p2|Hydreigon, F|
|poke|p2|Azelf|
|poke|p2|Tangrowth, M|
|poke|p2|Rotom-Wash|
|teampreview
|c|☆congelateur-sama|hf
|c|☆u're not alone|hf bro
|inactive|congelateur-sama has 270 seconds left.
|c|☆u're not alone|this is bo1 right?
|c|☆congelateur-sama|hum
|c|☆congelateur-sama|yes i think
|c|☆u're not alone|ok
|inactive|congelateur-sama has 240 seconds left.
|c|☆congelateur-sama|yes bo1
|
|t:|1653410493
|start
|switch|p1a: Thundurus|Thundurus-Therian, M|100/100
|switch|p2a: Tangrowth|Tangrowth, M|100/100
|turn|1
|
|t:|1653410496
|move|p1a: Thundurus|U-turn|p2a: Tangrowth
|-supereffective|p2a: Tangrowth
|-damage|p2a: Tangrowth|82/100
|
|t:|1653410514
|switch|p1a: Skarmory|Skarmory, M|100/100|[from]move: U-turn
|move|p2a: Tangrowth|Knock Off|p1a: Skarmory
|-damage|p1a: Skarmory|87/100
|-damage|p2a: Tangrowth|66/100|[from] item: Rocky Helmet|[of] p1a: Skarmory
|-enditem|p1a: Skarmory|Rocky Helmet|[from] move: Knock Off|[of] p2a: Tangrowth
|
|upkeep
|turn|2
|
|t:|1653410520
|switch|p1a: Thundurus|Thundurus-Therian, M|100/100
|switch|p2a: Nidoqueen|Nidoqueen, F|100/100
|
|upkeep
|turn|3
|
|t:|1653410532
|switch|p2a: Tangrowth|Tangrowth, M|99/100
|move|p1a: Thundurus|U-turn|p2a: Tangrowth
|-supereffective|p2a: Tangrowth
|-damage|p2a: Tangrowth|80/100
|
|t:|1653410536
|switch|p1a: Skarmory|Skarmory, M|87/100|[from]move: U-turn
|
|upkeep
|turn|4
|
|t:|1653410546
|switch|p1a: Rhyperior|Rhyperior, M|100/100
|switch|p2a: Nidoqueen|Nidoqueen, F|100/100
|
|upkeep
|turn|5
|
|t:|1653410549
|switch|p2a: Tangrowth|Tangrowth, M|100/100
|move|p1a: Rhyperior|High Horsepower|p2a: Tangrowth
|-resisted|p2a: Tangrowth
|-damage|p2a: Tangrowth|87/100
|
|upkeep
|turn|6
|
|t:|1653410555
|move|p2a: Tangrowth|Knock Off|p1a: Rhyperior
|-damage|p1a: Rhyperior|88/100
|-enditem|p1a: Rhyperior|Leftovers|[from] move: Knock Off|[of] p2a: Tangrowth
|move|p1a: Rhyperior|Stealth Rock|p2a: Tangrowth
|-sidestart|p2: congelateur-sama|move: Stealth Rock
|
|upkeep
|turn|7
|
|t:|1653410561
|switch|p2a: Nidoqueen|Nidoqueen, F|100/100
|-damage|p2a: Nidoqueen|94/100|[from] Stealth Rock
|switch|p1a: Scizor|Scizor, F|100/100
|
|upkeep
|turn|8
|
|t:|1653410567
|switch|p1a: Rhyperior|Rhyperior, M|88/100
|move|p2a: Nidoqueen|Flamethrower|p1a: Rhyperior
|-resisted|p1a: Rhyperior
|-damage|p1a: Rhyperior|72/100
|
|upkeep
|turn|9
|
|t:|1653410599
|switch|p2a: Rotom|Rotom-Wash|100/100
|-damage|p2a: Rotom|88/100|[from] Stealth Rock
|switch|p1a: Thundurus|Thundurus-Therian, M|100/100
|
|-heal|p2a: Rotom|94/100|[from] item: Leftovers
|upkeep
|turn|10
|
|t:|1653410609
|move|p1a: Thundurus|Thunderbolt|p2a: Rotom
|-damage|p2a: Rotom|44/100
|move|p2a: Rotom|Hydro Pump|p1a: Thundurus
|-damage|p1a: Thundurus|51/100
|
|-heal|p2a: Rotom|50/100|[from] item: Leftovers
|upkeep
|turn|11
|
|t:|1653410615
|switch|p2a: Tangrowth|Tangrowth, M|100/100
|-damage|p2a: Tangrowth|88/100|[from] Stealth Rock
|move|p1a: Thundurus|U-turn|p2a: Tangrowth
|-supereffective|p2a: Tangrowth
|-damage|p2a: Tangrowth|70/100
|
|t:|1653410623
|switch|p1a: Skarmory|Skarmory, M|87/100|[from]move: U-turn
|
|upkeep
|turn|12
|
|t:|1653410626
|switch|p2a: Nidoqueen|Nidoqueen, F|94/100
|-damage|p2a: Nidoqueen|88/100|[from] Stealth Rock
|move|p1a: Skarmory|Spikes|p2a: Nidoqueen
|-sidestart|p2: congelateur-sama|Spikes
|
|upkeep
|turn|13
|
|t:|1653410633
|switch|p1a: Slowbro|Slowbro-Galar, F|100/100
|move|p2a: Nidoqueen|Stealth Rock|p1a: Slowbro
|-sidestart|p1: u're not alone|move: Stealth Rock
|
|upkeep
|turn|14
|
|t:|1653410636
|move|p2a: Nidoqueen|Earth Power|p1a: Slowbro
|-supereffective|p1a: Slowbro
|-damage|p1a: Slowbro|29/100
|move|p1a: Slowbro|Psyshock|p2a: Nidoqueen
|-supereffective|p2a: Nidoqueen
|-damage|p2a: Nidoqueen|15/100
|
|upkeep
|turn|15
|
|t:|1653410646
|switch|p1a: Rhyperior|Rhyperior, M|72/100
|-damage|p1a: Rhyperior|65/100|[from] Stealth Rock
|move|p2a: Nidoqueen|Flamethrower|p1a: Rhyperior
|-resisted|p1a: Rhyperior
|-damage|p1a: Rhyperior|50/100
|
|upkeep
|turn|16
|
|t:|1653410653
|move|p2a: Nidoqueen|Earth Power|p1a: Rhyperior
|-supereffective|p1a: Rhyperior
|-damage|p1a: Rhyperior|0 fnt
|faint|p1a: Rhyperior
|
|upkeep
|
|t:|1653410658
|switch|p1a: Thundurus|Thundurus-Therian, M|51/100
|turn|17
|
|t:|1653410670
|switch|p2a: Tangrowth|Tangrowth, M|100/100
|-damage|p2a: Tangrowth|88/100|[from] Stealth Rock
|-damage|p2a: Tangrowth|76/100|[from] Spikes
|move|p1a: Thundurus|Psychic|p2a: Tangrowth
|-damage|p2a: Tangrowth|52/100
|
|upkeep
|turn|18
|
|t:|1653410687
|move|p1a: Thundurus|U-turn|p2a: Tangrowth
|-supereffective|p2a: Tangrowth
|-damage|p2a: Tangrowth|34/100
|
|t:|1653410690
|switch|p1a: Skarmory|Skarmory, M|87/100|[from]move: U-turn
|-damage|p1a: Skarmory|75/100|[from] Stealth Rock
|move|p2a: Tangrowth|Knock Off|p1a: Skarmory
|-damage|p1a: Skarmory|66/100
|
|upkeep
|turn|19
|
|t:|1653410694
|switch|p1a: Thundurus|Thundurus-Therian, M|51/100
|switch|p2a: Rotom|Rotom-Wash|50/100
|-damage|p2a: Rotom|37/100|[from] Stealth Rock
|
|-heal|p2a: Rotom|44/100|[from] item: Leftovers
|upkeep
|turn|20
|
|t:|1653410714
|switch|p2a: Hydreigon|Hydreigon, F|100/100
|-damage|p2a: Hydreigon|88/100|[from] Stealth Rock
|move|p1a: Thundurus|U-turn|p2a: Hydreigon
|-supereffective|p2a: Hydreigon
|-damage|p2a: Hydreigon|52/100
|
|t:|1653410719
|switch|p1a: Slowbro|Slowbro-Galar, F|62/100|[from]move: U-turn
|-damage|p1a: Slowbro|49/100|[from] Stealth Rock
|
|upkeep
|turn|21
|
|t:|1653410724
|switch|p1a: Tapu Bulu|Tapu Bulu|100/100
|-damage|p1a: Tapu Bulu|88/100|[from] Stealth Rock
|-fieldstart|move: Grassy Terrain|[from] ability: Grassy Surge|[of] p1a: Tapu Bulu
|move|p2a: Hydreigon|U-turn|p1a: Tapu Bulu
|-damage|p1a: Tapu Bulu|78/100
|-damage|p2a: Hydreigon|36/100|[from] item: Rocky Helmet|[of] p1a: Tapu Bulu
|inactive|congelateur-sama has 270 seconds left.
|
|t:|1653410760
|switch|p2a: Azelf|Azelf|100/100|[from]move: U-turn
|
|-heal|p1a: Tapu Bulu|84/100|[from] Grassy Terrain
|upkeep
|turn|22
|
|t:|1653410771
|move|p2a: Azelf|Flamethrower|p1a: Tapu Bulu
|-supereffective|p1a: Tapu Bulu
|-crit|p1a: Tapu Bulu
|-damage|p1a: Tapu Bulu|0 fnt
|faint|p1a: Tapu Bulu
|
|upkeep
|c|☆u're not alone|bruh
|c|☆u're not alone|i was like is that specs
|c|☆u're not alone|lmao
|
|t:|1653410790
|switch|p1a: Slowbro|Slowbro-Galar, F|83/100
|-damage|p1a: Slowbro|70/100|[from] Stealth Rock
|turn|23
|inactive|congelateur-sama has 270 seconds left.
|inactive|congelateur-sama has 240 seconds left.
|
|t:|1653410851
|move|p2a: Azelf|U-turn|p1a: Slowbro
|-damage|p1a: Slowbro|55/100
|inactive|congelateur-sama has 210 seconds left.
|c|+dingbat|bonk
|
|t:|1653410878
|switch|p2a: Nidoqueen|Nidoqueen, F|15/100|[from]move: U-turn
|-damage|p2a: Nidoqueen|9/100|[from] Stealth Rock
|-damage|p2a: Nidoqueen|0 fnt|[from] Spikes
|faint|p2a: Nidoqueen
|move|p1a: Slowbro|Shell Side Arm|p2: Nidoqueen|[notarget]
|-fail|p1a: Slowbro
|
|-heal|p1a: Slowbro|61/100|[from] Grassy Terrain
|upkeep
|inactive|congelateur-sama has 180 seconds left.
|inactive|congelateur-sama has 150 seconds left.
|
|t:|1653410935
|switch|p2a: Tangrowth|Tangrowth, M|67/100
|-damage|p2a: Tangrowth|54/100|[from] Stealth Rock
|-damage|p2a: Tangrowth|42/100|[from] Spikes
|turn|24
|
|t:|1653410940
|move|p2a: Tangrowth|Knock Off|p1a: Slowbro
|-supereffective|p1a: Slowbro
|-damage|p1a: Slowbro|22/100
|-enditem|p1a: Slowbro|Assault Vest|[from] move: Knock Off|[of] p2a: Tangrowth
|move|p1a: Slowbro|Shell Side Arm|p2a: Tangrowth|[anim] Shell Side Arm Special
|-supereffective|p2a: Tangrowth
|-damage|p2a: Tangrowth|0 fnt
|-hint|Special Shell Side Arm
|faint|p2a: Tangrowth
|
|-heal|p1a: Slowbro|28/100|[from] Grassy Terrain
|upkeep
|inactive|congelateur-sama has 150 seconds left.
|
|t:|1653410953
|switch|p2a: Hydreigon|Hydreigon, F|36/100
|-damage|p2a: Hydreigon|24/100|[from] Stealth Rock
|turn|25
|
|t:|1653410974
|switch|p1a: Thundurus|Thundurus-Therian, M|51/100
|move|p2a: Hydreigon|Dark Pulse|p1a: Thundurus
|-damage|p1a: Thundurus|0 fnt
|faint|p1a: Thundurus
|
|-fieldend|move: Grassy Terrain
|upkeep
|
|t:|1653410977
|switch|p1a: Scizor|Scizor, F|100/100
|-damage|p1a: Scizor|88/100|[from] Stealth Rock
|turn|26
|
|t:|1653410981
|switch|p2a: Rotom|Rotom-Wash|44/100
|-damage|p2a: Rotom|31/100|[from] Stealth Rock
|move|p1a: Scizor|Bullet Punch|p2a: Rotom
|-resisted|p2a: Rotom
|-damage|p2a: Rotom|24/100
|
|-heal|p2a: Rotom|30/100|[from] item: Leftovers
|-heal|p1a: Scizor|94/100|[from] item: Leftovers
|upkeep
|turn|27
|
|t:|1653410985
|move|p2a: Rotom|Pain Split|p1a: Scizor
|-sethp|p1a: Scizor|60/100|[from] move: Pain Split|[silent]
|-sethp|p2a: Rotom|68/100|[from] move: Pain Split
|move|p1a: Scizor|Knock Off|p2a: Rotom
|-damage|p2a: Rotom|30/100
|-enditem|p2a: Rotom|Leftovers|[from] move: Knock Off|[of] p1a: Scizor
|
|-heal|p1a: Scizor|66/100|[from] item: Leftovers
|upkeep
|turn|28
|inactive|congelateur-sama has 180 seconds left.
|c|+Pokemonisfun|hype
|
|t:|1653411011
|move|p2a: Rotom|Defog|p1a: Scizor
|-unboost|p1a: Scizor|evasion|1
|-sideend|p1: u're not alone|Stealth Rock|[from] move: Defog|[of] p2a: Rotom
|-sideend|p2: congelateur-sama|Spikes|[from] move: Defog|[of] p2a: Rotom
|-sideend|p2: congelateur-sama|Stealth Rock|[from] move: Defog|[of] p2a: Rotom
|move|p1a: Scizor|Swords Dance|p1a: Scizor
|-boost|p1a: Scizor|atk|2
|
|-heal|p1a: Scizor|72/100|[from] item: Leftovers
|upkeep
|turn|29
|
|t:|1653411023
|move|p2a: Rotom|Volt Switch|p1a: Scizor
|-damage|p1a: Scizor|44/100
|
|t:|1653411025
|switch|p2a: Cobalion|Cobalion|100/100|[from]move: Volt Switch
|move|p1a: Scizor|Swords Dance|p1a: Scizor
|-boost|p1a: Scizor|atk|2
|
|-heal|p1a: Scizor|50/100|[from] item: Leftovers
|upkeep
|turn|30
|c|☆u're not alone|z
|inactive|congelateur-sama has 180 seconds left.
|inactive|u're not alone has 270 seconds left.
|c|+jeza.p|allez st3ve 
|inactive|u're not alone has 240 seconds left.
|
|t:|1653411109
|switch|p1a: Slowbro|Slowbro-Galar, F|61/100
|move|p2a: Cobalion|Swords Dance|p2a: Cobalion
|-boost|p2a: Cobalion|atk|2
|
|upkeep
|turn|31
|inactive|congelateur-sama has 150 seconds left.
|
|t:|1653411135
|switch|p1a: Skarmory|Skarmory, M|66/100
|move|p2a: Cobalion|Megahorn|p1a: Skarmory
|-resisted|p1a: Skarmory
|-damage|p1a: Skarmory|55/100
|
|upkeep
|turn|32
|inactive|u're not alone has 240 seconds left.
|
|t:|1653411158
|move|p2a: Cobalion|Close Combat|p1a: Skarmory
|-damage|p1a: Skarmory|0 fnt
|-unboost|p2a: Cobalion|def|1
|-unboost|p2a: Cobalion|spd|1
|faint|p1a: Skarmory
|
|upkeep
|
|t:|1653411160
|switch|p1a: Slowbro|Slowbro-Galar, F|95/100
|turn|33
|
|t:|1653411175
|switch|p2a: Rotom|Rotom-Wash|30/100
|move|p1a: Slowbro|Flamethrower|p2a: Rotom
|-resisted|p2a: Rotom
|-damage|p2a: Rotom|19/100
|
|upkeep
|turn|34
|
|t:|1653411179
|move|p2a: Rotom|Pain Split|p1a: Slowbro
|-sethp|p1a: Slowbro|55/100|[from] move: Pain Split|[silent]
|-sethp|p2a: Rotom|71/100|[from] move: Pain Split
|move|p1a: Slowbro|Future Sight|p2a: Rotom
|-start|p1a: Slowbro|move: Future Sight
|
|upkeep
|turn|35
|
|t:|1653411185
|move|p2a: Rotom|Hydro Pump|p1a: Slowbro
|-damage|p1a: Slowbro|18/100
|move|p1a: Slowbro|Shell Side Arm|p2a: Rotom|[anim] Shell Side Arm Physical
|-damage|p2a: Rotom|38/100
|-hint|Physical Shell Side Arm
|
|upkeep
|turn|36
|
|t:|1653411191
|switch|p1a: Scizor|Scizor, F|50/100
|move|p2a: Rotom|Volt Switch|p1a: Scizor
|-damage|p1a: Scizor|21/100
|
|t:|1653411192
|switch|p2a: Hydreigon|Hydreigon, F|24/100|[from]move: Volt Switch
|
|-end|p2a: Hydreigon|move: Future Sight
|-immune|p2a: Hydreigon
|-heal|p1a: Scizor|27/100|[from] item: Leftovers
|upkeep
|turn|37
|
|t:|1653411196
|move|p1a: Scizor|Bullet Punch|p2a: Hydreigon
|-crit|p2a: Hydreigon
|-damage|p2a: Hydreigon|0 fnt
|faint|p2a: Hydreigon
|
|-heal|p1a: Scizor|33/100|[from] item: Leftovers
|upkeep
|
|t:|1653411198
|switch|p2a: Cobalion|Cobalion|100/100
|turn|38
|
|t:|1653411204
|switch|p1a: Slowbro|Slowbro-Galar, F|52/100
|move|p2a: Cobalion|Swords Dance|p2a: Cobalion
|-boost|p2a: Cobalion|atk|2
|
|upkeep
|turn|39
|
|t:|1653411208
|move|p2a: Cobalion|Megahorn|p1a: Slowbro|[miss]
|-miss|p2a: Cobalion|p1a: Slowbro
|move|p1a: Slowbro|Flamethrower|p2a: Cobalion
|-supereffective|p2a: Cobalion
|-damage|p2a: Cobalion|40/100
|
|upkeep
|turn|40
|
|t:|1653411211
|move|p2a: Cobalion|Megahorn|p1a: Slowbro
|-damage|p1a: Slowbro|0 fnt
|faint|p1a: Slowbro
|
|upkeep
|c|☆u're not alone|gg
|-message|u're not alone forfeited.
|
|win|congelateur-sama
|c|☆congelateur-sama|gg
