|inactive|Battle timer is ON: inactive players will automatically lose when time's up.
|t:|1645392303
|gametype|singles
|player|p1|thekingkarp|caitlin|
|player|p2|KSt3ve|169|
|teamsize|p1|6
|teamsize|p2|6
|gen|8
|tier|[Gen 8] UU
|rule|Sleep Clause Mod: Limit one foe put to sleep
|rule|Species Clause: Limit one of each Pokémon
|rule|OHKO Clause: OHKO moves are banned
|rule|Evasion Moves Clause: Evasion moves are banned
|rule|Endless Battle Clause: Forcing endless battles is banned
|rule|HP Percentage Mod: HP is shown in percentages
|rule|Dynamax Clause: You cannot dynamax
|clearpoke
|poke|p1|Nihilego|
|poke|p1|Hydreigon, F|
|poke|p1|Krookodile, M|
|poke|p1|Aegislash, M|
|poke|p1|Starmie|
|poke|p1|Lycanroc-Dusk, M|
|poke|p2|Aegislash, F|
|poke|p2|Tapu Bulu|
|poke|p2|Conkeldurr, M|
|poke|p2|Moltres-Galar|
|poke|p2|Jirachi|
|poke|p2|Swampert, M|
|teampreview
|inactive|thekingkarp also wants the timer to be on.
|c|☆KSt3ve|hf
|c|☆thekingkarp|u2 bro
|c|☆KSt3ve|ty
|inactive|KSt3ve has 270 seconds left.
|
|t:|1645392348
|start
|switch|p1a: Krookodile|Krookodile, M|100/100
|switch|p2a: Conkeldurr|Conkeldurr, M|100/100
|-ability|p1a: Krookodile|Intimidate|boost
|-unboost|p2a: Conkeldurr|atk|1
|turn|1
|
|t:|1645392351
|move|p1a: Krookodile|Knock Off|p2a: Conkeldurr
|-resisted|p2a: Conkeldurr
|-damage|p2a: Conkeldurr|79/100
|-enditem|p2a: Conkeldurr|Leftovers|[from] move: Knock Off|[of] p1a: Krookodile
|move|p2a: Conkeldurr|Drain Punch|p1a: Krookodile
|-supereffective|p1a: Krookodile
|-damage|p1a: Krookodile|40/100
|-heal|p2a: Conkeldurr|100/100|[from] drain|[of] p1a: Krookodile
|
|-heal|p1a: Krookodile|46/100|[from] item: Leftovers
|upkeep
|turn|2
|
|t:|1645392371
|switch|p1a: Starmie|Starmie|100/100
|move|p2a: Conkeldurr|Drain Punch|p1a: Starmie
|-resisted|p1a: Starmie
|-damage|p1a: Starmie|86/100
|
|upkeep
|turn|3
|c|+pokemonisfun|steve steve we believe, Steve Steve can achieve!
|inactive|KSt3ve has 270 seconds left.
|
|t:|1645392404
|switch|p1a: Krookodile|Krookodile, M|46/100
|-ability|p1a: Krookodile|Intimidate|boost
|-unboost|p2a: Conkeldurr|atk|1
|move|p2a: Conkeldurr|Knock Off|p1a: Krookodile
|-resisted|p1a: Krookodile
|-damage|p1a: Krookodile|36/100
|-enditem|p1a: Krookodile|Leftovers|[from] move: Knock Off|[of] p2a: Conkeldurr
|
|upkeep
|turn|4
|
|t:|1645392421
|move|p1a: Krookodile|Stealth Rock|p2a: Conkeldurr
|-sidestart|p2: KSt3ve|move: Stealth Rock
|move|p2a: Conkeldurr|Drain Punch|p1a: Krookodile
|-supereffective|p1a: Krookodile
|-damage|p1a: Krookodile|0 fnt
|faint|p1a: Krookodile
|
|upkeep
|
|t:|1645392429
|switch|p1a: Starmie|Starmie|86/100
|turn|5
|inactive|KSt3ve has 270 seconds left.
|
|t:|1645392464
|switch|p2a: Moltres|Moltres-Galar|100/100
|move|p1a: Starmie|Psyshock|p2a: Moltres
|-immune|p2a: Moltres
|
|upkeep
|turn|6
|inactive|KSt3ve has 240 seconds left.
|
|t:|1645392489
|switch|p1a: Nihilego|Nihilego|100/100
|switch|p2a: Conkeldurr|Conkeldurr, M|100/100
|-damage|p2a: Conkeldurr|94/100|[from] Stealth Rock
|
|upkeep
|turn|7
|
|t:|1645392501
|switch|p1a: Starmie|Starmie|86/100
|move|p2a: Conkeldurr|Drain Punch|p1a: Starmie
|-resisted|p1a: Starmie
|-damage|p1a: Starmie|63/100
|-heal|p2a: Conkeldurr|100/100|[from] drain|[of] p1a: Starmie
|
|upkeep
|turn|8
|
|t:|1645392517
|move|p1a: Starmie|Scald|p2a: Conkeldurr
|-damage|p2a: Conkeldurr|78/100
|-status|p2a: Conkeldurr|brn
|move|p2a: Conkeldurr|Knock Off|p1a: Starmie
|-supereffective|p1a: Starmie
|-damage|p1a: Starmie|0 fnt
|-enditem|p1a: Starmie|Heavy-Duty Boots|[from] move: Knock Off|[of] p2a: Conkeldurr
|faint|p1a: Starmie
|
|-damage|p2a: Conkeldurr|72/100 brn|[from] brn
|upkeep
|
|t:|1645392528
|switch|p1a: Nihilego|Nihilego|100/100
|turn|9
|inactive|KSt3ve has 270 seconds left.
|
|t:|1645392546
|move|p1a: Nihilego|Sludge Wave|p2a: Conkeldurr
|-damage|p2a: Conkeldurr|35/100 brn
|move|p2a: Conkeldurr|Drain Punch|p1a: Nihilego
|-damage|p1a: Nihilego|7/100
|-heal|p2a: Conkeldurr|78/100 brn|[from] drain|[of] p1a: Nihilego
|
|-damage|p2a: Conkeldurr|72/100 brn|[from] brn
|upkeep
|turn|10
|
|t:|1645392554
|move|p1a: Nihilego|Meteor Beam||[still]
|-prepare|p1a: Nihilego|Meteor Beam
|-boost|p1a: Nihilego|spa|1
|-enditem|p1a: Nihilego|Power Herb
|-anim|p1a: Nihilego|Meteor Beam|p2a: Conkeldurr|[miss]
|-miss|p1a: Nihilego|p2a: Conkeldurr
|move|p2a: Conkeldurr|Knock Off|p1a: Nihilego
|-damage|p1a: Nihilego|0 fnt
|faint|p1a: Nihilego
|
|-damage|p2a: Conkeldurr|66/100 brn|[from] brn
|upkeep
|
|t:|1645392557
|switch|p1a: Aegislash|Aegislash, M|100/100
|turn|11
|c|☆KSt3ve|mb
|c|☆thekingkarp|nah youre good
|inactive|KSt3ve has 270 seconds left.
|
|t:|1645392580
|switch|p2a: Moltres|Moltres-Galar|100/100
|-formechange|p1a: Aegislash|Aegislash-Blade||[from] ability: Stance Change
|move|p1a: Aegislash|Shadow Ball|p2a: Moltres
|-resisted|p2a: Moltres
|-damage|p2a: Moltres|88/100
|
|upkeep
|turn|12
|
|t:|1645392586
|move|p2a: Moltres|Fiery Wrath|p1a: Aegislash
|-supereffective|p1a: Aegislash
|-damage|p1a: Aegislash|20/100
|move|p1a: Aegislash|Toxic|p2a: Moltres
|-status|p2a: Moltres|tox
|
|-heal|p1a: Aegislash|26/100|[from] item: Leftovers
|-damage|p2a: Moltres|82/100 tox|[from] psn
|upkeep
|turn|13
|inactive|KSt3ve has 270 seconds left.
|
|t:|1645392599
|switch|p1a: Hydreigon|Hydreigon, F|100/100
|move|p2a: Moltres|Rest|p2a: Moltres
|-status|p2a: Moltres|slp|[from] move: Rest
|-heal|p2a: Moltres|100/100 slp|[silent]
|
|upkeep
|turn|14
|
|t:|1645392603
|move|p1a: Hydreigon|U-turn|p2a: Moltres
|-damage|p2a: Moltres|84/100 slp
|
|t:|1645392606
|switch|p1a: Lycanroc|Lycanroc-Dusk, M|100/100|[from]move: U-turn
|cant|p2a: Moltres|slp
|move|p2a: Moltres|Sleep Talk|p2a: Moltres
|move|p2a: Moltres|Rest||[from]move: Sleep Talk|[still]
|-fail|p2a: Moltres
|
|upkeep
|turn|15
|
|t:|1645392611
|switch|p2a: Tapu Bulu|Tapu Bulu|100/100
|-damage|p2a: Tapu Bulu|88/100|[from] Stealth Rock
|-fieldstart|move: Grassy Terrain|[from] ability: Grassy Surge|[of] p2a: Tapu Bulu
|move|p1a: Lycanroc|Stone Edge|p2a: Tapu Bulu
|-damage|p2a: Tapu Bulu|46/100
|-damage|p1a: Lycanroc|91/100|[from] item: Life Orb
|
|-heal|p1a: Lycanroc|97/100|[from] Grassy Terrain
|-heal|p2a: Tapu Bulu|52/100|[from] Grassy Terrain
|upkeep
|turn|16
|
|t:|1645392615
|switch|p1a: Aegislash|Aegislash, M|26/100
|move|p2a: Tapu Bulu|Horn Leech|p1a: Aegislash
|-resisted|p1a: Aegislash
|-damage|p1a: Aegislash|9/100
|-heal|p2a: Tapu Bulu|60/100|[from] drain|[of] p1a: Aegislash
|
|-heal|p2a: Tapu Bulu|66/100|[from] Grassy Terrain
|-heal|p1a: Aegislash|15/100|[from] Grassy Terrain
|-heal|p1a: Aegislash|21/100|[from] item: Leftovers
|upkeep
|turn|17
|
|t:|1645392622
|switch|p2a: Swampert|Swampert, M|100/100
|-damage|p2a: Swampert|94/100|[from] Stealth Rock
|switch|p1a: Lycanroc|Lycanroc-Dusk, M|97/100
|
|-heal|p1a: Lycanroc|100/100|[from] Grassy Terrain
|-heal|p2a: Swampert|100/100|[from] Grassy Terrain
|upkeep
|turn|18
|
|t:|1645392628
|switch|p1a: Hydreigon|Hydreigon, F|100/100
|move|p2a: Swampert|Stealth Rock|p1a: Hydreigon
|-sidestart|p1: thekingkarp|move: Stealth Rock
|
|upkeep
|turn|19
|
|t:|1645392639
|move|p1a: Hydreigon|Draco Meteor|p2a: Swampert|[miss]
|-miss|p1a: Hydreigon|p2a: Swampert
|move|p2a: Swampert|Toxic|p1a: Hydreigon
|-status|p1a: Hydreigon|tox
|
|-damage|p1a: Hydreigon|94/100 tox|[from] psn
|-fieldend|move: Grassy Terrain
|upkeep
|turn|20
|
|t:|1645392647
|switch|p1a: Aegislash|Aegislash, M|21/100
|-damage|p1a: Aegislash|15/100|[from] Stealth Rock
|switch|p2a: Tapu Bulu|Tapu Bulu|66/100
|-damage|p2a: Tapu Bulu|54/100|[from] Stealth Rock
|-fieldstart|move: Grassy Terrain|[from] ability: Grassy Surge|[of] p2a: Tapu Bulu
|
|-heal|p2a: Tapu Bulu|60/100|[from] Grassy Terrain
|-heal|p1a: Aegislash|21/100|[from] Grassy Terrain
|-heal|p1a: Aegislash|27/100|[from] item: Leftovers
|upkeep
|turn|21
|
|t:|1645392650
|switch|p2a: Moltres|Moltres-Galar|84/100 slp
|move|p1a: Aegislash|Toxic||[still]
|-fail|p1a: Aegislash
|
|-heal|p1a: Aegislash|34/100|[from] Grassy Terrain
|-heal|p1a: Aegislash|40/100|[from] item: Leftovers
|upkeep
|turn|22
|
|t:|1645392655
|switch|p1a: Lycanroc|Lycanroc-Dusk, M|100/100
|-damage|p1a: Lycanroc|88/100|[from] Stealth Rock
|cant|p2a: Moltres|slp
|move|p2a: Moltres|Sleep Talk|p2a: Moltres
|move|p2a: Moltres|Hurricane|p1a: Lycanroc|[from]move: Sleep Talk|[miss]
|-miss|p2a: Moltres|p1a: Lycanroc
|
|-heal|p1a: Lycanroc|94/100|[from] Grassy Terrain
|upkeep
|turn|23
|inactive|KSt3ve has 270 seconds left.
|
|t:|1645392687
|switch|p2a: Tapu Bulu|Tapu Bulu|60/100
|-damage|p2a: Tapu Bulu|47/100|[from] Stealth Rock
|move|p1a: Lycanroc|Crunch|p2a: Tapu Bulu
|-resisted|p2a: Tapu Bulu
|-crit|p2a: Tapu Bulu
|-damage|p2a: Tapu Bulu|26/100
|-damage|p1a: Lycanroc|78/100|[from] item: Rocky Helmet|[of] p2a: Tapu Bulu
|-damage|p1a: Lycanroc|68/100|[from] item: Life Orb
|
|-heal|p1a: Lycanroc|74/100|[from] Grassy Terrain
|-heal|p2a: Tapu Bulu|32/100|[from] Grassy Terrain
|upkeep
|turn|24
|inactive|KSt3ve has 270 seconds left.
|
|t:|1645392697
|move|p1a: Lycanroc|Stone Edge|p2a: Tapu Bulu|[miss]
|-miss|p1a: Lycanroc|p2a: Tapu Bulu
|move|p2a: Tapu Bulu|Horn Leech|p1a: Lycanroc
|-supereffective|p1a: Lycanroc
|-damage|p1a: Lycanroc|0 fnt
|-heal|p2a: Tapu Bulu|63/100|[from] drain|[of] p1a: Lycanroc
|faint|p1a: Lycanroc
|
|-heal|p2a: Tapu Bulu|69/100|[from] Grassy Terrain
|-fieldend|move: Grassy Terrain
|upkeep
|c|☆KSt3ve|rip mb
|c|☆thekingkarp|all g makes up for g1
|c|☆thekingkarp|ggs bro had fun (minus g2 ;))
|-message|thekingkarp forfeited.
|
|win|KSt3ve
