|inactive|Battle timer is ON: inactive players will automatically lose when time's up.
|t:|1662231541
|gametype|singles
|player|p1|Amane Misa|#amanemisa|
|player|p2|Adaam|#uutrio2ladder|
|teamsize|p1|6
|teamsize|p2|6
|gen|8
|tier|[Gen 8] UU
|rule|Sleep Clause Mod: Limit one foe put to sleep
|rule|Species Clause: Limit one of each Pokémon
|rule|OHKO Clause: OHKO moves are banned
|rule|Evasion Items Clause: Evasion items are banned
|rule|Evasion Moves Clause: Evasion moves are banned
|rule|Endless Battle Clause: Forcing endless battles is banned
|rule|HP Percentage Mod: HP is shown in percentages
|rule|Dynamax Clause: You cannot dynamax
|clearpoke
|poke|p1|Zarude-Dada|
|poke|p1|Mamoswine, F|
|poke|p1|Cobalion|
|poke|p1|Salamence, M|
|poke|p1|Primarina, F|
|poke|p1|Azelf|
|poke|p2|Jirachi|
|poke|p2|Tangrowth, F|
|poke|p2|Primarina, F|
|poke|p2|Zygarde-10%|
|poke|p2|Krookodile, M|
|poke|p2|Moltres|
|teampreview
|c|☆Adaam|hf
|c|☆Amane Misa|hf
|inactive|Amane Misa has 270 seconds left.
|inactive|Adaam has 270 seconds left.
|inactive|Amane Misa has 240 seconds left.
|inactive|Adaam has 240 seconds left.
|inactive|Amane Misa has 210 seconds left.
|inactive|Adaam has 210 seconds left.
|inactive|Amane Misa has 180 seconds left.
|c|+pokemonisfun|lapras go
|c|+pokemonisfun|misa go
|
|t:|1662231676
|start
|switch|p1a: Afelz|Azelf|100/100
|switch|p2a: santerina|Primarina, F, shiny|100/100
|turn|1
|c|+pokemonisfun|but adaam is love >:
|
|t:|1662231685
|move|p1a: Afelz|Energy Ball|p2a: santerina
|-supereffective|p2a: santerina
|-damage|p2a: santerina|43/100
|move|p2a: santerina|Moonblast|p1a: Afelz
|-damage|p1a: Afelz|43/100
|
|-heal|p2a: santerina|49/100|[from] item: Leftovers
|upkeep
|turn|2
|inactive|Adaam has 270 seconds left.
|inactive|Amane Misa has 240 seconds left.
|
|t:|1662231704
|switch|p2a: mol triple|Moltres|100/100
|move|p1a: Afelz|U-turn|p2a: mol triple
|-resisted|p2a: mol triple
|-damage|p2a: mol triple|96/100
|inactive|Amane Misa has 240 seconds left.
|
|t:|1662231726
|switch|p1a: Rimaprina|Primarina, F|100/100|[from]move: U-turn
|
|upkeep
|turn|3
|inactive|Adaam has 270 seconds left.
|
|t:|1662231741
|switch|p2a: tang!|Tangrowth, F|100/100
|move|p1a: Rimaprina|Scald|p2a: tang!
|-resisted|p2a: tang!
|-damage|p2a: tang!|85/100
|-status|p2a: tang!|brn
|
|-damage|p2a: tang!|79/100 brn|[from] brn
|upkeep
|turn|4
|
|t:|1662231758
|switch|p1a: Malasence|Salamence, M|100/100
|-ability|p1a: Malasence|Intimidate|boost
|-unboost|p2a: tang!|atk|1
|move|p2a: tang!|Focus Blast|p1a: Malasence|[miss]
|-miss|p2a: tang!|p1a: Malasence
|
|-damage|p2a: tang!|73/100 brn|[from] brn
|upkeep
|turn|5
|inactive|Adaam has 240 seconds left.
|inactive|Amane Misa has 240 seconds left.
|
|t:|1662231816
|switch|p2a: mol triple|Moltres|96/100
|move|p1a: Malasence|Hurricane|p2a: mol triple
|-damage|p2a: mol triple|50/100
|-start|p2a: mol triple|confusion
|
|upkeep
|turn|6
|inactive|Amane Misa has 240 seconds left.
|
|t:|1662231834
|switch|p1a: Bocalion|Cobalion|100/100
|switch|p2a: flinchinator|Jirachi|100/100
|
|upkeep
|turn|7
|
|t:|1662231849
|move|p2a: flinchinator|Trick|p1a: Bocalion
|-activate|p2a: flinchinator|move: Trick|[of] p1a: Bocalion
|-item|p1a: Bocalion|Choice Scarf|[from] move: Trick
|-item|p2a: flinchinator|Rocky Helmet|[from] move: Trick
|move|p1a: Bocalion|Close Combat|p2a: flinchinator
|-damage|p2a: flinchinator|54/100
|-unboost|p1a: Bocalion|def|1
|-unboost|p1a: Bocalion|spd|1
|-damage|p1a: Bocalion|84/100|[from] item: Rocky Helmet|[of] p2a: flinchinator
|
|upkeep
|turn|8
|inactive|Amane Misa has 240 seconds left.
|
|t:|1662231865
|switch|p1a: Rimaprina|Primarina, F|100/100
|move|p2a: flinchinator|U-turn|p1a: Rimaprina
|-resisted|p1a: Rimaprina
|-damage|p1a: Rimaprina|88/100
|inactive|Adaam has 210 seconds left.
|
|t:|1662231891
|switch|p2a: tang!|Tangrowth, F|100/100 brn|[from]move: U-turn
|
|-heal|p1a: Rimaprina|94/100|[from] item: Leftovers
|-damage|p2a: tang!|94/100 brn|[from] brn
|upkeep
|turn|9
|inactive|Adaam has 210 seconds left.
|
|t:|1662231901
|move|p1a: Rimaprina|Moonblast|p2a: tang!
|-damage|p2a: tang!|59/100 brn
|-unboost|p2a: tang!|spa|1
|move|p2a: tang!|Sludge Bomb|p1a: Rimaprina
|-supereffective|p1a: Rimaprina
|-damage|p1a: Rimaprina|69/100
|
|-heal|p1a: Rimaprina|75/100|[from] item: Leftovers
|-damage|p2a: tang!|52/100 brn|[from] brn
|upkeep
|turn|10
|inactive|Adaam has 210 seconds left.
|
|t:|1662231915
|switch|p1a: Malasence|Salamence, M|100/100
|-ability|p1a: Malasence|Intimidate|boost
|-unboost|p2a: tang!|atk|1
|switch|p2a: flinchinator|Jirachi|54/100
|
|upkeep
|turn|11
|inactive|Adaam has 210 seconds left.
|inactive|Adaam has 180 seconds left.
|inactive|Amane Misa has 240 seconds left.
|
|t:|1662231963
|move|p1a: Malasence|Hurricane|p2a: flinchinator
|-resisted|p2a: flinchinator
|-damage|p2a: flinchinator|32/100
|move|p2a: flinchinator|Iron Head|p1a: Malasence
|-damage|p1a: Malasence|65/100
|
|upkeep
|turn|12
|inactive|Adaam has 180 seconds left.
|inactive|Amane Misa has 240 seconds left.
|inactive|Adaam has 150 seconds left.
|
|t:|1662232005
|move|p1a: Malasence|Hurricane|p2a: flinchinator
|-resisted|p2a: flinchinator
|-damage|p2a: flinchinator|10/100
|move|p2a: flinchinator|Iron Head|p1a: Malasence
|-damage|p1a: Malasence|29/100
|
|upkeep
|turn|13
|inactive|Adaam has 150 seconds left.
|
|t:|1662232012
|switch|p1a: Bocalion|Cobalion|84/100
|move|p2a: flinchinator|U-turn|p1a: Bocalion
|-resisted|p1a: Bocalion
|-damage|p1a: Bocalion|80/100
|inactive|Adaam has 150 seconds left.
|
|t:|1662232032
|switch|p2a: in a while|Krookodile, M, shiny|100/100|[from]move: U-turn
|-ability|p2a: in a while|Intimidate|boost
|-unboost|p1a: Bocalion|atk|1
|
|upkeep
|turn|14
|
|t:|1662232038
|move|p1a: Bocalion|Stealth Rock|p2a: in a while
|-sidestart|p2: Adaam|move: Stealth Rock
|move|p2a: in a while|Stealth Rock|p1a: Bocalion
|-sidestart|p1: Amane Misa|move: Stealth Rock
|
|upkeep
|turn|15
|inactive|Adaam has 150 seconds left.
|inactive|Amane Misa has 240 seconds left.
|
|t:|1662232066
|switch|p1a: Daruze|Zarude-Dada|100/100
|-damage|p1a: Daruze|88/100|[from] Stealth Rock
|switch|p2a: mol triple|Moltres|50/100
|
|-heal|p1a: Daruze|94/100|[from] item: Leftovers
|upkeep
|turn|16
|
|t:|1662232072
|switch|p1a: Rimaprina|Primarina, F|75/100
|-damage|p1a: Rimaprina|62/100|[from] Stealth Rock
|move|p2a: mol triple|Roost|p2a: mol triple
|-heal|p2a: mol triple|100/100
|-singleturn|p2a: mol triple|move: Roost
|
|-heal|p1a: Rimaprina|68/100|[from] item: Leftovers
|upkeep
|turn|17
|inactive|Adaam has 120 seconds left.
|
|t:|1662232122
|move|p2a: mol triple|Toxic|p1a: Rimaprina
|-status|p1a: Rimaprina|tox
|move|p1a: Rimaprina|Scald|p2a: mol triple
|-supereffective|p2a: mol triple
|-damage|p2a: mol triple|7/100
|
|-heal|p1a: Rimaprina|75/100 tox|[from] item: Leftovers
|-damage|p1a: Rimaprina|68/100 tox|[from] psn
|upkeep
|turn|18
|
|t:|1662232127
|switch|p2a: tang!|Tangrowth, F|86/100 brn
|-damage|p2a: tang!|73/100 brn|[from] Stealth Rock
|move|p1a: Rimaprina|Moonblast|p2a: tang!
|-damage|p2a: tang!|36/100 brn
|-unboost|p2a: tang!|spa|1
|
|-heal|p1a: Rimaprina|75/100 tox|[from] item: Leftovers
|-damage|p1a: Rimaprina|62/100 tox|[from] psn
|-damage|p2a: tang!|30/100 brn|[from] brn
|upkeep
|turn|19
|
|t:|1662232136
|move|p1a: Rimaprina|Moonblast|p2a: tang!
|-damage|p2a: tang!|0 fnt
|faint|p2a: tang!
|
|-heal|p1a: Rimaprina|68/100 tox|[from] item: Leftovers
|-damage|p1a: Rimaprina|50/100 tox|[from] psn
|upkeep
|
|t:|1662232139
|switch|p2a: zyggy stardust|Zygarde-10%|100/100
|-damage|p2a: zyggy stardust|94/100|[from] Stealth Rock
|-ability|p2a: zyggy stardust|Aura Break
|turn|20
|
|t:|1662232148
|switch|p1a: Malasence|Salamence, M|29/100
|-ability|p1a: Malasence|Intimidate|boost
|-unboost|p2a: zyggy stardust|atk|1
|move|p2a: zyggy stardust|Thousand Arrows|p1a: Malasence
|-damage|p1a: Malasence|0 fnt
|faint|p1a: Malasence
|
|upkeep
|
|t:|1662232150
|switch|p1a: Swamomine|Mamoswine, F|100/100
|-damage|p1a: Swamomine|88/100|[from] Stealth Rock
|turn|21
|
|t:|1662232156
|switch|p2a: flinchinator|Jirachi|10/100
|-damage|p2a: flinchinator|4/100|[from] Stealth Rock
|move|p1a: Swamomine|Icicle Crash|p2a: flinchinator|[miss]
|-miss|p1a: Swamomine|p2a: flinchinator
|
|upkeep
|turn|22
|
|t:|1662232162
|move|p1a: Swamomine|Icicle Crash|p2a: flinchinator
|-resisted|p2a: flinchinator
|-damage|p2a: flinchinator|0 fnt
|faint|p2a: flinchinator
|
|upkeep
|
|t:|1662232166
|switch|p2a: santerina|Primarina, F, shiny|49/100
|-damage|p2a: santerina|37/100|[from] Stealth Rock
|turn|23
|
|t:|1662232169
|switch|p1a: Rimaprina|Primarina, F|50/100 tox
|-damage|p1a: Rimaprina|38/100 tox|[from] Stealth Rock
|move|p2a: santerina|Rest|p2a: santerina
|-status|p2a: santerina|slp|[from] move: Rest
|-heal|p2a: santerina|100/100 slp|[silent]
|
|-heal|p1a: Rimaprina|44/100 tox|[from] item: Leftovers
|-damage|p1a: Rimaprina|38/100 tox|[from] psn
|upkeep
|turn|24
|inactive|Adaam has 150 seconds left.
|
|t:|1662232195
|move|p1a: Rimaprina|Energy Ball|p2a: santerina
|-supereffective|p2a: santerina
|-damage|p2a: santerina|46/100 slp
|-unboost|p2a: santerina|spd|1
|cant|p2a: santerina|slp
|move|p2a: santerina|Snore|p1a: Rimaprina
|-resisted|p1a: Rimaprina
|-damage|p1a: Rimaprina|28/100 tox
|
|-heal|p1a: Rimaprina|34/100 tox|[from] item: Leftovers
|-heal|p2a: santerina|52/100 slp|[from] item: Leftovers
|-damage|p1a: Rimaprina|22/100 tox|[from] psn
|upkeep
|turn|25
|inactive|Adaam has 120 seconds left.
|
|t:|1662232246
|switch|p2a: mol triple|Moltres|7/100
|move|p1a: Rimaprina|Moonblast|p2a: mol triple
|-resisted|p2a: mol triple
|-damage|p2a: mol triple|0 fnt
|faint|p2a: mol triple
|
|-heal|p1a: Rimaprina|28/100 tox|[from] item: Leftovers
|-damage|p1a: Rimaprina|9/100 tox|[from] psn
|upkeep
|inactive|Adaam has 90 seconds left.
|
|t:|1662232256
|switch|p2a: in a while|Krookodile, M, shiny|100/100
|-damage|p2a: in a while|94/100|[from] Stealth Rock
|-ability|p2a: in a while|Intimidate|boost
|-unboost|p1a: Rimaprina|atk|1
|turn|26
|
|t:|1662232259
|move|p2a: in a while|Knock Off|p1a: Rimaprina
|-resisted|p1a: Rimaprina
|-damage|p1a: Rimaprina|0 fnt
|-enditem|p1a: Rimaprina|Leftovers|[from] move: Knock Off|[of] p2a: in a while
|faint|p1a: Rimaprina
|
|-heal|p2a: in a while|100/100|[from] item: Leftovers
|upkeep
|
|t:|1662232262
|switch|p1a: Daruze|Zarude-Dada|94/100
|-damage|p1a: Daruze|82/100|[from] Stealth Rock
|turn|27
|
|t:|1662232274
|move|p1a: Daruze|Power Whip|p2a: in a while
|-supereffective|p2a: in a while
|-damage|p2a: in a while|0 fnt
|faint|p2a: in a while
|
|-heal|p1a: Daruze|88/100|[from] item: Leftovers
|upkeep
|
|t:|1662232281
|switch|p2a: zyggy stardust|Zygarde-10%|94/100
|-damage|p2a: zyggy stardust|88/100|[from] Stealth Rock
|-ability|p2a: zyggy stardust|Aura Break
|turn|28
|
|t:|1662232295
|switch|p1a: Afelz|Azelf|43/100
|-damage|p1a: Afelz|30/100|[from] Stealth Rock
|move|p2a: zyggy stardust|Outrage|p1a: Afelz
|-damage|p1a: Afelz|0 fnt
|faint|p1a: Afelz
|
|upkeep
|
|t:|1662232296
|switch|p1a: Swamomine|Mamoswine, F|88/100
|-damage|p1a: Swamomine|76/100|[from] Stealth Rock
|turn|29
|
|t:|1662232299
|move|p1a: Swamomine|Earthquake|p2a: zyggy stardust
|-damage|p2a: zyggy stardust|0 fnt
|faint|p2a: zyggy stardust
|
|upkeep
|
|t:|1662232300
|switch|p2a: santerina|Primarina, F, shiny|52/100 slp
|-damage|p2a: santerina|39/100 slp|[from] Stealth Rock
|turn|30
|
|t:|1662232301
|move|p1a: Swamomine|Earthquake|p2a: santerina
|-damage|p2a: santerina|0 fnt
|faint|p2a: santerina
|
|win|Amane Misa
|c|☆Adaam|gg
|c|☆Amane Misa|gg
