|inactive|Battle timer is ON: inactive players will automatically lose when time's up.
|t:|1666374396
|gametype|singles
|player|p1|Mimilucha|ethan-masters|
|player|p2|corperaten|265|
|teamsize|p1|6
|teamsize|p2|6
|gen|8
|tier|[Gen 8] UU
|rule|Sleep Clause Mod: Limit one foe put to sleep
|rule|Species Clause: Limit one of each Pokémon
|rule|OHKO Clause: OHKO moves are banned
|rule|Evasion Items Clause: Evasion items are banned
|rule|Evasion Moves Clause: Evasion moves are banned
|rule|Endless Battle Clause: Forcing endless battles is banned
|rule|HP Percentage Mod: HP is shown in percentages
|rule|Dynamax Clause: You cannot dynamax
|clearpoke
|poke|p1|Jirachi|
|poke|p1|Conkeldurr, F|
|poke|p1|Zygarde-10%|
|poke|p1|Rotom-Wash|
|poke|p1|Salamence, M|
|poke|p1|Chansey, F|
|poke|p2|Slowking, F|
|poke|p2|Scizor, F|
|poke|p2|Togekiss, F|
|poke|p2|Excadrill, M|
|poke|p2|Hydreigon, F|
|poke|p2|Conkeldurr, F|
|teampreview
|inactive|Mimilucha also wants the timer to be on.
|c|☆corperaten|hf
|c|☆Mimilucha|hf
|inactive|Mimilucha has 270 seconds left.
|inactive|corperaten has 270 seconds left.
|
|t:|1666374456
|start
|switch|p1a: Rotom|Rotom-Wash|100/100
|switch|p2a: Excadrill|Excadrill, M|100/100
|-ability|p2a: Excadrill|Mold Breaker
|turn|1
|inactive|Mimilucha has 270 seconds left.
|
|t:|1666374489
|switch|p1a: Conkeldurr|Conkeldurr, F|100/100
|move|p2a: Excadrill|Earthquake|p1a: Conkeldurr
|-crit|p1a: Conkeldurr
|-damage|p1a: Conkeldurr|22/100
|
|-status|p1a: Conkeldurr|brn|[from] item: Flame Orb
|upkeep
|turn|2
|
|t:|1666374499
|switch|p2a: Togekiss|Togekiss, F|100/100
|switch|p1a: Salamence|Salamence, M|100/100
|-ability|p1a: Salamence|Intimidate|boost
|-unboost|p2a: Togekiss|atk|1
|
|upkeep
|turn|3
|
|t:|1666374515
|switch|p1a: Jirachi|Jirachi|100/100
|switch|p2a: Excadrill|Excadrill, M|100/100
|-ability|p2a: Excadrill|Mold Breaker
|
|upkeep
|turn|4
|
|t:|1666374520
|switch|p1a: Salamence|Salamence, M|100/100
|-ability|p1a: Salamence|Intimidate|boost
|-unboost|p2a: Excadrill|atk|1
|move|p2a: Excadrill|Stealth Rock|p1a: Salamence
|-sidestart|p1: Mimilucha|move: Stealth Rock
|
|upkeep
|turn|5
|
|t:|1666374531
|move|p2a: Excadrill|Iron Head|p1a: Salamence
|-damage|p1a: Salamence|76/100
|move|p1a: Salamence|Defog|p2a: Excadrill
|-unboost|p2a: Excadrill|evasion|1
|-sideend|p1: Mimilucha|Stealth Rock|[from] move: Defog|[of] p1a: Salamence
|
|upkeep
|turn|6
|
|t:|1666374535
|switch|p2a: Slowking|Slowking, F|100/100
|move|p1a: Salamence|Roost|p1a: Salamence
|-heal|p1a: Salamence|100/100
|-singleturn|p1a: Salamence|move: Roost
|
|upkeep
|turn|7
|
|t:|1666374542
|switch|p1a: Jirachi|Jirachi|100/100
|move|p2a: Slowking|Scald|p1a: Jirachi
|-crit|p1a: Jirachi
|-damage|p1a: Jirachi|71/100
|
|-heal|p1a: Jirachi|77/100|[from] item: Leftovers
|upkeep
|turn|8
|
|t:|1666374546
|move|p1a: Jirachi|Wish|p1a: Jirachi
|move|p2a: Slowking|Scald|p1a: Jirachi
|-damage|p1a: Jirachi|60/100
|
|-heal|p1a: Jirachi|66/100|[from] item: Leftovers
|upkeep
|turn|9
|
|t:|1666374550
|move|p1a: Jirachi|Protect|p1a: Jirachi
|-singleturn|p1a: Jirachi|Protect
|move|p2a: Slowking|Teleport|p2a: Slowking
|
|t:|1666374560
|switch|p2a: Conkeldurr|Conkeldurr, F|100/100|[from]move: Teleport
|
|-heal|p1a: Jirachi|100/100|[from] move: Wish|[wisher] Jirachi
|-status|p2a: Conkeldurr|brn|[from] item: Flame Orb
|upkeep
|turn|10
|
|t:|1666374567
|move|p1a: Jirachi|U-turn|p2a: Conkeldurr
|-resisted|p2a: Conkeldurr
|-damage|p2a: Conkeldurr|93/100 brn
|
|t:|1666374569
|switch|p1a: Salamence|Salamence, M|100/100|[from]move: U-turn
|-ability|p1a: Salamence|Intimidate|boost
|-unboost|p2a: Conkeldurr|atk|1
|move|p2a: Conkeldurr|Knock Off|p1a: Salamence
|-damage|p1a: Salamence|67/100
|-enditem|p1a: Salamence|Heavy-Duty Boots|[from] move: Knock Off|[of] p2a: Conkeldurr
|
|-damage|p2a: Conkeldurr|87/100 brn|[from] brn
|upkeep
|turn|11
|
|t:|1666374580
|switch|p1a: Jirachi|Jirachi|100/100
|switch|p2a: Slowking|Slowking, F|100/100
|
|upkeep
|turn|12
|c|+KSt3ve|go mimi, lose pour moi :D
|
|t:|1666374591
|move|p1a: Jirachi|U-turn|p2a: Slowking
|-supereffective|p2a: Slowking
|-damage|p2a: Slowking|76/100
|c|☆Mimilucha|:D
|
|t:|1666374595
|switch|p1a: Chansey|Chansey, F|100/100|[from]move: U-turn
|move|p2a: Slowking|Scald|p1a: Chansey
|-damage|p1a: Chansey|92/100
|-status|p1a: Chansey|brn
|
|-damage|p1a: Chansey|86/100 brn|[from] brn
|upkeep
|turn|13
|
|t:|1666374601
|switch|p2a: Excadrill|Excadrill, M|100/100
|-ability|p2a: Excadrill|Mold Breaker
|move|p1a: Chansey|Stealth Rock|p2a: Excadrill
|-sidestart|p2: corperaten|move: Stealth Rock
|
|-damage|p1a: Chansey|79/100 brn|[from] brn
|upkeep
|turn|14
|
|t:|1666374605
|-curestatus|p1a: Chansey|brn|[from] ability: Natural Cure
|switch|p1a: Salamence|Salamence, M|67/100
|-ability|p1a: Salamence|Intimidate|boost
|-unboost|p2a: Excadrill|atk|1
|move|p2a: Excadrill|Stealth Rock|p1a: Salamence
|-sidestart|p1: Mimilucha|move: Stealth Rock
|
|upkeep
|turn|15
|
|t:|1666374611
|switch|p2a: Slowking|Slowking, F|100/100
|-damage|p2a: Slowking|88/100|[from] Stealth Rock
|move|p1a: Salamence|Roost|p1a: Salamence
|-heal|p1a: Salamence|100/100
|-singleturn|p1a: Salamence|move: Roost
|
|upkeep
|turn|16
|
|t:|1666374616
|switch|p1a: Jirachi|Jirachi|100/100
|-damage|p1a: Jirachi|94/100|[from] Stealth Rock
|move|p2a: Slowking|Psychic|p1a: Jirachi
|-resisted|p1a: Jirachi
|-damage|p1a: Jirachi|89/100
|
|-heal|p1a: Jirachi|95/100|[from] item: Leftovers
|upkeep
|turn|17
|
|t:|1666374621
|move|p1a: Jirachi|Wish|p1a: Jirachi
|move|p2a: Slowking|Scald|p1a: Jirachi
|-damage|p1a: Jirachi|77/100
|
|-heal|p1a: Jirachi|83/100|[from] item: Leftovers
|upkeep
|turn|18
|
|t:|1666374625
|move|p1a: Jirachi|Iron Head|p2a: Slowking
|-resisted|p2a: Slowking
|-damage|p2a: Slowking|78/100
|cant|p2a: Slowking|flinch
|
|-heal|p1a: Jirachi|100/100|[from] move: Wish|[wisher] Jirachi
|upkeep
|turn|19
|
|t:|1666374631
|move|p1a: Jirachi|Iron Head|p2a: Slowking
|-resisted|p2a: Slowking
|-damage|p2a: Slowking|69/100
|cant|p2a: Slowking|flinch
|
|upkeep
|turn|20
|
|t:|1666374634
|move|p1a: Jirachi|U-turn|p2a: Slowking
|-supereffective|p2a: Slowking
|-damage|p2a: Slowking|44/100
|
|t:|1666374639
|switch|p1a: Rotom|Rotom-Wash|100/100|[from]move: U-turn
|-damage|p1a: Rotom|88/100|[from] Stealth Rock
|move|p2a: Slowking|Teleport|p2a: Slowking
|
|t:|1666374641
|switch|p2a: Excadrill|Excadrill, M|100/100|[from]move: Teleport
|-damage|p2a: Excadrill|97/100|[from] Stealth Rock
|-ability|p2a: Excadrill|Mold Breaker
|
|-heal|p2a: Excadrill|100/100|[from] item: Leftovers
|-heal|p1a: Rotom|94/100|[from] item: Leftovers
|upkeep
|turn|21
|
|t:|1666374645
|switch|p1a: Salamence|Salamence, M|100/100
|-damage|p1a: Salamence|76/100|[from] Stealth Rock
|-ability|p1a: Salamence|Intimidate|boost
|-unboost|p2a: Excadrill|atk|1
|move|p2a: Excadrill|Earthquake|p1a: Salamence
|-immune|p1a: Salamence
|
|upkeep
|turn|22
|
|t:|1666374651
|switch|p2a: Slowking|Slowking, F|77/100
|-damage|p2a: Slowking|65/100|[from] Stealth Rock
|move|p1a: Salamence|Flamethrower|p2a: Slowking
|-resisted|p2a: Slowking
|-damage|p2a: Slowking|56/100
|
|upkeep
|turn|23
|
|t:|1666374657
|switch|p1a: Jirachi|Jirachi|100/100
|-damage|p1a: Jirachi|94/100|[from] Stealth Rock
|move|p2a: Slowking|Teleport|p2a: Slowking
|
|t:|1666374660
|switch|p2a: Excadrill|Excadrill, M|100/100|[from]move: Teleport
|-damage|p2a: Excadrill|97/100|[from] Stealth Rock
|-ability|p2a: Excadrill|Mold Breaker
|
|-heal|p2a: Excadrill|100/100|[from] item: Leftovers
|-heal|p1a: Jirachi|100/100|[from] item: Leftovers
|upkeep
|turn|24
|
|t:|1666374666
|switch|p1a: Salamence|Salamence, M|76/100
|-damage|p1a: Salamence|51/100|[from] Stealth Rock
|-ability|p1a: Salamence|Intimidate|boost
|-unboost|p2a: Excadrill|atk|1
|move|p2a: Excadrill|Rapid Spin|p1a: Salamence
|-damage|p1a: Salamence|40/100
|-boost|p2a: Excadrill|spe|1
|-sideend|p2: corperaten|Stealth Rock|[from] move: Rapid Spin|[of] p2a: Excadrill
|
|upkeep
|turn|25
|
|t:|1666374672
|move|p2a: Excadrill|Iron Head|p1a: Salamence
|-damage|p1a: Salamence|16/100
|move|p1a: Salamence|Roost|p1a: Salamence
|-heal|p1a: Salamence|66/100
|-singleturn|p1a: Salamence|move: Roost
|
|upkeep
|turn|26
|
|t:|1666374683
|move|p2a: Excadrill|Iron Head|p1a: Salamence
|-damage|p1a: Salamence|42/100
|move|p1a: Salamence|Defog|p2a: Excadrill
|-unboost|p2a: Excadrill|evasion|1
|-sideend|p1: Mimilucha|Stealth Rock|[from] move: Defog|[of] p1a: Salamence
|
|upkeep
|turn|27
|
|t:|1666374697
|move|p2a: Excadrill|Iron Head|p1a: Salamence
|-crit|p1a: Salamence
|-damage|p1a: Salamence|0 fnt
|faint|p1a: Salamence
|
|upkeep
|c|+KSt3ve|.
|
|t:|1666374711
|switch|p1a: Zygarde|Zygarde-10%|100/100
|-ability|p1a: Zygarde|Aura Break
|turn|28
|
|t:|1666374714
|switch|p2a: Scizor|Scizor, F|100/100
|move|p1a: Zygarde|Thousand Arrows|p2a: Scizor
|-damage|p2a: Scizor|46/100
|
|upkeep
|turn|29
|inactive|corperaten has 270 seconds left.
|
|t:|1666374748
|move|p2a: Scizor|Bullet Punch|p1a: Zygarde
|-damage|p1a: Zygarde|46/100
|move|p1a: Zygarde|Thousand Arrows|p2a: Scizor
|-damage|p2a: Scizor|0 fnt
|faint|p2a: Scizor
|
|upkeep
|
|t:|1666374753
|switch|p2a: Conkeldurr|Conkeldurr, F|87/100 brn
|turn|30
|
|t:|1666374758
|switch|p1a: Jirachi|Jirachi|100/100
|move|p2a: Conkeldurr|Mach Punch|p1a: Jirachi
|-damage|p1a: Jirachi|70/100
|
|-heal|p1a: Jirachi|76/100|[from] item: Leftovers
|-damage|p2a: Conkeldurr|80/100 brn|[from] brn
|upkeep
|turn|31
|
|t:|1666374764
|switch|p2a: Excadrill|Excadrill, M|100/100
|-ability|p2a: Excadrill|Mold Breaker
|move|p1a: Jirachi|Iron Head|p2a: Excadrill
|-resisted|p2a: Excadrill
|-damage|p2a: Excadrill|81/100
|
|-heal|p2a: Excadrill|87/100|[from] item: Leftovers
|-heal|p1a: Jirachi|82/100|[from] item: Leftovers
|upkeep
|turn|32
|
|t:|1666374771
|switch|p1a: Conkeldurr|Conkeldurr, F|22/100 brn
|move|p2a: Excadrill|Stealth Rock|p1a: Conkeldurr
|-sidestart|p1: Mimilucha|move: Stealth Rock
|
|-heal|p2a: Excadrill|93/100|[from] item: Leftovers
|-damage|p1a: Conkeldurr|16/100 brn|[from] brn
|upkeep
|turn|33
|
|t:|1666374783
|switch|p2a: Togekiss|Togekiss, F|100/100
|move|p1a: Conkeldurr|Facade|p2a: Togekiss
|-damage|p2a: Togekiss|38/100
|
|-damage|p1a: Conkeldurr|10/100 brn|[from] brn
|upkeep
|turn|34
|
|t:|1666374792
|switch|p1a: Jirachi|Jirachi|82/100
|-damage|p1a: Jirachi|76/100|[from] Stealth Rock
|move|p2a: Togekiss|Flamethrower|p1a: Jirachi
|-supereffective|p1a: Jirachi
|-damage|p1a: Jirachi|42/100
|
|-heal|p1a: Jirachi|48/100|[from] item: Leftovers
|upkeep
|turn|35
|
|t:|1666374797
|move|p1a: Jirachi|U-turn|p2a: Togekiss
|-resisted|p2a: Togekiss
|-damage|p2a: Togekiss|35/100
|
|t:|1666374798
|switch|p1a: Rotom|Rotom-Wash|94/100|[from]move: U-turn
|-damage|p1a: Rotom|82/100|[from] Stealth Rock
|move|p2a: Togekiss|Roost|p2a: Togekiss
|-heal|p2a: Togekiss|85/100
|-singleturn|p2a: Togekiss|move: Roost
|
|-heal|p1a: Rotom|88/100|[from] item: Leftovers
|upkeep
|turn|36
|
|t:|1666374805
|switch|p2a: Hydreigon|Hydreigon, F|100/100
|move|p1a: Rotom|Will-O-Wisp|p2a: Hydreigon
|-status|p2a: Hydreigon|brn
|
|-heal|p1a: Rotom|94/100|[from] item: Leftovers
|-damage|p2a: Hydreigon|94/100 brn|[from] brn
|upkeep
|turn|37
|
|t:|1666374809
|move|p2a: Hydreigon|Dark Pulse|p1a: Rotom
|-damage|p1a: Rotom|53/100
|cant|p1a: Rotom|flinch
|
|-heal|p1a: Rotom|59/100|[from] item: Leftovers
|-damage|p2a: Hydreigon|88/100 brn|[from] brn
|upkeep
|turn|38
|
|t:|1666374813
|move|p2a: Hydreigon|Dark Pulse|p1a: Rotom
|-damage|p1a: Rotom|19/100
|cant|p1a: Rotom|flinch
|
|-heal|p1a: Rotom|25/100|[from] item: Leftovers
|-damage|p2a: Hydreigon|82/100 brn|[from] brn
|upkeep
|turn|39
|c|☆corperaten|mb
|c|☆Mimilucha|this game
|
|t:|1666374822
|switch|p1a: Chansey|Chansey, F|79/100
|-damage|p1a: Chansey|67/100|[from] Stealth Rock
|move|p2a: Hydreigon|Dark Pulse|p1a: Chansey
|-damage|p1a: Chansey|54/100
|
|-damage|p2a: Hydreigon|76/100 brn|[from] brn
|upkeep
|turn|40
|
|t:|1666374826
|switch|p2a: Conkeldurr|Conkeldurr, F|80/100 brn
|move|p1a: Chansey|Stealth Rock|p2a: Conkeldurr
|-sidestart|p2: corperaten|move: Stealth Rock
|
|-damage|p2a: Conkeldurr|74/100 brn|[from] brn
|upkeep
|turn|41
|
|t:|1666374829
|switch|p1a: Conkeldurr|Conkeldurr, F|10/100 brn
|-damage|p1a: Conkeldurr|4/100 brn|[from] Stealth Rock
|move|p2a: Conkeldurr|Drain Punch|p1a: Conkeldurr
|-damage|p1a: Conkeldurr|0 fnt
|-heal|p2a: Conkeldurr|76/100 brn|[from] drain|[of] p1a: Conkeldurr
|faint|p1a: Conkeldurr
|
|-damage|p2a: Conkeldurr|70/100 brn|[from] brn
|upkeep
|
|t:|1666374833
|switch|p1a: Jirachi|Jirachi|48/100
|-damage|p1a: Jirachi|42/100|[from] Stealth Rock
|turn|42
|
|t:|1666374839
|switch|p2a: Slowking|Slowking, F|89/100
|-damage|p2a: Slowking|77/100|[from] Stealth Rock
|move|p1a: Jirachi|Iron Head|p2a: Slowking
|-resisted|p2a: Slowking
|-damage|p2a: Slowking|67/100
|
|-heal|p1a: Jirachi|48/100|[from] item: Leftovers
|upkeep
|turn|43
|
|t:|1666374845
|move|p1a: Jirachi|Wish|p1a: Jirachi
|move|p2a: Slowking|Scald|p1a: Jirachi
|-damage|p1a: Jirachi|30/100
|
|-heal|p1a: Jirachi|37/100|[from] item: Leftovers
|upkeep
|turn|44
|
|t:|1666374848
|move|p1a: Jirachi|Iron Head|p2a: Slowking
|-resisted|p2a: Slowking
|-damage|p2a: Slowking|58/100
|cant|p2a: Slowking|flinch
|
|-heal|p1a: Jirachi|87/100|[from] move: Wish|[wisher] Jirachi
|-heal|p1a: Jirachi|93/100|[from] item: Leftovers
|upkeep
|turn|45
|
|t:|1666374854
|move|p1a: Jirachi|Wish|p1a: Jirachi
|move|p2a: Slowking|Slack Off|p2a: Slowking
|-heal|p2a: Slowking|100/100
|
|-heal|p1a: Jirachi|99/100|[from] item: Leftovers
|upkeep
|turn|46
|
|t:|1666374860
|move|p1a: Jirachi|Iron Head|p2a: Slowking
|-resisted|p2a: Slowking
|-damage|p2a: Slowking|91/100
|move|p2a: Slowking|Scald|p1a: Jirachi
|-damage|p1a: Jirachi|79/100
|
|-heal|p1a: Jirachi|100/100|[from] move: Wish|[wisher] Jirachi
|upkeep
|turn|47
|
|t:|1666374863
|move|p1a: Jirachi|U-turn|p2a: Slowking
|-supereffective|p2a: Slowking
|-damage|p2a: Slowking|69/100
|
|t:|1666374864
|switch|p1a: Chansey|Chansey, F|54/100|[from]move: U-turn
|-damage|p1a: Chansey|42/100|[from] Stealth Rock
|move|p2a: Slowking|Scald|p1a: Chansey
|-damage|p1a: Chansey|33/100
|
|upkeep
|turn|48
|
|t:|1666374869
|move|p1a: Chansey|Soft-Boiled|p1a: Chansey
|-heal|p1a: Chansey|83/100
|move|p2a: Slowking|Teleport|p2a: Slowking
|
|t:|1666374871
|switch|p2a: Conkeldurr|Conkeldurr, F|70/100 brn|[from]move: Teleport
|-damage|p2a: Conkeldurr|64/100 brn|[from] Stealth Rock
|
|-damage|p2a: Conkeldurr|57/100 brn|[from] brn
|upkeep
|turn|49
|
|t:|1666374873
|switch|p1a: Rotom|Rotom-Wash|25/100
|-damage|p1a: Rotom|13/100|[from] Stealth Rock
|move|p2a: Conkeldurr|Drain Punch|p1a: Rotom
|-damage|p1a: Rotom|0 fnt
|-heal|p2a: Conkeldurr|62/100 brn|[from] drain|[of] p1a: Rotom
|faint|p1a: Rotom
|
|-damage|p2a: Conkeldurr|56/100 brn|[from] brn
|upkeep
|
|t:|1666374877
|switch|p1a: Jirachi|Jirachi|100/100
|-damage|p1a: Jirachi|94/100|[from] Stealth Rock
|turn|50
|
|t:|1666374883
|switch|p2a: Excadrill|Excadrill, M|93/100
|-damage|p2a: Excadrill|90/100|[from] Stealth Rock
|-ability|p2a: Excadrill|Mold Breaker
|move|p1a: Jirachi|U-turn|p2a: Excadrill
|-resisted|p2a: Excadrill
|-damage|p2a: Excadrill|78/100
|
|t:|1666374885
|switch|p1a: Zygarde|Zygarde-10%|46/100|[from]move: U-turn
|-damage|p1a: Zygarde|40/100|[from] Stealth Rock
|-ability|p1a: Zygarde|Aura Break
|
|-heal|p2a: Excadrill|84/100|[from] item: Leftovers
|upkeep
|turn|51
|inactive|corperaten has 270 seconds left.
|inactive|corperaten has 240 seconds left.
|
|t:|1666374953
|switch|p2a: Togekiss|Togekiss, F|85/100
|move|p1a: Zygarde|Thousand Arrows|p2a: Togekiss
|-damage|p2a: Togekiss|42/100
|-start|p2a: Togekiss|Smack Down
|
|upkeep
|turn|52
|
|t:|1666374968
|move|p1a: Zygarde|Thousand Arrows|p2a: Togekiss
|-damage|p2a: Togekiss|0 fnt
|faint|p2a: Togekiss
|
|upkeep
|inactive|corperaten has 240 seconds left.
|
|t:|1666374983
|switch|p2a: Slowking|Slowking, F|100/100
|-damage|p2a: Slowking|88/100|[from] Stealth Rock
|turn|53
|
|t:|1666375002
|switch|p1a: Jirachi|Jirachi|94/100
|-damage|p1a: Jirachi|88/100|[from] Stealth Rock
|move|p2a: Slowking|Scald|p1a: Jirachi
|-damage|p1a: Jirachi|69/100
|
|-heal|p1a: Jirachi|75/100|[from] item: Leftovers
|upkeep
|turn|54
|
|t:|1666375004
|move|p1a: Jirachi|Iron Head|p2a: Slowking
|-resisted|p2a: Slowking
|-damage|p2a: Slowking|78/100
|cant|p2a: Slowking|flinch
|
|-heal|p1a: Jirachi|81/100|[from] item: Leftovers
|upkeep
|turn|55
|
|t:|1666375007
|move|p1a: Jirachi|Iron Head|p2a: Slowking
|-resisted|p2a: Slowking
|-damage|p2a: Slowking|69/100
|cant|p2a: Slowking|flinch
|
|-heal|p1a: Jirachi|87/100|[from] item: Leftovers
|upkeep
|turn|56
|
|t:|1666375009
|move|p1a: Jirachi|Iron Head|p2a: Slowking
|-resisted|p2a: Slowking
|-damage|p2a: Slowking|59/100
|move|p2a: Slowking|Teleport|p2a: Slowking
|
|t:|1666375011
|switch|p2a: Excadrill|Excadrill, M|84/100|[from]move: Teleport
|-damage|p2a: Excadrill|81/100|[from] Stealth Rock
|-ability|p2a: Excadrill|Mold Breaker
|
|-heal|p2a: Excadrill|87/100|[from] item: Leftovers
|-heal|p1a: Jirachi|93/100|[from] item: Leftovers
|upkeep
|turn|57
|
|t:|1666375015
|move|p2a: Excadrill|Rapid Spin|p1a: Jirachi
|-resisted|p1a: Jirachi
|-damage|p1a: Jirachi|86/100
|-boost|p2a: Excadrill|spe|1
|-sideend|p2: corperaten|Stealth Rock|[from] move: Rapid Spin|[of] p2a: Excadrill
|move|p1a: Jirachi|U-turn|p2a: Excadrill
|-resisted|p2a: Excadrill
|-damage|p2a: Excadrill|76/100
|
|t:|1666375017
|switch|p1a: Chansey|Chansey, F|83/100|[from]move: U-turn
|-damage|p1a: Chansey|71/100|[from] Stealth Rock
|
|-heal|p2a: Excadrill|82/100|[from] item: Leftovers
|upkeep
|turn|58
|
|t:|1666375021
|move|p2a: Excadrill|Earthquake|p1a: Chansey
|-damage|p1a: Chansey|38/100
|move|p1a: Chansey|Seismic Toss|p2a: Excadrill
|-damage|p2a: Excadrill|55/100
|
|-heal|p2a: Excadrill|61/100|[from] item: Leftovers
|upkeep
|turn|59
|
|t:|1666375029
|switch|p2a: Conkeldurr|Conkeldurr, F|56/100 brn
|move|p1a: Chansey|Soft-Boiled|p1a: Chansey
|-heal|p1a: Chansey|88/100
|
|-damage|p2a: Conkeldurr|50/100 brn|[from] brn
|upkeep
|turn|60
|
|t:|1666375035
|switch|p1a: Jirachi|Jirachi|86/100
|-damage|p1a: Jirachi|80/100|[from] Stealth Rock
|move|p2a: Conkeldurr|Drain Punch|p1a: Jirachi
|-damage|p1a: Jirachi|25/100
|-heal|p2a: Conkeldurr|80/100 brn|[from] drain|[of] p1a: Jirachi
|
|-heal|p1a: Jirachi|31/100|[from] item: Leftovers
|-damage|p2a: Conkeldurr|73/100 brn|[from] brn
|upkeep
|turn|61
|
|t:|1666375055
|switch|p2a: Slowking|Slowking, F|92/100
|move|p1a: Jirachi|Protect||[still]
|-fail|p1a: Jirachi
|
|-heal|p1a: Jirachi|38/100|[from] item: Leftovers
|upkeep
|turn|62
|
|t:|1666375062
|switch|p2a: Excadrill|Excadrill, M|61/100
|-ability|p2a: Excadrill|Mold Breaker
|move|p1a: Jirachi|Wish|p1a: Jirachi
|
|-heal|p2a: Excadrill|67/100|[from] item: Leftovers
|-heal|p1a: Jirachi|44/100|[from] item: Leftovers
|upkeep
|turn|63
|
|t:|1666375067
|move|p1a: Jirachi|Protect|p1a: Jirachi
|-singleturn|p1a: Jirachi|Protect
|move|p2a: Excadrill|Earthquake|p1a: Jirachi
|-activate|p1a: Jirachi|move: Protect
|
|-heal|p1a: Jirachi|94/100|[from] move: Wish|[wisher] Jirachi
|-heal|p2a: Excadrill|73/100|[from] item: Leftovers
|-heal|p1a: Jirachi|99/100|[from] item: Leftovers
|upkeep
|turn|64
|
|t:|1666375073
|switch|p1a: Chansey|Chansey, F|88/100
|-damage|p1a: Chansey|76/100|[from] Stealth Rock
|move|p2a: Excadrill|Earthquake|p1a: Chansey
|-damage|p1a: Chansey|44/100
|
|-heal|p2a: Excadrill|79/100|[from] item: Leftovers
|upkeep
|turn|65
|
|t:|1666375079
|switch|p2a: Conkeldurr|Conkeldurr, F|73/100 brn
|move|p1a: Chansey|Seismic Toss|p2a: Conkeldurr
|-damage|p2a: Conkeldurr|47/100 brn
|
|-damage|p2a: Conkeldurr|40/100 brn|[from] brn
|upkeep
|turn|66
|
|t:|1666375086
|move|p2a: Conkeldurr|Drain Punch|p1a: Chansey
|-supereffective|p1a: Chansey
|-damage|p1a: Chansey|0 fnt
|-heal|p2a: Conkeldurr|81/100 brn|[from] drain|[of] p1a: Chansey
|faint|p1a: Chansey
|
|-damage|p2a: Conkeldurr|75/100 brn|[from] brn
|upkeep
|c|☆Mimilucha|y sad one
|c|☆Mimilucha|gg
|-message|Mimilucha forfeited.
|
|win|corperaten
