|inactive|Battle timer is ON: inactive players will automatically lose when time's up.
|t:|1660919888
|gametype|singles
|player|p1|Sage|phoebe-gen6|
|player|p2|Amane Misa|#amanemisa|
|teamsize|p1|6
|teamsize|p2|6
|gen|8
|tier|[Gen 8] UU
|rule|Sleep Clause Mod: Limit one foe put to sleep
|rule|Species Clause: Limit one of each Pokémon
|rule|OHKO Clause: OHKO moves are banned
|rule|Evasion Moves Clause: Evasion moves are banned
|rule|Endless Battle Clause: Forcing endless battles is banned
|rule|HP Percentage Mod: HP is shown in percentages
|rule|Dynamax Clause: You cannot dynamax
|clearpoke
|poke|p1|Chansey, F|
|poke|p1|Skarmory, M|
|poke|p1|Cobalion|
|poke|p1|Diggersby, F|
|poke|p1|Primarina, F|
|poke|p1|Dhelmise|
|poke|p2|Moltres|
|poke|p2|Cobalion|
|poke|p2|Zygarde-10%|
|poke|p2|Slowbro-Galar, F|
|poke|p2|Primarina, F|
|poke|p2|Mandibuzz, F|
|teampreview
|inactive|Sage has 270 seconds left.
|inactive|Amane Misa has 270 seconds left.
|c|☆Amane Misa|hf
|c|☆Sage|y2
|inactive|Sage has 240 seconds left.
|inactive|Amane Misa has 240 seconds left.
|inactive|Amane Misa has 210 seconds left.
|
|t:|1660919996
|start
|switch|p1a: Flip That|Dhelmise|100/100
|switch|p2a: Bocalion|Cobalion|100/100
|turn|1
|
|t:|1660920009
|move|p2a: Bocalion|Toxic|p1a: Flip That|[miss]
|-miss|p2a: Bocalion|p1a: Flip That
|move|p1a: Flip That|Poltergeist|p2a: Bocalion|[miss]
|-miss|p1a: Flip That|p2a: Bocalion
|
|upkeep
|turn|2
|inactive|Amane Misa has 270 seconds left.
|c|☆Amane Misa|hmm
|c|☆Amane Misa|wanna redo?
|c|☆Sage|good turn 1
|c|☆Amane Misa|the first turn..
|inactive|Sage has 270 seconds left.
|inactive|Amane Misa has 240 seconds left.
|
|t:|1660920048
|switch|p1a: Paint The Town|Skarmory, M|100/100
|move|p2a: Bocalion|Toxic|p1a: Paint The Town
|-immune|p1a: Paint The Town
|
|upkeep
|turn|3
|
|t:|1660920051
|move|p2a: Bocalion|Volt Switch|p1a: Paint The Town
|-supereffective|p1a: Paint The Town
|-damage|p1a: Paint The Town|61/100
|
|t:|1660920054
|switch|p2a: Roltmes|Moltres|100/100|[from]move: Volt Switch
|move|p1a: Paint The Town|Spikes|p2a: Roltmes
|-sidestart|p2: Amane Misa|Spikes
|
|upkeep
|turn|4
|
|t:|1660920057
|switch|p1a: Butterfly|Chansey, F|100/100
|move|p2a: Roltmes|U-turn|p1a: Butterfly
|-damage|p1a: Butterfly|90/100
|
|t:|1660920058
|switch|p2a: Bocalion|Cobalion|100/100|[from]move: U-turn
|-damage|p2a: Bocalion|88/100|[from] Spikes
|
|upkeep
|turn|5
|
|t:|1660920061
|move|p2a: Bocalion|Stealth Rock|p1a: Butterfly
|-sidestart|p1: Sage|move: Stealth Rock
|move|p1a: Butterfly|Thunder Wave|p2a: Bocalion
|-status|p2a: Bocalion|par
|
|upkeep
|turn|6
|inactive|Sage has 270 seconds left.
|
|t:|1660920119
|switch|p1a: POSE|Primarina, F|100/100
|-damage|p1a: POSE|88/100|[from] Stealth Rock
|cant|p2a: Bocalion|par
|
|-heal|p1a: POSE|94/100|[from] item: Leftovers
|upkeep
|turn|7
|
|t:|1660920130
|switch|p2a: Rimaprina|Primarina, F|100/100
|-damage|p2a: Rimaprina|88/100|[from] Spikes
|move|p1a: POSE|Calm Mind|p1a: POSE
|-boost|p1a: POSE|spa|1
|-boost|p1a: POSE|spd|1
|
|-heal|p2a: Rimaprina|94/100|[from] item: Leftovers
|-heal|p1a: POSE|99/100|[from] item: Leftovers
|upkeep
|turn|8
|
|t:|1660920133
|move|p2a: Rimaprina|Moonblast|p1a: POSE
|-damage|p1a: POSE|69/100
|-unboost|p1a: POSE|spa|1
|move|p1a: POSE|Calm Mind|p1a: POSE
|-boost|p1a: POSE|spa|1
|-boost|p1a: POSE|spd|1
|
|-heal|p2a: Rimaprina|99/100|[from] item: Leftovers
|-heal|p1a: POSE|75/100|[from] item: Leftovers
|upkeep
|turn|9
|
|t:|1660920138
|move|p2a: Rimaprina|Moonblast|p1a: POSE
|-crit|p1a: POSE
|-damage|p1a: POSE|14/100
|move|p1a: POSE|Moonblast|p2a: Rimaprina
|-damage|p2a: Rimaprina|45/100
|
|-heal|p2a: Rimaprina|51/100|[from] item: Leftovers
|-heal|p1a: POSE|20/100|[from] item: Leftovers
|upkeep
|turn|10
|inactive|Sage has 270 seconds left.
|
|t:|1660920160
|switch|p1a: Flip That|Dhelmise|100/100
|move|p2a: Rimaprina|Moonblast|p1a: Flip That
|-damage|p1a: Flip That|53/100
|
|-heal|p2a: Rimaprina|57/100|[from] item: Leftovers
|upkeep
|turn|11
|
|t:|1660920164
|move|p2a: Rimaprina|Ice Beam|p1a: Flip That
|-supereffective|p1a: Flip That
|-damage|p1a: Flip That|0 fnt
|faint|p1a: Flip That
|
|-heal|p2a: Rimaprina|63/100|[from] item: Leftovers
|upkeep
|
|t:|1660920171
|switch|p1a: Butterfly|Chansey, F|90/100
|-damage|p1a: Butterfly|78/100|[from] Stealth Rock
|turn|12
|
|t:|1660920177
|move|p2a: Rimaprina|Protect|p2a: Rimaprina
|-singleturn|p2a: Rimaprina|Protect
|move|p1a: Butterfly|Seismic Toss|p2a: Rimaprina
|-activate|p2a: Rimaprina|move: Protect
|
|-heal|p2a: Rimaprina|69/100|[from] item: Leftovers
|upkeep
|turn|13
|
|t:|1660920191
|switch|p2a: Bocalion|Cobalion|88/100 par
|-damage|p2a: Bocalion|76/100 par|[from] Spikes
|move|p1a: Butterfly|Thunder Wave|p2a: Bocalion
|-fail|p2a: Bocalion|par
|
|upkeep
|turn|14
|inactive|Sage has 270 seconds left.
|inactive|Sage has 240 seconds left.
|
|t:|1660920255
|switch|p1a: Paint The Town|Skarmory, M|61/100
|-damage|p1a: Paint The Town|49/100|[from] Stealth Rock
|cant|p2a: Bocalion|par
|
|upkeep
|turn|15
|
|t:|1660920266
|move|p1a: Paint The Town|Roost|p1a: Paint The Town
|-heal|p1a: Paint The Town|99/100
|-singleturn|p1a: Paint The Town|move: Roost
|move|p2a: Bocalion|Volt Switch|p1a: Paint The Town
|-crit|p1a: Paint The Town
|-damage|p1a: Paint The Town|69/100
|
|t:|1660920270
|switch|p2a: Glowbro-Salar|Slowbro-Galar, F|100/100|[from]move: Volt Switch
|-damage|p2a: Glowbro-Salar|88/100|[from] Spikes
|
|upkeep
|turn|16
|
|t:|1660920275
|switch|p1a: Butterfly|Chansey, F|78/100
|-damage|p1a: Butterfly|66/100|[from] Stealth Rock
|move|p2a: Glowbro-Salar|Calm Mind|p2a: Glowbro-Salar
|-boost|p2a: Glowbro-Salar|spa|1
|-boost|p2a: Glowbro-Salar|spd|1
|
|upkeep
|turn|17
|
|t:|1660920279
|switch|p2a: Bocalion|Cobalion|76/100 par
|-damage|p2a: Bocalion|63/100 par|[from] Spikes
|move|p1a: Butterfly|Thunder Wave|p2a: Bocalion|[miss]
|-miss|p1a: Butterfly|p2a: Bocalion
|
|upkeep
|turn|18
|
|t:|1660920285
|move|p2a: Bocalion|Volt Switch|p1a: Butterfly
|-damage|p1a: Butterfly|62/100
|
|t:|1660920287
|switch|p2a: Bandimuzz|Mandibuzz, F|100/100|[from]move: Volt Switch
|move|p1a: Butterfly|Soft-Boiled|p1a: Butterfly
|-heal|p1a: Butterfly|100/100
|
|upkeep
|turn|19
|inactive|Sage has 270 seconds left.
|
|t:|1660920295
|move|p2a: Bandimuzz|Knock Off|p1a: Butterfly
|-damage|p1a: Butterfly|86/100
|-enditem|p1a: Butterfly|Eviolite|[from] move: Knock Off|[of] p2a: Bandimuzz
|move|p1a: Butterfly|Thunder Wave|p2a: Bandimuzz
|-status|p2a: Bandimuzz|par
|
|upkeep
|turn|20
|
|t:|1660920302
|switch|p2a: Bocalion|Cobalion|63/100 par
|-damage|p2a: Bocalion|51/100 par|[from] Spikes
|move|p1a: Butterfly|Stealth Rock|p2a: Bocalion
|-sidestart|p2: Amane Misa|move: Stealth Rock
|
|upkeep
|turn|21
|
|t:|1660920320
|switch|p1a: Paint The Town|Skarmory, M|69/100
|-damage|p1a: Paint The Town|56/100|[from] Stealth Rock
|move|p2a: Bocalion|Close Combat|p1a: Paint The Town
|-damage|p1a: Paint The Town|25/100
|-unboost|p2a: Bocalion|def|1
|-unboost|p2a: Bocalion|spd|1
|-damage|p2a: Bocalion|35/100 par|[from] item: Rocky Helmet|[of] p1a: Paint The Town
|
|upkeep
|turn|22
|
|t:|1660920331
|move|p1a: Paint The Town|Body Press|p2a: Bocalion
|-supereffective|p2a: Bocalion
|-crit|p2a: Bocalion
|-damage|p2a: Bocalion|0 fnt
|-damage|p1a: Paint The Town|9/100|[from] item: Rocky Helmet|[of] p2a: Bocalion
|faint|p2a: Bocalion
|
|upkeep
|
|t:|1660920345
|switch|p2a: Dygarze-10%|Zygarde-10%|100/100
|-damage|p2a: Dygarze-10%|88/100|[from] Spikes
|-damage|p2a: Dygarze-10%|82/100|[from] Stealth Rock
|-ability|p2a: Dygarze-10%|Aura Break
|turn|23
|
|t:|1660920350
|move|p2a: Dygarze-10%|Thousand Arrows|p1a: Paint The Town
|-damage|p1a: Paint The Town|0 fnt
|faint|p1a: Paint The Town
|
|upkeep
|
|t:|1660920351
|switch|p1a: Why Not?|Diggersby, F|100/100
|-damage|p1a: Why Not?|94/100|[from] Stealth Rock
|turn|24
|
|t:|1660920355
|switch|p2a: Roltmes|Moltres|100/100
|move|p1a: Why Not?|Body Slam|p2a: Roltmes
|-damage|p2a: Roltmes|39/100
|
|upkeep
|turn|25
|
|t:|1660920357
|switch|p2a: Bandimuzz|Mandibuzz, F|100/100 par
|move|p1a: Why Not?|Body Slam|p2a: Bandimuzz
|-damage|p2a: Bandimuzz|72/100 par
|
|upkeep
|turn|26
|
|t:|1660920371
|switch|p1a: Dance On My Own|Cobalion|100/100
|-damage|p1a: Dance On My Own|97/100|[from] Stealth Rock
|switch|p2a: Dygarze-10%|Zygarde-10%|82/100
|-damage|p2a: Dygarze-10%|70/100|[from] Spikes
|-damage|p2a: Dygarze-10%|64/100|[from] Stealth Rock
|-ability|p2a: Dygarze-10%|Aura Break
|
|-heal|p1a: Dance On My Own|100/100|[from] item: Leftovers
|upkeep
|turn|27
|
|t:|1660920390
|move|p2a: Dygarze-10%|Thousand Arrows|p1a: Dance On My Own
|-supereffective|p1a: Dance On My Own
|-damage|p1a: Dance On My Own|0 fnt
|faint|p1a: Dance On My Own
|
|upkeep
|
|t:|1660920393
|switch|p1a: Why Not?|Diggersby, F|94/100
|-damage|p1a: Why Not?|88/100|[from] Stealth Rock
|turn|28
|
|t:|1660920396
|switch|p2a: Roltmes|Moltres|39/100
|move|p1a: Why Not?|Body Slam|p2a: Roltmes
|-damage|p2a: Roltmes|0 fnt
|-status|p1a: Why Not?|brn|[from] ability: Flame Body|[of] p2a: Roltmes
|faint|p2a: Roltmes
|
|-damage|p1a: Why Not?|82/100 brn|[from] brn
|upkeep
|
|t:|1660920401
|switch|p2a: Glowbro-Salar|Slowbro-Galar, F|100/100
|-damage|p2a: Glowbro-Salar|88/100|[from] Spikes
|-damage|p2a: Glowbro-Salar|76/100|[from] Stealth Rock
|turn|29
|
|t:|1660920417
|switch|p1a: Butterfly|Chansey, F|86/100
|-damage|p1a: Butterfly|74/100|[from] Stealth Rock
|move|p2a: Glowbro-Salar|Calm Mind|p2a: Glowbro-Salar
|-boost|p2a: Glowbro-Salar|spa|1
|-boost|p2a: Glowbro-Salar|spd|1
|
|upkeep
|turn|30
|
|t:|1660920421
|move|p1a: Butterfly|Thunder Wave|p2a: Glowbro-Salar
|-status|p2a: Glowbro-Salar|par
|move|p2a: Glowbro-Salar|Psyshock|p1a: Butterfly
|-damage|p1a: Butterfly|34/100
|
|upkeep
|turn|31
|
|t:|1660920423
|move|p1a: Butterfly|Soft-Boiled|p1a: Butterfly
|-heal|p1a: Butterfly|84/100
|cant|p2a: Glowbro-Salar|par
|
|upkeep
|turn|32
|
|t:|1660920425
|move|p1a: Butterfly|Seismic Toss|p2a: Glowbro-Salar
|-damage|p2a: Glowbro-Salar|50/100 par
|move|p2a: Glowbro-Salar|Calm Mind|p2a: Glowbro-Salar
|-boost|p2a: Glowbro-Salar|spa|1
|-boost|p2a: Glowbro-Salar|spd|1
|
|upkeep
|turn|33
|
|t:|1660920428
|move|p1a: Butterfly|Seismic Toss|p2a: Glowbro-Salar
|-damage|p2a: Glowbro-Salar|25/100 par
|move|p2a: Glowbro-Salar|Slack Off|p2a: Glowbro-Salar
|-heal|p2a: Glowbro-Salar|75/100 par
|
|upkeep
|turn|34
|
|t:|1660920430
|move|p1a: Butterfly|Seismic Toss|p2a: Glowbro-Salar
|-damage|p2a: Glowbro-Salar|49/100 par
|move|p2a: Glowbro-Salar|Slack Off|p2a: Glowbro-Salar
|-heal|p2a: Glowbro-Salar|99/100 par
|
|upkeep
|turn|35
|
|t:|1660920431
|move|p1a: Butterfly|Seismic Toss|p2a: Glowbro-Salar
|-damage|p2a: Glowbro-Salar|74/100 par
|move|p2a: Glowbro-Salar|Psyshock|p1a: Butterfly
|-damage|p1a: Butterfly|27/100
|
|upkeep
|turn|36
|
|t:|1660920434
|move|p1a: Butterfly|Seismic Toss|p2a: Glowbro-Salar
|-damage|p2a: Glowbro-Salar|49/100 par
|cant|p2a: Glowbro-Salar|par
|
|upkeep
|turn|37
|
|t:|1660920436
|move|p1a: Butterfly|Seismic Toss|p2a: Glowbro-Salar
|-damage|p2a: Glowbro-Salar|23/100 par
|move|p2a: Glowbro-Salar|Psyshock|p1a: Butterfly
|-damage|p1a: Butterfly|0 fnt
|faint|p1a: Butterfly
|
|upkeep
|
|t:|1660920444
|switch|p1a: Why Not?|Diggersby, F|82/100 brn
|-damage|p1a: Why Not?|76/100 brn|[from] Stealth Rock
|turn|38
|
|t:|1660920467
|move|p1a: Why Not?|Body Slam|p2a: Glowbro-Salar
|-damage|p2a: Glowbro-Salar|7/100 par
|cant|p2a: Glowbro-Salar|par
|
|-damage|p1a: Why Not?|70/100 brn|[from] brn
|upkeep
|turn|39
|
|t:|1660920471
|move|p1a: Why Not?|Body Slam|p2a: Glowbro-Salar
|-damage|p2a: Glowbro-Salar|0 fnt
|faint|p2a: Glowbro-Salar
|
|-damage|p1a: Why Not?|64/100 brn|[from] brn
|upkeep
|
|t:|1660920472
|switch|p2a: Rimaprina|Primarina, F|69/100
|-damage|p2a: Rimaprina|57/100|[from] Spikes
|-damage|p2a: Rimaprina|44/100|[from] Stealth Rock
|turn|40
|
|t:|1660920477
|move|p1a: Why Not?|Body Slam|p2a: Rimaprina
|-damage|p2a: Rimaprina|12/100
|move|p2a: Rimaprina|Scald|p1a: Why Not?
|-supereffective|p1a: Why Not?
|-damage|p1a: Why Not?|0 fnt
|faint|p1a: Why Not?
|
|-heal|p2a: Rimaprina|18/100|[from] item: Leftovers
|upkeep
|
|t:|1660920480
|switch|p1a: POSE|Primarina, F|20/100
|-damage|p1a: POSE|8/100|[from] Stealth Rock
|turn|41
|
|t:|1660920481
|move|p2a: Rimaprina|Moonblast|p1a: POSE
|-damage|p1a: POSE|0 fnt
|faint|p1a: POSE
|
|win|Amane Misa
|c|☆Amane Misa|gg
|c|☆Sage|gg
