|inactive|Battle timer is ON: inactive players will automatically lose when time's up.
|t:|1619356893
|gametype|singles
|player|p1|Cynde|#cynde|
|player|p2|basaninho|kiawe|
|teamsize|p1|6
|teamsize|p2|6
|gen|8
|tier|[Gen 8] UU
|clearpoke
|poke|p1|Amoonguss, M|
|poke|p1|Kommo-o, F|
|poke|p1|Primarina, M|
|poke|p1|Rotom-Heat|
|poke|p1|Aegislash, M|
|poke|p1|Krookodile, M|
|poke|p2|Kommo-o, F|
|poke|p2|Barraskewda, M|
|poke|p2|Jirachi|
|poke|p2|Tangrowth, F|
|poke|p2|Krookodile, F|
|poke|p2|Moltres|
|rule|Sleep Clause Mod: Limit one foe put to sleep
|rule|Species Clause: Limit one of each Pokémon
|rule|OHKO Clause: OHKO moves are banned
|rule|Evasion Moves Clause: Evasion moves are banned
|rule|Endless Battle Clause: Forcing endless battles is banned
|rule|HP Percentage Mod: HP is shown in percentages
|rule|Dynamax Clause: You cannot dynamax
|teampreview
|inactive|basaninho also wants the timer to be on.
|c|☆basaninho|hf
|c|☆Cynde|hf
|c|+7MM|go basa
|inactive|basaninho has 270 seconds left.
|
|t:|1619356948
|start
|switch|p1a: Primarina|Primarina, M|100/100
|switch|p2a: l'homme|Tangrowth, F|100/100
|turn|1
|
|t:|1619356954
|switch|p1a: Amoonguss|Amoonguss, M|100/100
|move|p2a: l'homme|Knock Off|p1a: Amoonguss
|-damage|p1a: Amoonguss|83/100
|-damage|p2a: l'homme|84/100|[from] item: Rocky Helmet|[of] p1a: Amoonguss
|-enditem|p1a: Amoonguss|Rocky Helmet|[from] move: Knock Off|[of] p2a: l'homme
|
|upkeep
|turn|2
|
|t:|1619356982
|switch|p2a: c'est pas|Kommo-o, F|100/100
|move|p1a: Amoonguss|Spore|p2a: c'est pas
|-immune|p2a: c'est pas|[from] ability: Overcoat
|
|upkeep
|turn|3
|inactive|Cynde has 270 seconds left.
|inactive|Cynde has 240 seconds left.
|
|t:|1619357032
|move|p2a: c'est pas|Boomburst|p1a: Amoonguss
|-damage|p1a: Amoonguss|28/100
|move|p1a: Amoonguss|Sludge Bomb|p2a: c'est pas
|-damage|p2a: c'est pas|68/100
|
|upkeep
|turn|4
|
|t:|1619357041
|switch|p2a: Christophe Colomb|Moltres|100/100
|switch|p1a: Aegislash|Aegislash, M|100/100
|
|upkeep
|turn|5
|
|t:|1619357046
|switch|p1a: Rotom|Rotom-Heat|100/100
|move|p2a: Christophe Colomb|Flamethrower|p1a: Rotom
|-resisted|p1a: Rotom
|-damage|p1a: Rotom|81/100
|
|upkeep
|turn|6
|
|t:|1619357061
|switch|p2a: c'est|Krookodile, F|100/100
|-ability|p2a: c'est|Intimidate|boost
|-unboost|p1a: Rotom|atk|1
|move|p1a: Rotom|Toxic|p2a: c'est
|-status|p2a: c'est|tox
|
|-damage|p2a: c'est|94/100 tox|[from] psn
|upkeep
|turn|7
|inactive|Cynde has 270 seconds left.
|c|+KSt3ve|go cynde !
|
|t:|1619357087
|switch|p1a: Amoonguss|Amoonguss, M|62/100
|move|p2a: c'est|Stealth Rock|p1a: Amoonguss
|-sidestart|p1: Cynde|move: Stealth Rock
|
|-damage|p2a: c'est|82/100 tox|[from] psn
|upkeep
|turn|8
|
|t:|1619357105
|switch|p2a: Christophe Colomb|Moltres|100/100
|move|p1a: Amoonguss|Sludge Bomb|p2a: Christophe Colomb
|-damage|p2a: Christophe Colomb|67/100
|
|upkeep
|turn|9
|
|t:|1619357125
|switch|p2a: la mer|Barraskewda, M|100/100
|switch|p1a: Rotom|Rotom-Heat|81/100
|
|upkeep
|turn|10
|
|t:|1619357128
|switch|p1a: Amoonguss|Amoonguss, M|95/100
|-damage|p1a: Amoonguss|82/100|[from] Stealth Rock
|move|p2a: la mer|Flip Turn|p1a: Amoonguss
|-resisted|p1a: Amoonguss
|-damage|p1a: Amoonguss|70/100
|
|t:|1619357146
|switch|p2a: c'est pas|Kommo-o, F|68/100|[from]move: Flip Turn
|
|upkeep
|turn|11
|inactive|Cynde has 270 seconds left.
|
|t:|1619357156
|switch|p1a: Aegislash|Aegislash, M|100/100
|-damage|p1a: Aegislash|94/100|[from] Stealth Rock
|move|p2a: c'est pas|Boomburst|p1a: Aegislash
|-immune|p1a: Aegislash
|
|-heal|p1a: Aegislash|100/100|[from] item: Leftovers
|upkeep
|turn|12
|
|t:|1619357162
|switch|p2a: l'homme|Tangrowth, F|100/100
|move|p1a: Aegislash|Substitute|p1a: Aegislash
|-start|p1a: Aegislash|Substitute
|-damage|p1a: Aegislash|75/100
|
|-heal|p1a: Aegislash|82/100|[from] item: Leftovers
|upkeep
|turn|13
|
|t:|1619357165
|move|p1a: Aegislash|Toxic|p2a: l'homme
|-status|p2a: l'homme|tox
|move|p2a: l'homme|Earthquake|p1a: Aegislash
|-supereffective|p1a: Aegislash
|-end|p1a: Aegislash|Substitute
|
|-heal|p1a: Aegislash|88/100|[from] item: Leftovers
|-damage|p2a: l'homme|94/100 tox|[from] psn
|upkeep
|turn|14
|
|t:|1619357177
|move|p1a: Aegislash|Substitute|p1a: Aegislash
|-start|p1a: Aegislash|Substitute
|-damage|p1a: Aegislash|63/100
|move|p2a: l'homme|Knock Off|p1a: Aegislash
|-supereffective|p1a: Aegislash
|-end|p1a: Aegislash|Substitute
|
|-heal|p1a: Aegislash|69/100|[from] item: Leftovers
|-damage|p2a: l'homme|82/100 tox|[from] psn
|upkeep
|turn|15
|
|t:|1619357180
|move|p1a: Aegislash|King's Shield|p1a: Aegislash
|-singleturn|p1a: Aegislash|Protect
|move|p2a: l'homme|Earthquake|p1a: Aegislash
|-activate|p1a: Aegislash|move: Protect
|
|-heal|p1a: Aegislash|75/100|[from] item: Leftovers
|-damage|p2a: l'homme|63/100 tox|[from] psn
|upkeep
|turn|16
|
|t:|1619357183
|move|p1a: Aegislash|Substitute|p1a: Aegislash
|-start|p1a: Aegislash|Substitute
|-damage|p1a: Aegislash|50/100
|move|p2a: l'homme|Knock Off|p1a: Aegislash
|-supereffective|p1a: Aegislash
|-end|p1a: Aegislash|Substitute
|
|-heal|p1a: Aegislash|56/100|[from] item: Leftovers
|-damage|p2a: l'homme|39/100 tox|[from] psn
|upkeep
|turn|17
|
|t:|1619357192
|switch|p2a: c'est|Krookodile, F|82/100 tox
|-ability|p2a: c'est|Intimidate|boost
|-unboost|p1a: Aegislash|atk|1
|move|p1a: Aegislash|Substitute|p1a: Aegislash
|-start|p1a: Aegislash|Substitute
|-damage|p1a: Aegislash|31/100
|
|-heal|p1a: Aegislash|38/100|[from] item: Leftovers
|-damage|p2a: c'est|76/100 tox|[from] psn
|upkeep
|turn|18
|
|t:|1619357195
|move|p1a: Aegislash|King's Shield|p1a: Aegislash
|-singleturn|p1a: Aegislash|Protect
|move|p2a: c'est|Earthquake|p1a: Aegislash
|-activate|p1a: Aegislash|move: Protect
|
|-heal|p1a: Aegislash|44/100|[from] item: Leftovers
|-damage|p2a: c'est|64/100 tox|[from] psn
|upkeep
|turn|19
|
|t:|1619357203
|move|p2a: c'est|Earthquake|p1a: Aegislash
|-supereffective|p1a: Aegislash
|-end|p1a: Aegislash|Substitute
|-formechange|p1a: Aegislash|Aegislash-Blade||[from] ability: Stance Change
|move|p1a: Aegislash|Shadow Ball|p2a: c'est
|-resisted|p2a: c'est
|-damage|p2a: c'est|39/100 tox
|
|-heal|p1a: Aegislash|50/100|[from] item: Leftovers
|-damage|p2a: c'est|21/100 tox|[from] psn
|upkeep
|turn|20
|
|t:|1619357209
|switch|p2a: Christophe Colomb|Moltres|67/100
|switch|p1a: Rotom|Rotom-Heat|81/100
|
|upkeep
|turn|21
|inactive|basaninho has 270 seconds left.
|
|t:|1619357242
|switch|p2a: c'est|Krookodile, F|21/100 tox
|-ability|p2a: c'est|Intimidate|boost
|-unboost|p1a: Rotom|atk|1
|move|p1a: Rotom|Volt Switch|p2a: c'est
|-immune|p2a: c'est
|
|-damage|p2a: c'est|15/100 tox|[from] psn
|upkeep
|turn|22
|inactive|basaninho has 270 seconds left.
|
|t:|1619357252
|switch|p2a: c'est pas|Kommo-o, F|68/100
|switch|p1a: Amoonguss|Amoonguss, M|100/100
|-damage|p1a: Amoonguss|88/100|[from] Stealth Rock
|
|upkeep
|turn|23
|
|t:|1619357272
|move|p2a: c'est pas|Flamethrower|p1a: Amoonguss
|-supereffective|p1a: Amoonguss
|-damage|p1a: Amoonguss|20/100
|move|p1a: Amoonguss|Sludge Bomb|p2a: c'est pas
|-damage|p2a: c'est pas|39/100
|
|upkeep
|turn|24
|
|t:|1619357278
|switch|p1a: Primarina|Primarina, M|100/100
|-damage|p1a: Primarina|88/100|[from] Stealth Rock
|move|p2a: c'est pas|Flamethrower|p1a: Primarina
|-resisted|p1a: Primarina
|-damage|p1a: Primarina|75/100
|
|-heal|p1a: Primarina|81/100|[from] item: Leftovers
|upkeep
|turn|25
|
|t:|1619357283
|switch|p2a: qui prend|Jirachi|100/100
|move|p1a: Primarina|Substitute|p1a: Primarina
|-start|p1a: Primarina|Substitute
|-damage|p1a: Primarina|56/100
|
|-heal|p1a: Primarina|62/100|[from] item: Leftovers
|upkeep
|turn|26
|
|t:|1619357286
|move|p2a: qui prend|Iron Head|p1a: Primarina
|-end|p1a: Primarina|Substitute
|move|p1a: Primarina|Scald|p2a: qui prend
|-damage|p2a: qui prend|74/100
|
|-heal|p2a: qui prend|80/100|[from] item: Leftovers
|-heal|p1a: Primarina|68/100|[from] item: Leftovers
|upkeep
|turn|27
|
|t:|1619357290
|switch|p1a: Aegislash|Aegislash, M|50/100
|-damage|p1a: Aegislash|44/100|[from] Stealth Rock
|move|p2a: qui prend|Substitute|p2a: qui prend
|-start|p2a: qui prend|Substitute
|-damage|p2a: qui prend|55/100
|
|-heal|p2a: qui prend|62/100|[from] item: Leftovers
|-heal|p1a: Aegislash|50/100|[from] item: Leftovers
|upkeep
|turn|28
|
|t:|1619357299
|move|p1a: Aegislash|King's Shield|p1a: Aegislash
|-singleturn|p1a: Aegislash|Protect
|move|p2a: qui prend|Fire Punch|p1a: Aegislash
|-activate|p1a: Aegislash|move: Protect
|-unboost|p2a: qui prend|atk|1
|
|-heal|p2a: qui prend|68/100|[from] item: Leftovers
|-heal|p1a: Aegislash|56/100|[from] item: Leftovers
|upkeep
|turn|29
|inactive|Cynde has 270 seconds left.
|inactive|Cynde has 240 seconds left.
|inactive|Cynde has 210 seconds left.
|
|t:|1619357394
|move|p2a: qui prend|Fire Punch|p1a: Aegislash
|-supereffective|p1a: Aegislash
|-damage|p1a: Aegislash|38/100
|move|p1a: Aegislash|Substitute|p1a: Aegislash
|-start|p1a: Aegislash|Substitute
|-damage|p1a: Aegislash|13/100
|
|-heal|p2a: qui prend|74/100|[from] item: Leftovers
|-heal|p1a: Aegislash|19/100|[from] item: Leftovers
|upkeep
|turn|30
|inactive|basaninho has 270 seconds left.
|
|t:|1619357431
|switch|p2a: c'est pas|Kommo-o, F|39/100
|move|p1a: Aegislash|King's Shield||[still]
|-fail|p1a: Aegislash
|
|-heal|p1a: Aegislash|25/100|[from] item: Leftovers
|upkeep
|turn|31
|inactive|basaninho has 270 seconds left.
|
|t:|1619357439
|move|p1a: Aegislash|King's Shield|p1a: Aegislash
|-singleturn|p1a: Aegislash|Protect
|move|p2a: c'est pas|Clanging Scales|p1a: Aegislash
|-activate|p1a: Aegislash|move: Protect
|
|-heal|p1a: Aegislash|31/100|[from] item: Leftovers
|upkeep
|turn|32
|
|t:|1619357451
|switch|p1a: Primarina|Primarina, M|68/100
|-damage|p1a: Primarina|56/100|[from] Stealth Rock
|move|p2a: c'est pas|Clanging Scales|p1a: Primarina
|-immune|p1a: Primarina
|
|-heal|p1a: Primarina|62/100|[from] item: Leftovers
|upkeep
|turn|33
|
|t:|1619357468
|switch|p2a: c'est|Krookodile, F|15/100 tox
|-ability|p2a: c'est|Intimidate|boost
|-unboost|p1a: Primarina|atk|1
|move|p1a: Primarina|Scald|p2a: c'est
|-supereffective|p2a: c'est
|-damage|p2a: c'est|0 fnt
|faint|p2a: c'est
|
|-heal|p1a: Primarina|68/100|[from] item: Leftovers
|upkeep
|
|t:|1619357475
|switch|p2a: qui prend|Jirachi|74/100
|turn|34
|inactive|Cynde has 240 seconds left.
|
|t:|1619357482
|move|p2a: qui prend|Substitute|p2a: qui prend
|-start|p2a: qui prend|Substitute
|-damage|p2a: qui prend|49/100
|move|p1a: Primarina|Scald|p2a: qui prend
|-end|p2a: qui prend|Substitute
|
|-heal|p2a: qui prend|55/100|[from] item: Leftovers
|-heal|p1a: Primarina|74/100|[from] item: Leftovers
|upkeep
|turn|35
|inactive|Cynde has 240 seconds left.
|
|t:|1619357519
|switch|p1a: Rotom|Rotom-Heat|81/100
|move|p2a: qui prend|Toxic|p1a: Rotom
|-status|p1a: Rotom|tox
|
|-heal|p2a: qui prend|61/100|[from] item: Leftovers
|-damage|p1a: Rotom|75/100 tox|[from] psn
|upkeep
|turn|36
|inactive|basaninho has 270 seconds left.
|
|t:|1619357553
|move|p2a: qui prend|Substitute|p2a: qui prend
|-start|p2a: qui prend|Substitute
|-damage|p2a: qui prend|36/100
|move|p1a: Rotom|Volt Switch|p2a: qui prend
|-activate|p2a: qui prend|move: Substitute|[damage]
|
|t:|1619357561
|switch|p1a: Krookodile|Krookodile, M|100/100|[from]move: Volt Switch
|-damage|p1a: Krookodile|94/100|[from] Stealth Rock
|-ability|p1a: Krookodile|Intimidate|boost
|-immune|p2a: qui prend
|
|-heal|p2a: qui prend|43/100|[from] item: Leftovers
|upkeep
|turn|37
|inactive|basaninho has 270 seconds left.
|
|t:|1619357580
|move|p1a: Krookodile|Knock Off|p2a: qui prend
|-supereffective|p2a: qui prend
|-end|p2a: qui prend|Substitute
|move|p2a: qui prend|Iron Head|p1a: Krookodile
|-damage|p1a: Krookodile|62/100
|
|-heal|p2a: qui prend|49/100|[from] item: Leftovers
|upkeep
|turn|38
|
|t:|1619357591
|switch|p2a: c'est pas|Kommo-o, F|39/100
|move|p1a: Krookodile|Knock Off|p2a: c'est pas
|-resisted|p2a: c'est pas
|-damage|p2a: c'est pas|15/100
|-enditem|p2a: c'est pas|Choice Specs|[from] move: Knock Off|[of] p1a: Krookodile
|
|upkeep
|turn|39
|inactive|Cynde has 240 seconds left.
|inactive|basaninho has 240 seconds left.
|
|t:|1619357625
|move|p1a: Krookodile|Knock Off|p2a: c'est pas
|-resisted|p2a: c'est pas
|-damage|p2a: c'est pas|0 fnt
|faint|p2a: c'est pas
|
|upkeep
|inactive|basaninho has 240 seconds left.
|
|t:|1619357647
|switch|p2a: la mer|Barraskewda, M|100/100
|turn|40
|inactive|Cynde has 210 seconds left.
|
|t:|1619357681
|switch|p1a: Amoonguss|Amoonguss, M|54/100
|-damage|p1a: Amoonguss|41/100|[from] Stealth Rock
|move|p2a: la mer|Liquidation|p1a: Amoonguss
|-resisted|p1a: Amoonguss
|-damage|p1a: Amoonguss|25/100
|-unboost|p1a: Amoonguss|def|1
|
|upkeep
|turn|41
|inactive|Cynde has 210 seconds left.
|inactive|basaninho has 240 seconds left.
|inactive|Cynde has 180 seconds left.
|inactive|basaninho has 210 seconds left.
|
|t:|1619357735
|switch|p1a: Aegislash|Aegislash, M|31/100
|-damage|p1a: Aegislash|25/100|[from] Stealth Rock
|move|p2a: la mer|Ice Fang|p1a: Aegislash
|-resisted|p1a: Aegislash
|-damage|p1a: Aegislash|17/100
|
|-heal|p1a: Aegislash|23/100|[from] item: Leftovers
|upkeep
|turn|42
|
|t:|1619357740
|move|p1a: Aegislash|King's Shield|p1a: Aegislash
|-singleturn|p1a: Aegislash|Protect
|move|p2a: la mer|Liquidation|p1a: Aegislash
|-activate|p1a: Aegislash|move: Protect
|-unboost|p2a: la mer|atk|1
|
|-heal|p1a: Aegislash|29/100|[from] item: Leftovers
|upkeep
|turn|43
|inactive|Cynde has 180 seconds left.
|inactive|Cynde has 150 seconds left.
|
|t:|1619357781
|move|p2a: la mer|Flip Turn|p1a: Aegislash
|-damage|p1a: Aegislash|13/100
|
|t:|1619357784
|switch|p2a: l'homme|Tangrowth, F|72/100 tox|[from]move: Flip Turn
|-formechange|p1a: Aegislash|Aegislash-Blade||[from] ability: Stance Change
|move|p1a: Aegislash|Shadow Ball|p2a: l'homme
|-damage|p2a: l'homme|49/100 tox
|
|-heal|p1a: Aegislash|19/100|[from] item: Leftovers
|-damage|p2a: l'homme|42/100 tox|[from] psn
|upkeep
|turn|44
|inactive|Cynde has 150 seconds left.
|
|t:|1619357798
|move|p1a: Aegislash|Shadow Ball|p2a: l'homme
|-damage|p2a: l'homme|20/100 tox
|move|p2a: l'homme|Earthquake|p1a: Aegislash
|-supereffective|p1a: Aegislash
|-damage|p1a: Aegislash|0 fnt
|faint|p1a: Aegislash
|
|-damage|p2a: l'homme|8/100 tox|[from] psn
|upkeep
|inactive|Cynde has 150 seconds left.
|
|t:|1619357811
|switch|p1a: Krookodile|Krookodile, M|62/100
|-damage|p1a: Krookodile|55/100|[from] Stealth Rock
|-ability|p1a: Krookodile|Intimidate|boost
|-unboost|p2a: l'homme|atk|1
|turn|45
|inactive|basaninho has 240 seconds left.
|
|t:|1619357819
|move|p1a: Krookodile|Knock Off|p2a: l'homme
|-damage|p2a: l'homme|0 fnt
|-enditem|p2a: l'homme|Assault Vest|[from] move: Knock Off|[of] p1a: Krookodile
|faint|p2a: l'homme
|
|upkeep
|
|t:|1619357822
|switch|p2a: la mer|Barraskewda, M|100/100
|turn|46
|
|t:|1619357832
|switch|p1a: Kommo-o|Kommo-o, F|100/100
|-damage|p1a: Kommo-o|94/100|[from] Stealth Rock
|move|p2a: la mer|Liquidation|p1a: Kommo-o
|-resisted|p1a: Kommo-o
|-damage|p1a: Kommo-o|73/100
|
|upkeep
|turn|47
|
|t:|1619357850
|move|p2a: la mer|Flip Turn|p1a: Kommo-o
|-resisted|p1a: Kommo-o
|-damage|p1a: Kommo-o|58/100
|
|t:|1619357853
|switch|p2a: Christophe Colomb|Moltres|67/100|[from]move: Flip Turn
|move|p1a: Kommo-o|Clanging Scales|p2a: Christophe Colomb
|-crit|p2a: Christophe Colomb
|-damage|p2a: Christophe Colomb|0 fnt
|-unboost|p1a: Kommo-o|def|1
|faint|p2a: Christophe Colomb
|
|upkeep
|inactive|basaninho has 240 seconds left.
|
|t:|1619357890
|switch|p2a: qui prend|Jirachi|49/100
|turn|48
|
|t:|1619357900
|move|p2a: qui prend|Iron Head|p1a: Kommo-o
|-damage|p1a: Kommo-o|14/100
|cant|p1a: Kommo-o|flinch
|
|-heal|p2a: qui prend|55/100|[from] item: Leftovers
|upkeep
|turn|49
|inactive|basaninho has 210 seconds left.
|inactive|basaninho has 180 seconds left.
|
|t:|1619357962
|move|p2a: qui prend|Substitute|p2a: qui prend
|-start|p2a: qui prend|Substitute
|-damage|p2a: qui prend|30/100
|move|p1a: Kommo-o|Clanging Scales|p2a: qui prend
|-resisted|p2a: qui prend
|-damage|p2a: qui prend|0 fnt
|-unboost|p1a: Kommo-o|def|1
|faint|p2a: qui prend
|
|upkeep
|inactive|basaninho has 180 seconds left.
|
|t:|1619357967
|switch|p2a: la mer|Barraskewda, M|100/100
|turn|50
|inactive|Cynde has 210 seconds left.
|
|t:|1619357974
|move|p2a: la mer|Liquidation|p1a: Kommo-o
|-resisted|p1a: Kommo-o
|-damage|p1a: Kommo-o|0 fnt
|faint|p1a: Kommo-o
|
|upkeep
|inactive|Cynde has 210 seconds left.
|inactive|Cynde has 180 seconds left.
|
|t:|1619358016
|switch|p1a: Krookodile|Krookodile, M|55/100
|-damage|p1a: Krookodile|49/100|[from] Stealth Rock
|-ability|p1a: Krookodile|Intimidate|boost
|-unboost|p2a: la mer|atk|1
|turn|51
|
|t:|1619358020
|move|p1a: Krookodile|Earthquake|p2a: la mer
|-damage|p2a: la mer|13/100
|move|p2a: la mer|Liquidation|p1a: Krookodile
|-supereffective|p1a: Krookodile
|-crit|p1a: Krookodile
|-damage|p1a: Krookodile|0 fnt
|faint|p1a: Krookodile
|
|upkeep
|
|t:|1619358022
|switch|p1a: Primarina|Primarina, M|74/100
|-damage|p1a: Primarina|61/100|[from] Stealth Rock
|turn|52
|
|t:|1619358025
|move|p2a: la mer|Ice Fang|p1a: Primarina
|-resisted|p1a: Primarina
|-damage|p1a: Primarina|54/100
|-status|p1a: Primarina|frz
|-curestatus|p1a: Primarina|frz|[from] move: Scald
|move|p1a: Primarina|Scald|p2a: la mer
|-resisted|p2a: la mer
|-damage|p2a: la mer|0 fnt
|faint|p2a: la mer
|
|win|Cynde
|c|☆basaninho|gg
|c|☆Cynde|gg
