|inactive|Battle timer is ON: inactive players will automatically lose when time's up.
|t:|1665508675
|gametype|singles
|player|p1|Lily|#scl1machines|
|player|p2|Cam|#agplivlionsden|
|teamsize|p1|6
|teamsize|p2|6
|gen|8
|tier|[Gen 8] UU
|rule|Sleep Clause Mod: Limit one foe put to sleep
|rule|Species Clause: Limit one of each Pokémon
|rule|OHKO Clause: OHKO moves are banned
|rule|Evasion Items Clause: Evasion items are banned
|rule|Evasion Moves Clause: Evasion moves are banned
|rule|Endless Battle Clause: Forcing endless battles is banned
|rule|HP Percentage Mod: HP is shown in percentages
|rule|Dynamax Clause: You cannot dynamax
|clearpoke
|poke|p1|Froslass, F|
|poke|p1|Azumarill, F|
|poke|p1|Lycanroc-Dusk, M|
|poke|p1|Gyarados, F|
|poke|p1|Necrozma|
|poke|p1|Polteageist|
|poke|p2|Scizor, M|
|poke|p2|Conkeldurr, F|
|poke|p2|Mesprit|
|poke|p2|Marowak-Alola, F|
|poke|p2|Porygon2|
|poke|p2|Celesteela|
|teampreview
|c|☆Lily|hf
|c|☆Cam|hf
|
|t:|1665508703
|start
|switch|p1a: borrowed time|Froslass, F, shiny|100/100
|switch|p2a: Scizor|Scizor, M|100/100
|turn|1
|
|t:|1665508709
|move|p1a: borrowed time|Spikes|p2a: Scizor
|-sidestart|p2: Cam|Spikes
|move|p2a: Scizor|Bug Bite|p1a: borrowed time
|-resisted|p1a: borrowed time
|-damage|p1a: borrowed time|54/100
|-damage|p2a: Scizor|91/100|[from] item: Life Orb
|
|upkeep
|turn|2
|
|t:|1665508712
|move|p2a: Scizor|Bullet Punch|p1a: borrowed time
|-supereffective|p1a: borrowed time
|-crit|p1a: borrowed time
|-damage|p1a: borrowed time|0 fnt
|faint|p1a: borrowed time
|-damage|p2a: Scizor|81/100|[from] item: Life Orb
|
|upkeep
|
|t:|1665508716
|switch|p1a: nebs in black|Necrozma|100/100
|turn|3
|c|+Sage|nebs in black
|
|t:|1665508733
|switch|p2a: Mesprit|Mesprit|100/100
|move|p1a: nebs in black|Heat Wave|p2a: Mesprit|[miss]
|-miss|p1a: nebs in black|p2a: Mesprit
|
|upkeep
|turn|4
|
|t:|1665508736
|move|p1a: nebs in black|Stealth Rock|p2a: Mesprit
|-sidestart|p2: Cam|move: Stealth Rock
|move|p2a: Mesprit|Stealth Rock|p1a: nebs in black
|-sidestart|p1: Lily|move: Stealth Rock
|
|upkeep
|turn|5
|
|t:|1665508741
|move|p1a: nebs in black|Meteor Beam||[still]
|-prepare|p1a: nebs in black|Meteor Beam
|-boost|p1a: nebs in black|spa|1
|-enditem|p1a: nebs in black|Power Herb
|-anim|p1a: nebs in black|Meteor Beam|p2a: Mesprit
|-damage|p2a: Mesprit|47/100
|move|p2a: Mesprit|Encore|p1a: nebs in black
|-start|p1a: nebs in black|Encore
|
|upkeep
|turn|6
|
|t:|1665508750
|move|p1a: nebs in black|Meteor Beam||[still]
|-prepare|p1a: nebs in black|Meteor Beam
|-boost|p1a: nebs in black|spa|1
|move|p2a: Mesprit|Trick Room|p2a: Mesprit
|-fieldstart|move: Trick Room|[of] p2a: Mesprit
|
|upkeep
|turn|7
|
|t:|1665508752
|move|p2a: Mesprit|Healing Wish|p2a: Mesprit
|faint|p2a: Mesprit
|move|p1a: nebs in black|Meteor Beam|p2: Mesprit|[from]lockedmove|[notarget]
|-fail|p1a: nebs in black
|
|upkeep
|
|t:|1665508767
|switch|p2a: Marowak|Marowak-Alola, F|100/100
|-damage|p2a: Marowak|88/100|[from] Spikes
|-damage|p2a: Marowak|63/100|[from] Stealth Rock
|turn|8
|
|t:|1665508772
|move|p2a: Marowak|Shadow Bone|p1a: nebs in black
|-supereffective|p1a: nebs in black
|-damage|p1a: nebs in black|4/100
|move|p1a: nebs in black|Meteor Beam||[still]
|-prepare|p1a: nebs in black|Meteor Beam
|-boost|p1a: nebs in black|spa|1
|
|-end|p1a: nebs in black|Encore
|upkeep
|turn|9
|
|t:|1665508775
|move|p2a: Marowak|Shadow Bone|p1a: nebs in black
|-supereffective|p1a: nebs in black
|-damage|p1a: nebs in black|0 fnt
|faint|p1a: nebs in black
|
|upkeep
|
|t:|1665508778
|switch|p1a: mike D|Lycanroc-Dusk, M|100/100
|-damage|p1a: mike D|88/100|[from] Stealth Rock
|turn|10
|
|t:|1665508780
|switch|p2a: Conkeldurr|Conkeldurr, F|100/100
|-damage|p2a: Conkeldurr|88/100|[from] Spikes
|-damage|p2a: Conkeldurr|82/100|[from] Stealth Rock
|move|p1a: mike D|Accelerock|p2a: Conkeldurr
|-resisted|p2a: Conkeldurr
|-damage|p2a: Conkeldurr|67/100
|-damage|p1a: mike D|78/100|[from] item: Life Orb
|
|-fieldend|move: Trick Room
|-status|p2a: Conkeldurr|brn|[from] item: Flame Orb
|upkeep
|turn|11
|
|t:|1665508789
|move|p2a: Conkeldurr|Mach Punch|p1a: mike D
|-supereffective|p1a: mike D
|-damage|p1a: mike D|0 fnt
|faint|p1a: mike D
|
|-damage|p2a: Conkeldurr|61/100 brn|[from] brn
|upkeep
|
|t:|1665508818
|switch|p1a: wendell wabbit|Azumarill, F|100/100
|-damage|p1a: wendell wabbit|88/100|[from] Stealth Rock
|turn|12
|
|t:|1665508824
|move|p1a: wendell wabbit|Play Rough|p2a: Conkeldurr
|-supereffective|p2a: Conkeldurr
|-damage|p2a: Conkeldurr|0 fnt
|faint|p2a: Conkeldurr
|
|upkeep
|
|t:|1665508841
|switch|p2a: Celesteela|Celesteela|100/100
|-damage|p2a: Celesteela|88/100|[from] Stealth Rock
|turn|13
|
|t:|1665508843
|move|p1a: wendell wabbit|Belly Drum|p1a: wendell wabbit
|-damage|p1a: wendell wabbit|38/100
|-setboost|p1a: wendell wabbit|atk|6|[from] move: Belly Drum
|-enditem|p1a: wendell wabbit|Sitrus Berry|[eat]
|-heal|p1a: wendell wabbit|63/100|[from] item: Sitrus Berry
|move|p2a: Celesteela|Air Slash|p1a: wendell wabbit
|-damage|p1a: wendell wabbit|19/100
|
|upkeep
|turn|14
|
|t:|1665508850
|move|p1a: wendell wabbit|Knock Off|p2a: Celesteela
|-damage|p2a: Celesteela|0 fnt
|-enditem|p2a: Celesteela|Power Herb|[from] move: Knock Off|[of] p1a: wendell wabbit
|faint|p2a: Celesteela
|
|upkeep
|
|t:|1665508856
|switch|p2a: Scizor|Scizor, M|81/100
|-heal|p2a: Scizor|100/100|[from] move: Healing Wish
|-damage|p2a: Scizor|88/100|[from] Spikes
|-damage|p2a: Scizor|76/100|[from] Stealth Rock
|turn|15
|
|t:|1665508859
|move|p1a: wendell wabbit|Aqua Jet|p2a: Scizor
|-damage|p2a: Scizor|0 fnt
|faint|p2a: Scizor
|
|upkeep
|
|t:|1665508860
|switch|p2a: Porygon2|Porygon2|100/100
|-damage|p2a: Porygon2|88/100|[from] Spikes
|-damage|p2a: Porygon2|76/100|[from] Stealth Rock
|-ability|p2a: Porygon2|Huge Power|[from] ability: Trace|[of] p1a: wendell wabbit
|turn|16
|
|t:|1665508862
|move|p1a: wendell wabbit|Knock Off|p2a: Porygon2
|-damage|p2a: Porygon2|0 fnt
|-enditem|p2a: Porygon2|Eviolite|[from] move: Knock Off|[of] p1a: wendell wabbit
|faint|p2a: Porygon2
|
|upkeep
|c|☆Cam|gg
|c|☆Lily|gg
|
|t:|1665508865
|switch|p2a: Marowak|Marowak-Alola, F|63/100
|-damage|p2a: Marowak|51/100|[from] Spikes
|-damage|p2a: Marowak|26/100|[from] Stealth Rock
|turn|17
|
|t:|1665508868
|move|p1a: wendell wabbit|Aqua Jet|p2a: Marowak
|-supereffective|p2a: Marowak
|-damage|p2a: Marowak|0 fnt
|faint|p2a: Marowak
|
|win|Lily
