|inactive|Battle timer is ON: inactive players will automatically lose when time's up.
|t:|1645750481
|gametype|singles
|player|p1|GasaiiYunoSan|flannery|
|player|p2|chlo|#chlo|
|teamsize|p1|6
|teamsize|p2|6
|gen|8
|tier|[Gen 8] UU
|rule|Sleep Clause Mod: Limit one foe put to sleep
|rule|Species Clause: Limit one of each Pokémon
|rule|OHKO Clause: OHKO moves are banned
|rule|Evasion Moves Clause: Evasion moves are banned
|rule|Endless Battle Clause: Forcing endless battles is banned
|rule|HP Percentage Mod: HP is shown in percentages
|rule|Dynamax Clause: You cannot dynamax
|clearpoke
|poke|p1|Salamence, M|
|poke|p1|Azelf|
|poke|p1|Jirachi|
|poke|p1|Ribombee, M|
|poke|p1|Durant, F|
|poke|p1|Thundurus-Therian, M|
|poke|p2|Conkeldurr, F|
|poke|p2|Hydreigon, F|
|poke|p2|Tapu Bulu|
|poke|p2|Swampert, F|
|poke|p2|Aegislash, F|
|poke|p2|Thundurus-Therian, M|
|teampreview
|c|☆GasaiiYunoSan|Dont abuse me pls
|c|☆chlo|???
|inactive|GasaiiYunoSan has 270 seconds left.
|inactive|chlo has 270 seconds left.
|c|☆GasaiiYunoSan|Jsjsjsjs gl :3
|c|☆chlo|u2
|
|t:|1645750536
|start
|switch|p1a: Azelf|Azelf|100/100
|switch|p2a: Hydreigon|Hydreigon, F|100/100
|turn|1
|
|t:|1645750544
|switch|p2a: Aegislash|Aegislash, F|100/100
|move|p1a: Azelf|Stealth Rock|p2a: Aegislash
|-sidestart|p2: chlo|move: Stealth Rock
|
|upkeep
|turn|2
|
|t:|1645750549
|move|p1a: Azelf|Taunt|p2a: Aegislash
|-start|p2a: Aegislash|move: Taunt
|cant|p2a: Aegislash|move: Taunt|Substitute
|
|upkeep
|turn|3
|inactive|GasaiiYunoSan has 270 seconds left.
|c|☆GasaiiYunoSan|I dont have ghost resist lel
|
|t:|1645750602
|move|p1a: Azelf|Self-Destruct|p2a: Aegislash
|-immune|p2a: Aegislash
|faint|p1a: Azelf
|-formechange|p2a: Aegislash|Aegislash-Blade||[from] ability: Stance Change
|move|p2a: Aegislash|Shadow Ball|p1: Azelf|[notarget]
|-fail|p2a: Aegislash
|
|upkeep
|inactive|GasaiiYunoSan has 240 seconds left.
|c|☆chlo|!learn azelf, explosion
|c|+chlo|/raw <div class="infobox">In [Gen 8] UU, Azelf <span class="message-learn-canlearn">can</span> learn Explosion from:<ul class="message-learn-list"><li>anywhere (move is level-up/tutor/TM/HM/egg in Gen 8)</ul></div>
|c|☆chlo|?
|
|t:|1645750634
|switch|p1a: Thundurus|Thundurus-Therian, M|100/100
|turn|4
|inactive|chlo has 270 seconds left.
|
|t:|1645750680
|move|p1a: Thundurus|Nasty Plot|p1a: Thundurus
|-boost|p1a: Thundurus|spa|2
|move|p2a: Aegislash|Shadow Ball|p1a: Thundurus
|-damage|p1a: Thundurus|54/100
|-unboost|p1a: Thundurus|spd|1
|
|-end|p2a: Aegislash|move: Taunt
|upkeep
|turn|5
|inactive|GasaiiYunoSan has 240 seconds left.
|
|t:|1645750694
|move|p1a: Thundurus|Thunderbolt|p2a: Aegislash
|-damage|p2a: Aegislash|0 fnt
|faint|p2a: Aegislash
|
|upkeep
|
|t:|1645750708
|switch|p2a: Hydreigon|Hydreigon, F|100/100
|-damage|p2a: Hydreigon|88/100|[from] Stealth Rock
|turn|6
|
|t:|1645750715
|move|p2a: Hydreigon|Dark Pulse|p1a: Thundurus
|-damage|p1a: Thundurus|0 fnt
|faint|p1a: Thundurus
|
|upkeep
|inactive|GasaiiYunoSan has 240 seconds left.
|inactive|GasaiiYunoSan has 210 seconds left.
|
|t:|1645750764
|switch|p1a: Ribombee|Ribombee, M|100/100
|turn|7
|inactive|GasaiiYunoSan has 210 seconds left.
|
|t:|1645750792
|switch|p2a: Tapu Bulu|Tapu Bulu|100/100
|-fieldstart|move: Grassy Terrain|[from] ability: Grassy Surge|[of] p2a: Tapu Bulu
|move|p1a: Ribombee|Moonblast|p2a: Tapu Bulu
|-damage|p2a: Tapu Bulu|40/100
|-damage|p1a: Ribombee|91/100|[from] item: Life Orb
|
|-heal|p1a: Ribombee|97/100|[from] Grassy Terrain
|-heal|p2a: Tapu Bulu|46/100|[from] Grassy Terrain
|upkeep
|turn|8
|inactive|GasaiiYunoSan has 210 seconds left.
|inactive|chlo has 240 seconds left.
|inactive|GasaiiYunoSan has 180 seconds left.
|inactive|GasaiiYunoSan has 150 seconds left.
|inactive|GasaiiYunoSan has 120 seconds left.
|
|t:|1645750900
|move|p1a: Ribombee|Quiver Dance|p1a: Ribombee
|-boost|p1a: Ribombee|spa|1
|-boost|p1a: Ribombee|spd|1
|-boost|p1a: Ribombee|spe|1
|move|p2a: Tapu Bulu|Toxic|p1a: Ribombee
|-status|p1a: Ribombee|tox
|
|-heal|p1a: Ribombee|100/100 tox|[from] Grassy Terrain
|-heal|p2a: Tapu Bulu|53/100|[from] Grassy Terrain
|-damage|p1a: Ribombee|94/100 tox|[from] psn
|upkeep
|turn|9
|inactive|GasaiiYunoSan has 120 seconds left.
|inactive|chlo has 240 seconds left.
|
|t:|1645750911
|move|p1a: Ribombee|Moonblast|p2a: Tapu Bulu
|-damage|p2a: Tapu Bulu|0 fnt
|faint|p2a: Tapu Bulu
|-damage|p1a: Ribombee|84/100 tox|[from] item: Life Orb
|
|-heal|p1a: Ribombee|91/100 tox|[from] Grassy Terrain
|-damage|p1a: Ribombee|78/100 tox|[from] psn
|upkeep
|
|t:|1645750928
|switch|p2a: Swampert|Swampert, F|100/100
|-damage|p2a: Swampert|94/100|[from] Stealth Rock
|turn|10
|
|t:|1645750934
|move|p1a: Ribombee|Moonblast|p2a: Swampert
|-damage|p2a: Swampert|15/100
|-unboost|p2a: Swampert|spa|1
|-damage|p1a: Ribombee|68/100 tox|[from] item: Life Orb
|move|p2a: Swampert|Flip Turn|p1a: Ribombee
|-damage|p1a: Ribombee|22/100 tox
|inactive|chlo has 210 seconds left.
|
|t:|1645750962
|switch|p2a: Conkeldurr|Conkeldurr, F|100/100|[from]move: Flip Turn
|-damage|p2a: Conkeldurr|95/100|[from] Stealth Rock
|
|-heal|p1a: Ribombee|28/100 tox|[from] Grassy Terrain
|-heal|p2a: Conkeldurr|100/100|[from] Grassy Terrain
|-damage|p1a: Ribombee|10/100 tox|[from] psn
|-status|p2a: Conkeldurr|brn|[from] item: Flame Orb
|upkeep
|turn|11
|inactive|chlo has 210 seconds left.
|
|t:|1645750981
|switch|p1a: Salamence|Salamence, M|100/100
|move|p2a: Conkeldurr|Mach Punch|p1a: Salamence
|-resisted|p1a: Salamence
|-damage|p1a: Salamence|77/100
|
|-damage|p2a: Conkeldurr|95/100 brn|[from] brn
|-fieldend|move: Grassy Terrain
|upkeep
|turn|12
|inactive|chlo has 210 seconds left.
|inactive|GasaiiYunoSan has 120 seconds left.
|inactive|chlo has 180 seconds left.
|inactive|GasaiiYunoSan has 90 seconds left.
|
|t:|1645751033
|switch|p1a: Durant|Durant, F|100/100
|move|p2a: Conkeldurr|Facade|p1a: Durant
|-resisted|p1a: Durant
|-damage|p1a: Durant|48/100
|
|-damage|p2a: Conkeldurr|89/100 brn|[from] brn
|upkeep
|turn|13
|inactive|chlo has 180 seconds left.
|
|t:|1645751066
|switch|p2a: Swampert|Swampert, F|15/100
|-damage|p2a: Swampert|9/100|[from] Stealth Rock
|move|p1a: Durant|Iron Head|p2a: Swampert
|-resisted|p2a: Swampert
|-crit|p2a: Swampert
|-damage|p2a: Swampert|0 fnt
|faint|p2a: Swampert
|-damage|p1a: Durant|39/100|[from] item: Life Orb
|
|upkeep
|
|t:|1645751075
|switch|p2a: Hydreigon|Hydreigon, F|88/100
|-damage|p2a: Hydreigon|76/100|[from] Stealth Rock
|turn|14
|
|t:|1645751092
|move|p2a: Hydreigon|Dark Pulse|p1a: Durant
|-damage|p1a: Durant|0 fnt
|faint|p1a: Durant
|
|upkeep
|
|t:|1645751097
|switch|p1a: Salamence|Salamence, M|77/100
|turn|15
|inactive|chlo has 180 seconds left.
|inactive|GasaiiYunoSan has 90 seconds left.
|
|t:|1645751133
|move|p2a: Hydreigon|Dark Pulse|p1a: Salamence
|-damage|p1a: Salamence|22/100
|move|p1a: Salamence|Dragon Dance|p1a: Salamence
|-boost|p1a: Salamence|atk|1
|-boost|p1a: Salamence|spe|1
|
|upkeep
|turn|16
|inactive|chlo has 150 seconds left.
|inactive|chlo has 120 seconds left.
|
|t:|1645751203
|switch|p2a: Thundurus|Thundurus-Therian, M|100/100
|move|p1a: Salamence|Outrage|p2a: Thundurus
|-damage|p2a: Thundurus|0 fnt
|faint|p2a: Thundurus
|-ability|p1a: Salamence|Moxie|boost
|-boost|p1a: Salamence|atk|1
|
|upkeep
|
|t:|1645751211
|switch|p2a: Conkeldurr|Conkeldurr, F|89/100 brn
|-damage|p2a: Conkeldurr|83/100 brn|[from] Stealth Rock
|turn|17
|
|t:|1645751220
|move|p2a: Conkeldurr|Mach Punch|p1a: Salamence
|-resisted|p1a: Salamence
|-damage|p1a: Salamence|0 fnt
|faint|p1a: Salamence
|
|-damage|p2a: Conkeldurr|77/100 brn|[from] brn
|upkeep
|
|t:|1645751222
|switch|p1a: Jirachi|Jirachi|100/100
|turn|18
|inactive|chlo has 120 seconds left.
|inactive|chlo has 90 seconds left.
|inactive|chlo has 60 seconds left.
|inactive|chlo has 30 seconds left.
|
|t:|1645751324
|move|p2a: Conkeldurr|Mach Punch|p1a: Jirachi
|-damage|p1a: Jirachi|65/100
|move|p1a: Jirachi|Iron Head|p2a: Conkeldurr
|-damage|p2a: Conkeldurr|43/100 brn
|
|-damage|p2a: Conkeldurr|37/100 brn|[from] brn
|upkeep
|turn|19
|inactive|chlo has 30 seconds left.
|inactive|chlo has 20 seconds left.
|inactive|chlo has 15 seconds left.
|
|t:|1645751346
|move|p1a: Jirachi|Iron Head|p2a: Conkeldurr
|-damage|p2a: Conkeldurr|3/100 brn
|move|p2a: Conkeldurr|Knock Off|p1a: Jirachi
|-supereffective|p1a: Jirachi
|-damage|p1a: Jirachi|0 fnt
|-enditem|p1a: Jirachi|Choice Scarf|[from] move: Knock Off|[of] p2a: Conkeldurr
|faint|p1a: Jirachi
|
|-damage|p2a: Conkeldurr|0 fnt|[from] brn
|faint|p2a: Conkeldurr
|upkeep
|inactive|chlo has 25 seconds left this turn.
|inactive|chlo has 20 seconds left.
|
|t:|1645751356
|switch|p1a: Ribombee|Ribombee, M|10/100 tox
|switch|p2a: Hydreigon|Hydreigon, F|76/100
|-damage|p2a: Hydreigon|64/100|[from] Stealth Rock
|turn|20
|inactive|chlo has 30 seconds left this turn.
|c|☆chlo|gg
|c|☆GasaiiYunoSan|Gg jsjs
|
|t:|1645751367
|move|p2a: Hydreigon|Dark Pulse|p1a: Ribombee
|-resisted|p1a: Ribombee
|-damage|p1a: Ribombee|0 fnt
|faint|p1a: Ribombee
|
|win|chlo
