|inactive|Battle timer is ON: inactive players will automatically lose when time's up.
|t:|1646162686
|gametype|singles
|player|p1|Fathiryxi|preschoolers|
|player|p2|mushamu|psychicf|
|teamsize|p1|6
|teamsize|p2|6
|gen|8
|tier|[Gen 8] UU
|rule|Sleep Clause Mod: Limit one foe put to sleep
|rule|Species Clause: Limit one of each Pokémon
|rule|OHKO Clause: OHKO moves are banned
|rule|Evasion Moves Clause: Evasion moves are banned
|rule|Endless Battle Clause: Forcing endless battles is banned
|rule|HP Percentage Mod: HP is shown in percentages
|rule|Dynamax Clause: You cannot dynamax
|clearpoke
|poke|p1|Necrozma|
|poke|p1|Durant, M|
|poke|p1|Chansey, F|
|poke|p1|Rotom-Wash|
|poke|p1|Tapu Bulu|
|poke|p1|Hydreigon, M|
|poke|p2|Mamoswine, M|
|poke|p2|Salazzle, F|
|poke|p2|Zarude-Dada|
|poke|p2|Cobalion|
|poke|p2|Slowking, F|
|poke|p2|Celesteela|
|teampreview
|c|☆Fathiryxi|hf 
|inactive|Fathiryxi has 270 seconds left.
|inactive|mushamu has 270 seconds left.
|inactive|mushamu has 240 seconds left.
|
|t:|1646162756
|start
|switch|p1a: Durant|Durant, M|100/100
|switch|p2a: Salazzle|Salazzle, F|100/100
|turn|1
|
|t:|1646162762
|switch|p1a: Chansey|Chansey, F|100/100
|move|p2a: Salazzle|Knock Off|p1a: Chansey
|-damage|p1a: Chansey|91/100
|-enditem|p1a: Chansey|Eviolite|[from] move: Knock Off|[of] p2a: Salazzle
|
|upkeep
|turn|2
|
|t:|1646162789
|switch|p2a: Slowking|Slowking, F|100/100
|move|p1a: Chansey|Stealth Rock|p2a: Slowking
|-sidestart|p2: mushamu|move: Stealth Rock
|
|upkeep
|turn|3
|
|t:|1646162798
|switch|p1a: Hydreigon|Hydreigon, M|100/100
|move|p2a: Slowking|Teleport|p2a: Slowking
|
|t:|1646162803
|switch|p2a: Cobalion|Cobalion|100/100|[from]move: Teleport
|-damage|p2a: Cobalion|97/100|[from] Stealth Rock
|
|upkeep
|turn|4
|c|+Micciu20250|Fathi 
|
|t:|1646162822
|switch|p2a: Slowking|Slowking, F|100/100
|move|p1a: Hydreigon|Fire Blast|p2a: Slowking
|-resisted|p2a: Slowking
|-damage|p2a: Slowking|85/100
|
|upkeep
|turn|5
|c|+Micciu20250|c’est ce set ?
|c|☆Fathiryxi|qui sait 
|
|t:|1646162851
|switch|p1a: Rotom|Rotom-Wash|100/100
|move|p2a: Slowking|Teleport|p2a: Slowking
|c|+Micciu20250|Ptdrr je vais look juste pour ça 
|
|t:|1646162855
|switch|p2a: Zarude|Zarude-Dada|100/100|[from]move: Teleport
|
|upkeep
|turn|6
|
|t:|1646162859
|switch|p1a: Tapu Bulu|Tapu Bulu|100/100
|-fieldstart|move: Grassy Terrain|[from] ability: Grassy Surge|[of] p1a: Tapu Bulu
|move|p2a: Zarude|Power Whip|p1a: Tapu Bulu
|-resisted|p1a: Tapu Bulu
|-damage|p1a: Tapu Bulu|73/100
|-damage|p2a: Zarude|84/100|[from] item: Rocky Helmet|[of] p1a: Tapu Bulu
|
|-heal|p2a: Zarude|90/100|[from] Grassy Terrain
|-heal|p1a: Tapu Bulu|79/100|[from] Grassy Terrain
|upkeep
|turn|7
|
|t:|1646162883
|move|p2a: Zarude|U-turn|p1a: Tapu Bulu
|-damage|p1a: Tapu Bulu|64/100
|-damage|p2a: Zarude|73/100|[from] item: Rocky Helmet|[of] p1a: Tapu Bulu
|
|t:|1646162886
|switch|p2a: Cobalion|Cobalion|97/100|[from]move: U-turn
|-damage|p2a: Cobalion|94/100|[from] Stealth Rock
|move|p1a: Tapu Bulu|Horn Leech|p2a: Cobalion
|-resisted|p2a: Cobalion
|-damage|p2a: Cobalion|76/100
|-heal|p1a: Tapu Bulu|73/100|[from] drain|[of] p2a: Cobalion
|-damage|p1a: Tapu Bulu|56/100|[from] item: Rocky Helmet|[of] p2a: Cobalion
|
|-heal|p2a: Cobalion|82/100|[from] Grassy Terrain
|-heal|p1a: Tapu Bulu|62/100|[from] Grassy Terrain
|upkeep
|turn|8
|
|t:|1646162894
|switch|p1a: Rotom|Rotom-Wash|100/100
|move|p2a: Cobalion|Stealth Rock|p1a: Rotom
|-sidestart|p1: Fathiryxi|move: Stealth Rock
|
|-heal|p2a: Cobalion|88/100|[from] Grassy Terrain
|upkeep
|turn|9
|
|t:|1646162909
|move|p2a: Cobalion|Volt Switch|p1a: Rotom
|-damage|p1a: Rotom|86/100
|
|t:|1646162913
|switch|p2a: Slowking|Slowking, F|100/100|[from]move: Volt Switch
|move|p1a: Rotom|Volt Switch|p2a: Slowking
|-supereffective|p2a: Slowking
|-damage|p2a: Slowking|57/100
|
|t:|1646162930
|switch|p1a: Durant|Durant, M|100/100|[from]move: Volt Switch
|-damage|p1a: Durant|88/100|[from] Stealth Rock
|
|-heal|p1a: Durant|94/100|[from] Grassy Terrain
|-heal|p2a: Slowking|63/100|[from] Grassy Terrain
|upkeep
|turn|10
|inactive|Fathiryxi has 270 seconds left.
|
|t:|1646162959
|switch|p1a: Rotom|Rotom-Wash|86/100
|-damage|p1a: Rotom|74/100|[from] Stealth Rock
|move|p2a: Slowking|Teleport|p2a: Slowking
|
|t:|1646162963
|switch|p2a: Zarude|Zarude-Dada|73/100|[from]move: Teleport
|
|-heal|p2a: Zarude|79/100|[from] Grassy Terrain
|-heal|p1a: Rotom|80/100|[from] item: Leftovers
|-fieldend|move: Grassy Terrain
|upkeep
|turn|11
|
|t:|1646162976
|switch|p1a: Tapu Bulu|Tapu Bulu|62/100
|-damage|p1a: Tapu Bulu|50/100|[from] Stealth Rock
|-fieldstart|move: Grassy Terrain|[from] ability: Grassy Surge|[of] p1a: Tapu Bulu
|move|p2a: Zarude|Power Whip|p1a: Tapu Bulu
|-resisted|p1a: Tapu Bulu
|-damage|p1a: Tapu Bulu|21/100
|-damage|p2a: Zarude|63/100|[from] item: Rocky Helmet|[of] p1a: Tapu Bulu
|
|-heal|p2a: Zarude|69/100|[from] Grassy Terrain
|-heal|p1a: Tapu Bulu|27/100|[from] Grassy Terrain
|upkeep
|turn|12
|inactive|Fathiryxi has 270 seconds left.
|inactive|Fathiryxi has 240 seconds left.
|
|t:|1646163021
|move|p2a: Zarude|U-turn|p1a: Tapu Bulu
|-damage|p1a: Tapu Bulu|10/100
|-damage|p2a: Zarude|52/100|[from] item: Rocky Helmet|[of] p1a: Tapu Bulu
|
|t:|1646163032
|switch|p2a: Cobalion|Cobalion|88/100|[from]move: U-turn
|-damage|p2a: Cobalion|85/100|[from] Stealth Rock
|move|p1a: Tapu Bulu|Synthesis|p1a: Tapu Bulu
|-heal|p1a: Tapu Bulu|60/100
|
|-heal|p2a: Cobalion|91/100|[from] Grassy Terrain
|-heal|p1a: Tapu Bulu|66/100|[from] Grassy Terrain
|upkeep
|turn|13
|inactive|Fathiryxi has 240 seconds left.
|
|t:|1646163056
|move|p2a: Cobalion|Volt Switch|p1a: Tapu Bulu
|-resisted|p1a: Tapu Bulu
|-damage|p1a: Tapu Bulu|59/100
|
|t:|1646163059
|switch|p2a: Mamoswine|Mamoswine, M|100/100|[from]move: Volt Switch
|-damage|p2a: Mamoswine|88/100|[from] Stealth Rock
|move|p1a: Tapu Bulu|Synthesis|p1a: Tapu Bulu
|-heal|p1a: Tapu Bulu|100/100
|
|-heal|p2a: Mamoswine|94/100|[from] Grassy Terrain
|upkeep
|turn|14
|
|t:|1646163070
|switch|p2a: Zarude|Zarude-Dada|52/100
|switch|p1a: Rotom|Rotom-Wash|80/100
|-damage|p1a: Rotom|68/100|[from] Stealth Rock
|
|-heal|p2a: Zarude|58/100|[from] Grassy Terrain
|-heal|p1a: Rotom|74/100|[from] item: Leftovers
|upkeep
|turn|15
|
|t:|1646163075
|switch|p1a: Tapu Bulu|Tapu Bulu|100/100
|-damage|p1a: Tapu Bulu|88/100|[from] Stealth Rock
|move|p2a: Zarude|U-turn|p1a: Tapu Bulu
|-damage|p1a: Tapu Bulu|71/100
|-damage|p2a: Zarude|42/100|[from] item: Rocky Helmet|[of] p1a: Tapu Bulu
|
|t:|1646163078
|switch|p2a: Salazzle|Salazzle, F|100/100|[from]move: U-turn
|
|-heal|p1a: Tapu Bulu|77/100|[from] Grassy Terrain
|-fieldend|move: Grassy Terrain
|upkeep
|turn|16
|
|t:|1646163083
|switch|p1a: Chansey|Chansey, F|91/100
|-damage|p1a: Chansey|79/100|[from] Stealth Rock
|move|p2a: Salazzle|Sludge Bomb|p1a: Chansey
|-damage|p1a: Chansey|59/100
|
|upkeep
|turn|17
|
|t:|1646163089
|move|p2a: Salazzle|Sludge Bomb|p1a: Chansey
|-damage|p1a: Chansey|38/100
|move|p1a: Chansey|Soft-Boiled|p1a: Chansey
|-heal|p1a: Chansey|88/100
|
|upkeep
|turn|18
|
|t:|1646163098
|switch|p2a: Mamoswine|Mamoswine, M|94/100
|-damage|p2a: Mamoswine|82/100|[from] Stealth Rock
|move|p1a: Chansey|Seismic Toss|p2a: Mamoswine
|-damage|p2a: Mamoswine|54/100
|
|upkeep
|turn|19
|
|t:|1646163102
|switch|p1a: Rotom|Rotom-Wash|74/100
|-damage|p1a: Rotom|62/100|[from] Stealth Rock
|move|p2a: Mamoswine|Knock Off|p1a: Rotom
|-damage|p1a: Rotom|21/100
|-enditem|p1a: Rotom|Leftovers|[from] move: Knock Off|[of] p2a: Mamoswine
|
|upkeep
|turn|20
|inactive|Fathiryxi has 270 seconds left.
|
|t:|1646163133
|switch|p2a: Zarude|Zarude-Dada|42/100
|move|p1a: Rotom|Pain Split|p2a: Zarude
|-sethp|p2a: Zarude|30/100|[from] move: Pain Split|[silent]
|-sethp|p1a: Rotom|34/100|[from] move: Pain Split
|
|upkeep
|turn|21
|inactive|Fathiryxi has 270 seconds left.
|
|t:|1646163151
|switch|p1a: Durant|Durant, M|94/100
|-damage|p1a: Durant|82/100|[from] Stealth Rock
|move|p2a: Zarude|Jungle Healing|p2a: Zarude
|-heal|p2a: Zarude|55/100
|
|upkeep
|turn|22
|inactive|Fathiryxi has 270 seconds left.
|
|t:|1646163169
|switch|p2a: Salazzle|Salazzle, F|100/100
|move|p1a: Durant|Superpower|p2a: Salazzle
|-resisted|p2a: Salazzle
|-damage|p2a: Salazzle|36/100
|-unboost|p1a: Durant|atk|1
|-unboost|p1a: Durant|def|1
|-damage|p1a: Durant|72/100|[from] item: Life Orb
|
|upkeep
|turn|23
|
|t:|1646163174
|switch|p2a: Mamoswine|Mamoswine, M|54/100
|-damage|p2a: Mamoswine|41/100|[from] Stealth Rock
|switch|p1a: Chansey|Chansey, F|88/100
|-damage|p1a: Chansey|76/100|[from] Stealth Rock
|
|upkeep
|turn|24
|inactive|Fathiryxi has 270 seconds left.
|
|t:|1646163199
|switch|p1a: Rotom|Rotom-Wash|34/100
|-damage|p1a: Rotom|22/100|[from] Stealth Rock
|move|p2a: Mamoswine|Icicle Crash|p1a: Rotom
|-resisted|p1a: Rotom
|-damage|p1a: Rotom|0 fnt
|faint|p1a: Rotom
|
|upkeep
|
|t:|1646163210
|switch|p1a: Durant|Durant, M|72/100
|-damage|p1a: Durant|60/100|[from] Stealth Rock
|turn|25
|
|t:|1646163236
|switch|p2a: Slowking|Slowking, F|97/100
|move|p1a: Durant|Superpower|p2a: Slowking|[miss]
|-miss|p1a: Durant|p2a: Slowking
|
|upkeep
|turn|26
|
|t:|1646163241
|switch|p1a: Hydreigon|Hydreigon, M|100/100
|-damage|p1a: Hydreigon|88/100|[from] Stealth Rock
|move|p2a: Slowking|Teleport|p2a: Slowking
|
|t:|1646163252
|switch|p2a: Celesteela|Celesteela|100/100|[from]move: Teleport
|-damage|p2a: Celesteela|88/100|[from] Stealth Rock
|
|-heal|p2a: Celesteela|94/100|[from] item: Leftovers
|upkeep
|turn|27
|inactive|Fathiryxi has 270 seconds left.
|
|t:|1646163267
|move|p2a: Celesteela|Protect|p2a: Celesteela
|-singleturn|p2a: Celesteela|Protect
|move|p1a: Hydreigon|Fire Blast|p2a: Celesteela
|-activate|p2a: Celesteela|move: Protect
|
|-heal|p2a: Celesteela|99/100|[from] item: Leftovers
|upkeep
|turn|28
|
|t:|1646163282
|switch|p1a: Necrozma|Necrozma|100/100
|-damage|p1a: Necrozma|88/100|[from] Stealth Rock
|switch|p2a: Slowking|Slowking, F|100/100
|
|upkeep
|turn|29
|
|t:|1646163289
|switch|p1a: Hydreigon|Hydreigon, M|88/100
|-damage|p1a: Hydreigon|76/100|[from] Stealth Rock
|move|p2a: Slowking|Teleport|p2a: Slowking
|
|t:|1646163299
|switch|p2a: Celesteela|Celesteela|99/100|[from]move: Teleport
|-damage|p2a: Celesteela|88/100|[from] Stealth Rock
|
|-heal|p2a: Celesteela|94/100|[from] item: Leftovers
|upkeep
|turn|30
|inactive|Fathiryxi has 270 seconds left.
|
|t:|1646163322
|switch|p1a: Necrozma|Necrozma|88/100
|-damage|p1a: Necrozma|76/100|[from] Stealth Rock
|move|p2a: Celesteela|Protect||[still]
|-fail|p2a: Celesteela
|
|-heal|p2a: Celesteela|99/100|[from] item: Leftovers
|upkeep
|turn|31
|inactive|Fathiryxi has 240 seconds left.
|
|t:|1646163374
|move|p1a: Necrozma|Calm Mind|p1a: Necrozma
|-boost|p1a: Necrozma|spa|1
|-boost|p1a: Necrozma|spd|1
|move|p2a: Celesteela|Leech Seed|p1a: Necrozma
|-start|p1a: Necrozma|move: Leech Seed
|
|-heal|p2a: Celesteela|100/100|[from] item: Leftovers
|-damage|p1a: Necrozma|64/100|[from] Leech Seed|[of] p2a: Celesteela
|upkeep
|turn|32
|
|t:|1646163413
|switch|p1a: Durant|Durant, M|60/100
|-damage|p1a: Durant|47/100|[from] Stealth Rock
|move|p2a: Celesteela|Heavy Slam|p1a: Durant
|-resisted|p1a: Durant
|-damage|p1a: Durant|21/100
|
|upkeep
|turn|33
|
|t:|1646163422
|move|p2a: Celesteela|Protect|p2a: Celesteela
|-singleturn|p2a: Celesteela|Protect
|move|p1a: Durant|Superpower|p2a: Celesteela
|-activate|p2a: Celesteela|move: Protect
|
|upkeep
|turn|34
|
|t:|1646163434
|move|p1a: Durant|Superpower|p2a: Celesteela
|-damage|p2a: Celesteela|43/100
|-unboost|p1a: Durant|atk|1
|-unboost|p1a: Durant|def|1
|-damage|p1a: Durant|11/100|[from] item: Life Orb
|move|p2a: Celesteela|Flamethrower|p1a: Durant
|-supereffective|p1a: Durant
|-damage|p1a: Durant|0 fnt
|faint|p1a: Durant
|-ability|p2a: Celesteela|Beast Boost|boost
|-boost|p2a: Celesteela|spd|1
|
|-heal|p2a: Celesteela|49/100|[from] item: Leftovers
|upkeep
|
|t:|1646163441
|switch|p1a: Hydreigon|Hydreigon, M|76/100
|-damage|p1a: Hydreigon|64/100|[from] Stealth Rock
|turn|35
|
|t:|1646163446
|move|p2a: Celesteela|Protect|p2a: Celesteela
|-singleturn|p2a: Celesteela|Protect
|move|p1a: Hydreigon|Dark Pulse|p2a: Celesteela
|-activate|p2a: Celesteela|move: Protect
|
|-heal|p2a: Celesteela|56/100|[from] item: Leftovers
|upkeep
|turn|36
|
|t:|1646163453
|move|p1a: Hydreigon|Dark Pulse|p2a: Celesteela
|-damage|p2a: Celesteela|37/100
|move|p2a: Celesteela|Leech Seed|p1a: Hydreigon
|-start|p1a: Hydreigon|move: Leech Seed
|
|-heal|p2a: Celesteela|43/100|[from] item: Leftovers
|-damage|p1a: Hydreigon|51/100|[from] Leech Seed|[of] p2a: Celesteela
|-heal|p2a: Celesteela|54/100|[silent]
|upkeep
|turn|37
|inactive|Fathiryxi has 240 seconds left.
|
|t:|1646163461
|switch|p1a: Necrozma|Necrozma|64/100
|-damage|p1a: Necrozma|51/100|[from] Stealth Rock
|move|p2a: Celesteela|Flamethrower|p1a: Necrozma
|-damage|p1a: Necrozma|31/100
|-status|p1a: Necrozma|brn
|
|-heal|p2a: Celesteela|60/100|[from] item: Leftovers
|-damage|p1a: Necrozma|25/100 brn|[from] brn
|upkeep
|turn|38
|
|t:|1646163465
|move|p1a: Necrozma|Rest|p1a: Necrozma
|-status|p1a: Necrozma|slp|[from] move: Rest
|-heal|p1a: Necrozma|100/100 slp|[silent]
|-enditem|p1a: Necrozma|Chesto Berry|[eat]
|-curestatus|p1a: Necrozma|slp|[msg]
|move|p2a: Celesteela|Heavy Slam|p1a: Necrozma
|-damage|p1a: Necrozma|76/100
|
|-heal|p2a: Celesteela|66/100|[from] item: Leftovers
|upkeep
|turn|39
|
|t:|1646163472
|move|p1a: Necrozma|Calm Mind|p1a: Necrozma
|-boost|p1a: Necrozma|spa|1
|-boost|p1a: Necrozma|spd|1
|move|p2a: Celesteela|Leech Seed|p1a: Necrozma
|-start|p1a: Necrozma|move: Leech Seed
|
|-heal|p2a: Celesteela|72/100|[from] item: Leftovers
|-damage|p1a: Necrozma|64/100|[from] Leech Seed|[of] p2a: Celesteela
|-heal|p2a: Celesteela|84/100|[silent]
|upkeep
|turn|40
|
|t:|1646163474
|move|p1a: Necrozma|Calm Mind|p1a: Necrozma
|-boost|p1a: Necrozma|spa|1
|-boost|p1a: Necrozma|spd|1
|move|p2a: Celesteela|Heavy Slam|p1a: Necrozma
|-damage|p1a: Necrozma|41/100
|
|-heal|p2a: Celesteela|90/100|[from] item: Leftovers
|-damage|p1a: Necrozma|29/100|[from] Leech Seed|[of] p2a: Celesteela
|-heal|p2a: Celesteela|100/100|[silent]
|upkeep
|turn|41
|
|t:|1646163477
|move|p1a: Necrozma|Rest|p1a: Necrozma
|-status|p1a: Necrozma|slp|[from] move: Rest
|-heal|p1a: Necrozma|100/100 slp|[silent]
|move|p2a: Celesteela|Heavy Slam|p1a: Necrozma
|-damage|p1a: Necrozma|76/100 slp
|
|-damage|p1a: Necrozma|64/100 slp|[from] Leech Seed|[of] p2a: Celesteela
|upkeep
|turn|42
|
|t:|1646163481
|cant|p1a: Necrozma|slp
|move|p2a: Celesteela|Heavy Slam|p1a: Necrozma
|-damage|p1a: Necrozma|41/100 slp
|
|-damage|p1a: Necrozma|29/100 slp|[from] Leech Seed|[of] p2a: Celesteela
|upkeep
|turn|43
|
|t:|1646163485
|switch|p1a: Hydreigon|Hydreigon, M|51/100
|-damage|p1a: Hydreigon|39/100|[from] Stealth Rock
|move|p2a: Celesteela|Heavy Slam|p1a: Hydreigon
|-crit|p1a: Hydreigon
|-damage|p1a: Hydreigon|0 fnt
|faint|p1a: Hydreigon
|-ability|p2a: Celesteela|Beast Boost|boost
|-boost|p2a: Celesteela|spd|1
|
|upkeep
|c|☆Fathiryxi|kek 
|c|☆Fathiryxi|ggs 
|c|☆mushamu|ggs
|-message|Fathiryxi forfeited.
|
|win|mushamu
