|inactive|Battle timer is ON: inactive players will automatically lose when time's up.
|t:|1645389408
|gametype|singles
|player|p1|KSt3ve|169|
|player|p2|thekingkarp|caitlin|
|teamsize|p1|6
|teamsize|p2|6
|gen|8
|tier|[Gen 8] UU
|rule|Sleep Clause Mod: Limit one foe put to sleep
|rule|Species Clause: Limit one of each Pokémon
|rule|OHKO Clause: OHKO moves are banned
|rule|Evasion Moves Clause: Evasion moves are banned
|rule|Endless Battle Clause: Forcing endless battles is banned
|rule|HP Percentage Mod: HP is shown in percentages
|rule|Dynamax Clause: You cannot dynamax
|clearpoke
|poke|p1|Sirfetch’d, F|
|poke|p1|Tangrowth, F|
|poke|p1|Nihilego|
|poke|p1|Krookodile, M|
|poke|p1|Rotom-Wash|
|poke|p1|Aegislash, F|
|poke|p2|Nihilego|
|poke|p2|Aegislash, M|
|poke|p2|Mamoswine, F|
|poke|p2|Thundurus-Therian, M|
|poke|p2|Slowking, M|
|poke|p2|Mandibuzz, F|
|teampreview
|inactive|thekingkarp also wants the timer to be on.
|c|☆thekingkarp|glhf
|c|+itsjustdrew|DUCK
|c|☆KSt3ve|DUCK
|c|☆KSt3ve|coin coin
|inactive|KSt3ve has 270 seconds left.
|inactive|thekingkarp has 270 seconds left.
|c|☆KSt3ve|hf
|c|+Micciu20250|go Steveeee
|c|+Jeza.p|allez congelo ! 
|inactive|KSt3ve has 240 seconds left.
|inactive|KSt3ve has 210 seconds left.
|
|t:|1645389505
|start
|switch|p1a: mighty bitey|Krookodile, M|100/100
|switch|p2a: Thundurus|Thundurus-Therian, M|100/100
|-ability|p1a: mighty bitey|Intimidate|boost
|-unboost|p2a: Thundurus|atk|1
|turn|1
|inactive|KSt3ve has 270 seconds left.
|
|t:|1645389523
|move|p1a: mighty bitey|Stone Edge|p2a: Thundurus
|-supereffective|p2a: Thundurus
|-damage|p2a: Thundurus|7/100
|move|p2a: Thundurus|Focus Blast|p1a: mighty bitey
|-supereffective|p1a: mighty bitey
|-damage|p1a: mighty bitey|0 fnt
|faint|p1a: mighty bitey
|
|upkeep
|
|t:|1645389537
|switch|p1a: stingy thingy|Nihilego|100/100
|turn|2
|
|t:|1645389546
|switch|p2a: Slowking|Slowking, M|100/100
|move|p1a: stingy thingy|Stealth Rock|p2a: Slowking
|-sidestart|p2: thekingkarp|move: Stealth Rock
|
|upkeep
|turn|3
|
|t:|1645389562
|move|p1a: stingy thingy|Knock Off|p2a: Slowking
|-supereffective|p2a: Slowking
|-enditem|p2a: Slowking|Colbur Berry|[eat]
|-enditem|p2a: Slowking|Colbur Berry|[weaken]
|-damage|p2a: Slowking|92/100
|move|p2a: Slowking|Teleport|p2a: Slowking
|
|t:|1645389567
|switch|p2a: Aegislash|Aegislash, M|100/100|[from]move: Teleport
|-damage|p2a: Aegislash|94/100|[from] Stealth Rock
|
|-heal|p2a: Aegislash|100/100|[from] item: Leftovers
|upkeep
|turn|4
|inactive|KSt3ve has 270 seconds left.
|
|t:|1645389581
|switch|p2a: Slowking|Slowking, M|100/100
|-damage|p2a: Slowking|88/100|[from] Stealth Rock
|move|p1a: stingy thingy|Knock Off|p2a: Slowking
|-supereffective|p2a: Slowking
|-damage|p2a: Slowking|75/100
|
|upkeep
|turn|5
|inactive|KSt3ve has 270 seconds left.
|
|t:|1645389593
|move|p1a: stingy thingy|Power Gem|p2a: Slowking
|-damage|p2a: Slowking|41/100
|move|p2a: Slowking|Thunder Wave|p1a: stingy thingy
|-status|p1a: stingy thingy|par
|
|upkeep
|turn|6
|inactive|thekingkarp has 270 seconds left.
|inactive|KSt3ve has 270 seconds left.
|
|t:|1645389650
|switch|p1a: stabby jabby|Aegislash, F|100/100
|move|p2a: Slowking|Teleport|p2a: Slowking
|
|t:|1645389658
|switch|p2a: Mamoswine|Mamoswine, F|100/100|[from]move: Teleport
|-damage|p2a: Mamoswine|88/100|[from] Stealth Rock
|
|upkeep
|turn|7
|
|t:|1645389668
|switch|p1a: ur rotom washed|Rotom-Wash|100/100
|move|p2a: Mamoswine|Knock Off|p1a: ur rotom washed
|-damage|p1a: ur rotom washed|58/100
|-enditem|p1a: ur rotom washed|Leftovers|[from] move: Knock Off|[of] p2a: Mamoswine
|
|upkeep
|turn|8
|
|t:|1645389684
|switch|p2a: Aegislash|Aegislash, M|100/100
|-damage|p2a: Aegislash|94/100|[from] Stealth Rock
|move|p1a: ur rotom washed|Volt Switch|p2a: Aegislash
|-damage|p2a: Aegislash|79/100
|
|t:|1645389690
|switch|p1a: QUACK ATTACK|Sirfetch’d, F|100/100|[from]move: Volt Switch
|
|-heal|p2a: Aegislash|85/100|[from] item: Leftovers
|upkeep
|turn|9
|
|t:|1645389703
|move|p2a: Aegislash|King's Shield|p2a: Aegislash
|-singleturn|p2a: Aegislash|Protect
|move|p1a: QUACK ATTACK|Close Combat|p2a: Aegislash
|-activate|p2a: Aegislash|move: Protect
|-unboost|p1a: QUACK ATTACK|atk|1
|
|-heal|p2a: Aegislash|92/100|[from] item: Leftovers
|upkeep
|turn|10
|
|t:|1645389711
|switch|p2a: Slowking|Slowking, M|74/100
|-damage|p2a: Slowking|62/100|[from] Stealth Rock
|move|p1a: QUACK ATTACK|Close Combat|p2a: Slowking
|-resisted|p2a: Slowking
|-damage|p2a: Slowking|45/100
|-unboost|p1a: QUACK ATTACK|def|1
|-unboost|p1a: QUACK ATTACK|spd|1
|
|upkeep
|turn|11
|c|☆KSt3ve|0
|c|+pokemonisfun|unrank duck
|inactive|thekingkarp has 240 seconds left.
|c|+Adaam|i assumed scrappy blocked ks too
|c|+pokemonisfun|adaam stop leaking
|inactive|thekingkarp has 210 seconds left.
|
|t:|1645389793
|move|p1a: QUACK ATTACK|Leaf Blade|p2a: Slowking
|-supereffective|p2a: Slowking
|-crit|p2a: Slowking
|-damage|p2a: Slowking|0 fnt
|faint|p2a: Slowking
|
|upkeep
|
|t:|1645389801
|switch|p2a: Thundurus|Thundurus-Therian, M|7/100
|turn|12
|c|☆KSt3ve|nice
|
|t:|1645389819
|switch|p2a: Mandibuzz|Mandibuzz, F|100/100
|switch|p1a: stabby jabby|Aegislash, F|100/100
|
|upkeep
|turn|13
|c|+pokemonisfun|duck for S rank
|
|t:|1645389838
|switch|p1a: QUACK ATTACK|Sirfetch’d, F|100/100
|move|p2a: Mandibuzz|Defog|p1a: QUACK ATTACK
|-unboost|p1a: QUACK ATTACK|evasion|1
|-sideend|p2: thekingkarp|Stealth Rock|[from] move: Defog|[of] p2a: Mandibuzz
|
|upkeep
|turn|14
|
|t:|1645389847
|move|p1a: QUACK ATTACK|Close Combat|p2a: Mandibuzz
|-damage|p2a: Mandibuzz|47/100
|-unboost|p1a: QUACK ATTACK|def|1
|-unboost|p1a: QUACK ATTACK|spd|1
|move|p2a: Mandibuzz|U-turn|p1a: QUACK ATTACK
|-resisted|p1a: QUACK ATTACK
|-damage|p1a: QUACK ATTACK|90/100
|
|t:|1645389851
|switch|p2a: Thundurus|Thundurus-Therian, M|7/100|[from]move: U-turn
|
|upkeep
|turn|15
|c|☆KSt3ve|my crit ?
|c|+Adaam|ofc no crit
|
|t:|1645389876
|switch|p1a: stabby jabby|Aegislash, F|100/100
|move|p2a: Thundurus|Volt Switch|p1a: stabby jabby
|-damage|p1a: stabby jabby|69/100
|c|+Jeza.p|you got haxxed cause you didn't get crit ... :(
|c|☆KSt3ve|ofc 
|
|t:|1645389901
|switch|p2a: Mandibuzz|Mandibuzz, F|47/100|[from]move: Volt Switch
|
|-heal|p1a: stabby jabby|76/100|[from] item: Leftovers
|upkeep
|turn|16
|
|t:|1645389905
|move|p2a: Mandibuzz|U-turn|p1a: stabby jabby
|-resisted|p1a: stabby jabby
|-damage|p1a: stabby jabby|74/100
|c|+Jeza.p|poor little you :/
|
|t:|1645389910
|switch|p2a: Nihilego|Nihilego|100/100|[from]move: U-turn
|move|p1a: stabby jabby|Toxic|p2a: Nihilego
|-immune|p2a: Nihilego
|
|-heal|p1a: stabby jabby|80/100|[from] item: Leftovers
|upkeep
|turn|17
|
|t:|1645389929
|switch|p1a: stingy thingy|Nihilego|100/100 par
|move|p2a: Nihilego|Stealth Rock|p1a: stingy thingy
|-sidestart|p1: KSt3ve|move: Stealth Rock
|
|upkeep
|turn|18
|
|t:|1645389943
|switch|p2a: Mamoswine|Mamoswine, F|88/100
|move|p1a: stingy thingy|Knock Off|p2a: Mamoswine
|-damage|p2a: Mamoswine|74/100
|-enditem|p2a: Mamoswine|Never-Melt Ice|[from] move: Knock Off|[of] p1a: stingy thingy
|
|upkeep
|turn|19
|inactive|thekingkarp has 180 seconds left.
|inactive|KSt3ve has 270 seconds left.
|inactive|KSt3ve has 240 seconds left.
|
|t:|1645390026
|switch|p2a: Nihilego|Nihilego|100/100
|switch|p1a: ur rotom washed|Rotom-Wash|58/100
|-damage|p1a: ur rotom washed|45/100|[from] Stealth Rock
|
|upkeep
|turn|20
|inactive|KSt3ve has 210 seconds left.
|inactive|thekingkarp has 150 seconds left.
|
|t:|1645390055
|switch|p1a: stingy thingy|Nihilego|100/100 par
|-damage|p1a: stingy thingy|88/100 par|[from] Stealth Rock
|move|p2a: Nihilego|Sludge Wave|p1a: stingy thingy
|-resisted|p1a: stingy thingy
|-damage|p1a: stingy thingy|79/100 par
|
|-heal|p1a: stingy thingy|85/100 par|[from] item: Black Sludge
|upkeep
|turn|21
|inactive|thekingkarp has 150 seconds left.
|
|t:|1645390083
|move|p2a: Nihilego|Knock Off|p1a: stingy thingy
|-damage|p1a: stingy thingy|66/100 par
|-enditem|p1a: stingy thingy|Black Sludge|[from] move: Knock Off|[of] p2a: Nihilego
|move|p1a: stingy thingy|Stealth Rock|p2a: Nihilego
|-sidestart|p2: thekingkarp|move: Stealth Rock
|
|upkeep
|turn|22
|
|t:|1645390093
|move|p2a: Nihilego|Power Gem|p1a: stingy thingy
|-damage|p1a: stingy thingy|34/100 par
|cant|p1a: stingy thingy|par
|
|upkeep
|turn|23
|
|t:|1645390096
|move|p2a: Nihilego|Power Gem|p1a: stingy thingy
|-damage|p1a: stingy thingy|3/100 par
|cant|p1a: stingy thingy|par
|
|upkeep
|turn|24
|c|☆KSt3ve|nope
|c|☆thekingkarp|soz
|inactive|KSt3ve has 240 seconds left.
|
|t:|1645390112
|switch|p1a: stabby jabby|Aegislash, F|80/100
|-damage|p1a: stabby jabby|74/100|[from] Stealth Rock
|move|p2a: Nihilego|Knock Off|p1a: stabby jabby
|-supereffective|p1a: stabby jabby
|-damage|p1a: stabby jabby|54/100
|-enditem|p1a: stabby jabby|Leftovers|[from] move: Knock Off|[of] p2a: Nihilego
|
|upkeep
|turn|25
|inactive|KSt3ve has 240 seconds left.
|
|t:|1645390129
|switch|p2a: Aegislash|Aegislash, M|92/100
|-damage|p2a: Aegislash|85/100|[from] Stealth Rock
|-formechange|p1a: stabby jabby|Aegislash-Blade||[from] ability: Stance Change
|move|p1a: stabby jabby|Shadow Ball|p2a: Aegislash
|-supereffective|p2a: Aegislash
|-damage|p2a: Aegislash|26/100
|
|-heal|p2a: Aegislash|32/100|[from] item: Leftovers
|upkeep
|turn|26
|inactive|thekingkarp has 150 seconds left.
|inactive|thekingkarp has 120 seconds left.
|
|t:|1645390188
|switch|p2a: Mandibuzz|Mandibuzz, F|47/100
|move|p1a: stabby jabby|Shadow Ball|p2a: Mandibuzz
|-resisted|p2a: Mandibuzz
|-damage|p2a: Mandibuzz|31/100
|
|upkeep
|turn|27
|inactive|thekingkarp has 120 seconds left.
|
|t:|1645390193
|switch|p1a: QUACK ATTACK|Sirfetch’d, F|90/100
|-damage|p1a: QUACK ATTACK|84/100|[from] Stealth Rock
|move|p2a: Mandibuzz|Roost|p2a: Mandibuzz
|-heal|p2a: Mandibuzz|81/100
|-singleturn|p2a: Mandibuzz|move: Roost
|
|upkeep
|turn|28
|c|☆KSt3ve|come on
|inactive|thekingkarp has 120 seconds left.
|inactive|thekingkarp has 90 seconds left.
|inactive|thekingkarp has 60 seconds left.
|inactive|thekingkarp has 30 seconds left.
|
|t:|1645390297
|move|p1a: QUACK ATTACK|Close Combat|p2a: Mandibuzz
|-damage|p2a: Mandibuzz|24/100
|-unboost|p1a: QUACK ATTACK|def|1
|-unboost|p1a: QUACK ATTACK|spd|1
|move|p2a: Mandibuzz|U-turn|p1a: QUACK ATTACK
|-resisted|p1a: QUACK ATTACK
|-damage|p1a: QUACK ATTACK|72/100
|c|☆KSt3ve|.
|inactive|thekingkarp has 30 seconds left.
|
|t:|1645390303
|switch|p2a: Thundurus|Thundurus-Therian, M|7/100|[from]move: U-turn
|
|upkeep
|turn|29
|inactive|thekingkarp has 30 seconds left.
|
|t:|1645390318
|switch|p1a: stingy thingy|Nihilego|3/100 par
|-damage|p1a: stingy thingy|0 fnt|[from] Stealth Rock
|faint|p1a: stingy thingy
|move|p2a: Thundurus|Psychic|p1: stingy thingy|[notarget]
|-fail|p2a: Thundurus
|
|upkeep
|inactive|thekingkarp has 30 seconds left this turn.
|
|t:|1645390322
|switch|p1a: QUACK ATTACK|Sirfetch’d, F|72/100
|-damage|p1a: QUACK ATTACK|66/100|[from] Stealth Rock
|turn|30
|
|t:|1645390330
|switch|p2a: Aegislash|Aegislash, M|32/100
|-damage|p2a: Aegislash|26/100|[from] Stealth Rock
|move|p1a: QUACK ATTACK|First Impression|p2a: Aegislash
|-resisted|p2a: Aegislash
|-crit|p2a: Aegislash
|-damage|p2a: Aegislash|16/100
|
|-heal|p2a: Aegislash|22/100|[from] item: Leftovers
|upkeep
|turn|31
|inactive|thekingkarp has 30 seconds left.
|
|t:|1645390347
|move|p2a: Aegislash|King's Shield|p2a: Aegislash
|-singleturn|p2a: Aegislash|Protect
|move|p1a: QUACK ATTACK|Close Combat|p2a: Aegislash
|-activate|p2a: Aegislash|move: Protect
|-unboost|p1a: QUACK ATTACK|atk|1
|
|-heal|p2a: Aegislash|29/100|[from] item: Leftovers
|upkeep
|turn|32
|
|t:|1645390351
|move|p1a: QUACK ATTACK|Close Combat|p2a: Aegislash
|-supereffective|p2a: Aegislash
|-crit|p2a: Aegislash
|-damage|p2a: Aegislash|0 fnt
|-unboost|p1a: QUACK ATTACK|def|1
|-unboost|p1a: QUACK ATTACK|spd|1
|faint|p2a: Aegislash
|
|upkeep
|inactive|thekingkarp has 30 seconds left.
|
|t:|1645390375
|switch|p2a: Thundurus|Thundurus-Therian, M|7/100
|turn|33
|
|t:|1645390382
|switch|p1a: oodles of noodles|Tangrowth, F|100/100
|-damage|p1a: oodles of noodles|88/100|[from] Stealth Rock
|move|p2a: Thundurus|Volt Switch|p1a: oodles of noodles
|-resisted|p1a: oodles of noodles
|-damage|p1a: oodles of noodles|67/100
|inactive|thekingkarp has 30 seconds left.
|
|t:|1645390394
|switch|p2a: Mamoswine|Mamoswine, F|74/100|[from]move: Volt Switch
|-damage|p2a: Mamoswine|62/100|[from] Stealth Rock
|
|upkeep
|turn|34
|
|t:|1645390405
|move|p2a: Mamoswine|Icicle Crash|p1a: oodles of noodles
|-supereffective|p1a: oodles of noodles
|-damage|p1a: oodles of noodles|3/100
|move|p1a: oodles of noodles|Power Whip|p2a: Mamoswine|[miss]
|-miss|p1a: oodles of noodles|p2a: Mamoswine
|
|upkeep
|turn|35
|c|☆KSt3ve|DUde
|inactive|KSt3ve has 270 seconds left.
|inactive|KSt3ve has 240 seconds left.
|inactive|KSt3ve has 210 seconds left.
|
|t:|1645390512
|switch|p1a: ur rotom washed|Rotom-Wash|45/100
|-damage|p1a: ur rotom washed|33/100|[from] Stealth Rock
|move|p2a: Mamoswine|Knock Off|p1a: ur rotom washed
|-crit|p1a: ur rotom washed
|-damage|p1a: ur rotom washed|0 fnt
|faint|p1a: ur rotom washed
|
|upkeep
|c|☆KSt3ve|well ok
|c|☆KSt3ve|gg
|c|☆thekingkarp|sorry
|c|☆thekingkarp|gg
|-message|KSt3ve forfeited.
|
|win|thekingkarp
|c|☆thekingkarp|was absurd
