|inactive|Battle timer is ON: inactive players will automatically lose when time's up.
|t:|1656701354
|gametype|singles
|player|p1|Amane Misa|#amanemisa|
|player|p2|pkmn cypher 2013|#pu|
|teamsize|p1|6
|teamsize|p2|6
|gen|8
|tier|[Gen 8] UU
|rule|Sleep Clause Mod: Limit one foe put to sleep
|rule|Species Clause: Limit one of each Pokémon
|rule|OHKO Clause: OHKO moves are banned
|rule|Evasion Moves Clause: Evasion moves are banned
|rule|Endless Battle Clause: Forcing endless battles is banned
|rule|HP Percentage Mod: HP is shown in percentages
|rule|Dynamax Clause: You cannot dynamax
|clearpoke
|poke|p1|Torkoal, M|
|poke|p1|Darmanitan, F|
|poke|p1|Venusaur, M|
|poke|p1|Skarmory, F|
|poke|p1|Chansey, F|
|poke|p1|Mamoswine, F|
|poke|p2|Salamence, F|
|poke|p2|Scizor, F|
|poke|p2|Amoonguss, M|
|poke|p2|Azelf|
|poke|p2|Diggersby, F|
|poke|p2|Chansey, F|
|teampreview
|inactive|pkmn cypher 2013 also wants the timer to be on.
|c|☆pkmn cypher 2013|hf
|c|☆Amane Misa|u2
|inactive|Amane Misa has 270 seconds left.
|inactive|pkmn cypher 2013 has 270 seconds left.
|c|+KM|gamimg
|inactive|Amane Misa has 240 seconds left.
|inactive|pkmn cypher 2013 has 240 seconds left.
|inactive|Amane Misa has 210 seconds left.
|inactive|pkmn cypher 2013 has 210 seconds left.
|inactive|Amane Misa has 180 seconds left.
|inactive|Amane Misa has 150 seconds left.
|
|t:|1656701532
|start
|switch|p1a: Mandarnitan|Darmanitan, F|100/100
|switch|p2a: Salamence|Salamence, F|100/100
|-ability|p2a: Salamence|Intimidate|boost
|-unboost|p1a: Mandarnitan|atk|1
|turn|1
|
|t:|1656701551
|switch|p1a: Sanchey|Chansey, F|100/100
|move|p2a: Salamence|Roost||[still]
|-fail|p2a: Salamence|heal
|
|upkeep
|turn|2
|
|t:|1656701560
|switch|p2a: Diggersby|Diggersby, F|100/100
|move|p1a: Sanchey|Teleport|p1a: Sanchey
|
|t:|1656701569
|switch|p1a: Mandarnitan|Darmanitan, F|100/100|[from]move: Teleport
|
|upkeep
|turn|3
|inactive|pkmn cypher 2013 has 270 seconds left.
|
|t:|1656701589
|switch|p2a: Salamence|Salamence, F|100/100
|-ability|p2a: Salamence|Intimidate|boost
|-unboost|p1a: Mandarnitan|atk|1
|move|p1a: Mandarnitan|U-turn|p2a: Salamence
|-resisted|p2a: Salamence
|-damage|p2a: Salamence|94/100
|c|+pokemonisfun|misa misa is so slay, misa misa wins every day
|c|+Mengy ㋛|there's an extra n in there
|c|+Mengy ㋛|it should be madarnitan or mandaritan
|c|+Mengy ㋛|or mandarnita
|inactive|Amane Misa has 180 seconds left.
|c|+pokemonisfun|why are you here mengy
|c|+Mengy ㋛|you don't sound happy to see me
|inactive|Amane Misa has 150 seconds left.
|
|t:|1656701658
|switch|p1a: Swamomine|Mamoswine, F|100/100|[from]move: U-turn
|
|upkeep
|turn|4
|c|+pokemonisfun|i am happy to see you its jewly
|inactive|pkmn cypher 2013 has 270 seconds left.
|c|+Mengy ㋛|that's trew
|c|+pokemonisfun|but i didnt think you would be here
|c|+Mengy ㋛|happy jewly
|c|+Mengy ㋛|I am following uusd because I am an honorary cheerleader of the prims
|
|t:|1656701688
|switch|p2a: Amoonguss|Amoonguss, M|100/100
|move|p1a: Swamomine|Icicle Crash|p2a: Amoonguss
|-supereffective|p2a: Amoonguss
|-damage|p2a: Amoonguss|7/100
|
|-heal|p2a: Amoonguss|13/100|[from] item: Black Sludge
|upkeep
|turn|5
|inactive|pkmn cypher 2013 has 240 seconds left.
|
|t:|1656701715
|switch|p2a: Scizor|Scizor, F|100/100
|move|p1a: Swamomine|Knock Off|p2a: Scizor
|-damage|p2a: Scizor|69/100
|-enditem|p2a: Scizor|Heavy-Duty Boots|[from] move: Knock Off|[of] p1a: Swamomine
|
|upkeep
|turn|6
|inactive|pkmn cypher 2013 has 240 seconds left.
|inactive|Amane Misa has 120 seconds left.
|inactive|Amane Misa has 90 seconds left.
|
|t:|1656701773
|switch|p1a: Skormary|Skarmory, F|100/100
|move|p2a: Scizor|Roost|p2a: Scizor
|-heal|p2a: Scizor|100/100
|-singleturn|p2a: Scizor|move: Roost
|
|upkeep
|turn|7
|inactive|Amane Misa has 90 seconds left.
|inactive|pkmn cypher 2013 has 240 seconds left.
|
|t:|1656701786
|switch|p2a: Amoonguss|Amoonguss, M|47/100
|move|p1a: Skormary|Body Press|p2a: Amoonguss
|-resisted|p2a: Amoonguss
|-damage|p2a: Amoonguss|34/100
|
|-heal|p2a: Amoonguss|40/100|[from] item: Black Sludge
|upkeep
|turn|8
|
|t:|1656701795
|switch|p1a: Kortoal|Torkoal, M|100/100
|-weather|SunnyDay|[from] ability: Drought|[of] p1a: Kortoal
|move|p2a: Amoonguss|Spore|p1a: Kortoal
|-status|p1a: Kortoal|slp|[from] move: Spore
|
|-weather|SunnyDay|[upkeep]
|-heal|p2a: Amoonguss|47/100|[from] item: Black Sludge
|upkeep
|turn|9
|
|t:|1656701807
|switch|p2a: Chansey|Chansey, F|100/100
|switch|p1a: Sanchey|Chansey, F|100/100
|
|-weather|SunnyDay|[upkeep]
|upkeep
|turn|10
|
|t:|1656701812
|switch|p1a: Skormary|Skarmory, F|100/100
|move|p2a: Chansey|Stealth Rock|p1a: Skormary
|-sidestart|p1: Amane Misa|move: Stealth Rock
|
|-weather|SunnyDay|[upkeep]
|upkeep
|turn|11
|inactive|pkmn cypher 2013 has 270 seconds left.
|
|t:|1656701834
|switch|p2a: Azelf|Azelf|100/100
|move|p1a: Skormary|Defog|p2a: Azelf
|-unboost|p2a: Azelf|evasion|1
|-sideend|p1: Amane Misa|Stealth Rock|[from] move: Defog|[of] p1a: Skormary
|
|-weather|SunnyDay|[upkeep]
|upkeep
|turn|12
|
|t:|1656701838
|switch|p1a: Sanchey|Chansey, F|100/100
|move|p2a: Azelf|U-turn|p1a: Sanchey
|-damage|p1a: Sanchey|88/100
|
|t:|1656701840
|switch|p2a: Diggersby|Diggersby, F|100/100|[from]move: U-turn
|
|-weather|SunnyDay|[upkeep]
|upkeep
|turn|13
|
|t:|1656701844
|switch|p1a: Skormary|Skarmory, F|100/100
|move|p2a: Diggersby|Knock Off|p1a: Skormary
|-damage|p1a: Skormary|77/100
|-damage|p2a: Diggersby|84/100|[from] item: Rocky Helmet|[of] p1a: Skormary
|-enditem|p1a: Skormary|Rocky Helmet|[from] move: Knock Off|[of] p2a: Diggersby
|
|-weather|SunnyDay|[upkeep]
|upkeep
|turn|14
|
|t:|1656701865
|switch|p2a: Azelf|Azelf|100/100
|switch|p1a: Mandarnitan|Darmanitan, F|100/100
|
|-weather|SunnyDay|[upkeep]
|upkeep
|turn|15
|
|t:|1656701887
|switch|p2a: Salamence|Salamence, F|94/100
|-ability|p2a: Salamence|Intimidate|boost
|-unboost|p1a: Mandarnitan|atk|1
|move|p1a: Mandarnitan|U-turn|p2a: Salamence
|-resisted|p2a: Salamence
|-damage|p2a: Salamence|88/100
|
|t:|1656701890
|switch|p1a: Swamomine|Mamoswine, F|100/100|[from]move: U-turn
|
|-weather|none
|upkeep
|turn|16
|
|t:|1656701900
|switch|p2a: Scizor|Scizor, F|100/100
|move|p1a: Swamomine|Icicle Crash|p2a: Scizor
|-resisted|p2a: Scizor
|-damage|p2a: Scizor|77/100
|
|upkeep
|turn|17
|
|t:|1656701907
|switch|p1a: Skormary|Skarmory, F|77/100
|move|p2a: Scizor|Roost|p2a: Scizor
|-heal|p2a: Scizor|100/100
|-singleturn|p2a: Scizor|move: Roost
|
|upkeep
|turn|18
|inactive|Amane Misa has 150 seconds left.
|
|t:|1656701913
|move|p1a: Skormary|Roost|p1a: Skormary
|-heal|p1a: Skormary|100/100
|-singleturn|p1a: Skormary|move: Roost
|move|p2a: Scizor|U-turn|p1a: Skormary
|-resisted|p1a: Skormary
|-damage|p1a: Skormary|92/100
|
|t:|1656701921
|switch|p2a: Azelf|Azelf|100/100|[from]move: U-turn
|
|upkeep
|turn|19
|
|t:|1656701925
|switch|p1a: Sanchey|Chansey, F|88/100
|move|p2a: Azelf|U-turn|p1a: Sanchey
|-damage|p1a: Sanchey|76/100
|
|t:|1656701927
|switch|p2a: Diggersby|Diggersby, F|84/100|[from]move: U-turn
|
|upkeep
|turn|20
|
|t:|1656701929
|switch|p1a: Skormary|Skarmory, F|92/100
|move|p2a: Diggersby|U-turn|p1a: Skormary
|-resisted|p1a: Skormary
|-damage|p1a: Skormary|88/100
|
|t:|1656701932
|switch|p2a: Azelf|Azelf|100/100|[from]move: U-turn
|
|upkeep
|turn|21
|
|t:|1656701934
|switch|p1a: Sanchey|Chansey, F|76/100
|move|p2a: Azelf|U-turn|p1a: Sanchey
|-damage|p1a: Sanchey|64/100
|
|t:|1656701941
|switch|p2a: Diggersby|Diggersby, F|84/100|[from]move: U-turn
|
|upkeep
|turn|22
|
|t:|1656701944
|switch|p1a: Skormary|Skarmory, F|88/100
|move|p2a: Diggersby|U-turn|p1a: Skormary
|-resisted|p1a: Skormary
|-damage|p1a: Skormary|84/100
|
|t:|1656701961
|switch|p2a: Azelf|Azelf|100/100|[from]move: U-turn
|
|upkeep
|turn|23
|inactive|Amane Misa has 210 seconds left.
|
|t:|1656701992
|switch|p1a: Sanchey|Chansey, F|64/100
|move|p2a: Azelf|U-turn|p1a: Sanchey
|-damage|p1a: Sanchey|52/100
|
|t:|1656702002
|switch|p2a: Diggersby|Diggersby, F|84/100|[from]move: U-turn
|
|upkeep
|turn|24
|
|t:|1656702017
|switch|p1a: Skormary|Skarmory, F|84/100
|move|p2a: Diggersby|U-turn|p1a: Skormary
|-resisted|p1a: Skormary
|-damage|p1a: Skormary|80/100
|
|t:|1656702024
|switch|p2a: Azelf|Azelf|100/100|[from]move: U-turn
|
|upkeep
|turn|25
|
|t:|1656702027
|switch|p1a: Sanchey|Chansey, F|52/100
|move|p2a: Azelf|U-turn|p1a: Sanchey
|-damage|p1a: Sanchey|39/100
|
|t:|1656702029
|switch|p2a: Diggersby|Diggersby, F|84/100|[from]move: U-turn
|
|upkeep
|turn|26
|inactive|Amane Misa has 210 seconds left.
|
|t:|1656702053
|switch|p1a: Skormary|Skarmory, F|80/100
|move|p2a: Diggersby|Knock Off|p1a: Skormary
|-damage|p1a: Skormary|65/100
|
|upkeep
|turn|27
|inactive|Amane Misa has 210 seconds left.
|
|t:|1656702071
|switch|p2a: Azelf|Azelf|100/100
|switch|p1a: Mandarnitan|Darmanitan, F|100/100
|
|upkeep
|turn|28
|
|t:|1656702076
|switch|p2a: Salamence|Salamence, F|88/100
|-ability|p2a: Salamence|Intimidate|boost
|-unboost|p1a: Mandarnitan|atk|1
|move|p1a: Mandarnitan|U-turn|p2a: Salamence
|-resisted|p2a: Salamence
|-damage|p2a: Salamence|80/100
|
|t:|1656702078
|switch|p1a: Sanchey|Chansey, F|39/100|[from]move: U-turn
|
|upkeep
|turn|29
|
|t:|1656702083
|switch|p2a: Chansey|Chansey, F|100/100
|move|p1a: Sanchey|Soft-Boiled|p1a: Sanchey
|-heal|p1a: Sanchey|89/100
|
|upkeep
|turn|30
|
|t:|1656702088
|switch|p1a: Skormary|Skarmory, F|65/100
|move|p2a: Chansey|Stealth Rock|p1a: Skormary
|-sidestart|p1: Amane Misa|move: Stealth Rock
|
|upkeep
|turn|31
|
|t:|1656702091
|move|p1a: Skormary|Defog|p2a: Chansey
|-unboost|p2a: Chansey|evasion|1
|-sideend|p1: Amane Misa|Stealth Rock|[from] move: Defog|[of] p1a: Skormary
|move|p2a: Chansey|Seismic Toss|p1a: Skormary
|-damage|p1a: Skormary|36/100
|
|upkeep
|turn|32
|
|t:|1656702094
|move|p1a: Skormary|Roost|p1a: Skormary
|-heal|p1a: Skormary|86/100
|-singleturn|p1a: Skormary|move: Roost
|move|p2a: Chansey|Stealth Rock|p1a: Skormary
|-sidestart|p1: Amane Misa|move: Stealth Rock
|
|upkeep
|turn|33
|
|t:|1656702097
|move|p1a: Skormary|Defog|p2a: Chansey
|-unboost|p2a: Chansey|evasion|1
|-sideend|p1: Amane Misa|Stealth Rock|[from] move: Defog|[of] p1a: Skormary
|move|p2a: Chansey|Seismic Toss|p1a: Skormary
|-damage|p1a: Skormary|56/100
|
|upkeep
|turn|34
|
|t:|1656702102
|move|p1a: Skormary|Roost|p1a: Skormary
|-heal|p1a: Skormary|100/100
|-singleturn|p1a: Skormary|move: Roost
|move|p2a: Chansey|Stealth Rock|p1a: Skormary
|-sidestart|p1: Amane Misa|move: Stealth Rock
|
|upkeep
|turn|35
|
|t:|1656702111
|move|p1a: Skormary|Defog|p2a: Chansey
|-unboost|p2a: Chansey|evasion|1
|-sideend|p1: Amane Misa|Stealth Rock|[from] move: Defog|[of] p1a: Skormary
|move|p2a: Chansey|Seismic Toss|p1a: Skormary
|-damage|p1a: Skormary|71/100
|
|upkeep
|turn|36
|
|t:|1656702112
|move|p1a: Skormary|Body Press|p2a: Chansey
|-supereffective|p2a: Chansey
|-damage|p2a: Chansey|63/100
|move|p2a: Chansey|Stealth Rock|p1a: Skormary
|-sidestart|p1: Amane Misa|move: Stealth Rock
|
|upkeep
|turn|37
|
|t:|1656702115
|move|p1a: Skormary|Defog|p2a: Chansey
|-unboost|p2a: Chansey|evasion|1
|-sideend|p1: Amane Misa|Stealth Rock|[from] move: Defog|[of] p1a: Skormary
|move|p2a: Chansey|Soft-Boiled|p2a: Chansey
|-heal|p2a: Chansey|100/100
|
|upkeep
|turn|38
|
|t:|1656702117
|move|p1a: Skormary|Body Press|p2a: Chansey
|-supereffective|p2a: Chansey
|-damage|p2a: Chansey|61/100
|move|p2a: Chansey|Stealth Rock|p1a: Skormary
|-sidestart|p1: Amane Misa|move: Stealth Rock
|
|upkeep
|turn|39
|
|t:|1656702120
|move|p1a: Skormary|Defog|p2a: Chansey
|-unboost|p2a: Chansey|evasion|1
|-sideend|p1: Amane Misa|Stealth Rock|[from] move: Defog|[of] p1a: Skormary
|move|p2a: Chansey|Soft-Boiled|p2a: Chansey
|-heal|p2a: Chansey|100/100
|
|upkeep
|turn|40
|
|t:|1656702138
|move|p1a: Skormary|Iron Defense|p1a: Skormary
|-boost|p1a: Skormary|def|2
|move|p2a: Chansey|Seismic Toss|p1a: Skormary
|-damage|p1a: Skormary|41/100
|
|upkeep
|turn|41
|inactive|pkmn cypher 2013 has 270 seconds left.
|inactive|Amane Misa has 270 seconds left.
|
|t:|1656702172
|switch|p2a: Salamence|Salamence, F|80/100
|-ability|p2a: Salamence|Intimidate|boost
|-unboost|p1a: Skormary|atk|1
|move|p1a: Skormary|Body Press|p2a: Salamence
|-resisted|p2a: Salamence
|-damage|p2a: Salamence|56/100
|
|upkeep
|turn|42
|inactive|pkmn cypher 2013 has 270 seconds left.
|
|t:|1656702178
|switch|p1a: Sanchey|Chansey, F|89/100
|move|p2a: Salamence|Roost|p2a: Salamence
|-heal|p2a: Salamence|100/100
|-singleturn|p2a: Salamence|move: Roost
|
|upkeep
|turn|43
|inactive|pkmn cypher 2013 has 270 seconds left.
|
|t:|1656702216
|switch|p2a: Diggersby|Diggersby, F|84/100
|move|p1a: Sanchey|Teleport|p1a: Sanchey
|inactive|Amane Misa has 270 seconds left.
|
|t:|1656702237
|switch|p1a: Mandarnitan|Darmanitan, F|100/100|[from]move: Teleport
|
|upkeep
|turn|44
|
|t:|1656702244
|switch|p2a: Salamence|Salamence, F|100/100
|-ability|p2a: Salamence|Intimidate|boost
|-unboost|p1a: Mandarnitan|atk|1
|move|p1a: Mandarnitan|U-turn|p2a: Salamence
|-resisted|p2a: Salamence
|-damage|p2a: Salamence|94/100
|
|t:|1656702246
|switch|p1a: Swamomine|Mamoswine, F|100/100|[from]move: U-turn
|
|upkeep
|turn|45
|
|t:|1656702250
|switch|p2a: Scizor|Scizor, F|100/100
|move|p1a: Swamomine|Earthquake|p2a: Scizor
|-damage|p2a: Scizor|53/100
|
|upkeep
|turn|46
|
|t:|1656702274
|move|p1a: Swamomine|Earthquake|p2a: Scizor
|-damage|p2a: Scizor|8/100
|move|p2a: Scizor|Roost|p2a: Scizor
|-heal|p2a: Scizor|58/100
|-singleturn|p2a: Scizor|move: Roost
|
|upkeep
|turn|47
|
|t:|1656702279
|move|p1a: Swamomine|Earthquake|p2a: Scizor
|-damage|p2a: Scizor|9/100
|move|p2a: Scizor|Roost|p2a: Scizor
|-heal|p2a: Scizor|59/100
|-singleturn|p2a: Scizor|move: Roost
|
|upkeep
|turn|48
|
|t:|1656702283
|move|p1a: Swamomine|Earthquake|p2a: Scizor
|-damage|p2a: Scizor|14/100
|move|p2a: Scizor|Roost|p2a: Scizor
|-heal|p2a: Scizor|64/100
|-singleturn|p2a: Scizor|move: Roost
|
|upkeep
|turn|49
|inactive|pkmn cypher 2013 has 270 seconds left.
|inactive|Amane Misa has 270 seconds left.
|inactive|Amane Misa has 240 seconds left.
|inactive|Amane Misa has 210 seconds left.
|
|t:|1656702400
|switch|p1a: Mandarnitan|Darmanitan, F|100/100
|move|p2a: Scizor|Roost|p2a: Scizor
|-heal|p2a: Scizor|100/100
|-singleturn|p2a: Scizor|move: Roost
|
|upkeep
|turn|50
|
|t:|1656702404
|switch|p2a: Salamence|Salamence, F|94/100
|-ability|p2a: Salamence|Intimidate|boost
|-unboost|p1a: Mandarnitan|atk|1
|move|p1a: Mandarnitan|U-turn|p2a: Salamence
|-resisted|p2a: Salamence
|-damage|p2a: Salamence|87/100
|inactive|Amane Misa has 210 seconds left.
|
|t:|1656702411
|switch|p1a: Swamomine|Mamoswine, F|100/100|[from]move: U-turn
|
|upkeep
|turn|51
|
|t:|1656702423
|switch|p2a: Scizor|Scizor, F|100/100
|move|p1a: Swamomine|Icicle Crash|p2a: Scizor|[miss]
|-miss|p1a: Swamomine|p2a: Scizor
|
|upkeep
|turn|52
|
|t:|1656702434
|switch|p1a: Kortoal|Torkoal, M|100/100 slp
|-weather|SunnyDay|[from] ability: Drought|[of] p1a: Kortoal
|move|p2a: Scizor|U-turn|p1a: Kortoal
|-resisted|p1a: Kortoal
|-damage|p1a: Kortoal|91/100 slp
|inactive|pkmn cypher 2013 has 270 seconds left.
|
|t:|1656702462
|switch|p2a: Diggersby|Diggersby, F|84/100|[from]move: U-turn
|
|-weather|SunnyDay|[upkeep]
|upkeep
|turn|53
|
|t:|1656702470
|move|p2a: Diggersby|U-turn|p1a: Kortoal
|-resisted|p1a: Kortoal
|-damage|p1a: Kortoal|84/100 slp
|
|t:|1656702472
|switch|p2a: Chansey|Chansey, F|100/100|[from]move: U-turn
|cant|p1a: Kortoal|slp
|
|-weather|SunnyDay|[upkeep]
|upkeep
|turn|54
|
|t:|1656702483
|switch|p1a: Skormary|Skarmory, F|41/100
|move|p2a: Chansey|Stealth Rock|p1a: Skormary
|-sidestart|p1: Amane Misa|move: Stealth Rock
|
|-weather|SunnyDay|[upkeep]
|upkeep
|turn|55
|
|t:|1656702488
|move|p1a: Skormary|Defog|p2a: Chansey
|-unboost|p2a: Chansey|evasion|1
|-sideend|p1: Amane Misa|Stealth Rock|[from] move: Defog|[of] p1a: Skormary
|move|p2a: Chansey|Seismic Toss|p1a: Skormary
|-damage|p1a: Skormary|11/100
|
|-weather|SunnyDay|[upkeep]
|upkeep
|turn|56
|
|t:|1656702490
|move|p1a: Skormary|Roost|p1a: Skormary
|-heal|p1a: Skormary|61/100
|-singleturn|p1a: Skormary|move: Roost
|move|p2a: Chansey|Seismic Toss|p1a: Skormary
|-damage|p1a: Skormary|31/100
|
|-weather|SunnyDay|[upkeep]
|upkeep
|turn|57
|
|t:|1656702493
|move|p1a: Skormary|Roost|p1a: Skormary
|-heal|p1a: Skormary|81/100
|-singleturn|p1a: Skormary|move: Roost
|move|p2a: Chansey|Seismic Toss|p1a: Skormary
|-damage|p1a: Skormary|51/100
|
|-weather|SunnyDay|[upkeep]
|upkeep
|turn|58
|
|t:|1656702496
|move|p1a: Skormary|Body Press|p2a: Chansey
|-supereffective|p2a: Chansey
|-damage|p2a: Chansey|60/100
|move|p2a: Chansey|Seismic Toss|p1a: Skormary
|-damage|p1a: Skormary|21/100
|
|-weather|SunnyDay|[upkeep]
|upkeep
|turn|59
|
|t:|1656702499
|move|p1a: Skormary|Roost|p1a: Skormary
|-heal|p1a: Skormary|71/100
|-singleturn|p1a: Skormary|move: Roost
|move|p2a: Chansey|Soft-Boiled|p2a: Chansey
|-heal|p2a: Chansey|100/100
|
|-weather|none
|upkeep
|turn|60
|
|t:|1656702501
|move|p1a: Skormary|Body Press|p2a: Chansey
|-supereffective|p2a: Chansey
|-damage|p2a: Chansey|61/100
|move|p2a: Chansey|Stealth Rock|p1a: Skormary
|-sidestart|p1: Amane Misa|move: Stealth Rock
|
|upkeep
|turn|61
|
|t:|1656702505
|move|p1a: Skormary|Body Press|p2a: Chansey
|-supereffective|p2a: Chansey
|-damage|p2a: Chansey|21/100
|move|p2a: Chansey|Soft-Boiled|p2a: Chansey
|-heal|p2a: Chansey|71/100
|
|upkeep
|turn|62
|
|t:|1656702510
|move|p1a: Skormary|Defog|p2a: Chansey
|-unboost|p2a: Chansey|evasion|1
|-sideend|p1: Amane Misa|Stealth Rock|[from] move: Defog|[of] p1a: Skormary
|move|p2a: Chansey|Soft-Boiled|p2a: Chansey
|-heal|p2a: Chansey|100/100
|
|upkeep
|turn|63
|
|t:|1656702513
|move|p1a: Skormary|Iron Defense|p1a: Skormary
|-boost|p1a: Skormary|def|2
|move|p2a: Chansey|Seismic Toss|p1a: Skormary
|-damage|p1a: Skormary|41/100
|
|upkeep
|turn|64
|
|t:|1656702516
|move|p1a: Skormary|Roost|p1a: Skormary
|-heal|p1a: Skormary|91/100
|-singleturn|p1a: Skormary|move: Roost
|move|p2a: Chansey|Stealth Rock|p1a: Skormary
|-sidestart|p1: Amane Misa|move: Stealth Rock
|
|upkeep
|turn|65
|
|t:|1656702519
|switch|p2a: Salamence|Salamence, F|87/100
|-ability|p2a: Salamence|Intimidate|boost
|-unboost|p1a: Skormary|atk|1
|move|p1a: Skormary|Defog|p2a: Salamence
|-unboost|p2a: Salamence|evasion|1
|-sideend|p1: Amane Misa|Stealth Rock|[from] move: Defog|[of] p1a: Skormary
|
|upkeep
|turn|66
|
|t:|1656702527
|switch|p1a: Sanchey|Chansey, F|89/100
|move|p2a: Salamence|Roost|p2a: Salamence
|-heal|p2a: Salamence|100/100
|-singleturn|p2a: Salamence|move: Roost
|
|upkeep
|turn|67
|
|t:|1656702535
|switch|p2a: Chansey|Chansey, F|100/100
|move|p1a: Sanchey|Teleport|p1a: Sanchey
|
|t:|1656702538
|switch|p1a: Swamomine|Mamoswine, F|100/100|[from]move: Teleport
|
|upkeep
|turn|68
|c|+KM|u may not like it but this is what peak ss uu gaming looks like
|
|t:|1656702550
|move|p1a: Swamomine|Knock Off|p2a: Chansey
|-damage|p2a: Chansey|78/100
|-enditem|p2a: Chansey|Eviolite|[from] move: Knock Off|[of] p1a: Swamomine
|move|p2a: Chansey|Toxic|p1a: Swamomine
|-status|p1a: Swamomine|tox
|
|-damage|p1a: Swamomine|94/100 tox|[from] psn
|upkeep
|turn|69
|inactive|Amane Misa has 270 seconds left.
|
|t:|1656702590
|switch|p1a: Kortoal|Torkoal, M|84/100 slp
|-weather|SunnyDay|[from] ability: Drought|[of] p1a: Kortoal
|switch|p2a: Scizor|Scizor, F|100/100
|
|-weather|SunnyDay|[upkeep]
|upkeep
|turn|70
|
|t:|1656702598
|move|p2a: Scizor|U-turn|p1a: Kortoal
|-resisted|p1a: Kortoal
|-damage|p1a: Kortoal|74/100 slp
|
|t:|1656702600
|switch|p2a: Chansey|Chansey, F|78/100|[from]move: U-turn
|cant|p1a: Kortoal|slp
|
|-weather|SunnyDay|[upkeep]
|upkeep
|turn|71
|
|t:|1656702604
|move|p2a: Chansey|Stealth Rock|p1a: Kortoal
|-sidestart|p1: Amane Misa|move: Stealth Rock
|cant|p1a: Kortoal|slp
|
|-weather|SunnyDay|[upkeep]
|upkeep
|turn|72
|
|t:|1656702606
|move|p2a: Chansey|Seismic Toss|p1a: Kortoal
|-damage|p1a: Kortoal|45/100 slp
|-curestatus|p1a: Kortoal|slp|[msg]
|move|p1a: Kortoal|Stealth Rock|p2a: Chansey
|-sidestart|p2: pkmn cypher 2013|move: Stealth Rock
|
|-weather|SunnyDay|[upkeep]
|upkeep
|turn|73
|
|t:|1656702611
|switch|p1a: Sanchey|Chansey, F|89/100
|-damage|p1a: Sanchey|77/100|[from] Stealth Rock
|move|p2a: Chansey|Seismic Toss|p1a: Sanchey
|-damage|p1a: Sanchey|63/100
|
|-weather|SunnyDay|[upkeep]
|upkeep
|turn|74
|
|t:|1656702620
|move|p2a: Chansey|Soft-Boiled|p2a: Chansey
|-heal|p2a: Chansey|100/100
|move|p1a: Sanchey|Soft-Boiled|p1a: Sanchey
|-heal|p1a: Sanchey|100/100
|
|-weather|SunnyDay|[upkeep]
|upkeep
|turn|75
|
|t:|1656702641
|move|p2a: Chansey|Toxic|p1a: Sanchey
|-status|p1a: Sanchey|tox
|move|p1a: Sanchey|Teleport|p1a: Sanchey
|
|t:|1656702648
|-curestatus|p1a: Sanchey|tox|[from] ability: Natural Cure
|switch|p1a: Skormary|Skarmory, F|91/100|[from]move: Teleport
|-damage|p1a: Skormary|79/100|[from] Stealth Rock
|
|-weather|SunnyDay|[upkeep]
|upkeep
|turn|76
|
|t:|1656702658
|switch|p2a: Azelf|Azelf|100/100
|-damage|p2a: Azelf|88/100|[from] Stealth Rock
|move|p1a: Skormary|Body Press|p2a: Azelf
|-resisted|p2a: Azelf
|-damage|p2a: Azelf|64/100
|
|-weather|none
|upkeep
|turn|77
|
|t:|1656702661
|switch|p1a: Sanchey|Chansey, F|100/100
|-damage|p1a: Sanchey|88/100|[from] Stealth Rock
|move|p2a: Azelf|U-turn|p1a: Sanchey
|-damage|p1a: Sanchey|75/100
|
|t:|1656702664
|switch|p2a: Diggersby|Diggersby, F|84/100|[from]move: U-turn
|-damage|p2a: Diggersby|78/100|[from] Stealth Rock
|
|upkeep
|turn|78
|
|t:|1656702668
|move|p2a: Diggersby|U-turn|p1a: Sanchey
|-damage|p1a: Sanchey|56/100
|
|t:|1656702675
|switch|p2a: Amoonguss|Amoonguss, M|80/100|[from]move: U-turn
|-damage|p2a: Amoonguss|67/100|[from] Stealth Rock
|move|p1a: Sanchey|Soft-Boiled|p1a: Sanchey
|-heal|p1a: Sanchey|100/100
|
|-heal|p2a: Amoonguss|74/100|[from] item: Black Sludge
|upkeep
|turn|79
|
|t:|1656702678
|move|p2a: Amoonguss|Spore|p1a: Sanchey
|-status|p1a: Sanchey|slp|[from] move: Spore
|cant|p1a: Sanchey|slp
|
|-heal|p2a: Amoonguss|80/100|[from] item: Black Sludge
|upkeep
|turn|80
|
|t:|1656702688
|switch|p2a: Diggersby|Diggersby, F|78/100
|-damage|p2a: Diggersby|72/100|[from] Stealth Rock
|cant|p1a: Sanchey|slp
|
|upkeep
|turn|81
|
|t:|1656702694
|move|p2a: Diggersby|U-turn|p1a: Sanchey
|-damage|p1a: Sanchey|82/100 slp
|
|t:|1656702697
|switch|p2a: Scizor|Scizor, F|100/100|[from]move: U-turn
|-damage|p2a: Scizor|88/100|[from] Stealth Rock
|-curestatus|p1a: Sanchey|slp|[msg]
|move|p1a: Sanchey|Teleport|p1a: Sanchey
|
|t:|1656702700
|switch|p1a: Skormary|Skarmory, F|79/100|[from]move: Teleport
|-damage|p1a: Skormary|66/100|[from] Stealth Rock
|
|upkeep
|turn|82
|
|t:|1656702707
|move|p1a: Skormary|Defog|p2a: Scizor
|-unboost|p2a: Scizor|evasion|1
|-sideend|p2: pkmn cypher 2013|Stealth Rock|[from] move: Defog|[of] p1a: Skormary
|-sideend|p1: Amane Misa|Stealth Rock|[from] move: Defog|[of] p1a: Skormary
|move|p2a: Scizor|Swords Dance|p2a: Scizor
|-boost|p2a: Scizor|atk|2
|
|upkeep
|turn|83
|
|t:|1656702714
|switch|p2a: Amoonguss|Amoonguss, M|100/100
|move|p1a: Skormary|Iron Defense|p1a: Skormary
|-boost|p1a: Skormary|def|2
|
|upkeep
|turn|84
|
|t:|1656702723
|switch|p1a: Kortoal|Torkoal, M|45/100
|-weather|SunnyDay|[from] ability: Drought|[of] p1a: Kortoal
|move|p2a: Amoonguss|Sludge Bomb|p1a: Kortoal
|-damage|p1a: Kortoal|9/100
|
|-weather|SunnyDay|[upkeep]
|upkeep
|turn|85
|
|t:|1656702726
|switch|p1a: Senuvaur|Venusaur, M|100/100
|move|p2a: Amoonguss|Sludge Bomb|p1a: Senuvaur
|-damage|p1a: Senuvaur|67/100
|
|-weather|SunnyDay|[upkeep]
|upkeep
|turn|86
|inactive|pkmn cypher 2013 has 270 seconds left.
|inactive|Amane Misa has 270 seconds left.
|
|t:|1656702769
|switch|p2a: Chansey|Chansey, F|100/100
|move|p1a: Senuvaur|Growth|p1a: Senuvaur
|-boost|p1a: Senuvaur|atk|2
|-boost|p1a: Senuvaur|spa|2
|
|-weather|SunnyDay|[upkeep]
|upkeep
|turn|87
|inactive|Amane Misa has 270 seconds left.
|inactive|pkmn cypher 2013 has 270 seconds left.
|
|t:|1656702800
|move|p1a: Senuvaur|Giga Drain|p2a: Chansey
|-damage|p2a: Chansey|59/100
|-heal|p1a: Senuvaur|100/100|[from] drain|[of] p2a: Chansey
|-damage|p1a: Senuvaur|91/100|[from] item: Life Orb
|move|p2a: Chansey|Stealth Rock|p1a: Senuvaur
|-sidestart|p1: Amane Misa|move: Stealth Rock
|
|-weather|SunnyDay|[upkeep]
|upkeep
|turn|88
|inactive|pkmn cypher 2013 has 270 seconds left.
|inactive|Amane Misa has 240 seconds left.
|
|t:|1656702826
|move|p1a: Senuvaur|Growth|p1a: Senuvaur
|-boost|p1a: Senuvaur|atk|2
|-boost|p1a: Senuvaur|spa|2
|move|p2a: Chansey|Soft-Boiled|p2a: Chansey
|-heal|p2a: Chansey|100/100
|
|-weather|SunnyDay|[upkeep]
|upkeep
|turn|89
|inactive|Amane Misa has 240 seconds left.
|
|t:|1656702847
|move|p1a: Senuvaur|Weather Ball|p2a: Chansey
|-damage|p2a: Chansey|10/100
|-damage|p1a: Senuvaur|81/100|[from] item: Life Orb
|move|p2a: Chansey|Soft-Boiled|p2a: Chansey
|-heal|p2a: Chansey|60/100
|
|-weather|SunnyDay|[upkeep]
|upkeep
|turn|90
|inactive|Amane Misa has 240 seconds left.
|inactive|pkmn cypher 2013 has 240 seconds left.
|inactive|pkmn cypher 2013 has 210 seconds left.
|inactive|pkmn cypher 2013 has 180 seconds left.
|inactive|pkmn cypher 2013 has 150 seconds left.
|
|t:|1656702973
|switch|p2a: Amoonguss|Amoonguss, M|100/100
|move|p1a: Senuvaur|Sludge Bomb|p2a: Amoonguss
|-damage|p2a: Amoonguss|0 fnt
|faint|p2a: Amoonguss
|-damage|p1a: Senuvaur|71/100|[from] item: Life Orb
|
|-weather|SunnyDay|[upkeep]
|upkeep
|
|t:|1656702986
|switch|p2a: Scizor|Scizor, F|88/100
|turn|91
|inactive|Amane Misa has 240 seconds left.
|inactive|pkmn cypher 2013 has 120 seconds left.
|inactive|Amane Misa has 210 seconds left.
|
|t:|1656703038
|switch|p2a: Chansey|Chansey, F|60/100
|move|p1a: Senuvaur|Weather Ball|p2a: Chansey
|-damage|p2a: Chansey|0 fnt
|faint|p2a: Chansey
|-damage|p1a: Senuvaur|62/100|[from] item: Life Orb
|
|-weather|none
|upkeep
|
|t:|1656703046
|switch|p2a: Azelf|Azelf|64/100
|turn|92
|inactive|pkmn cypher 2013 has 120 seconds left.
|c|+vivalospride|swamomine 😩😩😩
|inactive|Amane Misa has 180 seconds left.
|
|t:|1656703092
|switch|p1a: Sanchey|Chansey, F|82/100
|-damage|p1a: Sanchey|70/100|[from] Stealth Rock
|move|p2a: Azelf|U-turn|p1a: Sanchey
|-crit|p1a: Sanchey
|-damage|p1a: Sanchey|51/100
|
|t:|1656703098
|switch|p2a: Diggersby|Diggersby, F|72/100|[from]move: U-turn
|
|upkeep
|turn|93
|inactive|pkmn cypher 2013 has 120 seconds left.
|
|t:|1656703120
|move|p2a: Diggersby|U-turn|p1a: Sanchey
|-damage|p1a: Sanchey|31/100
|
|t:|1656703122
|switch|p2a: Scizor|Scizor, F|88/100|[from]move: U-turn
|move|p1a: Sanchey|Soft-Boiled|p1a: Sanchey
|-heal|p1a: Sanchey|81/100
|
|upkeep
|turn|94
|
|t:|1656703126
|move|p2a: Scizor|Swords Dance|p2a: Scizor
|-boost|p2a: Scizor|atk|2
|move|p1a: Sanchey|Teleport|p1a: Sanchey
|
|t:|1656703128
|switch|p1a: Skormary|Skarmory, F|66/100|[from]move: Teleport
|-damage|p1a: Skormary|54/100|[from] Stealth Rock
|
|upkeep
|turn|95
|
|t:|1656703137
|move|p1a: Skormary|Defog|p2a: Scizor
|-unboost|p2a: Scizor|evasion|1
|-sideend|p1: Amane Misa|Stealth Rock|[from] move: Defog|[of] p1a: Skormary
|move|p2a: Scizor|Swords Dance|p2a: Scizor
|-boost|p2a: Scizor|atk|2
|
|upkeep
|turn|96
|
|t:|1656703140
|move|p2a: Scizor|Bullet Punch|p1a: Skormary
|-resisted|p1a: Skormary
|-damage|p1a: Skormary|32/100
|move|p1a: Skormary|Iron Defense|p1a: Skormary
|-boost|p1a: Skormary|def|2
|
|upkeep
|turn|97
|inactive|pkmn cypher 2013 has 150 seconds left.
|
|t:|1656703159
|move|p1a: Skormary|Roost|p1a: Skormary
|-heal|p1a: Skormary|82/100
|-singleturn|p1a: Skormary|move: Roost
|move|p2a: Scizor|U-turn|p1a: Skormary
|-resisted|p1a: Skormary
|-damage|p1a: Skormary|68/100
|
|t:|1656703164
|switch|p2a: Azelf|Azelf|64/100|[from]move: U-turn
|
|upkeep
|turn|98
|
|t:|1656703166
|switch|p1a: Sanchey|Chansey, F|81/100
|move|p2a: Azelf|U-turn|p1a: Sanchey
|-crit|p1a: Sanchey
|-damage|p1a: Sanchey|63/100
|
|t:|1656703168
|switch|p2a: Diggersby|Diggersby, F|72/100|[from]move: U-turn
|
|upkeep
|turn|99
|
|t:|1656703170
|move|p2a: Diggersby|U-turn|p1a: Sanchey
|-damage|p1a: Sanchey|45/100
|
|t:|1656703179
|switch|p2a: Scizor|Scizor, F|88/100|[from]move: U-turn
|move|p1a: Sanchey|Soft-Boiled|p1a: Sanchey
|-heal|p1a: Sanchey|95/100
|
|upkeep
|turn|100
|
|t:|1656703186
|move|p2a: Scizor|U-turn|p1a: Sanchey
|-damage|p1a: Sanchey|75/100
|
|t:|1656703194
|switch|p2a: Azelf|Azelf|64/100|[from]move: U-turn
|move|p1a: Sanchey|Teleport|p1a: Sanchey
|inactive|Amane Misa has 270 seconds left.
|
|t:|1656703201
|switch|p1a: Mandarnitan|Darmanitan, F|100/100|[from]move: Teleport
|
|upkeep
|turn|101
|
|t:|1656703204
|switch|p2a: Salamence|Salamence, F|100/100
|-ability|p2a: Salamence|Intimidate|boost
|-unboost|p1a: Mandarnitan|atk|1
|move|p1a: Mandarnitan|U-turn|p2a: Salamence
|-resisted|p2a: Salamence
|-damage|p2a: Salamence|94/100
|
|t:|1656703206
|switch|p1a: Kortoal|Torkoal, M|9/100|[from]move: U-turn
|-weather|SunnyDay|[from] ability: Drought|[of] p1a: Kortoal
|
|-weather|SunnyDay|[upkeep]
|upkeep
|turn|102
|
|t:|1656703222
|switch|p1a: Sanchey|Chansey, F|75/100
|move|p2a: Salamence|Flamethrower|p1a: Sanchey
|-damage|p1a: Sanchey|66/100
|
|-weather|SunnyDay|[upkeep]
|upkeep
|turn|103
|
|t:|1656703230
|move|p2a: Salamence|Flamethrower|p1a: Sanchey
|-damage|p1a: Sanchey|56/100
|move|p1a: Sanchey|Teleport|p1a: Sanchey
|
|t:|1656703235
|switch|p1a: Mandarnitan|Darmanitan, F|100/100|[from]move: Teleport
|
|-weather|SunnyDay|[upkeep]
|upkeep
|turn|104
|
|t:|1656703239
|move|p1a: Mandarnitan|U-turn|p2a: Salamence
|-resisted|p2a: Salamence
|-damage|p2a: Salamence|84/100
|
|t:|1656703241
|switch|p1a: Sanchey|Chansey, F|56/100|[from]move: U-turn
|move|p2a: Salamence|Draco Meteor|p1a: Sanchey
|-damage|p1a: Sanchey|41/100
|-unboost|p2a: Salamence|spa|2
|
|-weather|SunnyDay|[upkeep]
|upkeep
|turn|105
|
|t:|1656703245
|switch|p2a: Diggersby|Diggersby, F|72/100
|move|p1a: Sanchey|Teleport|p1a: Sanchey
|
|t:|1656703249
|switch|p1a: Senuvaur|Venusaur, M|62/100|[from]move: Teleport
|
|-weather|SunnyDay|[upkeep]
|upkeep
|turn|106
|inactive|Amane Misa has 270 seconds left.
|inactive|pkmn cypher 2013 has 210 seconds left.
|inactive|Amane Misa has 240 seconds left.
|inactive|pkmn cypher 2013 has 180 seconds left.
|inactive|Amane Misa has 210 seconds left.
|
|t:|1656703351
|switch|p2a: Salamence|Salamence, F|84/100
|-ability|p2a: Salamence|Intimidate|boost
|-unboost|p1a: Senuvaur|atk|1
|move|p1a: Senuvaur|Weather Ball|p2a: Salamence
|-resisted|p2a: Salamence
|-damage|p2a: Salamence|53/100
|-damage|p1a: Senuvaur|52/100|[from] item: Life Orb
|
|-weather|SunnyDay|[upkeep]
|upkeep
|turn|107
|inactive|pkmn cypher 2013 has 150 seconds left.
|
|t:|1656703375
|switch|p2a: Scizor|Scizor, F|88/100
|move|p1a: Senuvaur|Sludge Bomb|p2a: Scizor
|-immune|p2a: Scizor
|
|-weather|SunnyDay|[upkeep]
|upkeep
|turn|108
|inactive|pkmn cypher 2013 has 150 seconds left.
|
|t:|1656703382
|switch|p2a: Salamence|Salamence, F|53/100
|-ability|p2a: Salamence|Intimidate|boost
|-unboost|p1a: Senuvaur|atk|1
|move|p1a: Senuvaur|Weather Ball|p2a: Salamence
|-resisted|p2a: Salamence
|-crit|p2a: Salamence
|-damage|p2a: Salamence|3/100
|-damage|p1a: Senuvaur|42/100|[from] item: Life Orb
|
|-weather|none
|upkeep
|turn|109
|inactive|Amane Misa has 210 seconds left.
|inactive|Amane Misa has 180 seconds left.
|
|t:|1656703431
|move|p2a: Salamence|Roost|p2a: Salamence
|-heal|p2a: Salamence|53/100
|-singleturn|p2a: Salamence|move: Roost
|move|p1a: Senuvaur|Sludge Bomb|p2a: Salamence
|-damage|p2a: Salamence|0 fnt
|faint|p2a: Salamence
|-damage|p1a: Senuvaur|33/100|[from] item: Life Orb
|
|upkeep
|inactive|pkmn cypher 2013 has 150 seconds left.
|
|t:|1656703442
|switch|p2a: Azelf|Azelf|64/100
|turn|110
|inactive|Amane Misa has 180 seconds left.
|
|t:|1656703449
|switch|p1a: Kortoal|Torkoal, M|9/100
|-weather|SunnyDay|[from] ability: Drought|[of] p1a: Kortoal
|move|p2a: Azelf|Psychic|p1a: Kortoal
|-crit|p1a: Kortoal
|-damage|p1a: Kortoal|0 fnt
|faint|p1a: Kortoal
|
|-weather|SunnyDay|[upkeep]
|upkeep
|
|t:|1656703453
|switch|p1a: Mandarnitan|Darmanitan, F|100/100
|turn|111
|
|t:|1656703455
|switch|p2a: Diggersby|Diggersby, F|72/100
|move|p1a: Mandarnitan|Flare Blitz|p2a: Diggersby
|-damage|p2a: Diggersby|0 fnt
|faint|p2a: Diggersby
|-damage|p1a: Mandarnitan|80/100|[from] Recoil
|
|-weather|SunnyDay|[upkeep]
|upkeep
|
|t:|1656703461
|switch|p2a: Azelf|Azelf|64/100
|turn|112
|
|t:|1656703463
|move|p1a: Mandarnitan|Flare Blitz|p2a: Azelf
|-damage|p2a: Azelf|0 fnt
|faint|p2a: Azelf
|-damage|p1a: Mandarnitan|62/100|[from] Recoil
|
|-weather|SunnyDay|[upkeep]
|upkeep
|
|t:|1656703465
|switch|p2a: Scizor|Scizor, F|88/100
|turn|113
|c|☆pkmn cypher 2013|gg
|
|t:|1656703471
|move|p1a: Mandarnitan|Flare Blitz|p2a: Scizor
|-supereffective|p2a: Scizor
|-damage|p2a: Scizor|0 fnt
|faint|p2a: Scizor
|-damage|p1a: Mandarnitan|34/100|[from] Recoil
|
|win|Amane Misa
|c|☆Amane Misa|gg
