|inactive|Battle timer is ON: inactive players will automatically lose when time's up.
|t:|1646168434
|gametype|singles
|player|p1|estarossa|#estarossa|
|player|p2|KSt3ve|2|
|teamsize|p1|6
|teamsize|p2|6
|gen|8
|tier|[Gen 8] UU
|rule|Sleep Clause Mod: Limit one foe put to sleep
|rule|Species Clause: Limit one of each Pokémon
|rule|OHKO Clause: OHKO moves are banned
|rule|Evasion Moves Clause: Evasion moves are banned
|rule|Endless Battle Clause: Forcing endless battles is banned
|rule|HP Percentage Mod: HP is shown in percentages
|rule|Dynamax Clause: You cannot dynamax
|clearpoke
|poke|p1|Slowking, F|
|poke|p1|Aegislash, F|
|poke|p1|Nihilego|
|poke|p1|Zarude|
|poke|p1|Cobalion|
|poke|p1|Sandslash-Alola, M|
|poke|p2|Salazzle, F|
|poke|p2|Thundurus-Therian, M|
|poke|p2|Zarude|
|poke|p2|Salamence, F|
|poke|p2|Swampert, M|
|poke|p2|Jirachi|
|teampreview
|c|☆KSt3ve|hf
|c|+Micciu20250|go go steve
|inactive|KSt3ve has 270 seconds left.
|c|☆estarossa|u2
|inactive|KSt3ve has 240 seconds left.
|
|t:|1646168503
|start
|switch|p1a: Aegislash|Aegislash, F|100/100
|switch|p2a: Thundurus|Thundurus-Therian, M|100/100
|turn|1
|
|t:|1646168523
|move|p1a: Aegislash|King's Shield|p1a: Aegislash
|-singleturn|p1a: Aegislash|Protect
|move|p2a: Thundurus|Volt Switch|p1a: Aegislash
|-activate|p1a: Aegislash|move: Protect
|
|upkeep
|turn|2
|
|t:|1646168533
|move|p2a: Thundurus|Knock Off|p1a: Aegislash
|-supereffective|p1a: Aegislash
|-damage|p1a: Aegislash|66/100
|-enditem|p1a: Aegislash|Leftovers|[from] move: Knock Off|[of] p2a: Thundurus
|move|p1a: Aegislash|Toxic|p2a: Thundurus
|-status|p2a: Thundurus|tox
|
|-damage|p2a: Thundurus|94/100 tox|[from] psn
|upkeep
|turn|3
|
|t:|1646168551
|switch|p2a: Zarude|Zarude|100/100
|move|p1a: Aegislash|King's Shield||[still]
|-fail|p1a: Aegislash
|
|upkeep
|turn|4
|
|t:|1646168563
|move|p1a: Aegislash|King's Shield|p1a: Aegislash
|-singleturn|p1a: Aegislash|Protect
|move|p2a: Zarude|Darkest Lariat|p1a: Aegislash
|-activate|p1a: Aegislash|move: Protect
|-unboost|p2a: Zarude|atk|1
|
|upkeep
|turn|5
|
|t:|1646168582
|move|p2a: Zarude|U-turn|p1a: Aegislash
|-resisted|p1a: Aegislash
|-damage|p1a: Aegislash|64/100
|
|t:|1646168585
|switch|p2a: Swampert|Swampert, M|100/100|[from]move: U-turn
|move|p1a: Aegislash|Toxic|p2a: Swampert
|-status|p2a: Swampert|tox
|
|-damage|p2a: Swampert|94/100 tox|[from] psn
|upkeep
|turn|6
|
|t:|1646168597
|switch|p1a: Slowking|Slowking, F|100/100
|move|p2a: Swampert|Stealth Rock|p1a: Slowking
|-sidestart|p1: estarossa|move: Stealth Rock
|
|-heal|p2a: Swampert|100/100 tox|[from] item: Leftovers
|-damage|p2a: Swampert|88/100 tox|[from] psn
|upkeep
|turn|7
|
|t:|1646168605
|move|p1a: Slowking|Trick|p2a: Swampert
|-activate|p1a: Slowking|move: Trick|[of] p2a: Swampert
|-item|p2a: Swampert|Choice Scarf|[from] move: Trick
|-item|p1a: Slowking|Leftovers|[from] move: Trick
|move|p2a: Swampert|Flip Turn|p1a: Slowking
|-resisted|p1a: Slowking
|-damage|p1a: Slowking|92/100
|inactive|KSt3ve has 270 seconds left.
|
|t:|1646168639
|switch|p2a: Thundurus|Thundurus-Therian, M|94/100 tox|[from]move: Flip Turn
|
|-heal|p1a: Slowking|98/100|[from] item: Leftovers
|-damage|p2a: Thundurus|88/100 tox|[from] psn
|upkeep
|turn|8
|
|t:|1646168647
|move|p2a: Thundurus|Volt Switch|p1a: Slowking
|-supereffective|p1a: Slowking
|-damage|p1a: Slowking|29/100
|
|t:|1646168652
|switch|p2a: Jirachi|Jirachi|100/100|[from]move: Volt Switch
|move|p1a: Slowking|Scald|p2a: Jirachi
|-damage|p2a: Jirachi|74/100
|
|-heal|p1a: Slowking|36/100|[from] item: Leftovers
|upkeep
|turn|9
|c|+pokemonisfun|estarossa is using two slashers please tourban for breaking species clause
|inactive|estarossa has 270 seconds left.
|
|t:|1646168684
|move|p2a: Jirachi|U-turn|p1a: Slowking
|-supereffective|p1a: Slowking
|-damage|p1a: Slowking|7/100
|
|t:|1646168707
|switch|p2a: Zarude|Zarude|100/100|[from]move: U-turn
|move|p1a: Slowking|Slack Off|p1a: Slowking
|-heal|p1a: Slowking|57/100
|
|-heal|p1a: Slowking|63/100|[from] item: Leftovers
|upkeep
|turn|10
|inactive|estarossa has 270 seconds left.
|inactive|estarossa has 240 seconds left.
|
|t:|1646168753
|move|p2a: Zarude|U-turn|p1a: Slowking
|-supereffective|p1a: Slowking
|-crit|p1a: Slowking
|-damage|p1a: Slowking|12/100
|
|t:|1646168760
|switch|p2a: Thundurus|Thundurus-Therian, M|88/100 tox|[from]move: U-turn
|move|p1a: Slowking|Slack Off|p1a: Slowking
|-heal|p1a: Slowking|62/100
|
|-heal|p1a: Slowking|69/100|[from] item: Leftovers
|-damage|p2a: Thundurus|82/100 tox|[from] psn
|upkeep
|turn|11
|inactive|estarossa has 240 seconds left.
|c|+KM|is this masters
|c|+pokemonisfun|yes i am your master
|c|+KM|ok
|
|t:|1646168801
|move|p2a: Thundurus|Volt Switch|p1a: Slowking
|-supereffective|p1a: Slowking
|-damage|p1a: Slowking|1/100
|c|☆KSt3ve|.
|
|t:|1646168806
|switch|p2a: Zarude|Zarude|100/100|[from]move: Volt Switch
|move|p1a: Slowking|Slack Off|p1a: Slowking
|-heal|p1a: Slowking|51/100
|
|-heal|p1a: Slowking|57/100|[from] item: Leftovers
|upkeep
|turn|12
|c|☆estarossa|i calced that
|
|t:|1646168814
|switch|p1a: Cobalion|Cobalion|100/100
|-damage|p1a: Cobalion|97/100|[from] Stealth Rock
|move|p2a: Zarude|U-turn|p1a: Cobalion
|-resisted|p1a: Cobalion
|-damage|p1a: Cobalion|93/100
|-damage|p2a: Zarude|84/100|[from] item: Rocky Helmet|[of] p1a: Cobalion
|
|t:|1646168817
|switch|p2a: Salazzle|Salazzle, F|100/100|[from]move: U-turn
|
|upkeep
|turn|13
|
|t:|1646168829
|switch|p1a: Slowking|Slowking, F|90/100
|-damage|p1a: Slowking|78/100|[from] Stealth Rock
|move|p2a: Salazzle|Overheat|p1a: Slowking
|-resisted|p1a: Slowking
|-damage|p1a: Slowking|44/100
|-unboost|p2a: Salazzle|spa|2
|
|-heal|p1a: Slowking|50/100|[from] item: Leftovers
|upkeep
|turn|14
|
|t:|1646168842
|switch|p2a: Zarude|Zarude|84/100
|switch|p1a: Cobalion|Cobalion|93/100
|-damage|p1a: Cobalion|90/100|[from] Stealth Rock
|
|upkeep
|turn|15
|
|t:|1646168849
|switch|p2a: Salamence|Salamence, F|100/100
|-ability|p2a: Salamence|Intimidate|boost
|-unboost|p1a: Cobalion|atk|1
|move|p1a: Cobalion|Stealth Rock|p2a: Salamence
|-sidestart|p2: KSt3ve|move: Stealth Rock
|
|upkeep
|turn|16
|
|t:|1646168861
|switch|p2a: Zarude|Zarude|84/100
|move|p1a: Cobalion|Volt Switch|p2a: Zarude
|-resisted|p2a: Zarude
|-damage|p2a: Zarude|77/100
|
|t:|1646168866
|switch|p1a: Sandslash|Sandslash-Alola, M|100/100|[from]move: Volt Switch
|-damage|p1a: Sandslash|88/100|[from] Stealth Rock
|
|-heal|p1a: Sandslash|94/100|[from] item: Leftovers
|upkeep
|turn|17
|
|t:|1646168894
|move|p2a: Zarude|Darkest Lariat|p1a: Sandslash
|-damage|p1a: Sandslash|69/100
|move|p1a: Sandslash|Rapid Spin|p2a: Zarude
|-damage|p2a: Zarude|67/100
|-boost|p1a: Sandslash|spe|1
|-sideend|p1: estarossa|Stealth Rock|[from] move: Rapid Spin|[of] p1a: Sandslash
|
|-heal|p1a: Sandslash|75/100|[from] item: Leftovers
|upkeep
|turn|18
|c|☆KSt3ve|25
|inactive|KSt3ve has 270 seconds left.
|inactive|KSt3ve has 240 seconds left.
|
|t:|1646168948
|move|p2a: Zarude|U-turn|p1a: Sandslash
|-resisted|p1a: Sandslash
|-damage|p1a: Sandslash|68/100
|
|t:|1646168956
|switch|p2a: Swampert|Swampert, M|88/100 tox|[from]move: U-turn
|-damage|p2a: Swampert|82/100 tox|[from] Stealth Rock
|move|p1a: Sandslash|Triple Axel|p2a: Swampert
|-damage|p2a: Swampert|75/100 tox
|-damage|p2a: Swampert|62/100 tox
|-crit|p2a: Swampert
|-damage|p2a: Swampert|32/100 tox
|-hitcount|p2a: Swampert|3
|
|-heal|p1a: Sandslash|75/100|[from] item: Leftovers
|-damage|p2a: Swampert|26/100 tox|[from] psn
|upkeep
|turn|19
|inactive|KSt3ve has 240 seconds left.
|c|+Accel|go esta go
|inactive|KSt3ve has 210 seconds left.
|
|t:|1646168995
|move|p1a: Sandslash|Triple Axel|p2a: Swampert
|-damage|p2a: Swampert|19/100 tox
|-damage|p2a: Swampert|6/100 tox
|-damage|p2a: Swampert|0 fnt
|faint|p2a: Swampert
|-hitcount|p2: Swampert|3
|
|-heal|p1a: Sandslash|81/100|[from] item: Leftovers
|upkeep
|inactive|KSt3ve has 210 seconds left.
|inactive|KSt3ve has 180 seconds left.
|
|t:|1646169040
|switch|p2a: Thundurus|Thundurus-Therian, M|82/100 tox
|turn|20
|
|t:|1646169053
|switch|p1a: Aegislash|Aegislash, F|64/100
|move|p2a: Thundurus|Volt Switch|p1a: Aegislash
|-damage|p1a: Aegislash|35/100
|inactive|KSt3ve has 180 seconds left.
|
|t:|1646169066
|switch|p2a: Salamence|Salamence, F|100/100|[from]move: Volt Switch
|-ability|p2a: Salamence|Intimidate|boost
|-unboost|p1a: Aegislash|atk|1
|
|upkeep
|turn|21
|inactive|estarossa has 270 seconds left.
|
|t:|1646169078
|move|p2a: Salamence|Flamethrower|p1a: Aegislash
|-supereffective|p1a: Aegislash
|-damage|p1a: Aegislash|9/100
|move|p1a: Aegislash|Toxic|p2a: Salamence
|-status|p2a: Salamence|tox
|
|-damage|p2a: Salamence|94/100 tox|[from] psn
|upkeep
|turn|22
|inactive|estarossa has 270 seconds left.
|c|☆KSt3ve|yeah ok
|c|☆KSt3ve|sorry for wasting your tyim
|c|☆KSt3ve|time
|-message|KSt3ve forfeited.
|
|win|estarossa
|player|p2|KSt3ve|2
|c|☆estarossa|gg
|player|p2|
|player|p2|KSt3ve|2
|c|☆KSt3ve|gg
|player|p2|
