|j|☆174578m
|j|☆acluh1
|t:|1652473728
|gametype|singles
|player|p1|174578m|102|1257
|player|p2|acluh1|karen|1323
|teamsize|p1|6
|teamsize|p2|6
|gen|8
|tier|[Gen 8] PU
|rated|
|rule|Sleep Clause Mod: Limit one foe put to sleep
|rule|Species Clause: Limit one of each Pokémon
|rule|OHKO Clause: OHKO moves are banned
|rule|Evasion Moves Clause: Evasion moves are banned
|rule|Endless Battle Clause: Forcing endless battles is banned
|rule|HP Percentage Mod: HP is shown in percentages
|rule|Dynamax Clause: You cannot dynamax
|clearpoke
|poke|p1|Jolteon, F|
|poke|p1|Cinccino, M|
|poke|p1|Type: Null|
|poke|p1|Wartortle, F|
|poke|p1|Glastrier|
|poke|p1|Ditto|
|poke|p2|Charizard, M|
|poke|p2|Gigalith, M|
|poke|p2|Jolteon, M|
|poke|p2|Pincurchin, M|
|poke|p2|Sandaconda, M|
|poke|p2|Sneasel, M|
|teampreview
|inactive|Battle timer is ON: inactive players will automatically lose when time's up. (requested by acluh1)
|
|t:|1652473741
|start
|switch|p1a: Cinccino|Cinccino, M|100/100
|switch|p2a: Sandaconda|Sandaconda, M, shiny|100/100
|turn|1
|
|t:|1652473748
|move|p1a: Cinccino|Bullet Seed|p2a: Sandaconda
|-supereffective|p2a: Sandaconda
|-damage|p2a: Sandaconda|88/100
|-supereffective|p2a: Sandaconda
|-damage|p2a: Sandaconda|76/100
|-supereffective|p2a: Sandaconda
|-damage|p2a: Sandaconda|64/100
|-supereffective|p2a: Sandaconda
|-damage|p2a: Sandaconda|51/100
|-supereffective|p2a: Sandaconda
|-damage|p2a: Sandaconda|40/100
|-hitcount|p2a: Sandaconda|5
|-damage|p1a: Cinccino|91/100|[from] item: Life Orb
|move|p2a: Sandaconda|Earthquake|p1a: Cinccino
|-crit|p1a: Cinccino
|-damage|p1a: Cinccino|0 fnt
|faint|p1a: Cinccino
|
|upkeep
|
|t:|1652473762
|switch|p1a: Jolteon|Jolteon, F|100/100
|turn|2
|
|t:|1652473771
|switch|p2a: Gigalith|Gigalith, M, shiny|100/100
|-weather|Sandstorm|[from] ability: Sand Stream|[of] p2a: Gigalith
|move|p1a: Jolteon|Hyper Voice|p2a: Gigalith
|-resisted|p2a: Gigalith
|-damage|p2a: Gigalith|89/100
|
|-weather|Sandstorm|[upkeep]
|-damage|p1a: Jolteon|95/100|[from] Sandstorm
|-heal|p2a: Gigalith|95/100|[from] item: Leftovers
|upkeep
|turn|3
|
|t:|1652473783
|switch|p1a: Wartortle|Wartortle, F|100/100
|move|p2a: Gigalith|Earthquake|p1a: Wartortle
|-damage|p1a: Wartortle|83/100
|
|-weather|Sandstorm|[upkeep]
|-damage|p1a: Wartortle|77/100|[from] Sandstorm
|-heal|p2a: Gigalith|100/100|[from] item: Leftovers
|upkeep
|turn|4
|
|t:|1652473795
|switch|p2a: Pincurchin|Pincurchin, M, shiny|100/100
|-fieldstart|move: Electric Terrain|[from] ability: Electric Surge|[of] p2a: Pincurchin
|move|p1a: Wartortle|Yawn|p2a: Pincurchin
|-activate|p2a: Pincurchin|move: Electric Terrain
|
|-weather|Sandstorm|[upkeep]
|-damage|p1a: Wartortle|70/100|[from] Sandstorm
|-damage|p2a: Pincurchin|94/100|[from] Sandstorm
|upkeep
|turn|5
|
|t:|1652473808
|switch|p1a: Type: Null|Type: Null|100/100
|move|p2a: Pincurchin|Rising Voltage|p1a: Type: Null
|-hint|Rising Voltage's BP doubled on grounded target.
|-damage|p1a: Type: Null|67/100
|
|-weather|Sandstorm|[upkeep]
|-damage|p1a: Type: Null|61/100|[from] Sandstorm
|-damage|p2a: Pincurchin|88/100|[from] Sandstorm
|upkeep
|turn|6
|
|t:|1652473818
|move|p1a: Type: Null|Toxic|p2a: Pincurchin
|-status|p2a: Pincurchin|tox
|move|p2a: Pincurchin|Rising Voltage|p1a: Type: Null
|-hint|Rising Voltage's BP doubled on grounded target.
|-damage|p1a: Type: Null|26/100
|
|-weather|none
|-damage|p2a: Pincurchin|82/100 tox|[from] psn
|upkeep
|turn|7
|
|t:|1652473828
|move|p1a: Type: Null|U-turn|p2a: Pincurchin
|-damage|p2a: Pincurchin|65/100 tox
|
|t:|1652473830
|switch|p1a: Jolteon|Jolteon, F|95/100|[from]move: U-turn
|move|p2a: Pincurchin|Rising Voltage|p1a: Jolteon
|-heal|p1a: Jolteon|100/100|[from] ability: Volt Absorb|[of] p2a: Pincurchin
|
|-damage|p2a: Pincurchin|53/100 tox|[from] psn
|upkeep
|turn|8
|
|t:|1652473838
|switch|p2a: Sandaconda|Sandaconda, M, shiny|40/100
|move|p1a: Jolteon|Shadow Ball|p2a: Sandaconda
|-damage|p2a: Sandaconda|0 fnt
|faint|p2a: Sandaconda
|
|upkeep
|
|t:|1652473841
|switch|p2a: Gigalith|Gigalith, M, shiny|100/100
|-weather|Sandstorm|[from] ability: Sand Stream|[of] p2a: Gigalith
|turn|9
|
|t:|1652473850
|switch|p1a: Wartortle|Wartortle, F|70/100
|move|p2a: Gigalith|Earthquake|p1a: Wartortle
|-damage|p1a: Wartortle|52/100
|
|-weather|Sandstorm|[upkeep]
|-damage|p1a: Wartortle|46/100|[from] Sandstorm
|upkeep
|turn|10
|
|t:|1652473862
|switch|p2a: Charizard|Charizard, M, shiny|100/100
|move|p1a: Wartortle|Flip Turn|p2a: Charizard
|-supereffective|p2a: Charizard
|-damage|p2a: Charizard|59/100
|
|t:|1652473871
|switch|p1a: Glastrier|Glastrier|100/100|[from]move: Flip Turn
|
|-weather|Sandstorm|[upkeep]
|-damage|p2a: Charizard|53/100|[from] Sandstorm
|-damage|p1a: Glastrier|94/100|[from] Sandstorm
|upkeep
|turn|11
|
|t:|1652473877
|move|p2a: Charizard|Fire Blast|p1a: Glastrier
|-supereffective|p1a: Glastrier
|-damage|p1a: Glastrier|40/100
|move|p1a: Glastrier|Avalanche|p2a: Charizard
|-damage|p2a: Charizard|0 fnt
|faint|p2a: Charizard
|-ability|p1a: Glastrier|Chilling Neigh|boost
|-boost|p1a: Glastrier|atk|1
|
|-weather|Sandstorm|[upkeep]
|-damage|p1a: Glastrier|34/100|[from] Sandstorm
|-fieldend|move: Electric Terrain
|upkeep
|
|t:|1652473891
|switch|p2a: Gigalith|Gigalith, M, shiny|100/100
|turn|12
|
|t:|1652473902
|move|p1a: Glastrier|Body Press|p2a: Gigalith
|-supereffective|p2a: Gigalith
|-damage|p2a: Gigalith|53/100
|move|p2a: Gigalith|Rock Blast|p1a: Glastrier
|-supereffective|p1a: Glastrier
|-damage|p1a: Glastrier|22/100
|-supereffective|p1a: Glastrier
|-damage|p1a: Glastrier|10/100
|-supereffective|p1a: Glastrier
|-damage|p1a: Glastrier|0 fnt
|faint|p1a: Glastrier
|-hitcount|p1: Glastrier|3
|
|-weather|Sandstorm|[upkeep]
|-heal|p2a: Gigalith|60/100|[from] item: Leftovers
|upkeep
|
|t:|1652473915
|switch|p1a: Wartortle|Wartortle, F|46/100
|turn|13
|
|t:|1652473923
|switch|p2a: Sneasel|Sneasel, M|100/100
|move|p1a: Wartortle|Scald|p2a: Sneasel
|-crit|p2a: Sneasel
|-damage|p2a: Sneasel|46/100
|
|-weather|none
|upkeep
|turn|14
|
|t:|1652473932
|move|p2a: Sneasel|Swords Dance|p2a: Sneasel
|-boost|p2a: Sneasel|atk|2
|move|p1a: Wartortle|Scald|p2a: Sneasel
|-damage|p2a: Sneasel|10/100
|
|upkeep
|turn|15
|
|t:|1652473943
|move|p2a: Sneasel|Knock Off|p1a: Wartortle
|-damage|p1a: Wartortle|0 fnt
|-enditem|p1a: Wartortle|Eviolite|[from] move: Knock Off|[of] p2a: Sneasel
|faint|p1a: Wartortle
|
|upkeep
|
|t:|1652473947
|switch|p1a: Ditto|Ditto|100/100
|-transform|p1a: Ditto|p2a: Sneasel|[from] ability: Imposter
|turn|16
|
|t:|1652473955
|move|p2a: Sneasel|Ice Shard|p1a: Ditto
|-resisted|p1a: Ditto
|-damage|p1a: Ditto|71/100
|move|p1a: Ditto|Knock Off|p2a: Sneasel
|-resisted|p2a: Sneasel
|-damage|p2a: Sneasel|0 fnt
|-enditem|p2a: Sneasel|Heavy-Duty Boots|[from] move: Knock Off|[of] p1a: Ditto
|faint|p2a: Sneasel
|
|upkeep
|
|t:|1652473958
|switch|p2a: Gigalith|Gigalith, M, shiny|60/100
|-weather|Sandstorm|[from] ability: Sand Stream|[of] p2a: Gigalith
|turn|17
|
|t:|1652473965
|move|p1a: Ditto|Knock Off|p2a: Gigalith
|-crit|p2a: Gigalith
|-damage|p2a: Gigalith|0 fnt
|-enditem|p2a: Gigalith|Leftovers|[from] move: Knock Off|[of] p1a: Ditto
|faint|p2a: Gigalith
|
|-weather|Sandstorm|[upkeep]
|-damage|p1a: Ditto|65/100|[from] Sandstorm
|upkeep
|c|☆acluh1|damn
|
|t:|1652473991
|switch|p2a: Jolteon|Jolteon, M|100/100
|turn|18
|
|t:|1652473995
|move|p1a: Ditto|Knock Off|p2a: Jolteon
|-damage|p2a: Jolteon|0 fnt
|-enditem|p2a: Jolteon|Choice Specs|[from] move: Knock Off|[of] p1a: Ditto
|faint|p2a: Jolteon
|
|-weather|Sandstorm|[upkeep]
|-damage|p1a: Ditto|59/100|[from] Sandstorm
|upkeep
|
|t:|1652473997
|switch|p2a: Pincurchin|Pincurchin, M, shiny|53/100 tox
|-fieldstart|move: Electric Terrain|[from] ability: Electric Surge|[of] p2a: Pincurchin
|turn|19
|
|t:|1652474008
|move|p1a: Ditto|Knock Off|p2a: Pincurchin
|-damage|p2a: Pincurchin|0 fnt
|-enditem|p2a: Pincurchin|Terrain Extender|[from] move: Knock Off|[of] p1a: Ditto
|faint|p2a: Pincurchin
|
|win|174578m
|raw|174578m's rating: 1257 &rarr; <strong>1287</strong><br />(+30 for winning)
|raw|acluh1's rating: 1323 &rarr; <strong>1299</strong><br />(-24 for losing)
|l|☆acluh1
||Ladder isn't responding, score probably updated but might not have (Request timeout).
