|j|☆yassy slay
|j|☆chlo
|t:|1654176616
|gametype|singles
|player|p1|yassy slay|102|1602
|player|p2|chlo|#chlo|1528
|teamsize|p1|6
|teamsize|p2|6
|gen|8
|tier|[Gen 8] PU
|rated|
|rule|Sleep Clause Mod: Limit one foe put to sleep
|rule|Species Clause: Limit one of each Pokémon
|rule|OHKO Clause: OHKO moves are banned
|rule|Evasion Moves Clause: Evasion moves are banned
|rule|Endless Battle Clause: Forcing endless battles is banned
|rule|HP Percentage Mod: HP is shown in percentages
|rule|Dynamax Clause: You cannot dynamax
|clearpoke
|poke|p1|Dubwool, M|
|poke|p1|Palossand, F|
|poke|p1|Eldegoss, M|
|poke|p1|Magneton|
|poke|p1|Musharna, F|
|poke|p1|Accelgor, M|
|poke|p2|Electivire, M|
|poke|p2|Eldegoss, M|
|poke|p2|Clefairy, F|
|poke|p2|Jellicent, M|
|poke|p2|Scrafty, F|
|poke|p2|Togedemaru, M|
|teampreview
|c|☆chlo|hf
|c|☆yassy slay|U 2
|
|t:|1654176636
|start
|switch|p1a: Accelgor|Accelgor, M|100/100
|switch|p2a: Togedemaru|Togedemaru, M|100/100
|turn|1
|
|t:|1654176645
|move|p1a: Accelgor|Knock Off|p2a: Togedemaru
|-damage|p2a: Togedemaru|89/100
|-damage|p1a: Accelgor|88/100|[from] ability: Iron Barbs|[of] p2a: Togedemaru
|move|p2a: Togedemaru|Iron Head|p1a: Accelgor
|-damage|p1a: Accelgor|52/100
|
|upkeep
|turn|2
|
|t:|1654176651
|move|p1a: Accelgor|Focus Blast|p2a: Togedemaru|[miss]
|-miss|p1a: Accelgor|p2a: Togedemaru
|move|p2a: Togedemaru|Iron Head|p1a: Accelgor
|-damage|p1a: Accelgor|19/100
|
|upkeep
|turn|3
|
|t:|1654176654
|switch|p2a: Clefairy|Clefairy, F|100/100
|move|p1a: Accelgor|Recover|p1a: Accelgor
|-heal|p1a: Accelgor|69/100
|
|upkeep
|turn|4
|
|t:|1654176661
|move|p1a: Accelgor|Knock Off|p2a: Clefairy
|-resisted|p2a: Clefairy
|-damage|p2a: Clefairy|92/100
|-enditem|p2a: Clefairy|Eviolite|[from] move: Knock Off|[of] p1a: Accelgor
|move|p2a: Clefairy|Stealth Rock|p1a: Accelgor
|-sidestart|p1: yassy slay|move: Stealth Rock
|
|upkeep
|turn|5
|
|t:|1654176670
|switch|p1a: Magneton|Magneton|100/100
|-damage|p1a: Magneton|94/100|[from] Stealth Rock
|move|p2a: Clefairy|Moonblast|p1a: Magneton
|-resisted|p1a: Magneton
|-damage|p1a: Magneton|85/100
|
|upkeep
|turn|6
|
|t:|1654176676
|switch|p2a: Togedemaru|Togedemaru, M|89/100
|move|p1a: Magneton|Flash Cannon|p2a: Togedemaru
|-resisted|p2a: Togedemaru
|-damage|p2a: Togedemaru|73/100
|
|upkeep
|turn|7
|
|t:|1654176680
|move|p2a: Togedemaru|Wish|p2a: Togedemaru
|move|p1a: Magneton|Volt Switch|p2a: Togedemaru
|-resisted|p2a: Togedemaru
|-damage|p2a: Togedemaru|45/100
|
|t:|1654176683
|switch|p1a: Palossand|Palossand, F|100/100|[from]move: Volt Switch
|-damage|p1a: Palossand|94/100|[from] Stealth Rock
|
|upkeep
|turn|8
|
|t:|1654176688
|move|p2a: Togedemaru|Spiky Shield|p2a: Togedemaru
|-singleturn|p2a: Togedemaru|move: Protect
|move|p1a: Palossand|Stealth Rock|p2a: Togedemaru
|-sidestart|p2: chlo|move: Stealth Rock
|
|-heal|p2a: Togedemaru|95/100|[from] move: Wish|[wisher] Togedemaru
|upkeep
|turn|9
|
|t:|1654176698
|move|p2a: Togedemaru|U-turn|p1a: Palossand
|-resisted|p1a: Palossand
|-damage|p1a: Palossand|88/100
|
|t:|1654176702
|switch|p2a: Eldegoss|Eldegoss, M|100/100|[from]move: U-turn
|move|p1a: Palossand|Shadow Ball|p2a: Eldegoss
|-damage|p2a: Eldegoss|66/100
|
|upkeep
|turn|10
|
|t:|1654176711
|switch|p1a: Musharna|Musharna, F|100/100
|move|p2a: Eldegoss|Rapid Spin|p1a: Musharna
|-damage|p1a: Musharna|95/100
|-boost|p2a: Eldegoss|spe|1
|-sideend|p2: chlo|Stealth Rock|[from] move: Rapid Spin|[of] p2a: Eldegoss
|
|upkeep
|turn|11
|
|t:|1654176713
|move|p2a: Eldegoss|Sleep Powder|p1a: Musharna
|-status|p1a: Musharna|slp|[from] move: Sleep Powder
|cant|p1a: Musharna|slp
|
|upkeep
|turn|12
|j|+Meªngy ㋛
|
|t:|1654176721
|switch|p2a: Scrafty|Scrafty, F|100/100
|-curestatus|p1a: Musharna|slp|[msg]
|move|p1a: Musharna|Future Sight|p2a: Scrafty
|-start|p1a: Musharna|move: Future Sight
|
|upkeep
|turn|13
|c|+Meªngy ㋛|this must be ayo
|
|t:|1654176730
|switch|p1a: Dubwool|Dubwool, M|100/100
|-damage|p1a: Dubwool|88/100|[from] Stealth Rock
|move|p2a: Scrafty|Knock Off|p1a: Dubwool
|-damage|p1a: Dubwool|75/100
|-enditem|p1a: Dubwool|Leftovers|[from] move: Knock Off|[of] p2a: Scrafty
|
|upkeep
|turn|14
|c|☆yassy slay|Ofc!
|
|t:|1654176747
|switch|p2a: Jellicent|Jellicent, M|100/100
|move|p1a: Dubwool|Copycat|p1a: Dubwool
|move|p1a: Dubwool|Knock Off|p2a: Jellicent|[from]move: Copycat
|-supereffective|p2a: Jellicent
|-damage|p2a: Jellicent|68/100
|-enditem|p2a: Jellicent|Heavy-Duty Boots|[from] move: Knock Off|[of] p1a: Dubwool
|
|-end|p2a: Jellicent|move: Future Sight
|-damage|p2a: Jellicent|32/100
|upkeep
|turn|15
|c|+Meªngy ㋛|㋛
|c|+Meªngy ㋛|wait this is your shared power team
|c|+Meªngy ㋛|without sharing powers
|
|t:|1654176764
|switch|p1a: Magneton|Magneton|85/100
|-damage|p1a: Magneton|79/100|[from] Stealth Rock
|move|p2a: Jellicent|Recover|p2a: Jellicent
|-heal|p2a: Jellicent|82/100
|
|upkeep
|turn|16
|
|t:|1654176770
|switch|p2a: WOOFWOOF DOGGY|Electivire, M, shiny|100/100
|move|p1a: Magneton|Flash Cannon|p2a: WOOFWOOF DOGGY
|-resisted|p2a: WOOFWOOF DOGGY
|-damage|p2a: WOOFWOOF DOGGY|71/100
|
|upkeep
|turn|17
|c|☆yassy slay|Dubwool is the only copy over!
|
|t:|1654176800
|switch|p1a: Palossand|Palossand, F|88/100
|-damage|p1a: Palossand|82/100|[from] Stealth Rock
|move|p2a: WOOFWOOF DOGGY|Flamethrower|p1a: Palossand
|-damage|p1a: Palossand|50/100
|
|upkeep
|turn|18
|
|t:|1654176812
|switch|p2a: Eldegoss|Eldegoss, M|99/100
|move|p1a: Palossand|Shore Up|p1a: Palossand
|-heal|p1a: Palossand|99/100
|
|upkeep
|turn|19
|
|t:|1654176826
|switch|p2a: Clefairy|Clefairy, F|92/100
|switch|p1a: Accelgor|Accelgor, M|69/100
|
|upkeep
|turn|20
|
|t:|1654176831
|switch|p1a: Eldegoss|Eldegoss, M|100/100
|move|p2a: Clefairy|Moonblast|p1a: Eldegoss
|-damage|p1a: Eldegoss|81/100
|-unboost|p1a: Eldegoss|spa|1
|
|upkeep
|turn|21
|
|t:|1654176836
|move|p1a: Eldegoss|Rapid Spin|p2a: Clefairy
|-damage|p2a: Clefairy|81/100
|-boost|p1a: Eldegoss|spe|1
|-sideend|p1: yassy slay|Stealth Rock|[from] move: Rapid Spin|[of] p1a: Eldegoss
|move|p2a: Clefairy|Knock Off|p1a: Eldegoss
|-damage|p1a: Eldegoss|68/100
|-enditem|p1a: Eldegoss|Heavy-Duty Boots|[from] move: Knock Off|[of] p2a: Clefairy
|
|upkeep
|turn|22
|
|t:|1654176843
|move|p1a: Eldegoss|Giga Drain|p2a: Clefairy
|-damage|p2a: Clefairy|62/100
|-heal|p1a: Eldegoss|78/100|[from] drain|[of] p2a: Clefairy
|move|p2a: Clefairy|Stealth Rock|p1a: Eldegoss
|-sidestart|p1: yassy slay|move: Stealth Rock
|
|upkeep
|turn|23
|
|t:|1654176849
|move|p1a: Eldegoss|Rapid Spin|p2a: Clefairy
|-damage|p2a: Clefairy|51/100
|-boost|p1a: Eldegoss|spe|1
|-sideend|p1: yassy slay|Stealth Rock|[from] move: Rapid Spin|[of] p1a: Eldegoss
|move|p2a: Clefairy|Soft-Boiled|p2a: Clefairy
|-heal|p2a: Clefairy|100/100
|
|upkeep
|turn|24
|
|t:|1654176851
|move|p1a: Eldegoss|Worry Seed|p2a: Clefairy
|-endability|p2a: Clefairy|Magic Guard|[from] move: Worry Seed
|-ability|p2a: Clefairy|Insomnia|[from] move: Worry Seed
|move|p2a: Clefairy|Stealth Rock|p1a: Eldegoss
|-sidestart|p1: yassy slay|move: Stealth Rock
|
|upkeep
|turn|25
|
|t:|1654176870
|move|p1a: Eldegoss|Leech Seed|p2a: Clefairy
|-start|p2a: Clefairy|move: Leech Seed
|move|p2a: Clefairy|Moonblast|p1a: Eldegoss
|-damage|p1a: Eldegoss|60/100
|
|-damage|p2a: Clefairy|88/100|[from] Leech Seed|[of] p1a: Eldegoss
|-heal|p1a: Eldegoss|73/100|[silent]
|upkeep
|turn|26
|
|t:|1654176876
|switch|p2a: Jellicent|Jellicent, M|82/100
|move|p1a: Eldegoss|Rapid Spin|p2a: Jellicent
|-immune|p2a: Jellicent
|
|upkeep
|turn|27
|
|t:|1654176881
|move|p1a: Eldegoss|Leech Seed|p2a: Jellicent
|-start|p2a: Jellicent|move: Leech Seed
|move|p2a: Jellicent|Toxic|p1a: Eldegoss|[miss]
|-miss|p2a: Jellicent|p1a: Eldegoss
|
|-damage|p2a: Jellicent|70/100|[from] Leech Seed|[of] p1a: Eldegoss
|-heal|p1a: Eldegoss|88/100|[silent]
|upkeep
|turn|28
|
|t:|1654176893
|switch|p1a: Musharna|Musharna, F|95/100
|switch|p2a: Clefairy|Clefairy, F|88/100
|
|upkeep
|turn|29
|
|t:|1654176897
|move|p2a: Clefairy|Knock Off|p1a: Musharna
|-supereffective|p1a: Musharna
|-damage|p1a: Musharna|76/100
|-enditem|p1a: Musharna|Heavy-Duty Boots|[from] move: Knock Off|[of] p2a: Clefairy
|move|p1a: Musharna|Future Sight|p2a: Clefairy
|-start|p1a: Musharna|move: Future Sight
|
|upkeep
|turn|30
|
|t:|1654176904
|move|p2a: Clefairy|Moonblast|p1a: Musharna
|-damage|p1a: Musharna|64/100
|move|p1a: Musharna|Moonblast|p2a: Clefairy
|-damage|p2a: Clefairy|67/100
|
|upkeep
|turn|31
|
|t:|1654176909
|move|p2a: Clefairy|Soft-Boiled|p2a: Clefairy
|-heal|p2a: Clefairy|100/100
|move|p1a: Musharna|Moonblast|p2a: Clefairy
|-damage|p2a: Clefairy|78/100
|
|-end|p2a: Clefairy|move: Future Sight
|-damage|p2a: Clefairy|37/100
|upkeep
|turn|32
|
|t:|1654176914
|move|p2a: Clefairy|Soft-Boiled|p2a: Clefairy
|-heal|p2a: Clefairy|87/100
|move|p1a: Musharna|Future Sight|p2a: Clefairy
|-start|p1a: Musharna|move: Future Sight
|
|upkeep
|turn|33
|
|t:|1654176923
|switch|p1a: Dubwool|Dubwool, M|75/100
|-damage|p1a: Dubwool|63/100|[from] Stealth Rock
|move|p2a: Clefairy|Moonblast|p1a: Dubwool
|-damage|p1a: Dubwool|37/100
|-unboost|p1a: Dubwool|spa|1
|
|upkeep
|turn|34
|
|t:|1654176927
|move|p1a: Dubwool|Rest|p1a: Dubwool
|-status|p1a: Dubwool|slp|[from] move: Rest
|-heal|p1a: Dubwool|100/100 slp|[silent]
|move|p2a: Clefairy|Moonblast|p1a: Dubwool
|-damage|p1a: Dubwool|78/100 slp
|
|-end|p2a: Clefairy|move: Future Sight
|-damage|p2a: Clefairy|49/100
|upkeep
|turn|35
|
|t:|1654176932
|switch|p2a: WOOFWOOF DOGGY|Electivire, M, shiny|71/100
|cant|p1a: Dubwool|slp
|move|p1a: Dubwool|Sleep Talk|p1a: Dubwool
|move|p1a: Dubwool|Body Press|p2a: WOOFWOOF DOGGY|[from]move: Sleep Talk
|-damage|p2a: WOOFWOOF DOGGY|28/100
|
|upkeep
|turn|36
|
|t:|1654176939
|switch|p1a: Palossand|Palossand, F|99/100
|-damage|p1a: Palossand|94/100|[from] Stealth Rock
|move|p2a: WOOFWOOF DOGGY|Flamethrower|p1a: Palossand
|-damage|p1a: Palossand|60/100
|
|upkeep
|turn|37
|
|t:|1654176945
|move|p2a: WOOFWOOF DOGGY|Flamethrower|p1a: Palossand
|-damage|p1a: Palossand|27/100
|move|p1a: Palossand|Shore Up|p1a: Palossand
|-heal|p1a: Palossand|77/100
|
|upkeep
|turn|38
|
|t:|1654176949
|move|p2a: WOOFWOOF DOGGY|Flamethrower|p1a: Palossand
|-crit|p1a: Palossand
|-damage|p1a: Palossand|29/100
|move|p1a: Palossand|Shore Up|p1a: Palossand
|-heal|p1a: Palossand|79/100
|
|upkeep
|turn|39
|
|t:|1654176954
|switch|p2a: Eldegoss|Eldegoss, M|100/100
|move|p1a: Palossand|Shore Up|p1a: Palossand
|-heal|p1a: Palossand|100/100
|
|upkeep
|turn|40
|
|t:|1654176960
|switch|p2a: WOOFWOOF DOGGY|Electivire, M, shiny|28/100
|switch|p1a: Accelgor|Accelgor, M|69/100
|
|upkeep
|turn|41
|
|t:|1654176968
|switch|p2a: Jellicent|Jellicent, M|70/100
|move|p1a: Accelgor|Bug Buzz|p2a: Jellicent
|-resisted|p2a: Jellicent
|-damage|p2a: Jellicent|57/100
|
|upkeep
|turn|42
|
|t:|1654176977
|switch|p1a: Magneton|Magneton|79/100
|-damage|p1a: Magneton|73/100|[from] Stealth Rock
|move|p2a: Jellicent|Toxic|p1a: Magneton|[miss]
|-miss|p2a: Jellicent|p1a: Magneton
|
|upkeep
|turn|43
|
|t:|1654176982
|switch|p2a: Togedemaru|Togedemaru, M|95/100
|move|p1a: Magneton|Volt Switch|p2a: Togedemaru
|-resisted|p2a: Togedemaru
|-damage|p2a: Togedemaru|70/100
|
|t:|1654176985
|switch|p1a: Palossand|Palossand, F|100/100|[from]move: Volt Switch
|-damage|p1a: Palossand|94/100|[from] Stealth Rock
|
|upkeep
|turn|44
|
|t:|1654176990
|switch|p2a: Eldegoss|Eldegoss, M|100/100
|move|p1a: Palossand|Stealth Rock|p2a: Eldegoss
|-sidestart|p2: chlo|move: Stealth Rock
|
|upkeep
|turn|45
|
|t:|1654176994
|switch|p1a: Magneton|Magneton|73/100
|-damage|p1a: Magneton|66/100|[from] Stealth Rock
|move|p2a: Eldegoss|Rapid Spin|p1a: Magneton
|-resisted|p1a: Magneton
|-damage|p1a: Magneton|64/100
|-boost|p2a: Eldegoss|spe|1
|-sideend|p2: chlo|Stealth Rock|[from] move: Rapid Spin|[of] p2a: Eldegoss
|
|upkeep
|turn|46
|
|t:|1654177000
|move|p2a: Eldegoss|Leaf Storm|p1a: Magneton
|-resisted|p1a: Magneton
|-damage|p1a: Magneton|39/100
|-unboost|p2a: Eldegoss|spa|2
|move|p1a: Magneton|Flash Cannon|p2a: Eldegoss
|-crit|p2a: Eldegoss
|-damage|p2a: Eldegoss|28/100
|
|upkeep
|turn|47
|
|t:|1654177006
|switch|p2a: Togedemaru|Togedemaru, M|70/100
|move|p1a: Magneton|Flash Cannon|p2a: Togedemaru
|-resisted|p2a: Togedemaru
|-damage|p2a: Togedemaru|56/100
|
|upkeep
|turn|48
|
|t:|1654177015
|move|p2a: Togedemaru|Wish|p2a: Togedemaru
|move|p1a: Magneton|Rest|p1a: Magneton
|-status|p1a: Magneton|slp|[from] move: Rest
|-heal|p1a: Magneton|100/100 slp|[silent]
|
|upkeep
|turn|49
|
|t:|1654177020
|move|p2a: Togedemaru|U-turn|p1a: Magneton
|-resisted|p1a: Magneton
|-damage|p1a: Magneton|94/100 slp
|
|t:|1654177023
|switch|p2a: WOOFWOOF DOGGY|Electivire, M, shiny|28/100|[from]move: U-turn
|cant|p1a: Magneton|slp
|move|p1a: Magneton|Sleep Talk|p1a: Magneton
|move|p1a: Magneton|Rest||[from]move: Sleep Talk|[still]
|-fail|p1a: Magneton
|
|-heal|p2a: WOOFWOOF DOGGY|85/100|[from] move: Wish|[wisher] Togedemaru
|upkeep
|turn|50
|
|t:|1654177035
|switch|p2a: Eldegoss|Eldegoss, M|61/100
|switch|p1a: Palossand|Palossand, F|94/100
|-damage|p1a: Palossand|88/100|[from] Stealth Rock
|
|upkeep
|turn|51
|
|t:|1654177039
|switch|p1a: Eldegoss|Eldegoss, M|100/100
|-damage|p1a: Eldegoss|88/100|[from] Stealth Rock
|move|p2a: Eldegoss|Leaf Storm|p1a: Eldegoss
|-resisted|p1a: Eldegoss
|-damage|p1a: Eldegoss|66/100
|-unboost|p2a: Eldegoss|spa|2
|
|upkeep
|turn|52
|
|t:|1654177050
|switch|p2a: Scrafty|Scrafty, F|100/100
|move|p1a: Eldegoss|Giga Drain|p2a: Scrafty
|-damage|p2a: Scrafty|62/100
|-heal|p1a: Eldegoss|82/100|[from] drain|[of] p2a: Scrafty
|
|upkeep
|turn|53
|
|t:|1654177070
|switch|p2a: Togedemaru|Togedemaru, M|56/100
|switch|p1a: Dubwool|Dubwool, M|78/100 slp
|-damage|p1a: Dubwool|66/100 slp|[from] Stealth Rock
|
|upkeep
|turn|54
|
|t:|1654177083
|switch|p2a: Jellicent|Jellicent, M|57/100
|cant|p1a: Dubwool|slp
|move|p1a: Dubwool|Sleep Talk|p1a: Dubwool
|move|p1a: Dubwool|Rest||[from]move: Sleep Talk|[still]
|-fail|p1a: Dubwool
|
|upkeep
|turn|55
|
|t:|1654177095
|switch|p1a: Eldegoss|Eldegoss, M|100/100
|-damage|p1a: Eldegoss|88/100|[from] Stealth Rock
|move|p2a: Jellicent|Recover|p2a: Jellicent
|-heal|p2a: Jellicent|100/100
|
|upkeep
|turn|56
|
|t:|1654177097
|move|p2a: Jellicent|Toxic|p1a: Eldegoss
|-status|p1a: Eldegoss|tox
|move|p1a: Eldegoss|Giga Drain|p2a: Jellicent
|-supereffective|p2a: Jellicent
|-damage|p2a: Jellicent|54/100
|-heal|p1a: Eldegoss|100/100 tox|[from] drain|[of] p2a: Jellicent
|-start|p1a: Eldegoss|Disable|Giga Drain|[from] ability: Cursed Body|[of] p2a: Jellicent
|
|-damage|p1a: Eldegoss|94/100 tox|[from] psn
|upkeep
|turn|57
|
|t:|1654177107
|move|p2a: Jellicent|Taunt|p1a: Eldegoss
|-start|p1a: Eldegoss|move: Taunt
|cant|p1a: Eldegoss|move: Taunt|Leech Seed
|
|-damage|p1a: Eldegoss|82/100 tox|[from] psn
|upkeep
|turn|58
|
|t:|1654177111
|switch|p1a: Magneton|Magneton|94/100 slp
|-damage|p1a: Magneton|88/100 slp|[from] Stealth Rock
|move|p2a: Jellicent|Recover|p2a: Jellicent
|-heal|p2a: Jellicent|100/100
|
|upkeep
|turn|59
|
|t:|1654177120
|switch|p2a: Togedemaru|Togedemaru, M|56/100
|cant|p1a: Magneton|slp
|move|p1a: Magneton|Sleep Talk|p1a: Magneton
|move|p1a: Magneton|Volt Switch|p2a: Togedemaru|[from]move: Sleep Talk
|-resisted|p2a: Togedemaru
|-damage|p2a: Togedemaru|30/100
|
|t:|1654177125
|switch|p1a: Palossand|Palossand, F|88/100|[from]move: Volt Switch
|-damage|p1a: Palossand|82/100|[from] Stealth Rock
|
|upkeep
|turn|60
|
|t:|1654177130
|switch|p2a: Eldegoss|Eldegoss, M|94/100
|move|p1a: Palossand|Shadow Ball|p2a: Eldegoss
|-damage|p2a: Eldegoss|60/100
|
|upkeep
|turn|61
|
|t:|1654177138
|switch|p2a: Togedemaru|Togedemaru, M|30/100
|switch|p1a: Accelgor|Accelgor, M|69/100
|
|upkeep
|turn|62
|
|t:|1654177147
|switch|p2a: Jellicent|Jellicent, M|100/100
|move|p1a: Accelgor|Bug Buzz|p2a: Jellicent
|-resisted|p2a: Jellicent
|-damage|p2a: Jellicent|87/100
|-start|p1a: Accelgor|Disable|Bug Buzz|[from] ability: Cursed Body|[of] p2a: Jellicent
|
|upkeep
|turn|63
|
|t:|1654177156
|switch|p1a: Magneton|Magneton|88/100 slp
|-damage|p1a: Magneton|82/100 slp|[from] Stealth Rock
|move|p2a: Jellicent|Scald|p1a: Magneton
|-damage|p1a: Magneton|60/100 slp
|
|upkeep
|turn|64
|
|t:|1654177181
|switch|p2a: WOOFWOOF DOGGY|Electivire, M, shiny|85/100
|-curestatus|p1a: Magneton|slp|[msg]
|move|p1a: Magneton|Flash Cannon|p2a: WOOFWOOF DOGGY
|-resisted|p2a: WOOFWOOF DOGGY
|-damage|p2a: WOOFWOOF DOGGY|55/100
|
|upkeep
|turn|65
|
|t:|1654177203
|switch|p1a: Musharna|Musharna, F|64/100
|-damage|p1a: Musharna|51/100|[from] Stealth Rock
|move|p2a: WOOFWOOF DOGGY|Flamethrower|p1a: Musharna
|-damage|p1a: Musharna|34/100
|
|upkeep
|turn|66
|
|t:|1654177212
|move|p2a: WOOFWOOF DOGGY|Flamethrower|p1a: Musharna
|-damage|p1a: Musharna|19/100
|move|p1a: Musharna|Moonlight|p1a: Musharna
|-heal|p1a: Musharna|69/100
|
|upkeep
|turn|67
|
|t:|1654177220
|switch|p2a: Togedemaru|Togedemaru, M|30/100
|switch|p1a: Palossand|Palossand, F|82/100
|-damage|p1a: Palossand|76/100|[from] Stealth Rock
|
|upkeep
|turn|68
|
|t:|1654177225
|switch|p2a: Eldegoss|Eldegoss, M|93/100
|move|p1a: Palossand|Shadow Ball|p2a: Eldegoss
|-damage|p2a: Eldegoss|58/100
|
|upkeep
|turn|69
|
|t:|1654177241
|switch|p2a: WOOFWOOF DOGGY|Electivire, M, shiny|55/100
|switch|p1a: Accelgor|Accelgor, M|69/100
|
|upkeep
|turn|70
|
|t:|1654177285
|switch|p1a: Musharna|Musharna, F|69/100
|-damage|p1a: Musharna|56/100|[from] Stealth Rock
|switch|p2a: Clefairy|Clefairy, F|49/100
|
|upkeep
|turn|71
|
|t:|1654177296
|move|p2a: Clefairy|Moonblast|p1a: Musharna
|-crit|p1a: Musharna
|-damage|p1a: Musharna|38/100
|-unboost|p1a: Musharna|spa|1
|move|p1a: Musharna|Future Sight|p2a: Clefairy
|-start|p1a: Musharna|move: Future Sight
|
|upkeep
|turn|72
|
|t:|1654177304
|switch|p2a: Togedemaru|Togedemaru, M|30/100
|switch|p1a: Magneton|Magneton|60/100
|-damage|p1a: Magneton|53/100|[from] Stealth Rock
|
|upkeep
|turn|73
|
|t:|1654177318
|move|p2a: Togedemaru|Wish|p2a: Togedemaru
|move|p1a: Magneton|Volt Switch|p2a: Togedemaru
|-resisted|p2a: Togedemaru
|-damage|p2a: Togedemaru|6/100
|
|t:|1654177326
|switch|p1a: Palossand|Palossand, F|76/100|[from]move: Volt Switch
|-damage|p1a: Palossand|70/100|[from] Stealth Rock
|
|-end|p2a: Togedemaru|move: Future Sight
|-resisted|p2a: Togedemaru
|-damage|p2a: Togedemaru|0 fnt
|faint|p2a: Togedemaru
|upkeep
|
|t:|1654177329
|switch|p2a: Scrafty|Scrafty, F|62/100
|turn|74
|
|t:|1654177335
|switch|p1a: Dubwool|Dubwool, M|66/100 slp
|-damage|p1a: Dubwool|54/100 slp|[from] Stealth Rock
|move|p2a: Scrafty|Knock Off|p1a: Dubwool
|-damage|p1a: Dubwool|43/100 slp
|
|-heal|p2a: Scrafty|100/100|[from] move: Wish|[wisher] Togedemaru
|upkeep
|turn|75
|
|t:|1654177346
|switch|p2a: Jellicent|Jellicent, M|87/100
|-curestatus|p1a: Dubwool|slp|[msg]
|move|p1a: Dubwool|Body Press|p2a: Jellicent
|-immune|p2a: Jellicent
|
|upkeep
|turn|76
|
|t:|1654177355
|switch|p2a: WOOFWOOF DOGGY|Electivire, M, shiny|55/100
|move|p1a: Dubwool|Rest|p1a: Dubwool
|-status|p1a: Dubwool|slp|[from] move: Rest
|-heal|p1a: Dubwool|100/100 slp|[silent]
|
|upkeep
|turn|77
|
|t:|1654177379
|switch|p1a: Accelgor|Accelgor, M|69/100
|move|p2a: WOOFWOOF DOGGY|Flamethrower|p1a: Accelgor
|-supereffective|p1a: Accelgor
|-damage|p1a: Accelgor|0 fnt
|faint|p1a: Accelgor
|
|upkeep
|
|t:|1654177381
|switch|p1a: Palossand|Palossand, F|70/100
|-damage|p1a: Palossand|64/100|[from] Stealth Rock
|turn|78
|
|t:|1654177385
|switch|p2a: Scrafty|Scrafty, F|100/100
|move|p1a: Palossand|Shore Up|p1a: Palossand
|-heal|p1a: Palossand|100/100
|
|upkeep
|turn|79
|
|t:|1654177403
|move|p2a: Scrafty|Knock Off|p1a: Palossand
|-supereffective|p1a: Palossand
|-enditem|p1a: Palossand|Colbur Berry|[eat]
|-enditem|p1a: Palossand|Colbur Berry|[weaken]
|-damage|p1a: Palossand|67/100
|move|p1a: Palossand|Earth Power|p2a: Scrafty
|-damage|p2a: Scrafty|49/100
|
|upkeep
|turn|80
|
|t:|1654177412
|switch|p2a: Eldegoss|Eldegoss, M|91/100
|switch|p1a: Dubwool|Dubwool, M|100/100 slp
|-damage|p1a: Dubwool|88/100 slp|[from] Stealth Rock
|
|upkeep
|turn|81
|
|t:|1654177418
|cant|p1a: Dubwool|slp
|move|p1a: Dubwool|Sleep Talk|p1a: Dubwool
|move|p1a: Dubwool|Rest||[from]move: Sleep Talk|[still]
|-fail|p1a: Dubwool
|move|p2a: Eldegoss|Leaf Storm|p1a: Dubwool
|-damage|p1a: Dubwool|25/100 slp
|-unboost|p2a: Eldegoss|spa|2
|
|upkeep
|turn|82
|
|t:|1654177428
|switch|p1a: Eldegoss|Eldegoss, M|100/100 tox
|-damage|p1a: Eldegoss|88/100 tox|[from] Stealth Rock
|move|p2a: Eldegoss|Leaf Storm|p1a: Eldegoss
|-resisted|p1a: Eldegoss
|-damage|p1a: Eldegoss|76/100 tox
|-unboost|p2a: Eldegoss|spa|2
|
|-damage|p1a: Eldegoss|70/100 tox|[from] psn
|upkeep
|turn|83
|
|t:|1654177436
|switch|p2a: Jellicent|Jellicent, M|87/100
|move|p1a: Eldegoss|Giga Drain|p2a: Jellicent
|-supereffective|p2a: Jellicent
|-damage|p2a: Jellicent|39/100
|-heal|p1a: Eldegoss|99/100 tox|[from] drain|[of] p2a: Jellicent
|
|-damage|p1a: Eldegoss|88/100 tox|[from] psn
|upkeep
|turn|84
|
|t:|1654177441
|move|p2a: Jellicent|Recover|p2a: Jellicent
|-heal|p2a: Jellicent|89/100
|move|p1a: Eldegoss|Giga Drain|p2a: Jellicent
|-supereffective|p2a: Jellicent
|-damage|p2a: Jellicent|34/100
|-heal|p1a: Eldegoss|100/100 tox|[from] drain|[of] p2a: Jellicent
|
|-damage|p1a: Eldegoss|82/100 tox|[from] psn
|upkeep
|turn|85
|
|t:|1654177445
|move|p2a: Jellicent|Recover|p2a: Jellicent
|-heal|p2a: Jellicent|84/100
|move|p1a: Eldegoss|Leech Seed|p2a: Jellicent
|-start|p2a: Jellicent|move: Leech Seed
|
|-damage|p2a: Jellicent|72/100|[from] Leech Seed|[of] p1a: Eldegoss
|-heal|p1a: Eldegoss|97/100 tox|[silent]
|-damage|p1a: Eldegoss|73/100 tox|[from] psn
|upkeep
|turn|86
|
|t:|1654177463
|switch|p2a: Clefairy|Clefairy, F|49/100
|switch|p1a: Musharna|Musharna, F|38/100
|-damage|p1a: Musharna|26/100|[from] Stealth Rock
|
|upkeep
|turn|87
|
|t:|1654177473
|switch|p2a: Scrafty|Scrafty, F|49/100
|move|p1a: Musharna|Moonlight|p1a: Musharna
|-heal|p1a: Musharna|76/100
|
|upkeep
|turn|88
|
|t:|1654177479
|switch|p2a: Jellicent|Jellicent, M|72/100
|move|p1a: Musharna|Moonblast|p2a: Jellicent
|-damage|p2a: Jellicent|53/100
|
|upkeep
|turn|89
|
|t:|1654177486
|move|p2a: Jellicent|Toxic|p1a: Musharna
|-status|p1a: Musharna|tox
|-activate|p1a: Musharna|ability: Synchronize
|-status|p2a: Jellicent|tox
|move|p1a: Musharna|Future Sight|p2a: Jellicent
|-start|p1a: Musharna|move: Future Sight
|
|-damage|p2a: Jellicent|46/100 tox|[from] psn
|-damage|p1a: Musharna|70/100 tox|[from] psn
|upkeep
|turn|90
|
|t:|1654177492
|move|p2a: Jellicent|Recover|p2a: Jellicent
|-heal|p2a: Jellicent|97/100 tox
|move|p1a: Musharna|Heal Bell|p1a: Musharna
|-activate|p1a: Musharna|move: Heal Bell
|-curestatus|p1a: Musharna|tox|[msg]
|-curestatus|p1: Eldegoss|tox|[msg]
|-curestatus|p1: Dubwool|slp|[msg]
|
|-damage|p2a: Jellicent|84/100 tox|[from] psn
|upkeep
|turn|91
|
|t:|1654177502
|switch|p2a: Eldegoss|Eldegoss, M|100/100
|switch|p1a: Eldegoss|Eldegoss, M|100/100
|-damage|p1a: Eldegoss|88/100|[from] Stealth Rock
|
|-end|p2a: Eldegoss|move: Future Sight
|-damage|p2a: Eldegoss|56/100
|upkeep
|turn|92
|
|t:|1654177511
|move|p2a: Eldegoss|Aromatherapy|p2a: Eldegoss
|-activate|p2a: Eldegoss|move: Aromatherapy
|-curestatus|p2: Jellicent|tox|[msg]
|move|p1a: Eldegoss|Rapid Spin|p2a: Eldegoss
|-damage|p2a: Eldegoss|49/100
|-boost|p1a: Eldegoss|spe|1
|-sideend|p1: yassy slay|Stealth Rock|[from] move: Rapid Spin|[of] p1a: Eldegoss
|
|upkeep
|turn|93
|
|t:|1654177523
|switch|p1a: Magneton|Magneton|53/100
|switch|p2a: Jellicent|Jellicent, M|84/100
|
|upkeep
|turn|94
|
|t:|1654177533
|move|p1a: Magneton|Rest|p1a: Magneton
|-status|p1a: Magneton|slp|[from] move: Rest
|-heal|p1a: Magneton|100/100 slp|[silent]
|move|p2a: Jellicent|Recover|p2a: Jellicent
|-heal|p2a: Jellicent|100/100
|
|upkeep
|turn|95
|
|t:|1654177541
|switch|p2a: WOOFWOOF DOGGY|Electivire, M, shiny|55/100
|cant|p1a: Magneton|slp
|move|p1a: Magneton|Sleep Talk|p1a: Magneton
|move|p1a: Magneton|Rest||[from]move: Sleep Talk|[still]
|-fail|p1a: Magneton
|
|upkeep
|turn|96
|
|t:|1654177548
|switch|p1a: Musharna|Musharna, F|70/100
|move|p2a: WOOFWOOF DOGGY|Flamethrower|p1a: Musharna
|-damage|p1a: Musharna|54/100
|
|upkeep
|turn|97
|
|t:|1654177553
|move|p2a: WOOFWOOF DOGGY|Thunderbolt|p1a: Musharna
|-damage|p1a: Musharna|31/100
|move|p1a: Musharna|Moonlight|p1a: Musharna
|-heal|p1a: Musharna|81/100
|
|upkeep
|turn|98
|
|t:|1654177561
|move|p2a: WOOFWOOF DOGGY|Thunderbolt|p1a: Musharna
|-damage|p1a: Musharna|56/100
|move|p1a: Musharna|Future Sight|p2a: WOOFWOOF DOGGY
|-start|p1a: Musharna|move: Future Sight
|
|upkeep
|turn|99
|
|t:|1654177570
|move|p2a: WOOFWOOF DOGGY|Substitute|p2a: WOOFWOOF DOGGY
|-start|p2a: WOOFWOOF DOGGY|Substitute
|-damage|p2a: WOOFWOOF DOGGY|30/100
|move|p1a: Musharna|Moonblast|p2a: WOOFWOOF DOGGY
|-end|p2a: WOOFWOOF DOGGY|Substitute
|
|upkeep
|turn|100
|
|t:|1654177576
|switch|p2a: Eldegoss|Eldegoss, M|82/100
|move|p1a: Musharna|Moonblast|p2a: Eldegoss
|-damage|p2a: Eldegoss|58/100
|
|-end|p2a: Eldegoss|move: Future Sight
|-damage|p2a: Eldegoss|14/100
|upkeep
|turn|101
|
|t:|1654177587
|move|p2a: Eldegoss|Sleep Powder|p1a: Musharna
|-status|p1a: Musharna|slp|[from] move: Sleep Powder
|cant|p1a: Musharna|slp
|
|upkeep
|turn|102
|
|t:|1654177600
|switch|p1a: Eldegoss|Eldegoss, M|100/100
|move|p2a: Eldegoss|Leaf Storm|p1a: Eldegoss
|-resisted|p1a: Eldegoss
|-damage|p1a: Eldegoss|76/100
|-unboost|p2a: Eldegoss|spa|2
|
|upkeep
|turn|103
|
|t:|1654177611
|switch|p2a: Clefairy|Clefairy, F|49/100
|switch|p1a: Magneton|Magneton|100/100 slp
|
|upkeep
|turn|104
|j| uult5 somalia
|
|t:|1654177619
|cant|p1a: Magneton|slp
|move|p1a: Magneton|Sleep Talk|p1a: Magneton
|move|p1a: Magneton|Rest||[from]move: Sleep Talk|[still]
|-fail|p1a: Magneton
|move|p2a: Clefairy|Stealth Rock|p1a: Magneton
|-sidestart|p1: yassy slay|move: Stealth Rock
|
|upkeep
|turn|105
|
|t:|1654177625
|-curestatus|p1a: Magneton|slp|[msg]
|move|p1a: Magneton|Flash Cannon|p2a: Clefairy
|-supereffective|p2a: Clefairy
|-damage|p2a: Clefairy|0 fnt
|faint|p2a: Clefairy
|
|upkeep
|
|t:|1654177629
|switch|p2a: WOOFWOOF DOGGY|Electivire, M, shiny|30/100
|turn|106
|
|t:|1654177634
|move|p2a: WOOFWOOF DOGGY|Focus Blast|p1a: Magneton
|-supereffective|p1a: Magneton
|-damage|p1a: Magneton|36/100
|move|p1a: Magneton|Flash Cannon|p2a: WOOFWOOF DOGGY
|-resisted|p2a: WOOFWOOF DOGGY
|-damage|p2a: WOOFWOOF DOGGY|0 fnt
|faint|p2a: WOOFWOOF DOGGY
|
|upkeep
|
|t:|1654177639
|switch|p2a: Scrafty|Scrafty, F|49/100
|turn|107
|
|t:|1654177648
|move|p2a: Scrafty|Knock Off|p1a: Magneton
|-damage|p1a: Magneton|7/100
|-enditem|p1a: Magneton|Eviolite|[from] move: Knock Off|[of] p2a: Scrafty
|move|p1a: Magneton|Flash Cannon|p2a: Scrafty
|-damage|p2a: Scrafty|0 fnt
|faint|p2a: Scrafty
|
|upkeep
|c|☆chlo|gg
|-message|chlo forfeited.
|
|win|yassy slay
|raw|yassy slay's rating: 1602 &rarr; <strong>1618</strong><br />(+16 for winning)
|raw|chlo's rating: 1528 &rarr; <strong>1512</strong><br />(-16 for losing)
|c|☆yassy slay|GG
|l|☆chlo
