|raw|<div class="broadcast-blue"><strong>This battle is required to be public due to a player having a name starting with 'pult4c1'.</div>
|j|☆LivarUpp
|j|☆PULT4C1 Inder
|t:|1660782962
|gametype|singles
|player|p1|LivarUpp|#ompl2021spindawheels|1565
|player|p2|PULT4C1 Inder|lyra|1524
|teamsize|p1|6
|teamsize|p2|6
|gen|8
|tier|[Gen 8] PU
|rated|
|rule|Sleep Clause Mod: Limit one foe put to sleep
|rule|Species Clause: Limit one of each Pokémon
|rule|OHKO Clause: OHKO moves are banned
|rule|Evasion Items Clause: Evasion items are banned
|rule|Evasion Moves Clause: Evasion moves are banned
|rule|Endless Battle Clause: Forcing endless battles is banned
|rule|HP Percentage Mod: HP is shown in percentages
|rule|Dynamax Clause: You cannot dynamax
|clearpoke
|poke|p1|Kabutops, M|
|poke|p1|Silvally-*|
|poke|p1|Perrserker, M|
|poke|p1|Galvantula, F|
|poke|p1|Lurantis, F|
|poke|p1|Jellicent, F|
|poke|p2|Kabutops, F|
|poke|p2|Glastrier|
|poke|p2|Silvally-*|
|poke|p2|Qwilfish, F|
|poke|p2|Doublade, M|
|poke|p2|Butterfree, F|
|teampreview
|inactive|Battle timer is ON: inactive players will automatically lose when time's up. (requested by PULT4C1 Inder)
|c|☆PULT4C1 Inder|hf
|
|t:|1660782972
|start
|switch|p1a: Galvantula|Galvantula, F|100/100
|switch|p2a: Kabutops|Kabutops, F|100/100
|turn|1
|
|t:|1660782991
|switch|p1a: Lurantis|Lurantis, F|100/100
|move|p2a: Kabutops|Rapid Spin|p1a: Lurantis
|-damage|p1a: Lurantis|87/100
|-boost|p2a: Kabutops|spe|1
|
|upkeep
|turn|2
|
|t:|1660783002
|move|p2a: Kabutops|Stone Edge|p1a: Lurantis
|-damage|p1a: Lurantis|44/100
|move|p1a: Lurantis|Knock Off|p2a: Kabutops
|-damage|p2a: Kabutops|71/100
|-ability|p2a: Kabutops|Weak Armor|boost
|-unboost|p2a: Kabutops|def|1
|-boost|p2a: Kabutops|spe|2
|-enditem|p2a: Kabutops|Focus Sash|[from] move: Knock Off|[of] p1a: Lurantis
|
|upkeep
|turn|3
|
|t:|1660783009
|move|p2a: Kabutops|Stealth Rock|p1a: Lurantis
|-sidestart|p1: LivarUpp|move: Stealth Rock
|move|p1a: Lurantis|Synthesis|p1a: Lurantis
|-heal|p1a: Lurantis|94/100
|
|upkeep
|turn|4
|
|t:|1660783025
|move|p2a: Kabutops|Stone Edge|p1a: Lurantis|[miss]
|-miss|p2a: Kabutops|p1a: Lurantis
|move|p1a: Lurantis|Defog|p2a: Kabutops
|-unboost|p2a: Kabutops|evasion|1
|-sideend|p1: LivarUpp|Stealth Rock|[from] move: Defog|[of] p1a: Lurantis
|
|upkeep
|turn|5
|
|t:|1660783036
|move|p2a: Kabutops|Stealth Rock|p1a: Lurantis
|-sidestart|p1: LivarUpp|move: Stealth Rock
|move|p1a: Lurantis|Superpower|p2a: Kabutops
|-supereffective|p2a: Kabutops
|-damage|p2a: Kabutops|0 fnt
|-boost|p1a: Lurantis|atk|1
|-boost|p1a: Lurantis|def|1
|faint|p2a: Kabutops
|
|upkeep
|
|t:|1660783040
|switch|p2a: Butterfree|Butterfree, F|100/100
|turn|6
|
|t:|1660783062
|move|p2a: Butterfree|Quiver Dance|p2a: Butterfree
|-boost|p2a: Butterfree|spa|1
|-boost|p2a: Butterfree|spd|1
|-boost|p2a: Butterfree|spe|1
|move|p1a: Lurantis|Knock Off|p2a: Butterfree
|-crit|p2a: Butterfree
|-enditem|p2a: Butterfree|Focus Sash
|-damage|p2a: Butterfree|1/100
|
|upkeep
|turn|7
|
|t:|1660783076
|switch|p1a: Jellicent|Jellicent, F|100/100
|move|p2a: Butterfree|Hurricane|p1a: Jellicent
|-damage|p1a: Jellicent|59/100
|-start|p1a: Jellicent|confusion
|
|upkeep
|turn|8
|
|t:|1660783087
|move|p2a: Butterfree|Quiver Dance|p2a: Butterfree
|-boost|p2a: Butterfree|spa|1
|-boost|p2a: Butterfree|spd|1
|-boost|p2a: Butterfree|spe|1
|-activate|p1a: Jellicent|confusion
|move|p1a: Jellicent|Scald|p2a: Butterfree
|-damage|p2a: Butterfree|0 fnt
|faint|p2a: Butterfree
|
|upkeep
|
|t:|1660783092
|switch|p2a: Silvally|Silvally-Grass|100/100
|turn|9
|
|t:|1660783104
|switch|p1a: Galvantula|Galvantula, F|100/100
|move|p2a: Silvally|Swords Dance|p2a: Silvally
|-boost|p2a: Silvally|atk|2
|
|upkeep
|turn|10
|
|t:|1660783115
|move|p1a: Galvantula|Bug Buzz|p2a: Silvally
|-supereffective|p2a: Silvally
|-damage|p2a: Silvally|24/100
|-unboost|p2a: Silvally|spd|1
|move|p2a: Silvally|Flame Charge|p1a: Galvantula
|-supereffective|p1a: Galvantula
|-damage|p1a: Galvantula|0 fnt
|-boost|p2a: Silvally|spe|1
|faint|p1a: Galvantula
|
|upkeep
|
|t:|1660783125
|switch|p1a: Perrserker|Perrserker, M|100/100
|-damage|p1a: Perrserker|94/100|[from] Stealth Rock
|turn|11
|
|t:|1660783155
|move|p1a: Perrserker|Fake Out|p2a: Silvally
|-damage|p2a: Silvally|6/100
|cant|p2a: Silvally|flinch
|
|upkeep
|turn|12
|inactive|LivarUpp has 120 seconds left.
|
|t:|1660783199
|move|p2a: Silvally|Flame Charge|p1a: Perrserker
|-supereffective|p1a: Perrserker
|-damage|p1a: Perrserker|25/100
|-boost|p2a: Silvally|spe|1
|move|p1a: Perrserker|U-turn|p2a: Silvally
|-supereffective|p2a: Silvally
|-damage|p2a: Silvally|0 fnt
|faint|p2a: Silvally
|inactive|LivarUpp has 90 seconds left.
|
|t:|1660783226
|switch|p1a: Kabutops|Kabutops, M|100/100|[from]move: U-turn
|-damage|p1a: Kabutops|88/100|[from] Stealth Rock
|
|upkeep
|
|t:|1660783229
|switch|p2a: Glastrier|Glastrier|100/100
|turn|13
|
|t:|1660783232
|move|p1a: Kabutops|Stone Edge|p2a: Glastrier
|-supereffective|p2a: Glastrier
|-damage|p2a: Glastrier|2/100
|move|p2a: Glastrier|Close Combat|p1a: Kabutops
|-supereffective|p1a: Kabutops
|-damage|p1a: Kabutops|0 fnt
|-unboost|p2a: Glastrier|def|1
|-unboost|p2a: Glastrier|spd|1
|faint|p1a: Kabutops
|-ability|p2a: Glastrier|Chilling Neigh|boost
|-boost|p2a: Glastrier|atk|1
|
|-heal|p2a: Glastrier|9/100|[from] item: Leftovers
|upkeep
|
|t:|1660783243
|switch|p1a: Silvally|Silvally-Fire|100/100
|-damage|p1a: Silvally|76/100|[from] Stealth Rock
|turn|14
|
|t:|1660783249
|switch|p2a: Qwilfish|Qwilfish, F|100/100
|-ability|p2a: Qwilfish|Intimidate|boost
|-unboost|p1a: Silvally|atk|1
|move|p1a: Silvally|U-turn|p2a: Qwilfish
|-resisted|p2a: Qwilfish
|-damage|p2a: Qwilfish|92/100
|
|t:|1660783255
|switch|p1a: Jellicent|Jellicent, F|59/100|[from]move: U-turn
|
|upkeep
|turn|15
|
|t:|1660783261
|move|p2a: Qwilfish|Swords Dance|p2a: Qwilfish
|-boost|p2a: Qwilfish|atk|2
|move|p1a: Jellicent|Recover|p1a: Jellicent
|-heal|p1a: Jellicent|100/100
|
|upkeep
|turn|16
|inactive|LivarUpp has 120 seconds left.
|
|t:|1660783290
|move|p2a: Qwilfish|Poison Jab|p1a: Jellicent
|-resisted|p1a: Jellicent
|-damage|p1a: Jellicent|53/100
|-damage|p2a: Qwilfish|82/100|[from] item: Life Orb
|move|p1a: Jellicent|Scald|p2a: Qwilfish
|-resisted|p2a: Qwilfish
|-damage|p2a: Qwilfish|59/100
|
|upkeep
|turn|17
|
|t:|1660783296
|move|p2a: Qwilfish|Swords Dance|p2a: Qwilfish
|-boost|p2a: Qwilfish|atk|2
|move|p1a: Jellicent|Recover|p1a: Jellicent
|-heal|p1a: Jellicent|100/100
|
|upkeep
|turn|18
|
|t:|1660783300
|move|p2a: Qwilfish|Aqua Jet|p1a: Jellicent
|-immune|p1a: Jellicent|[from] ability: Water Absorb
|move|p1a: Jellicent|Recover||[still]
|-fail|p1a: Jellicent|heal
|
|upkeep
|turn|19
|inactive|LivarUpp has 120 seconds left.
|
|t:|1660783309
|move|p2a: Qwilfish|Aqua Jet|p1a: Jellicent
|-immune|p1a: Jellicent|[from] ability: Water Absorb
|move|p1a: Jellicent|Scald|p2a: Qwilfish
|-resisted|p2a: Qwilfish
|-damage|p2a: Qwilfish|35/100
|
|upkeep
|turn|20
|
|t:|1660783314
|move|p2a: Qwilfish|Poison Jab|p1a: Jellicent
|-resisted|p1a: Jellicent
|-crit|p1a: Jellicent
|-damage|p1a: Jellicent|0 fnt
|faint|p1a: Jellicent
|-damage|p2a: Qwilfish|25/100|[from] item: Life Orb
|
|upkeep
|
|t:|1660783320
|switch|p1a: Lurantis|Lurantis, F|94/100
|turn|21
|inactive|LivarUpp has 120 seconds left.
|
|t:|1660783357
|switch|p1a: Perrserker|Perrserker, M|25/100
|-damage|p1a: Perrserker|19/100|[from] Stealth Rock
|move|p2a: Qwilfish|Poison Jab|p1a: Perrserker
|-immune|p1a: Perrserker
|
|upkeep
|turn|22
|inactive|PULT4C1 Inder has 120 seconds left.
|
|t:|1660783411
|switch|p2a: Glastrier|Glastrier|9/100
|move|p1a: Perrserker|Fake Out|p2a: Glastrier
|-damage|p2a: Glastrier|0 fnt
|faint|p2a: Glastrier
|
|upkeep
|
|t:|1660783417
|switch|p2a: Doublade|Doublade, M|100/100
|turn|23
|inactive|LivarUpp has 120 seconds left.
|
|t:|1660783425
|move|p1a: Perrserker|U-turn|p2a: Doublade
|-resisted|p2a: Doublade
|-damage|p2a: Doublade|96/100
|
|t:|1660783427
|switch|p1a: Silvally|Silvally-Fire|76/100|[from]move: U-turn
|-damage|p1a: Silvally|51/100|[from] Stealth Rock
|move|p2a: Doublade|Swords Dance|p2a: Doublade
|-boost|p2a: Doublade|atk|2
|
|upkeep
|turn|24
|
|t:|1660783430
|move|p2a: Doublade|Shadow Sneak|p1a: Silvally
|-damage|p1a: Silvally|4/100
|move|p1a: Silvally|Multi-Attack|p2a: Doublade
|-supereffective|p2a: Doublade
|-damage|p2a: Doublade|42/100
|
|upkeep
|turn|25
|
|t:|1660783434
|move|p2a: Doublade|Shadow Sneak|p1a: Silvally
|-damage|p1a: Silvally|0 fnt
|faint|p1a: Silvally
|
|upkeep
|
|t:|1660783436
|switch|p1a: Lurantis|Lurantis, F|94/100
|turn|26
|
|t:|1660783439
|move|p1a: Lurantis|Knock Off|p2a: Doublade
|-supereffective|p2a: Doublade
|-damage|p2a: Doublade|16/100
|-enditem|p2a: Doublade|Eviolite|[from] move: Knock Off|[of] p1a: Lurantis
|move|p2a: Doublade|Iron Head|p1a: Lurantis
|-damage|p1a: Lurantis|25/100
|
|upkeep
|turn|27
|
|t:|1660783444
|move|p2a: Doublade|Shadow Sneak|p1a: Lurantis
|-damage|p1a: Lurantis|0 fnt
|faint|p1a: Lurantis
|
|upkeep
|
|t:|1660783447
|switch|p1a: Perrserker|Perrserker, M|19/100
|-damage|p1a: Perrserker|13/100|[from] Stealth Rock
|turn|28
|
|t:|1660783449
|move|p2a: Doublade|Shadow Sneak|p1a: Perrserker
|-damage|p1a: Perrserker|0 fnt
|faint|p1a: Perrserker
|
|win|PULT4C1 Inder
|raw|LivarUpp's rating: 1534 &rarr; <strong>1514</strong><br />(-20 for losing)
|raw|PULT4C1 Inder's rating: 1534 &rarr; <strong>1554</strong><br />(+20 for winning)
|l|☆LivarUpp
|c|☆PULT4C1 Inder|gg
