|html|<div class="broadcast-blue"><strong>[Gen 8] PU is currently suspecting Araquanid! For information on how to participate check out the <a href="https://www.smogon.com/forums/threads/np-pu-stage-9-itsy-bitsy-spider.3704256/">suspect thread</a>.</strong></div>
|j|☆PUAS tic
|j|‽djx
|t:|1657691910
|gametype|singles
|player|p1|PUAS tic|sordward-shielbert|1257
|player|p2|djx|102|1181
|teamsize|p1|6
|teamsize|p2|6
|gen|8
|tier|[Gen 8] PU
|rated|
|rule|Sleep Clause Mod: Limit one foe put to sleep
|rule|Species Clause: Limit one of each Pokémon
|rule|OHKO Clause: OHKO moves are banned
|rule|Evasion Moves Clause: Evasion moves are banned
|rule|Endless Battle Clause: Forcing endless battles is banned
|rule|HP Percentage Mod: HP is shown in percentages
|rule|Dynamax Clause: You cannot dynamax
|clearpoke
|poke|p1|Araquanid, F|
|poke|p1|Scyther, M|
|poke|p1|Ferroseed, M|
|poke|p1|Sandslash, F|
|poke|p1|Gigalith, M|
|poke|p1|Whimsicott, M|
|poke|p2|Galvantula, F|
|poke|p2|Doublade, F|
|poke|p2|Jellicent, F|
|poke|p2|Whimsicott, M|
|poke|p2|Hitmonlee, M|
|poke|p2|Charizard, M|
|teampreview
|
|t:|1657691927
|start
|switch|p1a: Whimsicott|Whimsicott, M|100/100
|switch|p2a: Galvantula|Galvantula, F|100/100
|turn|1
|
|t:|1657691934
|move|p1a: Whimsicott|Moonblast|p2a: Galvantula
|-enditem|p2a: Galvantula|Focus Sash
|-damage|p2a: Galvantula|1/100
|move|p2a: Galvantula|Sticky Web|p1a: Whimsicott
|-sidestart|p1: PUAS tic|move: Sticky Web
|
|upkeep
|turn|2
|
|t:|1657691936
|move|p1a: Whimsicott|Moonblast|p2a: Galvantula
|-damage|p2a: Galvantula|0 fnt
|faint|p2a: Galvantula
|
|upkeep
|
|t:|1657691939
|switch|p2a: Charizard|Charizard, M|100/100
|turn|3
|
|t:|1657691945
|switch|p1a: Gigalith|Gigalith, M|100/100
|-activate|p1a: Gigalith|move: Sticky Web
|-unboost|p1a: Gigalith|spe|1
|-weather|Sandstorm|[from] ability: Sand Stream|[of] p1a: Gigalith
|move|p2a: Charizard|Fire Blast|p1a: Gigalith
|-resisted|p1a: Gigalith
|-damage|p1a: Gigalith|84/100
|-damage|p2a: Charizard|91/100|[from] item: Life Orb
|
|-weather|Sandstorm|[upkeep]
|-damage|p2a: Charizard|85/100|[from] Sandstorm
|-heal|p1a: Gigalith|91/100|[from] item: Leftovers
|upkeep
|turn|4
|
|t:|1657691972
|switch|p1a: Sandslash|Sandslash, F|100/100
|-activate|p1a: Sandslash|move: Sticky Web
|-unboost|p1a: Sandslash|spe|1
|move|p2a: Charizard|Scorching Sands|p1a: Sandslash
|-damage|p1a: Sandslash|43/100
|-damage|p2a: Charizard|75/100|[from] item: Life Orb
|
|-weather|Sandstorm|[upkeep]
|-damage|p2a: Charizard|69/100|[from] Sandstorm
|-heal|p1a: Sandslash|50/100|[from] item: Leftovers
|upkeep
|turn|5
|
|t:|1657691984
|switch|p2a: Whimsicott|Whimsicott, M|100/100
|switch|p1a: Gigalith|Gigalith, M|91/100
|-activate|p1a: Gigalith|move: Sticky Web
|-unboost|p1a: Gigalith|spe|1
|
|-weather|Sandstorm|[upkeep]
|-damage|p2a: Whimsicott|94/100|[from] Sandstorm
|-heal|p1a: Gigalith|97/100|[from] item: Leftovers
|upkeep
|turn|6
|
|t:|1657691988
|move|p2a: Whimsicott|Knock Off|p1a: Gigalith
|-damage|p1a: Gigalith|86/100
|-enditem|p1a: Gigalith|Leftovers|[from] move: Knock Off|[of] p2a: Whimsicott
|move|p1a: Gigalith|Stealth Rock|p2a: Whimsicott
|-sidestart|p2: djx|move: Stealth Rock
|
|-weather|Sandstorm|[upkeep]
|-damage|p2a: Whimsicott|88/100|[from] Sandstorm
|upkeep
|turn|7
|
|t:|1657692005
|switch|p1a: Araquanid|Araquanid, F|100/100
|-activate|p1a: Araquanid|move: Sticky Web
|-unboost|p1a: Araquanid|spe|1
|move|p2a: Whimsicott|U-turn|p1a: Araquanid
|-damage|p1a: Araquanid|86/100
|
|t:|1657692013
|switch|p2a: Charizard|Charizard, M|69/100|[from]move: U-turn
|-damage|p2a: Charizard|19/100|[from] Stealth Rock
|
|-weather|none
|-heal|p1a: Araquanid|93/100|[from] item: Leftovers
|upkeep
|turn|8
|
|t:|1657692021
|switch|p1a: Gigalith|Gigalith, M|86/100
|-activate|p1a: Gigalith|move: Sticky Web
|-unboost|p1a: Gigalith|spe|1
|-weather|Sandstorm|[from] ability: Sand Stream|[of] p1a: Gigalith
|move|p2a: Charizard|Air Slash|p1a: Gigalith
|-resisted|p1a: Gigalith
|-damage|p1a: Gigalith|75/100
|-damage|p2a: Charizard|9/100|[from] item: Life Orb
|
|-weather|Sandstorm|[upkeep]
|-damage|p2a: Charizard|3/100|[from] Sandstorm
|upkeep
|turn|9
|
|t:|1657692034
|switch|p1a: Whimsicott|Whimsicott, M|100/100
|-activate|p1a: Whimsicott|move: Sticky Web
|-unboost|p1a: Whimsicott|spe|1
|move|p2a: Charizard|Focus Blast|p1a: Whimsicott
|-resisted|p1a: Whimsicott
|-damage|p1a: Whimsicott|61/100
|-unboost|p1a: Whimsicott|spd|1
|-damage|p2a: Charizard|0 fnt|[from] item: Life Orb
|faint|p2a: Charizard
|
|-weather|Sandstorm|[upkeep]
|-damage|p1a: Whimsicott|55/100|[from] Sandstorm
|upkeep
|
|t:|1657692036
|switch|p2a: Doublade|Doublade, F|100/100
|-damage|p2a: Doublade|94/100|[from] Stealth Rock
|turn|10
|
|t:|1657692040
|move|p1a: Whimsicott|Moonblast|p2a: Doublade
|-resisted|p2a: Doublade
|-damage|p2a: Doublade|60/100
|move|p2a: Doublade|Iron Head|p1a: Whimsicott
|-supereffective|p1a: Whimsicott
|-damage|p1a: Whimsicott|0 fnt
|faint|p1a: Whimsicott
|
|-weather|Sandstorm|[upkeep]
|upkeep
|
|t:|1657692045
|switch|p1a: Sandslash|Sandslash, F|50/100
|-activate|p1a: Sandslash|move: Sticky Web
|-unboost|p1a: Sandslash|spe|1
|turn|11
|
|t:|1657692055
|move|p1a: Sandslash|Earthquake|p2a: Doublade
|-supereffective|p2a: Doublade
|-damage|p2a: Doublade|14/100
|move|p2a: Doublade|Swords Dance|p2a: Doublade
|-boost|p2a: Doublade|atk|2
|
|-weather|Sandstorm|[upkeep]
|-heal|p1a: Sandslash|56/100|[from] item: Leftovers
|upkeep
|turn|12
|
|t:|1657692065
|move|p2a: Doublade|Shadow Sneak|p1a: Sandslash
|-damage|p1a: Sandslash|13/100
|move|p1a: Sandslash|Earthquake|p2a: Doublade
|-supereffective|p2a: Doublade
|-damage|p2a: Doublade|0 fnt
|faint|p2a: Doublade
|
|-weather|none
|-heal|p1a: Sandslash|19/100|[from] item: Leftovers
|upkeep
|
|t:|1657692074
|switch|p2a: Hitmonlee|Hitmonlee, M|100/100
|-damage|p2a: Hitmonlee|94/100|[from] Stealth Rock
|turn|13
|
|t:|1657692082
|move|p2a: Hitmonlee|Curse|p2a: Hitmonlee
|-unboost|p2a: Hitmonlee|spe|1
|-boost|p2a: Hitmonlee|atk|1
|-boost|p2a: Hitmonlee|def|1
|-enditem|p2a: Hitmonlee|White Herb
|-clearnegativeboost|p2a: Hitmonlee|[silent]
|move|p1a: Sandslash|Rapid Spin|p2a: Hitmonlee
|-damage|p2a: Hitmonlee|69/100
|-boost|p1a: Sandslash|spe|1
|-sideend|p1: PUAS tic|Sticky Web|[from] move: Rapid Spin|[of] p1a: Sandslash
|
|-heal|p1a: Sandslash|26/100|[from] item: Leftovers
|upkeep
|turn|14
|
|t:|1657692102
|move|p2a: Hitmonlee|Curse|p2a: Hitmonlee
|-unboost|p2a: Hitmonlee|spe|1
|-boost|p2a: Hitmonlee|atk|1
|-boost|p2a: Hitmonlee|def|1
|move|p1a: Sandslash|Earthquake|p2a: Hitmonlee
|-damage|p2a: Hitmonlee|14/100
|
|-heal|p1a: Sandslash|32/100|[from] item: Leftovers
|upkeep
|turn|15
|
|t:|1657692111
|switch|p1a: Gigalith|Gigalith, M|75/100
|-weather|Sandstorm|[from] ability: Sand Stream|[of] p1a: Gigalith
|move|p2a: Hitmonlee|Reversal|p1a: Gigalith
|-supereffective|p1a: Gigalith
|-damage|p1a: Gigalith|0 fnt
|faint|p1a: Gigalith
|
|-weather|Sandstorm|[upkeep]
|-damage|p2a: Hitmonlee|8/100|[from] Sandstorm
|upkeep
|
|t:|1657692113
|switch|p1a: Sandslash|Sandslash, F|32/100
|turn|16
|
|t:|1657692116
|move|p1a: Sandslash|Earthquake|p2a: Hitmonlee
|-damage|p2a: Hitmonlee|0 fnt
|faint|p2a: Hitmonlee
|
|-weather|Sandstorm|[upkeep]
|-heal|p1a: Sandslash|38/100|[from] item: Leftovers
|upkeep
|j| Belindas Dad
|
|t:|1657692118
|switch|p2a: Whimsicott|Whimsicott, M|88/100
|turn|17
|-message|djx forfeited.
|
|win|PUAS tic
|raw|PUAS tic's rating: 1257 &rarr; <strong>1277</strong><br />(+20 for winning)
|raw|djx's rating: 1181 &rarr; <strong>1161</strong><br />(-20 for losing)
|l|‽djx
|l| Belindas Dad
