|j|☆yassy slay
|j|☆mefrog
|t:|1638905192
|gametype|singles
|player|p1|yassy slay|clown|1440
|player|p2|mefrog|burglar|1529
|teamsize|p1|6
|teamsize|p2|6
|gen|8
|tier|[Gen 8] PU
|rated|
|rule|Sleep Clause Mod: Limit one foe put to sleep
|rule|Species Clause: Limit one of each Pokémon
|rule|OHKO Clause: OHKO moves are banned
|rule|Evasion Moves Clause: Evasion moves are banned
|rule|Endless Battle Clause: Forcing endless battles is banned
|rule|HP Percentage Mod: HP is shown in percentages
|rule|Dynamax Clause: You cannot dynamax
|clearpoke
|poke|p1|Flapple, M|
|poke|p1|Ferroseed, M|
|poke|p1|Regirock|
|poke|p1|Cryogonal|
|poke|p1|Ribombee, F|
|poke|p1|Cofagrigus, M|
|poke|p2|Regirock|
|poke|p2|Togedemaru, M|
|poke|p2|Articuno-Galar|
|poke|p2|Tsareena, F|
|poke|p2|Absol, M|
|poke|p2|Sawk, M|
|teampreview
|
|t:|1638905214
|start
|switch|p1a: Regirock|Regirock|100/100
|switch|p2a: Sawk|Sawk, M|100/100
|-ability|p2a: Sawk|Mold Breaker
|turn|1
|
|t:|1638905227
|switch|p1a: Cofagrigus|Cofagrigus, M|100/100
|move|p2a: Sawk|Close Combat|p1a: Cofagrigus
|-immune|p1a: Cofagrigus
|
|upkeep
|turn|2
|
|t:|1638905233
|switch|p2a: Articuno|Articuno-Galar|100/100
|move|p1a: Cofagrigus|Shadow Ball|p2a: Articuno
|-supereffective|p2a: Articuno
|-damage|p2a: Articuno|48/100
|
|upkeep
|turn|3
|
|t:|1638905251
|switch|p1a: Cryogonal|Cryogonal|100/100
|move|p2a: Articuno|Shadow Ball|p1a: Cryogonal
|-crit|p1a: Cryogonal
|-damage|p1a: Cryogonal|37/100
|
|upkeep
|turn|4
|inactive|Battle timer is ON: inactive players will automatically lose when time's up. (requested by mefrog)
|
|t:|1638905258
|switch|p2a: Togedemaru|Togedemaru, M|100/100
|move|p1a: Cryogonal|Recover|p1a: Cryogonal
|-heal|p1a: Cryogonal|87/100
|
|upkeep
|turn|5
|
|t:|1638905262
|switch|p1a: Ferroseed|Ferroseed, M|100/100
|move|p2a: Togedemaru|Wish|p2a: Togedemaru
|
|upkeep
|turn|6
|
|t:|1638905274
|move|p2a: Togedemaru|U-turn|p1a: Ferroseed
|-damage|p1a: Ferroseed|90/100
|-damage|p2a: Togedemaru|88/100|[from] ability: Iron Barbs|[of] p1a: Ferroseed
|
|t:|1638905279
|switch|p2a: Articuno|Articuno-Galar|48/100|[from]move: U-turn
|move|p1a: Ferroseed|Spikes|p2a: Articuno
|-sidestart|p2: mefrog|Spikes
|
|-heal|p2a: Articuno|99/100|[from] move: Wish|[wisher] Togedemaru
|upkeep
|turn|7
|
|t:|1638905289
|move|p2a: Articuno|Hurricane|p1a: Ferroseed
|-damage|p1a: Ferroseed|12/100
|-start|p1a: Ferroseed|confusion
|-activate|p1a: Ferroseed|confusion
|move|p1a: Ferroseed|Spikes|p2a: Articuno
|-sidestart|p2: mefrog|Spikes
|
|upkeep
|turn|8
|
|t:|1638905295
|switch|p1a: Regirock|Regirock|100/100
|move|p2a: Articuno|Hurricane|p1a: Regirock
|-resisted|p1a: Regirock
|-damage|p1a: Regirock|57/100
|
|-heal|p1a: Regirock|63/100|[from] item: Leftovers
|upkeep
|turn|9
|
|t:|1638905319
|switch|p2a: Tsareena|Tsareena, F|100/100
|move|p1a: Regirock|Stealth Rock|p2a: Tsareena
|-sidestart|p2: mefrog|move: Stealth Rock
|
|-heal|p1a: Regirock|69/100|[from] item: Leftovers
|upkeep
|turn|10
|
|t:|1638905323
|switch|p1a: Cofagrigus|Cofagrigus, M|100/100
|move|p2a: Tsareena|Knock Off|p1a: Cofagrigus
|-supereffective|p1a: Cofagrigus
|-damage|p1a: Cofagrigus|75/100
|-activate|p1a: Cofagrigus|ability: Mummy|Queenly Majesty|[of] p2a: Tsareena
|
|upkeep
|turn|11
|
|t:|1638905342
|move|p2a: Tsareena|U-turn|p1a: Cofagrigus
|-resisted|p1a: Cofagrigus
|-damage|p1a: Cofagrigus|69/100
|
|t:|1638905344
|switch|p2a: Absol|Absol, M|100/100|[from]move: U-turn
|-damage|p2a: Absol|88/100|[from] Stealth Rock
|-damage|p2a: Absol|72/100|[from] Spikes
|move|p1a: Cofagrigus|Body Press|p2a: Absol
|-supereffective|p2a: Absol
|-damage|p2a: Absol|0 fnt
|faint|p2a: Absol
|
|upkeep
|
|t:|1638905350
|switch|p2a: Articuno|Articuno-Galar|99/100
|-damage|p2a: Articuno|75/100|[from] Stealth Rock
|turn|12
|
|t:|1638905364
|switch|p1a: Ferroseed|Ferroseed, M|12/100
|move|p2a: Articuno|Psyshock|p1a: Ferroseed
|-resisted|p1a: Ferroseed
|-damage|p1a: Ferroseed|0 fnt
|faint|p1a: Ferroseed
|
|upkeep
|
|t:|1638905378
|switch|p1a: Regirock|Regirock|69/100
|turn|13
|
|t:|1638905386
|switch|p2a: Regirock|Regirock|100/100
|-damage|p2a: Regirock|88/100|[from] Stealth Rock
|-damage|p2a: Regirock|72/100|[from] Spikes
|move|p1a: Regirock|Rock Blast|p2a: Regirock
|-damage|p2a: Regirock|68/100
|-damage|p2a: Regirock|63/100
|-hitcount|p2a: Regirock|2
|
|-heal|p2a: Regirock|69/100|[from] item: Leftovers
|-heal|p1a: Regirock|75/100|[from] item: Leftovers
|upkeep
|turn|14
|
|t:|1638905402
|move|p2a: Regirock|Toxic|p1a: Regirock
|-status|p1a: Regirock|tox
|move|p1a: Regirock|Body Press|p2a: Regirock
|-supereffective|p2a: Regirock
|-damage|p2a: Regirock|37/100
|
|-heal|p1a: Regirock|81/100 tox|[from] item: Leftovers
|-heal|p2a: Regirock|43/100|[from] item: Leftovers
|-damage|p1a: Regirock|75/100 tox|[from] psn
|upkeep
|turn|15
|
|t:|1638905410
|switch|p1a: Flapple|Flapple, M|100/100
|move|p2a: Regirock|Stealth Rock|p1a: Flapple
|-sidestart|p1: yassy slay|move: Stealth Rock
|
|-heal|p2a: Regirock|49/100|[from] item: Leftovers
|upkeep
|turn|16
|
|t:|1638905425
|switch|p2a: Togedemaru|Togedemaru, M|88/100
|move|p1a: Flapple|Grav Apple|p2a: Togedemaru
|-resisted|p2a: Togedemaru
|-damage|p2a: Togedemaru|39/100
|-unboost|p2a: Togedemaru|def|1
|-damage|p1a: Flapple|91/100|[from] item: Life Orb
|
|upkeep
|turn|17
|
|t:|1638905431
|move|p2a: Togedemaru|Spiky Shield|p2a: Togedemaru
|-singleturn|p2a: Togedemaru|move: Protect
|move|p1a: Flapple|Grav Apple|p2a: Togedemaru
|-activate|p2a: Togedemaru|move: Protect
|
|upkeep
|turn|18
|
|t:|1638905437
|move|p1a: Flapple|Grav Apple|p2a: Togedemaru
|-resisted|p2a: Togedemaru
|-damage|p2a: Togedemaru|0 fnt
|faint|p2a: Togedemaru
|-damage|p1a: Flapple|81/100|[from] item: Life Orb
|
|upkeep
|
|t:|1638905442
|switch|p2a: Sawk|Sawk, M|100/100
|-damage|p2a: Sawk|94/100|[from] Stealth Rock
|-damage|p2a: Sawk|78/100|[from] Spikes
|-ability|p2a: Sawk|Mold Breaker
|turn|19
|
|t:|1638905454
|move|p2a: Sawk|Knock Off|p1a: Flapple
|-damage|p1a: Flapple|33/100
|-enditem|p1a: Flapple|Life Orb|[from] move: Knock Off|[of] p2a: Sawk
|move|p1a: Flapple|Grav Apple|p2a: Sawk
|-damage|p2a: Sawk|0 fnt
|faint|p2a: Sawk
|
|upkeep
|
|t:|1638905464
|switch|p2a: Tsareena|Tsareena, F|100/100
|turn|20
|
|t:|1638905467
|move|p2a: Tsareena|Rapid Spin|p1a: Flapple
|-damage|p1a: Flapple|9/100
|-boost|p2a: Tsareena|spe|1
|-sideend|p2: mefrog|Spikes|[from] move: Rapid Spin|[of] p2a: Tsareena
|-sideend|p2: mefrog|Stealth Rock|[from] move: Rapid Spin|[of] p2a: Tsareena
|move|p1a: Flapple|U-turn|p2a: Tsareena
|-supereffective|p2a: Tsareena
|-damage|p2a: Tsareena|21/100
|
|t:|1638905474
|switch|p1a: Cofagrigus|Cofagrigus, M|69/100|[from]move: U-turn
|-damage|p1a: Cofagrigus|56/100|[from] Stealth Rock
|
|upkeep
|turn|21
|
|t:|1638905491
|move|p2a: Tsareena|Power Whip|p1a: Cofagrigus
|-damage|p1a: Cofagrigus|21/100
|-activate|p1a: Cofagrigus|ability: Mummy|Queenly Majesty|[of] p2a: Tsareena
|move|p1a: Cofagrigus|Shadow Ball|p2a: Tsareena
|-damage|p2a: Tsareena|0 fnt
|faint|p2a: Tsareena
|
|upkeep
|
|t:|1638905498
|switch|p2a: Articuno|Articuno-Galar|75/100
|turn|22
|
|t:|1638905503
|move|p2a: Articuno|Freezing Glare|p1a: Cofagrigus
|-damage|p1a: Cofagrigus|0 fnt
|faint|p1a: Cofagrigus
|
|upkeep
|
|t:|1638905504
|switch|p1a: Cryogonal|Cryogonal|87/100
|turn|23
|
|t:|1638905523
|move|p1a: Cryogonal|Ice Beam|p2a: Articuno
|-supereffective|p2a: Articuno
|-damage|p2a: Articuno|0 fnt
|faint|p2a: Articuno
|
|upkeep
|
|t:|1638905525
|switch|p2a: Regirock|Regirock|49/100
|turn|24
|
|t:|1638905528
|move|p1a: Cryogonal|Ice Beam|p2a: Regirock
|-crit|p2a: Regirock
|-damage|p2a: Regirock|0 fnt
|faint|p2a: Regirock
|
|win|yassy slay
|raw|yassy slay's rating: 1440 &rarr; <strong>1465</strong><br />(+25 for winning)
|raw|mefrog's rating: 1529 &rarr; <strong>1504</strong><br />(-25 for losing)
|l|☆mefrog
||Ladder isn't responding, score probably updated but might not have (Request timeout).
