|j|☆sonecaoelian
|j|☆yassy slay
|t:|1654039622
|gametype|singles
|player|p1|sonecaoelian|2|1286
|player|p2|yassy slay|102|1577
|teamsize|p1|6
|teamsize|p2|6
|gen|8
|tier|[Gen 8] PU
|rated|
|rule|Sleep Clause Mod: Limit one foe put to sleep
|rule|Species Clause: Limit one of each Pokémon
|rule|OHKO Clause: OHKO moves are banned
|rule|Evasion Moves Clause: Evasion moves are banned
|rule|Endless Battle Clause: Forcing endless battles is banned
|rule|HP Percentage Mod: HP is shown in percentages
|rule|Dynamax Clause: You cannot dynamax
|clearpoke
|poke|p1|Ribombee, F|
|poke|p1|Jellicent, F|
|poke|p1|Sandaconda, F|
|poke|p1|Perrserker, M|
|poke|p1|Charizard, F|
|poke|p1|Audino, F|
|poke|p2|Dubwool, F|
|poke|p2|Palossand, M|
|poke|p2|Eldegoss, M|
|poke|p2|Cryogonal|
|poke|p2|Musharna, M|
|poke|p2|Magneton|
|teampreview
|inactive|Battle timer is ON: inactive players will automatically lose when time's up. (requested by sonecaoelian)
|
|t:|1654039633
|start
|switch|p1a: Jellicent|Jellicent, F|100/100
|switch|p2a: Magneton|Magneton|100/100
|turn|1
|l|☆yassy slay
|inactive|yassy slay disconnected and has a minute to reconnect!
|player|p2|
|j|☆yassy slay
|inactive|yassy slay reconnected and has 135 seconds left.
|player|p2|yassy slay|102
|
|t:|1654039655
|switch|p1a: Audino|Audino, F|100/100
|move|p2a: Magneton|Volt Switch|p1a: Audino
|-damage|p1a: Audino|48/100
|
|t:|1654039661
|switch|p2a: Dubwool|Dubwool, F|100/100|[from]move: Volt Switch
|
|upkeep
|turn|2
|
|t:|1654039669
|switch|p1a: Jellicent|Jellicent, F|100/100
|move|p2a: Dubwool|Body Press|p1a: Jellicent
|-immune|p1a: Jellicent
|
|upkeep
|turn|3
|
|t:|1654039676
|switch|p2a: Eldegoss|Eldegoss, M|100/100
|move|p1a: Jellicent|Water Spout|p2a: Eldegoss
|-resisted|p2a: Eldegoss
|-damage|p2a: Eldegoss|58/100
|
|upkeep
|turn|4
|
|t:|1654039683
|switch|p1a: Ribombee|Ribombee, F|100/100
|move|p2a: Eldegoss|Sleep Powder|p1a: Ribombee
|-status|p1a: Ribombee|slp|[from] move: Sleep Powder
|
|upkeep
|turn|5
|
|t:|1654039695
|switch|p1a: Jellicent|Jellicent, F|100/100
|switch|p2a: Cryogonal|Cryogonal|100/100
|
|upkeep
|turn|6
|
|t:|1654039704
|switch|p1a: Audino|Audino, F|81/100
|move|p2a: Cryogonal|Ice Beam|p1a: Audino
|-damage|p1a: Audino|45/100
|
|upkeep
|turn|7
|
|t:|1654039716
|switch|p2a: Palossand|Palossand, M|100/100
|switch|p1a: Perrserker|Perrserker, M|100/100
|
|upkeep
|turn|8
|
|t:|1654039723
|move|p1a: Perrserker|Seed Bomb|p2a: Palossand
|-supereffective|p2a: Palossand
|-damage|p2a: Palossand|32/100
|move|p2a: Palossand|Stealth Rock|p1a: Perrserker
|-sidestart|p1: sonecaoelian|move: Stealth Rock
|
|upkeep
|turn|9
|
|t:|1654039730
|switch|p1a: Charizard|Charizard, F, shiny|100/100
|switch|p2a: Magneton|Magneton|100/100
|
|upkeep
|turn|10
|
|t:|1654039737
|switch|p1a: Sandaconda|Sandaconda, F|100/100
|-damage|p1a: Sandaconda|94/100|[from] Stealth Rock
|switch|p2a: Musharna|Musharna, M|100/100
|
|upkeep
|turn|11
|
|t:|1654039742
|switch|p2a: Cryogonal|Cryogonal|100/100
|move|p1a: Sandaconda|Stealth Rock|p2a: Cryogonal
|-sidestart|p2: yassy slay|move: Stealth Rock
|
|upkeep
|turn|12
|
|t:|1654039747
|switch|p1a: Audino|Audino, F|78/100
|move|p2a: Cryogonal|Ice Beam|p1a: Audino
|-damage|p1a: Audino|42/100
|-status|p1a: Audino|frz
|
|upkeep
|turn|13
|
|t:|1654039751
|switch|p1a: Perrserker|Perrserker, M|100/100
|-damage|p1a: Perrserker|94/100|[from] Stealth Rock
|move|p2a: Cryogonal|Ice Beam|p1a: Perrserker
|-resisted|p1a: Perrserker
|-crit|p1a: Perrserker
|-damage|p1a: Perrserker|12/100
|-status|p1a: Perrserker|frz
|
|upkeep
|turn|14
|
|t:|1654039754
|move|p2a: Cryogonal|Ice Beam|p1a: Perrserker
|-resisted|p1a: Perrserker
|-damage|p1a: Perrserker|0 fnt
|faint|p1a: Perrserker
|
|upkeep
|
|t:|1654039764
|switch|p1a: Charizard|Charizard, F, shiny|100/100
|turn|15
|
|t:|1654039770
|move|p2a: Cryogonal|Ice Beam|p1a: Charizard
|-damage|p1a: Charizard|38/100
|move|p1a: Charizard|Mystical Fire|p2a: Cryogonal
|-supereffective|p2a: Cryogonal
|-crit|p2a: Cryogonal
|-damage|p2a: Cryogonal|31/100
|-unboost|p2a: Cryogonal|spa|1
|
|upkeep
|turn|16
|
|t:|1654039776
|move|p2a: Cryogonal|Ice Beam|p1a: Charizard
|-damage|p1a: Charizard|0 fnt
|faint|p1a: Charizard
|
|upkeep
|-message|sonecaoelian forfeited.
|
|win|yassy slay
|raw|sonecaoelian's rating: 1286 &rarr; <strong>1278</strong><br />(-8 for losing)
|raw|yassy slay's rating: 1577 &rarr; <strong>1583</strong><br />(+6 for winning)
|l|☆sonecaoelian
