|j|☆acluh1
|j|☆LOVE P SHOWDOWN
|t:|1651849436
|gametype|singles
|player|p1|acluh1|1|1310
|player|p2|LOVE P SHOWDOWN|aetherfoundation|1145
|teamsize|p1|6
|teamsize|p2|6
|gen|8
|tier|[Gen 8] PU
|rated|
|rule|Sleep Clause Mod: Limit one foe put to sleep
|rule|Species Clause: Limit one of each Pokémon
|rule|OHKO Clause: OHKO moves are banned
|rule|Evasion Moves Clause: Evasion moves are banned
|rule|Endless Battle Clause: Forcing endless battles is banned
|rule|HP Percentage Mod: HP is shown in percentages
|rule|Dynamax Clause: You cannot dynamax
|clearpoke
|poke|p1|Charizard, M|
|poke|p1|Ferroseed, F|
|poke|p1|Gigalith, M|
|poke|p1|Ribombee, M|
|poke|p1|Scrafty, M|
|poke|p1|Togedemaru, M|
|poke|p2|Perrserker, M|
|poke|p2|Golbat, M|
|poke|p2|Sandaconda, M|
|poke|p2|Cryogonal|
|poke|p2|Fraxure, F|
|poke|p2|Thwackey, F|
|teampreview
|inactive|Battle timer is ON: inactive players will automatically lose when time's up. (requested by acluh1)
|
|t:|1651849463
|start
|switch|p1a: Charizard|Charizard, M, shiny|100/100
|switch|p2a: Sandaconda|Sandaconda, M|100/100
|turn|1
|
|t:|1651849477
|move|p1a: Charizard|Fire Blast|p2a: Sandaconda
|-damage|p2a: Sandaconda|34/100
|move|p2a: Sandaconda|Glare|p1a: Charizard
|-status|p1a: Charizard|par
|
|upkeep
|turn|2
|
|t:|1651849486
|switch|p1a: Ribombee|Ribombee, M, shiny|100/100
|move|p2a: Sandaconda|Stealth Rock|p1a: Ribombee
|-sidestart|p1: acluh1|move: Stealth Rock
|
|upkeep
|turn|3
|
|t:|1651849496
|switch|p2a: Golbat|Golbat, M|100/100
|move|p1a: Ribombee|Energy Ball|p2a: Golbat
|-resisted|p2a: Golbat
|-damage|p2a: Golbat|95/100
|
|upkeep
|turn|4
|
|t:|1651849507
|switch|p1a: Scrafty|Scrafty, M|100/100
|-damage|p1a: Scrafty|95/100|[from] Stealth Rock
|move|p2a: Golbat|U-turn|p1a: Scrafty
|-damage|p1a: Scrafty|80/100
|
|t:|1651849523
|switch|p2a: Fraxure|Fraxure, F|100/100|[from]move: U-turn
|-ability|p2a: Fraxure|Mold Breaker
|
|upkeep
|turn|5
|
|t:|1651849537
|move|p2a: Fraxure|First Impression|p1a: Scrafty
|-damage|p1a: Scrafty|47/100
|move|p1a: Scrafty|Knock Off|p2a: Fraxure
|-damage|p2a: Fraxure|34/100
|-enditem|p2a: Fraxure|Choice Scarf|[from] move: Knock Off|[of] p1a: Scrafty
|
|upkeep
|turn|6
|inactive|LOVE P SHOWDOWN has 120 seconds left.
|
|t:|1651849573
|switch|p1a: Ribombee|Ribombee, M, shiny|100/100
|move|p2a: Fraxure|Outrage|p1a: Ribombee
|-immune|p1a: Ribombee
|
|upkeep
|turn|7
|inactive|LOVE P SHOWDOWN has 120 seconds left.
|
|t:|1651849585
|switch|p1a: Charizard|Charizard, M, shiny|100/100 par
|switch|p2a: Golbat|Golbat, M|95/100
|
|upkeep
|turn|8
|inactive|LOVE P SHOWDOWN has 120 seconds left.
|
|t:|1651849621
|move|p2a: Golbat|Brave Bird|p1a: Charizard
|-damage|p1a: Charizard|53/100 par
|-damage|p2a: Golbat|82/100|[from] Recoil
|move|p1a: Charizard|Defog|p2a: Golbat
|-unboost|p2a: Golbat|evasion|1
|-sideend|p1: acluh1|Stealth Rock|[from] move: Defog|[of] p1a: Charizard
|
|upkeep
|turn|9
|
|t:|1651849636
|move|p2a: Golbat|U-turn|p1a: Charizard
|-resisted|p1a: Charizard
|-damage|p1a: Charizard|48/100 par
|
|t:|1651849651
|switch|p2a: Fraxure|Fraxure, F|34/100|[from]move: U-turn
|-ability|p2a: Fraxure|Mold Breaker
|move|p1a: Charizard|Fire Blast|p2a: Fraxure|[miss]
|-miss|p1a: Charizard|p2a: Fraxure
|
|upkeep
|turn|10
|
|t:|1651849661
|move|p2a: Fraxure|Poison Jab|p1a: Charizard
|-damage|p1a: Charizard|12/100 par
|move|p1a: Charizard|Hurricane|p2a: Fraxure|[miss]
|-miss|p1a: Charizard|p2a: Fraxure
|
|upkeep
|turn|11
|
|t:|1651849670
|switch|p1a: Togedemaru|Togedemaru, M|100/100
|move|p2a: Fraxure|Crunch|p1a: Togedemaru
|-damage|p1a: Togedemaru|51/100
|
|upkeep
|turn|12
|
|t:|1651849680
|move|p1a: Togedemaru|Iron Head|p2a: Fraxure
|-damage|p2a: Fraxure|0 fnt
|faint|p2a: Fraxure
|
|upkeep
|
|t:|1651849691
|switch|p2a: Perrserker|Perrserker, M|100/100
|turn|13
|
|t:|1651849701
|switch|p1a: Ferroseed|Ferroseed, F, shiny|100/100
|move|p2a: Perrserker|U-turn|p1a: Ferroseed
|-damage|p1a: Ferroseed|86/100
|-damage|p2a: Perrserker|88/100|[from] ability: Iron Barbs|[of] p1a: Ferroseed
|
|t:|1651849706
|switch|p2a: Sandaconda|Sandaconda, M|34/100|[from]move: U-turn
|
|upkeep
|turn|14
|
|t:|1651849710
|move|p2a: Sandaconda|Glare|p1a: Ferroseed
|-status|p1a: Ferroseed|par
|cant|p1a: Ferroseed|par
|
|upkeep
|turn|15
|
|t:|1651849715
|move|p2a: Sandaconda|Rest|p2a: Sandaconda
|-status|p2a: Sandaconda|slp|[from] move: Rest
|-heal|p2a: Sandaconda|100/100 slp|[silent]
|cant|p1a: Ferroseed|par
|
|upkeep
|turn|16
|
|t:|1651849717
|cant|p2a: Sandaconda|slp
|move|p1a: Ferroseed|Leech Seed|p2a: Sandaconda
|-start|p2a: Sandaconda|move: Leech Seed
|
|-activate|p2a: Sandaconda|ability: Shed Skin
|-curestatus|p2a: Sandaconda|slp|[msg]
|-damage|p2a: Sandaconda|88/100|[from] Leech Seed|[of] p1a: Ferroseed
|-heal|p1a: Ferroseed|100/100 par|[silent]
|upkeep
|turn|17
|
|t:|1651849719
|move|p2a: Sandaconda|Stealth Rock|p1a: Ferroseed
|-sidestart|p1: acluh1|move: Stealth Rock
|move|p1a: Ferroseed|Spikes|p2a: Sandaconda
|-sidestart|p2: LOVE P SHOWDOWN|Spikes
|
|-damage|p2a: Sandaconda|76/100|[from] Leech Seed|[of] p1a: Ferroseed
|upkeep
|turn|18
|
|t:|1651849730
|switch|p2a: Cryogonal|Cryogonal|100/100
|move|p1a: Ferroseed|Spikes|p2a: Cryogonal
|-sidestart|p2: LOVE P SHOWDOWN|Spikes
|
|upkeep
|turn|19
|inactive|LOVE P SHOWDOWN has 120 seconds left.
|
|t:|1651849765
|move|p2a: Cryogonal|Rapid Spin|p1a: Ferroseed
|-resisted|p1a: Ferroseed
|-damage|p1a: Ferroseed|99/100 par
|-boost|p2a: Cryogonal|spe|1
|-damage|p2a: Cryogonal|88/100|[from] ability: Iron Barbs|[of] p1a: Ferroseed
|-sideend|p2: LOVE P SHOWDOWN|Spikes|[from] move: Rapid Spin|[of] p2a: Cryogonal
|cant|p1a: Ferroseed|par
|
|upkeep
|turn|20
|
|t:|1651849772
|move|p2a: Cryogonal|Knock Off|p1a: Ferroseed
|-damage|p1a: Ferroseed|92/100 par
|-damage|p2a: Cryogonal|76/100|[from] ability: Iron Barbs|[of] p1a: Ferroseed
|-enditem|p1a: Ferroseed|Eviolite|[from] move: Knock Off|[of] p2a: Cryogonal
|cant|p1a: Ferroseed|par
|
|upkeep
|turn|21
|
|t:|1651849777
|move|p2a: Cryogonal|Freeze-Dry|p1a: Ferroseed
|-damage|p1a: Ferroseed|61/100 par
|move|p1a: Ferroseed|Gyro Ball|p2a: Cryogonal
|-supereffective|p2a: Cryogonal
|-damage|p2a: Cryogonal|11/100
|
|upkeep
|turn|22
|
|t:|1651849790
|move|p2a: Cryogonal|Recover|p2a: Cryogonal
|-heal|p2a: Cryogonal|61/100
|move|p1a: Ferroseed|Leech Seed|p2a: Cryogonal|[miss]
|-miss|p1a: Ferroseed|p2a: Cryogonal
|
|upkeep
|turn|23
|
|t:|1651849795
|switch|p2a: Perrserker|Perrserker, M|88/100
|move|p1a: Ferroseed|Leech Seed|p2a: Perrserker
|-start|p2a: Perrserker|move: Leech Seed
|
|-damage|p2a: Perrserker|75/100|[from] Leech Seed|[of] p1a: Ferroseed
|-heal|p1a: Ferroseed|75/100 par|[silent]
|upkeep
|turn|24
|
|t:|1651849798
|move|p1a: Ferroseed|Protect|p1a: Ferroseed
|-singleturn|p1a: Ferroseed|Protect
|move|p2a: Perrserker|Close Combat|p1a: Ferroseed
|-activate|p1a: Ferroseed|move: Protect
|
|-damage|p2a: Perrserker|63/100|[from] Leech Seed|[of] p1a: Ferroseed
|-heal|p1a: Ferroseed|90/100 par|[silent]
|upkeep
|turn|25
|inactive|acluh1 has 120 seconds left.
|
|t:|1651849837
|move|p2a: Perrserker|U-turn|p1a: Ferroseed
|-damage|p1a: Ferroseed|69/100 par
|-damage|p2a: Perrserker|50/100|[from] ability: Iron Barbs|[of] p1a: Ferroseed
|
|t:|1651849849
|switch|p2a: Sandaconda|Sandaconda, M|76/100|[from]move: U-turn
|move|p1a: Ferroseed|Spikes|p2a: Sandaconda
|-sidestart|p2: LOVE P SHOWDOWN|Spikes
|
|upkeep
|turn|26
|
|t:|1651849854
|move|p2a: Sandaconda|Earthquake|p1a: Ferroseed
|-damage|p1a: Ferroseed|38/100 par
|move|p1a: Ferroseed|Leech Seed|p2a: Sandaconda
|-start|p2a: Sandaconda|move: Leech Seed
|
|-damage|p2a: Sandaconda|63/100|[from] Leech Seed|[of] p1a: Ferroseed
|-heal|p1a: Ferroseed|53/100 par|[silent]
|upkeep
|turn|27
|
|t:|1651849861
|switch|p2a: Perrserker|Perrserker, M|50/100
|-damage|p2a: Perrserker|38/100|[from] Spikes
|move|p1a: Ferroseed|Protect||[still]
|-fail|p1a: Ferroseed
|
|upkeep
|turn|28
|
|t:|1651849866
|move|p2a: Perrserker|Close Combat|p1a: Ferroseed
|-supereffective|p1a: Ferroseed
|-damage|p1a: Ferroseed|0 fnt
|-unboost|p2a: Perrserker|def|1
|-unboost|p2a: Perrserker|spd|1
|-damage|p2a: Perrserker|25/100|[from] ability: Iron Barbs|[of] p1a: Ferroseed
|faint|p1a: Ferroseed
|
|upkeep
|
|t:|1651849870
|switch|p1a: Charizard|Charizard, M, shiny|12/100 par
|turn|29
|
|t:|1651849875
|switch|p2a: Golbat|Golbat, M|82/100
|cant|p1a: Charizard|par
|
|upkeep
|turn|30
|
|t:|1651849882
|move|p2a: Golbat|Brave Bird|p1a: Charizard
|-damage|p1a: Charizard|0 fnt
|faint|p1a: Charizard
|-damage|p2a: Golbat|78/100|[from] Recoil
|
|upkeep
|
|t:|1651849908
|switch|p1a: Gigalith|Gigalith, M, shiny|100/100
|-damage|p1a: Gigalith|88/100|[from] Stealth Rock
|-weather|Sandstorm|[from] ability: Sand Stream|[of] p1a: Gigalith
|turn|31
|
|t:|1651849923
|move|p2a: Golbat|Defog|p1a: Gigalith
|-unboost|p1a: Gigalith|evasion|1
|-sideend|p1: acluh1|Stealth Rock|[from] move: Defog|[of] p2a: Golbat
|-sideend|p2: LOVE P SHOWDOWN|Spikes|[from] move: Defog|[of] p2a: Golbat
|move|p1a: Gigalith|Rock Blast|p2a: Golbat
|-supereffective|p2a: Golbat
|-damage|p2a: Golbat|63/100
|-supereffective|p2a: Golbat
|-damage|p2a: Golbat|49/100
|-hitcount|p2a: Golbat|2
|
|-weather|Sandstorm|[upkeep]
|-damage|p2a: Golbat|42/100|[from] Sandstorm
|-heal|p1a: Gigalith|94/100|[from] item: Leftovers
|upkeep
|turn|32
|
|t:|1651849932
|move|p2a: Golbat|U-turn|p1a: Gigalith
|-damage|p1a: Gigalith|84/100
|
|t:|1651849937
|switch|p2a: Thwackey|Thwackey, F|100/100|[from]move: U-turn
|-fieldstart|move: Grassy Terrain|[from] ability: Grassy Surge|[of] p2a: Thwackey
|move|p1a: Gigalith|Rock Blast|p2a: Thwackey
|-damage|p2a: Thwackey|83/100
|-damage|p2a: Thwackey|66/100
|-damage|p2a: Thwackey|47/100
|-damage|p2a: Thwackey|28/100
|-damage|p2a: Thwackey|8/100
|-hitcount|p2a: Thwackey|5
|
|-weather|Sandstorm|[upkeep]
|-damage|p2a: Thwackey|2/100|[from] Sandstorm
|-heal|p2a: Thwackey|8/100|[from] Grassy Terrain
|-heal|p1a: Gigalith|91/100|[from] Grassy Terrain
|-heal|p1a: Gigalith|97/100|[from] item: Leftovers
|upkeep
|turn|33
|
|t:|1651849952
|switch|p1a: Togedemaru|Togedemaru, M|51/100
|move|p2a: Thwackey|Wood Hammer|p1a: Togedemaru
|-resisted|p1a: Togedemaru
|-damage|p1a: Togedemaru|0 fnt
|faint|p1a: Togedemaru
|-damage|p2a: Thwackey|0 fnt|[from] Recoil
|faint|p2a: Thwackey
|
|-weather|Sandstorm|[upkeep]
|upkeep
|inactive|acluh1 has 120 seconds left.
|inactive|acluh1 has 90 seconds left.
|
|t:|1651850013
|switch|p1a: Scrafty|Scrafty, M|47/100
|switch|p2a: Sandaconda|Sandaconda, M|63/100
|turn|34
|inactive|acluh1 has 90 seconds left.
|
|t:|1651850022
|move|p1a: Scrafty|Dragon Dance|p1a: Scrafty
|-boost|p1a: Scrafty|atk|1
|-boost|p1a: Scrafty|spe|1
|move|p2a: Sandaconda|Glare|p1a: Scrafty
|-status|p1a: Scrafty|par
|-enditem|p1a: Scrafty|Lum Berry|[eat]
|-curestatus|p1a: Scrafty|par|[msg]
|
|-weather|Sandstorm|[upkeep]
|-damage|p1a: Scrafty|41/100|[from] Sandstorm
|-heal|p1a: Scrafty|47/100|[from] Grassy Terrain
|-heal|p2a: Sandaconda|69/100|[from] Grassy Terrain
|upkeep
|turn|35
|
|t:|1651850027
|move|p1a: Scrafty|Close Combat|p2a: Sandaconda
|-crit|p2a: Sandaconda
|-damage|p2a: Sandaconda|0 fnt
|-unboost|p1a: Scrafty|def|1
|-unboost|p1a: Scrafty|spd|1
|-damage|p1a: Scrafty|30/100|[from] item: Rocky Helmet|[of] p2a: Sandaconda
|faint|p2a: Sandaconda
|-ability|p1a: Scrafty|Moxie|boost
|-boost|p1a: Scrafty|atk|1
|
|-weather|none
|-heal|p1a: Scrafty|36/100|[from] Grassy Terrain
|upkeep
|
|t:|1651850037
|switch|p2a: Golbat|Golbat, M|42/100
|turn|36
|
|t:|1651850042
|move|p1a: Scrafty|Knock Off|p2a: Golbat
|-damage|p2a: Golbat|0 fnt
|-enditem|p2a: Golbat|Eviolite|[from] move: Knock Off|[of] p1a: Scrafty
|faint|p2a: Golbat
|-ability|p1a: Scrafty|Moxie|boost
|-boost|p1a: Scrafty|atk|1
|
|-heal|p1a: Scrafty|42/100|[from] Grassy Terrain
|-fieldend|move: Grassy Terrain
|upkeep
|c|☆LOVE P SHOWDOWN|baise ta mère
|-message|LOVE P SHOWDOWN forfeited.
|
|win|acluh1
|raw|acluh1's rating: 1310 &rarr; <strong>1321</strong><br />(+11 for winning)
|raw|LOVE P SHOWDOWN's rating: 1145 &rarr; <strong>1131</strong><br />(-14 for losing)
|l|☆LOVE P SHOWDOWN
||Ladder isn't responding, score probably updated but might not have (Request timeout).
|l|☆acluh1
|j|☆acluh1
|player|p1|acluh1|1
