|j|☆The Rarest Pepes
|j|☆AlomomolaForOU
|t:|1649159876
|gametype|singles
|player|p1|The Rarest Pepes|265|1257
|player|p2|AlomomolaForOU|colress|1417
|teamsize|p1|6
|teamsize|p2|6
|gen|8
|tier|[Gen 8] PU
|rated|
|rule|Sleep Clause Mod: Limit one foe put to sleep
|rule|Species Clause: Limit one of each Pokémon
|rule|OHKO Clause: OHKO moves are banned
|rule|Evasion Moves Clause: Evasion moves are banned
|rule|Endless Battle Clause: Forcing endless battles is banned
|rule|HP Percentage Mod: HP is shown in percentages
|rule|Dynamax Clause: You cannot dynamax
|clearpoke
|poke|p1|Charizard, F|
|poke|p1|Silvally-*|
|poke|p1|Hitmonlee, M|
|poke|p1|Quagsire, F|
|poke|p1|Frosmoth, M|
|poke|p1|Wishiwashi, F|
|poke|p2|Thwackey, M|
|poke|p2|Swoobat, F|
|poke|p2|Ribombee, M|
|poke|p2|Hitmonlee, M|
|poke|p2|Silvally-*|
|poke|p2|Kabutops, F|
|teampreview
|inactive|Battle timer is ON: inactive players will automatically lose when time's up. (requested by AlomomolaForOU)
|
|t:|1649159905
|start
|switch|p1a: Charizard|Charizard, F, shiny|100/100
|switch|p2a: Ribombee|Ribombee, M|100/100
|turn|1
|
|t:|1649159910
|move|p2a: Ribombee|Stun Spore|p1a: Charizard
|-status|p1a: Charizard|par
|cant|p1a: Charizard|par
|
|upkeep
|turn|2
|
|t:|1649159914
|move|p2a: Ribombee|Sticky Web|p1a: Charizard
|-sidestart|p1: The Rarest Pepes|move: Sticky Web
|cant|p1a: Charizard|par
|
|upkeep
|turn|3
|
|t:|1649159917
|move|p2a: Ribombee|Safeguard|p2a: Ribombee
|-sidestart|p2: AlomomolaForOU|Safeguard
|move|p1a: Charizard|Defog|p2a: Ribombee
|-unboost|p2a: Ribombee|evasion|1
|-sideend|p2: AlomomolaForOU|Safeguard
|-sideend|p1: The Rarest Pepes|Sticky Web|[from] move: Defog|[of] p1a: Charizard
|
|upkeep
|turn|4
|
|t:|1649159922
|move|p2a: Ribombee|Sticky Web|p1a: Charizard
|-sidestart|p1: The Rarest Pepes|move: Sticky Web
|move|p1a: Charizard|Fire Blast|p2a: Ribombee
|-supereffective|p2a: Ribombee
|-enditem|p2a: Ribombee|Focus Sash
|-damage|p2a: Ribombee|1/100
|
|upkeep
|turn|5
|
|t:|1649159926
|move|p2a: Ribombee|Moonblast|p1a: Charizard
|-resisted|p1a: Charizard
|-damage|p1a: Charizard|73/100 par
|move|p1a: Charizard|Defog|p2a: Ribombee
|-unboost|p2a: Ribombee|evasion|1
|-sideend|p1: The Rarest Pepes|Sticky Web|[from] move: Defog|[of] p1a: Charizard
|
|upkeep
|turn|6
|
|t:|1649159937
|move|p2a: Ribombee|Sticky Web|p1a: Charizard
|-sidestart|p1: The Rarest Pepes|move: Sticky Web
|move|p1a: Charizard|Fire Blast|p2a: Ribombee
|-supereffective|p2a: Ribombee
|-damage|p2a: Ribombee|0 fnt
|faint|p2a: Ribombee
|
|upkeep
|
|t:|1649159941
|switch|p2a: Kabutops|Kabutops, F|100/100
|turn|7
|
|t:|1649159944
|switch|p1a: Quagmire|Quagsire, F|100/100
|-activate|p1a: Quagmire|move: Sticky Web
|-unboost|p1a: Quagmire|spe|1
|move|p2a: Kabutops|Liquidation|p1a: Quagmire
|-damage|p1a: Quagmire|67/100
|-unboost|p1a: Quagmire|def|1
|
|-heal|p1a: Quagmire|73/100|[from] item: Leftovers
|upkeep
|turn|8
|
|t:|1649159952
|switch|p2a: Thwackey|Thwackey, M|100/100
|-fieldstart|move: Grassy Terrain|[from] ability: Grassy Surge|[of] p2a: Thwackey
|switch|p1a: SquadGoals|Wishiwashi, F|100/100
|-activate|p1a: SquadGoals|move: Sticky Web
|-unboost|p1a: SquadGoals|spe|1
|-formechange|p1a: SquadGoals|Wishiwashi-School||[from] ability: Schooling
|
|upkeep
|turn|9
|
|t:|1649159957
|switch|p1a: Charizard|Charizard, F, shiny|73/100 par
|move|p2a: Thwackey|U-turn|p1a: Charizard
|-resisted|p1a: Charizard
|-damage|p1a: Charizard|66/100 par
|j| ProfSimonov
|
|t:|1649159972
|switch|p2a: Swoobat|Swoobat, F|100/100|[from]move: U-turn
|-enditem|p2a: Swoobat|Grassy Seed
|-boost|p2a: Swoobat|def|2|[from] item: Grassy Seed
|
|upkeep
|turn|10
|
|t:|1649159985
|move|p2a: Swoobat|Substitute|p2a: Swoobat
|-start|p2a: Swoobat|Substitute
|-damage|p2a: Swoobat|76/100
|move|p1a: Charizard|Hurricane|p2a: Swoobat|[miss]
|-miss|p1a: Charizard|p2a: Swoobat
|
|upkeep
|turn|11
|
|t:|1649159988
|move|p2a: Swoobat|Calm Mind|p2a: Swoobat
|-boost|p2a: Swoobat|spa|2
|-boost|p2a: Swoobat|spd|2
|move|p1a: Charizard|Fire Blast|p2a: Swoobat
|-crit|p2a: Swoobat
|-end|p2a: Swoobat|Substitute
|
|upkeep
|turn|12
|
|t:|1649159997
|move|p2a: Swoobat|Stored Power|p1a: Charizard
|-damage|p1a: Charizard|0 fnt
|faint|p1a: Charizard
|
|-fieldend|move: Grassy Terrain
|upkeep
|
|t:|1649160022
|switch|p1a: Frosmoth|Frosmoth, M|100/100
|turn|13
|
|t:|1649160024
|move|p2a: Swoobat|Heat Wave|p1a: Frosmoth
|-supereffective|p1a: Frosmoth
|-damage|p1a: Frosmoth|0 fnt
|faint|p1a: Frosmoth
|
|upkeep
|
|t:|1649160027
|switch|p1a: ChickenLeg|Hitmonlee, M, shiny|100/100
|-activate|p1a: ChickenLeg|move: Sticky Web
|-unboost|p1a: ChickenLeg|spe|1
|-enditem|p1a: ChickenLeg|White Herb
|-clearnegativeboost|p1a: ChickenLeg|[silent]
|turn|14
|l| ProfSimonov
|
|t:|1649160032
|move|p1a: ChickenLeg|Knock Off|p2a: Swoobat
|-supereffective|p2a: Swoobat
|-damage|p2a: Swoobat|26/100
|move|p2a: Swoobat|Stored Power|p1a: ChickenLeg
|-supereffective|p1a: ChickenLeg
|-damage|p1a: ChickenLeg|0 fnt
|faint|p1a: ChickenLeg
|
|upkeep
|-message|The Rarest Pepes forfeited.
|
|win|AlomomolaForOU
|raw|The Rarest Pepes's rating: 1257 &rarr; <strong>1243</strong><br />(-14 for losing)
|raw|AlomomolaForOU's rating: 1417 &rarr; <strong>1428</strong><br />(+11 for winning)
|l|☆The Rarest Pepes
||Ladder isn't responding, score probably updated but might not have (Request timeout).
