|j|☆GammaGoGamma
|j|☆cielau origine ♫
|inactive|Battle timer is ON: inactive players will automatically lose when time's up.
|t:|1666430276
|gametype|singles
|player|p1|GammaGoGamma|burglar|
|player|p2|cielau origine ♫|nate|
|teamsize|p1|6
|teamsize|p2|6
|gen|8
|tier|[Gen 8] PU
|rated|Tournament battle
|rule|Sleep Clause Mod: Limit one foe put to sleep
|rule|Species Clause: Limit one of each Pokémon
|rule|OHKO Clause: OHKO moves are banned
|rule|Evasion Items Clause: Evasion items are banned
|rule|Evasion Moves Clause: Evasion moves are banned
|rule|Endless Battle Clause: Forcing endless battles is banned
|rule|HP Percentage Mod: HP is shown in percentages
|rule|Dynamax Clause: You cannot dynamax
|clearpoke
|poke|p1|Frosmoth, F|
|poke|p1|Charizard, M|
|poke|p1|Sandaconda, F|
|poke|p1|Lycanroc, F|
|poke|p1|Whimsicott, M|
|poke|p1|Wishiwashi, M|
|poke|p2|Jellicent, M|
|poke|p2|Hattrem, F|
|poke|p2|Togedemaru, F|
|poke|p2|Whimsicott, M|
|poke|p2|Regirock|
|poke|p2|Charizard, M|
|teampreview
|j|*Lady Monita ☽
|c|☆cielau origine ♫|hf
|
|t:|1666430293
|start
|switch|p1a: Wishiwashi|Wishiwashi, M|100/100
|switch|p2a: Regirock|Regirock|100/100
|-formechange|p1a: Wishiwashi|Wishiwashi-School||[from] ability: Schooling
|turn|1
|
|t:|1666430297
|switch|p2a: Jellicent|Jellicent, M|100/100
|move|p1a: Wishiwashi|Scald|p2a: Jellicent
|-immune|p2a: Jellicent|[from] ability: Water Absorb
|
|upkeep
|turn|2
|
|t:|1666430301
|move|p1a: Wishiwashi|Protect|p1a: Wishiwashi
|-singleturn|p1a: Wishiwashi|Protect
|move|p2a: Jellicent|Shadow Ball|p1a: Wishiwashi
|-activate|p1a: Wishiwashi|move: Protect
|
|upkeep
|turn|3
|
|t:|1666430308
|move|p2a: Jellicent|Shadow Ball|p1a: Wishiwashi
|-damage|p1a: Wishiwashi|65/100
|-unboost|p1a: Wishiwashi|spd|1
|move|p1a: Wishiwashi|Toxic|p2a: Jellicent
|-status|p2a: Jellicent|tox
|
|-heal|p1a: Wishiwashi|72/100|[from] item: Leftovers
|-damage|p2a: Jellicent|94/100 tox|[from] psn
|upkeep
|turn|4
|
|t:|1666430317
|switch|p2a: Whimsicott|Whimsicott, M|100/100
|move|p1a: Wishiwashi|Protect||[still]
|-fail|p1a: Wishiwashi
|
|-heal|p1a: Wishiwashi|78/100|[from] item: Leftovers
|upkeep
|turn|5
|
|t:|1666430320
|switch|p1a: Charizard|Charizard, M, shiny|100/100
|move|p2a: Whimsicott|Knock Off|p1a: Charizard
|-damage|p1a: Charizard|81/100
|-enditem|p1a: Charizard|Heavy-Duty Boots|[from] move: Knock Off|[of] p2a: Whimsicott
|
|upkeep
|turn|6
|
|t:|1666430327
|switch|p1a: Sandaconda|Sandaconda, F|100/100
|move|p2a: Whimsicott|U-turn|p1a: Sandaconda
|-damage|p1a: Sandaconda|93/100
|-damage|p2a: Whimsicott|84/100|[from] item: Rocky Helmet|[of] p1a: Sandaconda
|
|t:|1666430331
|switch|p2a: Jellicent|Jellicent, M|94/100 tox|[from]move: U-turn
|
|-damage|p2a: Jellicent|88/100 tox|[from] psn
|upkeep
|turn|7
|
|t:|1666430341
|switch|p1a: Wishiwashi|Wishiwashi, M|78/100
|-formechange|p1a: Wishiwashi|Wishiwashi-School||[from] ability: Schooling
|move|p2a: Jellicent|Shadow Ball|p1a: Wishiwashi
|-damage|p1a: Wishiwashi|45/100
|
|-heal|p1a: Wishiwashi|51/100|[from] item: Leftovers
|-damage|p2a: Jellicent|76/100 tox|[from] psn
|upkeep
|turn|8
|
|t:|1666430349
|switch|p2a: Whimsicott|Whimsicott, M|84/100
|move|p1a: Wishiwashi|U-turn|p2a: Whimsicott
|-damage|p2a: Whimsicott|56/100
|
|t:|1666430365
|switch|p1a: Whimsicott|Whimsicott, M, shiny|100/100|[from]move: U-turn
|
|upkeep
|turn|9
|
|t:|1666430371
|switch|p2a: Togedemaru|Togedemaru, F|100/100
|move|p1a: Whimsicott|Moonblast|p2a: Togedemaru
|-resisted|p2a: Togedemaru
|-damage|p2a: Togedemaru|74/100
|
|-heal|p2a: Togedemaru|80/100|[from] item: Leftovers
|upkeep
|turn|10
|
|t:|1666430378
|switch|p1a: Sandaconda|Sandaconda, F|93/100
|move|p2a: Togedemaru|U-turn|p1a: Sandaconda
|-damage|p1a: Sandaconda|83/100
|-damage|p2a: Togedemaru|64/100|[from] item: Rocky Helmet|[of] p1a: Sandaconda
|
|t:|1666430384
|switch|p2a: Whimsicott|Whimsicott, M|56/100|[from]move: U-turn
|
|upkeep
|turn|11
|
|t:|1666430388
|move|p2a: Whimsicott|Giga Drain|p1a: Sandaconda
|-supereffective|p1a: Sandaconda
|-damage|p1a: Sandaconda|14/100
|-heal|p2a: Whimsicott|100/100|[from] drain|[of] p1a: Sandaconda
|move|p1a: Sandaconda|Stealth Rock|p2a: Whimsicott
|-sidestart|p2: cielau origine ♫|move: Stealth Rock
|
|upkeep
|turn|12
|
|t:|1666430398
|switch|p1a: Charizard|Charizard, M, shiny|81/100
|move|p2a: Whimsicott|Giga Drain|p1a: Charizard
|-resisted|p1a: Charizard
|-damage|p1a: Charizard|71/100
|
|upkeep
|turn|13
|
|t:|1666430402
|move|p2a: Whimsicott|U-turn|p1a: Charizard
|-resisted|p1a: Charizard
|-damage|p1a: Charizard|68/100
|
|t:|1666430404
|switch|p2a: Regirock|Regirock|100/100|[from]move: U-turn
|-damage|p2a: Regirock|88/100|[from] Stealth Rock
|move|p1a: Charizard|Fire Blast|p2a: Regirock
|-resisted|p2a: Regirock
|-damage|p2a: Regirock|61/100
|-status|p2a: Regirock|brn
|
|-heal|p2a: Regirock|67/100 brn|[from] item: Leftovers
|-damage|p2a: Regirock|61/100 brn|[from] brn
|upkeep
|turn|14
|
|t:|1666430409
|switch|p1a: Sandaconda|Sandaconda, F|14/100
|move|p2a: Regirock|Stealth Rock|p1a: Sandaconda
|-sidestart|p1: GammaGoGamma|move: Stealth Rock
|
|-heal|p2a: Regirock|67/100 brn|[from] item: Leftovers
|-damage|p2a: Regirock|61/100 brn|[from] brn
|upkeep
|turn|15
|
|t:|1666430412
|switch|p2a: Whimsicott|Whimsicott, M|100/100
|move|p1a: Sandaconda|Rest|p1a: Sandaconda
|-status|p1a: Sandaconda|slp|[from] move: Rest
|-heal|p1a: Sandaconda|100/100 slp|[silent]
|
|upkeep
|turn|16
|
|t:|1666430419
|switch|p1a: Whimsicott|Whimsicott, M, shiny|100/100
|-damage|p1a: Whimsicott|88/100|[from] Stealth Rock
|move|p2a: Whimsicott|Giga Drain|p1a: Whimsicott
|-resisted|p1a: Whimsicott
|-damage|p1a: Whimsicott|63/100
|
|upkeep
|turn|17
|
|t:|1666430428
|switch|p2a: Togedemaru|Togedemaru, F|64/100
|-damage|p2a: Togedemaru|58/100|[from] Stealth Rock
|move|p1a: Whimsicott|Switcheroo|p2a: Togedemaru
|-activate|p1a: Whimsicott|move: Trick|[of] p2a: Togedemaru
|-item|p2a: Togedemaru|Choice Specs|[from] move: Switcheroo
|-item|p1a: Whimsicott|Leftovers|[from] move: Switcheroo
|
|-heal|p1a: Whimsicott|69/100|[from] item: Leftovers
|upkeep
|turn|18
|
|t:|1666430432
|move|p1a: Whimsicott|U-turn|p2a: Togedemaru
|-resisted|p2a: Togedemaru
|-damage|p2a: Togedemaru|50/100
|
|t:|1666430434
|switch|p1a: Sandaconda|Sandaconda, F|100/100 slp|[from]move: U-turn
|-damage|p1a: Sandaconda|94/100 slp|[from] Stealth Rock
|move|p2a: Togedemaru|Iron Head|p1a: Sandaconda
|-damage|p1a: Sandaconda|76/100 slp
|-damage|p2a: Togedemaru|34/100|[from] item: Rocky Helmet|[of] p1a: Sandaconda
|
|-activate|p1a: Sandaconda|ability: Shed Skin
|-curestatus|p1a: Sandaconda|slp|[msg]
|upkeep
|turn|19
|
|t:|1666430439
|switch|p2a: Whimsicott|Whimsicott, M|100/100
|move|p1a: Sandaconda|Glare|p2a: Whimsicott
|-status|p2a: Whimsicott|par
|
|upkeep
|turn|20
|
|t:|1666430448
|switch|p1a: Whimsicott|Whimsicott, M, shiny|69/100
|-damage|p1a: Whimsicott|57/100|[from] Stealth Rock
|move|p2a: Whimsicott|Giga Drain|p1a: Whimsicott
|-resisted|p1a: Whimsicott
|-damage|p1a: Whimsicott|35/100
|
|-heal|p1a: Whimsicott|41/100|[from] item: Leftovers
|upkeep
|turn|21
|
|t:|1666430453
|move|p1a: Whimsicott|Moonblast|p2a: Whimsicott
|-damage|p2a: Whimsicott|45/100 par
|cant|p2a: Whimsicott|par
|
|-heal|p1a: Whimsicott|48/100|[from] item: Leftovers
|upkeep
|turn|22
|
|t:|1666430461
|switch|p2a: Togedemaru|Togedemaru, F|34/100
|-damage|p2a: Togedemaru|28/100|[from] Stealth Rock
|move|p1a: Whimsicott|U-turn|p2a: Togedemaru
|-resisted|p2a: Togedemaru
|-damage|p2a: Togedemaru|21/100
|
|t:|1666430482
|switch|p1a: Sandaconda|Sandaconda, F|76/100|[from]move: U-turn
|-damage|p1a: Sandaconda|70/100|[from] Stealth Rock
|
|upkeep
|turn|23
|
|t:|1666430489
|move|p2a: Togedemaru|Wish|p2a: Togedemaru
|move|p1a: Sandaconda|Rest|p1a: Sandaconda
|-status|p1a: Sandaconda|slp|[from] move: Rest
|-heal|p1a: Sandaconda|100/100 slp|[silent]
|
|-activate|p1a: Sandaconda|ability: Shed Skin
|-curestatus|p1a: Sandaconda|slp|[msg]
|upkeep
|turn|24
|
|t:|1666430493
|switch|p2a: Whimsicott|Whimsicott, M|45/100 par
|move|p1a: Sandaconda|Earthquake|p2a: Whimsicott
|-resisted|p2a: Whimsicott
|-damage|p2a: Whimsicott|20/100 par
|
|-heal|p2a: Whimsicott|84/100 par|[from] move: Wish|[wisher] Togedemaru
|upkeep
|turn|25
|
|t:|1666430498
|switch|p1a: Whimsicott|Whimsicott, M, shiny|48/100
|-damage|p1a: Whimsicott|35/100|[from] Stealth Rock
|move|p2a: Whimsicott|U-turn|p1a: Whimsicott
|-damage|p1a: Whimsicott|19/100
|
|t:|1666430514
|switch|p2a: Charizard|Charizard, M|100/100|[from]move: U-turn
|
|-heal|p1a: Whimsicott|25/100|[from] item: Leftovers
|upkeep
|turn|26
|
|t:|1666430520
|move|p1a: Whimsicott|Moonblast|p2a: Charizard
|-resisted|p2a: Charizard
|-damage|p2a: Charizard|78/100
|move|p2a: Charizard|Flamethrower|p1a: Whimsicott
|-supereffective|p1a: Whimsicott
|-damage|p1a: Whimsicott|0 fnt
|faint|p1a: Whimsicott
|
|upkeep
|
|t:|1666430524
|switch|p1a: Lycanroc|Lycanroc, F|100/100
|-damage|p1a: Lycanroc|88/100|[from] Stealth Rock
|turn|27
|
|t:|1666430529
|switch|p2a: Regirock|Regirock|61/100 brn
|-damage|p2a: Regirock|49/100 brn|[from] Stealth Rock
|move|p1a: Lycanroc|Stone Edge|p2a: Regirock
|-damage|p2a: Regirock|21/100 brn
|-damage|p1a: Lycanroc|78/100|[from] item: Life Orb
|
|-heal|p2a: Regirock|27/100 brn|[from] item: Leftovers
|-damage|p2a: Regirock|21/100 brn|[from] brn
|upkeep
|turn|28
|
|t:|1666430533
|move|p1a: Lycanroc|Close Combat|p2a: Regirock
|-supereffective|p2a: Regirock
|-damage|p2a: Regirock|0 fnt
|-unboost|p1a: Lycanroc|def|1
|-unboost|p1a: Lycanroc|spd|1
|faint|p2a: Regirock
|-damage|p1a: Lycanroc|68/100|[from] item: Life Orb
|
|upkeep
|
|t:|1666430539
|switch|p2a: Hattrem|Hattrem, F|100/100
|-damage|p2a: Hattrem|88/100|[from] Stealth Rock
|turn|29
|
|t:|1666430550
|switch|p1a: Wishiwashi|Wishiwashi, M|51/100
|-damage|p1a: Wishiwashi|39/100|[from] Stealth Rock
|-formechange|p1a: Wishiwashi|Wishiwashi-School||[from] ability: Schooling
|move|p2a: Hattrem|Psychic|p1a: Wishiwashi
|-damage|p1a: Wishiwashi|19/100
|
|-heal|p1a: Wishiwashi|25/100|[from] item: Leftovers
|-formechange|p1a: Wishiwashi|Wishiwashi||[from] ability: Schooling
|upkeep
|turn|30
|
|t:|1666430563
|move|p1a: Wishiwashi|Protect|p1a: Wishiwashi
|-singleturn|p1a: Wishiwashi|Protect
|move|p2a: Hattrem|Psychic|p1a: Wishiwashi
|-activate|p1a: Wishiwashi|move: Protect
|
|-heal|p1a: Wishiwashi|31/100|[from] item: Leftovers
|-formechange|p1a: Wishiwashi|Wishiwashi-School||[from] ability: Schooling
|upkeep
|turn|31
|
|t:|1666430567
|move|p2a: Hattrem|Psychic|p1a: Wishiwashi
|-damage|p1a: Wishiwashi|13/100
|move|p1a: Wishiwashi|U-turn|p2a: Hattrem
|-supereffective|p2a: Hattrem
|-damage|p2a: Hattrem|59/100
|
|t:|1666430571
|switch|p1a: Frosmoth|Frosmoth, F|100/100|[from]move: U-turn
|
|upkeep
|turn|32
|
|t:|1666430574
|move|p1a: Frosmoth|Substitute|p1a: Frosmoth
|-start|p1a: Frosmoth|Substitute
|-damage|p1a: Frosmoth|76/100
|move|p2a: Hattrem|Mystical Fire|p1a: Frosmoth
|-supereffective|p1a: Frosmoth
|-end|p1a: Frosmoth|Substitute
|
|upkeep
|turn|33
|
|t:|1666430593
|switch|p1a: Sandaconda|Sandaconda, F|100/100
|-damage|p1a: Sandaconda|94/100|[from] Stealth Rock
|switch|p2a: Charizard|Charizard, M|78/100
|
|upkeep
|turn|34
|
|t:|1666430600
|switch|p2a: Whimsicott|Whimsicott, M|84/100 par
|move|p1a: Sandaconda|Glare|p2a: Whimsicott
|-fail|p2a: Whimsicott|par
|
|upkeep
|turn|35
|
|t:|1666430605
|switch|p1a: Charizard|Charizard, M, shiny|68/100
|-damage|p1a: Charizard|18/100|[from] Stealth Rock
|cant|p2a: Whimsicott|par
|
|upkeep
|turn|36
|
|t:|1666430613
|switch|p2a: Togedemaru|Togedemaru, F|21/100
|-damage|p2a: Togedemaru|15/100|[from] Stealth Rock
|move|p1a: Charizard|Roost|p1a: Charizard
|-heal|p1a: Charizard|68/100
|-singleturn|p1a: Charizard|move: Roost
|
|upkeep
|turn|37
|
|t:|1666430617
|move|p1a: Charizard|Fire Blast|p2a: Togedemaru
|-supereffective|p2a: Togedemaru
|-damage|p2a: Togedemaru|0 fnt
|faint|p2a: Togedemaru
|
|upkeep
|
|t:|1666430622
|switch|p2a: Jellicent|Jellicent, M|76/100 tox
|-damage|p2a: Jellicent|64/100 tox|[from] Stealth Rock
|turn|38
|
|t:|1666430633
|switch|p1a: Wishiwashi|Wishiwashi, M|13/100
|-damage|p1a: Wishiwashi|1/100|[from] Stealth Rock
|move|p2a: Jellicent|Surf|p1a: Wishiwashi
|-resisted|p1a: Wishiwashi
|-damage|p1a: Wishiwashi|0 fnt
|faint|p1a: Wishiwashi
|
|-damage|p2a: Jellicent|57/100 tox|[from] psn
|upkeep
|
|t:|1666430636
|switch|p1a: Frosmoth|Frosmoth, F|76/100
|turn|39
|
|t:|1666430639
|switch|p2a: Charizard|Charizard, M|78/100
|move|p1a: Frosmoth|Quiver Dance|p1a: Frosmoth
|-boost|p1a: Frosmoth|spa|1
|-boost|p1a: Frosmoth|spd|1
|-boost|p1a: Frosmoth|spe|1
|
|upkeep
|turn|40
|
|t:|1666430644
|move|p1a: Frosmoth|Ice Beam|p2a: Charizard
|-damage|p2a: Charizard|0 fnt
|faint|p2a: Charizard
|
|upkeep
|-message|cielau origine ♫ forfeited.
|
|win|GammaGoGamma
|n|☆GammaGoGamma|gammagogamma
|n|☆cielau origine ♫|cielauorigine
|n|*Lady Monita ☽|ladymonita
|l|*Lady Monita ☽
|l|☆cielau origine ♫
