|j|☆Interpretations
|j|☆S rank talonflame
|player|p1|Interpretations|197|1166
|player|p2|S rank talonflame|plasmagrunt|1251
|teamsize|p1|6
|teamsize|p2|6
|gametype|singles
|gen|8
|tier|[Gen 8] PU
|rated|
|clearpoke
|poke|p1|Silvally-*|
|poke|p1|Beheeyem, F|
|poke|p1|Throh, M|
|poke|p1|Dusknoir, F|
|poke|p1|Glalie, F|
|poke|p1|Carkol, M|
|poke|p2|Liepard, F|
|poke|p2|Pyukumuku, F|
|poke|p2|Beheeyem, M|
|poke|p2|Silvally-*|
|poke|p2|Mawile, F|
|poke|p2|Pikachu, F|
|rule|Sleep Clause Mod: Limit one foe put to sleep
|rule|Species Clause: Limit one of each Pokémon
|rule|OHKO Clause: OHKO moves are banned
|rule|Evasion Moves Clause: Evasion moves are banned
|rule|Endless Battle Clause: Forcing endless battles is banned
|rule|HP Percentage Mod: HP is shown in percentages
|rule|Dynamax Clause: You cannot dynamax
|teampreview
|
|start
|switch|p1a: Carkol|Carkol, M|100/100
|switch|p2a: Silvally|Silvally-Dragon|100/100
|turn|1
|
|move|p2a: Silvally|Surf|p1a: Carkol
|-supereffective|p1a: Carkol
|-crit|p1a: Carkol
|-damage|p1a: Carkol|9/100
|move|p1a: Carkol|Stealth Rock|p2a: Silvally
|-sidestart|p2: S rank talonflame|move: Stealth Rock
|
|upkeep
|turn|2
|
|move|p2a: Silvally|Defog|p1a: Carkol
|-unboost|p1a: Carkol|evasion|1
|-sideend|p2: S rank talonflame|Stealth Rock|[from] move: Defog|[of] p2a: Silvally
|move|p1a: Carkol|Rock Blast|p2a: Silvally
|-damage|p2a: Silvally|94/100
|-damage|p2a: Silvally|88/100
|-damage|p2a: Silvally|81/100
|-hitcount|p2a: Silvally|3
|
|upkeep
|turn|3
|
|move|p2a: Silvally|Surf|p1a: Carkol
|-supereffective|p1a: Carkol
|-damage|p1a: Carkol|0 fnt
|faint|p1a: Carkol
|
|upkeep
|
|switch|p1a: Glalie|Glalie, F|100/100
|turn|4
|
|switch|p2a: Mawile|Mawile, F|100/100
|-ability|p2a: Mawile|Intimidate|boost
|-immune|p1a: Glalie|[from] ability: Inner Focus
|move|p1a: Glalie|Spikes|p2a: Mawile
|-sidestart|p2: S rank talonflame|Spikes
|
|upkeep
|turn|5
|j| Sweatyspaghetti
|
|move|p1a: Glalie|Spikes|p2a: Mawile
|-sidestart|p2: S rank talonflame|Spikes
|move|p2a: Mawile|Iron Head|p1a: Glalie
|-supereffective|p1a: Glalie
|-damage|p1a: Glalie|32/100
|
|upkeep
|turn|6
|
|switch|p1a: Throh|Throh, M|100/100
|-ability|p1a: Throh|Mold Breaker
|move|p2a: Mawile|Stealth Rock|p1a: Throh
|-sidestart|p1: Interpretations|move: Stealth Rock
|
|upkeep
|turn|7
|
|move|p2a: Mawile|Seismic Toss|p1a: Throh
|-damage|p1a: Throh|78/100
|move|p1a: Throh|Bulk Up|p1a: Throh
|-boost|p1a: Throh|atk|1
|-boost|p1a: Throh|def|1
|
|-heal|p1a: Throh|84/100|[from] item: Leftovers
|upkeep
|turn|8
|
|switch|p2a: Pyukumuku|Pyukumuku, F|100/100
|-damage|p2a: Pyukumuku|84/100|[from] Spikes
|move|p1a: Throh|Earthquake|p2a: Pyukumuku
|-damage|p2a: Pyukumuku|52/100
|
|-heal|p1a: Throh|90/100|[from] item: Leftovers
|-heal|p2a: Pyukumuku|58/100|[from] item: Leftovers
|upkeep
|turn|9
|
|move|p1a: Throh|Knock Off|p2a: Pyukumuku
|-damage|p2a: Pyukumuku|31/100
|-enditem|p2a: Pyukumuku|Leftovers|[from] move: Knock Off|[of] p1a: Throh
|move|p2a: Pyukumuku|Soak|p1a: Throh
|-start|p1a: Throh|typechange|Water
|
|-heal|p1a: Throh|96/100|[from] item: Leftovers
|upkeep
|turn|10
|
|switch|p1a: Silvally|Silvally-Poison|100/100
|-damage|p1a: Silvally|88/100|[from] Stealth Rock
|move|p2a: Pyukumuku|Recover|p2a: Pyukumuku
|-heal|p2a: Pyukumuku|81/100
|
|upkeep
|turn|11
|
|switch|p2a: Mawile|Mawile, F|100/100
|-damage|p2a: Mawile|84/100|[from] Spikes
|-ability|p2a: Mawile|Intimidate|boost
|-unboost|p1a: Silvally|atk|1
|move|p1a: Silvally|Toxic|p2a: Mawile
|-immune|p2a: Mawile
|
|-heal|p2a: Mawile|90/100|[from] item: Leftovers
|upkeep
|turn|12
|
|switch|p2a: Silvally|Silvally-Dragon|81/100
|-damage|p2a: Silvally|64/100|[from] Spikes
|move|p1a: Silvally|Fire Fang|p2a: Silvally
|-resisted|p2a: Silvally
|-damage|p2a: Silvally|59/100
|
|upkeep
|turn|13
|
|move|p2a: Silvally|Defog|p1a: Silvally
|-unboost|p1a: Silvally|evasion|1
|-sideend|p1: Interpretations|Stealth Rock|[from] move: Defog|[of] p2a: Silvally
|-sideend|p2: S rank talonflame|Spikes|[from] move: Defog|[of] p2a: Silvally
|move|p1a: Silvally|Toxic|p2a: Silvally
|-status|p2a: Silvally|tox
|
|-damage|p2a: Silvally|53/100 tox|[from] psn
|upkeep
|turn|14
|
|move|p2a: Silvally|Parting Shot|p1a: Silvally
|-unboost|p1a: Silvally|atk|1
|-unboost|p1a: Silvally|spa|1
|
|switch|p2a: Beheeyem|Beheeyem, M|100/100|[from]move: Parting Shot
|move|p1a: Silvally|Fire Fang|p2a: Beheeyem
|-damage|p2a: Beheeyem|91/100
|
|upkeep
|turn|15
|
|move|p1a: Silvally|Toxic|p2a: Beheeyem
|-status|p2a: Beheeyem|tox
|move|p2a: Beheeyem|Future Sight|p1a: Silvally
|-start|p2a: Beheeyem|move: Future Sight
|
|-damage|p2a: Beheeyem|85/100 tox|[from] psn
|upkeep
|turn|16
|
|switch|p1a: Beheeyem|Beheeyem, F|100/100
|move|p2a: Beheeyem|Psychic|p1a: Beheeyem
|-resisted|p1a: Beheeyem
|-damage|p1a: Beheeyem|60/100
|-damage|p2a: Beheeyem|75/100 tox|[from] item: Life Orb
|
|-heal|p1a: Beheeyem|67/100|[from] item: Leftovers
|-damage|p2a: Beheeyem|63/100 tox|[from] psn
|upkeep
|turn|17
|
|move|p1a: Beheeyem|Shadow Ball|p2a: Beheeyem
|-supereffective|p2a: Beheeyem
|-damage|p2a: Beheeyem|0 fnt
|faint|p2a: Beheeyem
|
|-end|p1a: Beheeyem|move: Future Sight
|-resisted|p1a: Beheeyem
|-damage|p1a: Beheeyem|36/100
|-heal|p1a: Beheeyem|42/100|[from] item: Leftovers
|upkeep
|
|switch|p2a: Liepard|Liepard, F|100/100
|turn|18
|
|switch|p1a: Throh|Throh, M|96/100
|-ability|p1a: Throh|Mold Breaker
|move|p2a: Liepard|U-turn|p1a: Throh
|-resisted|p1a: Throh
|-damage|p1a: Throh|85/100
|
|switch|p2a: Pyukumuku|Pyukumuku, F|81/100|[from]move: U-turn
|
|-heal|p1a: Throh|91/100|[from] item: Leftovers
|upkeep
|turn|19
|
|switch|p1a: Silvally|Silvally-Poison|88/100
|move|p2a: Pyukumuku|Block|p1a: Silvally
|-activate|p1a: Silvally|trapped
|
|upkeep
|turn|20
|
|switch|p2a: Mawile|Mawile, F|90/100
|-ability|p2a: Mawile|Intimidate|boost
|-unboost|p1a: Silvally|atk|1
|move|p1a: Silvally|Fire Fang|p2a: Mawile|[miss]
|-miss|p1a: Silvally|p2a: Mawile
|
|-heal|p2a: Mawile|97/100|[from] item: Leftovers
|upkeep
|turn|21
|
|move|p1a: Silvally|Fire Fang|p2a: Mawile
|-supereffective|p2a: Mawile
|-damage|p2a: Mawile|72/100
|-status|p2a: Mawile|brn
|move|p2a: Mawile|Stealth Rock|p1a: Silvally
|-sidestart|p1: Interpretations|move: Stealth Rock
|
|-heal|p2a: Mawile|78/100 brn|[from] item: Leftovers
|-damage|p2a: Mawile|72/100 brn|[from] brn
|upkeep
|turn|22
|
|move|p1a: Silvally|Toxic||[still]
|-fail|p1a: Silvally
|move|p2a: Mawile|Seismic Toss|p1a: Silvally
|-damage|p1a: Silvally|63/100
|
|-heal|p2a: Mawile|78/100 brn|[from] item: Leftovers
|-damage|p2a: Mawile|72/100 brn|[from] brn
|upkeep
|turn|23
|
|move|p1a: Silvally|Fire Fang|p2a: Mawile
|-supereffective|p2a: Mawile
|-damage|p2a: Mawile|49/100 brn
|move|p2a: Mawile|Seismic Toss|p1a: Silvally
|-damage|p1a: Silvally|37/100
|
|-heal|p2a: Mawile|55/100 brn|[from] item: Leftovers
|-damage|p2a: Mawile|49/100 brn|[from] brn
|upkeep
|turn|24
|
|move|p1a: Silvally|Fire Fang|p2a: Mawile
|-supereffective|p2a: Mawile
|-damage|p2a: Mawile|25/100 brn
|cant|p2a: Mawile|flinch
|
|-heal|p2a: Mawile|31/100 brn|[from] item: Leftovers
|-damage|p2a: Mawile|25/100 brn|[from] brn
|upkeep
|turn|25
|
|move|p1a: Silvally|Fire Fang|p2a: Mawile
|-supereffective|p2a: Mawile
|-damage|p2a: Mawile|0 fnt
|faint|p2a: Mawile
|
|upkeep
|
|switch|p2a: Pikachu|Pikachu, F|100/100
|turn|26
|
|switch|p1a: Dusknoir|Dusknoir, F|100/100
|-damage|p1a: Dusknoir|88/100|[from] Stealth Rock
|-item|p2a: Pikachu|Light Ball|[from] ability: Frisk|[of] p1a: Dusknoir|[identify]
|move|p2a: Pikachu|Fake Out|p1a: Dusknoir
|-immune|p1a: Dusknoir
|
|upkeep
|turn|27
|
|move|p2a: Pikachu|Volt Switch|p1a: Dusknoir
|-damage|p1a: Dusknoir|72/100
|
|switch|p2a: Silvally|Silvally-Dragon|53/100 tox|[from]move: Volt Switch
|move|p1a: Dusknoir|Earthquake|p2a: Silvally
|-damage|p2a: Silvally|18/100 tox
|
|-damage|p2a: Silvally|12/100 tox|[from] psn
|upkeep
|turn|28
|
|move|p1a: Dusknoir|Shadow Sneak|p2a: Silvally
|-damage|p2a: Silvally|0 fnt
|faint|p2a: Silvally
|
|upkeep
|
|switch|p2a: Liepard|Liepard, F|100/100
|turn|29
|
|move|p2a: Liepard|Play Rough|p1a: Dusknoir
|-damage|p1a: Dusknoir|42/100
|move|p1a: Dusknoir|Brick Break|p2a: Liepard
|-supereffective|p2a: Liepard
|-damage|p2a: Liepard|0 fnt
|faint|p2a: Liepard
|
|upkeep
|
|switch|p2a: Pikachu|Pikachu, F|100/100
|turn|30
|
|move|p2a: Pikachu|Volt Tackle|p1a: Dusknoir
|-damage|p1a: Dusknoir|0 fnt
|-damage|p2a: Pikachu|82/100|[from] Recoil
|faint|p1a: Dusknoir
|
|upkeep
|
|switch|p1a: Throh|Throh, M|91/100
|-damage|p1a: Throh|85/100|[from] Stealth Rock
|-ability|p1a: Throh|Mold Breaker
|turn|31
|
|move|p2a: Pikachu|Volt Switch|p1a: Throh
|-damage|p1a: Throh|62/100
|
|switch|p2a: Pyukumuku|Pyukumuku, F|81/100|[from]move: Volt Switch
|move|p1a: Throh|Earthquake|p2a: Pyukumuku
|-damage|p2a: Pyukumuku|61/100
|
|-heal|p1a: Throh|68/100|[from] item: Leftovers
|upkeep
|turn|32
|
|switch|p1a: Glalie|Glalie, F|32/100
|-damage|p1a: Glalie|7/100|[from] Stealth Rock
|switch|p2a: Pikachu|Pikachu, F|82/100
|
|upkeep
|turn|33
|
|move|p2a: Pikachu|Fake Out|p1a: Glalie
|-damage|p1a: Glalie|0 fnt
|faint|p1a: Glalie
|
|upkeep
|
|switch|p1a: Beheeyem|Beheeyem, F|42/100
|-damage|p1a: Beheeyem|30/100|[from] Stealth Rock
|turn|34
|
|move|p2a: Pikachu|Volt Tackle|p1a: Beheeyem
|-damage|p1a: Beheeyem|0 fnt
|-damage|p2a: Pikachu|65/100|[from] Recoil
|faint|p1a: Beheeyem
|
|upkeep
|
|switch|p1a: Throh|Throh, M|68/100
|-damage|p1a: Throh|62/100|[from] Stealth Rock
|-ability|p1a: Throh|Mold Breaker
|turn|35
|
|move|p2a: Pikachu|Volt Tackle|p1a: Throh
|-damage|p1a: Throh|0 fnt
|-damage|p2a: Pikachu|23/100|[from] Recoil
|faint|p1a: Throh
|
|upkeep
|-message|Interpretations forfeited.
|
|win|S rank talonflame
|l|☆Interpretations
|raw|Interpretations's rating: 1166 &rarr; <strong>1147</strong><br />(-19 for losing)
|raw|S rank talonflame's rating: 1251 &rarr; <strong>1270</strong><br />(+19 for winning)
