|raw|<div class="broadcast-blue"><strong>This battle is required to be public due to a player having a name starting with 'pult4t2'.</div>
|j|☆Locax
|j|☆PULT4T2 Redemption
|t:|1661430475
|gametype|singles
|player|p1|Locax|170|1282
|player|p2|PULT4T2 Redemption|265|1560
|teamsize|p1|6
|teamsize|p2|6
|gen|8
|tier|[Gen 8] PU
|rated|
|rule|Sleep Clause Mod: Limit one foe put to sleep
|rule|Species Clause: Limit one of each Pokémon
|rule|OHKO Clause: OHKO moves are banned
|rule|Evasion Items Clause: Evasion items are banned
|rule|Evasion Moves Clause: Evasion moves are banned
|rule|Endless Battle Clause: Forcing endless battles is banned
|rule|HP Percentage Mod: HP is shown in percentages
|rule|Dynamax Clause: You cannot dynamax
|clearpoke
|poke|p1|Ninjask, F|
|poke|p1|Gigalith, F|
|poke|p1|Sandslash, M|
|poke|p1|Eldegoss, M|
|poke|p1|Scrafty, F|
|poke|p1|Weezing, M|
|poke|p2|Jolteon, M|
|poke|p2|Scyther, F|
|poke|p2|Basculin, F|
|poke|p2|Eldegoss, F|
|poke|p2|Gigalith, M|
|poke|p2|Weezing, F|
|teampreview
|inactive|Battle timer is ON: inactive players will automatically lose when time's up. (requested by Locax)
|j| pult4t2 yan
|inactive|PULT4T2 Redemption has 120 seconds left.
|
|t:|1661430533
|start
|switch|p1a: Scrafty|Scrafty, F|100/100
|switch|p2a: Weezing|Weezing, F|100/100
|-ability|p2a: Weezing|Neutralizing Gas
|turn|1
|j|%Clementine
|
|t:|1661430543
|move|p2a: Weezing|Toxic Spikes|p1a: Scrafty
|-sidestart|p1: Locax|move: Toxic Spikes
|move|p1a: Scrafty|Bulk Up|p1a: Scrafty
|-boost|p1a: Scrafty|atk|1
|-boost|p1a: Scrafty|def|1
|
|upkeep
|turn|2
|j| LeMelanomeMelomane
|
|t:|1661430550
|move|p2a: Weezing|Will-O-Wisp|p1a: Scrafty
|-status|p1a: Scrafty|brn
|move|p1a: Scrafty|Bulk Up|p1a: Scrafty
|-boost|p1a: Scrafty|atk|1
|-boost|p1a: Scrafty|def|1
|
|-damage|p1a: Scrafty|95/100 brn|[from] brn
|upkeep
|turn|3
|
|t:|1661430555
|-end|p2a: Weezing|ability: Neutralizing Gas
|switch|p2a: Scyther|Scyther, F|100/100
|move|p1a: Scrafty|Bulk Up|p1a: Scrafty
|-boost|p1a: Scrafty|atk|1
|-boost|p1a: Scrafty|def|1
|
|-activate|p1a: Scrafty|ability: Shed Skin
|-curestatus|p1a: Scrafty|brn|[msg]
|-heal|p1a: Scrafty|100/100|[from] item: Leftovers
|upkeep
|turn|4
|
|t:|1661430562
|move|p2a: Scyther|Dual Wingbeat|p1a: Scrafty
|-supereffective|p1a: Scrafty
|-damage|p1a: Scrafty|81/100
|-supereffective|p1a: Scrafty
|-damage|p1a: Scrafty|59/100
|-hitcount|p1a: Scrafty|2
|move|p1a: Scrafty|Knock Off|p2a: Scyther
|-damage|p2a: Scyther|0 fnt
|-enditem|p2a: Scyther|Heavy-Duty Boots|[from] move: Knock Off|[of] p1a: Scrafty
|faint|p2a: Scyther
|
|-heal|p1a: Scrafty|65/100|[from] item: Leftovers
|upkeep
|
|t:|1661430571
|switch|p2a: Basculin|Basculin, F|100/100
|turn|5
|
|t:|1661430575
|move|p2a: Basculin|Superpower|p1a: Scrafty
|-supereffective|p1a: Scrafty
|-damage|p1a: Scrafty|24/100
|-unboost|p2a: Basculin|atk|1
|-unboost|p2a: Basculin|def|1
|move|p1a: Scrafty|Bulk Up|p1a: Scrafty
|-boost|p1a: Scrafty|atk|1
|-boost|p1a: Scrafty|def|1
|
|-heal|p1a: Scrafty|30/100|[from] item: Leftovers
|upkeep
|turn|6
|
|t:|1661430579
|move|p2a: Basculin|Superpower|p1a: Scrafty
|-supereffective|p1a: Scrafty
|-damage|p1a: Scrafty|9/100
|-unboost|p2a: Basculin|atk|1
|-unboost|p2a: Basculin|def|1
|move|p1a: Scrafty|Drain Punch|p2a: Basculin
|-damage|p2a: Basculin|0 fnt
|-heal|p1a: Scrafty|52/100|[from] drain|[of] p2a: Basculin
|faint|p2a: Basculin
|
|-heal|p1a: Scrafty|58/100|[from] item: Leftovers
|upkeep
|
|t:|1661430597
|switch|p2a: Jolteon|Jolteon, M|100/100
|turn|7
|
|t:|1661430603
|move|p2a: Jolteon|Thunderbolt|p1a: Scrafty
|-damage|p1a: Scrafty|31/100
|move|p1a: Scrafty|Drain Punch|p2a: Jolteon
|-damage|p2a: Jolteon|0 fnt
|-heal|p1a: Scrafty|72/100|[from] drain|[of] p2a: Jolteon
|faint|p2a: Jolteon
|
|-heal|p1a: Scrafty|78/100|[from] item: Leftovers
|upkeep
|j| PULT4T2 Carminable
|-message|PULT4T2 Redemption forfeited.
|
|win|Locax
|raw|Locax's rating: 1282 &rarr; <strong>1324</strong><br />(+42 for winning)
|raw|PULT4T2 Redemption's rating: 1560 &rarr; <strong>1527</strong><br />(-33 for losing)
|l|☆PULT4T2 Redemption
|l|☆Locax
|l| pult4t2 yan
||Ladder isn't responding, score probably updated but might not have (Request timeout).
|l| LeMelanomeMelomane
|j| pult4t2 yan
