|j|☆allstarapology
|j|☆Procopius
|player|p1|allstarapology|102|
|player|p2|Procopius|gentleman-gen4dp|
|teamsize|p1|6
|teamsize|p2|6
|gametype|singles
|gen|8
|tier|[Gen 8] PU
|rated|Tournament battle
|clearpoke
|poke|p1|Hitmontop, M|
|poke|p1|Mawile, M|
|poke|p1|Vibrava, M|
|poke|p1|Mr. Rime, F|
|poke|p1|Bellossom, M|
|poke|p1|Stonjourner, M|
|poke|p2|Musharna, F|
|poke|p2|Bellossom, M|
|poke|p2|Silvally-*|
|poke|p2|Crustle, M|
|poke|p2|Throh, M|
|poke|p2|Fraxure, F|
|rule|Sleep Clause Mod: Limit one foe put to sleep
|rule|Species Clause: Limit one of each Pokémon
|rule|OHKO Clause: OHKO moves are banned
|rule|Evasion Moves Clause: Evasion moves are banned
|rule|Endless Battle Clause: Forcing endless battles is banned
|rule|HP Percentage Mod: HP is shown in percentages
|rule|Dynamax Clause: You cannot dynamax
|teampreview
|j| zSpxdes
|inactive|Battle timer is ON: inactive players will automatically lose when time's up. (requested by allstarapology)
|j| Range memes
|j| Rave Dubin ☭
|
|start
|switch|p1a: Stonjourner|Stonjourner, M|100/100
|switch|p2a: Silvally|Silvally-Rock|100/100
|turn|1
|
|switch|p1a: Hitmontop|Hitmontop, M|100/100
|move|p2a: Silvally|Surf|p1a: Hitmontop
|-damage|p1a: Hitmontop|69/100
|
|upkeep
|turn|2
|
|move|p2a: Silvally|Parting Shot|p1a: Hitmontop
|-unboost|p1a: Hitmontop|atk|1
|-unboost|p1a: Hitmontop|spa|1
|j| Sweatyspaghetti
|
|switch|p2a: Throh|Throh, M|100/100|[from]move: Parting Shot
|move|p1a: Hitmontop|Thief|p2a: Throh
|-resisted|p2a: Throh
|-damage|p2a: Throh|88/100
|
|-heal|p2a: Throh|94/100|[from] item: Leftovers
|upkeep
|turn|3
|
|switch|p1a: Mawile|Mawile, M|100/100
|-ability|p1a: Mawile|Intimidate|boost
|-unboost|p2a: Throh|atk|1
|move|p2a: Throh|Bulk Up|p2a: Throh
|-boost|p2a: Throh|atk|1
|-boost|p2a: Throh|def|1
|
|-heal|p2a: Throh|99/100|[from] item: Leftovers
|upkeep
|turn|4
|
|move|p1a: Mawile|Taunt|p2a: Throh
|-start|p2a: Throh|move: Taunt
|move|p2a: Throh|Earthquake|p1a: Mawile
|-supereffective|p1a: Mawile
|-damage|p1a: Mawile|48/100
|
|-heal|p1a: Mawile|54/100|[from] item: Leftovers
|-heal|p2a: Throh|100/100|[from] item: Leftovers
|upkeep
|turn|5
|
|move|p1a: Mawile|Stealth Rock|p2a: Throh
|-sidestart|p2: Procopius|move: Stealth Rock
|move|p2a: Throh|Earthquake|p1a: Mawile
|-supereffective|p1a: Mawile
|-damage|p1a: Mawile|0 fnt
|faint|p1a: Mawile
|
|upkeep
|
|switch|p1a: Mr. Rime|Mr. Rime, F|100/100
|turn|6
|
|move|p1a: Mr. Rime|Encore|p2a: Throh
|-start|p2a: Throh|Encore
|move|p2a: Throh|Earthquake|p1a: Mr. Rime
|-damage|p1a: Mr. Rime|59/100
|
|-end|p2a: Throh|move: Taunt
|upkeep
|turn|7
|
|move|p1a: Mr. Rime|Slack Off|p1a: Mr. Rime
|-heal|p1a: Mr. Rime|100/100
|move|p2a: Throh|Earthquake|p1a: Mr. Rime
|-damage|p1a: Mr. Rime|62/100
|
|upkeep
|turn|8
|
|move|p1a: Mr. Rime|Slack Off|p1a: Mr. Rime
|-heal|p1a: Mr. Rime|100/100
|move|p2a: Throh|Earthquake|p1a: Mr. Rime
|-damage|p1a: Mr. Rime|63/100
|
|-end|p2a: Throh|Encore
|upkeep
|turn|9
|
|move|p1a: Mr. Rime|Encore|p2a: Throh
|-start|p2a: Throh|Encore
|move|p2a: Throh|Earthquake|p1a: Mr. Rime
|-damage|p1a: Mr. Rime|28/100
|
|upkeep
|turn|10
|j| uult5 somalia
|
|switch|p1a: Bellossom|Bellossom, M|100/100
|switch|p2a: Fraxure|Fraxure, F|100/100
|-damage|p2a: Fraxure|88/100|[from] Stealth Rock
|-ability|p2a: Fraxure|Mold Breaker
|
|-status|p1a: Bellossom|brn|[from] item: Flame Orb
|upkeep
|turn|11
|c|☆Procopius|flame orb?
|
|switch|p1a: Stonjourner|Stonjourner, M|100/100
|move|p2a: Fraxure|First Impression|p1a: Stonjourner
|-damage|p1a: Stonjourner|76/100
|
|upkeep
|turn|12
|c| Range memes|it has guts
|l| Sweatyspaghetti
|
|switch|p1a: Hitmontop|Hitmontop, M|69/100
|move|p2a: Fraxure|Dragon Dance|p2a: Fraxure
|-boost|p2a: Fraxure|atk|1
|-boost|p2a: Fraxure|spe|1
|
|upkeep
|turn|13
|j|@ShuckleDeath
|
|move|p1a: Hitmontop|Mach Punch|p2a: Fraxure
|-damage|p2a: Fraxure|40/100
|move|p2a: Fraxure|Outrage|p1a: Hitmontop
|-damage|p1a: Hitmontop|0 fnt
|faint|p1a: Hitmontop
|
|upkeep
|
|switch|p1a: Stonjourner|Stonjourner, M|76/100
|turn|14
|
|move|p1a: Stonjourner|Heavy Slam|p2a: Fraxure
|-damage|p2a: Fraxure|0 fnt
|faint|p2a: Fraxure
|
|upkeep
|
|switch|p2a: Throh|Throh, M|100/100
|-damage|p2a: Throh|94/100|[from] Stealth Rock
|turn|15
|c|@ShuckleDeath|48% was kinda hot
|j|%tlenit1
|
|switch|p1a: Mr. Rime|Mr. Rime, F|28/100
|move|p2a: Throh|Knock Off|p1a: Mr. Rime
|-supereffective|p1a: Mr. Rime
|-damage|p1a: Mr. Rime|0 fnt
|-enditem|p1a: Mr. Rime|Heavy-Duty Boots|[from] move: Knock Off|[of] p2a: Throh
|faint|p1a: Mr. Rime
|
|-heal|p2a: Throh|100/100|[from] item: Leftovers
|upkeep
|l| Rave Dubin ☭
|
|switch|p1a: Bellossom|Bellossom, M|100/100 brn
|turn|16
|
|move|p1a: Bellossom|Quiver Dance|p1a: Bellossom
|-boost|p1a: Bellossom|spa|1
|-boost|p1a: Bellossom|spd|1
|-boost|p1a: Bellossom|spe|1
|move|p2a: Throh|Bulk Up|p2a: Throh
|-boost|p2a: Throh|atk|1
|-boost|p2a: Throh|def|1
|
|-damage|p1a: Bellossom|94/100 brn|[from] brn
|upkeep
|turn|17
|
|move|p1a: Bellossom|Strength Sap|p2a: Throh
|-unboost|p2a: Throh|atk|1
|-heal|p1a: Bellossom|100/100 brn
|move|p2a: Throh|Storm Throw|p1a: Bellossom
|-crit|p1a: Bellossom
|-damage|p1a: Bellossom|60/100 brn
|
|-damage|p1a: Bellossom|54/100 brn|[from] brn
|upkeep
|turn|18
|j| Sweatyspaghetti
|
|move|p1a: Bellossom|Strength Sap|p2a: Throh
|-unboost|p2a: Throh|atk|1
|-heal|p1a: Bellossom|100/100 brn
|move|p2a: Throh|Storm Throw|p1a: Bellossom
|-crit|p1a: Bellossom
|-damage|p1a: Bellossom|55/100 brn
|
|-damage|p1a: Bellossom|49/100 brn|[from] brn
|upkeep
|turn|19
|
|move|p1a: Bellossom|Giga Drain|p2a: Throh
|-damage|p2a: Throh|71/100
|-heal|p1a: Bellossom|68/100 brn|[from] drain|[of] p2a: Throh
|move|p2a: Throh|Storm Throw|p1a: Bellossom
|-crit|p1a: Bellossom
|-damage|p1a: Bellossom|27/100 brn
|
|-heal|p2a: Throh|77/100|[from] item: Leftovers
|-damage|p1a: Bellossom|21/100 brn|[from] brn
|upkeep
|turn|20
|
|move|p1a: Bellossom|Strength Sap|p2a: Throh
|-unboost|p2a: Throh|atk|1
|-heal|p1a: Bellossom|83/100 brn
|move|p2a: Throh|Storm Throw|p1a: Bellossom
|-crit|p1a: Bellossom
|-damage|p1a: Bellossom|38/100 brn
|
|-heal|p2a: Throh|83/100|[from] item: Leftovers
|-damage|p1a: Bellossom|31/100 brn|[from] brn
|upkeep
|turn|21
|
|move|p1a: Bellossom|Giga Drain|p2a: Throh
|-damage|p2a: Throh|52/100
|-heal|p1a: Bellossom|51/100 brn|[from] drain|[of] p2a: Throh
|move|p2a: Throh|Storm Throw|p1a: Bellossom
|-crit|p1a: Bellossom
|-damage|p1a: Bellossom|10/100 brn
|
|-heal|p2a: Throh|58/100|[from] item: Leftovers
|-damage|p1a: Bellossom|4/100 brn|[from] brn
|upkeep
|turn|22
|j| Erin Silver
|
|move|p1a: Bellossom|Giga Drain|p2a: Throh
|-damage|p2a: Throh|25/100
|-heal|p1a: Bellossom|25/100 brn|[from] drain|[of] p2a: Throh
|move|p2a: Throh|Storm Throw|p1a: Bellossom
|-crit|p1a: Bellossom
|-damage|p1a: Bellossom|0 fnt
|faint|p1a: Bellossom
|
|-heal|p2a: Throh|31/100|[from] item: Leftovers
|upkeep
|-message|allstarapology forfeited.
|
|win|Procopius
