|j|☆one of the bouys
|j|☆ArcanineSquad
|t:|1634035382
|gametype|singles
|player|p1|one of the bouys|clown|1548
|player|p2|ArcanineSquad|hooligans|1624
|teamsize|p1|6
|teamsize|p2|6
|gen|8
|tier|[Gen 8] PU
|rated|
|rule|Sleep Clause Mod: Limit one foe put to sleep
|rule|Species Clause: Limit one of each Pokémon
|rule|OHKO Clause: OHKO moves are banned
|rule|Evasion Moves Clause: Evasion moves are banned
|rule|Endless Battle Clause: Forcing endless battles is banned
|rule|HP Percentage Mod: HP is shown in percentages
|rule|Dynamax Clause: You cannot dynamax
|clearpoke
|poke|p1|Flapple, F|
|poke|p1|Frosmoth, M|
|poke|p1|Mawile, F|
|poke|p1|Archeops, F|
|poke|p1|Hitmontop, M|
|poke|p1|Jellicent, F|
|poke|p2|Qwilfish, F|
|poke|p2|Quagsire, F|
|poke|p2|Aromatisse, M|
|poke|p2|Audino, F|
|poke|p2|Articuno|
|poke|p2|Miltank, F|
|teampreview
|inactive|Battle timer is ON: inactive players will automatically lose when time's up. (requested by ArcanineSquad)
|
|t:|1634035393
|start
|switch|p1a: Mawile|Mawile, F|100/100
|switch|p2a: WEEPING WILLOW|Qwilfish, F|100/100
|-ability|p2a: WEEPING WILLOW|Intimidate|boost
|-unboost|p1a: Mawile|atk|1
|-ability|p1a: Mawile|Intimidate|boost
|-unboost|p2a: WEEPING WILLOW|atk|1
|turn|1
|
|t:|1634035398
|move|p2a: WEEPING WILLOW|Taunt|p1a: Mawile
|-start|p1a: Mawile|move: Taunt
|move|p1a: Mawile|Knock Off|p2a: WEEPING WILLOW
|-damage|p2a: WEEPING WILLOW|85/100
|-damage|p1a: Mawile|84/100|[from] item: Rocky Helmet|[of] p2a: WEEPING WILLOW
|-enditem|p2a: WEEPING WILLOW|Rocky Helmet|[from] move: Knock Off|[of] p1a: Mawile
|
|upkeep
|turn|2
|
|t:|1634035406
|switch|p1a: Flapple|Flapple, F|100/100
|move|p2a: WEEPING WILLOW|Spikes|p1a: Flapple
|-sidestart|p1: one of the bouys|Spikes
|
|upkeep
|turn|3
|
|t:|1634035415
|switch|p2a: POSSESSING SPIRIT|Aromatisse, M|100/100
|move|p1a: Flapple|Grav Apple|p2a: POSSESSING SPIRIT|[miss]
|-miss|p1a: Flapple|p2a: POSSESSING SPIRIT
|
|upkeep
|turn|4
|
|t:|1634035424
|switch|p1a: Mawile|Mawile, F|84/100
|-damage|p1a: Mawile|72/100|[from] Spikes
|-ability|p1a: Mawile|Intimidate|boost
|-unboost|p2a: POSSESSING SPIRIT|atk|1
|move|p2a: POSSESSING SPIRIT|Moonblast|p1a: Mawile
|-resisted|p1a: Mawile
|-damage|p1a: Mawile|42/100
|
|upkeep
|turn|5
|
|t:|1634035433
|switch|p2a: WEEPING WILLOW|Qwilfish, F|85/100
|-ability|p2a: WEEPING WILLOW|Intimidate|boost
|-unboost|p1a: Mawile|atk|1
|move|p1a: Mawile|Stealth Rock|p2a: WEEPING WILLOW
|-sidestart|p2: ArcanineSquad|move: Stealth Rock
|
|upkeep
|turn|6
|
|t:|1634035437
|switch|p1a: Flapple|Flapple, F|100/100
|-damage|p1a: Flapple|88/100|[from] Spikes
|move|p2a: WEEPING WILLOW|Spikes|p1a: Flapple
|-sidestart|p1: one of the bouys|Spikes
|
|upkeep
|turn|7
|
|t:|1634035442
|move|p2a: WEEPING WILLOW|Poison Jab|p1a: Flapple
|-supereffective|p1a: Flapple
|-damage|p1a: Flapple|13/100
|move|p1a: Flapple|Grav Apple|p2a: WEEPING WILLOW
|-damage|p2a: WEEPING WILLOW|0 fnt
|faint|p2a: WEEPING WILLOW
|-damage|p1a: Flapple|3/100|[from] item: Life Orb
|
|upkeep
|
|t:|1634035455
|switch|p2a: IRON FINGERS|Miltank, F|100/100
|turn|8
|
|t:|1634035458
|move|p1a: Flapple|Outrage|p2a: IRON FINGERS|[miss]
|-miss|p1a: Flapple|p2a: IRON FINGERS
|move|p2a: IRON FINGERS|Seismic Toss|p1a: Flapple
|-damage|p1a: Flapple|0 fnt
|faint|p1a: Flapple
|
|upkeep
|
|t:|1634035463
|switch|p1a: Hitmontop|Hitmontop, M|100/100
|turn|9
|
|t:|1634035465
|move|p1a: Hitmontop|Rapid Spin|p2a: IRON FINGERS
|-damage|p2a: IRON FINGERS|87/100
|-boost|p1a: Hitmontop|spe|1
|-sideend|p1: one of the bouys|Spikes|[from] move: Rapid Spin|[of] p1a: Hitmontop
|move|p2a: IRON FINGERS|Toxic|p1a: Hitmontop
|-status|p1a: Hitmontop|tox
|
|-damage|p1a: Hitmontop|94/100 tox|[from] psn
|upkeep
|turn|10
|
|t:|1634035475
|switch|p1a: Archeops|Archeops, F|100/100
|switch|p2a: JELLYFISH CLUTCH|Articuno|100/100
|-ability|p2a: JELLYFISH CLUTCH|Pressure
|
|upkeep
|turn|11
|
|t:|1634035478
|switch|p2a: FIRE WATER|Quagsire, F|100/100
|move|p1a: Archeops|U-turn|p2a: FIRE WATER
|-damage|p2a: FIRE WATER|83/100
|
|t:|1634035483
|switch|p1a: Frosmoth|Frosmoth, M|100/100|[from]move: U-turn
|
|upkeep
|turn|12
|
|t:|1634035486
|switch|p2a: ADAMANTINE KATA|Audino, F|100/100
|move|p1a: Frosmoth|Substitute|p1a: Frosmoth
|-start|p1a: Frosmoth|Substitute
|-damage|p1a: Frosmoth|76/100
|
|upkeep
|turn|13
|
|t:|1634035493
|move|p1a: Frosmoth|Quiver Dance|p1a: Frosmoth
|-boost|p1a: Frosmoth|spa|1
|-boost|p1a: Frosmoth|spd|1
|-boost|p1a: Frosmoth|spe|1
|move|p2a: ADAMANTINE KATA|Wish|p2a: ADAMANTINE KATA
|
|upkeep
|turn|14
|
|t:|1634035497
|switch|p2a: JELLYFISH CLUTCH|Articuno|100/100
|-ability|p2a: JELLYFISH CLUTCH|Pressure
|move|p1a: Frosmoth|Quiver Dance|p1a: Frosmoth
|-boost|p1a: Frosmoth|spa|1
|-boost|p1a: Frosmoth|spd|1
|-boost|p1a: Frosmoth|spe|1
|
|upkeep
|turn|15
|
|t:|1634035502
|move|p1a: Frosmoth|Ice Beam|p2a: JELLYFISH CLUTCH
|-damage|p2a: JELLYFISH CLUTCH|54/100
|move|p2a: JELLYFISH CLUTCH|Haze|p2a: JELLYFISH CLUTCH
|-clearallboost
|
|upkeep
|turn|16
|
|t:|1634035518
|switch|p1a: Archeops|Archeops, F|100/100
|move|p2a: JELLYFISH CLUTCH|Roost|p2a: JELLYFISH CLUTCH
|-heal|p2a: JELLYFISH CLUTCH|100/100
|-singleturn|p2a: JELLYFISH CLUTCH|move: Roost
|
|upkeep
|turn|17
|
|t:|1634035521
|switch|p2a: FIRE WATER|Quagsire, F|83/100
|move|p1a: Archeops|U-turn|p2a: FIRE WATER
|-crit|p2a: FIRE WATER
|-damage|p2a: FIRE WATER|55/100
|
|t:|1634035526
|switch|p1a: Frosmoth|Frosmoth, M|76/100|[from]move: U-turn
|
|upkeep
|turn|18
|
|t:|1634035531
|move|p1a: Frosmoth|Giga Drain|p2a: FIRE WATER
|-supereffective|p2a: FIRE WATER
|-damage|p2a: FIRE WATER|0 fnt
|-heal|p1a: Frosmoth|100/100|[from] drain|[of] p2a: FIRE WATER
|faint|p2a: FIRE WATER
|
|upkeep
|
|t:|1634035534
|switch|p2a: IRON FINGERS|Miltank, F|87/100
|turn|19
|
|t:|1634035541
|switch|p1a: Hitmontop|Hitmontop, M|94/100 tox
|move|p2a: IRON FINGERS|Stealth Rock|p1a: Hitmontop
|-sidestart|p1: one of the bouys|move: Stealth Rock
|
|-damage|p1a: Hitmontop|88/100 tox|[from] psn
|upkeep
|turn|20
|
|t:|1634035547
|switch|p2a: POSSESSING SPIRIT|Aromatisse, M|100/100
|-damage|p2a: POSSESSING SPIRIT|88/100|[from] Stealth Rock
|move|p1a: Hitmontop|Rapid Spin|p2a: POSSESSING SPIRIT
|-damage|p2a: POSSESSING SPIRIT|70/100
|-boost|p1a: Hitmontop|spe|1
|-sideend|p1: one of the bouys|Stealth Rock|[from] move: Rapid Spin|[of] p1a: Hitmontop
|
|-heal|p2a: POSSESSING SPIRIT|76/100|[from] item: Leftovers
|-damage|p1a: Hitmontop|76/100 tox|[from] psn
|upkeep
|turn|21
|
|t:|1634035562
|switch|p1a: Mawile|Mawile, F|42/100
|-ability|p1a: Mawile|Intimidate|boost
|-unboost|p2a: POSSESSING SPIRIT|atk|1
|move|p2a: POSSESSING SPIRIT|Wish|p2a: POSSESSING SPIRIT
|
|-heal|p2a: POSSESSING SPIRIT|82/100|[from] item: Leftovers
|upkeep
|turn|22
|
|t:|1634035565
|move|p1a: Mawile|Pain Split|p2a: POSSESSING SPIRIT
|-sethp|p2a: POSSESSING SPIRIT|57/100|[from] move: Pain Split|[silent]
|-sethp|p1a: Mawile|75/100|[from] move: Pain Split
|move|p2a: POSSESSING SPIRIT|Moonblast|p1a: Mawile
|-resisted|p1a: Mawile
|-damage|p1a: Mawile|47/100
|
|-heal|p2a: POSSESSING SPIRIT|100/100|[from] move: Wish|[wisher] POSSESSING SPIRIT
|upkeep
|turn|23
|
|t:|1634035573
|move|p1a: Mawile|Knock Off|p2a: POSSESSING SPIRIT
|-resisted|p2a: POSSESSING SPIRIT
|-damage|p2a: POSSESSING SPIRIT|93/100
|-enditem|p2a: POSSESSING SPIRIT|Leftovers|[from] move: Knock Off|[of] p1a: Mawile
|move|p2a: POSSESSING SPIRIT|Wish|p2a: POSSESSING SPIRIT
|
|upkeep
|turn|24
|
|t:|1634035576
|move|p1a: Mawile|Pain Split|p2a: POSSESSING SPIRIT
|-sethp|p2a: POSSESSING SPIRIT|64/100|[from] move: Pain Split|[silent]
|-sethp|p1a: Mawile|85/100|[from] move: Pain Split
|move|p2a: POSSESSING SPIRIT|Moonblast|p1a: Mawile
|-resisted|p1a: Mawile
|-damage|p1a: Mawile|55/100
|-unboost|p1a: Mawile|spa|1
|
|-heal|p2a: POSSESSING SPIRIT|100/100|[from] move: Wish|[wisher] POSSESSING SPIRIT
|upkeep
|turn|25
|
|t:|1634035582
|move|p1a: Mawile|Play Rough|p2a: POSSESSING SPIRIT
|-damage|p2a: POSSESSING SPIRIT|79/100
|-unboost|p2a: POSSESSING SPIRIT|atk|1
|move|p2a: POSSESSING SPIRIT|Wish|p2a: POSSESSING SPIRIT
|
|upkeep
|turn|26
|
|t:|1634035588
|switch|p2a: IRON FINGERS|Miltank, F|87/100
|move|p1a: Mawile|Knock Off|p2a: IRON FINGERS
|-damage|p2a: IRON FINGERS|76/100
|-enditem|p2a: IRON FINGERS|Heavy-Duty Boots|[from] move: Knock Off|[of] p1a: Mawile
|
|-heal|p2a: IRON FINGERS|100/100|[from] move: Wish|[wisher] POSSESSING SPIRIT
|upkeep
|turn|27
|
|t:|1634035594
|move|p2a: IRON FINGERS|Stealth Rock|p1a: Mawile
|-sidestart|p1: one of the bouys|move: Stealth Rock
|move|p1a: Mawile|Pain Split|p2a: IRON FINGERS
|-sethp|p2a: IRON FINGERS|72/100|[from] move: Pain Split|[silent]
|-sethp|p1a: Mawile|93/100|[from] move: Pain Split
|
|upkeep
|turn|28
|
|t:|1634035600
|move|p2a: IRON FINGERS|Seismic Toss|p1a: Mawile
|-damage|p1a: Mawile|60/100
|-damage|p2a: IRON FINGERS|55/100|[from] item: Rocky Helmet|[of] p1a: Mawile
|move|p1a: Mawile|Play Rough|p2a: IRON FINGERS
|-damage|p2a: IRON FINGERS|37/100
|
|upkeep
|turn|29
|
|t:|1634035610
|switch|p1a: Hitmontop|Hitmontop, M|76/100 tox
|move|p2a: IRON FINGERS|Milk Drink|p2a: IRON FINGERS
|-heal|p2a: IRON FINGERS|87/100
|
|-damage|p1a: Hitmontop|70/100 tox|[from] psn
|upkeep
|turn|30
|
|t:|1634035615
|move|p1a: Hitmontop|Rapid Spin|p2a: IRON FINGERS
|-damage|p2a: IRON FINGERS|74/100
|-boost|p1a: Hitmontop|spe|1
|-sideend|p1: one of the bouys|Stealth Rock|[from] move: Rapid Spin|[of] p1a: Hitmontop
|move|p2a: IRON FINGERS|Seismic Toss|p1a: Hitmontop
|-damage|p1a: Hitmontop|28/100 tox
|
|-damage|p1a: Hitmontop|16/100 tox|[from] psn
|upkeep
|turn|31
|
|t:|1634035623
|switch|p2a: POSSESSING SPIRIT|Aromatisse, M|79/100
|-damage|p2a: POSSESSING SPIRIT|67/100|[from] Stealth Rock
|move|p1a: Hitmontop|Triple Axel|p2a: POSSESSING SPIRIT
|-damage|p2a: POSSESSING SPIRIT|59/100
|-damage|p2a: POSSESSING SPIRIT|45/100
|-damage|p2a: POSSESSING SPIRIT|26/100
|-hitcount|p2a: POSSESSING SPIRIT|3
|
|-damage|p1a: Hitmontop|0 fnt|[from] psn
|faint|p1a: Hitmontop
|upkeep
|
|t:|1634035627
|switch|p1a: Archeops|Archeops, F|100/100
|turn|32
|
|t:|1634035629
|move|p1a: Archeops|Stone Edge|p2a: POSSESSING SPIRIT
|-damage|p2a: POSSESSING SPIRIT|0 fnt
|faint|p2a: POSSESSING SPIRIT
|
|upkeep
|
|t:|1634035631
|switch|p2a: IRON FINGERS|Miltank, F|74/100
|-damage|p2a: IRON FINGERS|61/100|[from] Stealth Rock
|turn|33
|
|t:|1634035636
|move|p1a: Archeops|Stone Edge|p2a: IRON FINGERS
|-damage|p2a: IRON FINGERS|28/100
|move|p2a: IRON FINGERS|Milk Drink|p2a: IRON FINGERS
|-heal|p2a: IRON FINGERS|78/100
|
|upkeep
|turn|34
|
|t:|1634035641
|move|p1a: Archeops|U-turn|p2a: IRON FINGERS
|-damage|p2a: IRON FINGERS|64/100
|
|t:|1634035647
|switch|p1a: Jellicent|Jellicent, F|100/100|[from]move: U-turn
|move|p2a: IRON FINGERS|Milk Drink|p2a: IRON FINGERS
|-heal|p2a: IRON FINGERS|100/100
|
|upkeep
|turn|35
|
|t:|1634035649
|switch|p1a: Mawile|Mawile, F|60/100
|-ability|p1a: Mawile|Intimidate|boost
|-unboost|p2a: IRON FINGERS|atk|1
|move|p2a: IRON FINGERS|Stealth Rock|p1a: Mawile
|-sidestart|p1: one of the bouys|move: Stealth Rock
|
|upkeep
|turn|36
|
|t:|1634035654
|move|p2a: IRON FINGERS|Seismic Toss|p1a: Mawile
|-damage|p1a: Mawile|27/100
|-damage|p2a: IRON FINGERS|84/100|[from] item: Rocky Helmet|[of] p1a: Mawile
|move|p1a: Mawile|Pain Split|p2a: IRON FINGERS
|-sethp|p2a: IRON FINGERS|52/100|[from] move: Pain Split|[silent]
|-sethp|p1a: Mawile|68/100|[from] move: Pain Split
|
|upkeep
|turn|37
|
|t:|1634035661
|move|p2a: IRON FINGERS|Milk Drink|p2a: IRON FINGERS
|-heal|p2a: IRON FINGERS|100/100
|move|p1a: Mawile|Play Rough|p2a: IRON FINGERS
|-damage|p2a: IRON FINGERS|84/100
|
|upkeep
|turn|38
|
|t:|1634035668
|move|p2a: IRON FINGERS|Seismic Toss|p1a: Mawile
|-damage|p1a: Mawile|35/100
|-damage|p2a: IRON FINGERS|67/100|[from] item: Rocky Helmet|[of] p1a: Mawile
|move|p1a: Mawile|Play Rough|p2a: IRON FINGERS
|-damage|p2a: IRON FINGERS|50/100
|
|upkeep
|turn|39
|
|t:|1634035675
|move|p2a: IRON FINGERS|Seismic Toss|p1a: Mawile
|-damage|p1a: Mawile|2/100
|-damage|p2a: IRON FINGERS|34/100|[from] item: Rocky Helmet|[of] p1a: Mawile
|move|p1a: Mawile|Pain Split|p2a: IRON FINGERS
|-sethp|p2a: IRON FINGERS|18/100|[from] move: Pain Split|[silent]
|-sethp|p1a: Mawile|23/100|[from] move: Pain Split
|
|upkeep
|turn|40
|
|t:|1634035683
|move|p2a: IRON FINGERS|Milk Drink|p2a: IRON FINGERS
|-heal|p2a: IRON FINGERS|68/100
|move|p1a: Mawile|Pain Split|p2a: IRON FINGERS
|-sethp|p2a: IRON FINGERS|43/100|[from] move: Pain Split|[silent]
|-sethp|p1a: Mawile|55/100|[from] move: Pain Split
|
|upkeep
|turn|41
|
|t:|1634035688
|move|p2a: IRON FINGERS|Milk Drink|p2a: IRON FINGERS
|-heal|p2a: IRON FINGERS|93/100
|move|p1a: Mawile|Pain Split|p2a: IRON FINGERS
|-sethp|p2a: IRON FINGERS|68/100|[from] move: Pain Split|[silent]
|-sethp|p1a: Mawile|87/100|[from] move: Pain Split
|
|upkeep
|turn|42
|
|t:|1634035694
|switch|p2a: ADAMANTINE KATA|Audino, F|100/100
|move|p1a: Mawile|Play Rough|p2a: ADAMANTINE KATA
|-damage|p2a: ADAMANTINE KATA|76/100
|
|upkeep
|turn|43
|
|t:|1634035701
|switch|p1a: Jellicent|Jellicent, F|100/100
|-damage|p1a: Jellicent|88/100|[from] Stealth Rock
|move|p2a: ADAMANTINE KATA|Wish|p2a: ADAMANTINE KATA
|
|upkeep
|turn|44
|
|t:|1634035706
|move|p1a: Jellicent|Taunt|p2a: ADAMANTINE KATA
|-start|p2a: ADAMANTINE KATA|move: Taunt
|cant|p2a: ADAMANTINE KATA|move: Taunt|Toxic
|
|-heal|p2a: ADAMANTINE KATA|100/100|[from] move: Wish|[wisher] ADAMANTINE KATA
|upkeep
|turn|45
|
|t:|1634035711
|move|p1a: Jellicent|Will-O-Wisp|p2a: ADAMANTINE KATA
|-status|p2a: ADAMANTINE KATA|brn
|move|p2a: ADAMANTINE KATA|Knock Off|p1a: Jellicent
|-supereffective|p1a: Jellicent
|-enditem|p1a: Jellicent|Colbur Berry|[eat]
|-enditem|p1a: Jellicent|Colbur Berry|[weaken]
|-damage|p1a: Jellicent|82/100
|
|-damage|p2a: ADAMANTINE KATA|94/100 brn|[from] brn
|upkeep
|turn|46
|
|t:|1634035717
|switch|p2a: JELLYFISH CLUTCH|Articuno|100/100
|-ability|p2a: JELLYFISH CLUTCH|Pressure
|move|p1a: Jellicent|Will-O-Wisp|p2a: JELLYFISH CLUTCH
|-status|p2a: JELLYFISH CLUTCH|brn
|
|-damage|p2a: JELLYFISH CLUTCH|94/100 brn|[from] brn
|upkeep
|turn|47
|
|t:|1634035723
|move|p2a: JELLYFISH CLUTCH|Freeze-Dry|p1a: Jellicent
|-supereffective|p1a: Jellicent
|-damage|p1a: Jellicent|43/100
|-start|p2a: JELLYFISH CLUTCH|Disable|Freeze-Dry|[from] ability: Cursed Body|[of] p1a: Jellicent
|move|p1a: Jellicent|Taunt|p2a: JELLYFISH CLUTCH
|-start|p2a: JELLYFISH CLUTCH|move: Taunt
|
|-damage|p2a: JELLYFISH CLUTCH|88/100 brn|[from] brn
|upkeep
|turn|48
|
|t:|1634035731
|switch|p2a: ADAMANTINE KATA|Audino, F|100/100 brn
|move|p1a: Jellicent|Recover|p1a: Jellicent
|-heal|p1a: Jellicent|93/100
|
|-damage|p2a: ADAMANTINE KATA|94/100 brn|[from] brn
|upkeep
|turn|49
|
|t:|1634035734
|switch|p2a: JELLYFISH CLUTCH|Articuno|88/100 brn
|-ability|p2a: JELLYFISH CLUTCH|Pressure
|move|p1a: Jellicent|Taunt|p2a: JELLYFISH CLUTCH
|-start|p2a: JELLYFISH CLUTCH|move: Taunt
|
|-damage|p2a: JELLYFISH CLUTCH|82/100 brn|[from] brn
|upkeep
|turn|50
|
|t:|1634035739
|move|p2a: JELLYFISH CLUTCH|Freeze-Dry|p1a: Jellicent
|-supereffective|p1a: Jellicent
|-damage|p1a: Jellicent|56/100
|-start|p2a: JELLYFISH CLUTCH|Disable|Freeze-Dry|[from] ability: Cursed Body|[of] p1a: Jellicent
|move|p1a: Jellicent|Hex|p2a: JELLYFISH CLUTCH
|-damage|p2a: JELLYFISH CLUTCH|61/100 brn
|
|-damage|p2a: JELLYFISH CLUTCH|55/100 brn|[from] brn
|upkeep
|turn|51
|
|t:|1634035748
|switch|p2a: ADAMANTINE KATA|Audino, F|100/100 brn
|switch|p1a: Frosmoth|Frosmoth, M|100/100
|
|-damage|p2a: ADAMANTINE KATA|94/100 brn|[from] brn
|upkeep
|turn|52
|
|t:|1634035759
|move|p1a: Frosmoth|Quiver Dance|p1a: Frosmoth
|-boost|p1a: Frosmoth|spa|1
|-boost|p1a: Frosmoth|spd|1
|-boost|p1a: Frosmoth|spe|1
|move|p2a: ADAMANTINE KATA|Wish|p2a: ADAMANTINE KATA
|
|-damage|p2a: ADAMANTINE KATA|88/100 brn|[from] brn
|upkeep
|turn|53
|
|t:|1634035763
|switch|p2a: JELLYFISH CLUTCH|Articuno|55/100 brn
|-ability|p2a: JELLYFISH CLUTCH|Pressure
|move|p1a: Frosmoth|Substitute|p1a: Frosmoth
|-start|p1a: Frosmoth|Substitute
|-damage|p1a: Frosmoth|76/100
|
|-heal|p2a: JELLYFISH CLUTCH|100/100 brn|[from] move: Wish|[wisher] ADAMANTINE KATA
|-damage|p2a: JELLYFISH CLUTCH|94/100 brn|[from] brn
|upkeep
|turn|54
|
|t:|1634035768
|move|p1a: Frosmoth|Ice Beam|p2a: JELLYFISH CLUTCH
|-damage|p2a: JELLYFISH CLUTCH|58/100 brn
|move|p2a: JELLYFISH CLUTCH|Haze|p2a: JELLYFISH CLUTCH
|-clearallboost
|
|-damage|p2a: JELLYFISH CLUTCH|52/100 brn|[from] brn
|upkeep
|turn|55
|
|t:|1634035773
|move|p1a: Frosmoth|Quiver Dance|p1a: Frosmoth
|-boost|p1a: Frosmoth|spa|1
|-boost|p1a: Frosmoth|spd|1
|-boost|p1a: Frosmoth|spe|1
|move|p2a: JELLYFISH CLUTCH|Roost|p2a: JELLYFISH CLUTCH
|-heal|p2a: JELLYFISH CLUTCH|100/100 brn
|-singleturn|p2a: JELLYFISH CLUTCH|move: Roost
|
|-damage|p2a: JELLYFISH CLUTCH|94/100 brn|[from] brn
|upkeep
|turn|56
|
|t:|1634035781
|move|p1a: Frosmoth|Quiver Dance|p1a: Frosmoth
|-boost|p1a: Frosmoth|spa|1
|-boost|p1a: Frosmoth|spd|1
|-boost|p1a: Frosmoth|spe|1
|move|p2a: JELLYFISH CLUTCH|Haze|p2a: JELLYFISH CLUTCH
|-clearallboost
|
|-damage|p2a: JELLYFISH CLUTCH|88/100 brn|[from] brn
|upkeep
|turn|57
|
|t:|1634035786
|switch|p1a: Mawile|Mawile, F|87/100
|-damage|p1a: Mawile|81/100|[from] Stealth Rock
|-ability|p1a: Mawile|Intimidate|boost
|-unboost|p2a: JELLYFISH CLUTCH|atk|1
|move|p2a: JELLYFISH CLUTCH|Freeze-Dry|p1a: Mawile
|-resisted|p1a: Mawile
|-damage|p1a: Mawile|59/100
|
|-damage|p2a: JELLYFISH CLUTCH|82/100 brn|[from] brn
|upkeep
|turn|58
|
|t:|1634035797
|switch|p2a: ADAMANTINE KATA|Audino, F|100/100 brn
|move|p1a: Mawile|Knock Off|p2a: ADAMANTINE KATA
|-damage|p2a: ADAMANTINE KATA|81/100 brn
|-enditem|p2a: ADAMANTINE KATA|Heavy-Duty Boots|[from] move: Knock Off|[of] p1a: Mawile
|
|-damage|p2a: ADAMANTINE KATA|75/100 brn|[from] brn
|upkeep
|turn|59
|
|t:|1634035809
|move|p2a: ADAMANTINE KATA|Wish|p2a: ADAMANTINE KATA
|move|p1a: Mawile|Play Rough|p2a: ADAMANTINE KATA
|-damage|p2a: ADAMANTINE KATA|51/100 brn
|
|-damage|p2a: ADAMANTINE KATA|45/100 brn|[from] brn
|upkeep
|turn|60
|
|t:|1634035827
|move|p2a: ADAMANTINE KATA|Knock Off|p1a: Mawile
|-resisted|p1a: Mawile
|-damage|p1a: Mawile|56/100
|-damage|p2a: ADAMANTINE KATA|29/100 brn|[from] item: Rocky Helmet|[of] p1a: Mawile
|-enditem|p1a: Mawile|Rocky Helmet|[from] move: Knock Off|[of] p2a: ADAMANTINE KATA
|move|p1a: Mawile|Play Rough|p2a: ADAMANTINE KATA
|-damage|p2a: ADAMANTINE KATA|1/100 brn
|
|-heal|p2a: ADAMANTINE KATA|51/100 brn|[from] move: Wish|[wisher] ADAMANTINE KATA
|-damage|p2a: ADAMANTINE KATA|45/100 brn|[from] brn
|upkeep
|turn|61
|
|t:|1634035838
|switch|p1a: Archeops|Archeops, F|100/100
|move|p2a: ADAMANTINE KATA|Wish|p2a: ADAMANTINE KATA
|
|-damage|p2a: ADAMANTINE KATA|39/100 brn|[from] brn
|upkeep
|turn|62
|j| Glumacthegreatm
|
|t:|1634035843
|switch|p2a: IRON FINGERS|Miltank, F|68/100
|-damage|p2a: IRON FINGERS|55/100|[from] Stealth Rock
|move|p1a: Archeops|Earthquake|p2a: IRON FINGERS
|-damage|p2a: IRON FINGERS|31/100
|
|-heal|p2a: IRON FINGERS|83/100|[from] move: Wish|[wisher] ADAMANTINE KATA
|upkeep
|turn|63
|
|t:|1634035852
|move|p1a: Archeops|U-turn|p2a: IRON FINGERS
|-damage|p2a: IRON FINGERS|68/100
|
|t:|1634035855
|switch|p1a: Jellicent|Jellicent, F|56/100|[from]move: U-turn
|-damage|p1a: Jellicent|43/100|[from] Stealth Rock
|move|p2a: IRON FINGERS|Toxic|p1a: Jellicent
|-status|p1a: Jellicent|tox
|
|-damage|p1a: Jellicent|37/100 tox|[from] psn
|upkeep
|turn|64
|
|t:|1634035862
|switch|p2a: ADAMANTINE KATA|Audino, F|72/100 brn
|-damage|p2a: ADAMANTINE KATA|60/100 brn|[from] Stealth Rock
|move|p1a: Jellicent|Recover|p1a: Jellicent
|-heal|p1a: Jellicent|87/100 tox
|
|-damage|p1a: Jellicent|75/100 tox|[from] psn
|-damage|p2a: ADAMANTINE KATA|54/100 brn|[from] brn
|upkeep
|turn|65
|
|t:|1634035868
|move|p1a: Jellicent|Taunt|p2a: ADAMANTINE KATA
|-start|p2a: ADAMANTINE KATA|move: Taunt
|cant|p2a: ADAMANTINE KATA|move: Taunt|Wish
|
|-damage|p1a: Jellicent|56/100 tox|[from] psn
|-damage|p2a: ADAMANTINE KATA|48/100 brn|[from] brn
|upkeep
|turn|66
|
|t:|1634035872
|switch|p1a: Archeops|Archeops, F|100/100
|switch|p2a: JELLYFISH CLUTCH|Articuno|82/100 brn
|-ability|p2a: JELLYFISH CLUTCH|Pressure
|
|-damage|p2a: JELLYFISH CLUTCH|76/100 brn|[from] brn
|upkeep
|turn|67
|
|t:|1634035882
|switch|p2a: ADAMANTINE KATA|Audino, F|81/100 brn
|-damage|p2a: ADAMANTINE KATA|69/100 brn|[from] Stealth Rock
|move|p1a: Archeops|Stone Edge|p2a: ADAMANTINE KATA|[miss]
|-miss|p1a: Archeops|p2a: ADAMANTINE KATA
|
|-damage|p2a: ADAMANTINE KATA|62/100 brn|[from] brn
|upkeep
|turn|68
|
|t:|1634035887
|move|p1a: Archeops|Stone Edge|p2a: ADAMANTINE KATA
|-crit|p2a: ADAMANTINE KATA
|-damage|p2a: ADAMANTINE KATA|0 fnt
|faint|p2a: ADAMANTINE KATA
|
|upkeep
|
|t:|1634035890
|switch|p2a: IRON FINGERS|Miltank, F|68/100
|-damage|p2a: IRON FINGERS|56/100|[from] Stealth Rock
|turn|69
|
|t:|1634035897
|move|p1a: Archeops|U-turn|p2a: IRON FINGERS
|-damage|p2a: IRON FINGERS|42/100
|
|t:|1634035900
|switch|p1a: Jellicent|Jellicent, F|56/100 tox|[from]move: U-turn
|-damage|p1a: Jellicent|44/100 tox|[from] Stealth Rock
|move|p2a: IRON FINGERS|Milk Drink|p2a: IRON FINGERS
|-heal|p2a: IRON FINGERS|92/100
|
|-damage|p1a: Jellicent|38/100 tox|[from] psn
|upkeep
|turn|70
|
|t:|1634035925
|switch|p2a: JELLYFISH CLUTCH|Articuno|76/100 brn
|-ability|p2a: JELLYFISH CLUTCH|Pressure
|move|p1a: Jellicent|Recover|p1a: Jellicent
|-heal|p1a: Jellicent|88/100 tox
|
|-damage|p1a: Jellicent|75/100 tox|[from] psn
|-damage|p2a: JELLYFISH CLUTCH|70/100 brn|[from] brn
|upkeep
|turn|71
|
|t:|1634035936
|move|p2a: JELLYFISH CLUTCH|Freeze-Dry|p1a: Jellicent
|-supereffective|p1a: Jellicent
|-damage|p1a: Jellicent|37/100 tox
|move|p1a: Jellicent|Taunt|p2a: JELLYFISH CLUTCH
|-start|p2a: JELLYFISH CLUTCH|move: Taunt
|
|-damage|p1a: Jellicent|18/100 tox|[from] psn
|-damage|p2a: JELLYFISH CLUTCH|64/100 brn|[from] brn
|upkeep
|turn|72
|
|t:|1634035945
|move|p2a: JELLYFISH CLUTCH|Freeze-Dry|p1a: Jellicent
|-supereffective|p1a: Jellicent
|-damage|p1a: Jellicent|0 fnt
|faint|p1a: Jellicent
|
|-damage|p2a: JELLYFISH CLUTCH|58/100 brn|[from] brn
|upkeep
|
|t:|1634035947
|switch|p1a: Frosmoth|Frosmoth, M|76/100
|turn|73
|
|t:|1634035952
|move|p1a: Frosmoth|Quiver Dance|p1a: Frosmoth
|-boost|p1a: Frosmoth|spa|1
|-boost|p1a: Frosmoth|spd|1
|-boost|p1a: Frosmoth|spe|1
|move|p2a: JELLYFISH CLUTCH|Freeze-Dry|p1a: Frosmoth
|-resisted|p1a: Frosmoth
|-damage|p1a: Frosmoth|71/100
|
|-damage|p2a: JELLYFISH CLUTCH|52/100 brn|[from] brn
|upkeep
|turn|74
|
|t:|1634035960
|move|p1a: Frosmoth|Ice Beam|p2a: JELLYFISH CLUTCH
|-damage|p2a: JELLYFISH CLUTCH|19/100 brn
|move|p2a: JELLYFISH CLUTCH|Freeze-Dry|p1a: Frosmoth
|-resisted|p1a: Frosmoth
|-damage|p1a: Frosmoth|66/100
|
|-damage|p2a: JELLYFISH CLUTCH|13/100 brn|[from] brn
|-end|p2a: JELLYFISH CLUTCH|move: Taunt
|upkeep
|turn|75
|
|t:|1634035963
|move|p1a: Frosmoth|Ice Beam|p2a: JELLYFISH CLUTCH
|-damage|p2a: JELLYFISH CLUTCH|0 fnt
|faint|p2a: JELLYFISH CLUTCH
|
|upkeep
|
|t:|1634035965
|switch|p2a: IRON FINGERS|Miltank, F|92/100
|-damage|p2a: IRON FINGERS|79/100|[from] Stealth Rock
|turn|76
|
|t:|1634035966
|move|p1a: Frosmoth|Ice Beam|p2a: IRON FINGERS
|-damage|p2a: IRON FINGERS|11/100
|move|p2a: IRON FINGERS|Toxic|p1a: Frosmoth
|-status|p1a: Frosmoth|tox
|
|-damage|p1a: Frosmoth|60/100 tox|[from] psn
|upkeep
|turn|77
|-message|ArcanineSquad forfeited.
|
|win|one of the bouys
|raw|one of the bouys's rating: 1548 &rarr; <strong>1572</strong><br />(+24 for winning)
|raw|ArcanineSquad's rating: 1624 &rarr; <strong>1600</strong><br />(-24 for losing)
|l|☆ArcanineSquad
|c| Glumacthegreatm|Fuck stall
|c| Glumacthegreatm|Gg
|l| Glumacthegreatm
