|j|☆Ju1ian
|j|☆yassy slay
|t:|1666101365
|gametype|singles
|player|p1|Ju1ian|n|1522
|player|p2|yassy slay|clown|1599
|teamsize|p1|6
|teamsize|p2|6
|gen|8
|tier|[Gen 8] PU
|rated|
|rule|Sleep Clause Mod: Limit one foe put to sleep
|rule|Species Clause: Limit one of each Pokémon
|rule|OHKO Clause: OHKO moves are banned
|rule|Evasion Items Clause: Evasion items are banned
|rule|Evasion Moves Clause: Evasion moves are banned
|rule|Endless Battle Clause: Forcing endless battles is banned
|rule|HP Percentage Mod: HP is shown in percentages
|rule|Dynamax Clause: You cannot dynamax
|clearpoke
|poke|p1|Aggron, M|
|poke|p1|Sandslash, M|
|poke|p1|Quagsire, M|
|poke|p1|Audino, M|
|poke|p1|Weezing, M|
|poke|p1|Comfey, M|
|poke|p2|Silvally-*|
|poke|p2|Gourgeist-*, F|
|poke|p2|Comfey, F|
|poke|p2|Weezing, M|
|poke|p2|Gigalith, F|
|poke|p2|Golduck, M|
|teampreview
|inactive|Battle timer is ON: inactive players will automatically lose when time's up. (requested by Ju1ian)
|
|t:|1666101382
|start
|switch|p1a: Sandslash|Sandslash, M|100/100
|switch|p2a: Gourgeist|Gourgeist-Super, F|100/100
|-item|p1a: Sandslash|Assault Vest|[from] ability: Frisk|[of] p2a: Gourgeist|[identify]
|turn|1
|
|t:|1666101393
|switch|p1a: Audino|Audino, M|100/100
|move|p2a: Gourgeist|Poltergeist|p1a: Audino
|-immune|p1a: Audino
|
|upkeep
|turn|2
|
|t:|1666101398
|switch|p2a: Weezing|Weezing, M|100/100
|-ability|p2a: Weezing|Neutralizing Gas
|move|p1a: Audino|Toxic|p2a: Weezing
|-immune|p2a: Weezing
|
|upkeep
|turn|3
|
|t:|1666101406
|switch|p1a: Aggron|Aggron, M|100/100
|move|p2a: Weezing|Toxic Spikes|p1a: Aggron
|-sidestart|p1: Ju1ian|move: Toxic Spikes
|
|upkeep
|turn|4
|
|t:|1666101422
|move|p2a: Weezing|Pain Split|p1a: Aggron
|-sethp|p1a: Aggron|99/100|[from] move: Pain Split|[silent]
|-sethp|p2a: Weezing|100/100|[from] move: Pain Split
|move|p1a: Aggron|Heavy Slam|p2a: Weezing
|-damage|p2a: Weezing|37/100
|-damage|p1a: Aggron|82/100|[from] item: Rocky Helmet|[of] p2a: Weezing
|
|upkeep
|turn|5
|
|t:|1666101426
|move|p2a: Weezing|Pain Split|p1a: Aggron
|-sethp|p1a: Aggron|59/100|[from] move: Pain Split|[silent]
|-sethp|p2a: Weezing|61/100|[from] move: Pain Split
|move|p1a: Aggron|Heavy Slam|p2a: Weezing
|-damage|p2a: Weezing|0 fnt
|-damage|p1a: Aggron|43/100|[from] item: Rocky Helmet|[of] p2a: Weezing
|faint|p2a: Weezing
|-end|p2a: Weezing|ability: Neutralizing Gas
|
|upkeep
|
|t:|1666101443
|switch|p2a: Gourgeist|Gourgeist-Super, F|100/100
|-item|p1a: Aggron|Choice Band|[from] ability: Frisk|[of] p2a: Gourgeist|[identify]
|turn|6
|
|t:|1666101450
|switch|p1a: Weezing|Weezing, M|100/100
|move|p2a: Gourgeist|Power Whip|p1a: Weezing
|-resisted|p1a: Weezing
|-damage|p1a: Weezing|76/100
|
|-heal|p1a: Weezing|82/100|[from] item: Black Sludge
|upkeep
|turn|7
|
|t:|1666101467
|switch|p2a: Gigalith|Gigalith, F|100/100
|-weather|Sandstorm|[from] ability: Sand Stream|[of] p2a: Gigalith
|move|p1a: Weezing|Toxic Spikes|p2a: Gigalith
|-sidestart|p2: yassy slay|move: Toxic Spikes
|
|-weather|Sandstorm|[upkeep]
|-damage|p1a: Weezing|76/100|[from] Sandstorm
|-heal|p1a: Weezing|82/100|[from] item: Black Sludge
|upkeep
|turn|8
|
|t:|1666101483
|move|p1a: Weezing|Toxic Spikes|p2a: Gigalith
|-sidestart|p2: yassy slay|move: Toxic Spikes
|move|p2a: Gigalith|Stealth Rock|p1a: Weezing
|-sidestart|p1: Ju1ian|move: Stealth Rock
|
|-weather|Sandstorm|[upkeep]
|-damage|p1a: Weezing|76/100|[from] Sandstorm
|-heal|p1a: Weezing|82/100|[from] item: Black Sludge
|upkeep
|turn|9
|
|t:|1666101491
|switch|p1a: Quagsire|Quagsire, M|100/100
|move|p2a: Gigalith|Earthquake|p1a: Quagsire
|-damage|p1a: Quagsire|71/100
|
|-weather|Sandstorm|[upkeep]
|upkeep
|turn|10
|
|t:|1666101500
|move|p1a: Quagsire|Earthquake|p2a: Gigalith
|-supereffective|p2a: Gigalith
|-damage|p2a: Gigalith|33/100
|move|p2a: Gigalith|Toxic|p1a: Quagsire
|-status|p1a: Quagsire|tox
|
|-weather|Sandstorm|[upkeep]
|-heal|p2a: Gigalith|39/100|[from] item: Leftovers
|-damage|p1a: Quagsire|65/100 tox|[from] psn
|upkeep
|turn|11
|
|t:|1666101517
|switch|p2a: Gourgeist|Gourgeist-Super, F|100/100
|-status|p2a: Gourgeist|tox
|-item|p1a: Quagsire|Heavy-Duty Boots|[from] ability: Frisk|[of] p2a: Gourgeist|[identify]
|move|p1a: Quagsire|Recover|p1a: Quagsire
|-heal|p1a: Quagsire|100/100 tox
|
|-weather|none
|-damage|p2a: Gourgeist|94/100 tox|[from] psn
|-damage|p1a: Quagsire|88/100 tox|[from] psn
|upkeep
|turn|12
|
|t:|1666101526
|switch|p1a: Audino|Audino, M|100/100
|move|p2a: Gourgeist|Power Whip|p1a: Audino
|-damage|p1a: Audino|42/100
|
|-damage|p2a: Gourgeist|82/100 tox|[from] psn
|upkeep
|turn|13
|
|t:|1666101537
|switch|p2a: Comfey|Comfey, F|100/100
|-status|p2a: Comfey|tox
|move|p1a: Audino|Protect||[still]
|-fail|p1a: Audino
|
|-damage|p2a: Comfey|94/100 tox|[from] psn
|upkeep
|turn|14
|
|t:|1666101543
|move|p2a: Comfey|Calm Mind|p2a: Comfey
|-boost|p2a: Comfey|spa|1
|-boost|p2a: Comfey|spd|1
|move|p1a: Audino|Wish|p1a: Audino
|
|-damage|p2a: Comfey|82/100 tox|[from] psn
|upkeep
|turn|15
|
|t:|1666101549
|switch|p1a: Aggron|Aggron, M|43/100
|-damage|p1a: Aggron|37/100|[from] Stealth Rock
|move|p2a: Comfey|Giga Drain|p1a: Aggron
|-crit|p1a: Aggron
|-damage|p1a: Aggron|0 fnt
|-heal|p2a: Comfey|100/100 tox|[from] drain|[of] p1a: Aggron
|faint|p1a: Aggron
|-damage|p2a: Comfey|91/100 tox|[from] item: Life Orb
|
|-damage|p2a: Comfey|72/100 tox|[from] psn
|upkeep
|c|☆Ju1ian|That crit
|
|t:|1666101559
|switch|p1a: Weezing|Weezing, M|82/100
|-damage|p1a: Weezing|69/100|[from] Stealth Rock
|turn|16
|c|☆yassy slay|idt it mattered
|c|☆Ju1ian|It did I was full hp invest
|inactive|yassy slay has 120 seconds left.
|c|☆yassy slay|+1 252+ SpA Life Orb Comfey Giga Drain vs. 252 HP / 0 SpD Aggron: 194-229 (56.3 - 66.5%) -- guaranteed 2HKO
|inactive|yassy slay has 90 seconds left.
|
|t:|1666101620
|switch|p2a: Silvally|Silvally-Steel|100/100
|move|p1a: Weezing|Sludge Wave|p2a: Silvally
|-immune|p2a: Silvally
|
|-heal|p1a: Weezing|75/100|[from] item: Black Sludge
|upkeep
|turn|17
|
|t:|1666101623
|move|p2a: Silvally|Multi-Attack|p1a: Weezing
|-damage|p1a: Weezing|28/100
|move|p1a: Weezing|Flamethrower|p2a: Silvally
|-supereffective|p2a: Silvally
|-damage|p2a: Silvally|52/100
|
|-heal|p1a: Weezing|34/100|[from] item: Black Sludge
|upkeep
|turn|18
|
|t:|1666101633
|switch|p1a: Quagsire|Quagsire, M|88/100 tox
|move|p2a: Silvally|Multi-Attack|p1a: Quagsire
|-resisted|p1a: Quagsire
|-damage|p1a: Quagsire|65/100 tox
|
|-damage|p1a: Quagsire|59/100 tox|[from] psn
|upkeep
|turn|19
|
|t:|1666101656
|switch|p2a: Gourgeist|Gourgeist-Super, F|82/100 tox
|-item|p1a: Quagsire|Heavy-Duty Boots|[from] ability: Frisk|[of] p2a: Gourgeist|[identify]
|move|p1a: Quagsire|Ice Punch|p2a: Gourgeist
|-supereffective|p2a: Gourgeist
|-damage|p2a: Gourgeist|47/100 tox
|
|-damage|p2a: Gourgeist|41/100 tox|[from] psn
|-damage|p1a: Quagsire|47/100 tox|[from] psn
|upkeep
|turn|20
|
|t:|1666101667
|move|p2a: Gourgeist|Synthesis|p2a: Gourgeist
|-heal|p2a: Gourgeist|91/100 tox
|move|p1a: Quagsire|Ice Punch|p2a: Gourgeist
|-supereffective|p2a: Gourgeist
|-damage|p2a: Gourgeist|56/100 tox
|
|-damage|p2a: Gourgeist|43/100 tox|[from] psn
|-damage|p1a: Quagsire|28/100 tox|[from] psn
|upkeep
|turn|21
|
|t:|1666101671
|move|p2a: Gourgeist|Power Whip|p1a: Quagsire
|-supereffective|p1a: Quagsire
|-damage|p1a: Quagsire|0 fnt
|faint|p1a: Quagsire
|
|-damage|p2a: Gourgeist|25/100 tox|[from] psn
|upkeep
|
|t:|1666101675
|switch|p1a: Comfey|Comfey, M|100/100
|-status|p1a: Comfey|psn
|-damage|p1a: Comfey|88/100 psn|[from] Stealth Rock
|turn|22
|
|t:|1666101681
|switch|p2a: Silvally|Silvally-Steel|52/100
|move|p1a: Comfey|Defog|p2a: Silvally
|-unboost|p2a: Silvally|evasion|1
|-sideend|p2: yassy slay|Toxic Spikes|[from] move: Defog|[of] p1a: Comfey
|-sideend|p1: Ju1ian|Toxic Spikes|[from] move: Defog|[of] p1a: Comfey
|-sideend|p1: Ju1ian|Stealth Rock|[from] move: Defog|[of] p1a: Comfey
|
|-damage|p1a: Comfey|76/100 psn|[from] psn
|upkeep
|turn|23
|
|t:|1666101692
|switch|p1a: Weezing|Weezing, M|34/100
|move|p2a: Silvally|Multi-Attack|p1a: Weezing
|-damage|p1a: Weezing|0 fnt
|faint|p1a: Weezing
|
|upkeep
|
|t:|1666101695
|switch|p1a: Sandslash|Sandslash, M|100/100
|turn|24
|
|t:|1666101700
|switch|p2a: Gourgeist|Gourgeist-Super, F|25/100 tox
|-item|p1a: Sandslash|Assault Vest|[from] ability: Frisk|[of] p2a: Gourgeist|[identify]
|move|p1a: Sandslash|Earthquake|p2a: Gourgeist
|-resisted|p2a: Gourgeist
|-damage|p2a: Gourgeist|6/100 tox
|
|-damage|p2a: Gourgeist|0 fnt|[from] psn
|faint|p2a: Gourgeist
|upkeep
|
|t:|1666101703
|switch|p2a: Golduck|Golduck, M|100/100
|turn|25
|
|t:|1666101708
|move|p2a: Golduck|Surf|p1a: Sandslash
|-supereffective|p1a: Sandslash
|-damage|p1a: Sandslash|27/100
|move|p1a: Sandslash|Earthquake|p2a: Golduck
|-damage|p2a: Golduck|40/100
|
|-heal|p2a: Golduck|46/100|[from] item: Leftovers
|upkeep
|turn|26
|
|t:|1666101716
|switch|p1a: Audino|Audino, M|75/100
|move|p2a: Golduck|Surf|p1a: Audino
|-damage|p1a: Audino|54/100
|
|-heal|p2a: Golduck|52/100|[from] item: Leftovers
|upkeep
|turn|27
|
|t:|1666101719
|move|p2a: Golduck|Substitute|p2a: Golduck
|-start|p2a: Golduck|Substitute
|-damage|p2a: Golduck|27/100
|move|p1a: Audino|Wish|p1a: Audino
|
|-heal|p2a: Golduck|34/100|[from] item: Leftovers
|upkeep
|turn|28
|
|t:|1666101725
|switch|p1a: Comfey|Comfey, M|76/100 psn
|move|p2a: Golduck|Calm Mind|p2a: Golduck
|-boost|p2a: Golduck|spa|1
|-boost|p2a: Golduck|spd|1
|
|-heal|p1a: Comfey|100/100 psn|[from] move: Wish|[wisher] Audino
|-heal|p2a: Golduck|40/100|[from] item: Leftovers
|-damage|p1a: Comfey|88/100 psn|[from] psn
|upkeep
|turn|29
|
|t:|1666101728
|move|p1a: Comfey|Giga Drain|p2a: Golduck
|-supereffective|p2a: Golduck
|-end|p2a: Golduck|Substitute
|-heal|p1a: Comfey|100/100 psn|[from] drain|[of] p2a: Golduck
|-damage|p1a: Comfey|91/100 psn|[from] item: Life Orb
|move|p2a: Golduck|Calm Mind|p2a: Golduck
|-boost|p2a: Golduck|spa|1
|-boost|p2a: Golduck|spd|1
|
|-heal|p2a: Golduck|46/100|[from] item: Leftovers
|-damage|p1a: Comfey|78/100 psn|[from] psn
|upkeep
|turn|30
|
|t:|1666101731
|move|p1a: Comfey|Giga Drain|p2a: Golduck
|-supereffective|p2a: Golduck
|-damage|p2a: Golduck|13/100
|-heal|p1a: Comfey|98/100 psn|[from] drain|[of] p2a: Golduck
|-damage|p1a: Comfey|88/100 psn|[from] item: Life Orb
|move|p2a: Golduck|Surf|p1a: Comfey
|-damage|p1a: Comfey|19/100 psn
|
|-heal|p2a: Golduck|19/100|[from] item: Leftovers
|-damage|p1a: Comfey|6/100 psn|[from] psn
|upkeep
|turn|31
|
|t:|1666101741
|switch|p2a: Silvally|Silvally-Steel|52/100
|move|p1a: Comfey|Giga Drain|p2a: Silvally
|-resisted|p2a: Silvally
|-damage|p2a: Silvally|41/100
|-heal|p1a: Comfey|14/100 psn|[from] drain|[of] p2a: Silvally
|-damage|p1a: Comfey|4/100 psn|[from] item: Life Orb
|
|-damage|p1a: Comfey|0 fnt|[from] psn
|faint|p1a: Comfey
|upkeep
|
|t:|1666101744
|switch|p1a: Audino|Audino, M|87/100
|turn|32
|-message|Ju1ian forfeited.
|
|win|yassy slay
|raw|Ju1ian's rating: 1522 &rarr; <strong>1506</strong><br />(-16 for losing)
|raw|yassy slay's rating: 1599 &rarr; <strong>1615</strong><br />(+16 for winning)
|l|☆Ju1ian
||Ladder isn't responding, score probably updated but might not have (Request timeout).
