|raw|<div class="broadcast-blue"><strong>This battle is required to be public due to a player having a name starting with 'pult4c1'.</div>
|j|☆PULT4C1 QiYu5
|j|☆pult4c1 shane
|t:|1660821864
|gametype|singles
|player|p1|PULT4C1 QiYu5|drayden|1545
|player|p2|pult4c1 shane|veteran|1552
|teamsize|p1|6
|teamsize|p2|6
|gen|8
|tier|[Gen 8] PU
|rated|
|rule|Sleep Clause Mod: Limit one foe put to sleep
|rule|Species Clause: Limit one of each Pokémon
|rule|OHKO Clause: OHKO moves are banned
|rule|Evasion Items Clause: Evasion items are banned
|rule|Evasion Moves Clause: Evasion moves are banned
|rule|Endless Battle Clause: Forcing endless battles is banned
|rule|HP Percentage Mod: HP is shown in percentages
|rule|Dynamax Clause: You cannot dynamax
|clearpoke
|poke|p1|Aromatisse, M|
|poke|p1|Absol, F|
|poke|p1|Gigalith, M|
|poke|p1|Articuno-Galar|
|poke|p1|Sandslash, F|
|poke|p1|Eldegoss, F|
|poke|p2|Scyther, M|
|poke|p2|Hattrem, F|
|poke|p2|Rhydon, F|
|poke|p2|Flareon, M|
|poke|p2|Jellicent, F|
|poke|p2|Silvally-*|
|teampreview
|inactive|Battle timer is ON: inactive players will automatically lose when time's up. (requested by pult4c1 shane)
|inactive|PULT4C1 QiYu5 has 120 seconds left.
|
|t:|1660821895
|start
|switch|p1a: 兄弟我们就像是山头滚落的石子|Sandslash, F|100/100
|switch|p2a: Scyther|Scyther, M|100/100
|turn|1
|
|t:|1660821919
|move|p2a: Scyther|Knock Off|p1a: 兄弟我们就像是山头滚落的石子
|-damage|p1a: 兄弟我们就像是山头滚落的石子|58/100
|-enditem|p1a: 兄弟我们就像是山头滚落的石子|Life Orb|[from] move: Knock Off|[of] p2a: Scyther
|-damage|p2a: Scyther|91/100|[from] item: Life Orb
|move|p1a: 兄弟我们就像是山头滚落的石子|Swords Dance|p1a: 兄弟我们就像是山头滚落的石子
|-boost|p1a: 兄弟我们就像是山头滚落的石子|atk|2
|
|upkeep
|turn|2
|
|t:|1660821924
|move|p2a: Scyther|Dual Wingbeat|p1a: 兄弟我们就像是山头滚落的石子
|-crit|p1a: 兄弟我们就像是山头滚落的石子
|-damage|p1a: 兄弟我们就像是山头滚落的石子|0 fnt
|faint|p1a: 兄弟我们就像是山头滚落的石子
|-hitcount|p1: 兄弟我们就像是山头滚落的石子|1
|-damage|p2a: Scyther|81/100|[from] item: Life Orb
|
|upkeep
|
|t:|1660821932
|switch|p1a: 死亡如风常伴吾身|Absol, F|100/100
|turn|3
|
|t:|1660821942
|move|p2a: Scyther|Roost|p2a: Scyther
|-heal|p2a: Scyther|100/100
|-singleturn|p2a: Scyther|move: Roost
|move|p1a: 死亡如风常伴吾身|Iron Tail|p2a: Scyther
|-damage|p2a: Scyther|14/100
|
|upkeep
|turn|4
|
|t:|1660821960
|switch|p1a: 人生就得带点绿|Eldegoss, F|100/100
|move|p2a: Scyther|Roost|p2a: Scyther
|-heal|p2a: Scyther|64/100
|-singleturn|p2a: Scyther|move: Roost
|
|upkeep
|turn|5
|
|t:|1660821965
|move|p2a: Scyther|Knock Off|p1a: 人生就得带点绿
|-damage|p1a: 人生就得带点绿|71/100
|-damage|p2a: Scyther|47/100|[from] item: Rocky Helmet|[of] p1a: 人生就得带点绿
|-enditem|p1a: 人生就得带点绿|Rocky Helmet|[from] move: Knock Off|[of] p2a: Scyther
|-damage|p2a: Scyther|38/100|[from] item: Life Orb
|move|p1a: 人生就得带点绿|Sleep Powder|p2a: Scyther
|-status|p2a: Scyther|slp|[from] move: Sleep Powder
|
|upkeep
|turn|6
|
|t:|1660821974
|switch|p2a: Flareon|Flareon, M|100/100
|switch|p1a: 窗外的麻雀在电线杆上啵嘴|Articuno-Galar|100/100
|
|upkeep
|turn|7
|
|t:|1660821981
|switch|p2a: Rhydon|Rhydon, F|100/100
|move|p1a: 窗外的麻雀在电线杆上啵嘴|Hurricane|p2a: Rhydon
|-resisted|p2a: Rhydon
|-damage|p2a: Rhydon|71/100
|
|upkeep
|turn|8
|
|t:|1660821991
|move|p1a: 窗外的麻雀在电线杆上啵嘴|Hurricane|p2a: Rhydon|[miss]
|-miss|p1a: 窗外的麻雀在电线杆上啵嘴|p2a: Rhydon
|move|p2a: Rhydon|Stealth Rock|p1a: 窗外的麻雀在电线杆上啵嘴
|-sidestart|p1: PULT4C1 QiYu5|move: Stealth Rock
|
|upkeep
|turn|9
|
|t:|1660821996
|switch|p2a: Flareon|Flareon, M|100/100
|move|p1a: 窗外的麻雀在电线杆上啵嘴|Hurricane|p2a: Flareon|[miss]
|-miss|p1a: 窗外的麻雀在电线杆上啵嘴|p2a: Flareon
|
|upkeep
|turn|10
|
|t:|1660822001
|move|p1a: 窗外的麻雀在电线杆上啵嘴|Hurricane|p2a: Flareon
|-damage|p2a: Flareon|36/100
|move|p2a: Flareon|Wish|p2a: Flareon
|
|-heal|p2a: Flareon|42/100|[from] item: Leftovers
|upkeep
|turn|11
|
|t:|1660822008
|move|p2a: Flareon|Protect|p2a: Flareon
|-singleturn|p2a: Flareon|Protect
|move|p1a: 窗外的麻雀在电线杆上啵嘴|Hurricane|p2a: Flareon
|-activate|p2a: Flareon|move: Protect
|
|-heal|p2a: Flareon|92/100|[from] move: Wish|[wisher] Flareon
|-heal|p2a: Flareon|98/100|[from] item: Leftovers
|upkeep
|turn|12
|
|t:|1660822015
|move|p1a: 窗外的麻雀在电线杆上啵嘴|Hurricane|p2a: Flareon
|-damage|p2a: Flareon|31/100
|move|p2a: Flareon|Wish|p2a: Flareon
|
|-heal|p2a: Flareon|37/100|[from] item: Leftovers
|upkeep
|turn|13
|
|t:|1660822020
|move|p2a: Flareon|Protect|p2a: Flareon
|-singleturn|p2a: Flareon|Protect
|move|p1a: 窗外的麻雀在电线杆上啵嘴|Hurricane|p2a: Flareon
|-activate|p2a: Flareon|move: Protect
|
|-heal|p2a: Flareon|87/100|[from] move: Wish|[wisher] Flareon
|-heal|p2a: Flareon|93/100|[from] item: Leftovers
|upkeep
|turn|14
|
|t:|1660822028
|move|p1a: 窗外的麻雀在电线杆上啵嘴|Hurricane|p2a: Flareon
|-damage|p2a: Flareon|32/100
|-start|p2a: Flareon|confusion
|-activate|p2a: Flareon|confusion
|move|p2a: Flareon|Wish|p2a: Flareon
|
|-heal|p2a: Flareon|38/100|[from] item: Leftovers
|upkeep
|turn|15
|
|t:|1660822036
|switch|p2a: Rhydon|Rhydon, F|71/100
|move|p1a: 窗外的麻雀在电线杆上啵嘴|Hurricane|p2a: Rhydon|[miss]
|-miss|p1a: 窗外的麻雀在电线杆上啵嘴|p2a: Rhydon
|
|-heal|p2a: Rhydon|100/100|[from] move: Wish|[wisher] Flareon
|upkeep
|turn|16
|
|t:|1660822047
|switch|p1a: 全集中岩之呼吸|Gigalith, M|100/100
|-damage|p1a: 全集中岩之呼吸|88/100|[from] Stealth Rock
|-weather|Sandstorm|[from] ability: Sand Stream|[of] p1a: 全集中岩之呼吸
|switch|p2a: Flareon|Flareon, M|38/100
|
|-weather|Sandstorm|[upkeep]
|-damage|p2a: Flareon|32/100|[from] Sandstorm
|-heal|p2a: Flareon|38/100|[from] item: Leftovers
|-heal|p1a: 全集中岩之呼吸|94/100|[from] item: Leftovers
|upkeep
|turn|17
|
|t:|1660822053
|switch|p2a: Hattrem|Hattrem, F|100/100
|move|p1a: 全集中岩之呼吸|Rock Blast|p2a: Hattrem
|-damage|p2a: Hattrem|92/100
|-damage|p2a: Hattrem|84/100
|-damage|p2a: Hattrem|76/100
|-damage|p2a: Hattrem|68/100
|-hitcount|p2a: Hattrem|4
|
|-weather|Sandstorm|[upkeep]
|-damage|p2a: Hattrem|62/100|[from] Sandstorm
|-heal|p1a: 全集中岩之呼吸|100/100|[from] item: Leftovers
|upkeep
|turn|18
|
|t:|1660822059
|move|p2a: Hattrem|Aromatherapy|p2a: Hattrem
|-activate|p2a: Hattrem|move: Aromatherapy
|-curestatus|p2: Scyther|slp|[msg]
|move|p1a: 全集中岩之呼吸|Rock Blast|p2a: Hattrem
|-damage|p2a: Hattrem|54/100
|-damage|p2a: Hattrem|46/100
|-damage|p2a: Hattrem|39/100
|-crit|p2a: Hattrem
|-damage|p2a: Hattrem|27/100
|-damage|p2a: Hattrem|19/100
|-hitcount|p2a: Hattrem|5
|
|-weather|Sandstorm|[upkeep]
|-damage|p2a: Hattrem|13/100|[from] Sandstorm
|upkeep
|turn|19
|
|t:|1660822064
|move|p2a: Hattrem|Rest|p2a: Hattrem
|-status|p2a: Hattrem|slp|[from] move: Rest
|-heal|p2a: Hattrem|100/100 slp|[silent]
|move|p1a: 全集中岩之呼吸|Rock Blast|p2a: Hattrem
|-damage|p2a: Hattrem|92/100 slp
|-damage|p2a: Hattrem|84/100 slp
|-damage|p2a: Hattrem|76/100 slp
|-damage|p2a: Hattrem|68/100 slp
|-damage|p2a: Hattrem|60/100 slp
|-hitcount|p2a: Hattrem|5
|
|-weather|Sandstorm|[upkeep]
|-damage|p2a: Hattrem|54/100 slp|[from] Sandstorm
|upkeep
|turn|20
|
|t:|1660822073
|switch|p2a: Rhydon|Rhydon, F|100/100
|move|p1a: 全集中岩之呼吸|Rock Blast|p2a: Rhydon
|-resisted|p2a: Rhydon
|-damage|p2a: Rhydon|98/100
|-resisted|p2a: Rhydon
|-damage|p2a: Rhydon|95/100
|-resisted|p2a: Rhydon
|-damage|p2a: Rhydon|93/100
|-hitcount|p2a: Rhydon|3
|
|-weather|none
|upkeep
|turn|21
|
|t:|1660822077
|move|p2a: Rhydon|Earthquake|p1a: 全集中岩之呼吸
|-supereffective|p1a: 全集中岩之呼吸
|-damage|p1a: 全集中岩之呼吸|41/100
|move|p1a: 全集中岩之呼吸|Stealth Rock|p2a: Rhydon
|-sidestart|p2: pult4c1 shane|move: Stealth Rock
|
|-heal|p1a: 全集中岩之呼吸|47/100|[from] item: Leftovers
|upkeep
|turn|22
|
|t:|1660822082
|switch|p1a: 人生就得带点绿|Eldegoss, F|100/100
|-damage|p1a: 人生就得带点绿|88/100|[from] Stealth Rock
|move|p2a: Rhydon|Earthquake|p1a: 人生就得带点绿
|-resisted|p1a: 人生就得带点绿
|-damage|p1a: 人生就得带点绿|71/100
|
|upkeep
|turn|23
|
|t:|1660822087
|switch|p2a: Silvally|Silvally-Fairy|100/100
|-damage|p2a: Silvally|88/100|[from] Stealth Rock
|move|p1a: 人生就得带点绿|Leaf Tornado|p2a: Silvally
|-damage|p2a: Silvally|72/100
|-unboost|p2a: Silvally|accuracy|1
|
|upkeep
|turn|24
|
|t:|1660822091
|move|p2a: Silvally|Defog|p1a: 人生就得带点绿
|-unboost|p1a: 人生就得带点绿|evasion|1
|-sideend|p1: PULT4C1 QiYu5|Stealth Rock|[from] move: Defog|[of] p2a: Silvally
|-sideend|p2: pult4c1 shane|Stealth Rock|[from] move: Defog|[of] p2a: Silvally
|move|p1a: 人生就得带点绿|Sleep Powder|p2a: Silvally
|-status|p2a: Silvally|slp|[from] move: Sleep Powder
|
|upkeep
|turn|25
|
|t:|1660822100
|switch|p2a: Scyther|Scyther, M|38/100
|switch|p1a: 全集中岩之呼吸|Gigalith, M|47/100
|-weather|Sandstorm|[from] ability: Sand Stream|[of] p1a: 全集中岩之呼吸
|
|-weather|Sandstorm|[upkeep]
|-damage|p2a: Scyther|31/100|[from] Sandstorm
|-heal|p1a: 全集中岩之呼吸|53/100|[from] item: Leftovers
|upkeep
|turn|26
|
|t:|1660822104
|move|p1a: 全集中岩之呼吸|Protect|p1a: 全集中岩之呼吸
|-singleturn|p1a: 全集中岩之呼吸|Protect
|move|p2a: Scyther|U-turn|p1a: 全集中岩之呼吸
|-activate|p1a: 全集中岩之呼吸|move: Protect
|
|-weather|Sandstorm|[upkeep]
|-damage|p2a: Scyther|25/100|[from] Sandstorm
|-heal|p1a: 全集中岩之呼吸|59/100|[from] item: Leftovers
|upkeep
|turn|27
|
|t:|1660822109
|move|p2a: Scyther|U-turn|p1a: 全集中岩之呼吸
|-damage|p1a: 全集中岩之呼吸|30/100
|-damage|p2a: Scyther|15/100|[from] item: Life Orb
|
|t:|1660822112
|switch|p2a: Rhydon|Rhydon, F|93/100|[from]move: U-turn
|move|p1a: 全集中岩之呼吸|Rock Blast|p2a: Rhydon
|-resisted|p2a: Rhydon
|-damage|p2a: Rhydon|90/100
|-resisted|p2a: Rhydon
|-damage|p2a: Rhydon|87/100
|-hitcount|p2a: Rhydon|2
|
|-weather|Sandstorm|[upkeep]
|-heal|p1a: 全集中岩之呼吸|36/100|[from] item: Leftovers
|upkeep
|turn|28
|
|t:|1660822117
|switch|p1a: 人生就得带点绿|Eldegoss, F|100/100
|move|p2a: Rhydon|Earthquake|p1a: 人生就得带点绿
|-resisted|p1a: 人生就得带点绿
|-damage|p1a: 人生就得带点绿|84/100
|
|-weather|Sandstorm|[upkeep]
|-damage|p1a: 人生就得带点绿|78/100|[from] Sandstorm
|upkeep
|turn|29
|
|t:|1660822123
|switch|p1a: 死亡如风常伴吾身|Absol, F|100/100
|switch|p2a: Flareon|Flareon, M|38/100
|
|-weather|none
|-heal|p2a: Flareon|44/100|[from] item: Leftovers
|upkeep
|turn|30
|
|t:|1660822126
|move|p2a: Flareon|Protect|p2a: Flareon
|-singleturn|p2a: Flareon|Protect
|move|p1a: 死亡如风常伴吾身|Knock Off|p2a: Flareon
|-activate|p2a: Flareon|move: Protect
|
|-heal|p2a: Flareon|50/100|[from] item: Leftovers
|upkeep
|turn|31
|
|t:|1660822132
|switch|p2a: Silvally|Silvally-Fairy|72/100 slp
|move|p1a: 死亡如风常伴吾身|Knock Off|p2a: Silvally
|-resisted|p2a: Silvally
|-damage|p2a: Silvally|56/100 slp
|
|upkeep
|turn|32
|
|t:|1660822138
|move|p1a: 死亡如风常伴吾身|Knock Off|p2a: Silvally
|-resisted|p2a: Silvally
|-crit|p2a: Silvally
|-damage|p2a: Silvally|29/100 slp
|cant|p2a: Silvally|slp
|
|upkeep
|turn|33
|
|t:|1660822142
|move|p1a: 死亡如风常伴吾身|Knock Off|p2a: Silvally
|-resisted|p2a: Silvally
|-damage|p2a: Silvally|11/100 slp
|-curestatus|p2a: Silvally|slp|[msg]
|move|p2a: Silvally|Rest|p2a: Silvally
|-status|p2a: Silvally|slp|[from] move: Rest
|-heal|p2a: Silvally|100/100 slp|[silent]
|
|upkeep
|turn|34
|
|t:|1660822157
|switch|p1a: 窗外的麻雀在电线杆上啵嘴|Articuno-Galar|100/100
|cant|p2a: Silvally|slp
|
|upkeep
|turn|35
|
|t:|1660822163
|switch|p2a: Rhydon|Rhydon, F|87/100
|move|p1a: 窗外的麻雀在电线杆上啵嘴|Shadow Ball|p2a: Rhydon
|-damage|p2a: Rhydon|59/100
|
|upkeep
|turn|36
|
|t:|1660822170
|move|p1a: 窗外的麻雀在电线杆上啵嘴|Shadow Ball|p2a: Rhydon
|-damage|p2a: Rhydon|30/100
|move|p2a: Rhydon|Stealth Rock|p1a: 窗外的麻雀在电线杆上啵嘴
|-sidestart|p1: PULT4C1 QiYu5|move: Stealth Rock
|
|upkeep
|turn|37
|
|t:|1660822173
|move|p1a: 窗外的麻雀在电线杆上啵嘴|Shadow Ball|p2a: Rhydon
|-damage|p2a: Rhydon|4/100
|move|p2a: Rhydon|Rest|p2a: Rhydon
|-status|p2a: Rhydon|slp|[from] move: Rest
|-heal|p2a: Rhydon|100/100 slp|[silent]
|
|upkeep
|turn|38
|
|t:|1660822181
|switch|p2a: Flareon|Flareon, M|50/100
|move|p1a: 窗外的麻雀在电线杆上啵嘴|Shadow Ball|p2a: Flareon
|-damage|p2a: Flareon|18/100
|
|-heal|p2a: Flareon|24/100|[from] item: Leftovers
|upkeep
|turn|39
|
|t:|1660822188
|move|p2a: Flareon|Protect|p2a: Flareon
|-singleturn|p2a: Flareon|Protect
|move|p1a: 窗外的麻雀在电线杆上啵嘴|Shadow Ball|p2a: Flareon
|-activate|p2a: Flareon|move: Protect
|
|-heal|p2a: Flareon|30/100|[from] item: Leftovers
|upkeep
|turn|40
|
|t:|1660822203
|move|p1a: 窗外的麻雀在电线杆上啵嘴|Shadow Ball|p2a: Flareon
|-damage|p2a: Flareon|0 fnt
|faint|p2a: Flareon
|
|upkeep
|
|t:|1660822210
|switch|p2a: Scyther|Scyther, M|15/100
|turn|41
|
|t:|1660822213
|move|p2a: Scyther|Knock Off|p1a: 窗外的麻雀在电线杆上啵嘴
|-supereffective|p1a: 窗外的麻雀在电线杆上啵嘴
|-damage|p1a: 窗外的麻雀在电线杆上啵嘴|3/100
|-enditem|p1a: 窗外的麻雀在电线杆上啵嘴|Choice Specs|[from] move: Knock Off|[of] p2a: Scyther
|-damage|p2a: Scyther|5/100|[from] item: Life Orb
|move|p1a: 窗外的麻雀在电线杆上啵嘴|Shadow Ball|p2a: Scyther
|-damage|p2a: Scyther|0 fnt
|faint|p2a: Scyther
|
|upkeep
|
|t:|1660822232
|switch|p2a: Rhydon|Rhydon, F|100/100 slp
|turn|42
|
|t:|1660822239
|move|p1a: 窗外的麻雀在电线杆上啵嘴|Freezing Glare|p2a: Rhydon
|-damage|p2a: Rhydon|68/100 slp
|cant|p2a: Rhydon|slp
|
|upkeep
|turn|43
|
|t:|1660822242
|move|p1a: 窗外的麻雀在电线杆上啵嘴|Freezing Glare|p2a: Rhydon
|-damage|p2a: Rhydon|37/100 slp
|cant|p2a: Rhydon|slp
|
|upkeep
|turn|44
|
|t:|1660822246
|move|p1a: 窗外的麻雀在电线杆上啵嘴|Freezing Glare|p2a: Rhydon
|-damage|p2a: Rhydon|7/100 slp
|-curestatus|p2a: Rhydon|slp|[msg]
|move|p2a: Rhydon|Rock Blast|p1a: 窗外的麻雀在电线杆上啵嘴
|-supereffective|p1a: 窗外的麻雀在电线杆上啵嘴
|-damage|p1a: 窗外的麻雀在电线杆上啵嘴|0 fnt
|faint|p1a: 窗外的麻雀在电线杆上啵嘴
|-hitcount|p1: 窗外的麻雀在电线杆上啵嘴|1
|
|upkeep
|
|t:|1660822255
|switch|p1a: 死亡如风常伴吾身|Absol, F|100/100
|-damage|p1a: 死亡如风常伴吾身|88/100|[from] Stealth Rock
|turn|45
|
|t:|1660822259
|move|p1a: 死亡如风常伴吾身|Iron Tail|p2a: Rhydon
|-supereffective|p2a: Rhydon
|-damage|p2a: Rhydon|0 fnt
|faint|p2a: Rhydon
|
|upkeep
|
|t:|1660822263
|switch|p2a: Jellicent|Jellicent, F|100/100
|turn|46
|
|t:|1660822270
|switch|p1a: 人生就得带点绿|Eldegoss, F|100/100
|-damage|p1a: 人生就得带点绿|88/100|[from] Stealth Rock
|move|p2a: Jellicent|Water Spout|p1a: 人生就得带点绿
|-resisted|p1a: 人生就得带点绿
|-damage|p1a: 人生就得带点绿|43/100
|
|upkeep
|turn|47
|
|t:|1660822276
|switch|p1a: 全集中岩之呼吸|Gigalith, M|36/100
|-damage|p1a: 全集中岩之呼吸|24/100|[from] Stealth Rock
|-weather|Sandstorm|[from] ability: Sand Stream|[of] p1a: 全集中岩之呼吸
|move|p2a: Jellicent|Water Spout|p1a: 全集中岩之呼吸
|-supereffective|p1a: 全集中岩之呼吸
|-damage|p1a: 全集中岩之呼吸|0 fnt
|faint|p1a: 全集中岩之呼吸
|
|-weather|Sandstorm|[upkeep]
|-damage|p2a: Jellicent|94/100|[from] Sandstorm
|upkeep
|
|t:|1660822279
|switch|p1a: 死亡如风常伴吾身|Absol, F|88/100
|-damage|p1a: 死亡如风常伴吾身|76/100|[from] Stealth Rock
|turn|48
|
|t:|1660822292
|move|p1a: 死亡如风常伴吾身|Iron Tail|p2a: Jellicent|[miss]
|-miss|p1a: 死亡如风常伴吾身|p2a: Jellicent
|move|p2a: Jellicent|Water Spout|p1a: 死亡如风常伴吾身
|-damage|p1a: 死亡如风常伴吾身|0 fnt
|faint|p1a: 死亡如风常伴吾身
|
|-weather|Sandstorm|[upkeep]
|-damage|p2a: Jellicent|88/100|[from] Sandstorm
|upkeep
|
|t:|1660822300
|switch|p1a: 人生就得带点绿|Eldegoss, F|77/100
|-damage|p1a: 人生就得带点绿|64/100|[from] Stealth Rock
|turn|49
|
|t:|1660822305
|switch|p2a: Hattrem|Hattrem, F|54/100 slp
|move|p1a: 人生就得带点绿|Leaf Tornado|p2a: Hattrem
|-damage|p2a: Hattrem|37/100 slp
|
|-weather|Sandstorm|[upkeep]
|-damage|p1a: 人生就得带点绿|58/100|[from] Sandstorm
|-damage|p2a: Hattrem|31/100 slp|[from] Sandstorm
|upkeep
|turn|50
|
|t:|1660822315
|switch|p1a: 代表月亮消灭你|Aromatisse, M|100/100
|-damage|p1a: 代表月亮消灭你|88/100|[from] Stealth Rock
|cant|p2a: Hattrem|slp
|move|p2a: Hattrem|Sleep Talk|p2a: Hattrem
|move|p2a: Hattrem|Aromatherapy|p2a: Hattrem|[from]move: Sleep Talk
|-activate|p2a: Hattrem|move: Aromatherapy
|-curestatus|p2a: Hattrem|slp|[msg]
|-curestatus|p2: Silvally|slp|[msg]
|
|-weather|Sandstorm|[upkeep]
|-damage|p2a: Hattrem|25/100|[from] Sandstorm
|-damage|p1a: 代表月亮消灭你|82/100|[from] Sandstorm
|-heal|p1a: 代表月亮消灭你|88/100|[from] item: Leftovers
|upkeep
|turn|51
|
|t:|1660822324
|move|p2a: Hattrem|Rest|p2a: Hattrem
|-status|p2a: Hattrem|slp|[from] move: Rest
|-heal|p2a: Hattrem|100/100 slp|[silent]
|move|p1a: 代表月亮消灭你|Calm Mind|p1a: 代表月亮消灭你
|-boost|p1a: 代表月亮消灭你|spa|1
|-boost|p1a: 代表月亮消灭你|spd|1
|
|-weather|none
|-heal|p1a: 代表月亮消灭你|94/100|[from] item: Leftovers
|upkeep
|turn|52
|
|t:|1660822327
|switch|p2a: Jellicent|Jellicent, F|88/100
|move|p1a: 代表月亮消灭你|Calm Mind|p1a: 代表月亮消灭你
|-boost|p1a: 代表月亮消灭你|spa|1
|-boost|p1a: 代表月亮消灭你|spd|1
|
|-heal|p1a: 代表月亮消灭你|100/100|[from] item: Leftovers
|upkeep
|turn|53
|
|t:|1660822330
|move|p1a: 代表月亮消灭你|Protect|p1a: 代表月亮消灭你
|-singleturn|p1a: 代表月亮消灭你|Protect
|move|p2a: Jellicent|Trick|p1a: 代表月亮消灭你
|-activate|p1a: 代表月亮消灭你|move: Protect
|
|upkeep
|turn|54
|
|t:|1660822334
|switch|p1a: 人生就得带点绿|Eldegoss, F|92/100
|-damage|p1a: 人生就得带点绿|79/100|[from] Stealth Rock
|move|p2a: Jellicent|Trick|p1a: 人生就得带点绿
|-activate|p2a: Jellicent|move: Trick|[of] p1a: 人生就得带点绿
|-item|p1a: 人生就得带点绿|Choice Specs|[from] move: Trick
|-enditem|p2a: Jellicent|Choice Specs|[silent]|[from] move: Trick
|
|upkeep
|turn|55
|
|t:|1660822343
|move|p2a: Jellicent|Shadow Ball|p1a: 人生就得带点绿
|-damage|p1a: 人生就得带点绿|46/100
|move|p1a: 人生就得带点绿|Leaf Tornado|p2a: Jellicent
|-supereffective|p2a: Jellicent
|-damage|p2a: Jellicent|30/100
|-unboost|p2a: Jellicent|accuracy|1
|
|upkeep
|turn|56
|
|t:|1660822350
|move|p2a: Jellicent|Shadow Ball|p1a: 人生就得带点绿
|-damage|p1a: 人生就得带点绿|16/100
|move|p1a: 人生就得带点绿|Leaf Tornado|p2a: Jellicent
|-supereffective|p2a: Jellicent
|-damage|p2a: Jellicent|0 fnt
|faint|p2a: Jellicent
|
|upkeep
|
|t:|1660822360
|switch|p2a: Silvally|Silvally-Fairy|100/100
|turn|57
|
|t:|1660822366
|move|p2a: Silvally|Multi-Attack|p1a: 人生就得带点绿
|-damage|p1a: 人生就得带点绿|0 fnt
|faint|p1a: 人生就得带点绿
|
|upkeep
|
|t:|1660822370
|switch|p1a: 代表月亮消灭你|Aromatisse, M|100/100
|-damage|p1a: 代表月亮消灭你|88/100|[from] Stealth Rock
|turn|58
|
|t:|1660822372
|move|p2a: Silvally|Multi-Attack|p1a: 代表月亮消灭你
|-damage|p1a: 代表月亮消灭你|59/100
|move|p1a: 代表月亮消灭你|Wish|p1a: 代表月亮消灭你
|
|-heal|p1a: 代表月亮消灭你|65/100|[from] item: Leftovers
|upkeep
|turn|59
|
|t:|1660822376
|move|p2a: Silvally|Multi-Attack|p1a: 代表月亮消灭你
|-damage|p1a: 代表月亮消灭你|33/100
|move|p1a: 代表月亮消灭你|Calm Mind|p1a: 代表月亮消灭你
|-boost|p1a: 代表月亮消灭你|spa|1
|-boost|p1a: 代表月亮消灭你|spd|1
|
|-heal|p1a: 代表月亮消灭你|83/100|[from] move: Wish|[wisher] 代表月亮消灭你
|-heal|p1a: 代表月亮消灭你|89/100|[from] item: Leftovers
|upkeep
|turn|60
|
|t:|1660822380
|move|p2a: Silvally|Multi-Attack|p1a: 代表月亮消灭你
|-damage|p1a: 代表月亮消灭你|57/100
|move|p1a: 代表月亮消灭你|Wish|p1a: 代表月亮消灭你
|
|-heal|p1a: 代表月亮消灭你|64/100|[from] item: Leftovers
|upkeep
|turn|61
|
|t:|1660822382
|move|p2a: Silvally|Multi-Attack|p1a: 代表月亮消灭你
|-damage|p1a: 代表月亮消灭你|34/100
|move|p1a: 代表月亮消灭你|Calm Mind|p1a: 代表月亮消灭你
|-boost|p1a: 代表月亮消灭你|spa|1
|-boost|p1a: 代表月亮消灭你|spd|1
|
|-heal|p1a: 代表月亮消灭你|84/100|[from] move: Wish|[wisher] 代表月亮消灭你
|-heal|p1a: 代表月亮消灭你|91/100|[from] item: Leftovers
|upkeep
|turn|62
|
|t:|1660822386
|move|p2a: Silvally|Multi-Attack|p1a: 代表月亮消灭你
|-damage|p1a: 代表月亮消灭你|62/100
|move|p1a: 代表月亮消灭你|Wish|p1a: 代表月亮消灭你
|
|-heal|p1a: 代表月亮消灭你|68/100|[from] item: Leftovers
|upkeep
|turn|63
|
|t:|1660822391
|move|p1a: 代表月亮消灭你|Protect|p1a: 代表月亮消灭你
|-singleturn|p1a: 代表月亮消灭你|Protect
|move|p2a: Silvally|Multi-Attack|p1a: 代表月亮消灭你
|-activate|p1a: 代表月亮消灭你|move: Protect
|
|-heal|p1a: 代表月亮消灭你|100/100|[from] move: Wish|[wisher] 代表月亮消灭你
|upkeep
|turn|64
|
|t:|1660822398
|move|p2a: Silvally|Multi-Attack|p1a: 代表月亮消灭你
|-damage|p1a: 代表月亮消灭你|71/100
|move|p1a: 代表月亮消灭你|Calm Mind|p1a: 代表月亮消灭你
|-boost|p1a: 代表月亮消灭你|spa|1
|-boost|p1a: 代表月亮消灭你|spd|1
|
|-heal|p1a: 代表月亮消灭你|78/100|[from] item: Leftovers
|upkeep
|turn|65
|-message|pult4c1 shane forfeited.
|
|win|PULT4C1 QiYu5
|raw|PULT4C1 QiYu5's rating: 1545 &rarr; <strong>1565</strong><br />(+20 for winning)
|raw|pult4c1 shane's rating: 1552 &rarr; <strong>1532</strong><br />(-20 for losing)
|l|☆pult4c1 shane
||Ladder isn't responding, score probably updated but might not have (Request timeout).
