|raw|<div class="broadcast-blue"><strong>This battle is required to be public due to a player having a name starting with 'pult83c'.</div>
|j|☆shnen
|j|☆PULT83c yovan
|t:|1628176345
|gametype|singles
|player|p1|shnen|fantina|1547
|player|p2|PULT83c yovan|ghetsis|1553
|teamsize|p1|6
|teamsize|p2|6
|gen|8
|tier|[Gen 8] PU
|rated|
|rule|Sleep Clause Mod: Limit one foe put to sleep
|rule|Species Clause: Limit one of each Pokémon
|rule|OHKO Clause: OHKO moves are banned
|rule|Evasion Moves Clause: Evasion moves are banned
|rule|Endless Battle Clause: Forcing endless battles is banned
|rule|HP Percentage Mod: HP is shown in percentages
|rule|Dynamax Clause: You cannot dynamax
|clearpoke
|poke|p1|Gigalith, M|
|poke|p1|Scrafty, M|
|poke|p1|Ribombee, F|
|poke|p1|Tsareena, F|
|poke|p1|Weezing, M|
|poke|p1|Cofagrigus, M|
|poke|p2|Ferroseed, F|
|poke|p2|Gigalith, M|
|poke|p2|Charizard, M|
|poke|p2|Ribombee, F|
|poke|p2|Weezing, F|
|poke|p2|Scrafty, M|
|teampreview
|inactive|Battle timer is ON: inactive players will automatically lose when time's up. (requested by shnen)
|j| CDNThe3rd
|
|t:|1628176368
|start
|switch|p1a: Weezing|Weezing, M|100/100
|switch|p2a: Giga LIT|Gigalith, M|100/100
|-ability|p1a: Weezing|Neutralizing Gas
|turn|1
|
|t:|1628176374
|switch|p2a: Charli|Charizard, M|100/100
|move|p1a: Weezing|Will-O-Wisp|p2a: Charli|[miss]
|-miss|p1a: Weezing|p2a: Charli
|
|upkeep
|turn|2
|
|t:|1628176380
|move|p2a: Charli|Flamethrower|p1a: Weezing
|-damage|p1a: Weezing|45/100
|move|p1a: Weezing|Toxic Spikes|p2a: Charli
|-sidestart|p2: PULT83c yovan|move: Toxic Spikes
|
|upkeep
|turn|3
|
|t:|1628176386
|-end|p1a: Weezing|ability: Neutralizing Gas
|switch|p1a: Gigalith|Gigalith, M|100/100
|-weather|Sandstorm|[from] ability: Sand Stream|[of] p1a: Gigalith
|move|p2a: Charli|Toxic|p1a: Gigalith
|-status|p1a: Gigalith|tox
|
|-weather|Sandstorm|[upkeep]
|-damage|p2a: Charli|94/100|[from] Sandstorm
|-damage|p1a: Gigalith|94/100 tox|[from] psn
|upkeep
|turn|4
|
|t:|1628176391
|switch|p2a: Rolling Weed|Ferroseed, F|100/100
|move|p1a: Gigalith|Stealth Rock|p2a: Rolling Weed
|-sidestart|p2: PULT83c yovan|move: Stealth Rock
|
|-weather|Sandstorm|[upkeep]
|-damage|p1a: Gigalith|82/100 tox|[from] psn
|upkeep
|turn|5
|
|t:|1628176400
|switch|p1a: Weezing|Weezing, M|45/100
|-ability|p1a: Weezing|Neutralizing Gas
|move|p2a: Rolling Weed|Spikes|p1a: Weezing
|-sidestart|p1: shnen|Spikes
|
|-weather|Sandstorm|[upkeep]
|-damage|p1a: Weezing|39/100|[from] Sandstorm
|upkeep
|turn|6
|
|t:|1628176428
|switch|p2a: Covid Boss|Weezing, F|100/100
|-damage|p2a: Covid Boss|88/100|[from] Stealth Rock
|-sideend|p2: PULT83c yovan|move: Toxic Spikes|[of] p2a: Covid Boss
|move|p1a: Weezing|Pain Split|p2a: Covid Boss
|-sethp|p2a: Covid Boss|63/100|[from] move: Pain Split|[silent]
|-sethp|p1a: Weezing|63/100|[from] move: Pain Split
|
|-weather|Sandstorm|[upkeep]
|-damage|p2a: Covid Boss|57/100|[from] Sandstorm
|-damage|p1a: Weezing|57/100|[from] Sandstorm
|upkeep
|turn|7
|
|t:|1628176445
|-end|p1a: Weezing|ability: Neutralizing Gas
|switch|p1a: Gigalith|Gigalith, M|82/100 tox
|-damage|p1a: Gigalith|70/100 tox|[from] Spikes
|move|p2a: Covid Boss|Will-O-Wisp||[still]
|-fail|p2a: Covid Boss
|
|-weather|none
|-damage|p1a: Gigalith|64/100 tox|[from] psn
|upkeep
|turn|8
|
|t:|1628176453
|move|p2a: Covid Boss|Will-O-Wisp||[still]
|-fail|p2a: Covid Boss
|move|p1a: Gigalith|Rock Blast|p2a: Covid Boss|[miss]
|-miss|p1a: Gigalith|p2a: Covid Boss
|
|-damage|p1a: Gigalith|51/100 tox|[from] psn
|upkeep
|turn|9
|
|t:|1628176458
|switch|p2a: Rolling Weed|Ferroseed, F|100/100
|-damage|p2a: Rolling Weed|94/100|[from] Stealth Rock
|move|p1a: Gigalith|Rock Blast|p2a: Rolling Weed
|-resisted|p2a: Rolling Weed
|-damage|p2a: Rolling Weed|91/100
|-resisted|p2a: Rolling Weed
|-damage|p2a: Rolling Weed|88/100
|-hitcount|p2a: Rolling Weed|2
|
|-damage|p1a: Gigalith|33/100 tox|[from] psn
|upkeep
|turn|10
|
|t:|1628176460
|move|p1a: Gigalith|Rest|p1a: Gigalith
|-status|p1a: Gigalith|slp|[from] move: Rest
|-heal|p1a: Gigalith|100/100 slp|[silent]
|-enditem|p1a: Gigalith|Chesto Berry|[eat]
|-curestatus|p1a: Gigalith|slp|[msg]
|move|p2a: Rolling Weed|Spikes|p1a: Gigalith
|-sidestart|p1: shnen|Spikes
|
|upkeep
|turn|11
|
|t:|1628176476
|switch|p1a: Weezing|Weezing, M|57/100
|-ability|p1a: Weezing|Neutralizing Gas
|-damage|p1a: Weezing|41/100|[from] Spikes
|switch|p2a: Giga LIT|Gigalith, M|100/100
|-damage|p2a: Giga LIT|88/100|[from] Stealth Rock
|
|-heal|p2a: Giga LIT|94/100|[from] item: Leftovers
|upkeep
|turn|12
|
|t:|1628176487
|switch|p2a: Thuglife|Scrafty, M|100/100
|-damage|p2a: Thuglife|95/100|[from] Stealth Rock
|move|p1a: Weezing|Pain Split|p2a: Thuglife
|-sethp|p2a: Thuglife|68/100|[from] move: Pain Split|[silent]
|-sethp|p1a: Weezing|68/100|[from] move: Pain Split
|
|-heal|p2a: Thuglife|74/100|[from] item: Leftovers
|upkeep
|turn|13
|
|t:|1628176493
|-end|p1a: Weezing|ability: Neutralizing Gas
|switch|p1a: Ribombee|Ribombee, F|100/100
|move|p2a: Thuglife|Knock Off|p1a: Ribombee
|-resisted|p1a: Ribombee
|-damage|p1a: Ribombee|72/100
|-enditem|p1a: Ribombee|Heavy-Duty Boots|[from] move: Knock Off|[of] p2a: Thuglife
|
|-heal|p2a: Thuglife|80/100|[from] item: Leftovers
|upkeep
|turn|14
|
|t:|1628176519
|switch|p1a: Scrafty|Scrafty, M|100/100
|-damage|p1a: Scrafty|84/100|[from] Spikes
|switch|p2a: Giga LIT|Gigalith, M|94/100
|-damage|p2a: Giga LIT|82/100|[from] Stealth Rock
|-weather|Sandstorm|[from] ability: Sand Stream|[of] p2a: Giga LIT
|
|-weather|Sandstorm|[upkeep]
|-damage|p1a: Scrafty|78/100|[from] Sandstorm
|-heal|p2a: Giga LIT|88/100|[from] item: Leftovers
|upkeep
|turn|15
|
|t:|1628176536
|switch|p2a: Covid Boss|Weezing, F|57/100
|-damage|p2a: Covid Boss|45/100|[from] Stealth Rock
|move|p1a: Scrafty|Knock Off|p2a: Covid Boss
|-damage|p2a: Covid Boss|17/100
|-damage|p1a: Scrafty|61/100|[from] item: Rocky Helmet|[of] p2a: Covid Boss
|-enditem|p2a: Covid Boss|Rocky Helmet|[from] move: Knock Off|[of] p1a: Scrafty
|
|-weather|Sandstorm|[upkeep]
|-damage|p1a: Scrafty|55/100|[from] Sandstorm
|-damage|p2a: Covid Boss|11/100|[from] Sandstorm
|upkeep
|turn|16
|
|t:|1628176542
|move|p1a: Scrafty|Knock Off|p2a: Covid Boss
|-damage|p2a: Covid Boss|0 fnt
|faint|p2a: Covid Boss
|
|-weather|Sandstorm|[upkeep]
|-damage|p1a: Scrafty|50/100|[from] Sandstorm
|upkeep
|
|t:|1628176546
|switch|p2a: Ribombeille|Ribombee, F|100/100
|turn|17
|
|t:|1628176552
|switch|p1a: Gigalith|Gigalith, M|100/100
|-damage|p1a: Gigalith|84/100|[from] Spikes
|move|p2a: Ribombeille|Moonblast|p1a: Gigalith
|-damage|p1a: Gigalith|64/100
|-unboost|p1a: Gigalith|spa|1
|
|-weather|Sandstorm|[upkeep]
|-damage|p2a: Ribombeille|94/100|[from] Sandstorm
|upkeep
|turn|18
|j| Gva
|
|t:|1628176558
|switch|p2a: Giga LIT|Gigalith, M|88/100
|-damage|p2a: Giga LIT|76/100|[from] Stealth Rock
|switch|p1a: Scrafty|Scrafty, M|50/100
|-damage|p1a: Scrafty|33/100|[from] Spikes
|
|-weather|none
|-heal|p2a: Giga LIT|82/100|[from] item: Leftovers
|upkeep
|turn|19
|
|t:|1628176563
|move|p1a: Scrafty|Close Combat|p2a: Giga LIT
|-supereffective|p2a: Giga LIT
|-damage|p2a: Giga LIT|11/100
|-unboost|p1a: Scrafty|def|1
|-unboost|p1a: Scrafty|spd|1
|move|p2a: Giga LIT|Stealth Rock|p1a: Scrafty
|-sidestart|p1: shnen|move: Stealth Rock
|
|-heal|p2a: Giga LIT|17/100|[from] item: Leftovers
|upkeep
|turn|20
|
|t:|1628176572
|move|p1a: Scrafty|Knock Off|p2a: Giga LIT
|-damage|p2a: Giga LIT|0 fnt
|-enditem|p2a: Giga LIT|Leftovers|[from] move: Knock Off|[of] p1a: Scrafty
|faint|p2a: Giga LIT
|
|upkeep
|
|t:|1628176574
|switch|p2a: Ribombeille|Ribombee, F|94/100
|turn|21
|
|t:|1628176579
|move|p2a: Ribombeille|Quiver Dance|p2a: Ribombeille
|-boost|p2a: Ribombeille|spa|1
|-boost|p2a: Ribombeille|spd|1
|-boost|p2a: Ribombeille|spe|1
|move|p1a: Scrafty|Knock Off|p2a: Ribombeille
|-resisted|p2a: Ribombeille
|-damage|p2a: Ribombeille|52/100
|-enditem|p2a: Ribombeille|Heavy-Duty Boots|[from] move: Knock Off|[of] p1a: Scrafty
|
|upkeep
|turn|22
|
|t:|1628176583
|move|p2a: Ribombeille|Quiver Dance|p2a: Ribombeille
|-boost|p2a: Ribombeille|spa|1
|-boost|p2a: Ribombeille|spd|1
|-boost|p2a: Ribombeille|spe|1
|move|p1a: Scrafty|Poison Jab|p2a: Ribombeille
|-supereffective|p2a: Ribombeille
|-damage|p2a: Ribombeille|0 fnt
|faint|p2a: Ribombeille
|
|upkeep
|
|t:|1628176589
|switch|p2a: Charli|Charizard, M|94/100
|turn|23
|
|t:|1628176594
|switch|p2a: Thuglife|Scrafty, M|80/100
|-damage|p2a: Thuglife|74/100|[from] Stealth Rock
|move|p1a: Scrafty|Knock Off|p2a: Thuglife
|-resisted|p2a: Thuglife
|-damage|p2a: Thuglife|65/100
|-enditem|p2a: Thuglife|Leftovers|[from] move: Knock Off|[of] p1a: Scrafty
|
|upkeep
|turn|24
|
|t:|1628176602
|switch|p2a: Charli|Charizard, M|94/100
|move|p1a: Scrafty|Dragon Dance|p1a: Scrafty
|-boost|p1a: Scrafty|atk|1
|-boost|p1a: Scrafty|spe|1
|
|upkeep
|turn|25
|
|t:|1628176608
|move|p1a: Scrafty|Knock Off|p2a: Charli
|-damage|p2a: Charli|17/100
|-enditem|p2a: Charli|Heavy-Duty Boots|[from] move: Knock Off|[of] p1a: Scrafty
|move|p2a: Charli|Flamethrower|p1a: Scrafty
|-damage|p1a: Scrafty|0 fnt
|faint|p1a: Scrafty
|
|upkeep
|
|t:|1628176620
|switch|p1a: Gigalith|Gigalith, M|64/100
|-damage|p1a: Gigalith|48/100|[from] Spikes
|-damage|p1a: Gigalith|36/100|[from] Stealth Rock
|-weather|Sandstorm|[from] ability: Sand Stream|[of] p1a: Gigalith
|turn|26
|
|t:|1628176625
|switch|p2a: Rolling Weed|Ferroseed, F|88/100
|-damage|p2a: Rolling Weed|82/100|[from] Stealth Rock
|move|p1a: Gigalith|Rock Blast|p2a: Rolling Weed
|-resisted|p2a: Rolling Weed
|-damage|p2a: Rolling Weed|79/100
|-resisted|p2a: Rolling Weed
|-damage|p2a: Rolling Weed|75/100
|-resisted|p2a: Rolling Weed
|-damage|p2a: Rolling Weed|72/100
|-hitcount|p2a: Rolling Weed|3
|
|-weather|Sandstorm|[upkeep]
|upkeep
|turn|27
|
|t:|1628176635
|move|p1a: Gigalith|Rest|p1a: Gigalith
|-status|p1a: Gigalith|slp|[from] move: Rest
|-heal|p1a: Gigalith|100/100 slp|[silent]
|move|p2a: Rolling Weed|Leech Seed|p1a: Gigalith
|-start|p1a: Gigalith|move: Leech Seed
|
|-weather|Sandstorm|[upkeep]
|-damage|p1a: Gigalith|88/100 slp|[from] Leech Seed|[of] p2a: Rolling Weed
|-heal|p2a: Rolling Weed|88/100|[silent]
|upkeep
|turn|28
|
|t:|1628176640
|switch|p1a: Tsareena|Tsareena, F|100/100
|move|p2a: Rolling Weed|Knock Off|p1a: Tsareena
|-damage|p1a: Tsareena|86/100
|-enditem|p1a: Tsareena|Heavy-Duty Boots|[from] move: Knock Off|[of] p2a: Rolling Weed
|
|-weather|Sandstorm|[upkeep]
|-damage|p1a: Tsareena|80/100|[from] Sandstorm
|upkeep
|turn|29
|
|t:|1628176646
|move|p1a: Tsareena|Rapid Spin|p2a: Rolling Weed
|-resisted|p2a: Rolling Weed
|-damage|p2a: Rolling Weed|84/100
|-boost|p1a: Tsareena|spe|1
|-damage|p1a: Tsareena|68/100|[from] ability: Iron Barbs|[of] p2a: Rolling Weed
|-sideend|p1: shnen|Spikes|[from] move: Rapid Spin|[of] p1a: Tsareena
|-sideend|p1: shnen|Stealth Rock|[from] move: Rapid Spin|[of] p1a: Tsareena
|move|p2a: Rolling Weed|Spikes|p1a: Tsareena
|-sidestart|p1: shnen|Spikes
|
|-weather|Sandstorm|[upkeep]
|-damage|p1a: Tsareena|62/100|[from] Sandstorm
|upkeep
|turn|30
|
|t:|1628176651
|move|p1a: Tsareena|Knock Off|p2a: Rolling Weed
|-damage|p2a: Rolling Weed|64/100
|-damage|p1a: Tsareena|49/100|[from] ability: Iron Barbs|[of] p2a: Rolling Weed
|-enditem|p2a: Rolling Weed|Eviolite|[from] move: Knock Off|[of] p1a: Tsareena
|move|p2a: Rolling Weed|Spikes|p1a: Tsareena
|-sidestart|p1: shnen|Spikes
|
|-weather|none
|upkeep
|turn|31
|
|t:|1628176659
|move|p2a: Rolling Weed|Protect|p2a: Rolling Weed
|-singleturn|p2a: Rolling Weed|Protect
|move|p1a: Tsareena|Knock Off|p2a: Rolling Weed
|-activate|p2a: Rolling Weed|move: Protect
|
|upkeep
|turn|32
|
|t:|1628176663
|move|p1a: Tsareena|Aromatherapy|p1a: Tsareena
|-activate|p1a: Tsareena|move: Aromatherapy
|-curestatus|p1: Gigalith|slp|[msg]
|move|p2a: Rolling Weed|Knock Off|p1a: Tsareena
|-damage|p1a: Tsareena|38/100
|
|upkeep
|turn|33
|
|t:|1628176665
|move|p1a: Tsareena|Rapid Spin|p2a: Rolling Weed
|-resisted|p2a: Rolling Weed
|-damage|p2a: Rolling Weed|57/100
|-boost|p1a: Tsareena|spe|1
|-damage|p1a: Tsareena|26/100|[from] ability: Iron Barbs|[of] p2a: Rolling Weed
|-sideend|p1: shnen|Spikes|[from] move: Rapid Spin|[of] p1a: Tsareena
|move|p2a: Rolling Weed|Knock Off|p1a: Tsareena
|-damage|p1a: Tsareena|15/100
|
|upkeep
|turn|34
|
|t:|1628176669
|switch|p1a: Weezing|Weezing, M|68/100
|-ability|p1a: Weezing|Neutralizing Gas
|move|p2a: Rolling Weed|Spikes|p1a: Weezing
|-sidestart|p1: shnen|Spikes
|
|upkeep
|turn|35
|
|t:|1628176671
|switch|p2a: Thuglife|Scrafty, M|65/100
|-damage|p2a: Thuglife|59/100|[from] Stealth Rock
|move|p1a: Weezing|Flamethrower|p2a: Thuglife
|-damage|p2a: Thuglife|48/100
|
|upkeep
|turn|36
|
|t:|1628176676
|-end|p1a: Weezing|ability: Neutralizing Gas
|switch|p1a: Ribombee|Ribombee, F|72/100
|-damage|p1a: Ribombee|60/100|[from] Spikes
|move|p2a: Thuglife|Drain Punch|p1a: Ribombee
|-resisted|p1a: Ribombee
|-damage|p1a: Ribombee|48/100
|-heal|p2a: Thuglife|52/100|[from] drain|[of] p1a: Ribombee
|
|upkeep
|turn|37
|
|t:|1628176680
|switch|p2a: Charli|Charizard, M|17/100
|-damage|p2a: Charli|0 fnt|[from] Stealth Rock
|faint|p2a: Charli
|move|p1a: Ribombee|Moonblast|p2: Charli|[notarget]
|-fail|p1a: Ribombee
|
|upkeep
|
|t:|1628176684
|switch|p2a: Rolling Weed|Ferroseed, F|57/100
|-damage|p2a: Rolling Weed|51/100|[from] Stealth Rock
|turn|38
|
|t:|1628176687
|move|p1a: Ribombee|Substitute|p1a: Ribombee
|-start|p1a: Ribombee|Substitute
|-damage|p1a: Ribombee|23/100
|move|p2a: Rolling Weed|Spikes|p1a: Ribombee
|-sidestart|p1: shnen|Spikes
|
|upkeep
|turn|39
|
|t:|1628176693
|move|p1a: Ribombee|Roost|p1a: Ribombee
|-heal|p1a: Ribombee|73/100
|-singleturn|p1a: Ribombee|move: Roost
|move|p2a: Rolling Weed|Knock Off|p1a: Ribombee
|-resisted|p1a: Ribombee
|-activate|p1a: Ribombee|move: Substitute|[damage]
|
|upkeep
|turn|40
|-message|PULT83c yovan forfeited.
|
|win|shnen
|raw|shnen's rating: 1547 &rarr; <strong>1567</strong><br />(+20 for winning)
|raw|PULT83c yovan's rating: 1553 &rarr; <strong>1533</strong><br />(-20 for losing)
|l|☆PULT83c yovan
|c|☆shnen|gg
||Ladder isn't responding, score probably updated but might not have (Request timeout).
