|j|☆Slakingoff1234
|j|☆JoJo Reference #11
|t:|1666221646
|gametype|singles
|player|p1|Slakingoff1234|riley|1331
|player|p2|JoJo Reference #11|169|1312
|teamsize|p1|6
|teamsize|p2|6
|gen|8
|tier|[Gen 8] PU
|rated|
|rule|Sleep Clause Mod: Limit one foe put to sleep
|rule|Species Clause: Limit one of each Pokémon
|rule|OHKO Clause: OHKO moves are banned
|rule|Evasion Items Clause: Evasion items are banned
|rule|Evasion Moves Clause: Evasion moves are banned
|rule|Endless Battle Clause: Forcing endless battles is banned
|rule|HP Percentage Mod: HP is shown in percentages
|rule|Dynamax Clause: You cannot dynamax
|clearpoke
|poke|p1|Scrafty, M|
|poke|p1|Quagsire, F|
|poke|p1|Bouffalant, F|
|poke|p1|Archeops, F|
|poke|p1|Cryogonal|
|poke|p1|Shuckle, M|
|poke|p2|Abomasnow, F|
|poke|p2|Jolteon, F|
|poke|p2|Eldegoss, F|
|poke|p2|Sandaconda, M|
|poke|p2|Coalossal, F|
|poke|p2|Druddigon, M|
|teampreview
|
|t:|1666221660
|start
|switch|p1a: Cryogonal|Cryogonal, shiny|100/100
|switch|p2a: Coalossal|Coalossal, F|100/100
|turn|1
|inactive|Battle timer is ON: inactive players will automatically lose when time's up. (requested by Slakingoff1234)
|
|t:|1666221679
|move|p1a: Cryogonal|Toxic|p2a: Coalossal|[miss]
|-miss|p1a: Cryogonal|p2a: Coalossal
|move|p2a: Coalossal|Spikes|p1a: Cryogonal
|-sidestart|p1: Slakingoff1234|Spikes
|
|upkeep
|turn|2
|
|t:|1666221685
|move|p1a: Cryogonal|Toxic|p2a: Coalossal
|-status|p2a: Coalossal|tox
|move|p2a: Coalossal|Tar Shot|p1a: Cryogonal
|-unboost|p1a: Cryogonal|spe|1
|-start|p1a: Cryogonal|Tar Shot
|
|-damage|p2a: Coalossal|94/100 tox|[from] psn
|upkeep
|turn|3
|
|t:|1666221698
|switch|p1a: Quagsire|Quagsire, F, shiny|100/100
|-damage|p1a: Quagsire|88/100|[from] Spikes
|move|p2a: Coalossal|Flamethrower|p1a: Quagsire
|-resisted|p1a: Quagsire
|-damage|p1a: Quagsire|71/100
|-status|p1a: Quagsire|brn
|
|-heal|p1a: Quagsire|77/100 brn|[from] item: Leftovers
|-damage|p2a: Coalossal|82/100 tox|[from] psn
|-damage|p1a: Quagsire|71/100 brn|[from] brn
|upkeep
|turn|4
|
|t:|1666221711
|switch|p2a: Eldegoss|Eldegoss, F|100/100
|move|p1a: Quagsire|Toxic|p2a: Eldegoss
|-status|p2a: Eldegoss|tox
|
|-heal|p1a: Quagsire|77/100 brn|[from] item: Leftovers
|-damage|p2a: Eldegoss|94/100 tox|[from] psn
|-damage|p1a: Quagsire|71/100 brn|[from] brn
|upkeep
|turn|5
|
|t:|1666221718
|switch|p2a: Abomasnow|Abomasnow, F, shiny|100/100
|-weather|Hail|[from] ability: Snow Warning|[of] p2a: Abomasnow
|switch|p1a: Cryogonal|Cryogonal, shiny|100/100
|
|-weather|Hail|[upkeep]
|upkeep
|turn|6
|
|t:|1666221728
|switch|p2a: Eldegoss|Eldegoss, F|100/100 tox
|move|p1a: Cryogonal|Toxic|p2a: Eldegoss
|-fail|p2a: Eldegoss|tox
|
|-weather|Hail|[upkeep]
|-damage|p2a: Eldegoss|94/100 tox|[from] Hail
|-damage|p2a: Eldegoss|88/100 tox|[from] psn
|upkeep
|turn|7
|
|t:|1666221732
|move|p1a: Cryogonal|Rapid Spin|p2a: Eldegoss
|-damage|p2a: Eldegoss|81/100 tox
|-boost|p1a: Cryogonal|spe|1
|-sideend|p1: Slakingoff1234|Spikes|[from] move: Rapid Spin|[of] p1a: Cryogonal
|move|p2a: Eldegoss|Sleep Powder|p1a: Cryogonal
|-status|p1a: Cryogonal|slp|[from] move: Sleep Powder
|
|-weather|Hail|[upkeep]
|-damage|p2a: Eldegoss|75/100 tox|[from] Hail
|-damage|p2a: Eldegoss|63/100 tox|[from] psn
|upkeep
|turn|8
|
|t:|1666221743
|switch|p1a: Shuckle|Shuckle, M, shiny|100/100
|switch|p2a: Abomasnow|Abomasnow, F, shiny|100/100
|
|-weather|Hail|[upkeep]
|-damage|p1a: Shuckle|94/100|[from] Hail
|upkeep
|turn|9
|
|t:|1666221751
|move|p2a: Abomasnow|Substitute|p2a: Abomasnow
|-start|p2a: Abomasnow|Substitute
|-damage|p2a: Abomasnow|75/100
|move|p1a: Shuckle|Sticky Web|p2a: Abomasnow
|-sidestart|p2: JoJo Reference #11|move: Sticky Web
|
|-weather|none
|-heal|p2a: Abomasnow|82/100|[from] item: Leftovers
|upkeep
|turn|10
|
|t:|1666221758
|move|p2a: Abomasnow|Ice Beam|p1a: Shuckle
|-damage|p1a: Shuckle|77/100
|-status|p1a: Shuckle|frz
|cant|p1a: Shuckle|frz
|
|-heal|p2a: Abomasnow|88/100|[from] item: Leftovers
|upkeep
|turn|11
|
|t:|1666221764
|move|p2a: Abomasnow|Leech Seed|p1a: Shuckle
|-start|p1a: Shuckle|move: Leech Seed
|cant|p1a: Shuckle|frz
|
|-heal|p2a: Abomasnow|94/100|[from] item: Leftovers
|-damage|p1a: Shuckle|64/100 frz|[from] Leech Seed|[of] p2a: Abomasnow
|-heal|p2a: Abomasnow|100/100|[silent]
|upkeep
|turn|12
|
|t:|1666221769
|switch|p1a: Cryogonal|Cryogonal, shiny|100/100 slp
|move|p2a: Abomasnow|Ice Beam|p1a: Cryogonal
|-resisted|p1a: Cryogonal
|-damage|p1a: Cryogonal|91/100 slp
|
|upkeep
|turn|13
|
|t:|1666221775
|switch|p2a: Eldegoss|Eldegoss, F|96/100 tox
|cant|p1a: Cryogonal|slp
|
|-damage|p2a: Eldegoss|90/100 tox|[from] psn
|upkeep
|turn|14
|
|t:|1666221782
|cant|p1a: Cryogonal|slp
|move|p2a: Eldegoss|Rapid Spin|p1a: Cryogonal
|-damage|p1a: Cryogonal|81/100 slp
|-boost|p2a: Eldegoss|spe|1
|-sideend|p2: JoJo Reference #11|Sticky Web|[from] move: Rapid Spin|[of] p2a: Eldegoss
|
|-damage|p2a: Eldegoss|78/100 tox|[from] psn
|upkeep
|turn|15
|
|t:|1666221789
|switch|p1a: Shuckle|Shuckle, M, shiny|64/100 frz
|move|p2a: Eldegoss|Aromatherapy|p2a: Eldegoss
|-activate|p2a: Eldegoss|move: Aromatherapy
|-curestatus|p2a: Eldegoss|tox|[msg]
|-curestatus|p2: Coalossal|tox|[msg]
|
|upkeep
|turn|16
|
|t:|1666221795
|switch|p2a: Sandaconda|Sandaconda, M|100/100
|cant|p1a: Shuckle|frz
|
|upkeep
|turn|17
|
|t:|1666221804
|switch|p1a: Cryogonal|Cryogonal, shiny|81/100 slp
|move|p2a: Sandaconda|Coil|p2a: Sandaconda
|-boost|p2a: Sandaconda|atk|1
|-boost|p2a: Sandaconda|def|1
|-boost|p2a: Sandaconda|accuracy|1
|
|upkeep
|turn|18
|
|t:|1666221811
|cant|p1a: Cryogonal|slp
|move|p2a: Sandaconda|Rock Slide|p1a: Cryogonal
|-supereffective|p1a: Cryogonal
|-crit|p1a: Cryogonal
|-damage|p1a: Cryogonal|0 fnt
|faint|p1a: Cryogonal
|
|upkeep
|
|t:|1666221820
|switch|p1a: Quagsire|Quagsire, F, shiny|71/100 brn
|turn|19
|
|t:|1666221826
|switch|p2a: Eldegoss|Eldegoss, F|100/100
|move|p1a: Quagsire|Recover|p1a: Quagsire
|-heal|p1a: Quagsire|100/100 brn
|
|-damage|p1a: Quagsire|94/100 brn|[from] brn
|upkeep
|turn|20
|
|t:|1666221832
|switch|p1a: Bouffalant|Bouffalant, F, shiny|100/100
|move|p2a: Eldegoss|Giga Drain|p1a: Bouffalant
|-ability|p1a: Bouffalant|Sap Sipper|boost
|-boost|p1a: Bouffalant|atk|1
|
|upkeep
|turn|21
|
|t:|1666221840
|switch|p2a: Druddigon|Druddigon, M|100/100
|move|p1a: Bouffalant|Substitute|p1a: Bouffalant
|-start|p1a: Bouffalant|Substitute
|-damage|p1a: Bouffalant|76/100
|
|-heal|p1a: Bouffalant|82/100|[from] item: Leftovers
|upkeep
|turn|22
|
|t:|1666221845
|move|p1a: Bouffalant|Swords Dance|p1a: Bouffalant
|-boost|p1a: Bouffalant|atk|2
|move|p2a: Druddigon|Earthquake|p1a: Bouffalant
|-end|p1a: Bouffalant|Substitute
|
|-heal|p1a: Bouffalant|88/100|[from] item: Leftovers
|upkeep
|turn|23
|
|t:|1666221850
|move|p1a: Bouffalant|Earthquake|p2a: Druddigon
|-damage|p2a: Druddigon|57/100
|move|p2a: Druddigon|Glare|p1a: Bouffalant
|-status|p1a: Bouffalant|par
|
|-heal|p1a: Bouffalant|94/100 par|[from] item: Leftovers
|upkeep
|turn|24
|
|t:|1666221858
|move|p1a: Bouffalant|Earthquake|p2a: Druddigon
|-damage|p2a: Druddigon|12/100
|move|p2a: Druddigon|Dragon Tail|p1a: Bouffalant
|-damage|p1a: Bouffalant|71/100 par
|drag|p1a: Shuckle|Shuckle, M, shiny|64/100 frz
|
|upkeep
|turn|25
|
|t:|1666221863
|move|p2a: Druddigon|Stealth Rock|p1a: Shuckle
|-sidestart|p1: Slakingoff1234|move: Stealth Rock
|cant|p1a: Shuckle|frz
|
|upkeep
|turn|26
|
|t:|1666221866
|switch|p2a: Abomasnow|Abomasnow, F, shiny|100/100
|-weather|Hail|[from] ability: Snow Warning|[of] p2a: Abomasnow
|cant|p1a: Shuckle|frz
|
|-weather|Hail|[upkeep]
|-damage|p1a: Shuckle|58/100 frz|[from] Hail
|upkeep
|turn|27
|
|t:|1666221871
|move|p2a: Abomasnow|Substitute|p2a: Abomasnow
|-start|p2a: Abomasnow|Substitute
|-damage|p2a: Abomasnow|75/100
|-curestatus|p1a: Shuckle|frz|[msg]
|move|p1a: Shuckle|Sticky Web|p2a: Abomasnow
|-sidestart|p2: JoJo Reference #11|move: Sticky Web
|
|-weather|Hail|[upkeep]
|-damage|p1a: Shuckle|52/100|[from] Hail
|-heal|p2a: Abomasnow|82/100|[from] item: Leftovers
|upkeep
|turn|28
|
|t:|1666221874
|move|p2a: Abomasnow|Ice Beam|p1a: Shuckle
|-damage|p1a: Shuckle|32/100
|move|p1a: Shuckle|Sticky Web||[still]
|-fail|p1a: Shuckle
|
|-weather|Hail|[upkeep]
|-damage|p1a: Shuckle|26/100|[from] Hail
|-heal|p2a: Abomasnow|88/100|[from] item: Leftovers
|upkeep
|turn|29
|
|t:|1666221876
|move|p2a: Abomasnow|Ice Beam|p1a: Shuckle
|-damage|p1a: Shuckle|9/100
|move|p1a: Shuckle|Stealth Rock|p2a: Abomasnow
|-sidestart|p2: JoJo Reference #11|move: Stealth Rock
|
|-weather|Hail|[upkeep]
|-damage|p1a: Shuckle|3/100|[from] Hail
|-heal|p2a: Abomasnow|94/100|[from] item: Leftovers
|upkeep
|turn|30
|
|t:|1666221882
|move|p2a: Abomasnow|Ice Beam|p1a: Shuckle
|-damage|p1a: Shuckle|0 fnt
|faint|p1a: Shuckle
|
|-weather|none
|-heal|p2a: Abomasnow|99/100|[from] item: Leftovers
|upkeep
|
|t:|1666221890
|switch|p1a: Scrafty|Scrafty, M, shiny|100/100
|-damage|p1a: Scrafty|95/100|[from] Stealth Rock
|turn|31
|
|t:|1666221892
|move|p2a: Abomasnow|Leech Seed|p1a: Scrafty
|-start|p1a: Scrafty|move: Leech Seed
|move|p1a: Scrafty|Bulk Up|p1a: Scrafty
|-boost|p1a: Scrafty|atk|1
|-boost|p1a: Scrafty|def|1
|
|-heal|p2a: Abomasnow|100/100|[from] item: Leftovers
|-heal|p1a: Scrafty|100/100|[from] item: Leftovers
|-damage|p1a: Scrafty|88/100|[from] Leech Seed|[of] p2a: Abomasnow
|upkeep
|turn|32
|
|t:|1666221897
|move|p2a: Abomasnow|Ice Beam|p1a: Scrafty
|-damage|p1a: Scrafty|70/100
|move|p1a: Scrafty|Bulk Up|p1a: Scrafty
|-boost|p1a: Scrafty|atk|1
|-boost|p1a: Scrafty|def|1
|
|-heal|p1a: Scrafty|76/100|[from] item: Leftovers
|-damage|p1a: Scrafty|64/100|[from] Leech Seed|[of] p2a: Abomasnow
|upkeep
|turn|33
|
|t:|1666221902
|move|p2a: Abomasnow|Ice Beam|p1a: Scrafty
|-damage|p1a: Scrafty|43/100
|move|p1a: Scrafty|Knock Off|p2a: Abomasnow
|-end|p2a: Abomasnow|Substitute
|
|-heal|p1a: Scrafty|49/100|[from] item: Leftovers
|-damage|p1a: Scrafty|36/100|[from] Leech Seed|[of] p2a: Abomasnow
|upkeep
|turn|34
|
|t:|1666221915
|move|p2a: Abomasnow|Substitute|p2a: Abomasnow
|-start|p2a: Abomasnow|Substitute
|-damage|p2a: Abomasnow|75/100
|move|p1a: Scrafty|Rest|p1a: Scrafty
|-status|p1a: Scrafty|slp|[from] move: Rest
|-heal|p1a: Scrafty|100/100 slp|[silent]
|
|-heal|p2a: Abomasnow|82/100|[from] item: Leftovers
|-activate|p1a: Scrafty|ability: Shed Skin
|-curestatus|p1a: Scrafty|slp|[msg]
|-damage|p1a: Scrafty|88/100|[from] Leech Seed|[of] p2a: Abomasnow
|-heal|p2a: Abomasnow|93/100|[silent]
|upkeep
|turn|35
|
|t:|1666221920
|move|p2a: Abomasnow|Ice Beam|p1a: Scrafty
|-damage|p1a: Scrafty|67/100
|move|p1a: Scrafty|Drain Punch|p2a: Abomasnow
|-supereffective|p2a: Abomasnow
|-end|p2a: Abomasnow|Substitute
|-heal|p1a: Scrafty|81/100|[from] drain|[of] p2a: Abomasnow
|
|-heal|p2a: Abomasnow|99/100|[from] item: Leftovers
|-heal|p1a: Scrafty|87/100|[from] item: Leftovers
|-damage|p1a: Scrafty|74/100|[from] Leech Seed|[of] p2a: Abomasnow
|-heal|p2a: Abomasnow|100/100|[silent]
|upkeep
|turn|36
|
|t:|1666221926
|switch|p2a: Druddigon|Druddigon, M|12/100
|-activate|p2a: Druddigon|move: Sticky Web
|-unboost|p2a: Druddigon|spe|1
|-damage|p2a: Druddigon|0 fnt|[from] Stealth Rock
|faint|p2a: Druddigon
|move|p1a: Scrafty|Drain Punch|p2: Druddigon|[notarget]
|-fail|p1a: Scrafty
|
|-heal|p1a: Scrafty|80/100|[from] item: Leftovers
|upkeep
|
|t:|1666221927
|switch|p2a: Eldegoss|Eldegoss, F|100/100
|turn|37
|
|t:|1666221933
|move|p2a: Eldegoss|Rapid Spin|p1a: Scrafty
|-damage|p1a: Scrafty|77/100
|-boost|p2a: Eldegoss|spe|1
|-sideend|p2: JoJo Reference #11|Stealth Rock|[from] move: Rapid Spin|[of] p2a: Eldegoss
|-sideend|p2: JoJo Reference #11|Sticky Web|[from] move: Rapid Spin|[of] p2a: Eldegoss
|move|p1a: Scrafty|Knock Off|p2a: Eldegoss
|-damage|p2a: Eldegoss|32/100
|-enditem|p2a: Eldegoss|Heavy-Duty Boots|[from] move: Knock Off|[of] p1a: Scrafty
|
|-heal|p1a: Scrafty|83/100|[from] item: Leftovers
|-damage|p1a: Scrafty|71/100|[from] Leech Seed|[of] p2a: Eldegoss
|-heal|p2a: Eldegoss|44/100|[silent]
|upkeep
|turn|38
|
|t:|1666221941
|move|p2a: Eldegoss|Sleep Powder|p1a: Scrafty
|-status|p1a: Scrafty|slp|[from] move: Sleep Powder
|cant|p1a: Scrafty|slp
|
|-activate|p1a: Scrafty|ability: Shed Skin
|-curestatus|p1a: Scrafty|slp|[msg]
|-heal|p1a: Scrafty|77/100|[from] item: Leftovers
|-damage|p1a: Scrafty|65/100|[from] Leech Seed|[of] p2a: Eldegoss
|-heal|p2a: Eldegoss|57/100|[silent]
|upkeep
|turn|39
|
|t:|1666221944
|move|p2a: Eldegoss|Sleep Powder|p1a: Scrafty
|-status|p1a: Scrafty|slp|[from] move: Sleep Powder
|cant|p1a: Scrafty|slp
|
|-heal|p1a: Scrafty|71/100 slp|[from] item: Leftovers
|-damage|p1a: Scrafty|59/100 slp|[from] Leech Seed|[of] p2a: Eldegoss
|-heal|p2a: Eldegoss|70/100|[silent]
|upkeep
|turn|40
|
|t:|1666221947
|switch|p2a: Jolteon|Jolteon, F|100/100
|-curestatus|p1a: Scrafty|slp|[msg]
|move|p1a: Scrafty|Drain Punch|p2a: Jolteon
|-damage|p2a: Jolteon|17/100
|-heal|p1a: Scrafty|92/100|[from] drain|[of] p2a: Jolteon
|
|-heal|p1a: Scrafty|98/100|[from] item: Leftovers
|-damage|p1a: Scrafty|86/100|[from] Leech Seed|[of] p2a: Jolteon
|-heal|p2a: Jolteon|33/100|[silent]
|upkeep
|turn|41
|
|t:|1666221955
|move|p2a: Jolteon|Thunderbolt|p1a: Scrafty
|-damage|p1a: Scrafty|45/100
|-status|p1a: Scrafty|par
|move|p1a: Scrafty|Drain Punch|p2a: Jolteon
|-damage|p2a: Jolteon|0 fnt
|-heal|p1a: Scrafty|58/100 par|[from] drain|[of] p2a: Jolteon
|faint|p2a: Jolteon
|
|-activate|p1a: Scrafty|ability: Shed Skin
|-curestatus|p1a: Scrafty|par|[msg]
|-heal|p1a: Scrafty|64/100|[from] item: Leftovers
|upkeep
|
|t:|1666221958
|switch|p2a: Sandaconda|Sandaconda, M|100/100
|turn|42
|
|t:|1666221962
|move|p2a: Sandaconda|Coil|p2a: Sandaconda
|-boost|p2a: Sandaconda|atk|1
|-boost|p2a: Sandaconda|def|1
|-boost|p2a: Sandaconda|accuracy|1
|move|p1a: Scrafty|Knock Off|p2a: Sandaconda
|-damage|p2a: Sandaconda|69/100
|-enditem|p2a: Sandaconda|Leftovers|[from] move: Knock Off|[of] p1a: Scrafty
|
|-heal|p1a: Scrafty|70/100|[from] item: Leftovers
|-damage|p1a: Scrafty|58/100|[from] Leech Seed|[of] p2a: Sandaconda
|-heal|p2a: Sandaconda|81/100|[silent]
|upkeep
|turn|43
|
|t:|1666221971
|switch|p1a: Quagsire|Quagsire, F, shiny|94/100 brn
|-damage|p1a: Quagsire|88/100 brn|[from] Stealth Rock
|move|p2a: Sandaconda|Coil|p2a: Sandaconda
|-boost|p2a: Sandaconda|atk|1
|-boost|p2a: Sandaconda|def|1
|-boost|p2a: Sandaconda|accuracy|1
|
|-heal|p1a: Quagsire|94/100 brn|[from] item: Leftovers
|-damage|p1a: Quagsire|88/100 brn|[from] brn
|upkeep
|turn|44
|
|t:|1666221977
|switch|p2a: Eldegoss|Eldegoss, F|100/100
|move|p1a: Quagsire|Toxic|p2a: Eldegoss
|-status|p2a: Eldegoss|tox
|
|-heal|p1a: Quagsire|94/100 brn|[from] item: Leftovers
|-damage|p2a: Eldegoss|94/100 tox|[from] psn
|-damage|p1a: Quagsire|88/100 brn|[from] brn
|upkeep
|turn|45
|
|t:|1666221990
|switch|p2a: Abomasnow|Abomasnow, F, shiny|100/100
|-weather|Hail|[from] ability: Snow Warning|[of] p2a: Abomasnow
|switch|p1a: Bouffalant|Bouffalant, F, shiny|71/100 par
|-damage|p1a: Bouffalant|58/100 par|[from] Stealth Rock
|
|-weather|Hail|[upkeep]
|-damage|p1a: Bouffalant|52/100 par|[from] Hail
|-heal|p1a: Bouffalant|58/100 par|[from] item: Leftovers
|upkeep
|turn|46
|
|t:|1666221996
|move|p2a: Abomasnow|Ice Beam|p1a: Bouffalant
|-damage|p1a: Bouffalant|38/100 par
|move|p1a: Bouffalant|Body Slam|p2a: Abomasnow
|-damage|p2a: Abomasnow|60/100
|
|-weather|Hail|[upkeep]
|-damage|p1a: Bouffalant|32/100 par|[from] Hail
|-heal|p2a: Abomasnow|67/100|[from] item: Leftovers
|-heal|p1a: Bouffalant|38/100 par|[from] item: Leftovers
|upkeep
|turn|47
|
|t:|1666222003
|move|p2a: Abomasnow|Ice Beam|p1a: Bouffalant
|-damage|p1a: Bouffalant|15/100 par
|move|p1a: Bouffalant|Body Slam|p2a: Abomasnow
|-damage|p2a: Abomasnow|31/100
|-status|p2a: Abomasnow|par
|
|-weather|Hail|[upkeep]
|-damage|p1a: Bouffalant|9/100 par|[from] Hail
|-heal|p2a: Abomasnow|37/100 par|[from] item: Leftovers
|-heal|p1a: Bouffalant|15/100 par|[from] item: Leftovers
|upkeep
|turn|48
|
|t:|1666222009
|move|p2a: Abomasnow|Ice Beam|p1a: Bouffalant
|-damage|p1a: Bouffalant|0 fnt
|faint|p1a: Bouffalant
|
|-weather|Hail|[upkeep]
|-heal|p2a: Abomasnow|44/100 par|[from] item: Leftovers
|upkeep
|
|t:|1666222013
|switch|p1a: Scrafty|Scrafty, M, shiny|58/100
|-damage|p1a: Scrafty|52/100|[from] Stealth Rock
|turn|49
|
|t:|1666222023
|move|p1a: Scrafty|Drain Punch|p2a: Abomasnow
|-supereffective|p2a: Abomasnow
|-damage|p2a: Abomasnow|0 fnt
|-heal|p1a: Scrafty|75/100|[from] drain|[of] p2a: Abomasnow
|faint|p2a: Abomasnow
|
|-weather|none
|-heal|p1a: Scrafty|81/100|[from] item: Leftovers
|upkeep
|
|t:|1666222025
|switch|p2a: Sandaconda|Sandaconda, M|81/100
|turn|50
|
|t:|1666222029
|move|p2a: Sandaconda|Coil|p2a: Sandaconda
|-boost|p2a: Sandaconda|atk|1
|-boost|p2a: Sandaconda|def|1
|-boost|p2a: Sandaconda|accuracy|1
|move|p1a: Scrafty|Bulk Up|p1a: Scrafty
|-boost|p1a: Scrafty|atk|1
|-boost|p1a: Scrafty|def|1
|
|-heal|p1a: Scrafty|87/100|[from] item: Leftovers
|upkeep
|turn|51
|
|t:|1666222034
|move|p2a: Sandaconda|Coil|p2a: Sandaconda
|-boost|p2a: Sandaconda|atk|1
|-boost|p2a: Sandaconda|def|1
|-boost|p2a: Sandaconda|accuracy|1
|move|p1a: Scrafty|Bulk Up|p1a: Scrafty
|-boost|p1a: Scrafty|atk|1
|-boost|p1a: Scrafty|def|1
|
|-heal|p1a: Scrafty|93/100|[from] item: Leftovers
|upkeep
|turn|52
|
|t:|1666222040
|move|p2a: Sandaconda|Coil|p2a: Sandaconda
|-boost|p2a: Sandaconda|atk|1
|-boost|p2a: Sandaconda|def|1
|-boost|p2a: Sandaconda|accuracy|1
|move|p1a: Scrafty|Bulk Up|p1a: Scrafty
|-boost|p1a: Scrafty|atk|1
|-boost|p1a: Scrafty|def|1
|
|-heal|p1a: Scrafty|99/100|[from] item: Leftovers
|upkeep
|turn|53
|
|t:|1666222046
|move|p2a: Sandaconda|Coil|p2a: Sandaconda
|-boost|p2a: Sandaconda|atk|1
|-boost|p2a: Sandaconda|def|1
|-boost|p2a: Sandaconda|accuracy|1
|move|p1a: Scrafty|Bulk Up|p1a: Scrafty
|-boost|p1a: Scrafty|atk|1
|-boost|p1a: Scrafty|def|1
|
|-heal|p1a: Scrafty|100/100|[from] item: Leftovers
|upkeep
|turn|54
|
|t:|1666222052
|move|p2a: Sandaconda|Coil|p2a: Sandaconda
|-boost|p2a: Sandaconda|atk|1
|-boost|p2a: Sandaconda|def|1
|-boost|p2a: Sandaconda|accuracy|1
|move|p1a: Scrafty|Bulk Up|p1a: Scrafty
|-boost|p1a: Scrafty|atk|1
|-boost|p1a: Scrafty|def|1
|
|upkeep
|turn|55
|
|t:|1666222057
|move|p2a: Sandaconda|Coil|p2a: Sandaconda
|-boost|p2a: Sandaconda|atk|1
|-boost|p2a: Sandaconda|def|1
|-boost|p2a: Sandaconda|accuracy|1
|move|p1a: Scrafty|Bulk Up|p1a: Scrafty
|-boost|p1a: Scrafty|atk|1
|-boost|p1a: Scrafty|def|1
|
|upkeep
|turn|56
|
|t:|1666222063
|move|p2a: Sandaconda|Earthquake|p1a: Scrafty
|-damage|p1a: Scrafty|69/100
|move|p1a: Scrafty|Drain Punch|p2a: Sandaconda
|-damage|p2a: Sandaconda|63/100
|-heal|p1a: Scrafty|79/100|[from] drain|[of] p2a: Sandaconda
|
|-heal|p1a: Scrafty|85/100|[from] item: Leftovers
|upkeep
|turn|57
|
|t:|1666222070
|move|p2a: Sandaconda|Earthquake|p1a: Scrafty
|-damage|p1a: Scrafty|54/100
|move|p1a: Scrafty|Drain Punch|p2a: Sandaconda
|-damage|p2a: Sandaconda|43/100
|-heal|p1a: Scrafty|64/100|[from] drain|[of] p2a: Sandaconda
|
|-heal|p1a: Scrafty|70/100|[from] item: Leftovers
|upkeep
|turn|58
|
|t:|1666222084
|move|p2a: Sandaconda|Rest|p2a: Sandaconda
|-status|p2a: Sandaconda|slp|[from] move: Rest
|-heal|p2a: Sandaconda|100/100 slp|[silent]
|move|p1a: Scrafty|Drain Punch|p2a: Sandaconda
|-damage|p2a: Sandaconda|80/100 slp
|-heal|p1a: Scrafty|81/100|[from] drain|[of] p2a: Sandaconda
|
|-activate|p2a: Sandaconda|ability: Shed Skin
|-curestatus|p2a: Sandaconda|slp|[msg]
|-heal|p1a: Scrafty|87/100|[from] item: Leftovers
|upkeep
|turn|59
|
|t:|1666222092
|move|p2a: Sandaconda|Earthquake|p1a: Scrafty
|-damage|p1a: Scrafty|51/100
|move|p1a: Scrafty|Drain Punch|p2a: Sandaconda
|-damage|p2a: Sandaconda|59/100
|-heal|p1a: Scrafty|61/100|[from] drain|[of] p2a: Sandaconda
|
|-heal|p1a: Scrafty|67/100|[from] item: Leftovers
|upkeep
|turn|60
|
|t:|1666222101
|move|p2a: Sandaconda|Earthquake|p1a: Scrafty
|-damage|p1a: Scrafty|33/100
|move|p1a: Scrafty|Drain Punch|p2a: Sandaconda
|-damage|p2a: Sandaconda|41/100
|-heal|p1a: Scrafty|43/100|[from] drain|[of] p2a: Sandaconda
|
|-heal|p1a: Scrafty|49/100|[from] item: Leftovers
|upkeep
|turn|61
|
|t:|1666222110
|move|p2a: Sandaconda|Earthquake|p1a: Scrafty
|-damage|p1a: Scrafty|13/100
|move|p1a: Scrafty|Drain Punch|p2a: Sandaconda
|-damage|p2a: Sandaconda|21/100
|-heal|p1a: Scrafty|23/100|[from] drain|[of] p2a: Sandaconda
|
|-heal|p1a: Scrafty|29/100|[from] item: Leftovers
|upkeep
|turn|62
|
|t:|1666222120
|switch|p1a: Quagsire|Quagsire, F, shiny|88/100 brn
|-damage|p1a: Quagsire|82/100 brn|[from] Stealth Rock
|move|p2a: Sandaconda|Rest|p2a: Sandaconda
|-status|p2a: Sandaconda|slp|[from] move: Rest
|-heal|p2a: Sandaconda|100/100 slp|[silent]
|
|-heal|p1a: Quagsire|88/100 brn|[from] item: Leftovers
|-damage|p1a: Quagsire|82/100 brn|[from] brn
|upkeep
|turn|63
|
|t:|1666222127
|switch|p2a: Eldegoss|Eldegoss, F|100/100 tox
|move|p1a: Quagsire|Toxic|p2a: Eldegoss
|-fail|p2a: Eldegoss|tox
|
|-heal|p1a: Quagsire|88/100 brn|[from] item: Leftovers
|-damage|p2a: Eldegoss|94/100 tox|[from] psn
|-damage|p1a: Quagsire|82/100 brn|[from] brn
|upkeep
|turn|64
|
|t:|1666222138
|switch|p1a: Scrafty|Scrafty, M, shiny|29/100
|-damage|p1a: Scrafty|23/100|[from] Stealth Rock
|move|p2a: Eldegoss|Sleep Powder|p1a: Scrafty|[miss]
|-miss|p2a: Eldegoss|p1a: Scrafty
|
|-heal|p1a: Scrafty|29/100|[from] item: Leftovers
|-damage|p2a: Eldegoss|82/100 tox|[from] psn
|upkeep
|turn|65
|
|t:|1666222141
|move|p2a: Eldegoss|Sleep Powder|p1a: Scrafty
|-status|p1a: Scrafty|slp|[from] move: Sleep Powder
|cant|p1a: Scrafty|slp
|
|-heal|p1a: Scrafty|35/100 slp|[from] item: Leftovers
|-damage|p2a: Eldegoss|63/100 tox|[from] psn
|upkeep
|turn|66
|
|t:|1666222145
|move|p2a: Eldegoss|Aromatherapy|p2a: Eldegoss
|-activate|p2a: Eldegoss|move: Aromatherapy
|-curestatus|p2a: Eldegoss|tox|[msg]
|-curestatus|p2: Sandaconda|slp|[msg]
|cant|p1a: Scrafty|slp
|
|-heal|p1a: Scrafty|41/100 slp|[from] item: Leftovers
|upkeep
|turn|67
|
|t:|1666222153
|switch|p2a: Sandaconda|Sandaconda, M|100/100
|cant|p1a: Scrafty|slp
|
|-heal|p1a: Scrafty|47/100 slp|[from] item: Leftovers
|upkeep
|turn|68
|
|t:|1666222157
|move|p2a: Sandaconda|Earthquake|p1a: Scrafty
|-damage|p1a: Scrafty|15/100 slp
|-curestatus|p1a: Scrafty|slp|[msg]
|move|p1a: Scrafty|Bulk Up|p1a: Scrafty
|-boost|p1a: Scrafty|atk|1
|-boost|p1a: Scrafty|def|1
|
|-heal|p1a: Scrafty|21/100|[from] item: Leftovers
|upkeep
|turn|69
|
|t:|1666222167
|move|p2a: Sandaconda|Coil|p2a: Sandaconda
|-boost|p2a: Sandaconda|atk|1
|-boost|p2a: Sandaconda|def|1
|-boost|p2a: Sandaconda|accuracy|1
|move|p1a: Scrafty|Rest|p1a: Scrafty
|-status|p1a: Scrafty|slp|[from] move: Rest
|-heal|p1a: Scrafty|100/100 slp|[silent]
|
|upkeep
|turn|70
|
|t:|1666222174
|switch|p1a: Quagsire|Quagsire, F, shiny|82/100 brn
|-damage|p1a: Quagsire|76/100 brn|[from] Stealth Rock
|move|p2a: Sandaconda|Coil|p2a: Sandaconda
|-boost|p2a: Sandaconda|atk|1
|-boost|p2a: Sandaconda|def|1
|-boost|p2a: Sandaconda|accuracy|1
|
|-heal|p1a: Quagsire|82/100 brn|[from] item: Leftovers
|-damage|p1a: Quagsire|76/100 brn|[from] brn
|upkeep
|turn|71
|
|t:|1666222183
|switch|p2a: Eldegoss|Eldegoss, F|97/100
|switch|p1a: Archeops|Archeops, F, shiny|100/100
|-damage|p1a: Archeops|76/100|[from] Stealth Rock
|
|upkeep
|turn|72
|
|t:|1666222194
|move|p1a: Archeops|Meteor Beam||[still]
|-prepare|p1a: Archeops|Meteor Beam
|-boost|p1a: Archeops|spa|1
|-enditem|p1a: Archeops|Power Herb
|-anim|p1a: Archeops|Meteor Beam|p2a: Eldegoss
|-damage|p2a: Eldegoss|35/100
|move|p2a: Eldegoss|Sleep Powder|p1a: Archeops
|-status|p1a: Archeops|slp|[from] move: Sleep Powder
|
|upkeep
|turn|73
|
|t:|1666222202
|cant|p1a: Archeops|slp
|move|p2a: Eldegoss|Giga Drain|p1a: Archeops
|-damage|p1a: Archeops|40/100 slp
|-heal|p2a: Eldegoss|51/100|[from] drain|[of] p1a: Archeops
|
|upkeep
|turn|74
|
|t:|1666222206
|switch|p2a: Sandaconda|Sandaconda, M|100/100
|cant|p1a: Archeops|slp
|
|upkeep
|turn|75
|
|t:|1666222211
|switch|p1a: Quagsire|Quagsire, F, shiny|76/100 brn
|-damage|p1a: Quagsire|70/100 brn|[from] Stealth Rock
|move|p2a: Sandaconda|Rock Slide|p1a: Quagsire
|-resisted|p1a: Quagsire
|-damage|p1a: Quagsire|64/100 brn
|
|-heal|p1a: Quagsire|70/100 brn|[from] item: Leftovers
|-damage|p1a: Quagsire|64/100 brn|[from] brn
|upkeep
|turn|76
|
|t:|1666222222
|move|p2a: Sandaconda|Coil|p2a: Sandaconda
|-boost|p2a: Sandaconda|atk|1
|-boost|p2a: Sandaconda|def|1
|-boost|p2a: Sandaconda|accuracy|1
|move|p1a: Quagsire|Scald|p2a: Sandaconda
|-supereffective|p2a: Sandaconda
|-damage|p2a: Sandaconda|59/100
|
|-heal|p1a: Quagsire|70/100 brn|[from] item: Leftovers
|-damage|p1a: Quagsire|64/100 brn|[from] brn
|upkeep
|turn|77
|
|t:|1666222231
|switch|p2a: Eldegoss|Eldegoss, F|84/100
|move|p1a: Quagsire|Scald|p2a: Eldegoss
|-resisted|p2a: Eldegoss
|-damage|p2a: Eldegoss|77/100
|
|-heal|p1a: Quagsire|70/100 brn|[from] item: Leftovers
|-damage|p1a: Quagsire|64/100 brn|[from] brn
|upkeep
|turn|78
|
|t:|1666222240
|switch|p2a: Coalossal|Coalossal, F|82/100
|switch|p1a: Scrafty|Scrafty, M, shiny|100/100 slp
|-damage|p1a: Scrafty|95/100 slp|[from] Stealth Rock
|
|-activate|p1a: Scrafty|ability: Shed Skin
|-curestatus|p1a: Scrafty|slp|[msg]
|-heal|p1a: Scrafty|100/100|[from] item: Leftovers
|upkeep
|turn|79
|
|t:|1666222248
|switch|p2a: Sandaconda|Sandaconda, M|59/100
|move|p1a: Scrafty|Drain Punch|p2a: Sandaconda
|-damage|p2a: Sandaconda|38/100
|
|upkeep
|turn|80
|
|t:|1666222257
|switch|p1a: Quagsire|Quagsire, F, shiny|64/100 brn
|-damage|p1a: Quagsire|58/100 brn|[from] Stealth Rock
|move|p2a: Sandaconda|Rest|p2a: Sandaconda
|-status|p2a: Sandaconda|slp|[from] move: Rest
|-heal|p2a: Sandaconda|100/100 slp|[silent]
|
|-heal|p1a: Quagsire|64/100 brn|[from] item: Leftovers
|-damage|p1a: Quagsire|58/100 brn|[from] brn
|upkeep
|turn|81
|
|t:|1666222263
|switch|p2a: Eldegoss|Eldegoss, F|100/100
|switch|p1a: Archeops|Archeops, F, shiny|40/100 slp
|-damage|p1a: Archeops|15/100 slp|[from] Stealth Rock
|
|upkeep
|turn|82
|
|t:|1666222270
|cant|p1a: Archeops|slp
|move|p2a: Eldegoss|Giga Drain|p1a: Archeops
|-damage|p1a: Archeops|0 fnt
|faint|p1a: Archeops
|
|upkeep
|
|t:|1666222275
|switch|p1a: Scrafty|Scrafty, M, shiny|100/100
|-damage|p1a: Scrafty|95/100|[from] Stealth Rock
|turn|83
|
|t:|1666222280
|move|p2a: Eldegoss|Aromatherapy|p2a: Eldegoss
|-activate|p2a: Eldegoss|move: Aromatherapy
|-curestatus|p2: Sandaconda|slp|[msg]
|move|p1a: Scrafty|Bulk Up|p1a: Scrafty
|-boost|p1a: Scrafty|atk|1
|-boost|p1a: Scrafty|def|1
|
|-heal|p1a: Scrafty|100/100|[from] item: Leftovers
|upkeep
|turn|84
|
|t:|1666222286
|switch|p2a: Sandaconda|Sandaconda, M|100/100
|move|p1a: Scrafty|Bulk Up|p1a: Scrafty
|-boost|p1a: Scrafty|atk|1
|-boost|p1a: Scrafty|def|1
|
|upkeep
|turn|85
|
|t:|1666222290
|move|p2a: Sandaconda|Coil|p2a: Sandaconda
|-boost|p2a: Sandaconda|atk|1
|-boost|p2a: Sandaconda|def|1
|-boost|p2a: Sandaconda|accuracy|1
|move|p1a: Scrafty|Drain Punch|p2a: Sandaconda
|-damage|p2a: Sandaconda|74/100
|
|upkeep
|turn|86
|
|t:|1666222296
|move|p2a: Sandaconda|Coil|p2a: Sandaconda
|-boost|p2a: Sandaconda|atk|1
|-boost|p2a: Sandaconda|def|1
|-boost|p2a: Sandaconda|accuracy|1
|move|p1a: Scrafty|Drain Punch|p2a: Sandaconda
|-damage|p2a: Sandaconda|53/100
|
|upkeep
|turn|87
|
|t:|1666222303
|move|p2a: Sandaconda|Rest|p2a: Sandaconda
|-status|p2a: Sandaconda|slp|[from] move: Rest
|-heal|p2a: Sandaconda|100/100 slp|[silent]
|move|p1a: Scrafty|Drain Punch|p2a: Sandaconda
|-damage|p2a: Sandaconda|81/100 slp
|
|-activate|p2a: Sandaconda|ability: Shed Skin
|-curestatus|p2a: Sandaconda|slp|[msg]
|upkeep
|turn|88
|
|t:|1666222309
|move|p2a: Sandaconda|Coil|p2a: Sandaconda
|-boost|p2a: Sandaconda|atk|1
|-boost|p2a: Sandaconda|def|1
|-boost|p2a: Sandaconda|accuracy|1
|move|p1a: Scrafty|Bulk Up|p1a: Scrafty
|-boost|p1a: Scrafty|atk|1
|-boost|p1a: Scrafty|def|1
|
|upkeep
|turn|89
|inactive|Slakingoff1234 has 120 seconds left.
|c|☆Slakingoff1234|u have got so lucky 10% freeze 3 first turn wakes on shed skin 10% para
|
|t:|1666222353
|move|p2a: Sandaconda|Coil|p2a: Sandaconda
|-boost|p2a: Sandaconda|atk|1
|-boost|p2a: Sandaconda|def|1
|-boost|p2a: Sandaconda|accuracy|1
|move|p1a: Scrafty|Drain Punch|p2a: Sandaconda
|-damage|p2a: Sandaconda|66/100
|
|upkeep
|turn|90
|c|☆JoJo Reference #11|the freeze yeah p much
|c|☆JoJo Reference #11|everything else nah not really
|c|☆JoJo Reference #11|shed skin isn't hard to activate in a long battle
|inactive|Slakingoff1234 has 90 seconds left.
|c|☆Slakingoff1234|10 percent para and 3 1st turn wakes when it took mine full turns twice
|c|☆Slakingoff1234|unlucky me today
|
|t:|1666222409
|move|p2a: Sandaconda|Coil|p2a: Sandaconda
|-boost|p2a: Sandaconda|atk|1
|-boost|p2a: Sandaconda|def|1
|-boost|p2a: Sandaconda|accuracy|1
|move|p1a: Scrafty|Bulk Up|p1a: Scrafty
|-boost|p1a: Scrafty|atk|1
|-boost|p1a: Scrafty|def|1
|
|upkeep
|turn|91
|c|☆JoJo Reference #11|first turn is almost a guarantee sleep unless you're shed skin
|c|☆JoJo Reference #11|or early bird
|
|t:|1666222424
|switch|p1a: Quagsire|Quagsire, F, shiny|58/100 brn
|-damage|p1a: Quagsire|52/100 brn|[from] Stealth Rock
|move|p2a: Sandaconda|Coil|p2a: Sandaconda
|-boost|p2a: Sandaconda|atk|1
|-boost|p2a: Sandaconda|def|1
|-boost|p2a: Sandaconda|accuracy|1
|
|-heal|p1a: Quagsire|58/100 brn|[from] item: Leftovers
|-damage|p1a: Quagsire|52/100 brn|[from] brn
|upkeep
|turn|92
|
|t:|1666222432
|switch|p2a: Eldegoss|Eldegoss, F|100/100
|move|p1a: Quagsire|Recover|p1a: Quagsire
|-heal|p1a: Quagsire|100/100 brn
|
|-damage|p1a: Quagsire|94/100 brn|[from] brn
|upkeep
|turn|93
|
|t:|1666222440
|move|p2a: Eldegoss|Giga Drain|p1a: Quagsire
|-supereffective|p1a: Quagsire
|-damage|p1a: Quagsire|0 fnt
|faint|p1a: Quagsire
|
|upkeep
|inactive|Slakingoff1234 has 60 seconds left.
|c|☆Slakingoff1234|i’m shed  skin
|c|☆Slakingoff1234|i’ve not woke up first turn out of the whay
|c|☆JoJo Reference #11|then it's more likely you wake up the first turn
|
|t:|1666222479
|switch|p1a: Scrafty|Scrafty, M, shiny|100/100
|-damage|p1a: Scrafty|95/100|[from] Stealth Rock
|turn|94
|c|☆JoJo Reference #11|not guranteed
|c|☆Slakingoff1234|4 times
|c|☆Slakingoff1234|so 4 times full sleep
|c|☆Slakingoff1234|on shed skin
|inactive|Slakingoff1234 has 30 seconds left.
|c|☆JoJo Reference #11|happens
|
|t:|1666222504
|switch|p2a: Sandaconda|Sandaconda, M|66/100
|move|p1a: Scrafty|Bulk Up|p1a: Scrafty
|-boost|p1a: Scrafty|atk|1
|-boost|p1a: Scrafty|def|1
|
|-heal|p1a: Scrafty|100/100|[from] item: Leftovers
|upkeep
|turn|95
|inactive|Slakingoff1234 has 30 seconds left this turn.
|inactive|Slakingoff1234 has 20 seconds left.
|c|☆Slakingoff1234|ik that’s what i’m saying
|c|☆Slakingoff1234|very lucky
|inactive|Slakingoff1234 has 15 seconds left.
|
|t:|1666222522
|move|p2a: Sandaconda|Coil|p2a: Sandaconda
|-boost|p2a: Sandaconda|atk|1
|-boost|p2a: Sandaconda|def|1
|-boost|p2a: Sandaconda|accuracy|1
|move|p1a: Scrafty|Knock Off|p2a: Sandaconda
|-damage|p2a: Sandaconda|48/100
|
|upkeep
|turn|96
|inactive|Slakingoff1234 has 20 seconds left this turn.
|inactive|Slakingoff1234 has 15 seconds left.
|
|t:|1666222527
|move|p2a: Sandaconda|Coil|p2a: Sandaconda
|-boost|p2a: Sandaconda|atk|1
|-boost|p2a: Sandaconda|def|1
|-boost|p2a: Sandaconda|accuracy|1
|move|p1a: Scrafty|Rest|p1a: Scrafty
|-fail|p1a: Scrafty|heal
|
|upkeep
|turn|97
|inactive|Slakingoff1234 has 20 seconds left this turn.
|inactive|Slakingoff1234 has 15 seconds left.
|
|t:|1666222534
|move|p2a: Sandaconda|Coil|p2a: Sandaconda
|-boost|p2a: Sandaconda|atk|1
|-boost|p2a: Sandaconda|def|1
|-boost|p2a: Sandaconda|accuracy|1
|move|p1a: Scrafty|Rest|p1a: Scrafty
|-fail|p1a: Scrafty|heal
|
|upkeep
|turn|98
|inactive|Slakingoff1234 has 20 seconds left this turn.
|inactive|Slakingoff1234 has 15 seconds left.
|
|t:|1666222540
|move|p2a: Sandaconda|Rest|p2a: Sandaconda
|-status|p2a: Sandaconda|slp|[from] move: Rest
|-heal|p2a: Sandaconda|100/100 slp|[silent]
|move|p1a: Scrafty|Rest|p1a: Scrafty
|-fail|p1a: Scrafty|heal
|
|-activate|p2a: Sandaconda|ability: Shed Skin
|-curestatus|p2a: Sandaconda|slp|[msg]
|upkeep
|turn|99
|inactive|Slakingoff1234 has 20 seconds left this turn.
|inactive|Slakingoff1234 has 15 seconds left.
|c|☆Slakingoff1234|first turn wake incoming
|inactive|Slakingoff1234 has 10 seconds left.
|c|☆Slakingoff1234|oh yh
|c|☆Slakingoff1234|there u go
|inactive|Slakingoff1234 has 5 seconds left.
|c|☆Slakingoff1234|gg
|c|☆Slakingoff1234|bye
|c|☆JoJo Reference #11|gg
|-message|Slakingoff1234 lost due to inactivity.
|
|win|JoJo Reference #11
|raw|Slakingoff1234's rating: 1331 &rarr; <strong>1310</strong><br />(-21 for losing)
|raw|JoJo Reference #11's rating: 1312 &rarr; <strong>1333</strong><br />(+21 for winning)
