|j|☆Lila Rossi
|j|☆I'm Tapu Bulu
|t:|1652424577
|gametype|singles
|player|p1|Lila Rossi|valerie|1309
|player|p2|I'm Tapu Bulu|cyclist-gen4|1428
|teamsize|p1|6
|teamsize|p2|6
|gen|8
|tier|[Gen 8] PU
|rated|
|rule|Sleep Clause Mod: Limit one foe put to sleep
|rule|Species Clause: Limit one of each Pokémon
|rule|OHKO Clause: OHKO moves are banned
|rule|Evasion Moves Clause: Evasion moves are banned
|rule|Endless Battle Clause: Forcing endless battles is banned
|rule|HP Percentage Mod: HP is shown in percentages
|rule|Dynamax Clause: You cannot dynamax
|clearpoke
|poke|p1|Garbodor, M|
|poke|p1|Claydol|
|poke|p1|Audino, F|
|poke|p1|Ferroseed, F|
|poke|p1|Mareanie, F|
|poke|p1|Quagsire, F|
|poke|p2|Charizard, F|
|poke|p2|Eldegoss, M|
|poke|p2|Rotom|
|poke|p2|Silvally-*|
|poke|p2|Glastrier|
|poke|p2|Sandaconda, M|
|teampreview
|
|t:|1652424603
|start
|switch|p1a: Claydol|Claydol|100/100
|switch|p2a: Flying Whales|Rotom|100/100
|turn|1
|
|t:|1652424610
|move|p2a: Flying Whales|Shadow Ball|p1a: Claydol
|-supereffective|p1a: Claydol
|-damage|p1a: Claydol|58/100
|move|p1a: Claydol|Toxic|p2a: Flying Whales
|-status|p2a: Flying Whales|tox
|
|-heal|p1a: Claydol|64/100|[from] item: Leftovers
|-damage|p2a: Flying Whales|94/100 tox|[from] psn
|upkeep
|turn|2
|
|t:|1652424673
|switch|p1a: Mareanie|Mareanie, F|100/100
|move|p2a: Flying Whales|Shadow Ball|p1a: Mareanie
|-damage|p1a: Mareanie|55/100
|
|-damage|p2a: Flying Whales|82/100 tox|[from] psn
|upkeep
|turn|3
|
|t:|1652424688
|switch|p2a: L'Enfant Sauvage|Eldegoss, M|100/100
|switch|p1a: Audino|Audino, F|100/100
|
|upkeep
|turn|4
|
|t:|1652424697
|move|p2a: L'Enfant Sauvage|Sleep Powder|p1a: Audino|[miss]
|-miss|p2a: L'Enfant Sauvage|p1a: Audino
|move|p1a: Audino|Knock Off|p2a: L'Enfant Sauvage
|-damage|p2a: L'Enfant Sauvage|82/100
|-enditem|p2a: L'Enfant Sauvage|Heavy-Duty Boots|[from] move: Knock Off|[of] p1a: Audino
|
|upkeep
|turn|5
|
|t:|1652424704
|switch|p2a: Heaviest Matter|Glastrier|100/100
|switch|p1a: Ferroseed|Ferroseed, F|100/100
|
|upkeep
|turn|6
|
|t:|1652424712
|move|p2a: Heaviest Matter|Close Combat|p1a: Ferroseed
|-supereffective|p1a: Ferroseed
|-damage|p1a: Ferroseed|10/100
|-unboost|p2a: Heaviest Matter|def|1
|-unboost|p2a: Heaviest Matter|spd|1
|-damage|p2a: Heaviest Matter|88/100|[from] ability: Iron Barbs|[of] p1a: Ferroseed
|move|p1a: Ferroseed|Toxic|p2a: Heaviest Matter
|-status|p2a: Heaviest Matter|tox
|
|-damage|p2a: Heaviest Matter|82/100 tox|[from] psn
|upkeep
|turn|7
|
|t:|1652424722
|switch|p2a: Magma|Charizard, F|100/100
|move|p1a: Ferroseed|Protect||[still]
|-fail|p1a: Ferroseed
|
|upkeep
|turn|8
|
|t:|1652424727
|switch|p1a: Audino|Audino, F|100/100
|move|p2a: Magma|Hurricane|p1a: Audino
|-damage|p1a: Audino|68/100
|
|-heal|p1a: Audino|74/100|[from] item: Leftovers
|upkeep
|turn|9
|
|t:|1652424748
|switch|p2a: L'Enfant Sauvage|Eldegoss, M|100/100
|move|p1a: Audino|Wish|p1a: Audino
|
|-heal|p1a: Audino|80/100|[from] item: Leftovers
|upkeep
|turn|10
|
|t:|1652424752
|switch|p1a: Ferroseed|Ferroseed, F|10/100
|move|p2a: L'Enfant Sauvage|Aromatherapy|p2a: L'Enfant Sauvage
|-activate|p2a: L'Enfant Sauvage|move: Aromatherapy
|-curestatus|p2: Flying Whales|tox|[msg]
|-curestatus|p2: Heaviest Matter|tox|[msg]
|
|-heal|p1a: Ferroseed|80/100|[from] move: Wish|[wisher] Audino
|upkeep
|turn|11
|
|t:|1652424760
|switch|p2a: Magma|Charizard, F|100/100
|move|p1a: Ferroseed|Toxic|p2a: Magma
|-status|p2a: Magma|tox
|
|-damage|p2a: Magma|94/100 tox|[from] psn
|upkeep
|turn|12
|
|t:|1652424769
|switch|p1a: Audino|Audino, F|100/100
|move|p2a: Magma|Flamethrower|p1a: Audino
|-damage|p1a: Audino|75/100
|
|-heal|p1a: Audino|81/100|[from] item: Leftovers
|-damage|p2a: Magma|82/100 tox|[from] psn
|upkeep
|turn|13
|
|t:|1652424800
|switch|p2a: Heaviest Matter|Glastrier|82/100
|move|p1a: Audino|Wish|p1a: Audino
|
|-heal|p1a: Audino|87/100|[from] item: Leftovers
|upkeep
|turn|14
|
|t:|1652424804
|switch|p1a: Garbodor|Garbodor, M|100/100
|move|p2a: Heaviest Matter|Icicle Crash|p1a: Garbodor|[miss]
|-miss|p2a: Heaviest Matter|p1a: Garbodor
|
|upkeep
|turn|15
|
|t:|1652424812
|switch|p2a: Gift of Guilt|Sandaconda, M|100/100
|move|p1a: Garbodor|Gunk Shot|p2a: Gift of Guilt|[miss]
|-miss|p1a: Garbodor|p2a: Gift of Guilt
|
|upkeep
|turn|16
|
|t:|1652424826
|switch|p1a: Claydol|Claydol|64/100
|move|p2a: Gift of Guilt|Stealth Rock|p1a: Claydol
|-sidestart|p1: Lila Rossi|move: Stealth Rock
|
|-heal|p1a: Claydol|70/100|[from] item: Leftovers
|upkeep
|turn|17
|
|t:|1652424833
|switch|p2a: L'Enfant Sauvage|Eldegoss, M|100/100
|move|p1a: Claydol|Rapid Spin|p2a: L'Enfant Sauvage
|-damage|p2a: L'Enfant Sauvage|89/100
|-boost|p1a: Claydol|spe|1
|-sideend|p1: Lila Rossi|Stealth Rock|[from] move: Rapid Spin|[of] p1a: Claydol
|
|-heal|p1a: Claydol|76/100|[from] item: Leftovers
|upkeep
|turn|18
|
|t:|1652424839
|switch|p1a: Ferroseed|Ferroseed, F|80/100
|move|p2a: L'Enfant Sauvage|Leaf Storm|p1a: Ferroseed
|-resisted|p1a: Ferroseed
|-crit|p1a: Ferroseed
|-damage|p1a: Ferroseed|62/100
|-unboost|p2a: L'Enfant Sauvage|spa|2
|
|upkeep
|turn|19
|
|t:|1652424847
|move|p2a: L'Enfant Sauvage|Aromatherapy|p2a: L'Enfant Sauvage
|-activate|p2a: L'Enfant Sauvage|move: Aromatherapy
|-curestatus|p2: Magma|tox|[msg]
|move|p1a: Ferroseed|Leech Seed|p2a: L'Enfant Sauvage
|-immune|p2a: L'Enfant Sauvage
|
|upkeep
|turn|20
|
|t:|1652424855
|switch|p2a: Heaviest Matter|Glastrier|82/100
|move|p1a: Ferroseed|Leech Seed|p2a: Heaviest Matter
|-start|p2a: Heaviest Matter|move: Leech Seed
|
|-damage|p2a: Heaviest Matter|70/100|[from] Leech Seed|[of] p1a: Ferroseed
|-heal|p1a: Ferroseed|76/100|[silent]
|upkeep
|turn|21
|
|t:|1652424864
|switch|p2a: Flying Whales|Rotom|82/100
|switch|p1a: Audino|Audino, F|100/100
|
|upkeep
|turn|22
|
|t:|1652424868
|move|p2a: Flying Whales|Trick|p1a: Audino
|-activate|p2a: Flying Whales|move: Trick|[of] p1a: Audino
|-item|p1a: Audino|Choice Scarf|[from] move: Trick
|-item|p2a: Flying Whales|Leftovers|[from] move: Trick
|move|p1a: Audino|Knock Off|p2a: Flying Whales
|-supereffective|p2a: Flying Whales
|-damage|p2a: Flying Whales|35/100
|-enditem|p2a: Flying Whales|Leftovers|[from] move: Knock Off|[of] p1a: Audino
|
|upkeep
|turn|23
|
|t:|1652424880
|switch|p2a: L'Enfant Sauvage|Eldegoss, M|100/100
|move|p1a: Audino|Knock Off|p2a: L'Enfant Sauvage
|-damage|p2a: L'Enfant Sauvage|87/100
|
|upkeep
|turn|24
|
|t:|1652424896
|switch|p1a: Ferroseed|Ferroseed, F|76/100
|switch|p2a: Magma|Charizard, F|82/100
|
|upkeep
|turn|25
|
|t:|1652424908
|switch|p1a: Audino|Audino, F|100/100
|move|p2a: Magma|Flamethrower|p1a: Audino
|-damage|p1a: Audino|72/100
|
|upkeep
|turn|26
|
|t:|1652424925
|move|p2a: Magma|Toxic|p1a: Audino
|-status|p1a: Audino|tox
|move|p1a: Audino|Knock Off|p2a: Magma
|-damage|p2a: Magma|60/100
|-enditem|p2a: Magma|Heavy-Duty Boots|[from] move: Knock Off|[of] p1a: Audino
|
|-damage|p1a: Audino|66/100 tox|[from] psn
|upkeep
|turn|27
|
|t:|1652424934
|switch|p1a: Claydol|Claydol|76/100
|move|p2a: Magma|Roost|p2a: Magma
|-heal|p2a: Magma|100/100
|-singleturn|p2a: Magma|move: Roost
|
|-heal|p1a: Claydol|83/100|[from] item: Leftovers
|upkeep
|turn|28
|
|t:|1652424939
|move|p2a: Magma|Toxic|p1a: Claydol
|-status|p1a: Claydol|tox
|move|p1a: Claydol|Toxic|p2a: Magma
|-status|p2a: Magma|tox
|
|-heal|p1a: Claydol|89/100 tox|[from] item: Leftovers
|-damage|p2a: Magma|94/100 tox|[from] psn
|-damage|p1a: Claydol|83/100 tox|[from] psn
|upkeep
|turn|29
|
|t:|1652424945
|switch|p2a: L'Enfant Sauvage|Eldegoss, M|100/100
|switch|p1a: Audino|Audino, F|99/100 tox
|
|-damage|p1a: Audino|93/100 tox|[from] psn
|upkeep
|turn|30
|
|t:|1652424953
|move|p1a: Audino|Heal Bell|p1a: Audino
|-activate|p1a: Audino|move: Heal Bell
|-curestatus|p1a: Audino|tox|[msg]
|-curestatus|p1: Claydol|tox|[msg]
|move|p2a: L'Enfant Sauvage|Leaf Storm|p1a: Audino
|-damage|p1a: Audino|57/100
|-unboost|p2a: L'Enfant Sauvage|spa|2
|
|upkeep
|turn|31
|j| Jelly cookie
|
|t:|1652424962
|switch|p1a: Garbodor|Garbodor, M|100/100
|move|p2a: L'Enfant Sauvage|Aromatherapy|p2a: L'Enfant Sauvage
|-activate|p2a: L'Enfant Sauvage|move: Aromatherapy
|-curestatus|p2: Magma|tox|[msg]
|
|upkeep
|turn|32
|
|t:|1652424969
|move|p1a: Garbodor|Spikes|p2a: L'Enfant Sauvage
|-sidestart|p2: I'm Tapu Bulu|Spikes
|move|p2a: L'Enfant Sauvage|Sleep Powder|p1a: Garbodor|[miss]
|-miss|p2a: L'Enfant Sauvage|p1a: Garbodor
|
|upkeep
|turn|33
|
|t:|1652424976
|switch|p2a: Gift of Guilt|Sandaconda, M|100/100
|-damage|p2a: Gift of Guilt|88/100|[from] Spikes
|move|p1a: Garbodor|Toxic|p2a: Gift of Guilt
|-status|p2a: Gift of Guilt|tox
|
|-damage|p2a: Gift of Guilt|82/100 tox|[from] psn
|upkeep
|turn|34
|l| Jelly cookie
|
|t:|1652424985
|switch|p1a: Claydol|Claydol|83/100
|move|p2a: Gift of Guilt|Stealth Rock|p1a: Claydol
|-sidestart|p1: Lila Rossi|move: Stealth Rock
|
|-heal|p1a: Claydol|89/100|[from] item: Leftovers
|-damage|p2a: Gift of Guilt|70/100 tox|[from] psn
|upkeep
|turn|35
|j| Jelly cookie
|
|t:|1652424989
|switch|p2a: L'Enfant Sauvage|Eldegoss, M|100/100
|-damage|p2a: L'Enfant Sauvage|88/100|[from] Spikes
|move|p1a: Claydol|Rapid Spin|p2a: L'Enfant Sauvage
|-damage|p2a: L'Enfant Sauvage|77/100
|-boost|p1a: Claydol|spe|1
|-sideend|p1: Lila Rossi|Stealth Rock|[from] move: Rapid Spin|[of] p1a: Claydol
|
|-heal|p1a: Claydol|95/100|[from] item: Leftovers
|upkeep
|turn|36
|l| Jelly cookie
|
|t:|1652425003
|switch|p1a: Audino|Audino, F|90/100
|move|p2a: L'Enfant Sauvage|Rapid Spin|p1a: Audino
|-damage|p1a: Audino|84/100
|-boost|p2a: L'Enfant Sauvage|spe|1
|-sideend|p2: I'm Tapu Bulu|Spikes|[from] move: Rapid Spin|[of] p2a: L'Enfant Sauvage
|
|upkeep
|turn|37
|
|t:|1652425009
|move|p2a: L'Enfant Sauvage|Sleep Powder|p1a: Audino
|-status|p1a: Audino|slp|[from] move: Sleep Powder
|cant|p1a: Audino|slp
|
|upkeep
|turn|38
|
|t:|1652425013
|switch|p1a: Garbodor|Garbodor, M|100/100
|move|p2a: L'Enfant Sauvage|Leaf Storm|p1a: Garbodor
|-resisted|p1a: Garbodor
|-damage|p1a: Garbodor|73/100
|-unboost|p2a: L'Enfant Sauvage|spa|2
|
|-heal|p1a: Garbodor|79/100|[from] item: Leftovers
|upkeep
|turn|39
|
|t:|1652425024
|switch|p2a: Flying Whales|Rotom|35/100
|move|p1a: Garbodor|Gunk Shot|p2a: Flying Whales
|-resisted|p2a: Flying Whales
|-damage|p2a: Flying Whales|2/100
|
|-heal|p1a: Garbodor|85/100|[from] item: Leftovers
|upkeep
|turn|40
|
|t:|1652425032
|move|p2a: Flying Whales|Shadow Ball|p1a: Garbodor
|-damage|p1a: Garbodor|51/100
|-unboost|p1a: Garbodor|spd|1
|move|p1a: Garbodor|Toxic|p2a: Flying Whales
|-status|p2a: Flying Whales|tox
|
|-heal|p1a: Garbodor|57/100|[from] item: Leftovers
|-damage|p2a: Flying Whales|0 fnt|[from] psn
|faint|p2a: Flying Whales
|upkeep
|
|t:|1652425039
|switch|p2a: Heaviest Matter|Glastrier|70/100
|turn|41
|j| Jelly cookie
|j| John1227
|l| Jelly cookie
|l| John1227
|j| Jelly cookie
|
|t:|1652425069
|switch|p1a: Quagsire|Quagsire, F|100/100
|move|p2a: Heaviest Matter|Icicle Crash|p1a: Quagsire
|-damage|p1a: Quagsire|48/100
|
|-heal|p1a: Quagsire|55/100|[from] item: Leftovers
|upkeep
|turn|42
|l| Jelly cookie
|
|t:|1652425075
|switch|p1a: Mareanie|Mareanie, F|88/100
|move|p2a: Heaviest Matter|Icicle Crash|p1a: Mareanie
|-resisted|p1a: Mareanie
|-damage|p1a: Mareanie|61/100
|
|upkeep
|turn|43
|
|t:|1652425091
|move|p2a: Heaviest Matter|Icicle Crash|p1a: Mareanie|[miss]
|-miss|p2a: Heaviest Matter|p1a: Mareanie
|move|p1a: Mareanie|Recover|p1a: Mareanie
|-heal|p1a: Mareanie|100/100
|
|upkeep
|turn|44
|
|t:|1652425097
|switch|p2a: Gift of Guilt|Sandaconda, M|70/100 tox
|move|p1a: Mareanie|Knock Off|p2a: Gift of Guilt
|-damage|p2a: Gift of Guilt|61/100 tox
|-damage|p1a: Mareanie|84/100|[from] item: Rocky Helmet|[of] p2a: Gift of Guilt
|-enditem|p2a: Gift of Guilt|Rocky Helmet|[from] move: Knock Off|[of] p1a: Mareanie
|
|-activate|p2a: Gift of Guilt|ability: Shed Skin
|-curestatus|p2a: Gift of Guilt|tox|[msg]
|upkeep
|turn|45
|j| Jelly cookie
|
|t:|1652425108
|switch|p1a: Claydol|Claydol|95/100
|move|p2a: Gift of Guilt|Stealth Rock|p1a: Claydol
|-sidestart|p1: Lila Rossi|move: Stealth Rock
|
|-heal|p1a: Claydol|100/100|[from] item: Leftovers
|upkeep
|turn|46
|
|t:|1652425110
|move|p2a: Gift of Guilt|Glare|p1a: Claydol
|-status|p1a: Claydol|par
|move|p1a: Claydol|Rapid Spin|p2a: Gift of Guilt
|-damage|p2a: Gift of Guilt|55/100
|-boost|p1a: Claydol|spe|1
|-sideend|p1: Lila Rossi|Stealth Rock|[from] move: Rapid Spin|[of] p1a: Claydol
|
|upkeep
|turn|47
|
|t:|1652425117
|move|p2a: Gift of Guilt|Stealth Rock|p1a: Claydol
|-sidestart|p1: Lila Rossi|move: Stealth Rock
|move|p1a: Claydol|Psychic|p2a: Gift of Guilt
|-damage|p2a: Gift of Guilt|24/100
|
|upkeep
|turn|48
|l| Jelly cookie
|
|t:|1652425123
|switch|p2a: Heaviest Matter|Glastrier|70/100
|move|p1a: Claydol|Psychic|p2a: Heaviest Matter
|-damage|p2a: Heaviest Matter|49/100
|
|upkeep
|turn|49
|
|t:|1652425131
|switch|p1a: Mareanie|Mareanie, F|100/100
|-damage|p1a: Mareanie|88/100|[from] Stealth Rock
|move|p2a: Heaviest Matter|Icicle Crash|p1a: Mareanie
|-resisted|p1a: Mareanie
|-damage|p1a: Mareanie|60/100
|
|upkeep
|turn|50
|
|t:|1652425136
|move|p2a: Heaviest Matter|Icicle Crash|p1a: Mareanie
|-resisted|p1a: Mareanie
|-damage|p1a: Mareanie|33/100
|cant|p1a: Mareanie|flinch
|
|upkeep
|turn|51
|
|t:|1652425142
|move|p2a: Heaviest Matter|Icicle Crash|p1a: Mareanie
|-resisted|p1a: Mareanie
|-damage|p1a: Mareanie|6/100
|move|p1a: Mareanie|Recover|p1a: Mareanie
|-heal|p1a: Mareanie|56/100
|
|upkeep
|turn|52
|
|t:|1652425148
|move|p2a: Heaviest Matter|Icicle Crash|p1a: Mareanie
|-resisted|p1a: Mareanie
|-damage|p1a: Mareanie|28/100
|cant|p1a: Mareanie|flinch
|
|upkeep
|turn|53
|
|t:|1652425157
|switch|p1a: Ferroseed|Ferroseed, F|76/100
|-damage|p1a: Ferroseed|70/100|[from] Stealth Rock
|move|p2a: Heaviest Matter|Icicle Crash|p1a: Ferroseed
|-damage|p1a: Ferroseed|23/100
|
|upkeep
|turn|54
|
|t:|1652425164
|move|p1a: Ferroseed|Protect|p1a: Ferroseed
|-singleturn|p1a: Ferroseed|Protect
|move|p2a: Heaviest Matter|Icicle Crash|p1a: Ferroseed
|-activate|p1a: Ferroseed|move: Protect
|
|upkeep
|turn|55
|
|t:|1652425176
|move|p2a: Heaviest Matter|Icicle Crash|p1a: Ferroseed
|-damage|p1a: Ferroseed|0 fnt
|faint|p1a: Ferroseed
|-ability|p2a: Heaviest Matter|Chilling Neigh|boost
|-boost|p2a: Heaviest Matter|atk|1
|
|upkeep
|
|t:|1652425185
|switch|p1a: Garbodor|Garbodor, M|57/100
|-damage|p1a: Garbodor|45/100|[from] Stealth Rock
|turn|56
|
|t:|1652425192
|move|p1a: Garbodor|Spikes|p2a: Heaviest Matter
|-sidestart|p2: I'm Tapu Bulu|Spikes
|move|p2a: Heaviest Matter|Icicle Crash|p1a: Garbodor
|-damage|p1a: Garbodor|0 fnt
|faint|p1a: Garbodor
|-ability|p2a: Heaviest Matter|Chilling Neigh|boost
|-boost|p2a: Heaviest Matter|atk|1
|
|upkeep
|
|t:|1652425198
|switch|p1a: Quagsire|Quagsire, F|55/100
|-damage|p1a: Quagsire|48/100|[from] Stealth Rock
|turn|57
|
|t:|1652425201
|move|p2a: Heaviest Matter|Icicle Crash|p1a: Quagsire
|-damage|p1a: Quagsire|0 fnt
|faint|p1a: Quagsire
|-ability|p2a: Heaviest Matter|Chilling Neigh|boost
|-boost|p2a: Heaviest Matter|atk|1
|
|upkeep
|-message|Lila Rossi forfeited.
|
|win|I'm Tapu Bulu
|raw|Lila Rossi's rating: 1309 &rarr; <strong>1296</strong><br />(-13 for losing)
|raw|I&apos;m Tapu Bulu's rating: 1428 &rarr; <strong>1441</strong><br />(+13 for winning)
|l|☆Lila Rossi
|j| Jelly cookie
|l| Jelly cookie
|j| Jelly cookie
