|j|☆PUrfecto
|j|☆pult4t2 le s
|t:|1661372750
|gametype|singles
|player|p1|PUrfecto|acetrainer|1444
|player|p2|pult4t2 le s|#stt4toxicboys|1608
|teamsize|p1|6
|teamsize|p2|6
|gen|8
|tier|[Gen 8] PU
|rated|
|rule|Sleep Clause Mod: Limit one foe put to sleep
|rule|Species Clause: Limit one of each Pokémon
|rule|OHKO Clause: OHKO moves are banned
|rule|Evasion Items Clause: Evasion items are banned
|rule|Evasion Moves Clause: Evasion moves are banned
|rule|Endless Battle Clause: Forcing endless battles is banned
|rule|HP Percentage Mod: HP is shown in percentages
|rule|Dynamax Clause: You cannot dynamax
|clearpoke
|poke|p1|Lurantis, M|
|poke|p1|Audino, M|
|poke|p1|Comfey, M|
|poke|p1|Doublade, F|
|poke|p1|Charizard, F|
|poke|p1|Scrafty, F|
|poke|p2|Lycanroc, M|
|poke|p2|Turtonator, M|
|poke|p2|Doublade, M|
|poke|p2|Silvally-*|
|poke|p2|Aurorus, F|
|poke|p2|Scrafty, F|
|teampreview
|inactive|Battle timer is ON: inactive players will automatically lose when time's up. (requested by pult4t2 le s)
|c|☆pult4t2 le s|hf
|
|t:|1661372759
|start
|switch|p1a: Scrafty|Scrafty, F|100/100
|switch|p2a: Lycanroc|Lycanroc, M|100/100
|turn|1
|
|t:|1661372769
|move|p2a: Lycanroc|Taunt|p1a: Scrafty
|-start|p1a: Scrafty|move: Taunt
|move|p1a: Scrafty|Close Combat|p2a: Lycanroc
|-supereffective|p2a: Lycanroc
|-crit|p2a: Lycanroc
|-enditem|p2a: Lycanroc|Focus Sash
|-damage|p2a: Lycanroc|1/100
|-unboost|p1a: Scrafty|def|1
|-unboost|p1a: Scrafty|spd|1
|-damage|p1a: Scrafty|91/100|[from] item: Life Orb
|
|upkeep
|turn|2
|
|t:|1661372786
|switch|p1a: Doublade|Doublade, F|100/100
|move|p2a: Lycanroc|Endeavor|p1a: Doublade
|-immune|p1a: Doublade
|
|upkeep
|turn|3
|
|t:|1661372804
|move|p2a: Lycanroc|Stealth Rock|p1a: Doublade
|-sidestart|p1: PUrfecto|move: Stealth Rock
|move|p1a: Doublade|Close Combat|p2a: Lycanroc
|-supereffective|p2a: Lycanroc
|-damage|p2a: Lycanroc|0 fnt
|-unboost|p1a: Doublade|def|1
|-unboost|p1a: Doublade|spd|1
|faint|p2a: Lycanroc
|
|upkeep
|
|t:|1661372810
|switch|p2a: Turtonator|Turtonator, M|100/100
|turn|4
|
|t:|1661372819
|switch|p1a: Audino|Audino, M|100/100
|move|p2a: Turtonator|Shell Smash|p2a: Turtonator
|-unboost|p2a: Turtonator|def|1
|-unboost|p2a: Turtonator|spd|1
|-boost|p2a: Turtonator|atk|2
|-boost|p2a: Turtonator|spa|2
|-boost|p2a: Turtonator|spe|2
|-enditem|p2a: Turtonator|White Herb
|-clearnegativeboost|p2a: Turtonator|[silent]
|
|upkeep
|turn|5
|
|t:|1661372828
|move|p2a: Turtonator|Fire Blast|p1a: Audino|[miss]
|-miss|p2a: Turtonator|p1a: Audino
|move|p1a: Audino|Toxic|p2a: Turtonator
|-status|p2a: Turtonator|tox
|
|-damage|p2a: Turtonator|94/100 tox|[from] psn
|upkeep
|turn|6
|c|☆pult4t2 le s|fuck this
|
|t:|1661372843
|move|p2a: Turtonator|Fire Blast|p1a: Audino|[miss]
|-miss|p2a: Turtonator|p1a: Audino
|move|p1a: Audino|Knock Off|p2a: Turtonator
|-damage|p2a: Turtonator|85/100 tox
|
|-damage|p2a: Turtonator|73/100 tox|[from] psn
|upkeep
|turn|7
|c|☆pult4t2 le s|lucky n bad
|
|t:|1661372854
|move|p2a: Turtonator|Fire Blast|p1a: Audino
|-damage|p1a: Audino|43/100
|-status|p1a: Audino|brn
|move|p1a: Audino|Wish|p1a: Audino
|
|-damage|p2a: Turtonator|54/100 tox|[from] psn
|-damage|p1a: Audino|37/100 brn|[from] brn
|upkeep
|turn|8
|
|t:|1661372862
|switch|p1a: Comfey|Comfey, M|100/100
|-damage|p1a: Comfey|88/100|[from] Stealth Rock
|move|p2a: Turtonator|Shell Smash|p2a: Turtonator
|-unboost|p2a: Turtonator|def|1
|-unboost|p2a: Turtonator|spd|1
|-boost|p2a: Turtonator|atk|2
|-boost|p2a: Turtonator|spa|2
|-boost|p2a: Turtonator|spe|2
|
|-heal|p1a: Comfey|100/100|[from] move: Wish|[wisher] Audino
|-damage|p2a: Turtonator|30/100 tox|[from] psn
|upkeep
|turn|9
|
|t:|1661372874
|switch|p2a: Doublade|Doublade, M|100/100
|move|p1a: Comfey|Draining Kiss|p2a: Doublade
|-resisted|p2a: Doublade
|-damage|p2a: Doublade|80/100
|-damage|p1a: Comfey|91/100|[from] item: Life Orb
|
|upkeep
|turn|10
|
|t:|1661372888
|switch|p1a: Charizard|Charizard, F|100/100
|move|p2a: Doublade|Close Combat|p1a: Charizard
|-resisted|p1a: Charizard
|-damage|p1a: Charizard|77/100
|-unboost|p2a: Doublade|def|1
|-unboost|p2a: Doublade|spd|1
|
|upkeep
|turn|11
|j| PULT4T2 eifo
|
|t:|1661372896
|switch|p2a: Aurorus|Aurorus, F|100/100
|-weather|Hail|[from] ability: Snow Warning|[of] p2a: Aurorus
|move|p1a: Charizard|Defog|p2a: Aurorus
|-unboost|p2a: Aurorus|evasion|1
|-sideend|p1: PUrfecto|Stealth Rock|[from] move: Defog|[of] p1a: Charizard
|
|-weather|Hail|[upkeep]
|-damage|p1a: Charizard|71/100|[from] Hail
|upkeep
|turn|12
|
|t:|1661372909
|switch|p1a: Scrafty|Scrafty, F|91/100
|move|p2a: Aurorus|Rock Polish|p2a: Aurorus
|-boost|p2a: Aurorus|spe|2
|
|-weather|Hail|[upkeep]
|-damage|p1a: Scrafty|84/100|[from] Hail
|upkeep
|turn|13
|
|t:|1661372925
|switch|p2a: Doublade|Doublade, M|80/100
|move|p1a: Scrafty|Close Combat|p2a: Doublade
|-immune|p2a: Doublade
|
|-weather|Hail|[upkeep]
|-damage|p2a: Doublade|74/100|[from] Hail
|-damage|p1a: Scrafty|78/100|[from] Hail
|upkeep
|turn|14
|
|t:|1661372933
|switch|p2a: Turtonator|Turtonator, M|30/100 tox
|switch|p1a: Charizard|Charizard, F|71/100
|
|-weather|Hail|[upkeep]
|-damage|p1a: Charizard|65/100|[from] Hail
|-damage|p2a: Turtonator|23/100 tox|[from] Hail
|-damage|p2a: Turtonator|17/100 tox|[from] psn
|upkeep
|turn|15
|
|t:|1661372943
|move|p1a: Charizard|Fire Blast|p2a: Turtonator
|-resisted|p2a: Turtonator
|-damage|p2a: Turtonator|1/100 tox
|move|p2a: Turtonator|Draco Meteor|p1a: Charizard
|-damage|p1a: Charizard|11/100
|-unboost|p2a: Turtonator|spa|2
|
|-weather|none
|-damage|p2a: Turtonator|0 fnt|[from] psn
|faint|p2a: Turtonator
|upkeep
|
|t:|1661372949
|switch|p2a: Aurorus|Aurorus, F|100/100
|-weather|Hail|[from] ability: Snow Warning|[of] p2a: Aurorus
|turn|16
|
|t:|1661372956
|move|p1a: Charizard|Toxic|p2a: Aurorus
|-status|p2a: Aurorus|tox
|move|p2a: Aurorus|Blizzard|p1a: Charizard
|-damage|p1a: Charizard|0 fnt
|faint|p1a: Charizard
|
|-weather|Hail|[upkeep]
|-damage|p2a: Aurorus|94/100 tox|[from] psn
|upkeep
|
|t:|1661372972
|switch|p1a: Scrafty|Scrafty, F|78/100
|turn|17
|
|t:|1661372977
|move|p2a: Aurorus|Blizzard|p1a: Scrafty
|-damage|p1a: Scrafty|27/100
|move|p1a: Scrafty|Close Combat|p2a: Aurorus
|-supereffective|p2a: Aurorus
|-crit|p2a: Aurorus
|-damage|p2a: Aurorus|0 fnt
|-unboost|p1a: Scrafty|def|1
|-unboost|p1a: Scrafty|spd|1
|faint|p2a: Aurorus
|-damage|p1a: Scrafty|17/100|[from] item: Life Orb
|
|-weather|Hail|[upkeep]
|-damage|p1a: Scrafty|11/100|[from] Hail
|upkeep
|
|t:|1661372985
|switch|p2a: Scrafty|Scrafty, F|100/100
|turn|18
|
|t:|1661372994
|switch|p1a: Comfey|Comfey, M|91/100
|move|p2a: Scrafty|Poison Jab|p1a: Comfey
|-supereffective|p1a: Comfey
|-damage|p1a: Comfey|42/100
|
|-weather|Hail|[upkeep]
|-damage|p1a: Comfey|35/100|[from] Hail
|-damage|p2a: Scrafty|95/100|[from] Hail
|upkeep
|turn|19
|
|t:|1661373007
|switch|p1a: Lurantis|Lurantis, M|100/100
|switch|p2a: Doublade|Doublade, M|74/100
|
|-weather|Hail|[upkeep]
|-damage|p2a: Doublade|68/100|[from] Hail
|-damage|p1a: Lurantis|94/100|[from] Hail
|-heal|p1a: Lurantis|100/100|[from] item: Leftovers
|upkeep
|turn|20
|
|t:|1661373017
|move|p2a: Doublade|Swords Dance|p2a: Doublade
|-boost|p2a: Doublade|atk|2
|move|p1a: Lurantis|Leaf Storm|p2a: Doublade
|-resisted|p2a: Doublade
|-damage|p2a: Doublade|26/100
|-boost|p1a: Lurantis|spa|2
|
|-weather|none
|upkeep
|turn|21
|
|t:|1661373025
|move|p2a: Doublade|Shadow Claw|p1a: Lurantis
|-damage|p1a: Lurantis|13/100
|move|p1a: Lurantis|Leaf Storm|p2a: Doublade
|-resisted|p2a: Doublade
|-damage|p2a: Doublade|0 fnt
|-boost|p1a: Lurantis|spa|2
|faint|p2a: Doublade
|
|-heal|p1a: Lurantis|19/100|[from] item: Leftovers
|upkeep
|
|t:|1661373029
|switch|p2a: Scrafty|Scrafty, F|95/100
|turn|22
|
|t:|1661373039
|move|p2a: Scrafty|Knock Off|p1a: Lurantis
|-damage|p1a: Lurantis|0 fnt
|-enditem|p1a: Lurantis|Leftovers|[from] move: Knock Off|[of] p2a: Scrafty
|faint|p1a: Lurantis
|-ability|p2a: Scrafty|Moxie|boost
|-boost|p2a: Scrafty|atk|1
|
|upkeep
|
|t:|1661373045
|switch|p1a: Comfey|Comfey, M|35/100
|turn|23
|
|t:|1661373048
|move|p1a: Comfey|Draining Kiss|p2a: Scrafty
|-supereffective|p2a: Scrafty
|-enditem|p2a: Scrafty|Roseli Berry|[eat]
|-enditem|p2a: Scrafty|Roseli Berry|[weaken]
|-damage|p2a: Scrafty|29/100
|-heal|p1a: Comfey|79/100|[from] drain|[of] p2a: Scrafty
|-damage|p1a: Comfey|69/100|[from] item: Life Orb
|move|p2a: Scrafty|Poison Jab|p1a: Comfey
|-supereffective|p1a: Comfey
|-damage|p1a: Comfey|0 fnt
|faint|p1a: Comfey
|-ability|p2a: Scrafty|Moxie|boost
|-boost|p2a: Scrafty|atk|1
|
|upkeep
|
|t:|1661373060
|switch|p1a: Doublade|Doublade, F|100/100
|turn|24
|
|t:|1661373063
|move|p2a: Scrafty|Knock Off|p1a: Doublade
|-supereffective|p1a: Doublade
|-damage|p1a: Doublade|15/100
|-enditem|p1a: Doublade|Eviolite|[from] move: Knock Off|[of] p2a: Scrafty
|move|p1a: Doublade|Close Combat|p2a: Scrafty
|-supereffective|p2a: Scrafty
|-damage|p2a: Scrafty|0 fnt
|-unboost|p1a: Doublade|def|1
|-unboost|p1a: Doublade|spd|1
|faint|p2a: Scrafty
|
|upkeep
|
|t:|1661373065
|switch|p2a: Silvally|Silvally-Grass|100/100
|turn|25
|
|t:|1661373078
|switch|p1a: Audino|Audino, M|70/100 brn
|move|p2a: Silvally|Flame Charge|p1a: Audino
|-damage|p1a: Audino|55/100 brn
|-boost|p2a: Silvally|spe|1
|
|-damage|p1a: Audino|49/100 brn|[from] brn
|upkeep
|turn|26
|
|t:|1661373088
|move|p2a: Silvally|Multi-Attack|p1a: Audino
|-damage|p1a: Audino|4/100 brn
|move|p1a: Audino|Toxic|p2a: Silvally
|-status|p2a: Silvally|tox
|
|-damage|p2a: Silvally|94/100 tox|[from] psn
|-damage|p1a: Audino|0 fnt|[from] brn
|faint|p1a: Audino
|upkeep
|c|☆pult4t2 le s|gg
|
|t:|1661373100
|switch|p1a: Doublade|Doublade, F|15/100
|turn|27
|
|t:|1661373104
|move|p2a: Silvally|Flame Charge|p1a: Doublade
|-supereffective|p1a: Doublade
|-damage|p1a: Doublade|0 fnt
|-boost|p2a: Silvally|spe|1
|faint|p1a: Doublade
|
|-damage|p2a: Silvally|82/100 tox|[from] psn
|upkeep
|-message|PUrfecto forfeited.
|
|win|pult4t2 le s
|raw|PUrfecto's rating: 1444 &rarr; <strong>1433</strong><br />(-11 for losing)
|raw|pult4t2 le s's rating: 1608 &rarr; <strong>1619</strong><br />(+11 for winning)
|l|☆PUrfecto
