|j|☆Decem
|j|☆DDD Reveal
|player|p1|Decem|pokefanf|
|player|p2|DDD Reveal|nita|
|teamsize|p1|6
|teamsize|p2|6
|gametype|singles
|gen|8
|tier|[Gen 8] PU
|rated|Tournament battle
|clearpoke
|poke|p1|Liepard, M|
|poke|p1|Meowstic-F, F|
|poke|p1|Persian, M|
|poke|p1|Dwebble, F|
|poke|p1|Wartortle, F|
|poke|p1|Honedge, M|
|poke|p2|Stonjourner, M|
|poke|p2|Octillery, M|
|poke|p2|Mawile, M|
|poke|p2|Palpitoad, M|
|poke|p2|Gourgeist-*, F|
|poke|p2|Silvally-*|
|rule|Sleep Clause Mod: Limit one foe put to sleep
|rule|Species Clause: Limit one of each Pokémon
|rule|OHKO Clause: OHKO moves are banned
|rule|Evasion Moves Clause: Evasion moves are banned
|rule|Endless Battle Clause: Forcing endless battles is banned
|rule|HP Percentage Mod: HP is shown in percentages
|rule|Dynamax Clause: You cannot dynamax
|teampreview
|j|*Lady Monita
|j| beastmaster23
|j| ImJustACheese
|j|+Valletta ▲▲▼▼
|c|+Valletta ▲▲▼▼|Im a pro at throwing games
|c|☆Decem|hf
|
|start
|switch|p1a: Dwebble|Dwebble, F|100/100
|switch|p2a: Stonjourner|Stonjourner, M|100/100
|turn|1
|c|☆DDD Reveal|u2
|
|move|p2a: Stonjourner|Stone Edge|p1a: Dwebble
|-supereffective|p1a: Dwebble
|-crit|p1a: Dwebble
|-enditem|p1a: Dwebble|Focus Sash
|-damage|p1a: Dwebble|1/100
|-ability|p1a: Dwebble|Weak Armor|boost
|-unboost|p1a: Dwebble|def|1
|-boost|p1a: Dwebble|spe|2
|move|p1a: Dwebble|Stealth Rock|p2a: Stonjourner
|-sidestart|p2: DDD Reveal|move: Stealth Rock
|
|upkeep
|turn|2
|
|move|p1a: Dwebble|Spikes|p2a: Stonjourner
|-sidestart|p2: DDD Reveal|Spikes
|move|p2a: Stonjourner|Stone Edge|p1a: Dwebble|[miss]
|-miss|p2a: Stonjourner|p1a: Dwebble
|
|upkeep
|turn|3
|
|move|p1a: Dwebble|Spikes|p2a: Stonjourner
|-sidestart|p2: DDD Reveal|Spikes
|move|p2a: Stonjourner|Stone Edge|p1a: Dwebble
|-supereffective|p1a: Dwebble
|-damage|p1a: Dwebble|0 fnt
|faint|p1a: Dwebble
|
|upkeep
|
|switch|p1a: Wartortle|Wartortle, F|100/100
|turn|4
|
|move|p2a: Stonjourner|Stone Edge|p1a: Wartortle
|-crit|p1a: Wartortle
|-damage|p1a: Wartortle|0 fnt
|faint|p1a: Wartortle
|
|upkeep
|c|☆DDD Reveal|sorry
|
|switch|p1a: Meowstic|Meowstic-F, F|100/100
|turn|5
|c|☆Decem|np
|
|move|p1a: Meowstic|Energy Ball|p2a: Stonjourner
|-supereffective|p2a: Stonjourner
|-damage|p2a: Stonjourner|0 fnt
|-damage|p1a: Meowstic|91/100|[from] item: Life Orb
|faint|p2a: Stonjourner
|
|upkeep
|c|+Valletta ▲▲▼▼|I mean stone edge has high crit rate
|
|switch|p2a: Mawile|Mawile, M|100/100
|-damage|p2a: Mawile|84/100|[from] Spikes
|-damage|p2a: Mawile|78/100|[from] Stealth Rock
|-ability|p2a: Mawile|Intimidate|boost
|-unboost|p1a: Meowstic|atk|1
|-ability|p1a: Meowstic|Competitive
|-boost|p1a: Meowstic|spa|2
|turn|6
|l| beastmaster23
|
|move|p2a: Mawile|Sucker Punch|p1a: Meowstic
|-supereffective|p1a: Meowstic
|-damage|p1a: Meowstic|27/100
|move|p1a: Meowstic|Thunderbolt|p2a: Mawile
|-damage|p2a: Mawile|0 fnt
|-damage|p1a: Meowstic|17/100|[from] item: Life Orb
|faint|p2a: Mawile
|
|upkeep
|j| JamesMiyoshi
|j| Peeltoon
|
|switch|p2a: Gourgeist|Gourgeist-Super, F|100/100
|-damage|p2a: Gourgeist|84/100|[from] Spikes
|-damage|p2a: Gourgeist|71/100|[from] Stealth Rock
|-item|p1a: Meowstic|Life Orb|[from] ability: Frisk|[of] p2a: Gourgeist|[identify]
|turn|7
|l| Peeltoon
|
|move|p1a: Meowstic|Psychic|p2a: Gourgeist
|-damage|p2a: Gourgeist|0 fnt
|-damage|p1a: Meowstic|8/100|[from] item: Life Orb
|faint|p2a: Gourgeist
|
|upkeep
|j| Dragon Mistico
|
|switch|p2a: Palpitoad|Palpitoad, M|100/100
|-damage|p2a: Palpitoad|84/100|[from] Spikes
|-damage|p2a: Palpitoad|78/100|[from] Stealth Rock
|turn|8
|
|switch|p2a: Octillery|Octillery, M|100/100
|-damage|p2a: Octillery|88/100|[from] Stealth Rock
|-damage|p2a: Octillery|72/100|[from] Spikes
|move|p1a: Meowstic|Energy Ball|p2a: Octillery
|-supereffective|p2a: Octillery
|-damage|p2a: Octillery|0 fnt
|-damage|p1a: Meowstic|0 fnt|[from] item: Life Orb
|faint|p2a: Octillery
|faint|p1a: Meowstic
|
|upkeep
|
|switch|p1a: Persian|Persian, M|100/100
|switch|p2a: Palpitoad|Palpitoad, M|78/100
|-damage|p2a: Palpitoad|72/100|[from] Stealth Rock
|-damage|p2a: Palpitoad|55/100|[from] Spikes
|turn|9
|j| Kabilapok
|
|move|p1a: Persian|Fake Out|p2a: Palpitoad
|-damage|p2a: Palpitoad|26/100
|-damage|p1a: Persian|91/100|[from] item: Life Orb
|cant|p2a: Palpitoad|flinch
|
|upkeep
|turn|10
|j| Peeltoon
|
|move|p1a: Persian|U-turn|p2a: Palpitoad
|-damage|p2a: Palpitoad|5/100
|-damage|p1a: Persian|81/100|[from] item: Life Orb
|
|switch|p1a: Honedge|Honedge, M|100/100|[from]move: U-turn
|move|p2a: Palpitoad|Endeavor|p1a: Honedge
|-immune|p1a: Honedge
|
|upkeep
|turn|11
|
|move|p2a: Palpitoad|Scald|p1a: Honedge
|-damage|p1a: Honedge|68/100
|move|p1a: Honedge|Swords Dance|p1a: Honedge
|-boost|p1a: Honedge|atk|2
|
|upkeep
|turn|12
|
|move|p1a: Honedge|Shadow Sneak|p2a: Palpitoad
|-damage|p2a: Palpitoad|0 fnt
|faint|p2a: Palpitoad
|
|upkeep
|
|switch|p2a: Silvally|Silvally-Dragon|100/100
|-damage|p2a: Silvally|88/100|[from] Stealth Rock
|-damage|p2a: Silvally|71/100|[from] Spikes
|turn|13
|
|move|p1a: Honedge|Shadow Sneak|p2a: Silvally
|-damage|p2a: Silvally|33/100
|move|p2a: Silvally|Flame Charge|p1a: Honedge
|-supereffective|p1a: Honedge
|-damage|p1a: Honedge|46/100
|-boost|p2a: Silvally|spe|1
|
|upkeep
|turn|14
|
|move|p1a: Honedge|Shadow Sneak|p2a: Silvally
|-damage|p2a: Silvally|0 fnt
|faint|p2a: Silvally
|
|win|Decem
