|j|☆RAJA479
|j|☆Eesturn
|t:|1620994725
|gametype|singles
|player|p1|RAJA479|flannery|1224
|player|p2|Eesturn|psychic-gen4|1234
|teamsize|p1|6
|teamsize|p2|6
|gen|8
|tier|[Gen 8] PU
|rated|
|rule|Sleep Clause Mod: Limit one foe put to sleep
|rule|Species Clause: Limit one of each Pokémon
|rule|OHKO Clause: OHKO moves are banned
|rule|Evasion Moves Clause: Evasion moves are banned
|rule|Endless Battle Clause: Forcing endless battles is banned
|rule|HP Percentage Mod: HP is shown in percentages
|rule|Dynamax Clause: You cannot dynamax
|clearpoke
|poke|p1|Mesprit|
|poke|p1|Regirock|
|poke|p1|Scyther, M|
|poke|p1|Shuckle, F|
|poke|p1|Tsareena, F|
|poke|p1|Frosmoth, F|
|poke|p2|Liepard, F|
|poke|p2|Rapidash, F|
|poke|p2|Xatu, F|
|poke|p2|Scyther, F|
|poke|p2|Palossand, M|
|poke|p2|Silvally-*|
|teampreview
|
|t:|1620994733
|start
|switch|p1a: Frosmoth|Frosmoth, F|100/100
|switch|p2a: Scyther|Scyther, F|100/100
|turn|1
|
|t:|1620994739
|switch|p1a: Regirock|Regirock|100/100
|move|p2a: Scyther|U-turn|p1a: Regirock
|-damage|p1a: Regirock|80/100
|
|t:|1620994745
|switch|p2a: Palossand|Palossand, M|100/100|[from]move: U-turn
|
|-heal|p1a: Regirock|86/100|[from] item: Leftovers
|upkeep
|turn|2
|
|t:|1620994751
|switch|p2a: Xatu|Xatu, F|100/100
|move|p1a: Regirock|Toxic|p2a: Xatu
|move|p2a: Xatu|Toxic|p1a: Regirock|[from]ability: Magic Bounce
|-status|p1a: Regirock|tox
|
|-heal|p1a: Regirock|92/100 tox|[from] item: Leftovers
|-damage|p1a: Regirock|86/100 tox|[from] psn
|upkeep
|turn|3
|
|t:|1620994761
|move|p1a: Regirock|Rock Blast|p2a: Xatu
|-supereffective|p2a: Xatu
|-damage|p2a: Xatu|86/100
|-supereffective|p2a: Xatu
|-damage|p2a: Xatu|69/100
|-supereffective|p2a: Xatu
|-damage|p2a: Xatu|52/100
|-hitcount|p2a: Xatu|3
|move|p2a: Xatu|Teleport|p2a: Xatu
|
|t:|1620994775
|switch|p2a: Palossand|Palossand, M|100/100|[from]move: Teleport
|
|-heal|p1a: Regirock|92/100 tox|[from] item: Leftovers
|-damage|p1a: Regirock|80/100 tox|[from] psn
|upkeep
|turn|4
|
|t:|1620994783
|switch|p1a: Frosmoth|Frosmoth, F|100/100
|move|p2a: Palossand|Earth Power|p1a: Frosmoth
|-resisted|p1a: Frosmoth
|-damage|p1a: Frosmoth|91/100
|
|-heal|p1a: Frosmoth|97/100|[from] item: Leftovers
|upkeep
|turn|5
|
|t:|1620994790
|switch|p2a: Liepard|Liepard, F|100/100
|move|p1a: Frosmoth|Quiver Dance|p1a: Frosmoth
|-boost|p1a: Frosmoth|spa|1
|-boost|p1a: Frosmoth|spd|1
|-boost|p1a: Frosmoth|spe|1
|
|-heal|p1a: Frosmoth|100/100|[from] item: Leftovers
|upkeep
|turn|6
|
|t:|1620994798
|move|p2a: Liepard|Encore|p1a: Frosmoth
|-start|p1a: Frosmoth|Encore
|move|p1a: Frosmoth|Quiver Dance|p1a: Frosmoth
|-boost|p1a: Frosmoth|spa|1
|-boost|p1a: Frosmoth|spd|1
|-boost|p1a: Frosmoth|spe|1
|
|upkeep
|turn|7
|
|t:|1620994806
|move|p1a: Frosmoth|Quiver Dance|p1a: Frosmoth
|-boost|p1a: Frosmoth|spa|1
|-boost|p1a: Frosmoth|spd|1
|-boost|p1a: Frosmoth|spe|1
|move|p2a: Liepard|Knock Off|p1a: Frosmoth
|-damage|p1a: Frosmoth|36/100
|-enditem|p1a: Frosmoth|Leftovers|[from] move: Knock Off|[of] p2a: Liepard
|
|upkeep
|turn|8
|
|t:|1620994813
|move|p2a: Liepard|Copycat|p2a: Liepard
|move|p2a: Liepard|Knock Off|p1a: Frosmoth|[from]move: Copycat
|-damage|p1a: Frosmoth|0 fnt
|faint|p1a: Frosmoth
|
|upkeep
|
|t:|1620994823
|switch|p1a: Scyther|Scyther, M|100/100
|turn|9
|
|t:|1620994827
|move|p2a: Liepard|U-turn|p1a: Scyther
|-resisted|p1a: Scyther
|-damage|p1a: Scyther|86/100
|
|t:|1620994835
|switch|p2a: Palossand|Palossand, M|100/100|[from]move: U-turn
|move|p1a: Scyther|U-turn|p2a: Palossand
|-resisted|p2a: Palossand
|-damage|p2a: Palossand|87/100
|-damage|p1a: Scyther|76/100|[from] item: Life Orb
|
|t:|1620994844
|switch|p1a: Mesprit|Mesprit|100/100|[from]move: U-turn
|
|-heal|p2a: Palossand|93/100|[from] item: Leftovers
|upkeep
|turn|10
|
|t:|1620994850
|switch|p2a: Xatu|Xatu, F|52/100
|move|p1a: Mesprit|Trick|p2a: Xatu
|-activate|p1a: Mesprit|move: Trick|[of] p2a: Xatu
|-item|p2a: Xatu|Choice Scarf|[from] move: Trick
|-item|p1a: Mesprit|Heavy-Duty Boots|[from] move: Trick
|
|upkeep
|turn|11
|
|t:|1620994858
|move|p1a: Mesprit|U-turn|p2a: Xatu
|-damage|p2a: Xatu|38/100
|
|t:|1620994860
|switch|p1a: Shuckle|Shuckle, F|100/100|[from]move: U-turn
|move|p2a: Xatu|Teleport|p2a: Xatu
|
|t:|1620994865
|switch|p2a: Liepard|Liepard, F|100/100|[from]move: Teleport
|
|upkeep
|turn|12
|
|t:|1620994869
|move|p2a: Liepard|Knock Off|p1a: Shuckle
|-damage|p1a: Shuckle|78/100
|-enditem|p1a: Shuckle|Leftovers|[from] move: Knock Off|[of] p2a: Liepard
|move|p1a: Shuckle|Infestation|p2a: Liepard
|-supereffective|p2a: Liepard
|-damage|p2a: Liepard|93/100
|-activate|p2a: Liepard|move: Infestation|[of] p1a: Shuckle
|
|-heal|p2a: Liepard|99/100|[from] item: Leftovers
|-damage|p2a: Liepard|87/100|[from] move: Infestation|[partiallytrapped]
|upkeep
|turn|13
|
|t:|1620994879
|move|p2a: Liepard|Copycat|p2a: Liepard
|move|p2a: Liepard|Infestation|p1a: Shuckle|[from]move: Copycat
|-damage|p1a: Shuckle|75/100
|-activate|p1a: Shuckle|move: Infestation|[of] p2a: Liepard
|move|p1a: Shuckle|Shell Smash|p1a: Shuckle
|-boost|p1a: Shuckle|def|1
|-boost|p1a: Shuckle|spd|1
|-unboost|p1a: Shuckle|atk|2
|-unboost|p1a: Shuckle|spa|2
|-unboost|p1a: Shuckle|spe|2
|
|-heal|p2a: Liepard|93/100|[from] item: Leftovers
|-damage|p2a: Liepard|80/100|[from] move: Infestation|[partiallytrapped]
|-damage|p1a: Shuckle|63/100|[from] move: Infestation|[partiallytrapped]
|upkeep
|turn|14
|
|t:|1620994891
|move|p2a: Liepard|Encore|p1a: Shuckle
|-start|p1a: Shuckle|Encore
|move|p1a: Shuckle|Shell Smash|p1a: Shuckle
|-boost|p1a: Shuckle|def|1
|-boost|p1a: Shuckle|spd|1
|-unboost|p1a: Shuckle|atk|2
|-unboost|p1a: Shuckle|spa|2
|-unboost|p1a: Shuckle|spe|2
|
|-heal|p2a: Liepard|86/100|[from] item: Leftovers
|-damage|p2a: Liepard|74/100|[from] move: Infestation|[partiallytrapped]
|-damage|p1a: Shuckle|51/100|[from] move: Infestation|[partiallytrapped]
|upkeep
|turn|15
|
|t:|1620994900
|move|p2a: Liepard|Copycat|p2a: Liepard
|move|p2a: Liepard|Shell Smash|p2a: Liepard|[from]move: Copycat
|-unboost|p2a: Liepard|def|1
|-unboost|p2a: Liepard|spd|1
|-boost|p2a: Liepard|atk|2
|-boost|p2a: Liepard|spa|2
|-boost|p2a: Liepard|spe|2
|move|p1a: Shuckle|Shell Smash|p1a: Shuckle
|-boost|p1a: Shuckle|def|1
|-boost|p1a: Shuckle|spd|1
|-unboost|p1a: Shuckle|atk|2
|-unboost|p1a: Shuckle|spa|2
|-unboost|p1a: Shuckle|spe|2
|
|-heal|p2a: Liepard|80/100|[from] item: Leftovers
|-damage|p2a: Liepard|68/100|[from] move: Infestation|[partiallytrapped]
|-damage|p1a: Shuckle|39/100|[from] move: Infestation|[partiallytrapped]
|upkeep
|turn|16
|
|t:|1620994913
|move|p2a: Liepard|Copycat|p2a: Liepard
|move|p2a: Liepard|Shell Smash|p2a: Liepard|[from]move: Copycat
|-unboost|p2a: Liepard|def|1
|-unboost|p2a: Liepard|spd|1
|-boost|p2a: Liepard|atk|2
|-boost|p2a: Liepard|spa|2
|-boost|p2a: Liepard|spe|2
|move|p1a: Shuckle|Shell Smash|p1a: Shuckle
|-boost|p1a: Shuckle|def|1
|-boost|p1a: Shuckle|spd|1
|-unboost|p1a: Shuckle|atk|0
|-unboost|p1a: Shuckle|spa|0
|-unboost|p1a: Shuckle|spe|0
|
|-heal|p2a: Liepard|74/100|[from] item: Leftovers
|-damage|p2a: Liepard|61/100|[from] move: Infestation|[partiallytrapped]
|-damage|p1a: Shuckle|26/100|[from] move: Infestation|[partiallytrapped]
|-end|p1a: Shuckle|Encore
|upkeep
|turn|17
|
|t:|1620994930
|move|p2a: Liepard|Encore|p1a: Shuckle
|-start|p1a: Shuckle|Encore
|move|p1a: Shuckle|Shell Smash|p1a: Shuckle
|-boost|p1a: Shuckle|def|1
|-boost|p1a: Shuckle|spd|1
|-unboost|p1a: Shuckle|atk|0
|-unboost|p1a: Shuckle|spa|0
|-unboost|p1a: Shuckle|spe|0
|
|-heal|p2a: Liepard|67/100|[from] item: Leftovers
|-end|p2a: Liepard|Infestation|[partiallytrapped]
|-damage|p1a: Shuckle|14/100|[from] move: Infestation|[partiallytrapped]
|upkeep
|turn|18
|
|t:|1620994940
|move|p2a: Liepard|Copycat|p2a: Liepard
|move|p2a: Liepard|Shell Smash|p2a: Liepard|[from]move: Copycat
|-unboost|p2a: Liepard|def|1
|-unboost|p2a: Liepard|spd|1
|-boost|p2a: Liepard|atk|2
|-boost|p2a: Liepard|spa|2
|-boost|p2a: Liepard|spe|2
|move|p1a: Shuckle|Shell Smash|p1a: Shuckle
|-boost|p1a: Shuckle|def|1
|-boost|p1a: Shuckle|spd|1
|-unboost|p1a: Shuckle|atk|0
|-unboost|p1a: Shuckle|spa|0
|-unboost|p1a: Shuckle|spe|0
|
|-heal|p2a: Liepard|73/100|[from] item: Leftovers
|-end|p1a: Shuckle|Infestation|[partiallytrapped]
|upkeep
|turn|19
|
|t:|1620994952
|move|p2a: Liepard|Knock Off|p1a: Shuckle
|-damage|p1a: Shuckle|0 fnt
|faint|p1a: Shuckle
|
|-heal|p2a: Liepard|79/100|[from] item: Leftovers
|upkeep
|
|t:|1620994958
|switch|p1a: Scyther|Scyther, M|76/100
|turn|20
|
|t:|1620994961
|move|p2a: Liepard|Copycat|p2a: Liepard
|move|p2a: Liepard|Knock Off|p1a: Scyther|[from]move: Copycat
|-crit|p1a: Scyther
|-damage|p1a: Scyther|0 fnt
|-enditem|p1a: Scyther|Life Orb|[from] move: Knock Off|[of] p2a: Liepard
|faint|p1a: Scyther
|
|-heal|p2a: Liepard|85/100|[from] item: Leftovers
|upkeep
|-message|RAJA479 forfeited.
|
|win|Eesturn
|raw|RAJA479's rating: 1224 &rarr; <strong>1200</strong><br />(-24 for losing)
|raw|Eesturn's rating: 1234 &rarr; <strong>1258</strong><br />(+24 for winning)
|l|☆RAJA479
|c|☆Eesturn|LOL
