|j|☆Antares
|j|☆Abbehzt
|t:|1664202597
|gametype|singles
|player|p1|Antares|galacticgrunt|
|player|p2|Abbehzt|ethan|
|teamsize|p1|6
|teamsize|p2|6
|gen|8
|tier|[Gen 8] PU
|rule|Sleep Clause Mod: Limit one foe put to sleep
|rule|Species Clause: Limit one of each Pokémon
|rule|OHKO Clause: OHKO moves are banned
|rule|Evasion Items Clause: Evasion items are banned
|rule|Evasion Moves Clause: Evasion moves are banned
|rule|Endless Battle Clause: Forcing endless battles is banned
|rule|HP Percentage Mod: HP is shown in percentages
|rule|Dynamax Clause: You cannot dynamax
|clearpoke
|poke|p1|Shuckle, M|
|poke|p1|Silvally-*|
|poke|p1|Mesprit|
|poke|p1|Jolteon, F|
|poke|p1|Qwilfish, M|
|poke|p1|Sandslash, M|
|poke|p2|Gigalith, F|
|poke|p2|Sandslash, M|
|poke|p2|Charizard, F|
|poke|p2|Togedemaru, F|
|poke|p2|Ferroseed, F|
|poke|p2|Wishiwashi, F|
|teampreview
|inactive|Battle timer is ON: inactive players will automatically lose when time's up. (requested by Abbehzt)
|j| Beka ❤
|c|☆Abbehzt|glhf
|inactive|Abbehzt has 270 seconds left.
|c|☆Antares|gl
|
|t:|1664202638
|start
|switch|p1a: Shuckle|Shuckle, M|100/100
|switch|p2a: Gigalith|Gigalith, F|100/100
|-weather|Sandstorm|[from] ability: Sand Stream|[of] p2a: Gigalith
|turn|1
|
|t:|1664202645
|move|p2a: Gigalith|Stealth Rock|p1a: Shuckle
|-sidestart|p1: Antares|move: Stealth Rock
|move|p1a: Shuckle|Sticky Web|p2a: Gigalith
|-sidestart|p2: Abbehzt|move: Sticky Web
|
|-weather|Sandstorm|[upkeep]
|upkeep
|turn|2
|
|t:|1664202650
|move|p2a: Gigalith|Rock Blast|p1a: Shuckle|[miss]
|-miss|p2a: Gigalith|p1a: Shuckle
|move|p1a: Shuckle|Stealth Rock|p2a: Gigalith
|-sidestart|p2: Abbehzt|move: Stealth Rock
|
|-weather|Sandstorm|[upkeep]
|upkeep
|turn|3
|
|t:|1664202653
|move|p2a: Gigalith|Rock Blast|p1a: Shuckle
|-supereffective|p1a: Shuckle
|-damage|p1a: Shuckle|86/100
|-supereffective|p1a: Shuckle
|-damage|p1a: Shuckle|71/100
|-supereffective|p1a: Shuckle
|-damage|p1a: Shuckle|55/100
|-supereffective|p1a: Shuckle
|-damage|p1a: Shuckle|40/100
|-hitcount|p1a: Shuckle|4
|move|p1a: Shuckle|Toxic|p2a: Gigalith
|-status|p2a: Gigalith|tox
|
|-weather|Sandstorm|[upkeep]
|-damage|p2a: Gigalith|94/100 tox|[from] psn
|upkeep
|turn|4
|
|t:|1664202662
|move|p2a: Gigalith|Rock Blast|p1a: Shuckle
|-supereffective|p1a: Shuckle
|-damage|p1a: Shuckle|27/100
|-supereffective|p1a: Shuckle
|-damage|p1a: Shuckle|12/100
|-hitcount|p1a: Shuckle|2
|move|p1a: Shuckle|Toxic|p2a: Gigalith
|-fail|p2a: Gigalith|tox
|
|-weather|Sandstorm|[upkeep]
|-heal|p2a: Gigalith|100/100 tox|[from] item: Leftovers
|-damage|p2a: Gigalith|88/100 tox|[from] psn
|upkeep
|turn|5
|
|t:|1664202669
|move|p2a: Gigalith|Rock Blast|p1a: Shuckle
|-supereffective|p1a: Shuckle
|-damage|p1a: Shuckle|0 fnt
|faint|p1a: Shuckle
|-hitcount|p1: Shuckle|1
|
|-weather|none
|-heal|p2a: Gigalith|94/100 tox|[from] item: Leftovers
|-damage|p2a: Gigalith|76/100 tox|[from] psn
|upkeep
|
|t:|1664202672
|switch|p1a: Sandslash|Sandslash, M|100/100
|turn|6
|
|t:|1664202678
|switch|p2a: Ferroseed|Ferroseed, F|100/100
|-activate|p2a: Ferroseed|move: Sticky Web
|-unboost|p2a: Ferroseed|spe|1
|-damage|p2a: Ferroseed|94/100|[from] Stealth Rock
|move|p1a: Sandslash|Knock Off|p2a: Ferroseed
|-damage|p2a: Ferroseed|72/100
|-damage|p1a: Sandslash|88/100|[from] ability: Iron Barbs|[of] p2a: Ferroseed
|-enditem|p2a: Ferroseed|Eviolite|[from] move: Knock Off|[of] p1a: Sandslash
|
|upkeep
|turn|7
|
|t:|1664202684
|move|p1a: Sandslash|Swords Dance|p1a: Sandslash
|-boost|p1a: Sandslash|atk|2
|move|p2a: Ferroseed|Knock Off|p1a: Sandslash
|-damage|p1a: Sandslash|75/100
|-enditem|p1a: Sandslash|Heavy-Duty Boots|[from] move: Knock Off|[of] p2a: Ferroseed
|
|upkeep
|turn|8
|
|t:|1664202690
|move|p1a: Sandslash|Earthquake|p2a: Ferroseed
|-damage|p2a: Ferroseed|0 fnt
|faint|p2a: Ferroseed
|
|upkeep
|inactive|Abbehzt has 270 seconds left.
|
|t:|1664202736
|switch|p2a: Togedemaru|Togedemaru, F|100/100
|-activate|p2a: Togedemaru|move: Sticky Web
|-unboost|p2a: Togedemaru|spe|1
|-damage|p2a: Togedemaru|95/100|[from] Stealth Rock
|turn|9
|
|t:|1664202747
|move|p2a: Togedemaru|Iron Head|p1a: Sandslash
|-damage|p1a: Sandslash|40/100
|move|p1a: Sandslash|Rapid Spin|p2a: Togedemaru
|-resisted|p2a: Togedemaru
|-damage|p2a: Togedemaru|67/100
|-boost|p1a: Sandslash|spe|1
|-sideend|p1: Antares|Stealth Rock|[from] move: Rapid Spin|[of] p1a: Sandslash
|
|upkeep
|turn|10
|
|t:|1664202752
|move|p1a: Sandslash|Earthquake|p2a: Togedemaru
|-supereffective|p2a: Togedemaru
|-damage|p2a: Togedemaru|0 fnt
|faint|p2a: Togedemaru
|
|upkeep
|
|t:|1664202758
|switch|p2a: Charizard|Charizard, F|100/100
|turn|11
|
|t:|1664202761
|move|p1a: Sandslash|Knock Off|p2a: Charizard
|-damage|p2a: Charizard|27/100
|-enditem|p2a: Charizard|Heavy-Duty Boots|[from] move: Knock Off|[of] p1a: Sandslash
|move|p2a: Charizard|Flamethrower|p1a: Sandslash
|-damage|p1a: Sandslash|0 fnt
|faint|p1a: Sandslash
|
|upkeep
|
|t:|1664202769
|switch|p1a: Jolteon|Jolteon, F|100/100
|turn|12
|
|t:|1664202773
|move|p1a: Jolteon|Shadow Ball|p2a: Charizard
|-damage|p2a: Charizard|0 fnt
|faint|p2a: Charizard
|
|upkeep
|
|t:|1664202778
|switch|p2a: Wishiwashi|Wishiwashi, F|100/100
|-activate|p2a: Wishiwashi|move: Sticky Web
|-unboost|p2a: Wishiwashi|spe|1
|-damage|p2a: Wishiwashi|88/100|[from] Stealth Rock
|-formechange|p2a: Wishiwashi|Wishiwashi-School||[from] ability: Schooling
|turn|13
|
|t:|1664202787
|move|p1a: Jolteon|Shadow Ball|p2a: Wishiwashi
|-damage|p2a: Wishiwashi|68/100
|move|p2a: Wishiwashi|Flip Turn|p1a: Jolteon
|-damage|p1a: Jolteon|54/100
|
|t:|1664202792
|switch|p2a: Gigalith|Gigalith, F|76/100 tox|[from]move: Flip Turn
|-activate|p2a: Gigalith|move: Sticky Web
|-unboost|p2a: Gigalith|spe|1
|-damage|p2a: Gigalith|64/100 tox|[from] Stealth Rock
|-weather|Sandstorm|[from] ability: Sand Stream|[of] p2a: Gigalith
|
|-weather|Sandstorm|[upkeep]
|-damage|p1a: Jolteon|48/100|[from] Sandstorm
|-heal|p2a: Gigalith|70/100 tox|[from] item: Leftovers
|-damage|p2a: Gigalith|64/100 tox|[from] psn
|upkeep
|turn|14
|
|t:|1664202798
|switch|p1a: Mesprit|Mesprit|100/100
|move|p2a: Gigalith|Rock Blast|p1a: Mesprit
|-crit|p1a: Mesprit
|-damage|p1a: Mesprit|80/100
|-damage|p1a: Mesprit|67/100
|-damage|p1a: Mesprit|55/100
|-hitcount|p1a: Mesprit|3
|
|-weather|Sandstorm|[upkeep]
|-damage|p1a: Mesprit|49/100|[from] Sandstorm
|-heal|p1a: Mesprit|55/100|[from] item: Leftovers
|-heal|p2a: Gigalith|70/100 tox|[from] item: Leftovers
|-damage|p2a: Gigalith|57/100 tox|[from] psn
|upkeep
|turn|15
|
|t:|1664202807
|move|p1a: Mesprit|Psychic|p2a: Gigalith
|-crit|p2a: Gigalith
|-damage|p2a: Gigalith|17/100 tox
|move|p2a: Gigalith|Rock Blast|p1a: Mesprit
|-damage|p1a: Mesprit|43/100
|-damage|p1a: Mesprit|31/100
|-hitcount|p1a: Mesprit|2
|
|-weather|Sandstorm|[upkeep]
|-damage|p1a: Mesprit|25/100|[from] Sandstorm
|-heal|p1a: Mesprit|31/100|[from] item: Leftovers
|-heal|p2a: Gigalith|23/100 tox|[from] item: Leftovers
|-damage|p2a: Gigalith|5/100 tox|[from] psn
|upkeep
|turn|16
|
|t:|1664202816
|move|p1a: Mesprit|Psychic|p2a: Gigalith
|-damage|p2a: Gigalith|0 fnt
|faint|p2a: Gigalith
|
|-weather|Sandstorm|[upkeep]
|-damage|p1a: Mesprit|25/100|[from] Sandstorm
|-heal|p1a: Mesprit|31/100|[from] item: Leftovers
|upkeep
|
|t:|1664202819
|switch|p2a: Sandslash|Sandslash, M|100/100
|-activate|p2a: Sandslash|move: Sticky Web
|-unboost|p2a: Sandslash|spe|1
|-damage|p2a: Sandslash|94/100|[from] Stealth Rock
|turn|17
|
|t:|1664202831
|move|p2a: Sandslash|Knock Off|p1a: Mesprit
|-supereffective|p1a: Mesprit
|-damage|p1a: Mesprit|0 fnt
|-enditem|p1a: Mesprit|Leftovers|[from] move: Knock Off|[of] p2a: Sandslash
|faint|p1a: Mesprit
|-damage|p2a: Sandslash|84/100|[from] item: Life Orb
|
|-weather|none
|upkeep
|
|t:|1664202835
|switch|p1a: Qwilfish|Qwilfish, M|100/100
|-ability|p1a: Qwilfish|Intimidate|boost
|-unboost|p2a: Sandslash|atk|1
|turn|18
|
|t:|1664202839
|move|p1a: Qwilfish|Liquidation|p2a: Sandslash
|-supereffective|p2a: Sandslash
|-damage|p2a: Sandslash|0 fnt
|faint|p2a: Sandslash
|-damage|p1a: Qwilfish|91/100|[from] item: Life Orb
|
|upkeep
|
|t:|1664202842
|switch|p2a: Wishiwashi|Wishiwashi, F|68/100
|-activate|p2a: Wishiwashi|move: Sticky Web
|-unboost|p2a: Wishiwashi|spe|1
|-damage|p2a: Wishiwashi|55/100|[from] Stealth Rock
|-formechange|p2a: Wishiwashi|Wishiwashi-School||[from] ability: Schooling
|turn|19
|
|t:|1664202850
|move|p1a: Qwilfish|Swords Dance|p1a: Qwilfish
|-boost|p1a: Qwilfish|atk|2
|move|p2a: Wishiwashi|Scald|p1a: Qwilfish
|-resisted|p1a: Qwilfish
|-damage|p1a: Qwilfish|50/100
|
|upkeep
|turn|20
|
|t:|1664202853
|move|p1a: Qwilfish|Poison Jab|p2a: Wishiwashi
|-crit|p2a: Wishiwashi
|-damage|p2a: Wishiwashi|0 fnt
|faint|p2a: Wishiwashi
|-damage|p1a: Qwilfish|40/100|[from] item: Life Orb
|
|win|Antares
|c|☆Antares|ggs
