|raw|<div class="broadcast-blue"><strong>This battle is required to be public due to a player having a name starting with 'pult61a'.</div>
|j|☆pult61a Zip
|j|☆pult61a hera
|t:|1626895633
|gametype|singles
|player|p1|pult61a Zip|richboy-gen4|1361
|player|p2|pult61a hera|anabel|1400
|teamsize|p1|6
|teamsize|p2|6
|gen|8
|tier|[Gen 8] PU
|rated|
|rule|Sleep Clause Mod: Limit one foe put to sleep
|rule|Species Clause: Limit one of each Pokémon
|rule|OHKO Clause: OHKO moves are banned
|rule|Evasion Moves Clause: Evasion moves are banned
|rule|Endless Battle Clause: Forcing endless battles is banned
|rule|HP Percentage Mod: HP is shown in percentages
|rule|Dynamax Clause: You cannot dynamax
|clearpoke
|poke|p1|Articuno-Galar|
|poke|p1|Passimian, M|
|poke|p1|Whimsicott, F|
|poke|p1|Quagsire, M|
|poke|p1|Togedemaru, M|
|poke|p1|Palossand, F|
|poke|p2|Audino, M|
|poke|p2|Articuno|
|poke|p2|Quagsire, M|
|poke|p2|Tangela, F|
|poke|p2|Palossand, F|
|poke|p2|Scrafty, M|
|teampreview
|inactive|Battle timer is ON: inactive players will automatically lose when time's up. (requested by pult61a hera)
|inactive|pult61a Zip has 120 seconds left.
|inactive|pult61a Zip has 90 seconds left.
|inactive|pult61a Zip has 60 seconds left.
|
|t:|1626895750
|start
|switch|p1a: Articuno|Articuno-Galar|100/100
|switch|p2a: Scars|Scrafty, M, shiny|100/100
|turn|1
|
|t:|1626895761
|move|p1a: Articuno|U-turn|p2a: Scars
|-damage|p2a: Scars|91/100
|
|t:|1626895770
|switch|p1a: Quagsire|Quagsire, M|100/100|[from]move: U-turn
|move|p2a: Scars|Bulk Up|p2a: Scars
|-boost|p2a: Scars|atk|1
|-boost|p2a: Scars|def|1
|
|-heal|p2a: Scars|97/100|[from] item: Leftovers
|upkeep
|turn|2
|
|t:|1626895782
|move|p2a: Scars|Knock Off|p1a: Quagsire
|-damage|p1a: Quagsire|80/100
|-enditem|p1a: Quagsire|Leftovers|[from] move: Knock Off|[of] p2a: Scars
|move|p1a: Quagsire|Infestation|p2a: Scars
|-damage|p2a: Scars|94/100
|-activate|p2a: Scars|move: Infestation|[of] p1a: Quagsire
|
|-heal|p2a: Scars|99/100|[from] item: Leftovers
|-damage|p2a: Scars|88/100|[from] move: Infestation|[partiallytrapped]
|upkeep
|turn|3
|
|t:|1626895793
|move|p2a: Scars|Drain Punch|p1a: Quagsire
|-damage|p1a: Quagsire|63/100
|-heal|p2a: Scars|98/100|[from] drain|[of] p1a: Quagsire
|move|p1a: Quagsire|Seismic Toss|p2a: Scars
|-damage|p2a: Scars|68/100
|
|-heal|p2a: Scars|74/100|[from] item: Leftovers
|-damage|p2a: Scars|62/100|[from] move: Infestation|[partiallytrapped]
|upkeep
|turn|4
|
|t:|1626895804
|move|p2a: Scars|Drain Punch|p1a: Quagsire
|-damage|p1a: Quagsire|46/100
|-heal|p2a: Scars|71/100|[from] drain|[of] p1a: Quagsire
|move|p1a: Quagsire|Seismic Toss|p2a: Scars
|-damage|p2a: Scars|41/100
|
|-heal|p2a: Scars|47/100|[from] item: Leftovers
|-damage|p2a: Scars|35/100|[from] move: Infestation|[partiallytrapped]
|upkeep
|turn|5
|
|t:|1626895816
|move|p2a: Scars|Rest|p2a: Scars
|-status|p2a: Scars|slp|[from] move: Rest
|-heal|p2a: Scars|100/100 slp|[silent]
|move|p1a: Quagsire|Seismic Toss|p2a: Scars
|-damage|p2a: Scars|71/100 slp
|
|-activate|p2a: Scars|ability: Shed Skin
|-curestatus|p2a: Scars|slp|[msg]
|-heal|p2a: Scars|77/100|[from] item: Leftovers
|-damage|p2a: Scars|64/100|[from] move: Infestation|[partiallytrapped]
|upkeep
|turn|6
|
|t:|1626895831
|move|p2a: Scars|Drain Punch|p1a: Quagsire
|-damage|p1a: Quagsire|29/100
|-heal|p2a: Scars|75/100|[from] drain|[of] p1a: Quagsire
|move|p1a: Quagsire|Recover|p1a: Quagsire
|-heal|p1a: Quagsire|79/100
|
|-heal|p2a: Scars|81/100|[from] item: Leftovers
|-end|p2a: Scars|Infestation|[partiallytrapped]
|upkeep
|turn|7
|
|t:|1626895841
|switch|p2a: Sire|Quagsire, M|100/100
|move|p1a: Quagsire|Toxic|p2a: Sire
|-status|p2a: Sire|tox
|
|-damage|p2a: Sire|94/100 tox|[from] psn
|upkeep
|turn|8
|
|t:|1626895856
|switch|p1a: Togedemaru|Togedemaru, M|100/100
|switch|p2a: Boots Da Bush|Tangela, F|100/100
|
|upkeep
|turn|9
|
|t:|1626895878
|move|p1a: Togedemaru|Iron Head|p2a: Boots Da Bush
|-damage|p2a: Boots Da Bush|88/100
|move|p2a: Boots Da Bush|Toxic|p1a: Togedemaru
|-immune|p1a: Togedemaru
|
|upkeep
|turn|10
|
|t:|1626895890
|move|p1a: Togedemaru|Iron Head|p2a: Boots Da Bush
|-damage|p2a: Boots Da Bush|75/100
|move|p2a: Boots Da Bush|Giga Drain|p1a: Togedemaru
|-resisted|p1a: Togedemaru
|-damage|p1a: Togedemaru|88/100
|-heal|p2a: Boots Da Bush|81/100|[from] drain|[of] p1a: Togedemaru
|
|-heal|p1a: Togedemaru|94/100|[from] item: Leftovers
|upkeep
|turn|11
|inactive|pult61a Zip has 90 seconds left.
|
|t:|1626895909
|move|p1a: Togedemaru|Iron Head|p2a: Boots Da Bush
|-damage|p2a: Boots Da Bush|70/100
|cant|p2a: Boots Da Bush|flinch
|
|-heal|p1a: Togedemaru|99/100|[from] item: Leftovers
|upkeep
|turn|12
|
|t:|1626895918
|switch|p2a: Sand Castle|Palossand, F|100/100
|move|p1a: Togedemaru|Iron Head|p2a: Sand Castle
|-damage|p2a: Sand Castle|83/100
|
|-heal|p1a: Togedemaru|100/100|[from] item: Leftovers
|upkeep
|turn|13
|
|t:|1626895927
|move|p1a: Togedemaru|U-turn|p2a: Sand Castle
|-resisted|p2a: Sand Castle
|-crit|p2a: Sand Castle
|-damage|p2a: Sand Castle|75/100
|
|t:|1626895939
|switch|p1a: Articuno|Articuno-Galar|100/100|[from]move: U-turn
|move|p2a: Sand Castle|Stealth Rock|p1a: Articuno
|-sidestart|p1: pult61a Zip|move: Stealth Rock
|
|upkeep
|turn|14
|
|t:|1626895953
|switch|p2a: Audacious|Audino, M|100/100
|move|p1a: Articuno|U-turn|p2a: Audacious
|-damage|p2a: Audacious|88/100
|
|t:|1626895959
|switch|p1a: Passimian|Passimian, M|100/100|[from]move: U-turn
|-damage|p1a: Passimian|94/100|[from] Stealth Rock
|
|upkeep
|turn|15
|
|t:|1626895965
|move|p2a: Audacious|Protect|p2a: Audacious
|-singleturn|p2a: Audacious|Protect
|move|p1a: Passimian|Knock Off|p2a: Audacious
|-activate|p2a: Audacious|move: Protect
|
|upkeep
|turn|16
|
|t:|1626895972
|switch|p1a: Togedemaru|Togedemaru, M|100/100
|-damage|p1a: Togedemaru|95/100|[from] Stealth Rock
|move|p2a: Audacious|Wish|p2a: Audacious
|
|-heal|p1a: Togedemaru|100/100|[from] item: Leftovers
|upkeep
|turn|17
|
|t:|1626895985
|move|p1a: Togedemaru|U-turn|p2a: Audacious
|-damage|p2a: Audacious|71/100
|
|t:|1626895993
|switch|p1a: Passimian|Passimian, M|94/100|[from]move: U-turn
|-damage|p1a: Passimian|88/100|[from] Stealth Rock
|move|p2a: Audacious|Heal Bell|p2a: Audacious
|-activate|p2a: Audacious|move: Heal Bell
|-curestatus|p2: Sire|tox|[msg]
|
|-heal|p2a: Audacious|100/100|[from] move: Wish|[wisher] Audacious
|upkeep
|turn|18
|
|t:|1626896005
|move|p2a: Audacious|Protect|p2a: Audacious
|-singleturn|p2a: Audacious|Protect
|move|p1a: Passimian|Knock Off|p2a: Audacious
|-activate|p2a: Audacious|move: Protect
|
|upkeep
|turn|19
|
|t:|1626896012
|move|p1a: Passimian|Knock Off|p2a: Audacious
|-damage|p2a: Audacious|69/100
|-enditem|p2a: Audacious|Heavy-Duty Boots|[from] move: Knock Off|[of] p1a: Passimian
|move|p2a: Audacious|Wish|p2a: Audacious
|
|upkeep
|turn|20
|
|t:|1626896030
|switch|p1a: Articuno|Articuno-Galar|100/100
|switch|p2a: Scars|Scrafty, M, shiny|81/100
|
|-heal|p2a: Scars|100/100|[from] move: Wish|[wisher] Audacious
|upkeep
|turn|21
|
|t:|1626896039
|move|p1a: Articuno|U-turn|p2a: Scars
|-damage|p2a: Scars|92/100
|
|t:|1626896042
|switch|p1a: Quagsire|Quagsire, M|79/100|[from]move: U-turn
|-damage|p1a: Quagsire|73/100|[from] Stealth Rock
|move|p2a: Scars|Knock Off|p1a: Quagsire
|-damage|p1a: Quagsire|57/100
|
|-heal|p2a: Scars|98/100|[from] item: Leftovers
|upkeep
|turn|22
|inactive|pult61a Zip has 120 seconds left.
|
|t:|1626896055
|switch|p2a: Boots Da Bush|Tangela, F|100/100
|move|p1a: Quagsire|Infestation|p2a: Boots Da Bush
|-supereffective|p2a: Boots Da Bush
|-damage|p2a: Boots Da Bush|91/100
|-activate|p2a: Boots Da Bush|move: Infestation|[of] p1a: Quagsire
|
|-damage|p2a: Boots Da Bush|79/100|[from] move: Infestation|[partiallytrapped]
|upkeep
|turn|23
|inactive|pult61a Zip has 120 seconds left.
|
|t:|1626896065
|switch|p1a: Togedemaru|Togedemaru, M|100/100
|-damage|p1a: Togedemaru|95/100|[from] Stealth Rock
|move|p2a: Boots Da Bush|Giga Drain|p1a: Togedemaru
|-resisted|p1a: Togedemaru
|-damage|p1a: Togedemaru|83/100
|-heal|p2a: Boots Da Bush|84/100|[from] drain|[of] p1a: Togedemaru
|
|-heal|p1a: Togedemaru|89/100|[from] item: Leftovers
|-end|p2a: Boots Da Bush|Infestation|[partiallytrapped]|[silent]
|upkeep
|turn|24
|inactive|pult61a Zip has 120 seconds left.
|
|t:|1626896076
|switch|p2a: Sire|Quagsire, M|94/100
|move|p1a: Togedemaru|Iron Head|p2a: Sire
|-resisted|p2a: Sire
|-damage|p2a: Sire|85/100
|
|-heal|p1a: Togedemaru|95/100|[from] item: Leftovers
|upkeep
|turn|25
|
|t:|1626896084
|move|p1a: Togedemaru|Spiky Shield|p1a: Togedemaru
|-singleturn|p1a: Togedemaru|move: Protect
|move|p2a: Sire|Toxic|p1a: Togedemaru
|-activate|p1a: Togedemaru|move: Protect
|
|-heal|p1a: Togedemaru|100/100|[from] item: Leftovers
|upkeep
|turn|26
|inactive|pult61a Zip has 120 seconds left.
|inactive|pult61a Zip has 90 seconds left.
|
|t:|1626896150
|move|p1a: Togedemaru|U-turn|p2a: Sire
|-damage|p2a: Sire|74/100
|
|t:|1626896153
|switch|p1a: Palossand|Palossand, F, shiny|100/100|[from]move: U-turn
|-damage|p1a: Palossand|94/100|[from] Stealth Rock
|move|p2a: Sire|Toxic|p1a: Palossand
|-status|p1a: Palossand|tox
|
|-damage|p1a: Palossand|88/100 tox|[from] psn
|upkeep
|turn|27
|
|t:|1626896169
|move|p1a: Palossand|Stealth Rock|p2a: Sire
|-sidestart|p2: pult61a hera|move: Stealth Rock
|move|p2a: Sire|Recover|p2a: Sire
|-heal|p2a: Sire|100/100
|
|-damage|p1a: Palossand|76/100 tox|[from] psn
|upkeep
|turn|28
|
|t:|1626896178
|move|p1a: Palossand|Toxic|p2a: Sire
|-status|p2a: Sire|tox
|move|p2a: Sire|Scald|p1a: Palossand
|-supereffective|p1a: Palossand
|-damage|p1a: Palossand|50/100 tox
|
|-damage|p1a: Palossand|32/100 tox|[from] psn
|-damage|p2a: Sire|94/100 tox|[from] psn
|upkeep
|turn|29
|inactive|pult61a Zip has 90 seconds left.
|
|t:|1626896194
|switch|p1a: Whimsicott|Whimsicott, F, shiny|100/100
|move|p2a: Sire|Toxic|p1a: Whimsicott|[miss]
|-miss|p2a: Sire|p1a: Whimsicott
|
|-damage|p2a: Sire|82/100 tox|[from] psn
|upkeep
|turn|30
|
|t:|1626896208
|switch|p2a: Audacious|Audino, M|100/100
|-damage|p2a: Audacious|88/100|[from] Stealth Rock
|move|p1a: Whimsicott|Knock Off|p2a: Audacious
|-damage|p2a: Audacious|79/100
|
|upkeep
|turn|31
|
|t:|1626896230
|switch|p1a: Passimian|Passimian, M|88/100
|-damage|p1a: Passimian|82/100|[from] Stealth Rock
|move|p2a: Audacious|Knock Off|p1a: Passimian
|-resisted|p1a: Passimian
|-damage|p1a: Passimian|75/100
|-enditem|p1a: Passimian|Choice Scarf|[from] move: Knock Off|[of] p2a: Audacious
|
|upkeep
|turn|32
|
|t:|1626896243
|switch|p2a: Boots Da Bush|Tangela, F|100/100
|-damage|p2a: Boots Da Bush|88/100|[from] Stealth Rock
|move|p1a: Passimian|Knock Off|p2a: Boots Da Bush
|-damage|p2a: Boots Da Bush|74/100
|-enditem|p2a: Boots Da Bush|Eviolite|[from] move: Knock Off|[of] p1a: Passimian
|
|upkeep
|turn|33
|
|t:|1626896253
|move|p1a: Passimian|U-turn|p2a: Boots Da Bush
|-supereffective|p2a: Boots Da Bush
|-damage|p2a: Boots Da Bush|41/100
|
|t:|1626896258
|switch|p1a: Togedemaru|Togedemaru, M|100/100|[from]move: U-turn
|-damage|p1a: Togedemaru|95/100|[from] Stealth Rock
|move|p2a: Boots Da Bush|Giga Drain|p1a: Togedemaru
|-resisted|p1a: Togedemaru
|-damage|p1a: Togedemaru|83/100
|-heal|p2a: Boots Da Bush|46/100|[from] drain|[of] p1a: Togedemaru
|
|-heal|p1a: Togedemaru|89/100|[from] item: Leftovers
|upkeep
|turn|34
|
|t:|1626896271
|move|p1a: Togedemaru|Iron Head|p2a: Boots Da Bush
|-damage|p2a: Boots Da Bush|28/100
|cant|p2a: Boots Da Bush|flinch
|
|-heal|p1a: Togedemaru|95/100|[from] item: Leftovers
|upkeep
|turn|35
|
|t:|1626896283
|move|p1a: Togedemaru|Wish|p1a: Togedemaru
|move|p2a: Boots Da Bush|Synthesis|p2a: Boots Da Bush
|-heal|p2a: Boots Da Bush|78/100
|
|-heal|p1a: Togedemaru|100/100|[from] item: Leftovers
|upkeep
|turn|36
|
|t:|1626896304
|move|p1a: Togedemaru|U-turn|p2a: Boots Da Bush
|-supereffective|p2a: Boots Da Bush
|-damage|p2a: Boots Da Bush|57/100
|
|t:|1626896307
|switch|p1a: Articuno|Articuno-Galar|100/100|[from]move: U-turn
|move|p2a: Boots Da Bush|Toxic|p1a: Articuno|[miss]
|-miss|p2a: Boots Da Bush|p1a: Articuno
|
|upkeep
|turn|37
|
|t:|1626896318
|switch|p2a: Audacious|Audino, M|100/100
|-damage|p2a: Audacious|88/100|[from] Stealth Rock
|move|p1a: Articuno|U-turn|p2a: Audacious
|-crit|p2a: Audacious
|-damage|p2a: Audacious|69/100
|
|t:|1626896330
|switch|p1a: Passimian|Passimian, M|75/100|[from]move: U-turn
|-damage|p1a: Passimian|69/100|[from] Stealth Rock
|
|upkeep
|turn|38
|
|t:|1626896342
|switch|p2a: Boots Da Bush|Tangela, F|91/100
|-damage|p2a: Boots Da Bush|78/100|[from] Stealth Rock
|move|p1a: Passimian|Knock Off|p2a: Boots Da Bush
|-crit|p2a: Boots Da Bush
|-damage|p2a: Boots Da Bush|58/100
|
|upkeep
|turn|39
|
|t:|1626896351
|move|p1a: Passimian|U-turn|p2a: Boots Da Bush
|-supereffective|p2a: Boots Da Bush
|-damage|p2a: Boots Da Bush|27/100
|
|t:|1626896355
|switch|p1a: Togedemaru|Togedemaru, M|100/100|[from]move: U-turn
|-damage|p1a: Togedemaru|95/100|[from] Stealth Rock
|move|p2a: Boots Da Bush|Synthesis|p2a: Boots Da Bush
|-heal|p2a: Boots Da Bush|77/100
|
|-heal|p1a: Togedemaru|100/100|[from] item: Leftovers
|upkeep
|turn|40
|
|t:|1626896369
|switch|p2a: Sand Castle|Palossand, F|75/100
|-damage|p2a: Sand Castle|69/100|[from] Stealth Rock
|move|p1a: Togedemaru|Iron Head|p2a: Sand Castle
|-damage|p2a: Sand Castle|51/100
|
|upkeep
|turn|41
|
|t:|1626896377
|move|p1a: Togedemaru|U-turn|p2a: Sand Castle
|-resisted|p2a: Sand Castle
|-damage|p2a: Sand Castle|46/100
|
|t:|1626896402
|switch|p1a: Articuno|Articuno-Galar|100/100|[from]move: U-turn
|move|p2a: Sand Castle|Shore Up|p2a: Sand Castle
|-heal|p2a: Sand Castle|96/100
|
|upkeep
|turn|42
|
|t:|1626896412
|switch|p2a: An Arctic Breeze|Articuno|100/100
|-ability|p2a: An Arctic Breeze|Pressure
|move|p1a: Articuno|Future Sight|p2a: An Arctic Breeze
|-start|p1a: Articuno|move: Future Sight
|
|upkeep
|turn|43
|
|t:|1626896424
|move|p1a: Articuno|U-turn|p2a: An Arctic Breeze
|-resisted|p2a: An Arctic Breeze
|-damage|p2a: An Arctic Breeze|95/100
|
|t:|1626896435
|switch|p1a: Togedemaru|Togedemaru, M|100/100|[from]move: U-turn
|-damage|p1a: Togedemaru|95/100|[from] Stealth Rock
|move|p2a: An Arctic Breeze|Brave Bird|p1a: Togedemaru
|-resisted|p1a: Togedemaru
|-damage|p1a: Togedemaru|82/100
|-damage|p2a: An Arctic Breeze|83/100|[from] ability: Iron Barbs|[of] p1a: Togedemaru
|-damage|p2a: An Arctic Breeze|79/100|[from] Recoil
|
|-heal|p1a: Togedemaru|88/100|[from] item: Leftovers
|upkeep
|turn|44
|inactive|pult61a Zip has 60 seconds left.
|
|t:|1626896450
|switch|p2a: Scars|Scrafty, M, shiny|98/100
|-damage|p2a: Scars|92/100|[from] Stealth Rock
|move|p1a: Togedemaru|U-turn|p2a: Scars
|-damage|p2a: Scars|80/100
|inactive|pult61a Zip has 60 seconds left.
|
|t:|1626896467
|switch|p1a: Quagsire|Quagsire, M|57/100|[from]move: U-turn
|-damage|p1a: Quagsire|51/100|[from] Stealth Rock
|
|-end|p2a: Scars|move: Future Sight
|-immune|p2a: Scars
|-heal|p2a: Scars|86/100|[from] item: Leftovers
|upkeep
|turn|45
|
|t:|1626896476
|switch|p2a: Boots Da Bush|Tangela, F|100/100
|-damage|p2a: Boots Da Bush|88/100|[from] Stealth Rock
|move|p1a: Quagsire|Toxic|p2a: Boots Da Bush
|-status|p2a: Boots Da Bush|tox
|
|-damage|p2a: Boots Da Bush|82/100 tox|[from] psn
|upkeep
|turn|46
|inactive|pult61a Zip has 60 seconds left.
|
|t:|1626896487
|switch|p2a: Audacious|Audino, M|100/100
|-damage|p2a: Audacious|88/100|[from] Stealth Rock
|switch|p1a: Togedemaru|Togedemaru, M|88/100
|-damage|p1a: Togedemaru|82/100|[from] Stealth Rock
|
|-heal|p1a: Togedemaru|88/100|[from] item: Leftovers
|upkeep
|turn|47
|inactive|pult61a Zip has 60 seconds left.
|
|t:|1626896495
|move|p1a: Togedemaru|U-turn|p2a: Audacious
|-damage|p2a: Audacious|74/100
|
|t:|1626896498
|switch|p1a: Passimian|Passimian, M|69/100|[from]move: U-turn
|-damage|p1a: Passimian|62/100|[from] Stealth Rock
|move|p2a: Audacious|Knock Off|p1a: Passimian
|-resisted|p1a: Passimian
|-damage|p1a: Passimian|57/100
|
|upkeep
|turn|48
|
|t:|1626896512
|switch|p2a: Sand Castle|Palossand, F|96/100
|-damage|p2a: Sand Castle|90/100|[from] Stealth Rock
|move|p1a: Passimian|Knock Off|p2a: Sand Castle
|-supereffective|p2a: Sand Castle
|-enditem|p2a: Sand Castle|Colbur Berry|[eat]
|-enditem|p2a: Sand Castle|Colbur Berry|[weaken]
|-damage|p2a: Sand Castle|68/100
|
|upkeep
|turn|49
|inactive|pult61a Zip has 60 seconds left.
|
|t:|1626896530
|move|p1a: Passimian|U-turn|p2a: Sand Castle
|-resisted|p2a: Sand Castle
|-damage|p2a: Sand Castle|60/100
|inactive|pult61a Zip has 60 seconds left.
|
|t:|1626896539
|switch|p1a: Articuno|Articuno-Galar|100/100|[from]move: U-turn
|move|p2a: Sand Castle|Shore Up|p2a: Sand Castle
|-heal|p2a: Sand Castle|100/100
|
|upkeep
|turn|50
|inactive|pult61a Zip has 60 seconds left.
|
|t:|1626896551
|switch|p2a: An Arctic Breeze|Articuno|79/100
|-ability|p2a: An Arctic Breeze|Pressure
|move|p1a: Articuno|U-turn|p2a: An Arctic Breeze
|-resisted|p2a: An Arctic Breeze
|-crit|p2a: An Arctic Breeze
|-damage|p2a: An Arctic Breeze|71/100
|inactive|pult61a Zip has 60 seconds left.
|
|t:|1626896563
|switch|p1a: Passimian|Passimian, M|57/100|[from]move: U-turn
|-damage|p1a: Passimian|51/100|[from] Stealth Rock
|
|upkeep
|turn|51
|
|t:|1626896566
|switch|p2a: Sand Castle|Palossand, F|100/100
|-damage|p2a: Sand Castle|94/100|[from] Stealth Rock
|move|p1a: Passimian|Rock Slide|p2a: Sand Castle
|-resisted|p2a: Sand Castle
|-damage|p2a: Sand Castle|87/100
|
|upkeep
|turn|52
|
|t:|1626896572
|move|p1a: Passimian|U-turn|p2a: Sand Castle
|-resisted|p2a: Sand Castle
|-damage|p2a: Sand Castle|79/100
|
|t:|1626896576
|switch|p1a: Articuno|Articuno-Galar|100/100|[from]move: U-turn
|move|p2a: Sand Castle|Shadow Ball|p1a: Articuno
|-supereffective|p1a: Articuno
|-damage|p1a: Articuno|54/100
|
|upkeep
|turn|53
|
|t:|1626896592
|switch|p2a: An Arctic Breeze|Articuno|71/100
|-ability|p2a: An Arctic Breeze|Pressure
|move|p1a: Articuno|Future Sight|p2a: An Arctic Breeze
|-start|p1a: Articuno|move: Future Sight
|
|upkeep
|turn|54
|
|t:|1626896606
|move|p1a: Articuno|U-turn|p2a: An Arctic Breeze
|-resisted|p2a: An Arctic Breeze
|-damage|p2a: An Arctic Breeze|65/100
|
|t:|1626896611
|switch|p1a: Togedemaru|Togedemaru, M|88/100|[from]move: U-turn
|-damage|p1a: Togedemaru|82/100|[from] Stealth Rock
|move|p2a: An Arctic Breeze|Brave Bird|p1a: Togedemaru
|-resisted|p1a: Togedemaru
|-damage|p1a: Togedemaru|68/100
|-damage|p2a: An Arctic Breeze|52/100|[from] ability: Iron Barbs|[of] p1a: Togedemaru
|-damage|p2a: An Arctic Breeze|48/100|[from] Recoil
|
|-heal|p1a: Togedemaru|74/100|[from] item: Leftovers
|upkeep
|turn|55
|
|t:|1626896624
|switch|p2a: Scars|Scrafty, M, shiny|86/100
|-damage|p2a: Scars|80/100|[from] Stealth Rock
|move|p1a: Togedemaru|Iron Head|p2a: Scars
|-damage|p2a: Scars|58/100
|
|-end|p2a: Scars|move: Future Sight
|-immune|p2a: Scars
|-heal|p1a: Togedemaru|80/100|[from] item: Leftovers
|-heal|p2a: Scars|64/100|[from] item: Leftovers
|upkeep
|turn|56
|
|t:|1626896637
|switch|p1a: Quagsire|Quagsire, M|51/100
|-damage|p1a: Quagsire|45/100|[from] Stealth Rock
|move|p2a: Scars|Drain Punch|p1a: Quagsire
|-damage|p1a: Quagsire|30/100
|-heal|p2a: Scars|73/100|[from] drain|[of] p1a: Quagsire
|
|-heal|p2a: Scars|79/100|[from] item: Leftovers
|upkeep
|turn|57
|
|t:|1626896646
|switch|p2a: Boots Da Bush|Tangela, F|100/100 tox
|-damage|p2a: Boots Da Bush|88/100 tox|[from] Stealth Rock
|move|p1a: Quagsire|Recover|p1a: Quagsire
|-heal|p1a: Quagsire|80/100
|
|-damage|p2a: Boots Da Bush|82/100 tox|[from] psn
|upkeep
|turn|58
|
|t:|1626896660
|switch|p1a: Togedemaru|Togedemaru, M|80/100
|-damage|p1a: Togedemaru|74/100|[from] Stealth Rock
|move|p2a: Boots Da Bush|Giga Drain|p1a: Togedemaru
|-resisted|p1a: Togedemaru
|-damage|p1a: Togedemaru|63/100
|-heal|p2a: Boots Da Bush|88/100 tox|[from] drain|[of] p1a: Togedemaru
|
|-heal|p1a: Togedemaru|69/100|[from] item: Leftovers
|-damage|p2a: Boots Da Bush|76/100 tox|[from] psn
|upkeep
|turn|59
|
|t:|1626896671
|switch|p2a: Audacious|Audino, M|100/100
|-damage|p2a: Audacious|88/100|[from] Stealth Rock
|move|p1a: Togedemaru|Spiky Shield||[still]
|-fail|p1a: Togedemaru
|
|-heal|p1a: Togedemaru|75/100|[from] item: Leftovers
|upkeep
|turn|60
|
|t:|1626896679
|move|p1a: Togedemaru|U-turn|p2a: Audacious
|-damage|p2a: Audacious|72/100
|
|t:|1626896686
|switch|p1a: Passimian|Passimian, M|51/100|[from]move: U-turn
|-damage|p1a: Passimian|44/100|[from] Stealth Rock
|move|p2a: Audacious|Heal Bell|p2a: Audacious
|-activate|p2a: Audacious|move: Heal Bell
|-curestatus|p2: Boots Da Bush|tox|[msg]
|-curestatus|p2: Sire|tox|[msg]
|
|upkeep
|turn|61
|inactive|pult61a Zip has 90 seconds left.
|
|t:|1626896703
|switch|p2a: Boots Da Bush|Tangela, F|100/100
|-damage|p2a: Boots Da Bush|88/100|[from] Stealth Rock
|move|p1a: Passimian|U-turn|p2a: Boots Da Bush
|-supereffective|p2a: Boots Da Bush
|-crit|p2a: Boots Da Bush
|-damage|p2a: Boots Da Bush|38/100
|
|t:|1626896715
|switch|p1a: Articuno|Articuno-Galar|54/100|[from]move: U-turn
|
|upkeep
|turn|62
|
|t:|1626896718
|switch|p2a: An Arctic Breeze|Articuno|48/100
|-ability|p2a: An Arctic Breeze|Pressure
|move|p1a: Articuno|U-turn|p2a: An Arctic Breeze
|-resisted|p2a: An Arctic Breeze
|-damage|p2a: An Arctic Breeze|43/100
|j| busken
|
|t:|1626896729
|switch|p1a: Passimian|Passimian, M|44/100|[from]move: U-turn
|-damage|p1a: Passimian|38/100|[from] Stealth Rock
|
|upkeep
|turn|63
|
|t:|1626896734
|switch|p2a: Sand Castle|Palossand, F|79/100
|-damage|p2a: Sand Castle|73/100|[from] Stealth Rock
|move|p1a: Passimian|Knock Off|p2a: Sand Castle
|-supereffective|p2a: Sand Castle
|-damage|p2a: Sand Castle|44/100
|
|upkeep
|turn|64
|inactive|pult61a Zip has 90 seconds left.
|
|t:|1626896747
|move|p1a: Passimian|U-turn|p2a: Sand Castle
|-resisted|p2a: Sand Castle
|-damage|p2a: Sand Castle|36/100
|
|t:|1626896764
|switch|p1a: Whimsicott|Whimsicott, F, shiny|100/100|[from]move: U-turn
|move|p2a: Sand Castle|Shore Up|p2a: Sand Castle
|-heal|p2a: Sand Castle|86/100
|
|upkeep
|turn|65
|
|t:|1626896773
|switch|p2a: Audacious|Audino, M|100/100
|-damage|p2a: Audacious|88/100|[from] Stealth Rock
|move|p1a: Whimsicott|Defog|p2a: Audacious
|-unboost|p2a: Audacious|evasion|1
|-sideend|p2: pult61a hera|Stealth Rock|[from] move: Defog|[of] p1a: Whimsicott
|-sideend|p1: pult61a Zip|Stealth Rock|[from] move: Defog|[of] p1a: Whimsicott
|
|upkeep
|turn|66
|
|t:|1626896789
|switch|p1a: Passimian|Passimian, M|38/100
|move|p2a: Audacious|Knock Off|p1a: Passimian
|-resisted|p1a: Passimian
|-damage|p1a: Passimian|33/100
|
|upkeep
|turn|67
|
|t:|1626896795
|switch|p2a: Boots Da Bush|Tangela, F|71/100
|move|p1a: Passimian|Close Combat|p2a: Boots Da Bush
|-damage|p2a: Boots Da Bush|28/100
|-unboost|p1a: Passimian|def|1
|-unboost|p1a: Passimian|spd|1
|
|upkeep
|turn|68
|
|t:|1626896805
|switch|p2a: Sand Castle|Palossand, F|86/100
|move|p1a: Passimian|U-turn|p2a: Sand Castle
|-resisted|p2a: Sand Castle
|-damage|p2a: Sand Castle|79/100
|
|t:|1626896813
|switch|p1a: Whimsicott|Whimsicott, F, shiny|100/100|[from]move: U-turn
|
|upkeep
|turn|69
|inactive|pult61a Zip has 90 seconds left.
|
|t:|1626896818
|switch|p2a: Audacious|Audino, M|100/100
|move|p1a: Whimsicott|Energy Ball|p2a: Audacious
|-damage|p2a: Audacious|83/100
|
|upkeep
|turn|70
|inactive|pult61a Zip has 90 seconds left.
|inactive|pult61a Zip has 60 seconds left.
|
|t:|1626896874
|switch|p1a: Palossand|Palossand, F, shiny|32/100 tox
|move|p2a: Audacious|Knock Off|p1a: Palossand
|-supereffective|p1a: Palossand
|-enditem|p1a: Palossand|Colbur Berry|[eat]
|-enditem|p1a: Palossand|Colbur Berry|[weaken]
|-damage|p1a: Palossand|20/100 tox
|
|-damage|p1a: Palossand|14/100 tox|[from] psn
|upkeep
|turn|71
|
|t:|1626896884
|move|p2a: Audacious|Knock Off|p1a: Palossand
|-supereffective|p1a: Palossand
|-damage|p1a: Palossand|0 fnt
|faint|p1a: Palossand
|
|upkeep
|
|t:|1626896894
|switch|p1a: Passimian|Passimian, M|33/100
|turn|72
|
|t:|1626896900
|switch|p2a: Sand Castle|Palossand, F|79/100
|move|p1a: Passimian|U-turn|p2a: Sand Castle
|-resisted|p2a: Sand Castle
|-damage|p2a: Sand Castle|71/100
|
|t:|1626896906
|switch|p1a: Articuno|Articuno-Galar|54/100|[from]move: U-turn
|
|upkeep
|turn|73
|
|t:|1626896910
|switch|p2a: An Arctic Breeze|Articuno|43/100
|-ability|p2a: An Arctic Breeze|Pressure
|move|p1a: Articuno|Future Sight|p2a: An Arctic Breeze
|-start|p1a: Articuno|move: Future Sight
|
|upkeep
|turn|74
|
|t:|1626896918
|move|p1a: Articuno|Freezing Glare|p2a: An Arctic Breeze
|-crit|p2a: An Arctic Breeze
|-damage|p2a: An Arctic Breeze|0 fnt
|faint|p2a: An Arctic Breeze
|
|upkeep
|
|t:|1626896940
|switch|p2a: Scars|Scrafty, M, shiny|79/100
|turn|75
|
|t:|1626896945
|move|p1a: Articuno|U-turn|p2a: Scars
|-damage|p2a: Scars|69/100
|inactive|pult61a Zip has 90 seconds left.
|
|t:|1626896957
|switch|p1a: Quagsire|Quagsire, M|80/100|[from]move: U-turn
|move|p2a: Scars|Drain Punch|p1a: Quagsire
|-damage|p1a: Quagsire|62/100
|-heal|p2a: Scars|80/100|[from] drain|[of] p1a: Quagsire
|
|-end|p2a: Scars|move: Future Sight
|-immune|p2a: Scars
|-heal|p2a: Scars|86/100|[from] item: Leftovers
|upkeep
|turn|76
|inactive|pult61a Zip has 90 seconds left.
|
|t:|1626896978
|switch|p2a: Boots Da Bush|Tangela, F|61/100
|move|p1a: Quagsire|Infestation|p2a: Boots Da Bush
|-supereffective|p2a: Boots Da Bush
|-damage|p2a: Boots Da Bush|47/100
|-activate|p2a: Boots Da Bush|move: Infestation|[of] p1a: Quagsire
|
|-damage|p2a: Boots Da Bush|35/100|[from] move: Infestation|[partiallytrapped]
|upkeep
|turn|77
|
|t:|1626896995
|switch|p1a: Togedemaru|Togedemaru, M|75/100
|move|p2a: Boots Da Bush|Synthesis|p2a: Boots Da Bush
|-heal|p2a: Boots Da Bush|85/100
|
|-heal|p1a: Togedemaru|81/100|[from] item: Leftovers
|-end|p2a: Boots Da Bush|Infestation|[partiallytrapped]|[silent]
|upkeep
|turn|78
|inactive|pult61a Zip has 60 seconds left.
|
|t:|1626897017
|switch|p2a: Sand Castle|Palossand, F|71/100
|move|p1a: Togedemaru|Wish|p1a: Togedemaru
|
|-heal|p1a: Togedemaru|87/100|[from] item: Leftovers
|upkeep
|turn|79
|
|t:|1626897028
|move|p1a: Togedemaru|U-turn|p2a: Sand Castle
|-resisted|p2a: Sand Castle
|-damage|p2a: Sand Castle|66/100
|
|t:|1626897034
|switch|p1a: Articuno|Articuno-Galar|54/100|[from]move: U-turn
|move|p2a: Sand Castle|Stealth Rock|p1a: Articuno
|-sidestart|p1: pult61a Zip|move: Stealth Rock
|
|-heal|p1a: Articuno|97/100|[from] move: Wish|[wisher] Togedemaru
|upkeep
|turn|80
|
|t:|1626897047
|switch|p2a: Audacious|Audino, M|100/100
|move|p1a: Articuno|U-turn|p2a: Audacious
|-damage|p2a: Audacious|88/100
|
|t:|1626897055
|switch|p1a: Passimian|Passimian, M|33/100|[from]move: U-turn
|-damage|p1a: Passimian|27/100|[from] Stealth Rock
|
|upkeep
|turn|81
|
|t:|1626897060
|switch|p2a: Sand Castle|Palossand, F|66/100
|move|p1a: Passimian|Close Combat|p2a: Sand Castle
|-immune|p2a: Sand Castle
|
|upkeep
|turn|82
|
|t:|1626897066
|move|p1a: Passimian|U-turn|p2a: Sand Castle
|-resisted|p2a: Sand Castle
|-damage|p2a: Sand Castle|59/100
|
|t:|1626897071
|switch|p1a: Whimsicott|Whimsicott, F, shiny|100/100|[from]move: U-turn
|move|p2a: Sand Castle|Shore Up|p2a: Sand Castle
|-heal|p2a: Sand Castle|100/100
|
|upkeep
|turn|83
|inactive|pult61a Zip has 60 seconds left.
|
|t:|1626897078
|switch|p2a: Audacious|Audino, M|100/100
|move|p1a: Whimsicott|Defog|p2a: Audacious
|-unboost|p2a: Audacious|evasion|1
|-sideend|p1: pult61a Zip|Stealth Rock|[from] move: Defog|[of] p1a: Whimsicott
|
|upkeep
|turn|84
|inactive|pult61a Zip has 60 seconds left.
|
|t:|1626897100
|switch|p1a: Quagsire|Quagsire, M|62/100
|move|p2a: Audacious|Knock Off|p1a: Quagsire
|-damage|p1a: Quagsire|55/100
|
|upkeep
|turn|85
|
|t:|1626897114
|switch|p2a: Sire|Quagsire, M|82/100
|move|p1a: Quagsire|Infestation|p2a: Sire
|-damage|p2a: Sire|78/100
|-activate|p2a: Sire|move: Infestation|[of] p1a: Quagsire
|
|-damage|p2a: Sire|65/100|[from] move: Infestation|[partiallytrapped]
|upkeep
|turn|86
|inactive|pult61a Zip has 30 seconds left.
|
|t:|1626897137
|switch|p1a: Togedemaru|Togedemaru, M|87/100
|move|p2a: Sire|Toxic|p1a: Togedemaru
|-immune|p1a: Togedemaru
|
|-heal|p1a: Togedemaru|93/100|[from] item: Leftovers
|-end|p2a: Sire|Infestation|[partiallytrapped]|[silent]
|upkeep
|turn|87
|inactive|pult61a Zip has 30 seconds left this turn.
|
|t:|1626897145
|move|p1a: Togedemaru|Spiky Shield|p1a: Togedemaru
|-singleturn|p1a: Togedemaru|move: Protect
|move|p2a: Sire|Recover|p2a: Sire
|-heal|p2a: Sire|100/100
|
|-heal|p1a: Togedemaru|99/100|[from] item: Leftovers
|upkeep
|turn|88
|inactive|pult61a Zip has 30 seconds left this turn.
|inactive|pult61a Zip has 20 seconds left.
|
|t:|1626897157
|move|p1a: Togedemaru|U-turn|p2a: Sire
|-damage|p2a: Sire|89/100
|inactive|pult61a Zip has 25 seconds left this turn.
|
|t:|1626897161
|switch|p1a: Articuno|Articuno-Galar|97/100|[from]move: U-turn
|move|p2a: Sire|Earthquake|p1a: Articuno
|-immune|p1a: Articuno
|
|upkeep
|turn|89
|inactive|pult61a Zip has 30 seconds left this turn.
|
|t:|1626897169
|move|p1a: Articuno|Freezing Glare|p2a: Sire
|-damage|p2a: Sire|27/100
|move|p2a: Sire|Toxic|p1a: Articuno
|-status|p1a: Articuno|tox
|
|-damage|p1a: Articuno|91/100 tox|[from] psn
|upkeep
|turn|90
|inactive|pult61a Zip has 30 seconds left this turn.
|inactive|pult61a Zip has 20 seconds left.
|
|t:|1626897183
|switch|p2a: Audacious|Audino, M|100/100
|move|p1a: Articuno|U-turn|p2a: Audacious
|-damage|p2a: Audacious|88/100
|inactive|pult61a Zip has 25 seconds left this turn.
|inactive|pult61a Zip has 20 seconds left.
|
|t:|1626897192
|switch|p1a: Passimian|Passimian, M|27/100|[from]move: U-turn
|
|upkeep
|turn|91
|inactive|pult61a Zip has 25 seconds left this turn.
|
|t:|1626897197
|switch|p2a: Sand Castle|Palossand, F|100/100
|move|p1a: Passimian|U-turn|p2a: Sand Castle
|-resisted|p2a: Sand Castle
|-damage|p2a: Sand Castle|93/100
|inactive|pult61a Zip has 30 seconds left this turn.
|inactive|pult61a Zip has 20 seconds left.
|inactive|pult61a Zip has 15 seconds left.
|
|t:|1626897214
|switch|p1a: Quagsire|Quagsire, M|55/100|[from]move: U-turn
|
|upkeep
|turn|92
|inactive|pult61a Zip has 20 seconds left this turn.
|inactive|pult61a Zip has 15 seconds left.
|
|t:|1626897231
|switch|p2a: Sire|Quagsire, M|27/100
|move|p1a: Quagsire|Toxic|p2a: Sire
|-status|p2a: Sire|tox
|
|-damage|p2a: Sire|21/100 tox|[from] psn
|upkeep
|turn|93
|inactive|pult61a Zip has 20 seconds left this turn.
|inactive|pult61a Zip has 15 seconds left.
|inactive|pult61a Zip has 10 seconds left.
|inactive|pult61a Zip has 5 seconds left.
|
|t:|1626897247
|switch|p1a: Togedemaru|Togedemaru, M|99/100
|move|p2a: Sire|Recover|p2a: Sire
|-heal|p2a: Sire|71/100 tox
|
|-heal|p1a: Togedemaru|100/100|[from] item: Leftovers
|-damage|p2a: Sire|58/100 tox|[from] psn
|upkeep
|turn|94
|inactive|pult61a Zip has 10 seconds left this turn.
|inactive|pult61a Zip has 5 seconds left.
|
|t:|1626897253
|switch|p2a: Sand Castle|Palossand, F|93/100
|move|p1a: Togedemaru|U-turn|p2a: Sand Castle
|-resisted|p2a: Sand Castle
|-damage|p2a: Sand Castle|88/100
|inactive|pult61a Zip has 10 seconds left this turn.
|
|t:|1626897257
|switch|p1a: Whimsicott|Whimsicott, F, shiny|100/100|[from]move: U-turn
|
|upkeep
|turn|95
|inactive|pult61a Zip has 15 seconds left this turn.
|
|t:|1626897262
|switch|p1a: Passimian|Passimian, M|27/100
|switch|p2a: Audacious|Audino, M|100/100
|
|upkeep
|turn|96
|inactive|pult61a Zip has 20 seconds left this turn.
|inactive|pult61a Zip has 15 seconds left.
|
|t:|1626897268
|switch|p2a: Sand Castle|Palossand, F|88/100
|move|p1a: Passimian|U-turn|p2a: Sand Castle
|-resisted|p2a: Sand Castle
|-damage|p2a: Sand Castle|81/100
|inactive|pult61a Zip has 20 seconds left this turn.
|inactive|pult61a Zip has 15 seconds left.
|
|t:|1626897276
|switch|p1a: Whimsicott|Whimsicott, F, shiny|100/100|[from]move: U-turn
|
|upkeep
|turn|97
|inactive|pult61a Zip has 20 seconds left this turn.
|
|t:|1626897279
|switch|p1a: Quagsire|Quagsire, M|55/100
|switch|p2a: Audacious|Audino, M|100/100
|
|upkeep
|turn|98
|inactive|pult61a Zip has 25 seconds left this turn.
|inactive|pult61a Zip has 20 seconds left.
|
|t:|1626897285
|switch|p2a: Sire|Quagsire, M|58/100 tox
|move|p1a: Quagsire|Infestation|p2a: Sire
|-damage|p2a: Sire|54/100 tox
|-activate|p2a: Sire|move: Infestation|[of] p1a: Quagsire
|
|-damage|p2a: Sire|48/100 tox|[from] psn
|-damage|p2a: Sire|36/100 tox|[from] move: Infestation|[partiallytrapped]
|upkeep
|turn|99
|inactive|pult61a Zip has 25 seconds left this turn.
|inactive|pult61a Zip has 20 seconds left.
|
|t:|1626897294
|move|p2a: Sire|Recover|p2a: Sire
|-heal|p2a: Sire|86/100 tox
|move|p1a: Quagsire|Seismic Toss|p2a: Sire
|-damage|p2a: Sire|60/100 tox
|
|-damage|p2a: Sire|48/100 tox|[from] psn
|-damage|p2a: Sire|36/100 tox|[from] move: Infestation|[partiallytrapped]
|upkeep
|turn|100
|inactive|pult61a Zip has 25 seconds left this turn.
|inactive|pult61a Zip has 20 seconds left.
|inactive|pult61a Zip has 15 seconds left.
|
|t:|1626897304
|switch|p1a: Articuno|Articuno-Galar|91/100 tox
|move|p2a: Sire|Earthquake|p1a: Articuno
|-immune|p1a: Articuno
|
|-damage|p1a: Articuno|85/100 tox|[from] psn
|-damage|p2a: Sire|18/100 tox|[from] psn
|-end|p2a: Sire|Infestation|[partiallytrapped]|[silent]
|upkeep
|turn|101
|inactive|pult61a Zip has 20 seconds left this turn.
|inactive|pult61a Zip has 15 seconds left.
|
|t:|1626897313
|switch|p2a: Audacious|Audino, M|100/100
|move|p1a: Articuno|U-turn|p2a: Audacious
|-damage|p2a: Audacious|88/100
|inactive|pult61a Zip has 20 seconds left this turn.
|inactive|pult61a Zip has 15 seconds left.
|
|t:|1626897319
|switch|p1a: Passimian|Passimian, M|27/100|[from]move: U-turn
|
|upkeep
|turn|102
|inactive|pult61a Zip has 20 seconds left this turn.
|
|t:|1626897325
|switch|p2a: Sand Castle|Palossand, F|81/100
|move|p1a: Passimian|Close Combat|p2a: Sand Castle
|-immune|p2a: Sand Castle
|
|upkeep
|turn|103
|inactive|pult61a Zip has 25 seconds left this turn.
|
|t:|1626897330
|move|p1a: Passimian|U-turn|p2a: Sand Castle
|-resisted|p2a: Sand Castle
|-damage|p2a: Sand Castle|73/100
|inactive|pult61a Zip has 30 seconds left this turn.
|
|t:|1626897333
|switch|p1a: Whimsicott|Whimsicott, F, shiny|100/100|[from]move: U-turn
|move|p2a: Sand Castle|Stealth Rock|p1a: Whimsicott
|-sidestart|p1: pult61a Zip|move: Stealth Rock
|
|upkeep
|turn|104
|inactive|pult61a Zip has 30 seconds left.
|
|t:|1626897342
|move|p1a: Whimsicott|Defog|p2a: Sand Castle
|-unboost|p2a: Sand Castle|evasion|1
|-sideend|p1: pult61a Zip|Stealth Rock|[from] move: Defog|[of] p1a: Whimsicott
|move|p2a: Sand Castle|Shore Up|p2a: Sand Castle
|-heal|p2a: Sand Castle|100/100
|
|upkeep
|turn|105
|inactive|pult61a Zip has 30 seconds left.
|
|t:|1626897350
|switch|p2a: Audacious|Audino, M|100/100
|move|p1a: Whimsicott|Energy Ball|p2a: Audacious
|-damage|p2a: Audacious|82/100
|
|upkeep
|turn|106
|inactive|pult61a Zip has 30 seconds left.
|
|t:|1626897356
|switch|p1a: Quagsire|Quagsire, M|55/100
|switch|p2a: Boots Da Bush|Tangela, F|100/100
|
|upkeep
|turn|107
|inactive|pult61a Zip has 30 seconds left.
|
|t:|1626897366
|switch|p1a: Togedemaru|Togedemaru, M|100/100
|move|p2a: Boots Da Bush|Toxic|p1a: Togedemaru
|-immune|p1a: Togedemaru
|
|upkeep
|turn|108
|inactive|pult61a Zip has 30 seconds left.
|
|t:|1626897375
|switch|p2a: Audacious|Audino, M|100/100
|move|p1a: Togedemaru|Iron Head|p2a: Audacious
|-damage|p2a: Audacious|74/100
|
|upkeep
|turn|109
|inactive|pult61a Zip has 30 seconds left.
|
|t:|1626897382
|move|p1a: Togedemaru|U-turn|p2a: Audacious
|-damage|p2a: Audacious|60/100
|
|t:|1626897385
|switch|p1a: Quagsire|Quagsire, M|55/100|[from]move: U-turn
|move|p2a: Audacious|Knock Off|p1a: Quagsire
|-damage|p1a: Quagsire|47/100
|
|upkeep
|turn|110
|inactive|pult61a Zip has 30 seconds left.
|
|t:|1626897395
|switch|p2a: Boots Da Bush|Tangela, F|100/100
|move|p1a: Quagsire|Toxic|p2a: Boots Da Bush
|-status|p2a: Boots Da Bush|tox
|
|-damage|p2a: Boots Da Bush|95/100 tox|[from] psn
|upkeep
|turn|111
|inactive|pult61a Zip has 30 seconds left.
|
|t:|1626897409
|switch|p1a: Togedemaru|Togedemaru, M|100/100
|move|p2a: Boots Da Bush|Giga Drain|p1a: Togedemaru
|-resisted|p1a: Togedemaru
|-damage|p1a: Togedemaru|89/100
|-heal|p2a: Boots Da Bush|99/100 tox|[from] drain|[of] p1a: Togedemaru
|
|-heal|p1a: Togedemaru|95/100|[from] item: Leftovers
|-damage|p2a: Boots Da Bush|88/100 tox|[from] psn
|upkeep
|turn|112
|inactive|pult61a Zip has 30 seconds left this turn.
|inactive|pult61a Zip has 20 seconds left.
|
|t:|1626897419
|switch|p2a: Scars|Scrafty, M, shiny|86/100
|move|p1a: Togedemaru|U-turn|p2a: Scars
|-damage|p2a: Scars|72/100
|inactive|pult61a Zip has 25 seconds left this turn.
|inactive|pult61a Zip has 20 seconds left.
|
|t:|1626897427
|switch|p1a: Whimsicott|Whimsicott, F, shiny|100/100|[from]move: U-turn
|
|-heal|p2a: Scars|78/100|[from] item: Leftovers
|upkeep
|turn|113
|inactive|pult61a Zip has 25 seconds left this turn.
|inactive|pult61a Zip has 20 seconds left.
|inactive|pult61a Zip has 15 seconds left.
|
|t:|1626897440
|switch|p1a: Quagsire|Quagsire, M|47/100
|switch|p2a: Audacious|Audino, M|93/100
|
|upkeep
|turn|114
|inactive|pult61a Zip has 20 seconds left this turn.
|inactive|pult61a Zip has 15 seconds left.
|
|t:|1626897448
|switch|p2a: Boots Da Bush|Tangela, F|100/100 tox
|move|p1a: Quagsire|Recover|p1a: Quagsire
|-heal|p1a: Quagsire|97/100
|
|-damage|p2a: Boots Da Bush|95/100 tox|[from] psn
|upkeep
|turn|115
|inactive|pult61a Zip has 20 seconds left this turn.
|
|t:|1626897456
|switch|p2a: Audacious|Audino, M|100/100
|switch|p1a: Togedemaru|Togedemaru, M|95/100
|
|-heal|p1a: Togedemaru|100/100|[from] item: Leftovers
|upkeep
|turn|116
|inactive|pult61a Zip has 25 seconds left this turn.
|inactive|pult61a Zip has 20 seconds left.
|
|t:|1626897461
|switch|p2a: Sand Castle|Palossand, F|100/100
|move|p1a: Togedemaru|Wish|p1a: Togedemaru
|
|upkeep
|turn|117
|inactive|pult61a Zip has 25 seconds left this turn.
|inactive|pult61a Zip has 20 seconds left.
|
|t:|1626897470
|move|p1a: Togedemaru|U-turn|p2a: Sand Castle
|-resisted|p2a: Sand Castle
|-damage|p2a: Sand Castle|95/100
|inactive|pult61a Zip has 25 seconds left this turn.
|
|t:|1626897474
|switch|p1a: Whimsicott|Whimsicott, F, shiny|100/100|[from]move: U-turn
|move|p2a: Sand Castle|Shadow Ball|p1a: Whimsicott
|-damage|p1a: Whimsicott|63/100
|
|-heal|p1a: Whimsicott|100/100|[from] move: Wish|[wisher] Togedemaru
|upkeep
|turn|118
|inactive|pult61a Zip has 30 seconds left this turn.
|inactive|pult61a Zip has 20 seconds left.
|
|t:|1626897486
|switch|p2a: Audacious|Audino, M|100/100
|move|p1a: Whimsicott|Moonblast|p2a: Audacious
|-damage|p2a: Audacious|81/100
|
|upkeep
|turn|119
|inactive|pult61a Zip has 25 seconds left this turn.
|inactive|pult61a Zip has 20 seconds left.
|
|t:|1626897496
|switch|p1a: Quagsire|Quagsire, M|97/100
|move|p2a: Audacious|Wish|p2a: Audacious
|
|upkeep
|turn|120
|inactive|pult61a Zip has 25 seconds left this turn.
|
|t:|1626897501
|switch|p2a: Boots Da Bush|Tangela, F|100/100 tox
|move|p1a: Quagsire|Seismic Toss|p2a: Boots Da Bush
|-damage|p2a: Boots Da Bush|71/100 tox
|
|-heal|p2a: Boots Da Bush|100/100 tox|[from] move: Wish|[wisher] Audacious
|-damage|p2a: Boots Da Bush|95/100 tox|[from] psn
|upkeep
|turn|121
|inactive|pult61a Zip has 30 seconds left this turn.
|inactive|pult61a Zip has 20 seconds left.
|inactive|pult61a Zip has 15 seconds left.
|
|t:|1626897516
|switch|p2a: Sand Castle|Palossand, F|95/100
|switch|p1a: Togedemaru|Togedemaru, M|100/100
|
|upkeep
|turn|122
|inactive|pult61a Zip has 20 seconds left this turn.
|inactive|pult61a Zip has 15 seconds left.
|
|t:|1626897521
|move|p1a: Togedemaru|U-turn|p2a: Sand Castle
|-resisted|p2a: Sand Castle
|-damage|p2a: Sand Castle|90/100
|inactive|pult61a Zip has 20 seconds left this turn.
|
|t:|1626897525
|switch|p1a: Whimsicott|Whimsicott, F, shiny|100/100|[from]move: U-turn
|move|p2a: Sand Castle|Shadow Ball|p1a: Whimsicott
|-damage|p1a: Whimsicott|61/100
|
|upkeep
|turn|123
|inactive|pult61a Zip has 25 seconds left this turn.
|inactive|pult61a Zip has 20 seconds left.
|inactive|pult61a hera has 120 seconds left.
|
|t:|1626897566
|switch|p2a: Boots Da Bush|Tangela, F|100/100 tox
|move|p1a: Whimsicott|Energy Ball|p2a: Boots Da Bush
|-resisted|p2a: Boots Da Bush
|-damage|p2a: Boots Da Bush|76/100 tox
|
|-damage|p2a: Boots Da Bush|70/100 tox|[from] psn
|upkeep
|turn|124
|inactive|pult61a Zip has 25 seconds left this turn.
|inactive|pult61a Zip has 20 seconds left.
|
|t:|1626897575
|switch|p1a: Togedemaru|Togedemaru, M|100/100
|move|p2a: Boots Da Bush|Sludge Bomb|p1a: Togedemaru
|-immune|p1a: Togedemaru
|
|-damage|p2a: Boots Da Bush|58/100 tox|[from] psn
|upkeep
|turn|125
|inactive|pult61a Zip has 25 seconds left this turn.
|inactive|pult61a Zip has 20 seconds left.
|
|t:|1626897583
|switch|p2a: Sand Castle|Palossand, F|90/100
|move|p1a: Togedemaru|U-turn|p2a: Sand Castle
|-resisted|p2a: Sand Castle
|-damage|p2a: Sand Castle|86/100
|inactive|pult61a Zip has 25 seconds left this turn.
|inactive|pult61a Zip has 20 seconds left.
|
|t:|1626897591
|switch|p1a: Whimsicott|Whimsicott, F, shiny|61/100|[from]move: U-turn
|
|upkeep
|turn|126
|inactive|pult61a Zip has 25 seconds left this turn.
|
|t:|1626897596
|switch|p2a: Audacious|Audino, M|100/100
|move|p1a: Whimsicott|Moonblast|p2a: Audacious
|-damage|p2a: Audacious|83/100
|
|upkeep
|turn|127
|inactive|pult61a Zip has 30 seconds left this turn.
|c|☆pult61a hera|i eventually win this
|inactive|pult61a Zip has 20 seconds left.
|c|☆pult61a hera|you run out of pp faster than i do
|inactive|pult61a hera has 120 seconds left.
|c|☆pult61a hera|do you really wanna play that long
|
|t:|1626897637
|switch|p1a: Quagsire|Quagsire, M|97/100
|switch|p2a: Boots Da Bush|Tangela, F|91/100 tox
|
|-damage|p2a: Boots Da Bush|85/100 tox|[from] psn
|upkeep
|turn|128
|inactive|pult61a Zip has 25 seconds left this turn.
|inactive|pult61a Zip has 20 seconds left.
|
|t:|1626897646
|switch|p2a: Scars|Scrafty, M, shiny|78/100
|switch|p1a: Togedemaru|Togedemaru, M|100/100
|
|-heal|p2a: Scars|84/100|[from] item: Leftovers
|upkeep
|turn|129
|inactive|pult61a Zip has 25 seconds left this turn.
|
|t:|1626897653
|switch|p1a: Quagsire|Quagsire, M|97/100
|switch|p2a: Boots Da Bush|Tangela, F|100/100 tox
|
|-damage|p2a: Boots Da Bush|95/100 tox|[from] psn
|upkeep
|turn|130
|inactive|pult61a Zip has 30 seconds left this turn.
|
|t:|1626897662
|switch|p2a: Scars|Scrafty, M, shiny|84/100
|switch|p1a: Togedemaru|Togedemaru, M|100/100
|
|-heal|p2a: Scars|90/100|[from] item: Leftovers
|upkeep
|turn|131
|inactive|pult61a Zip has 30 seconds left this turn.
|
|t:|1626897667
|switch|p1a: Quagsire|Quagsire, M|97/100
|switch|p2a: Boots Da Bush|Tangela, F|100/100 tox
|
|-damage|p2a: Boots Da Bush|95/100 tox|[from] psn
|upkeep
|turn|132
|
|t:|1626897672
|switch|p1a: Togedemaru|Togedemaru, M|100/100
|move|p2a: Boots Da Bush|Giga Drain|p1a: Togedemaru
|-resisted|p1a: Togedemaru
|-damage|p1a: Togedemaru|90/100
|-heal|p2a: Boots Da Bush|99/100 tox|[from] drain|[of] p1a: Togedemaru
|
|-heal|p1a: Togedemaru|96/100|[from] item: Leftovers
|-damage|p2a: Boots Da Bush|88/100 tox|[from] psn
|upkeep
|turn|133
|inactive|pult61a Zip has 30 seconds left.
|
|t:|1626897684
|switch|p2a: Sand Castle|Palossand, F|86/100
|move|p1a: Togedemaru|U-turn|p2a: Sand Castle
|-resisted|p2a: Sand Castle
|-damage|p2a: Sand Castle|80/100
|inactive|pult61a Zip has 30 seconds left.
|
|t:|1626897693
|switch|p1a: Quagsire|Quagsire, M|97/100|[from]move: U-turn
|
|upkeep
|turn|134
|
|t:|1626897700
|switch|p2a: Boots Da Bush|Tangela, F|100/100 tox
|move|p1a: Quagsire|Infestation|p2a: Boots Da Bush
|-supereffective|p2a: Boots Da Bush
|-damage|p2a: Boots Da Bush|86/100 tox
|-activate|p2a: Boots Da Bush|move: Infestation|[of] p1a: Quagsire
|
|-damage|p2a: Boots Da Bush|80/100 tox|[from] psn
|-damage|p2a: Boots Da Bush|67/100 tox|[from] move: Infestation|[partiallytrapped]
|upkeep
|turn|135
|
|t:|1626897710
|switch|p1a: Togedemaru|Togedemaru, M|96/100
|move|p2a: Boots Da Bush|Synthesis|p2a: Boots Da Bush
|-heal|p2a: Boots Da Bush|100/100 tox
|
|-heal|p1a: Togedemaru|100/100|[from] item: Leftovers
|-damage|p2a: Boots Da Bush|89/100 tox|[from] psn
|-end|p2a: Boots Da Bush|Infestation|[partiallytrapped]|[silent]
|upkeep
|turn|136
|inactive|pult61a Zip has 30 seconds left.
|
|t:|1626897721
|move|p1a: Togedemaru|U-turn|p2a: Boots Da Bush
|-supereffective|p2a: Boots Da Bush
|-damage|p2a: Boots Da Bush|68/100 tox
|
|t:|1626897724
|switch|p1a: Articuno|Articuno-Galar|85/100 tox|[from]move: U-turn
|move|p2a: Boots Da Bush|Giga Drain|p1a: Articuno
|-resisted|p1a: Articuno
|-damage|p1a: Articuno|73/100 tox
|-heal|p2a: Boots Da Bush|74/100 tox|[from] drain|[of] p1a: Articuno
|
|-damage|p1a: Articuno|67/100 tox|[from] psn
|-damage|p2a: Boots Da Bush|56/100 tox|[from] psn
|upkeep
|turn|137
|inactive|pult61a hera has 120 seconds left.
|
|t:|1626897734
|switch|p2a: Audacious|Audino, M|100/100
|move|p1a: Articuno|U-turn|p2a: Audacious
|-damage|p2a: Audacious|88/100
|
|t:|1626897739
|switch|p1a: Passimian|Passimian, M|27/100|[from]move: U-turn
|
|upkeep
|turn|138
|
|t:|1626897743
|switch|p2a: Sand Castle|Palossand, F|80/100
|move|p1a: Passimian|Knock Off|p2a: Sand Castle
|-supereffective|p2a: Sand Castle
|-damage|p2a: Sand Castle|51/100
|
|upkeep
|turn|139
|
|t:|1626897750
|move|p1a: Passimian|U-turn|p2a: Sand Castle
|-resisted|p2a: Sand Castle
|-damage|p2a: Sand Castle|44/100
|
|t:|1626897752
|switch|p1a: Quagsire|Quagsire, M|97/100|[from]move: U-turn
|move|p2a: Sand Castle|Shore Up|p2a: Sand Castle
|-heal|p2a: Sand Castle|94/100
|
|upkeep
|turn|140
|
|t:|1626897761
|switch|p2a: Boots Da Bush|Tangela, F|90/100 tox
|move|p1a: Quagsire|Infestation|p2a: Boots Da Bush
|-supereffective|p2a: Boots Da Bush
|-damage|p2a: Boots Da Bush|77/100 tox
|-activate|p2a: Boots Da Bush|move: Infestation|[of] p1a: Quagsire
|
|-damage|p2a: Boots Da Bush|71/100 tox|[from] psn
|-damage|p2a: Boots Da Bush|58/100 tox|[from] move: Infestation|[partiallytrapped]
|upkeep
|turn|141
|
|t:|1626897775
|switch|p1a: Articuno|Articuno-Galar|67/100 tox
|move|p2a: Boots Da Bush|Giga Drain|p1a: Articuno
|-resisted|p1a: Articuno
|-damage|p1a: Articuno|57/100 tox
|-heal|p2a: Boots Da Bush|65/100 tox|[from] drain|[of] p1a: Articuno
|
|-damage|p1a: Articuno|51/100 tox|[from] psn
|-damage|p2a: Boots Da Bush|53/100 tox|[from] psn
|-end|p2a: Boots Da Bush|Infestation|[partiallytrapped]|[silent]
|upkeep
|turn|142
|
|t:|1626897783
|switch|p2a: Audacious|Audino, M|100/100
|move|p1a: Articuno|Recover|p1a: Articuno
|-heal|p1a: Articuno|100/100 tox
|
|-damage|p1a: Articuno|88/100 tox|[from] psn
|upkeep
|turn|143
|
|t:|1626897792
|switch|p1a: Quagsire|Quagsire, M|97/100
|move|p2a: Audacious|Knock Off|p1a: Quagsire
|-damage|p1a: Quagsire|89/100
|
|upkeep
|turn|144
|
|t:|1626897803
|switch|p2a: Scars|Scrafty, M, shiny|90/100
|move|p1a: Quagsire|Infestation|p2a: Scars
|-damage|p2a: Scars|88/100
|-activate|p2a: Scars|move: Infestation|[of] p1a: Quagsire
|
|-heal|p2a: Scars|94/100|[from] item: Leftovers
|-damage|p2a: Scars|81/100|[from] move: Infestation|[partiallytrapped]
|upkeep
|turn|145
|
|t:|1626897813
|move|p2a: Scars|Drain Punch|p1a: Quagsire
|-damage|p1a: Quagsire|72/100
|-heal|p2a: Scars|92/100|[from] drain|[of] p1a: Quagsire
|move|p1a: Quagsire|Seismic Toss|p2a: Scars
|-damage|p2a: Scars|62/100
|
|-heal|p2a: Scars|68/100|[from] item: Leftovers
|-damage|p2a: Scars|56/100|[from] move: Infestation|[partiallytrapped]
|upkeep
|turn|146
|
|t:|1626897824
|move|p2a: Scars|Drain Punch|p1a: Quagsire
|-damage|p1a: Quagsire|56/100
|-heal|p2a: Scars|65/100|[from] drain|[of] p1a: Quagsire
|move|p1a: Quagsire|Seismic Toss|p2a: Scars
|-damage|p2a: Scars|35/100
|
|-heal|p2a: Scars|41/100|[from] item: Leftovers
|-damage|p2a: Scars|29/100|[from] move: Infestation|[partiallytrapped]
|upkeep
|turn|147
|
|t:|1626897833
|move|p2a: Scars|Rest|p2a: Scars
|-status|p2a: Scars|slp|[from] move: Rest
|-heal|p2a: Scars|100/100 slp|[silent]
|move|p1a: Quagsire|Seismic Toss|p2a: Scars
|-damage|p2a: Scars|71/100 slp
|
|-heal|p2a: Scars|77/100 slp|[from] item: Leftovers
|-damage|p2a: Scars|64/100 slp|[from] move: Infestation|[partiallytrapped]
|upkeep
|turn|148
|
|t:|1626897845
|switch|p1a: Whimsicott|Whimsicott, F, shiny|61/100
|cant|p2a: Scars|slp
|
|-heal|p2a: Scars|70/100 slp|[from] item: Leftovers
|-end|p2a: Scars|Infestation|[partiallytrapped]|[silent]
|upkeep
|turn|149
|
|t:|1626897853
|switch|p1a: Quagsire|Quagsire, M|56/100
|switch|p2a: Audacious|Audino, M|100/100
|
|upkeep
|turn|150
|
|t:|1626897879
|move|p2a: Audacious|Protect|p2a: Audacious
|-singleturn|p2a: Audacious|Protect
|move|p1a: Quagsire|Infestation|p2a: Audacious
|-activate|p2a: Audacious|move: Protect
|
|upkeep
|turn|151
|inactive|pult61a Zip has 30 seconds left.
|inactive|pult61a hera has 120 seconds left.
|
|t:|1626897891
|switch|p2a: Boots Da Bush|Tangela, F|86/100 tox
|move|p1a: Quagsire|Infestation|p2a: Boots Da Bush
|-supereffective|p2a: Boots Da Bush
|-damage|p2a: Boots Da Bush|73/100 tox
|-activate|p2a: Boots Da Bush|move: Infestation|[of] p1a: Quagsire
|
|-damage|p2a: Boots Da Bush|67/100 tox|[from] psn
|-damage|p2a: Boots Da Bush|54/100 tox|[from] move: Infestation|[partiallytrapped]
|upkeep
|turn|152
|inactive|pult61a Zip has 30 seconds left.
|inactive|pult61a hera has 120 seconds left.
|
|t:|1626897902
|switch|p1a: Togedemaru|Togedemaru, M|100/100
|move|p2a: Boots Da Bush|Synthesis|p2a: Boots Da Bush
|-heal|p2a: Boots Da Bush|100/100 tox
|
|-damage|p2a: Boots Da Bush|89/100 tox|[from] psn
|-end|p2a: Boots Da Bush|Infestation|[partiallytrapped]|[silent]
|upkeep
|turn|153
|inactive|pult61a Zip has 30 seconds left this turn.
|inactive|pult61a hera has 120 seconds left.
|inactive|pult61a Zip has 20 seconds left.
|
|t:|1626897912
|switch|p2a: Sand Castle|Palossand, F|94/100
|move|p1a: Togedemaru|Wish|p1a: Togedemaru
|
|upkeep
|turn|154
|inactive|pult61a Zip has 20 seconds left this turn.
|inactive|pult61a Zip has 15 seconds left.
|inactive|pult61a Zip has 10 seconds left.
|
|t:|1626897925
|switch|p1a: Whimsicott|Whimsicott, F, shiny|61/100
|switch|p2a: Audacious|Audino, M|100/100
|
|-heal|p1a: Whimsicott|100/100|[from] move: Wish|[wisher] Togedemaru
|upkeep
|turn|155
|inactive|pult61a Zip has 15 seconds left this turn.
|inactive|pult61a Zip has 10 seconds left.
|
|t:|1626897937
|switch|p1a: Togedemaru|Togedemaru, M|100/100
|move|p2a: Audacious|Knock Off|p1a: Togedemaru
|-damage|p1a: Togedemaru|80/100
|-damage|p2a: Audacious|88/100|[from] ability: Iron Barbs|[of] p1a: Togedemaru
|-enditem|p1a: Togedemaru|Leftovers|[from] move: Knock Off|[of] p2a: Audacious
|
|upkeep
|turn|156
|inactive|pult61a Zip has 10 seconds left this turn.
|inactive|pult61a Zip has 5 seconds left.
|
|t:|1626897945
|switch|p2a: Sand Castle|Palossand, F|94/100
|move|p1a: Togedemaru|Wish|p1a: Togedemaru
|
|upkeep
|turn|157
|inactive|pult61a Zip has 10 seconds left this turn.
|
|t:|1626897950
|move|p1a: Togedemaru|U-turn|p2a: Sand Castle
|-resisted|p2a: Sand Castle
|-damage|p2a: Sand Castle|89/100
|inactive|pult61a Zip has 10 seconds left this turn.
|
|t:|1626897953
|switch|p1a: Whimsicott|Whimsicott, F, shiny|100/100|[from]move: U-turn
|move|p2a: Sand Castle|Shadow Ball|p1a: Whimsicott
|-damage|p1a: Whimsicott|63/100
|
|-heal|p1a: Whimsicott|100/100|[from] move: Wish|[wisher] Togedemaru
|upkeep
|turn|158
|inactive|pult61a Zip has 15 seconds left this turn.
|inactive|pult61a Zip has 10 seconds left.
|
|t:|1626897963
|switch|p2a: Audacious|Audino, M|100/100
|move|p1a: Whimsicott|Energy Ball|p2a: Audacious
|-damage|p2a: Audacious|83/100
|
|upkeep
|turn|159
|inactive|pult61a Zip has 10 seconds left this turn.
|
|t:|1626897969
|switch|p1a: Quagsire|Quagsire, M|56/100
|move|p2a: Audacious|Wish|p2a: Audacious
|
|upkeep
|turn|160
|inactive|pult61a Zip has 15 seconds left this turn.
|inactive|pult61a Zip has 10 seconds left.
|
|t:|1626897974
|switch|p2a: Scars|Scrafty, M, shiny|70/100 slp
|move|p1a: Quagsire|Seismic Toss|p2a: Scars
|-damage|p2a: Scars|40/100 slp
|
|-heal|p2a: Scars|100/100 slp|[from] move: Wish|[wisher] Audacious
|upkeep
|turn|161
|inactive|pult61a Zip has 10 seconds left this turn.
|inactive|pult61a Zip has 5 seconds left.
|
|t:|1626897982
|switch|p2a: Sand Castle|Palossand, F|89/100
|switch|p1a: Whimsicott|Whimsicott, F, shiny|100/100
|
|upkeep
|turn|162
|inactive|pult61a Zip has 10 seconds left this turn.
|
|t:|1626897985
|switch|p2a: Audacious|Audino, M|100/100
|move|p1a: Whimsicott|Energy Ball|p2a: Audacious
|-damage|p2a: Audacious|85/100
|
|upkeep
|turn|163
|inactive|pult61a Zip has 10 seconds left this turn.
|
|t:|1626897992
|switch|p1a: Togedemaru|Togedemaru, M|80/100
|switch|p2a: Boots Da Bush|Tangela, F|100/100 tox
|
|-damage|p2a: Boots Da Bush|95/100 tox|[from] psn
|upkeep
|turn|164
|inactive|pult61a Zip has 15 seconds left this turn.
|l| busken
|inactive|pult61a Zip has 10 seconds left.
|
|t:|1626897998
|switch|p2a: Sand Castle|Palossand, F|89/100
|move|p1a: Togedemaru|Wish|p1a: Togedemaru
|
|upkeep
|turn|165
|inactive|pult61a Zip has 10 seconds left this turn.
|inactive|pult61a Zip has 5 seconds left.
|
|t:|1626898006
|move|p1a: Togedemaru|U-turn|p2a: Sand Castle
|-resisted|p2a: Sand Castle
|-damage|p2a: Sand Castle|83/100
|inactive|pult61a Zip has 10 seconds left this turn.
|
|t:|1626898011
|switch|p1a: Quagsire|Quagsire, M|56/100|[from]move: U-turn
|move|p2a: Sand Castle|Shadow Ball|p1a: Quagsire
|-damage|p1a: Quagsire|21/100
|-unboost|p1a: Quagsire|spd|1
|
|-heal|p1a: Quagsire|63/100|[from] move: Wish|[wisher] Togedemaru
|upkeep
|turn|166
|inactive|pult61a Zip has 10 seconds left this turn.
|inactive|pult61a Zip has 5 seconds left.
|-message|pult61a Zip lost due to inactivity.
|
|win|pult61a hera
|raw|pult61a Zip's rating: 1361 &rarr; <strong>1343</strong><br />(-18 for losing)
|raw|pult61a hera's rating: 1400 &rarr; <strong>1418</strong><br />(+18 for winning)
|raw|<div class="broadcast-red"><b>The server is restarting soon.</b><br />Please finish your battles quickly. No new battles can be started until the server resets in a few minutes.</div>
|c|☆pult61a hera|only skill
|l|☆pult61a hera
||Ladder isn't responding, score probably updated but might not have (Request timeout).
|j|☆pult61a hera
|player|p2|pult61a hera|anabel
|inactive|Battle timer is ON: inactive players will automatically lose when time's up. (requested by pult61a hera)
