|j|☆Yunkers
|j|☆Testpu12
|t:|1610271711
|player|p1|Yunkers|waitress-gen4|1403
|player|p2|Testpu12|dawn|1353
|teamsize|p1|6
|teamsize|p2|6
|gametype|singles
|gen|8
|tier|[Gen 8] PU
|rated|
|clearpoke
|poke|p1|Scyther, F|
|poke|p1|Articuno|
|poke|p1|Uxie|
|poke|p1|Poliwrath, F|
|poke|p1|Skuntank, M|
|poke|p1|Magneton|
|poke|p2|Roserade, M|
|poke|p2|Xatu, F|
|poke|p2|Sandslash-Alola, M|
|poke|p2|Palossand, F|
|poke|p2|Hitmonlee, M|
|poke|p2|Lanturn, F|
|rule|Sleep Clause Mod: Limit one foe put to sleep
|rule|Species Clause: Limit one of each Pokémon
|rule|OHKO Clause: OHKO moves are banned
|rule|Evasion Moves Clause: Evasion moves are banned
|rule|Endless Battle Clause: Forcing endless battles is banned
|rule|HP Percentage Mod: HP is shown in percentages
|rule|Dynamax Clause: You cannot dynamax
|teampreview
|
|t:|1610271725
|start
|switch|p1a: 730|Scyther, F|100/100
|switch|p2a: Hitmonlee|Hitmonlee, M|100/100
|turn|1
|
|t:|1610271732
|switch|p2a: Palossand|Palossand, F|100/100
|move|p1a: 730|U-turn|p2a: Palossand
|-resisted|p2a: Palossand
|-damage|p2a: Palossand|89/100
|-damage|p1a: 730|84/100|[from] item: Rocky Helmet|[of] p2a: Palossand
|
|t:|1610271739
|switch|p1a: Skuntank|Skuntank, M|100/100|[from]move: U-turn
|
|upkeep
|turn|2
|
|t:|1610271746
|move|p1a: Skuntank|Crunch|p2a: Palossand
|-supereffective|p2a: Palossand
|-damage|p2a: Palossand|32/100
|-damage|p1a: Skuntank|84/100|[from] item: Rocky Helmet|[of] p2a: Palossand
|move|p2a: Palossand|Scorching Sands|p1a: Skuntank
|-supereffective|p1a: Skuntank
|-crit|p1a: Skuntank
|-damage|p1a: Skuntank|0 fnt
|faint|p1a: Skuntank
|
|upkeep
|
|t:|1610271760
|switch|p1a: Articuno|Articuno|100/100
|-ability|p1a: Articuno|Pressure
|turn|3
|
|t:|1610271773
|switch|p2a: Lanturn|Lanturn, F|100/100
|move|p1a: Articuno|Freeze-Dry|p2a: Lanturn
|-supereffective|p2a: Lanturn
|-damage|p2a: Lanturn|56/100
|
|-heal|p2a: Lanturn|63/100|[from] item: Leftovers
|upkeep
|turn|4
|
|t:|1610271784
|move|p1a: Articuno|U-turn|p2a: Lanturn
|-damage|p2a: Lanturn|52/100
|
|t:|1610271788
|switch|p1a: Uxie|Uxie|100/100|[from]move: U-turn
|move|p2a: Lanturn|Volt Switch|p1a: Uxie
|-damage|p1a: Uxie|85/100
|
|t:|1610271797
|switch|p2a: Palossand|Palossand, F|32/100|[from]move: Volt Switch
|
|-heal|p1a: Uxie|91/100|[from] item: Leftovers
|upkeep
|turn|5
|
|t:|1610271802
|move|p1a: Uxie|Foul Play|p2a: Palossand
|-supereffective|p2a: Palossand
|-damage|p2a: Palossand|14/100
|-damage|p1a: Uxie|75/100|[from] item: Rocky Helmet|[of] p2a: Palossand
|move|p2a: Palossand|Shore Up|p2a: Palossand
|-heal|p2a: Palossand|64/100
|
|-heal|p1a: Uxie|81/100|[from] item: Leftovers
|upkeep
|turn|6
|
|t:|1610271806
|move|p1a: Uxie|Stealth Rock|p2a: Palossand
|-sidestart|p2: Testpu12|move: Stealth Rock
|move|p2a: Palossand|Stealth Rock|p1a: Uxie
|-sidestart|p1: Yunkers|move: Stealth Rock
|
|-heal|p1a: Uxie|87/100|[from] item: Leftovers
|upkeep
|turn|7
|
|t:|1610271816
|switch|p1a: Articuno|Articuno|100/100
|-ability|p1a: Articuno|Pressure
|move|p2a: Palossand|Shore Up|p2a: Palossand
|-heal|p2a: Palossand|100/100
|
|upkeep
|turn|8
|
|t:|1610271819
|switch|p2a: Sandslash|Sandslash-Alola, M|100/100
|-damage|p2a: Sandslash|88/100|[from] Stealth Rock
|move|p1a: Articuno|Freeze-Dry|p2a: Sandslash
|-resisted|p2a: Sandslash
|-damage|p2a: Sandslash|83/100
|
|upkeep
|turn|9
|
|t:|1610271823
|switch|p1a: Fuck Yo Couch|Poliwrath, F|100/100
|-damage|p1a: Fuck Yo Couch|94/100|[from] Stealth Rock
|move|p2a: Sandslash|Rapid Spin|p1a: Fuck Yo Couch
|-damage|p1a: Fuck Yo Couch|82/100
|-boost|p2a: Sandslash|spe|1
|-sideend|p2: Testpu12|Stealth Rock|[from] move: Rapid Spin|[of] p2a: Sandslash
|
|-heal|p1a: Fuck Yo Couch|88/100|[from] item: Leftovers
|upkeep
|turn|10
|
|t:|1610271834
|switch|p2a: Xatu|Xatu, F|100/100
|move|p1a: Fuck Yo Couch|Circle Throw|p2a: Xatu
|-resisted|p2a: Xatu
|-damage|p2a: Xatu|92/100
|drag|p2a: Hitmonlee|Hitmonlee, M|100/100
|
|-heal|p1a: Fuck Yo Couch|94/100|[from] item: Leftovers
|upkeep
|turn|11
|
|t:|1610271840
|move|p2a: Hitmonlee|High Jump Kick|p1a: Fuck Yo Couch
|-damage|p1a: Fuck Yo Couch|18/100
|move|p1a: Fuck Yo Couch|Scald|p2a: Hitmonlee
|-damage|p2a: Hitmonlee|78/100
|-status|p2a: Hitmonlee|brn
|
|-heal|p1a: Fuck Yo Couch|24/100|[from] item: Leftovers
|-damage|p2a: Hitmonlee|71/100 brn|[from] brn
|upkeep
|turn|12
|
|t:|1610271847
|switch|p1a: Uxie|Uxie|87/100
|-damage|p1a: Uxie|75/100|[from] Stealth Rock
|move|p2a: Hitmonlee|High Jump Kick|p1a: Uxie
|-resisted|p1a: Uxie
|-damage|p1a: Uxie|58/100
|
|-heal|p1a: Uxie|64/100|[from] item: Leftovers
|-damage|p2a: Hitmonlee|65/100 brn|[from] brn
|upkeep
|turn|13
|
|t:|1610271855
|switch|p2a: Lanturn|Lanturn, F|52/100
|move|p1a: Uxie|U-turn|p2a: Lanturn
|-damage|p2a: Lanturn|44/100
|
|t:|1610271869
|switch|p1a: Articuno|Articuno|100/100|[from]move: U-turn
|-ability|p1a: Articuno|Pressure
|
|-heal|p2a: Lanturn|51/100|[from] item: Leftovers
|upkeep
|turn|14
|
|t:|1610271874
|move|p1a: Articuno|Defog|p2a: Lanturn
|-unboost|p2a: Lanturn|evasion|1
|-sideend|p1: Yunkers|Stealth Rock|[from] move: Defog|[of] p1a: Articuno
|move|p2a: Lanturn|Toxic|p1a: Articuno
|-status|p1a: Articuno|tox
|
|-heal|p2a: Lanturn|57/100|[from] item: Leftovers
|-damage|p1a: Articuno|94/100 tox|[from] psn
|upkeep
|turn|15
|
|t:|1610271884
|move|p1a: Articuno|Freeze-Dry|p2a: Lanturn
|-supereffective|p2a: Lanturn
|-damage|p2a: Lanturn|13/100
|move|p2a: Lanturn|Volt Switch|p1a: Articuno
|-supereffective|p1a: Articuno
|-damage|p1a: Articuno|72/100 tox
|
|t:|1610271889
|switch|p2a: Hitmonlee|Hitmonlee, M|65/100 brn|[from]move: Volt Switch
|
|-damage|p2a: Hitmonlee|59/100 brn|[from] brn
|-damage|p1a: Articuno|60/100 tox|[from] psn
|upkeep
|turn|16
|
|t:|1610271902
|switch|p1a: Fuck Yo Couch|Poliwrath, F|24/100
|move|p2a: Hitmonlee|Knock Off|p1a: Fuck Yo Couch
|-resisted|p1a: Fuck Yo Couch
|-damage|p1a: Fuck Yo Couch|15/100
|-enditem|p1a: Fuck Yo Couch|Leftovers|[from] move: Knock Off|[of] p2a: Hitmonlee
|
|-damage|p2a: Hitmonlee|53/100 brn|[from] brn
|upkeep
|turn|17
|
|t:|1610271907
|switch|p2a: Roserade|Roserade, M|100/100
|move|p1a: Fuck Yo Couch|Rest|p1a: Fuck Yo Couch
|-status|p1a: Fuck Yo Couch|slp|[from] move: Rest
|-heal|p1a: Fuck Yo Couch|100/100 slp|[silent]
|
|upkeep
|turn|18
|
|t:|1610271914
|switch|p1a: 730|Scyther, F|84/100
|move|p2a: Roserade|Spikes|p1a: 730
|-sidestart|p1: Yunkers|Spikes
|
|upkeep
|turn|19
|
|t:|1610271927
|switch|p2a: Palossand|Palossand, F|100/100
|move|p1a: 730|U-turn|p2a: Palossand
|-resisted|p2a: Palossand
|-damage|p2a: Palossand|90/100
|-damage|p1a: 730|68/100|[from] item: Rocky Helmet|[of] p2a: Palossand
|
|t:|1610271935
|switch|p1a: Articuno|Articuno|60/100 tox|[from]move: U-turn
|-ability|p1a: Articuno|Pressure
|
|-damage|p1a: Articuno|54/100 tox|[from] psn
|upkeep
|turn|20
|
|t:|1610271946
|switch|p2a: Sandslash|Sandslash-Alola, M|83/100
|move|p1a: Articuno|Roost|p1a: Articuno
|-heal|p1a: Articuno|100/100 tox
|-singleturn|p1a: Articuno|move: Roost
|
|-damage|p1a: Articuno|88/100 tox|[from] psn
|upkeep
|turn|21
|
|t:|1610271951
|move|p1a: Articuno|U-turn|p2a: Sandslash
|-resisted|p2a: Sandslash
|-damage|p2a: Sandslash|78/100
|
|t:|1610271954
|switch|p1a: Fuck Yo Couch|Poliwrath, F|100/100 slp|[from]move: U-turn
|-damage|p1a: Fuck Yo Couch|88/100 slp|[from] Spikes
|move|p2a: Sandslash|Triple Axel|p1a: Fuck Yo Couch
|-resisted|p1a: Fuck Yo Couch
|-damage|p1a: Fuck Yo Couch|85/100 slp
|-hitcount|p1a: Fuck Yo Couch|1
|
|upkeep
|turn|22
|
|t:|1610271962
|switch|p2a: Roserade|Roserade, M|100/100
|cant|p1a: Fuck Yo Couch|slp
|move|p1a: Fuck Yo Couch|Sleep Talk|p1a: Fuck Yo Couch
|move|p1a: Fuck Yo Couch|Scald|p2a: Roserade|[from]move: Sleep Talk
|-resisted|p2a: Roserade
|-damage|p2a: Roserade|88/100
|-status|p2a: Roserade|brn
|
|-damage|p2a: Roserade|82/100 brn|[from] brn
|upkeep
|turn|23
|
|t:|1610271977
|switch|p1a: Articuno|Articuno|88/100 tox
|-ability|p1a: Articuno|Pressure
|move|p2a: Roserade|Sludge Bomb|p1a: Articuno
|-damage|p1a: Articuno|62/100 tox
|
|-damage|p2a: Roserade|76/100 brn|[from] brn
|-damage|p1a: Articuno|56/100 tox|[from] psn
|upkeep
|turn|24
|
|t:|1610271984
|switch|p2a: Sandslash|Sandslash-Alola, M|78/100
|move|p1a: Articuno|Roost|p1a: Articuno
|-heal|p1a: Articuno|100/100 tox
|-singleturn|p1a: Articuno|move: Roost
|
|-damage|p1a: Articuno|88/100 tox|[from] psn
|upkeep
|turn|25
|
|t:|1610271995
|switch|p2a: Xatu|Xatu, F|92/100
|move|p1a: Articuno|U-turn|p2a: Xatu
|-damage|p2a: Xatu|72/100
|
|t:|1610272011
|switch|p1a: 730|Scyther, F|68/100|[from]move: U-turn
|
|upkeep
|turn|26
|
|t:|1610272019
|switch|p2a: Palossand|Palossand, F|90/100
|move|p1a: 730|Knock Off|p2a: Palossand
|-supereffective|p2a: Palossand
|-damage|p2a: Palossand|49/100
|-damage|p1a: 730|51/100|[from] item: Rocky Helmet|[of] p2a: Palossand
|-enditem|p2a: Palossand|Rocky Helmet|[from] move: Knock Off|[of] p1a: 730
|
|upkeep
|turn|27
|
|t:|1610272032
|switch|p1a: Articuno|Articuno|88/100 tox
|-ability|p1a: Articuno|Pressure
|move|p2a: Palossand|Shore Up|p2a: Palossand
|-heal|p2a: Palossand|99/100
|
|-damage|p1a: Articuno|82/100 tox|[from] psn
|upkeep
|turn|28
|
|t:|1610272038
|switch|p2a: Sandslash|Sandslash-Alola, M|78/100
|move|p1a: Articuno|Freeze-Dry|p2a: Sandslash
|-resisted|p2a: Sandslash
|-damage|p2a: Sandslash|73/100
|
|-damage|p1a: Articuno|70/100 tox|[from] psn
|upkeep
|turn|29
|
|t:|1610272049
|move|p1a: Articuno|U-turn|p2a: Sandslash
|-resisted|p2a: Sandslash
|-damage|p2a: Sandslash|68/100
|
|t:|1610272055
|switch|p1a: Fuck Yo Couch|Poliwrath, F|85/100 slp|[from]move: U-turn
|-damage|p1a: Fuck Yo Couch|73/100 slp|[from] Spikes
|move|p2a: Sandslash|Triple Axel|p1a: Fuck Yo Couch
|-resisted|p1a: Fuck Yo Couch
|-damage|p1a: Fuck Yo Couch|69/100 slp
|-resisted|p1a: Fuck Yo Couch
|-damage|p1a: Fuck Yo Couch|62/100 slp
|-resisted|p1a: Fuck Yo Couch
|-damage|p1a: Fuck Yo Couch|51/100 slp
|-hitcount|p1a: Fuck Yo Couch|3
|
|upkeep
|turn|30
|
|t:|1610272061
|switch|p2a: Xatu|Xatu, F|72/100
|cant|p1a: Fuck Yo Couch|slp
|move|p1a: Fuck Yo Couch|Sleep Talk|p1a: Fuck Yo Couch
|move|p1a: Fuck Yo Couch|Scald|p2a: Xatu|[from]move: Sleep Talk
|-damage|p2a: Xatu|43/100
|-status|p2a: Xatu|brn
|
|-damage|p2a: Xatu|37/100 brn|[from] brn
|upkeep
|turn|31
|
|t:|1610272074
|switch|p1a: 4000|Magneton|100/100
|-damage|p1a: 4000|88/100|[from] Spikes
|move|p2a: Xatu|Air Slash|p1a: 4000|[miss]
|-miss|p2a: Xatu|p1a: 4000
|
|-damage|p2a: Xatu|31/100 brn|[from] brn
|upkeep
|turn|32
|
|t:|1610272083
|switch|p2a: Palossand|Palossand, F|99/100
|move|p1a: 4000|Flash Cannon|p2a: Palossand
|-damage|p2a: Palossand|53/100
|
|upkeep
|turn|33
|
|t:|1610272093
|switch|p1a: Articuno|Articuno|70/100 tox
|-ability|p1a: Articuno|Pressure
|move|p2a: Palossand|Stealth Rock|p1a: Articuno
|-sidestart|p1: Yunkers|move: Stealth Rock
|
|-damage|p1a: Articuno|64/100 tox|[from] psn
|upkeep
|turn|34
|
|t:|1610272103
|move|p1a: Articuno|Defog|p2a: Palossand
|-unboost|p2a: Palossand|evasion|1
|-sideend|p1: Yunkers|Spikes|[from] move: Defog|[of] p1a: Articuno
|-sideend|p1: Yunkers|Stealth Rock|[from] move: Defog|[of] p1a: Articuno
|move|p2a: Palossand|Shore Up|p2a: Palossand
|-heal|p2a: Palossand|100/100
|
|-damage|p1a: Articuno|52/100 tox|[from] psn
|upkeep
|turn|35
|
|t:|1610272109
|move|p1a: Articuno|Roost|p1a: Articuno
|-heal|p1a: Articuno|100/100 tox
|-singleturn|p1a: Articuno|move: Roost
|move|p2a: Palossand|Stealth Rock|p1a: Articuno
|-sidestart|p1: Yunkers|move: Stealth Rock
|
|-damage|p1a: Articuno|82/100 tox|[from] psn
|upkeep
|turn|36
|
|t:|1610272123
|switch|p2a: Sandslash|Sandslash-Alola, M|68/100
|move|p1a: Articuno|U-turn|p2a: Sandslash
|-resisted|p2a: Sandslash
|-damage|p2a: Sandslash|62/100
|
|t:|1610272126
|switch|p1a: Fuck Yo Couch|Poliwrath, F|51/100 slp|[from]move: U-turn
|-damage|p1a: Fuck Yo Couch|45/100 slp|[from] Stealth Rock
|
|upkeep
|turn|37
|
|t:|1610272134
|switch|p2a: Lanturn|Lanturn, F|13/100
|-curestatus|p1a: Fuck Yo Couch|slp|[msg]
|move|p1a: Fuck Yo Couch|Circle Throw|p2a: Lanturn
|-damage|p2a: Lanturn|0 fnt
|faint|p2a: Lanturn
|
|upkeep
|
|t:|1610272139
|switch|p2a: Xatu|Xatu, F|31/100 brn
|turn|38
|
|t:|1610272146
|switch|p1a: Articuno|Articuno|82/100 tox
|-ability|p1a: Articuno|Pressure
|move|p2a: Xatu|U-turn|p1a: Articuno
|-resisted|p1a: Articuno
|-damage|p1a: Articuno|80/100 tox
|
|t:|1610272151
|switch|p2a: Hitmonlee|Hitmonlee, M|53/100 brn|[from]move: U-turn
|
|-damage|p2a: Hitmonlee|47/100 brn|[from] brn
|-damage|p1a: Articuno|74/100 tox|[from] psn
|upkeep
|turn|39
|
|t:|1610272159
|switch|p1a: Uxie|Uxie|64/100
|-damage|p1a: Uxie|51/100|[from] Stealth Rock
|move|p2a: Hitmonlee|Knock Off|p1a: Uxie
|-supereffective|p1a: Uxie
|-damage|p1a: Uxie|25/100
|-enditem|p1a: Uxie|Leftovers|[from] move: Knock Off|[of] p2a: Hitmonlee
|
|-damage|p2a: Hitmonlee|40/100 brn|[from] brn
|upkeep
|turn|40
|
|t:|1610272172
|switch|p2a: Xatu|Xatu, F|31/100 brn
|move|p1a: Uxie|Psychic|p2a: Xatu
|-resisted|p2a: Xatu
|-damage|p2a: Xatu|12/100 brn
|-unboost|p2a: Xatu|spd|1
|
|-damage|p2a: Xatu|6/100 brn|[from] brn
|upkeep
|turn|41
|
|t:|1610272181
|move|p2a: Xatu|U-turn|p1a: Uxie
|-supereffective|p1a: Uxie
|-damage|p1a: Uxie|19/100
|
|t:|1610272189
|switch|p2a: Hitmonlee|Hitmonlee, M|40/100 brn|[from]move: U-turn
|move|p1a: Uxie|Foul Play|p2a: Hitmonlee
|-resisted|p2a: Hitmonlee
|-damage|p2a: Hitmonlee|2/100 brn
|
|-damage|p2a: Hitmonlee|0 fnt|[from] brn
|faint|p2a: Hitmonlee
|upkeep
|
|t:|1610272191
|switch|p2a: Roserade|Roserade, M|76/100
|turn|42
|
|t:|1610272210
|move|p2a: Roserade|Sludge Bomb|p1a: Uxie
|-damage|p1a: Uxie|0 fnt
|faint|p1a: Uxie
|
|upkeep
|
|t:|1610272217
|switch|p1a: Articuno|Articuno|74/100 tox
|-ability|p1a: Articuno|Pressure
|turn|43
|c|☆Testpu12|3 scalds / 3 scald burns like bruh
|c|☆Testpu12|get the lotto
|
|t:|1610272245
|switch|p2a: Sandslash|Sandslash-Alola, M|62/100
|move|p1a: Articuno|Defog|p2a: Sandslash
|-unboost|p2a: Sandslash|evasion|1
|-sideend|p1: Yunkers|Stealth Rock|[from] move: Defog|[of] p1a: Articuno
|
|-damage|p1a: Articuno|68/100 tox|[from] psn
|upkeep
|turn|44
|
|t:|1610272255
|move|p1a: Articuno|U-turn|p2a: Sandslash
|-resisted|p2a: Sandslash
|-damage|p2a: Sandslash|57/100
|
|t:|1610272257
|switch|p1a: Fuck Yo Couch|Poliwrath, F|45/100|[from]move: U-turn
|move|p2a: Sandslash|Earthquake|p1a: Fuck Yo Couch
|-damage|p1a: Fuck Yo Couch|21/100
|
|upkeep
|turn|45
|
|t:|1610272264
|move|p1a: Fuck Yo Couch|Rest|p1a: Fuck Yo Couch
|-status|p1a: Fuck Yo Couch|slp|[from] move: Rest
|-heal|p1a: Fuck Yo Couch|100/100 slp|[silent]
|move|p2a: Sandslash|Earthquake|p1a: Fuck Yo Couch
|-damage|p1a: Fuck Yo Couch|77/100 slp
|
|upkeep
|turn|46
|
|t:|1610272273
|switch|p1a: Articuno|Articuno|68/100 tox
|-ability|p1a: Articuno|Pressure
|switch|p2a: Roserade|Roserade, M|76/100
|
|-damage|p1a: Articuno|62/100 tox|[from] psn
|upkeep
|turn|47
|
|t:|1610272276
|switch|p2a: Sandslash|Sandslash-Alola, M|57/100
|move|p1a: Articuno|U-turn|p2a: Sandslash
|-resisted|p2a: Sandslash
|-damage|p2a: Sandslash|51/100
|inactive|Battle timer is ON: inactive players will automatically lose when time's up. (requested by Testpu12)
|
|t:|1610272325
|switch|p1a: 4000|Magneton|88/100|[from]move: U-turn
|
|upkeep
|turn|48
|
|t:|1610272333
|move|p1a: 4000|Thunderbolt|p2a: Sandslash
|-damage|p2a: Sandslash|8/100
|move|p2a: Sandslash|Earthquake|p1a: 4000
|-supereffective|p1a: 4000
|-damage|p1a: 4000|0 fnt
|faint|p1a: 4000
|
|upkeep
|
|t:|1610272355
|switch|p1a: 730|Scyther, F|51/100
|turn|49
|
|t:|1610272360
|move|p2a: Sandslash|Ice Shard|p1a: 730
|-supereffective|p1a: 730
|-damage|p1a: 730|0 fnt
|faint|p1a: 730
|
|upkeep
|
|t:|1610272369
|switch|p1a: Fuck Yo Couch|Poliwrath, F|77/100 slp
|turn|50
|
|t:|1610272374
|switch|p2a: Roserade|Roserade, M|76/100
|cant|p1a: Fuck Yo Couch|slp
|move|p1a: Fuck Yo Couch|Sleep Talk|p1a: Fuck Yo Couch
|move|p1a: Fuck Yo Couch|Circle Throw|p2a: Roserade|[from]move: Sleep Talk
|-resisted|p2a: Roserade
|-damage|p2a: Roserade|56/100
|drag|p2a: Xatu|Xatu, F|6/100 brn
|
|-damage|p2a: Xatu|0 fnt|[from] brn
|faint|p2a: Xatu
|upkeep
|
|t:|1610272387
|switch|p2a: Roserade|Roserade, M|56/100
|turn|51
|
|t:|1610272394
|switch|p1a: Articuno|Articuno|62/100 tox
|-ability|p1a: Articuno|Pressure
|move|p2a: Roserade|Sludge Bomb|p1a: Articuno
|-damage|p1a: Articuno|37/100 tox
|
|-damage|p1a: Articuno|31/100 tox|[from] psn
|upkeep
|turn|52
|
|t:|1610272409
|switch|p2a: Sandslash|Sandslash-Alola, M|8/100
|move|p1a: Articuno|Roost|p1a: Articuno
|-heal|p1a: Articuno|81/100 tox
|-singleturn|p1a: Articuno|move: Roost
|
|-damage|p1a: Articuno|69/100 tox|[from] psn
|upkeep
|turn|53
|
|t:|1610272427
|move|p1a: Articuno|Roost|p1a: Articuno
|-heal|p1a: Articuno|100/100 tox
|-singleturn|p1a: Articuno|move: Roost
|move|p2a: Sandslash|Triple Axel|p1a: Articuno
|-resisted|p1a: Articuno
|-damage|p1a: Articuno|96/100 tox
|-resisted|p1a: Articuno
|-damage|p1a: Articuno|86/100 tox
|-resisted|p1a: Articuno
|-damage|p1a: Articuno|74/100 tox
|-hitcount|p1a: Articuno|3
|
|-damage|p1a: Articuno|56/100 tox|[from] psn
|upkeep
|turn|54
|
|t:|1610272450
|switch|p1a: Fuck Yo Couch|Poliwrath, F|77/100 slp
|switch|p2a: Roserade|Roserade, M|56/100
|
|upkeep
|turn|55
|
|t:|1610272456
|switch|p1a: Articuno|Articuno|56/100 tox
|-ability|p1a: Articuno|Pressure
|move|p2a: Roserade|Sludge Bomb|p1a: Articuno
|-damage|p1a: Articuno|30/100 tox
|
|-damage|p1a: Articuno|24/100 tox|[from] psn
|upkeep
|turn|56
|
|t:|1610272466
|move|p2a: Roserade|Sludge Bomb|p1a: Articuno
|-damage|p1a: Articuno|0 fnt
|faint|p1a: Articuno
|
|upkeep
|
|t:|1610272468
|switch|p1a: Fuck Yo Couch|Poliwrath, F|77/100 slp
|turn|57
|c|☆Testpu12|Like imagine getting this lucky and lose
|
|t:|1610272485
|move|p2a: Roserade|Leaf Storm|p1a: Fuck Yo Couch|[miss]
|-miss|p2a: Roserade|p1a: Fuck Yo Couch
|cant|p1a: Fuck Yo Couch|slp
|move|p1a: Fuck Yo Couch|Sleep Talk|p1a: Fuck Yo Couch
|move|p1a: Fuck Yo Couch|Rest||[from]move: Sleep Talk|[still]
|-fail|p1a: Fuck Yo Couch
|
|upkeep
|turn|58
|
|t:|1610272490
|move|p2a: Roserade|Leaf Storm|p1a: Fuck Yo Couch
|-supereffective|p1a: Fuck Yo Couch
|-damage|p1a: Fuck Yo Couch|0 fnt
|-unboost|p2a: Roserade|spa|2
|faint|p1a: Fuck Yo Couch
|
|win|Testpu12
|raw|Yunkers's rating: 1403 &rarr; <strong>1380</strong><br />(-23 for losing)
|raw|Testpu12's rating: 1353 &rarr; <strong>1376</strong><br />(+23 for winning)
|l|☆Yunkers
|c|☆Testpu12|Just imagine
|c|☆Testpu12|wow
