|j|☆Suwa_yriafelc
|j|☆Jarlizer
|player|p1|Suwa_yriafelc|pokemonranger-gen4|
|player|p2|Jarlizer|pokefan|
|teamsize|p1|6
|teamsize|p2|6
|gametype|singles
|gen|8
|tier|[Gen 8] PU
|rated|Tournament battle
|clearpoke
|poke|p1|Porygon|
|poke|p1|Pincurchin, M|
|poke|p1|Manectric, M|
|poke|p1|Gourgeist-*, M|
|poke|p1|Beheeyem, M|
|poke|p1|Hitmontop, M|
|poke|p2|Thwackey, M|
|poke|p2|Silvally-*|
|poke|p2|Mawile, M|
|poke|p2|Carkol, F|
|poke|p2|Dusclops, F|
|poke|p2|Lapras, F|
|rule|Sleep Clause Mod: Limit one foe put to sleep
|rule|Species Clause: Limit one of each Pokémon
|rule|OHKO Clause: OHKO moves are banned
|rule|Evasion Moves Clause: Evasion moves are banned
|rule|Endless Battle Clause: Forcing endless battles is banned
|rule|HP Percentage Mod: HP is shown in percentages
|rule|Dynamax Clause: You cannot dynamax
|teampreview
|c|☆Jarlizer|Have fun
|j| Bozatron
|j| AllhailLordCheezy
|l| AllhailLordCheezy
|inactive|Battle timer is ON: inactive players will automatically lose when time's up. (requested by Jarlizer)
|
|start
|switch|p1a: Pincurchin|Pincurchin, M|100/100
|switch|p2a: Thwackey|Thwackey, M|100/100
|-fieldstart|move: Grassy Terrain|[from] ability: Grassy Surge|[of] p2a: Thwackey
|-fieldstart|move: Electric Terrain|[from] ability: Electric Surge|[of] p1a: Pincurchin
|turn|1
|
|move|p2a: Thwackey|U-turn|p1a: Pincurchin
|-crit|p1a: Pincurchin
|-damage|p1a: Pincurchin|68/100
|j| boyfromavan
|
|switch|p2a: Carkol|Carkol, F|100/100|[from]move: U-turn
|move|p1a: Pincurchin|Rising Voltage|p2a: Carkol
|-damage|p2a: Carkol|35/100
|
|upkeep
|turn|2
|c|☆Jarlizer|!dt rsing voltage
No Pokémon, item, move, ability or nature named 'rsing voltage' was found. Showing the data of 'Rising Voltage' instead.
|raw|<ul class="utilichart"><li class="result"><span class="col movenamecol"><a href="https://dex.pokemonshowdown.com/moves/risingvoltage">Rising Voltage</a></span> <span class="col typecol"><img src="//play.pokemonshowdown.com/sprites/types/Electric.png" alt="Electric" width="32" height="14"><img src="//play.pokemonshowdown.com/sprites/categories/Special.png" alt="Special" width="32" height="14"></span> <span class="col labelcol"><em>Power</em><br>70</span> <span class="col widelabelcol"><em>Accuracy</em><br>100%</span> <span class="col pplabelcol"><em>PP</em><br>32</span> <span class="col movedesccol">2x power in Electric Terrain.</span> </li><li style="clear:both"></li></ul>
|raw|<font size="1"><font color="#686868">Priority:</font> 0&nbsp;|&ThickSpace;<font color="#686868">Gen:</font> 8&nbsp;|&ThickSpace;<font color="#686868">Z-Power:</font> 140&nbsp;|&ThickSpace;<font color="#686868">Dynamax Power:</font> 120&nbsp;|&ThickSpace;<font color="#686868">Target:</font> One Adjacent Pokémon</font>

|j| YashWDLCTech
|
|move|p2a: Carkol|Stealth Rock|p1a: Pincurchin
|-sidestart|p1: Suwa_yriafelc|move: Stealth Rock
|move|p1a: Pincurchin|Rising Voltage|p2a: Carkol
|-damage|p2a: Carkol|0 fnt
|faint|p2a: Carkol
|
|upkeep
|l| YashWDLCTech
|
|switch|p2a: Thwackey|Thwackey, M|100/100
|-fieldstart|move: Grassy Terrain|[from] ability: Grassy Surge|[of] p2a: Thwackey
|turn|3
|
|switch|p1a: Hitmontop|Hitmontop, M|100/100
|-damage|p1a: Hitmontop|94/100|[from] Stealth Rock
|move|p2a: Thwackey|Knock Off|p1a: Hitmontop
|-resisted|p1a: Hitmontop
|-damage|p1a: Hitmontop|76/100
|-enditem|p1a: Hitmontop|Wide Lens|[from] move: Knock Off|[of] p2a: Thwackey
|
|-heal|p1a: Hitmontop|82/100|[from] Grassy Terrain
|upkeep
|turn|4
|j|@Jungle Fox ㋛
|
|switch|p2a: Dusclops|Dusclops, F, shiny|100/100
|-ability|p2a: Dusclops|Pressure
|move|p1a: Hitmontop|Triple Axel|p2a: Dusclops
|-damage|p2a: Dusclops|96/100
|-damage|p2a: Dusclops|87/100
|-damage|p2a: Dusclops|73/100
|-hitcount|p2a: Dusclops|3
|
|-heal|p1a: Hitmontop|88/100|[from] Grassy Terrain
|-heal|p2a: Dusclops|79/100|[from] Grassy Terrain
|upkeep
|turn|5
|l| boyfromavan
|c|☆Jarlizer|!dt triple axel
|raw|<ul class="utilichart"><li class="result"><span class="col movenamecol"><a href="https://dex.pokemonshowdown.com/moves/tripleaxel">Triple Axel</a></span> <span class="col typecol"><img src="//play.pokemonshowdown.com/sprites/types/Ice.png" alt="Ice" width="32" height="14"><img src="//play.pokemonshowdown.com/sprites/categories/Physical.png" alt="Physical" width="32" height="14"></span> <span class="col labelcol"><em>Power</em><br>20</span> <span class="col widelabelcol"><em>Accuracy</em><br>90%</span> <span class="col pplabelcol"><em>PP</em><br>16</span> <span class="col movedesccol">Hits 3 times. Each hit can miss, but power rises.</span> </li><li style="clear:both"></li></ul>
|raw|<font size="1"><font color="#686868">Priority:</font> 0&nbsp;|&ThickSpace;<font color="#686868">Gen:</font> 8&nbsp;|&ThickSpace;&#10003; Contact&nbsp;|&ThickSpace;<font color="#686868">Z-Power:</font> 120&nbsp;|&ThickSpace;<font color="#686868">Dynamax Power:</font> 140&nbsp;|&ThickSpace;<font color="#686868">Target:</font> One Adjacent Pokémon</font>

|j| ShwiftyShiftry
|
|switch|p1a: Porygon|Porygon|100/100
|-damage|p1a: Porygon|88/100|[from] Stealth Rock
|-ability|p1a: Porygon|Pressure|[from] ability: Trace|[of] p2a: Dusclops
|-ability|p1a: Porygon|Pressure
|move|p2a: Dusclops|Toxic|p1a: Porygon
|-status|p1a: Porygon|tox
|
|-heal|p2a: Dusclops|85/100|[from] Grassy Terrain
|-heal|p1a: Porygon|94/100 tox|[from] Grassy Terrain
|-damage|p1a: Porygon|88/100 tox|[from] psn
|upkeep
|turn|6
|j| bigredmaschine
|
|switch|p2a: Mawile|Mawile, M, shiny|100/100
|-ability|p2a: Mawile|Intimidate|boost
|-unboost|p1a: Porygon|atk|1
|move|p1a: Porygon|Teleport|p1a: Porygon
|inactive|Suwa_yriafelc has 120 seconds left.
|
|switch|p1a: Manectric|Manectric, M|100/100|[from]move: Teleport
|-damage|p1a: Manectric|88/100|[from] Stealth Rock
|
|-heal|p1a: Manectric|94/100|[from] Grassy Terrain
|upkeep
|turn|7
|
|move|p1a: Manectric|Volt Switch|p2a: Mawile
|-damage|p2a: Mawile|49/100
|
|switch|p1a: Pincurchin|Pincurchin, M|68/100|[from]move: Volt Switch
|-damage|p1a: Pincurchin|56/100|[from] Stealth Rock
|-fieldstart|move: Electric Terrain|[from] ability: Electric Surge|[of] p1a: Pincurchin
|move|p2a: Mawile|Play Rough|p1a: Pincurchin
|-damage|p1a: Pincurchin|8/100
|
|upkeep
|turn|8
|inactive|Suwa_yriafelc has 90 seconds left.
|
|move|p2a: Mawile|Knock Off|p1a: Pincurchin
|-damage|p1a: Pincurchin|0 fnt
|-enditem|p1a: Pincurchin|Choice Specs|[from] move: Knock Off|[of] p2a: Mawile
|faint|p1a: Pincurchin
|
|upkeep
|
|switch|p1a: Manectric|Manectric, M|94/100
|-damage|p1a: Manectric|82/100|[from] Stealth Rock
|turn|9
|
|move|p2a: Mawile|Sucker Punch|p1a: Manectric
|-damage|p1a: Manectric|47/100
|move|p1a: Manectric|Flamethrower|p2a: Mawile
|-supereffective|p2a: Mawile
|-damage|p2a: Mawile|0 fnt
|faint|p2a: Mawile
|
|upkeep
|j| SirPeanutCronch
|l| bigredmaschine
|j|@uhuhuhu7
|inactive|Jarlizer has 120 seconds left.
|j| boyfromavan
|l| boyfromavan
|inactive|Jarlizer has 90 seconds left.
|
|switch|p2a: Lapras|Lapras, F, shiny|100/100
|turn|10
|inactive|Suwa_yriafelc has 90 seconds left.
|
|switch|p1a: Hitmontop|Hitmontop, M|88/100
|-damage|p1a: Hitmontop|82/100|[from] Stealth Rock
|move|p2a: Lapras|Frost Breath|p1a: Hitmontop
|-crit|p1a: Hitmontop
|-damage|p1a: Hitmontop|12/100
|
|upkeep
|turn|11
|l|@uhuhuhu7
|l| ShwiftyShiftry
|inactive|Suwa_yriafelc has 90 seconds left.
|
|switch|p2a: Dusclops|Dusclops, F, shiny|85/100
|-ability|p2a: Dusclops|Pressure
|move|p1a: Hitmontop|Rapid Spin|p2a: Dusclops
|-immune|p2a: Dusclops
|
|-fieldend|move: Electric Terrain
|upkeep
|turn|12
|
|move|p1a: Hitmontop|Triple Axel|p2a: Dusclops
|-damage|p2a: Dusclops|81/100
|-damage|p2a: Dusclops|71/100
|-damage|p2a: Dusclops|57/100
|-hitcount|p2a: Dusclops|3
|move|p2a: Dusclops|Will-O-Wisp|p1a: Hitmontop
|-status|p1a: Hitmontop|brn
|
|-damage|p1a: Hitmontop|5/100 brn|[from] brn
|upkeep
|turn|13
|j| lunarsloth
|
|move|p1a: Hitmontop|Rapid Spin|p2a: Dusclops
|-immune|p2a: Dusclops
|move|p2a: Dusclops|Night Shade|p1a: Hitmontop
|-damage|p1a: Hitmontop|0 fnt
|faint|p1a: Hitmontop
|
|upkeep
|inactive|Suwa_yriafelc has 90 seconds left.
|
|switch|p1a: Gourgeist|Gourgeist-Super, M|100/100
|-damage|p1a: Gourgeist|88/100|[from] Stealth Rock
|-item|p2a: Dusclops|Eviolite|[from] ability: Frisk|[of] p1a: Gourgeist|[identify]
|turn|14
|
|move|p1a: Gourgeist|Poltergeist|p2a: Dusclops|[miss]
|-miss|p1a: Gourgeist|p2a: Dusclops
|move|p2a: Dusclops|Will-O-Wisp|p1a: Gourgeist
|-status|p1a: Gourgeist|brn
|
|-damage|p1a: Gourgeist|82/100 brn|[from] brn
|upkeep
|turn|15
|
|move|p1a: Gourgeist|Poltergeist|p2a: Dusclops
|-activate|p2a: Dusclops|move: Poltergeist|Eviolite
|-supereffective|p2a: Dusclops
|-damage|p2a: Dusclops|27/100
|-damage|p1a: Gourgeist|72/100 brn|[from] item: Life Orb
|move|p2a: Dusclops|Rest|p2a: Dusclops
|-status|p2a: Dusclops|slp|[from] move: Rest
|-heal|p2a: Dusclops|100/100 slp|[silent]
|
|-damage|p1a: Gourgeist|66/100 brn|[from] brn
|upkeep
|turn|16
|inactive|Suwa_yriafelc has 90 seconds left.
|
|switch|p1a: Manectric|Manectric, M|47/100
|-damage|p1a: Manectric|35/100|[from] Stealth Rock
|cant|p2a: Dusclops|slp
|
|upkeep
|turn|17
|inactive|Suwa_yriafelc has 90 seconds left.
|
|switch|p2a: Thwackey|Thwackey, M|100/100
|-fieldstart|move: Grassy Terrain|[from] ability: Grassy Surge|[of] p2a: Thwackey
|move|p1a: Manectric|Volt Switch|p2a: Thwackey
|-resisted|p2a: Thwackey
|-damage|p2a: Thwackey|55/100
|inactive|Suwa_yriafelc has 90 seconds left.
|l| lunarsloth
|
|switch|p1a: Porygon|Porygon|88/100 tox|[from]move: Volt Switch
|-damage|p1a: Porygon|76/100 tox|[from] Stealth Rock
|-ability|p1a: Porygon|Grassy Surge|[from] ability: Trace|[of] p2a: Thwackey
|
|-heal|p2a: Thwackey|61/100|[from] Grassy Terrain
|-heal|p1a: Porygon|82/100 tox|[from] Grassy Terrain
|-damage|p1a: Porygon|76/100 tox|[from] psn
|upkeep
|turn|18
|inactive|Suwa_yriafelc has 60 seconds left.
|j| Tripacci
|
|move|p2a: Thwackey|Knock Off|p1a: Porygon
|-damage|p1a: Porygon|51/100 tox
|-enditem|p1a: Porygon|Eviolite|[from] move: Knock Off|[of] p2a: Thwackey
|move|p1a: Porygon|Shadow Ball|p2a: Thwackey
|-damage|p2a: Thwackey|30/100
|
|-heal|p2a: Thwackey|36/100|[from] Grassy Terrain
|-heal|p1a: Porygon|57/100 tox|[from] Grassy Terrain
|-damage|p1a: Porygon|45/100 tox|[from] psn
|upkeep
|turn|19
|
|switch|p2a: Lapras|Lapras, F, shiny|100/100
|move|p1a: Porygon|Trick Room|p1a: Porygon
|-fieldstart|move: Trick Room|[of] p1a: Porygon
|
|-heal|p1a: Porygon|51/100 tox|[from] Grassy Terrain
|-damage|p1a: Porygon|33/100 tox|[from] psn
|upkeep
|turn|20
|l|@Jungle Fox ㋛
|
|move|p2a: Lapras|Frost Breath|p1a: Porygon
|-crit|p1a: Porygon
|-damage|p1a: Porygon|0 fnt
|faint|p1a: Porygon
|
|upkeep
|
|switch|p1a: Beheeyem|Beheeyem, M|100/100
|-damage|p1a: Beheeyem|88/100|[from] Stealth Rock
|turn|21
|inactive|Suwa_yriafelc has 30 seconds left.
|
|move|p1a: Beheeyem|Meteor Beam||[still]
|-prepare|p1a: Beheeyem|Meteor Beam|p2a: Lapras
|-boost|p1a: Beheeyem|spa|1
|-enditem|p1a: Beheeyem|Power Herb
|-anim|p1a: Beheeyem|Meteor Beam|p2a: Lapras
|-supereffective|p2a: Lapras
|-crit|p2a: Lapras
|-damage|p2a: Lapras|0 fnt
|faint|p2a: Lapras
|
|-heal|p1a: Beheeyem|94/100|[from] Grassy Terrain
|-fieldend|move: Grassy Terrain
|upkeep
|c|☆Jarlizer|!dt meteor beam
|raw|<ul class="utilichart"><li class="result"><span class="col movenamecol"><a href="https://dex.pokemonshowdown.com/moves/meteorbeam">Meteor Beam</a></span> <span class="col typecol"><img src="//play.pokemonshowdown.com/sprites/types/Rock.png" alt="Rock" width="32" height="14"><img src="//play.pokemonshowdown.com/sprites/categories/Special.png" alt="Special" width="32" height="14"></span> <span class="col labelcol"><em>Power</em><br>120</span> <span class="col widelabelcol"><em>Accuracy</em><br>90%</span> <span class="col pplabelcol"><em>PP</em><br>16</span> <span class="col movedesccol">Raises user's Sp. Atk by 1 on turn 1. Hits turn 2.</span> </li><li style="clear:both"></li></ul>
|raw|<font size="1"><font color="#686868">Priority:</font> 0&nbsp;|&ThickSpace;<font color="#686868">Gen:</font> 8&nbsp;|&ThickSpace;&#10003; Two-turn move&nbsp;|&ThickSpace;<font color="#686868">Z-Power:</font> 190&nbsp;|&ThickSpace;<font color="#686868">Dynamax Power:</font> 140&nbsp;|&ThickSpace;<font color="#686868">Target:</font> One Adjacent Pokémon</font>

|
|switch|p2a: Dusclops|Dusclops, F, shiny|100/100 slp
|-ability|p2a: Dusclops|Pressure
|turn|22
|
|move|p1a: Beheeyem|Shadow Ball|p2a: Dusclops
|-supereffective|p2a: Dusclops
|-damage|p2a: Dusclops|48/100 slp
|-unboost|p2a: Dusclops|spd|1
|cant|p2a: Dusclops|slp
|
|upkeep
|turn|23
|
|move|p1a: Beheeyem|Shadow Ball|p2a: Dusclops
|-supereffective|p2a: Dusclops
|-damage|p2a: Dusclops|0 fnt
|faint|p2a: Dusclops
|
|-fieldend|move: Trick Room
|upkeep
|
|switch|p2a: Silvally|Silvally-Bug|100/100
|turn|24
|
|move|p2a: Silvally|Multi-Attack|p1a: Beheeyem
|-supereffective|p1a: Beheeyem
|-damage|p1a: Beheeyem|0 fnt
|faint|p1a: Beheeyem
|
|upkeep
|inactive|Suwa_yriafelc has 30 seconds left.
|
|switch|p1a: Gourgeist|Gourgeist-Super, M|66/100 brn
|-damage|p1a: Gourgeist|54/100 brn|[from] Stealth Rock
|-item|p2a: Silvally|Bug Memory|[from] ability: Frisk|[of] p1a: Gourgeist|[identify]
|turn|25
|inactive|Suwa_yriafelc has 30 seconds left.
|
|move|p2a: Silvally|Multi-Attack|p1a: Gourgeist
|-damage|p1a: Gourgeist|17/100 brn
|move|p1a: Gourgeist|Poltergeist|p2a: Silvally
|-activate|p2a: Silvally|move: Poltergeist|Bug Memory
|-damage|p2a: Silvally|62/100
|-damage|p1a: Gourgeist|7/100 brn|[from] item: Life Orb
|
|-damage|p1a: Gourgeist|0 fnt|[from] brn
|faint|p1a: Gourgeist
|upkeep
|inactive|Suwa_yriafelc has 30 seconds left.
|
|switch|p1a: Manectric|Manectric, M|35/100
|-damage|p1a: Manectric|22/100|[from] Stealth Rock
|turn|26
|
|move|p1a: Manectric|Flamethrower|p2a: Silvally
|-supereffective|p2a: Silvally
|-damage|p2a: Silvally|0 fnt
|faint|p2a: Silvally
|
|upkeep
|
|switch|p2a: Thwackey|Thwackey, M|36/100
|-fieldstart|move: Grassy Terrain|[from] ability: Grassy Surge|[of] p2a: Thwackey
|turn|27
|
|move|p2a: Thwackey|Wood Hammer|p1a: Manectric
|-damage|p1a: Manectric|0 fnt
|-damage|p2a: Thwackey|29/100|[from] Recoil
|faint|p1a: Manectric
|
|win|Jarlizer
