|html|<div class="broadcast-blue"><strong>[Gen 8] PU is currently suspecting Vanilluxe! For information on how to participate check out the <a href="https://www.smogon.com/forums/threads/np-ss-pu-stage-10-ice-cream-vanilluxe-suspect-test.3705646/">suspect thread</a>.</strong></div>
|j|☆Haffling
|j|☆Somalia
|t:|1660148569
|gametype|singles
|player|p1|Haffling|cyrus|
|player|p2|Somalia|lance-gen1|
|teamsize|p1|6
|teamsize|p2|6
|gen|8
|tier|[Gen 8] PU
|rated|Tournament battle
|rule|Sleep Clause Mod: Limit one foe put to sleep
|rule|Species Clause: Limit one of each Pokémon
|rule|OHKO Clause: OHKO moves are banned
|rule|Evasion Items Clause: Evasion items are banned
|rule|Evasion Moves Clause: Evasion moves are banned
|rule|Endless Battle Clause: Forcing endless battles is banned
|rule|HP Percentage Mod: HP is shown in percentages
|rule|Dynamax Clause: You cannot dynamax
|clearpoke
|poke|p1|Kadabra, F|
|poke|p1|Scyther, F|
|poke|p1|Lanturn, F|
|poke|p1|Regirock|
|poke|p1|Whimsicott, M|
|poke|p1|Charizard, F|
|poke|p2|Sandslash, F|
|poke|p2|Lycanroc, M|
|poke|p2|Gigalith, M|
|poke|p2|Exeggutor, F|
|poke|p2|Wishiwashi, M|
|poke|p2|Vikavolt, M|
|teampreview
|c|☆Somalia|hf bro
|c|☆Haffling|u2
|j| turtledoggo1
|
|t:|1660148583
|start
|switch|p1a: Regirock|Regirock|100/100
|switch|p2a: Gigalith|Gigalith, M|100/100
|-weather|Sandstorm|[from] ability: Sand Stream|[of] p2a: Gigalith
|turn|1
|j| Generation10
|
|t:|1660148651
|move|p1a: Regirock|Body Press|p2a: Gigalith
|-supereffective|p2a: Gigalith
|-damage|p2a: Gigalith|37/100
|move|p2a: Gigalith|Stealth Rock|p1a: Regirock
|-sidestart|p1: Haffling|move: Stealth Rock
|
|-weather|Sandstorm|[upkeep]
|upkeep
|turn|2
|
|t:|1660148656
|switch|p2a: Exeggutor|Exeggutor, F|100/100
|move|p1a: Regirock|Stealth Rock|p2a: Exeggutor
|-sidestart|p2: Somalia|move: Stealth Rock
|
|-weather|Sandstorm|[upkeep]
|-damage|p2a: Exeggutor|94/100|[from] Sandstorm
|upkeep
|turn|3
|
|t:|1660148707
|move|p1a: Regirock|Protect|p1a: Regirock
|-singleturn|p1a: Regirock|Protect
|move|p2a: Exeggutor|Toxic|p1a: Regirock
|-activate|p1a: Regirock|move: Protect
|
|-weather|Sandstorm|[upkeep]
|-damage|p2a: Exeggutor|88/100|[from] Sandstorm
|upkeep
|turn|4
|
|t:|1660148716
|move|p2a: Exeggutor|Toxic|p1a: Regirock
|-status|p1a: Regirock|tox
|move|p1a: Regirock|Rock Blast|p2a: Exeggutor
|-damage|p2a: Exeggutor|79/100
|-damage|p2a: Exeggutor|69/100
|-hitcount|p2a: Exeggutor|2
|
|-weather|Sandstorm|[upkeep]
|-damage|p2a: Exeggutor|63/100|[from] Sandstorm
|-damage|p1a: Regirock|94/100 tox|[from] psn
|upkeep
|turn|5
|
|t:|1660148725
|switch|p1a: Whimsicott|Whimsicott, M|100/100
|move|p2a: Exeggutor|Psychic|p1a: Whimsicott
|-damage|p1a: Whimsicott|13/100
|
|-weather|Sandstorm|[upkeep]
|-damage|p1a: Whimsicott|7/100|[from] Sandstorm
|-damage|p2a: Exeggutor|57/100|[from] Sandstorm
|upkeep
|turn|6
|l| Generation10
|inactive|Battle timer is ON: inactive players will automatically lose when time's up. (requested by Haffling)
|
|t:|1660148766
|move|p1a: Whimsicott|U-turn|p2a: Exeggutor
|-supereffective|p2a: Exeggutor
|-damage|p2a: Exeggutor|12/100
|-enditem|p2a: Exeggutor|Sitrus Berry|[eat]
|-heal|p2a: Exeggutor|37/100|[from] item: Sitrus Berry
|
|t:|1660148776
|switch|p1a: Scyther|Scyther, F|100/100|[from]move: U-turn
|move|p2a: Exeggutor|Psychic|p1a: Scyther
|-damage|p1a: Scyther|30/100
|
|-weather|Sandstorm|[upkeep]
|-damage|p1a: Scyther|24/100|[from] Sandstorm
|-damage|p2a: Exeggutor|31/100|[from] Sandstorm
|upkeep
|turn|7
|
|t:|1660148790
|move|p1a: Scyther|U-turn|p2a: Exeggutor
|-supereffective|p2a: Exeggutor
|-damage|p2a: Exeggutor|0 fnt
|faint|p2a: Exeggutor
|
|t:|1660148799
|switch|p1a: Kadabra|Kadabra, F|100/100|[from]move: U-turn
|
|-weather|Sandstorm|[upkeep]
|upkeep
|inactive|Somalia has 120 seconds left.
|inactive|Somalia has 90 seconds left.
|l| turtledoggo1
|
|t:|1660148873
|switch|p2a: Wishiwashi|Wishiwashi, M|100/100
|-damage|p2a: Wishiwashi|88/100|[from] Stealth Rock
|-formechange|p2a: Wishiwashi|Wishiwashi-School||[from] ability: Schooling
|turn|8
|
|t:|1660148888
|switch|p1a: Whimsicott|Whimsicott, M|7/100
|move|p2a: Wishiwashi|U-turn|p1a: Whimsicott
|-damage|p1a: Whimsicott|0 fnt
|faint|p1a: Whimsicott
|inactive|Somalia has 90 seconds left.
|
|t:|1660148920
|switch|p2a: Lycanroc|Lycanroc, M|100/100|[from]move: U-turn
|
|-weather|none
|upkeep
|
|t:|1660148927
|switch|p1a: Regirock|Regirock|94/100 tox
|-damage|p1a: Regirock|82/100 tox|[from] Stealth Rock
|turn|9
|inactive|Somalia has 60 seconds left.
|
|t:|1660148960
|switch|p2a: Vikavolt|Vikavolt, M|100/100
|-damage|p2a: Vikavolt|76/100|[from] Stealth Rock
|move|p1a: Regirock|Body Press|p2a: Vikavolt
|-resisted|p2a: Vikavolt
|-damage|p2a: Vikavolt|51/100
|
|-heal|p1a: Regirock|88/100 tox|[from] item: Leftovers
|-damage|p1a: Regirock|82/100 tox|[from] psn
|upkeep
|turn|10
|
|t:|1660148968
|move|p2a: Vikavolt|Bug Buzz|p1a: Regirock
|-damage|p1a: Regirock|27/100 tox
|-enditem|p2a: Vikavolt|Throat Spray
|-boost|p2a: Vikavolt|spa|1|[from] item: Throat Spray
|move|p1a: Regirock|Rock Blast|p2a: Vikavolt
|-supereffective|p2a: Vikavolt
|-damage|p2a: Vikavolt|30/100
|-supereffective|p2a: Vikavolt
|-damage|p2a: Vikavolt|8/100
|-supereffective|p2a: Vikavolt
|-damage|p2a: Vikavolt|0 fnt
|faint|p2a: Vikavolt
|-hitcount|p2: Vikavolt|3
|
|-heal|p1a: Regirock|33/100 tox|[from] item: Leftovers
|-damage|p1a: Regirock|21/100 tox|[from] psn
|upkeep
|
|t:|1660148979
|switch|p2a: Lycanroc|Lycanroc, M|100/100
|turn|11
|
|t:|1660148983
|move|p2a: Lycanroc|Close Combat|p1a: Regirock
|-supereffective|p1a: Regirock
|-damage|p1a: Regirock|0 fnt
|-unboost|p2a: Lycanroc|def|1
|-unboost|p2a: Lycanroc|spd|1
|faint|p1a: Regirock
|
|upkeep
|
|t:|1660148989
|switch|p1a: Lanturn|Lanturn, F|100/100
|-damage|p1a: Lanturn|88/100|[from] Stealth Rock
|turn|12
|
|t:|1660148997
|switch|p2a: Gigalith|Gigalith, M|37/100
|-damage|p2a: Gigalith|25/100|[from] Stealth Rock
|-weather|Sandstorm|[from] ability: Sand Stream|[of] p2a: Gigalith
|move|p1a: Lanturn|Volt Switch|p2a: Gigalith
|-damage|p2a: Gigalith|15/100
|j| Wolf Pack of 1
|l| Wolf Pack of 1
|
|t:|1660149008
|switch|p1a: Kadabra|Kadabra, F|100/100|[from]move: Volt Switch
|
|-weather|Sandstorm|[upkeep]
|upkeep
|turn|13
|
|t:|1660149012
|move|p1a: Kadabra|Grass Knot|p2a: Gigalith
|-supereffective|p2a: Gigalith
|-damage|p2a: Gigalith|0 fnt
|faint|p2a: Gigalith
|
|-weather|Sandstorm|[upkeep]
|upkeep
|
|t:|1660149015
|switch|p2a: Wishiwashi|Wishiwashi, M|88/100
|-damage|p2a: Wishiwashi|76/100|[from] Stealth Rock
|-formechange|p2a: Wishiwashi|Wishiwashi-School||[from] ability: Schooling
|turn|14
|
|t:|1660149023
|switch|p1a: Scyther|Scyther, F|24/100
|move|p2a: Wishiwashi|U-turn|p1a: Scyther
|-resisted|p1a: Scyther
|-damage|p1a: Scyther|8/100
|
|t:|1660149027
|switch|p2a: Sandslash|Sandslash, F|100/100|[from]move: U-turn
|-damage|p2a: Sandslash|94/100|[from] Stealth Rock
|
|-weather|Sandstorm|[upkeep]
|-damage|p1a: Scyther|2/100|[from] Sandstorm
|upkeep
|turn|15
|
|t:|1660149038
|move|p2a: Sandslash|Knock Off|p1a: Scyther
|-damage|p1a: Scyther|0 fnt
|-enditem|p1a: Scyther|Heavy-Duty Boots|[from] move: Knock Off|[of] p2a: Sandslash
|faint|p1a: Scyther
|-damage|p2a: Sandslash|84/100|[from] item: Life Orb
|
|-weather|Sandstorm|[upkeep]
|upkeep
|
|t:|1660149048
|switch|p1a: Kadabra|Kadabra, F|100/100
|turn|16
|
|t:|1660149056
|move|p2a: Sandslash|Knock Off|p1a: Kadabra
|-supereffective|p1a: Kadabra
|-enditem|p1a: Kadabra|Focus Sash
|-damage|p1a: Kadabra|1/100
|-damage|p2a: Sandslash|74/100|[from] item: Life Orb
|move|p1a: Kadabra|Psychic|p2a: Sandslash
|-damage|p2a: Sandslash|0 fnt
|faint|p2a: Sandslash
|
|-weather|Sandstorm|[upkeep]
|upkeep
|
|t:|1660149064
|switch|p2a: Lycanroc|Lycanroc, M|100/100
|turn|17
|
|t:|1660149071
|move|p2a: Lycanroc|Swords Dance|p2a: Lycanroc
|-boost|p2a: Lycanroc|atk|2
|move|p1a: Kadabra|Psychic|p2a: Lycanroc
|-damage|p2a: Lycanroc|55/100
|
|-weather|Sandstorm|[upkeep]
|upkeep
|turn|18
|
|t:|1660149085
|move|p2a: Lycanroc|Accelerock|p1a: Kadabra
|-damage|p1a: Kadabra|0 fnt
|faint|p1a: Kadabra
|
|-weather|Sandstorm|[upkeep]
|upkeep
|
|t:|1660149088
|switch|p1a: Lanturn|Lanturn, F|88/100
|-damage|p1a: Lanturn|76/100|[from] Stealth Rock
|turn|19
|
|t:|1660149116
|move|p1a: Lanturn|Protect|p1a: Lanturn
|-singleturn|p1a: Lanturn|Protect
|move|p2a: Lycanroc|Close Combat|p1a: Lanturn
|-activate|p1a: Lanturn|move: Protect
|
|-weather|none
|-heal|p1a: Lanturn|82/100|[from] item: Leftovers
|upkeep
|turn|20
|
|t:|1660149124
|move|p2a: Lycanroc|Stone Edge|p1a: Lanturn
|-damage|p1a: Lanturn|0 fnt
|faint|p1a: Lanturn
|
|upkeep
|
|t:|1660149126
|switch|p1a: Charizard|Charizard, F|100/100
|turn|21
|
|t:|1660149129
|move|p2a: Lycanroc|Accelerock|p1a: Charizard
|-supereffective|p1a: Charizard
|-damage|p1a: Charizard|0 fnt
|faint|p1a: Charizard
|
|win|Somalia
|n|☆Haffling|haffling
|n|☆Somalia|somalia
