|j|☆karrakarra
|j|☆czim
|player|p1|karrakarra|saturn|
|player|p2|czim|169|
|teamsize|p1|6
|teamsize|p2|6
|gametype|singles
|gen|8
|tier|[Gen 8] PU
|rated|Tournament battle
|clearpoke
|poke|p1|Vespiquen, F|
|poke|p1|Mawile, F|
|poke|p1|Whiscash, F|
|poke|p1|Raichu, M|
|poke|p1|Liepard, F|
|poke|p1|Glaceon, F|
|poke|p2|Shuckle, M|
|poke|p2|Pawniard, F|
|poke|p2|Fraxure, M|
|poke|p2|Glaceon, F|
|poke|p2|Silvally-*|
|poke|p2|Stonjourner, M|
|rule|Sleep Clause Mod: Limit one foe put to sleep
|rule|Species Clause: Limit one of each Pokémon
|rule|OHKO Clause: OHKO moves are banned
|rule|Evasion Moves Clause: Evasion moves are banned
|rule|Endless Battle Clause: Forcing endless battles is banned
|rule|HP Percentage Mod: HP is shown in percentages
|rule|Dynamax Clause: You cannot dynamax
|teampreview
|c|☆czim|hf
|j| about_contact
|j| BlackMamba231
|j| The Scheme
|j| Carkoal Basculin
|j|+Nineage
|j| Ranbu No Melody
|j| oRange memes
|
|start
|switch|p1a: Mawile|Mawile, F|100/100
|switch|p2a: Shuckle|Shuckle, M|100/100
|turn|1
|
|move|p1a: Mawile|Iron Head|p2a: Shuckle
|-supereffective|p2a: Shuckle
|-damage|p2a: Shuckle|35/100
|move|p2a: Shuckle|Sticky Web|p1a: Mawile
|-sidestart|p1: karrakarra|move: Sticky Web
|
|upkeep
|turn|2
|l| The Scheme
|j| pattek
|
|switch|p2a: Pawniard|Pawniard, F|100/100
|move|p1a: Mawile|Iron Head|p2a: Pawniard
|-resisted|p2a: Pawniard
|-damage|p2a: Pawniard|62/100
|
|upkeep
|turn|3
|l| Carkoal Basculin
|
|move|p2a: Pawniard|Knock Off|p1a: Mawile
|-resisted|p1a: Mawile
|-damage|p1a: Mawile|69/100
|-enditem|p1a: Mawile|Life Orb|[from] move: Knock Off|[of] p2a: Pawniard
|move|p1a: Mawile|Play Rough|p2a: Pawniard|[miss]
|-miss|p1a: Mawile|p2a: Pawniard
|
|upkeep
|turn|4
|
|move|p2a: Pawniard|Iron Head|p1a: Mawile
|-damage|p1a: Mawile|15/100
|move|p1a: Mawile|Play Rough|p2a: Pawniard
|-damage|p2a: Pawniard|0 fnt
|faint|p2a: Pawniard
|
|upkeep
|l|+Nineage
|
|switch|p2a: Silvally|Silvally-Poison|100/100
|turn|5
|j| Carkoal Basculin
|
|switch|p1a: Whiscash|Whiscash, F|100/100
|-activate|p1a: Whiscash|move: Sticky Web
|-unboost|p1a: Whiscash|spe|1
|move|p2a: Silvally|Flame Charge|p1a: Whiscash
|-resisted|p1a: Whiscash
|-damage|p1a: Whiscash|95/100
|-boost|p2a: Silvally|spe|1
|
|-heal|p1a: Whiscash|100/100|[from] item: Leftovers
|upkeep
|turn|6
|
|switch|p2a: Fraxure|Fraxure, M|100/100
|-ability|p2a: Fraxure|Mold Breaker
|move|p1a: Whiscash|Earth Power|p2a: Fraxure
|-damage|p2a: Fraxure|43/100
|
|upkeep
|turn|7
|
|move|p1a: Whiscash|Protect|p1a: Whiscash
|-singleturn|p1a: Whiscash|Protect
|move|p2a: Fraxure|Stomping Tantrum|p1a: Whiscash
|-activate|p1a: Whiscash|move: Protect
|
|upkeep
|turn|8
|
|switch|p2a: Shuckle|Shuckle, M|35/100
|switch|p1a: Vespiquen|Vespiquen, F|100/100
|-ability|p1a: Vespiquen|Unnerve|p2: czim
|
|upkeep
|turn|9
|
|move|p1a: Vespiquen|U-turn|p2a: Shuckle
|-damage|p2a: Shuckle|24/100
|
|switch|p1a: Whiscash|Whiscash, F|100/100|[from]move: U-turn
|-activate|p1a: Whiscash|move: Sticky Web
|-unboost|p1a: Whiscash|spe|1
|move|p2a: Shuckle|Stealth Rock|p1a: Whiscash
|-sidestart|p1: karrakarra|move: Stealth Rock
|
|upkeep
|turn|10
|
|move|p1a: Whiscash|Scald|p2a: Shuckle
|-supereffective|p2a: Shuckle
|-damage|p2a: Shuckle|0 fnt
|faint|p2a: Shuckle
|
|upkeep
|
|switch|p2a: Glaceon|Glaceon, F|100/100
|turn|11
|
|switch|p1a: Glaceon|Glaceon, F|100/100
|-activate|p1a: Glaceon|move: Sticky Web
|-unboost|p1a: Glaceon|spe|1
|-damage|p1a: Glaceon|76/100|[from] Stealth Rock
|move|p2a: Glaceon|Freeze-Dry|p1a: Glaceon
|-resisted|p1a: Glaceon
|-damage|p1a: Glaceon|56/100
|
|-heal|p1a: Glaceon|62/100|[from] item: Leftovers
|upkeep
|turn|12
|
|switch|p2a: Fraxure|Fraxure, M|43/100
|-ability|p2a: Fraxure|Mold Breaker
|move|p1a: Glaceon|Wish|p1a: Glaceon
|
|-heal|p1a: Glaceon|68/100|[from] item: Leftovers
|upkeep
|turn|13
|
|switch|p1a: Vespiquen|Vespiquen, F|100/100
|-ability|p1a: Vespiquen|Unnerve|p2: czim
|move|p2a: Fraxure|Outrage|p1a: Vespiquen
|-damage|p1a: Vespiquen|31/100
|
|-heal|p1a: Vespiquen|80/100|[from] move: Wish|[wisher] Glaceon
|upkeep
|turn|14
|
|move|p2a: Fraxure|Outrage|p1a: Vespiquen|[from]lockedmove
|-damage|p1a: Vespiquen|7/100
|move|p1a: Vespiquen|Defog|p2a: Fraxure
|-unboost|p2a: Fraxure|evasion|1
|-sideend|p1: karrakarra|Stealth Rock|[from] move: Defog|[of] p1a: Vespiquen
|-sideend|p1: karrakarra|Sticky Web|[from] move: Defog|[of] p1a: Vespiquen
|
|upkeep
|turn|15
|
|switch|p1a: Mawile|Mawile, F|15/100
|move|p2a: Fraxure|Outrage|p1a: Mawile|[from]lockedmove
|-immune|p1a: Mawile
|-start|p2a: Fraxure|confusion|[fatigue]
|
|upkeep
|turn|16
|l| Ranbu No Melody
|
|switch|p2a: Silvally|Silvally-Poison|100/100
|move|p1a: Mawile|Iron Head|p2a: Silvally
|-damage|p2a: Silvally|51/100
|
|upkeep
|turn|17
|
|switch|p1a: Whiscash|Whiscash, F|100/100
|move|p2a: Silvally|Surf|p1a: Whiscash
|-damage|p1a: Whiscash|80/100
|
|-heal|p1a: Whiscash|86/100|[from] item: Leftovers
|upkeep
|turn|18
|
|switch|p2a: Glaceon|Glaceon, F|100/100
|move|p1a: Whiscash|Earth Power|p2a: Glaceon
|-damage|p2a: Glaceon|66/100
|
|-heal|p1a: Whiscash|92/100|[from] item: Leftovers
|upkeep
|turn|19
|
|move|p1a: Whiscash|Protect|p1a: Whiscash
|-singleturn|p1a: Whiscash|Protect
|move|p2a: Glaceon|Shadow Ball|p1a: Whiscash
|-activate|p1a: Whiscash|move: Protect
|
|-heal|p1a: Whiscash|98/100|[from] item: Leftovers
|upkeep
|turn|20
|
|switch|p1a: Liepard|Liepard, F|100/100
|move|p2a: Glaceon|Shadow Ball|p1a: Liepard
|-resisted|p1a: Liepard
|-damage|p1a: Liepard|57/100
|
|upkeep
|turn|21
|
|switch|p2a: Silvally|Silvally-Poison|51/100
|move|p1a: Liepard|Knock Off|p2a: Silvally
|-damage|p2a: Silvally|20/100
|
|upkeep
|turn|22
|
|move|p1a: Liepard|Knock Off|p2a: Silvally
|-damage|p2a: Silvally|0 fnt
|faint|p2a: Silvally
|
|upkeep
|
|switch|p2a: Stonjourner|Stonjourner, M|100/100
|turn|23
|
|switch|p1a: Whiscash|Whiscash, F|98/100
|move|p2a: Stonjourner|Earthquake|p1a: Whiscash
|-damage|p1a: Whiscash|65/100
|
|-heal|p1a: Whiscash|71/100|[from] item: Leftovers
|upkeep
|turn|24
|c|☆czim|ye i cant win this
|c|☆czim|what a terrible mu
|c|☆czim|gg
|-message|czim forfeited.
|
|win|karrakarra
