|raw|<div class="broadcast-blue"><strong>This battle is required to be public due to a player having a name starting with 'pult4t2'.</div>
|j|☆PULT4T2 Redemption
|j|☆PULT4T2 Elfu
|t:|1661301952
|gametype|singles
|player|p1|PULT4T2 Redemption|#redemption|1338
|player|p2|PULT4T2 Elfu|#bdspplempoleonshow|1405
|teamsize|p1|6
|teamsize|p2|6
|gen|8
|tier|[Gen 8] PU
|rated|
|rule|Sleep Clause Mod: Limit one foe put to sleep
|rule|Species Clause: Limit one of each Pokémon
|rule|OHKO Clause: OHKO moves are banned
|rule|Evasion Items Clause: Evasion items are banned
|rule|Evasion Moves Clause: Evasion moves are banned
|rule|Endless Battle Clause: Forcing endless battles is banned
|rule|HP Percentage Mod: HP is shown in percentages
|rule|Dynamax Clause: You cannot dynamax
|clearpoke
|poke|p1|Jolteon, M|
|poke|p1|Scyther, M|
|poke|p1|Basculin, M|
|poke|p1|Eldegoss, M|
|poke|p1|Gigalith, F|
|poke|p1|Persian-Alola, F|
|poke|p2|Lycanroc, M|
|poke|p2|Turtonator, M|
|poke|p2|Doublade, M|
|poke|p2|Silvally-*|
|poke|p2|Aurorus, M|
|poke|p2|Scrafty, F|
|teampreview
|inactive|Battle timer is ON: inactive players will automatically lose when time's up. (requested by PULT4T2 Redemption)
|
|t:|1661301968
|start
|switch|p1a: Jolteon|Jolteon, M|100/100
|switch|p2a: Lycanroc|Lycanroc, M|100/100
|turn|1
|
|t:|1661301975
|move|p1a: Jolteon|Volt Switch|p2a: Lycanroc
|-damage|p2a: Lycanroc|45/100
|
|t:|1661301979
|switch|p1a: Eldegoss|Eldegoss, M|100/100|[from]move: Volt Switch
|move|p2a: Lycanroc|Stealth Rock|p1a: Eldegoss
|-sidestart|p1: PULT4T2 Redemption|move: Stealth Rock
|
|upkeep
|turn|2
|
|t:|1661301987
|switch|p2a: Silvally|Silvally-Grass|100/100
|move|p1a: Eldegoss|Giga Drain|p2a: Silvally
|-resisted|p2a: Silvally
|-damage|p2a: Silvally|90/100
|
|upkeep
|turn|3
|
|t:|1661302000
|move|p2a: Silvally|Swords Dance|p2a: Silvally
|-boost|p2a: Silvally|atk|2
|move|p1a: Eldegoss|Rapid Spin|p2a: Silvally
|-damage|p2a: Silvally|83/100
|-boost|p1a: Eldegoss|spe|1
|-sideend|p1: PULT4T2 Redemption|Stealth Rock|[from] move: Rapid Spin|[of] p1a: Eldegoss
|
|upkeep
|turn|4
|inactive|PULT4T2 Redemption has 120 seconds left.
|
|t:|1661302031
|switch|p1a: Gigalith|Gigalith, F|100/100
|-weather|Sandstorm|[from] ability: Sand Stream|[of] p1a: Gigalith
|move|p2a: Silvally|Flame Charge|p1a: Gigalith
|-resisted|p1a: Gigalith
|-damage|p1a: Gigalith|90/100
|-boost|p2a: Silvally|spe|1
|
|-weather|Sandstorm|[upkeep]
|-damage|p2a: Silvally|77/100|[from] Sandstorm
|-heal|p1a: Gigalith|96/100|[from] item: Leftovers
|upkeep
|turn|5
|inactive|PULT4T2 Redemption has 120 seconds left.
|
|t:|1661302060
|switch|p1a: Scyther|Scyther, M|100/100
|move|p2a: Silvally|Multi-Attack|p1a: Scyther
|-resisted|p1a: Scyther
|-damage|p1a: Scyther|63/100
|
|-weather|Sandstorm|[upkeep]
|-damage|p2a: Silvally|71/100|[from] Sandstorm
|-damage|p1a: Scyther|57/100|[from] Sandstorm
|upkeep
|turn|6
|inactive|PULT4T2 Redemption has 120 seconds left.
|
|t:|1661302082
|switch|p1a: Gigalith|Gigalith, F|96/100
|move|p2a: Silvally|Flame Charge|p1a: Gigalith
|-resisted|p1a: Gigalith
|-damage|p1a: Gigalith|85/100
|-boost|p2a: Silvally|spe|1
|
|-weather|Sandstorm|[upkeep]
|-damage|p2a: Silvally|65/100|[from] Sandstorm
|-heal|p1a: Gigalith|91/100|[from] item: Leftovers
|upkeep
|turn|7
|
|t:|1661302087
|move|p1a: Gigalith|Protect|p1a: Gigalith
|-singleturn|p1a: Gigalith|Protect
|move|p2a: Silvally|Multi-Attack|p1a: Gigalith
|-activate|p1a: Gigalith|move: Protect
|
|-weather|Sandstorm|[upkeep]
|-damage|p2a: Silvally|59/100|[from] Sandstorm
|-heal|p1a: Gigalith|98/100|[from] item: Leftovers
|upkeep
|turn|8
|inactive|PULT4T2 Redemption has 120 seconds left.
|
|t:|1661302097
|switch|p1a: Scyther|Scyther, M|57/100
|move|p2a: Silvally|Multi-Attack|p1a: Scyther
|-resisted|p1a: Scyther
|-damage|p1a: Scyther|21/100
|
|-weather|none
|upkeep
|turn|9
|
|t:|1661302101
|move|p2a: Silvally|Multi-Attack|p1a: Scyther
|-resisted|p1a: Scyther
|-damage|p1a: Scyther|0 fnt
|faint|p1a: Scyther
|
|upkeep
|
|t:|1661302103
|switch|p1a: Persian|Persian-Alola, F|100/100
|turn|10
|
|t:|1661302133
|move|p2a: Silvally|Multi-Attack|p1a: Persian
|-damage|p1a: Persian|20/100
|move|p1a: Persian|Foul Play|p2a: Silvally
|-damage|p2a: Silvally|0 fnt
|faint|p2a: Silvally
|
|upkeep
|inactive|PULT4T2 Elfu has 120 seconds left.
|inactive|PULT4T2 Elfu has 90 seconds left.
|
|t:|1661302196
|switch|p2a: Scrafty|Scrafty, F|100/100
|turn|11
|inactive|PULT4T2 Elfu has 60 seconds left.
|
|t:|1661302217
|move|p1a: Persian|Parting Shot|p2a: Scrafty
|-unboost|p2a: Scrafty|atk|1
|-unboost|p2a: Scrafty|spa|1
|
|t:|1661302236
|switch|p1a: Jolteon|Jolteon, M|100/100|[from]move: Parting Shot
|move|p2a: Scrafty|Close Combat|p1a: Jolteon
|-damage|p1a: Jolteon|35/100
|-unboost|p2a: Scrafty|def|1
|-unboost|p2a: Scrafty|spd|1
|
|upkeep
|turn|12
|
|t:|1661302246
|switch|p2a: Lycanroc|Lycanroc, M|45/100
|move|p1a: Jolteon|Volt Switch|p2a: Lycanroc
|-damage|p2a: Lycanroc|0 fnt
|faint|p2a: Lycanroc
|
|t:|1661302254
|switch|p1a: Basculin|Basculin, M|100/100|[from]move: Volt Switch
|
|upkeep
|inactive|PULT4T2 Elfu has 60 seconds left.
|
|t:|1661302277
|switch|p2a: Doublade|Doublade, M|100/100
|turn|13
|inactive|PULT4T2 Elfu has 60 seconds left.
|
|t:|1661302294
|move|p1a: Basculin|Flip Turn|p2a: Doublade
|-damage|p2a: Doublade|76/100
|
|t:|1661302298
|switch|p1a: Eldegoss|Eldegoss, M|100/100|[from]move: Flip Turn
|move|p2a: Doublade|Close Combat|p1a: Eldegoss
|-damage|p1a: Eldegoss|69/100
|-unboost|p2a: Doublade|def|1
|-unboost|p2a: Doublade|spd|1
|
|upkeep
|turn|14
|
|t:|1661302306
|switch|p2a: Turtonator|Turtonator, M|100/100
|move|p1a: Eldegoss|Leech Seed|p2a: Turtonator|[miss]
|-miss|p1a: Eldegoss|p2a: Turtonator
|
|upkeep
|turn|15
|
|t:|1661302313
|switch|p1a: Gigalith|Gigalith, F|98/100
|-weather|Sandstorm|[from] ability: Sand Stream|[of] p1a: Gigalith
|move|p2a: Turtonator|Shell Smash|p2a: Turtonator
|-unboost|p2a: Turtonator|def|1
|-unboost|p2a: Turtonator|spd|1
|-boost|p2a: Turtonator|atk|2
|-boost|p2a: Turtonator|spa|2
|-boost|p2a: Turtonator|spe|2
|-enditem|p2a: Turtonator|White Herb
|-clearnegativeboost|p2a: Turtonator|[silent]
|
|-weather|Sandstorm|[upkeep]
|-damage|p2a: Turtonator|94/100|[from] Sandstorm
|-heal|p1a: Gigalith|100/100|[from] item: Leftovers
|upkeep
|turn|16
|
|t:|1661302322
|move|p1a: Gigalith|Protect|p1a: Gigalith
|-singleturn|p1a: Gigalith|Protect
|move|p2a: Turtonator|Focus Blast|p1a: Gigalith
|-activate|p1a: Gigalith|move: Protect
|
|-weather|Sandstorm|[upkeep]
|-damage|p2a: Turtonator|88/100|[from] Sandstorm
|upkeep
|turn|17
|
|t:|1661302331
|move|p2a: Turtonator|Focus Blast|p1a: Gigalith
|-supereffective|p1a: Gigalith
|-damage|p1a: Gigalith|32/100
|move|p1a: Gigalith|Rock Blast|p2a: Turtonator
|-supereffective|p2a: Turtonator
|-damage|p2a: Turtonator|65/100
|-supereffective|p2a: Turtonator
|-damage|p2a: Turtonator|40/100
|-supereffective|p2a: Turtonator
|-damage|p2a: Turtonator|19/100
|-hitcount|p2a: Turtonator|3
|
|-weather|Sandstorm|[upkeep]
|-damage|p2a: Turtonator|12/100|[from] Sandstorm
|-heal|p1a: Gigalith|38/100|[from] item: Leftovers
|upkeep
|turn|18
|
|t:|1661302342
|move|p1a: Gigalith|Protect|p1a: Gigalith
|-singleturn|p1a: Gigalith|Protect
|move|p2a: Turtonator|Draco Meteor|p1a: Gigalith
|-activate|p1a: Gigalith|move: Protect
|
|-weather|Sandstorm|[upkeep]
|-damage|p2a: Turtonator|6/100|[from] Sandstorm
|-heal|p1a: Gigalith|44/100|[from] item: Leftovers
|upkeep
|turn|19
|inactive|PULT4T2 Redemption has 120 seconds left.
|
|t:|1661302375
|switch|p1a: Persian|Persian-Alola, F|20/100
|move|p2a: Turtonator|Draco Meteor|p1a: Persian
|-damage|p1a: Persian|0 fnt
|-unboost|p2a: Turtonator|spa|2
|faint|p1a: Persian
|
|-weather|none
|upkeep
|inactive|PULT4T2 Redemption has 120 seconds left.
|
|t:|1661302383
|switch|p1a: Jolteon|Jolteon, M|35/100
|turn|20
|
|t:|1661302399
|move|p1a: Jolteon|Volt Switch|p2a: Turtonator
|-resisted|p2a: Turtonator
|-damage|p2a: Turtonator|0 fnt
|faint|p2a: Turtonator
|
|t:|1661302402
|switch|p1a: Basculin|Basculin, M|100/100|[from]move: Volt Switch
|
|upkeep
|
|t:|1661302411
|switch|p2a: Scrafty|Scrafty, F|100/100
|turn|21
|
|t:|1661302429
|move|p1a: Basculin|Superpower|p2a: Scrafty
|-supereffective|p2a: Scrafty
|-damage|p2a: Scrafty|0 fnt
|-unboost|p1a: Basculin|atk|1
|-unboost|p1a: Basculin|def|1
|faint|p2a: Scrafty
|
|upkeep
|
|t:|1661302433
|switch|p2a: Doublade|Doublade, M|76/100
|turn|22
|
|t:|1661302439
|switch|p1a: Eldegoss|Eldegoss, M|100/100
|switch|p2a: Aurorus|Aurorus, M|100/100
|-weather|Hail|[from] ability: Snow Warning|[of] p2a: Aurorus
|
|-weather|Hail|[upkeep]
|-damage|p1a: Eldegoss|94/100|[from] Hail
|upkeep
|turn|23
|
|t:|1661302459
|switch|p1a: Gigalith|Gigalith, F|44/100
|-weather|Sandstorm|[from] ability: Sand Stream|[of] p1a: Gigalith
|move|p2a: Aurorus|Rock Polish|p2a: Aurorus
|-boost|p2a: Aurorus|spe|2
|
|-weather|Sandstorm|[upkeep]
|-heal|p1a: Gigalith|50/100|[from] item: Leftovers
|upkeep
|turn|24
|
|t:|1661302468
|move|p2a: Aurorus|Meteor Beam||[still]
|-prepare|p2a: Aurorus|Meteor Beam
|-boost|p2a: Aurorus|spa|1
|-enditem|p2a: Aurorus|Power Herb
|-anim|p2a: Aurorus|Meteor Beam|p1a: Gigalith
|-damage|p1a: Gigalith|7/100
|move|p1a: Gigalith|Earthquake|p2a: Aurorus
|-supereffective|p2a: Aurorus
|-damage|p2a: Aurorus|29/100
|
|-weather|Sandstorm|[upkeep]
|-heal|p1a: Gigalith|13/100|[from] item: Leftovers
|upkeep
|turn|25
|
|t:|1661302480
|move|p2a: Aurorus|Earth Power|p1a: Gigalith
|-supereffective|p1a: Gigalith
|-damage|p1a: Gigalith|0 fnt
|faint|p1a: Gigalith
|
|-weather|Sandstorm|[upkeep]
|upkeep
|
|t:|1661302487
|switch|p1a: Basculin|Basculin, M|100/100
|turn|26
|
|t:|1661302496
|move|p1a: Basculin|Aqua Jet|p2a: Aurorus
|-supereffective|p2a: Aurorus
|-damage|p2a: Aurorus|0 fnt
|faint|p2a: Aurorus
|
|-weather|Sandstorm|[upkeep]
|-damage|p1a: Basculin|94/100|[from] Sandstorm
|upkeep
|
|t:|1661302506
|switch|p2a: Doublade|Doublade, M|76/100
|turn|27
|
|t:|1661302517
|switch|p1a: Jolteon|Jolteon, M|35/100
|move|p2a: Doublade|Swords Dance|p2a: Doublade
|-boost|p2a: Doublade|atk|2
|
|-weather|none
|upkeep
|turn|28
|
|t:|1661302530
|move|p2a: Doublade|Shadow Sneak|p1a: Jolteon
|-damage|p1a: Jolteon|0 fnt
|faint|p1a: Jolteon
|
|upkeep
|
|t:|1661302532
|switch|p1a: Eldegoss|Eldegoss, M|100/100
|turn|29
|
|t:|1661302545
|move|p1a: Eldegoss|Sleep Powder|p2a: Doublade
|-status|p2a: Doublade|slp|[from] move: Sleep Powder
|cant|p2a: Doublade|slp
|
|upkeep
|turn|30
|
|t:|1661302548
|move|p1a: Eldegoss|Leech Seed|p2a: Doublade
|-start|p2a: Doublade|move: Leech Seed
|cant|p2a: Doublade|slp
|
|-damage|p2a: Doublade|64/100 slp|[from] Leech Seed|[of] p1a: Eldegoss
|upkeep
|turn|31
|
|t:|1661302554
|move|p1a: Eldegoss|Giga Drain|p2a: Doublade
|-resisted|p2a: Doublade
|-damage|p2a: Doublade|50/100 slp
|-curestatus|p2a: Doublade|slp|[msg]
|move|p2a: Doublade|Shadow Claw|p1a: Eldegoss
|-damage|p1a: Eldegoss|39/100
|
|-damage|p2a: Doublade|38/100|[from] Leech Seed|[of] p1a: Eldegoss
|-heal|p1a: Eldegoss|51/100|[silent]
|upkeep
|turn|32
|
|t:|1661302569
|move|p2a: Doublade|Shadow Sneak|p1a: Eldegoss
|-damage|p1a: Eldegoss|18/100
|move|p1a: Eldegoss|Giga Drain|p2a: Doublade
|-resisted|p2a: Doublade
|-damage|p2a: Doublade|25/100
|-heal|p1a: Eldegoss|25/100|[from] drain|[of] p2a: Doublade
|
|-damage|p2a: Doublade|12/100|[from] Leech Seed|[of] p1a: Eldegoss
|-heal|p1a: Eldegoss|37/100|[silent]
|upkeep
|turn|33
|
|t:|1661302580
|move|p2a: Doublade|Shadow Sneak|p1a: Eldegoss
|-damage|p1a: Eldegoss|4/100
|move|p1a: Eldegoss|Giga Drain|p2a: Doublade
|-resisted|p2a: Doublade
|-crit|p2a: Doublade
|-damage|p2a: Doublade|0 fnt
|-heal|p1a: Eldegoss|9/100|[from] drain|[of] p2a: Doublade
|faint|p2a: Doublade
|
|win|PULT4T2 Redemption
|raw|PULT4T2 Redemption's rating: 1338 &rarr; <strong>1362</strong><br />(+24 for winning)
|raw|PULT4T2 Elfu's rating: 1405 &rarr; <strong>1381</strong><br />(-24 for losing)
|c|☆PULT4T2 Elfu|gg Red
|c|☆PULT4T2 Redemption|gg
|l|☆PULT4T2 Redemption
