|j|☆allejo 07
|j|☆kuroganekuro
|t:|1633384697
|gametype|singles
|player|p1|allejo 07|veteran|1111
|player|p2|kuroganekuro|266|1084
|teamsize|p1|6
|teamsize|p2|6
|gen|8
|tier|[Gen 8] PU
|rated|
|rule|Sleep Clause Mod: Limit one foe put to sleep
|rule|Species Clause: Limit one of each Pokémon
|rule|OHKO Clause: OHKO moves are banned
|rule|Evasion Moves Clause: Evasion moves are banned
|rule|Endless Battle Clause: Forcing endless battles is banned
|rule|HP Percentage Mod: HP is shown in percentages
|rule|Dynamax Clause: You cannot dynamax
|clearpoke
|poke|p1|Uxie|
|poke|p1|Ludicolo, F|
|poke|p1|Golduck, M|
|poke|p1|Meowstic, M|
|poke|p1|Kabutops, F|
|poke|p1|Qwilfish, M|
|poke|p2|Aromatisse, F|
|poke|p2|Jellicent, M|
|poke|p2|Cursola, F|
|poke|p2|Mesprit|
|poke|p2|Aggron, F|
|poke|p2|Hitmonlee, M|
|teampreview
|inactive|Battle timer is ON: inactive players will automatically lose when time's up. (requested by kuroganekuro)
|
|t:|1633384734
|start
|switch|p1a: Uxie|Uxie|100/100
|switch|p2a: Mesprit|Mesprit|100/100
|turn|1
|inactive|kuroganekuro has 120 seconds left.
|
|t:|1633384765
|move|p1a: Uxie|Stealth Rock|p2a: Mesprit
|-sidestart|p2: kuroganekuro|move: Stealth Rock
|move|p2a: Mesprit|Trick Room|p2a: Mesprit
|-fieldstart|move: Trick Room|[of] p2a: Mesprit
|
|upkeep
|turn|2
|
|t:|1633384773
|move|p2a: Mesprit|U-turn|p1a: Uxie
|-supereffective|p1a: Uxie
|-damage|p1a: Uxie|80/100
|
|t:|1633384783
|switch|p2a: Cursola|Cursola, F|100/100|[from]move: U-turn
|-damage|p2a: Cursola|88/100|[from] Stealth Rock
|move|p1a: Uxie|Rain Dance|p1a: Uxie
|-weather|RainDance
|
|-weather|RainDance|[upkeep]
|upkeep
|turn|3
|
|t:|1633384796
|move|p2a: Cursola|Meteor Beam||[still]
|-prepare|p2a: Cursola|Meteor Beam
|-boost|p2a: Cursola|spa|1
|-enditem|p2a: Cursola|Power Herb
|-anim|p2a: Cursola|Meteor Beam|p1a: Uxie
|-damage|p1a: Uxie|20/100
|move|p1a: Uxie|U-turn|p2a: Cursola
|-resisted|p2a: Cursola
|-damage|p2a: Cursola|76/100
|-ability|p2a: Cursola|Weak Armor|boost
|-unboost|p2a: Cursola|def|1
|-boost|p2a: Cursola|spe|2
|
|t:|1633384820
|switch|p1a: Ludicolo|Ludicolo, F|100/100|[from]move: U-turn
|
|-weather|RainDance|[upkeep]
|upkeep
|turn|4
|
|t:|1633384827
|switch|p1a: Uxie|Uxie|20/100
|move|p2a: Cursola|Shadow Ball|p1a: Uxie
|-supereffective|p1a: Uxie
|-damage|p1a: Uxie|0 fnt
|faint|p1a: Uxie
|
|-weather|RainDance|[upkeep]
|upkeep
|
|t:|1633384842
|switch|p1a: Qwilfish|Qwilfish, M|100/100
|turn|5
|
|t:|1633384850
|move|p2a: Cursola|Shadow Ball|p1a: Qwilfish
|-damage|p1a: Qwilfish|0 fnt
|faint|p1a: Qwilfish
|
|-weather|RainDance|[upkeep]
|-fieldend|move: Trick Room
|upkeep
|
|t:|1633384858
|switch|p1a: Ludicolo|Ludicolo, F|100/100
|turn|6
|
|t:|1633384862
|move|p1a: Ludicolo|Weather Ball|p2a: Cursola
|-damage|p2a: Cursola|0 fnt
|faint|p2a: Cursola
|-damage|p1a: Ludicolo|91/100|[from] item: Life Orb
|
|-weather|RainDance|[upkeep]
|upkeep
|
|t:|1633384872
|switch|p2a: Mesprit|Mesprit|100/100
|-damage|p2a: Mesprit|88/100|[from] Stealth Rock
|turn|7
|
|t:|1633384877
|move|p1a: Ludicolo|Weather Ball|p2a: Mesprit
|-damage|p2a: Mesprit|10/100
|-damage|p1a: Ludicolo|81/100|[from] item: Life Orb
|move|p2a: Mesprit|Trick Room|p2a: Mesprit
|-fieldstart|move: Trick Room|[of] p2a: Mesprit
|
|-weather|RainDance|[upkeep]
|upkeep
|turn|8
|
|t:|1633384891
|move|p2a: Mesprit|Stealth Rock|p1a: Ludicolo
|-sidestart|p1: allejo 07|move: Stealth Rock
|move|p1a: Ludicolo|Giga Drain|p2a: Mesprit
|-damage|p2a: Mesprit|0 fnt
|-heal|p1a: Ludicolo|86/100|[from] drain|[of] p2a: Mesprit
|faint|p2a: Mesprit
|-damage|p1a: Ludicolo|76/100|[from] item: Life Orb
|
|-weather|RainDance|[upkeep]
|upkeep
|
|t:|1633384915
|switch|p2a: Aggron|Aggron, F|100/100
|-damage|p2a: Aggron|94/100|[from] Stealth Rock
|turn|9
|
|t:|1633384921
|switch|p1a: Golduck|Golduck, M|100/100
|-damage|p1a: Golduck|88/100|[from] Stealth Rock
|move|p2a: Aggron|Heavy Slam|p1a: Golduck
|-resisted|p1a: Golduck
|-damage|p1a: Golduck|35/100
|-damage|p2a: Aggron|85/100|[from] item: Life Orb
|
|-weather|none
|upkeep
|turn|10
|
|t:|1633384934
|switch|p1a: Meowstic|Meowstic, M|100/100
|-damage|p1a: Meowstic|88/100|[from] Stealth Rock
|move|p2a: Aggron|Heavy Slam|p1a: Meowstic
|-damage|p1a: Meowstic|24/100
|-damage|p2a: Aggron|75/100|[from] item: Life Orb
|
|upkeep
|turn|11
|
|t:|1633384943
|move|p1a: Meowstic|Reflect|p1a: Meowstic
|-sidestart|p1: allejo 07|Reflect
|move|p2a: Aggron|Heavy Slam|p1a: Meowstic
|-damage|p1a: Meowstic|0 fnt
|faint|p1a: Meowstic
|-damage|p2a: Aggron|65/100|[from] item: Life Orb
|
|-fieldend|move: Trick Room
|upkeep
|
|t:|1633384950
|switch|p1a: Ludicolo|Ludicolo, F|76/100
|-damage|p1a: Ludicolo|63/100|[from] Stealth Rock
|turn|12
|
|t:|1633384954
|switch|p2a: Jellicent|Jellicent, M|100/100
|-damage|p2a: Jellicent|88/100|[from] Stealth Rock
|move|p1a: Ludicolo|Rain Dance|p1a: Ludicolo
|-weather|RainDance
|
|-weather|RainDance|[upkeep]
|upkeep
|turn|13
|
|t:|1633384963
|move|p1a: Ludicolo|Giga Drain|p2a: Jellicent
|-supereffective|p2a: Jellicent
|-damage|p2a: Jellicent|11/100
|-heal|p1a: Ludicolo|100/100|[from] drain|[of] p2a: Jellicent
|-damage|p1a: Ludicolo|91/100|[from] item: Life Orb
|move|p2a: Jellicent|Trick Room|p2a: Jellicent
|-fieldstart|move: Trick Room|[of] p2a: Jellicent
|
|-weather|RainDance|[upkeep]
|upkeep
|turn|14
|
|t:|1633384971
|move|p2a: Jellicent|Shadow Ball|p1a: Ludicolo
|-damage|p1a: Ludicolo|54/100
|move|p1a: Ludicolo|Giga Drain|p2a: Jellicent
|-supereffective|p2a: Jellicent
|-damage|p2a: Jellicent|0 fnt
|-heal|p1a: Ludicolo|61/100|[from] drain|[of] p2a: Jellicent
|faint|p2a: Jellicent
|-damage|p1a: Ludicolo|51/100|[from] item: Life Orb
|
|-weather|RainDance|[upkeep]
|upkeep
|
|t:|1633384980
|switch|p2a: Aromatisse|Aromatisse, F|100/100
|-damage|p2a: Aromatisse|88/100|[from] Stealth Rock
|turn|15
|
|t:|1633384988
|move|p2a: Aromatisse|Moonblast|p1a: Ludicolo
|-damage|p1a: Ludicolo|3/100
|-unboost|p1a: Ludicolo|spa|1
|move|p1a: Ludicolo|Weather Ball|p2a: Aromatisse
|-damage|p2a: Aromatisse|21/100
|-enditem|p2a: Aromatisse|Aguav Berry|[eat]
|-heal|p2a: Aromatisse|54/100|[from] item: Aguav Berry
|-damage|p1a: Ludicolo|0 fnt|[from] item: Life Orb
|faint|p1a: Ludicolo
|
|-weather|RainDance|[upkeep]
|-sideend|p1: allejo 07|Reflect
|upkeep
|
|t:|1633385006
|switch|p1a: Kabutops|Kabutops, F|100/100
|-damage|p1a: Kabutops|88/100|[from] Stealth Rock
|turn|16
|
|t:|1633385011
|move|p2a: Aromatisse|Moonblast|p1a: Kabutops
|-damage|p1a: Kabutops|4/100
|move|p1a: Kabutops|Swords Dance|p1a: Kabutops
|-boost|p1a: Kabutops|atk|2
|
|-weather|none
|upkeep
|turn|17
|
|t:|1633385019
|move|p1a: Kabutops|Aqua Jet|p2a: Aromatisse
|-damage|p2a: Aromatisse|0 fnt
|faint|p2a: Aromatisse
|-damage|p1a: Kabutops|0 fnt|[from] item: Life Orb
|faint|p1a: Kabutops
|
|-fieldend|move: Trick Room
|upkeep
|
|t:|1633385027
|switch|p1a: Golduck|Golduck, M|35/100
|switch|p2a: Hitmonlee|Hitmonlee, M|100/100
|-damage|p2a: Hitmonlee|94/100|[from] Stealth Rock
|-damage|p1a: Golduck|22/100|[from] Stealth Rock
|turn|18
|
|t:|1633385035
|move|p2a: Hitmonlee|Close Combat|p1a: Golduck
|-damage|p1a: Golduck|0 fnt
|-unboost|p2a: Hitmonlee|def|1
|-unboost|p2a: Hitmonlee|spd|1
|-enditem|p2a: Hitmonlee|White Herb
|-clearnegativeboost|p2a: Hitmonlee|[silent]
|faint|p1a: Golduck
|
|win|kuroganekuro
|raw|allejo 07's rating: 1111 &rarr; <strong>1084</strong><br />(-27 for losing)
|raw|kuroganekuro's rating: 1084 &rarr; <strong>1114</strong><br />(+30 for winning)
|l|☆allejo 07
||Ladder isn't responding, score probably updated but might not have (Request timeout).
