|raw|<div class="broadcast-blue"><strong>This battle is required to be public due to a player having a name starting with 'pult94d'.</div>
|j|☆PULT94D TTyL
|j|☆pult94d Copperius
|t:|1628630409
|gametype|singles
|player|p1|PULT94D TTyL|iris-gen5bw2|1311
|player|p2|pult94d Copperius|rocketgrunt|1513
|teamsize|p1|6
|teamsize|p2|6
|gen|8
|tier|[Gen 8] PU
|rated|
|rule|Sleep Clause Mod: Limit one foe put to sleep
|rule|Species Clause: Limit one of each Pokémon
|rule|OHKO Clause: OHKO moves are banned
|rule|Evasion Moves Clause: Evasion moves are banned
|rule|Endless Battle Clause: Forcing endless battles is banned
|rule|HP Percentage Mod: HP is shown in percentages
|rule|Dynamax Clause: You cannot dynamax
|clearpoke
|poke|p1|Sneasel, F|
|poke|p1|Ribombee, F|
|poke|p1|Rotom|
|poke|p1|Stunfisk-Galar, M|
|poke|p1|Wishiwashi, M|
|poke|p1|Weezing, F|
|poke|p2|Audino, F|
|poke|p2|Aromatisse, F|
|poke|p2|Silvally-*|
|poke|p2|Quagsire, F|
|poke|p2|Corsola-Galar, F|
|poke|p2|Articuno|
|teampreview
|
|t:|1628630426
|start
|switch|p1a: Never Fight|Weezing, F|100/100
|switch|p2a: Silvally|Silvally-Steel|100/100
|-ability|p1a: Never Fight|Neutralizing Gas
|turn|1
|c|☆pult94d Copperius|glhf
|c|☆PULT94D TTyL|u2
|
|t:|1628630437
|move|p2a: Silvally|Parting Shot|p1a: Never Fight
|-unboost|p1a: Never Fight|atk|1
|-unboost|p1a: Never Fight|spa|1
|
|t:|1628630444
|switch|p2a: Corsola|Corsola-Galar, F|100/100|[from]move: Parting Shot
|move|p1a: Never Fight|Toxic Spikes|p2a: Corsola
|-sidestart|p2: pult94d Copperius|move: Toxic Spikes
|
|upkeep
|turn|2
|
|t:|1628630449
|-end|p1a: Never Fight|ability: Neutralizing Gas
|switch|p1a: Bite|Rotom|100/100
|move|p2a: Corsola|Stealth Rock|p1a: Bite
|-sidestart|p1: PULT94D TTyL|move: Stealth Rock
|
|upkeep
|turn|3
|
|t:|1628630463
|move|p1a: Bite|Volt Switch|p2a: Corsola
|-damage|p2a: Corsola|80/100
|
|t:|1628630467
|switch|p1a: Dancing|Ribombee, F|100/100|[from]move: Volt Switch
|move|p2a: Corsola|Will-O-Wisp|p1a: Dancing
|-status|p1a: Dancing|brn
|
|-damage|p1a: Dancing|94/100 brn|[from] brn
|upkeep
|turn|4
|
|t:|1628630475
|switch|p2a: Silvally|Silvally-Steel|100/100
|move|p1a: Dancing|Moonblast|p2a: Silvally
|-resisted|p2a: Silvally
|-damage|p2a: Silvally|84/100
|
|-damage|p1a: Dancing|88/100 brn|[from] brn
|upkeep
|turn|5
|
|t:|1628630486
|move|p1a: Dancing|U-turn|p2a: Silvally
|-resisted|p2a: Silvally
|-damage|p2a: Silvally|81/100
|
|t:|1628630490
|switch|p1a: Moonlight|Stunfisk-Galar, M|100/100|[from]move: U-turn
|-damage|p1a: Moonlight|97/100|[from] Stealth Rock
|move|p2a: Silvally|Parting Shot|p1a: Moonlight
|-unboost|p1a: Moonlight|atk|1
|-unboost|p1a: Moonlight|spa|1
|
|t:|1628630497
|switch|p2a: Articuno|Articuno|100/100|[from]move: Parting Shot
|-ability|p2a: Articuno|Pressure
|
|-heal|p1a: Moonlight|100/100|[from] item: Leftovers
|upkeep
|turn|6
|
|t:|1628630502
|move|p2a: Articuno|Defog|p1a: Moonlight
|-unboost|p1a: Moonlight|evasion|1
|-sideend|p1: PULT94D TTyL|Stealth Rock|[from] move: Defog|[of] p2a: Articuno
|-sideend|p2: pult94d Copperius|Toxic Spikes|[from] move: Defog|[of] p2a: Articuno
|move|p1a: Moonlight|Rock Slide|p2a: Articuno
|-supereffective|p2a: Articuno
|-damage|p2a: Articuno|67/100
|
|upkeep
|turn|7
|
|t:|1628630522
|switch|p2a: Quagsire|Quagsire, F|100/100
|move|p1a: Moonlight|Stealth Rock|p2a: Quagsire
|-sidestart|p2: pult94d Copperius|move: Stealth Rock
|
|upkeep
|turn|8
|
|t:|1628630529
|switch|p1a: Everybody|Wishiwashi, M|100/100
|-formechange|p1a: Everybody|Wishiwashi-School||[from] ability: Schooling
|move|p2a: Quagsire|Toxic|p1a: Everybody
|-status|p1a: Everybody|tox
|
|-damage|p1a: Everybody|94/100 tox|[from] psn
|upkeep
|turn|9
|
|t:|1628630533
|switch|p2a: Audino|Audino, F|100/100
|move|p1a: Everybody|U-turn|p2a: Audino
|-crit|p2a: Audino
|-damage|p2a: Audino|69/100
|
|t:|1628630536
|switch|p1a: Bark|Sneasel, F|100/100|[from]move: U-turn
|
|upkeep
|turn|10
|
|t:|1628630542
|move|p2a: Audino|Protect|p2a: Audino
|-singleturn|p2a: Audino|Protect
|move|p1a: Bark|Knock Off|p2a: Audino
|-activate|p2a: Audino|move: Protect
|
|upkeep
|turn|11
|
|t:|1628630548
|switch|p2a: Aromatisse|Aromatisse, F|100/100
|-damage|p2a: Aromatisse|88/100|[from] Stealth Rock
|move|p1a: Bark|Knock Off|p2a: Aromatisse
|-resisted|p2a: Aromatisse
|-damage|p2a: Aromatisse|65/100
|-enditem|p2a: Aromatisse|Chesto Berry|[from] move: Knock Off|[of] p1a: Bark
|
|upkeep
|turn|12
|inactive|Battle timer is ON: inactive players will automatically lose when time's up. (requested by PULT94D TTyL)
|
|t:|1628630570
|switch|p1a: Never Fight|Weezing, F|100/100
|-ability|p1a: Never Fight|Neutralizing Gas
|move|p2a: Aromatisse|Moonblast|p1a: Never Fight
|-resisted|p1a: Never Fight
|-damage|p1a: Never Fight|78/100
|-unboost|p1a: Never Fight|spa|1
|
|upkeep
|turn|13
|
|t:|1628630594
|switch|p2a: Articuno|Articuno|67/100
|move|p1a: Never Fight|Toxic Spikes|p2a: Articuno
|-sidestart|p2: pult94d Copperius|move: Toxic Spikes
|
|upkeep
|turn|14
|
|t:|1628630599
|move|p2a: Articuno|Defog|p1a: Never Fight
|-unboost|p1a: Never Fight|evasion|1
|-sideend|p2: pult94d Copperius|Toxic Spikes|[from] move: Defog|[of] p2a: Articuno
|-sideend|p2: pult94d Copperius|Stealth Rock|[from] move: Defog|[of] p2a: Articuno
|move|p1a: Never Fight|Will-O-Wisp|p2a: Articuno
|-status|p2a: Articuno|brn
|
|-damage|p2a: Articuno|61/100 brn|[from] brn
|upkeep
|turn|15
|
|t:|1628630603
|move|p2a: Articuno|Roost|p2a: Articuno
|-heal|p2a: Articuno|100/100 brn
|-singleturn|p2a: Articuno|move: Roost
|move|p1a: Never Fight|Toxic Spikes|p2a: Articuno
|-sidestart|p2: pult94d Copperius|move: Toxic Spikes
|
|-damage|p2a: Articuno|94/100 brn|[from] brn
|upkeep
|turn|16
|
|t:|1628630610
|-end|p1a: Never Fight|ability: Neutralizing Gas
|-ability|p2a: Articuno|Pressure
|switch|p1a: Moonlight|Stunfisk-Galar, M|100/100
|move|p2a: Articuno|Defog|p1a: Moonlight
|-unboost|p1a: Moonlight|evasion|1
|-sideend|p2: pult94d Copperius|Toxic Spikes|[from] move: Defog|[of] p2a: Articuno
|
|-damage|p2a: Articuno|88/100 brn|[from] brn
|upkeep
|turn|17
|
|t:|1628630616
|switch|p2a: Corsola|Corsola-Galar, F|80/100
|move|p1a: Moonlight|Stealth Rock|p2a: Corsola
|-sidestart|p2: pult94d Copperius|move: Stealth Rock
|
|upkeep
|turn|18
|
|t:|1628630621
|switch|p1a: Dancing|Ribombee, F|88/100 brn
|move|p2a: Corsola|Stealth Rock|p1a: Dancing
|-sidestart|p1: PULT94D TTyL|move: Stealth Rock
|
|-damage|p1a: Dancing|82/100 brn|[from] brn
|upkeep
|turn|19
|
|t:|1628630629
|switch|p2a: Audino|Audino, F|100/100
|move|p1a: Dancing|Quiver Dance|p1a: Dancing
|-boost|p1a: Dancing|spa|1
|-boost|p1a: Dancing|spd|1
|-boost|p1a: Dancing|spe|1
|
|-damage|p1a: Dancing|76/100 brn|[from] brn
|upkeep
|turn|20
|
|t:|1628630640
|move|p1a: Dancing|Moonblast|p2a: Audino
|-damage|p2a: Audino|59/100
|-unboost|p2a: Audino|spa|1
|move|p2a: Audino|Knock Off|p1a: Dancing
|-resisted|p1a: Dancing
|-damage|p1a: Dancing|61/100 brn
|-enditem|p1a: Dancing|Heavy-Duty Boots|[from] move: Knock Off|[of] p2a: Audino
|
|-damage|p1a: Dancing|55/100 brn|[from] brn
|upkeep
|turn|21
|
|t:|1628630647
|move|p1a: Dancing|Moonblast|p2a: Audino
|-damage|p2a: Audino|20/100
|move|p2a: Audino|Wish|p2a: Audino
|
|-damage|p1a: Dancing|49/100 brn|[from] brn
|upkeep
|turn|22
|
|t:|1628630656
|switch|p2a: Silvally|Silvally-Steel|81/100
|-damage|p2a: Silvally|75/100|[from] Stealth Rock
|move|p1a: Dancing|Roost|p1a: Dancing
|-heal|p1a: Dancing|99/100 brn
|-singleturn|p1a: Dancing|move: Roost
|
|-heal|p2a: Silvally|100/100|[from] move: Wish|[wisher] Audino
|-damage|p1a: Dancing|93/100 brn|[from] brn
|upkeep
|turn|23
|
|t:|1628630669
|move|p1a: Dancing|U-turn|p2a: Silvally
|-resisted|p2a: Silvally
|-damage|p2a: Silvally|97/100
|
|t:|1628630671
|switch|p1a: Never Fight|Weezing, F|78/100|[from]move: U-turn
|-ability|p1a: Never Fight|Neutralizing Gas
|-damage|p1a: Never Fight|66/100|[from] Stealth Rock
|move|p2a: Silvally|Flamethrower|p1a: Never Fight
|-damage|p1a: Never Fight|40/100
|
|upkeep
|turn|24
|
|t:|1628630676
|move|p2a: Silvally|Multi-Attack|p1a: Never Fight
|-damage|p1a: Never Fight|12/100
|-damage|p2a: Silvally|81/100|[from] item: Rocky Helmet|[of] p1a: Never Fight
|move|p1a: Never Fight|Pain Split|p2a: Silvally
|-sethp|p2a: Silvally|45/100|[from] move: Pain Split|[silent]
|-sethp|p1a: Never Fight|53/100|[from] move: Pain Split
|
|upkeep
|turn|25
|
|t:|1628630683
|move|p2a: Silvally|Parting Shot|p1a: Never Fight
|-unboost|p1a: Never Fight|atk|1
|-unboost|p1a: Never Fight|spa|1
|
|t:|1628630689
|switch|p2a: Audino|Audino, F|53/100|[from]move: Parting Shot
|move|p1a: Never Fight|Toxic Spikes|p2a: Audino
|-sidestart|p2: pult94d Copperius|move: Toxic Spikes
|
|upkeep
|turn|26
|
|t:|1628630694
|move|p1a: Never Fight|Sludge Bomb|p2a: Audino
|-damage|p2a: Audino|42/100
|move|p2a: Audino|Wish|p2a: Audino
|
|upkeep
|turn|27
|
|t:|1628630701
|-end|p1a: Never Fight|ability: Neutralizing Gas
|switch|p1a: Dancing|Ribombee, F|93/100 brn
|-damage|p1a: Dancing|68/100 brn|[from] Stealth Rock
|switch|p2a: Silvally|Silvally-Steel|45/100
|-damage|p2a: Silvally|39/100|[from] Stealth Rock
|
|-heal|p2a: Silvally|91/100|[from] move: Wish|[wisher] Audino
|-damage|p1a: Dancing|62/100 brn|[from] brn
|upkeep
|turn|28
|
|t:|1628630714
|move|p1a: Dancing|U-turn|p2a: Silvally
|-resisted|p2a: Silvally
|-damage|p2a: Silvally|89/100
|
|t:|1628630717
|switch|p1a: Bite|Rotom|100/100|[from]move: U-turn
|-damage|p1a: Bite|88/100|[from] Stealth Rock
|move|p2a: Silvally|Multi-Attack|p1a: Bite
|-resisted|p1a: Bite
|-damage|p1a: Bite|55/100
|
|upkeep
|turn|29
|
|t:|1628630741
|move|p1a: Bite|Will-O-Wisp|p2a: Silvally
|-status|p2a: Silvally|brn
|move|p2a: Silvally|Toxic|p1a: Bite
|-status|p1a: Bite|tox
|
|-damage|p1a: Bite|49/100 tox|[from] psn
|-damage|p2a: Silvally|82/100 brn|[from] brn
|upkeep
|turn|30
|
|t:|1628630746
|move|p1a: Bite|Volt Switch|p2a: Silvally
|-damage|p2a: Silvally|59/100 brn
|
|t:|1628630750
|switch|p1a: Everybody|Wishiwashi, M|94/100 tox|[from]move: Volt Switch
|-damage|p1a: Everybody|82/100 tox|[from] Stealth Rock
|-formechange|p1a: Everybody|Wishiwashi-School||[from] ability: Schooling
|move|p2a: Silvally|Parting Shot|p1a: Everybody
|-unboost|p1a: Everybody|atk|1
|-unboost|p1a: Everybody|spa|1
|
|t:|1628630753
|switch|p2a: Audino|Audino, F|75/100|[from]move: Parting Shot
|
|-heal|p1a: Everybody|88/100 tox|[from] item: Leftovers
|-damage|p1a: Everybody|82/100 tox|[from] psn
|upkeep
|turn|31
|
|t:|1628630759
|move|p2a: Audino|Heal Bell|p2a: Audino
|-activate|p2a: Audino|move: Heal Bell
|-curestatus|p2: Articuno|brn|[msg]
|-curestatus|p2: Silvally|brn|[msg]
|move|p1a: Everybody|U-turn|p2a: Audino
|-damage|p2a: Audino|61/100
|
|t:|1628630763
|switch|p1a: Bark|Sneasel, F|100/100|[from]move: U-turn
|-damage|p1a: Bark|76/100|[from] Stealth Rock
|
|upkeep
|turn|32
|
|t:|1628630768
|move|p2a: Audino|Protect|p2a: Audino
|-singleturn|p2a: Audino|Protect
|move|p1a: Bark|Triple Axel|p2a: Audino
|-activate|p2a: Audino|move: Protect
|
|upkeep
|turn|33
|
|t:|1628630775
|switch|p2a: Corsola|Corsola-Galar, F|80/100
|-status|p2a: Corsola|psn
|-damage|p2a: Corsola|67/100 psn|[from] Stealth Rock
|move|p1a: Bark|Triple Axel|p2a: Corsola
|-damage|p2a: Corsola|61/100 psn
|-crit|p2a: Corsola
|-damage|p2a: Corsola|42/100 psn
|-damage|p2a: Corsola|24/100 psn
|-hitcount|p2a: Corsola|3
|
|-damage|p2a: Corsola|12/100 psn|[from] psn
|upkeep
|turn|34
|
|t:|1628630788
|move|p1a: Bark|Triple Axel|p2a: Corsola
|-damage|p2a: Corsola|6/100 psn
|-damage|p2a: Corsola|0 fnt
|faint|p2a: Corsola
|-hitcount|p2: Corsola|2
|
|upkeep
|
|t:|1628630790
|switch|p2a: Silvally|Silvally-Steel|59/100
|-damage|p2a: Silvally|53/100|[from] Stealth Rock
|turn|35
|
|t:|1628630794
|switch|p1a: Moonlight|Stunfisk-Galar, M|100/100
|-damage|p1a: Moonlight|97/100|[from] Stealth Rock
|move|p2a: Silvally|Multi-Attack|p1a: Moonlight
|-resisted|p1a: Moonlight
|-damage|p1a: Moonlight|81/100
|
|-heal|p1a: Moonlight|87/100|[from] item: Leftovers
|upkeep
|turn|36
|
|t:|1628630804
|move|p2a: Silvally|Parting Shot|p1a: Moonlight
|-unboost|p1a: Moonlight|atk|1
|-unboost|p1a: Moonlight|spa|1
|
|t:|1628630811
|switch|p2a: Articuno|Articuno|88/100|[from]move: Parting Shot
|-ability|p2a: Articuno|Pressure
|move|p1a: Moonlight|Rock Slide|p2a: Articuno
|-supereffective|p2a: Articuno
|-damage|p2a: Articuno|52/100
|
|-heal|p1a: Moonlight|93/100|[from] item: Leftovers
|upkeep
|turn|37
|
|t:|1628630820
|move|p2a: Articuno|Roost|p2a: Articuno
|-heal|p2a: Articuno|100/100
|-singleturn|p2a: Articuno|move: Roost
|move|p1a: Moonlight|Rock Slide|p2a: Articuno
|-supereffective|p2a: Articuno
|-damage|p2a: Articuno|83/100
|
|-heal|p1a: Moonlight|99/100|[from] item: Leftovers
|upkeep
|turn|38
|
|t:|1628630829
|move|p2a: Articuno|Defog|p1a: Moonlight
|-unboost|p1a: Moonlight|evasion|1
|-sideend|p1: PULT94D TTyL|Stealth Rock|[from] move: Defog|[of] p2a: Articuno
|-sideend|p2: pult94d Copperius|Toxic Spikes|[from] move: Defog|[of] p2a: Articuno
|-sideend|p2: pult94d Copperius|Stealth Rock|[from] move: Defog|[of] p2a: Articuno
|move|p1a: Moonlight|Earthquake|p2a: Articuno
|-immune|p2a: Articuno
|
|-heal|p1a: Moonlight|100/100|[from] item: Leftovers
|upkeep
|turn|39
|
|t:|1628630840
|switch|p2a: Audino|Audino, F|94/100
|move|p1a: Moonlight|Stealth Rock|p2a: Audino
|-sidestart|p2: pult94d Copperius|move: Stealth Rock
|
|upkeep
|turn|40
|
|t:|1628630852
|switch|p1a: Never Fight|Weezing, F|53/100
|-ability|p1a: Never Fight|Neutralizing Gas
|move|p2a: Audino|Knock Off|p1a: Never Fight
|-damage|p1a: Never Fight|45/100
|-damage|p2a: Audino|78/100|[from] item: Rocky Helmet|[of] p1a: Never Fight
|-enditem|p1a: Never Fight|Rocky Helmet|[from] move: Knock Off|[of] p2a: Audino
|
|upkeep
|turn|41
|
|t:|1628630860
|move|p1a: Never Fight|Will-O-Wisp|p2a: Audino
|-status|p2a: Audino|brn
|move|p2a: Audino|Wish|p2a: Audino
|
|-damage|p2a: Audino|71/100 brn|[from] brn
|upkeep
|turn|42
|
|t:|1628630879
|switch|p2a: Silvally|Silvally-Steel|53/100
|-damage|p2a: Silvally|46/100|[from] Stealth Rock
|move|p1a: Never Fight|Toxic Spikes|p2a: Silvally
|-sidestart|p2: pult94d Copperius|move: Toxic Spikes
|
|-heal|p2a: Silvally|98/100|[from] move: Wish|[wisher] Audino
|upkeep
|turn|43
|
|t:|1628630892
|move|p2a: Silvally|Multi-Attack|p1a: Never Fight
|-damage|p1a: Never Fight|17/100
|move|p1a: Never Fight|Pain Split|p2a: Silvally
|-sethp|p2a: Silvally|56/100|[from] move: Pain Split|[silent]
|-sethp|p1a: Never Fight|66/100|[from] move: Pain Split
|
|upkeep
|turn|44
|j| Sceptinators
|
|t:|1628630901
|move|p2a: Silvally|Parting Shot|p1a: Never Fight
|-unboost|p1a: Never Fight|atk|1
|-unboost|p1a: Never Fight|spa|1
|
|t:|1628630904
|switch|p2a: Articuno|Articuno|83/100|[from]move: Parting Shot
|move|p1a: Never Fight|Toxic Spikes|p2a: Articuno
|-sidestart|p2: pult94d Copperius|move: Toxic Spikes
|
|upkeep
|turn|45
|
|t:|1628630910
|move|p2a: Articuno|Defog|p1a: Never Fight
|-unboost|p1a: Never Fight|evasion|1
|-sideend|p2: pult94d Copperius|Toxic Spikes|[from] move: Defog|[of] p2a: Articuno
|-sideend|p2: pult94d Copperius|Stealth Rock|[from] move: Defog|[of] p2a: Articuno
|move|p1a: Never Fight|Will-O-Wisp|p2a: Articuno
|-status|p2a: Articuno|brn
|
|-damage|p2a: Articuno|77/100 brn|[from] brn
|upkeep
|turn|46
|j| turtledoggo1
|
|t:|1628630925
|move|p2a: Articuno|Toxic|p1a: Never Fight
|-immune|p1a: Never Fight
|move|p1a: Never Fight|Pain Split|p2a: Articuno
|-sethp|p2a: Articuno|67/100 brn|[from] move: Pain Split|[silent]
|-sethp|p1a: Never Fight|77/100|[from] move: Pain Split
|
|-damage|p2a: Articuno|61/100 brn|[from] brn
|upkeep
|turn|47
|
|t:|1628630935
|move|p2a: Articuno|Roost|p2a: Articuno
|-heal|p2a: Articuno|100/100 brn
|-singleturn|p2a: Articuno|move: Roost
|move|p1a: Never Fight|Toxic Spikes|p2a: Articuno
|-sidestart|p2: pult94d Copperius|move: Toxic Spikes
|
|-damage|p2a: Articuno|94/100 brn|[from] brn
|upkeep
|turn|48
|
|t:|1628630938
|-end|p1a: Never Fight|ability: Neutralizing Gas
|-ability|p2a: Articuno|Pressure
|switch|p1a: Moonlight|Stunfisk-Galar, M|100/100
|move|p2a: Articuno|Defog|p1a: Moonlight
|-unboost|p1a: Moonlight|evasion|1
|-sideend|p2: pult94d Copperius|Toxic Spikes|[from] move: Defog|[of] p2a: Articuno
|
|-damage|p2a: Articuno|88/100 brn|[from] brn
|upkeep
|turn|49
|
|t:|1628630947
|switch|p2a: Quagsire|Quagsire, F|100/100
|move|p1a: Moonlight|Stealth Rock|p2a: Quagsire
|-sidestart|p2: pult94d Copperius|move: Stealth Rock
|
|upkeep
|turn|50
|
|t:|1628630954
|switch|p1a: Everybody|Wishiwashi, M|82/100 tox
|-formechange|p1a: Everybody|Wishiwashi-School||[from] ability: Schooling
|move|p2a: Quagsire|Earthquake|p1a: Everybody
|-damage|p1a: Everybody|56/100 tox
|
|-heal|p1a: Everybody|62/100 tox|[from] item: Leftovers
|-damage|p1a: Everybody|56/100 tox|[from] psn
|upkeep
|turn|51
|
|t:|1628630969
|switch|p2a: Audino|Audino, F|71/100 brn
|move|p1a: Everybody|U-turn|p2a: Audino
|-crit|p2a: Audino
|-damage|p2a: Audino|42/100 brn
|
|t:|1628630972
|switch|p1a: Bark|Sneasel, F|76/100|[from]move: U-turn
|
|-damage|p2a: Audino|36/100 brn|[from] brn
|upkeep
|turn|52
|
|t:|1628630977
|move|p2a: Audino|Protect|p2a: Audino
|-singleturn|p2a: Audino|Protect
|move|p1a: Bark|Triple Axel|p2a: Audino
|-activate|p2a: Audino|move: Protect
|
|-damage|p2a: Audino|30/100 brn|[from] brn
|upkeep
|turn|53
|
|t:|1628630984
|switch|p2a: Silvally|Silvally-Steel|56/100
|-damage|p2a: Silvally|50/100|[from] Stealth Rock
|move|p1a: Bark|Triple Axel|p2a: Silvally
|-resisted|p2a: Silvally
|-damage|p2a: Silvally|44/100
|-resisted|p2a: Silvally
|-damage|p2a: Silvally|33/100
|-hitcount|p2a: Silvally|2
|
|upkeep
|turn|54
|
|t:|1628630992
|switch|p1a: Moonlight|Stunfisk-Galar, M|100/100
|move|p2a: Silvally|Parting Shot|p1a: Moonlight
|-unboost|p1a: Moonlight|atk|1
|-unboost|p1a: Moonlight|spa|1
|
|t:|1628630996
|switch|p2a: Audino|Audino, F|63/100 brn|[from]move: Parting Shot
|
|-damage|p2a: Audino|57/100 brn|[from] brn
|upkeep
|turn|55
|
|t:|1628630999
|switch|p1a: Bark|Sneasel, F|76/100
|move|p2a: Audino|Wish|p2a: Audino
|
|-damage|p2a: Audino|51/100 brn|[from] brn
|upkeep
|turn|56
|
|t:|1628631008
|move|p2a: Audino|Protect|p2a: Audino
|-singleturn|p2a: Audino|Protect
|move|p1a: Bark|Knock Off|p2a: Audino
|-activate|p2a: Audino|move: Protect
|
|-heal|p2a: Audino|100/100 brn|[from] move: Wish|[wisher] Audino
|-damage|p2a: Audino|94/100 brn|[from] brn
|upkeep
|turn|57
|
|t:|1628631012
|move|p1a: Bark|Knock Off|p2a: Audino
|-damage|p2a: Audino|36/100 brn
|-enditem|p2a: Audino|Heavy-Duty Boots|[from] move: Knock Off|[of] p1a: Bark
|move|p2a: Audino|Knock Off|p1a: Bark
|-resisted|p1a: Bark
|-damage|p1a: Bark|68/100
|-enditem|p1a: Bark|Choice Band|[from] move: Knock Off|[of] p2a: Audino
|
|-damage|p2a: Audino|30/100 brn|[from] brn
|upkeep
|turn|58
|
|t:|1628631022
|switch|p2a: Aromatisse|Aromatisse, F|65/100
|-damage|p2a: Aromatisse|53/100|[from] Stealth Rock
|move|p1a: Bark|Knock Off|p2a: Aromatisse
|-resisted|p2a: Aromatisse
|-damage|p2a: Aromatisse|43/100
|
|upkeep
|turn|59
|
|t:|1628631030
|move|p1a: Bark|Triple Axel|p2a: Aromatisse
|-damage|p2a: Aromatisse|36/100
|-damage|p2a: Aromatisse|23/100
|-damage|p2a: Aromatisse|5/100
|-hitcount|p2a: Aromatisse|3
|move|p2a: Aromatisse|Moonblast|p1a: Bark
|-supereffective|p1a: Bark
|-damage|p1a: Bark|0 fnt
|faint|p1a: Bark
|
|upkeep
|
|t:|1628631037
|switch|p1a: Dancing|Ribombee, F|62/100 brn
|turn|60
|
|t:|1628631046
|move|p1a: Dancing|Moonblast|p2a: Aromatisse
|-damage|p2a: Aromatisse|0 fnt
|faint|p2a: Aromatisse
|
|-damage|p1a: Dancing|56/100 brn|[from] brn
|upkeep
|
|t:|1628631048
|switch|p2a: Audino|Audino, F|63/100 brn
|-damage|p2a: Audino|51/100 brn|[from] Stealth Rock
|turn|61
|
|t:|1628631052
|move|p1a: Dancing|Moonblast|p2a: Audino
|-damage|p2a: Audino|24/100 brn
|-unboost|p2a: Audino|spa|1
|move|p2a: Audino|Heal Bell|p2a: Audino
|-activate|p2a: Audino|move: Heal Bell
|-curestatus|p2a: Audino|brn|[msg]
|-curestatus|p2: Articuno|brn|[msg]
|
|-damage|p1a: Dancing|50/100 brn|[from] brn
|upkeep
|turn|62
|
|t:|1628631060
|switch|p2a: Articuno|Articuno|88/100
|-ability|p2a: Articuno|Pressure
|move|p1a: Dancing|Quiver Dance|p1a: Dancing
|-boost|p1a: Dancing|spa|1
|-boost|p1a: Dancing|spd|1
|-boost|p1a: Dancing|spe|1
|
|-damage|p1a: Dancing|43/100 brn|[from] brn
|upkeep
|turn|63
|
|t:|1628631068
|move|p1a: Dancing|Quiver Dance|p1a: Dancing
|-boost|p1a: Dancing|spa|1
|-boost|p1a: Dancing|spd|1
|-boost|p1a: Dancing|spe|1
|move|p2a: Articuno|Freeze-Dry|p1a: Dancing
|-damage|p1a: Dancing|25/100 brn
|
|-damage|p1a: Dancing|19/100 brn|[from] brn
|upkeep
|turn|64
|
|t:|1628631082
|switch|p2a: Audino|Audino, F|57/100
|-damage|p2a: Audino|45/100|[from] Stealth Rock
|move|p1a: Dancing|Roost|p1a: Dancing
|-heal|p1a: Dancing|69/100 brn
|-singleturn|p1a: Dancing|move: Roost
|
|-damage|p1a: Dancing|63/100 brn|[from] brn
|upkeep
|turn|65
|
|t:|1628631088
|move|p1a: Dancing|Moonblast|p2a: Audino
|-damage|p2a: Audino|0 fnt
|faint|p2a: Audino
|
|-damage|p1a: Dancing|56/100 brn|[from] brn
|upkeep
|
|t:|1628631093
|switch|p2a: Silvally|Silvally-Steel|33/100
|-damage|p2a: Silvally|27/100|[from] Stealth Rock
|turn|66
|
|t:|1628631098
|move|p1a: Dancing|U-turn|p2a: Silvally
|-resisted|p2a: Silvally
|-damage|p2a: Silvally|24/100
|
|t:|1628631100
|switch|p1a: Moonlight|Stunfisk-Galar, M|100/100|[from]move: U-turn
|move|p2a: Silvally|Multi-Attack|p1a: Moonlight
|-resisted|p1a: Moonlight
|-damage|p1a: Moonlight|83/100
|
|-heal|p1a: Moonlight|89/100|[from] item: Leftovers
|upkeep
|turn|67
|
|t:|1628631106
|move|p2a: Silvally|Parting Shot|p1a: Moonlight
|-unboost|p1a: Moonlight|atk|1
|-unboost|p1a: Moonlight|spa|1
|
|t:|1628631108
|switch|p2a: Quagsire|Quagsire, F|100/100|[from]move: Parting Shot
|move|p1a: Moonlight|Earthquake|p2a: Quagsire
|-damage|p2a: Quagsire|80/100
|
|-heal|p1a: Moonlight|96/100|[from] item: Leftovers
|upkeep
|turn|68
|l| turtledoggo1
|
|t:|1628631117
|switch|p1a: Bite|Rotom|49/100 tox
|move|p2a: Quagsire|Earthquake|p1a: Bite
|-immune|p1a: Bite|[from] ability: Levitate
|
|-damage|p1a: Bite|42/100 tox|[from] psn
|upkeep
|turn|69
|
|t:|1628631125
|move|p1a: Bite|Will-O-Wisp|p2a: Quagsire
|-status|p2a: Quagsire|brn
|move|p2a: Quagsire|Toxic|p1a: Bite
|-fail|p1a: Bite|tox
|
|-damage|p1a: Bite|30/100 tox|[from] psn
|-damage|p2a: Quagsire|74/100 brn|[from] brn
|upkeep
|turn|70
|
|t:|1628631131
|move|p1a: Bite|Hex|p2a: Quagsire
|-damage|p2a: Quagsire|13/100 brn
|move|p2a: Quagsire|Scald|p1a: Bite
|-damage|p1a: Bite|1/100 tox
|
|-damage|p1a: Bite|0 fnt|[from] psn
|faint|p1a: Bite
|-damage|p2a: Quagsire|7/100 brn|[from] brn
|upkeep
|
|t:|1628631137
|switch|p1a: Dancing|Ribombee, F|56/100 brn
|turn|71
|
|t:|1628631141
|switch|p2a: Silvally|Silvally-Steel|24/100
|-damage|p2a: Silvally|18/100|[from] Stealth Rock
|move|p1a: Dancing|Moonblast|p2a: Silvally
|-resisted|p2a: Silvally
|-crit|p2a: Silvally
|-damage|p2a: Silvally|0 fnt
|faint|p2a: Silvally
|
|-damage|p1a: Dancing|50/100 brn|[from] brn
|upkeep
|
|t:|1628631145
|switch|p2a: Quagsire|Quagsire, F|7/100 brn
|turn|72
|c|☆pult94d Copperius|GG
|
|t:|1628631152
|switch|p2a: Articuno|Articuno|88/100
|-ability|p2a: Articuno|Pressure
|move|p1a: Dancing|Moonblast|p2a: Articuno
|-damage|p2a: Articuno|64/100
|-unboost|p2a: Articuno|spa|1
|
|-damage|p1a: Dancing|44/100 brn|[from] brn
|upkeep
|turn|73
|
|t:|1628631156
|move|p1a: Dancing|Quiver Dance|p1a: Dancing
|-boost|p1a: Dancing|spa|1
|-boost|p1a: Dancing|spd|1
|-boost|p1a: Dancing|spe|1
|move|p2a: Articuno|Freeze-Dry|p1a: Dancing
|-damage|p1a: Dancing|28/100 brn
|
|-damage|p1a: Dancing|22/100 brn|[from] brn
|upkeep
|turn|74
|c|☆PULT94D TTyL|gg
|
|t:|1628631162
|move|p1a: Dancing|Roost|p1a: Dancing
|-heal|p1a: Dancing|72/100 brn
|-singleturn|p1a: Dancing|move: Roost
|move|p2a: Articuno|Freeze-Dry|p1a: Dancing
|-damage|p1a: Dancing|56/100 brn
|
|-damage|p1a: Dancing|50/100 brn|[from] brn
|upkeep
|turn|75
|
|t:|1628631165
|move|p1a: Dancing|Quiver Dance|p1a: Dancing
|-boost|p1a: Dancing|spa|1
|-boost|p1a: Dancing|spd|1
|-boost|p1a: Dancing|spe|1
|move|p2a: Articuno|Roost|p2a: Articuno
|-heal|p2a: Articuno|100/100
|-singleturn|p2a: Articuno|move: Roost
|
|-damage|p1a: Dancing|43/100 brn|[from] brn
|upkeep
|turn|76
|
|t:|1628631167
|move|p1a: Dancing|Quiver Dance|p1a: Dancing
|-boost|p1a: Dancing|spa|1
|-boost|p1a: Dancing|spd|1
|-boost|p1a: Dancing|spe|1
|move|p2a: Articuno|Freeze-Dry|p1a: Dancing
|-damage|p1a: Dancing|34/100 brn
|
|-damage|p1a: Dancing|28/100 brn|[from] brn
|upkeep
|turn|77
|
|t:|1628631170
|move|p1a: Dancing|Roost|p1a: Dancing
|-heal|p1a: Dancing|78/100 brn
|-singleturn|p1a: Dancing|move: Roost
|move|p2a: Articuno|Freeze-Dry|p1a: Dancing
|-damage|p1a: Dancing|68/100 brn
|
|-damage|p1a: Dancing|61/100 brn|[from] brn
|upkeep
|turn|78
|
|t:|1628631173
|move|p1a: Dancing|Quiver Dance|p1a: Dancing
|-boost|p1a: Dancing|spa|1
|-boost|p1a: Dancing|spd|1
|-boost|p1a: Dancing|spe|1
|move|p2a: Articuno|Freeze-Dry|p1a: Dancing
|-damage|p1a: Dancing|53/100 brn
|
|-damage|p1a: Dancing|47/100 brn|[from] brn
|upkeep
|turn|79
|
|t:|1628631175
|move|p1a: Dancing|Roost|p1a: Dancing
|-heal|p1a: Dancing|97/100 brn
|-singleturn|p1a: Dancing|move: Roost
|move|p2a: Articuno|Freeze-Dry|p1a: Dancing
|-damage|p1a: Dancing|88/100 brn
|
|-damage|p1a: Dancing|82/100 brn|[from] brn
|upkeep
|turn|80
|
|t:|1628631179
|move|p1a: Dancing|Quiver Dance|p1a: Dancing
|-boost|p1a: Dancing|spa|1
|-boost|p1a: Dancing|spd|1
|-boost|p1a: Dancing|spe|1
|move|p2a: Articuno|Freeze-Dry|p1a: Dancing
|-damage|p1a: Dancing|75/100 brn
|
|-damage|p1a: Dancing|69/100 brn|[from] brn
|upkeep
|turn|81
|
|t:|1628631182
|move|p1a: Dancing|Quiver Dance|p1a: Dancing
|-boost|p1a: Dancing|spa|1
|-boost|p1a: Dancing|spd|1
|-boost|p1a: Dancing|spe|1
|move|p2a: Articuno|Freeze-Dry|p1a: Dancing
|-damage|p1a: Dancing|63/100 brn
|
|-damage|p1a: Dancing|56/100 brn|[from] brn
|upkeep
|turn|82
|
|t:|1628631184
|move|p1a: Dancing|Roost|p1a: Dancing
|-heal|p1a: Dancing|100/100 brn
|-singleturn|p1a: Dancing|move: Roost
|move|p2a: Articuno|Roost||[still]
|-fail|p2a: Articuno|heal
|
|-damage|p1a: Dancing|94/100 brn|[from] brn
|upkeep
|turn|83
|
|t:|1628631187
|move|p1a: Dancing|Quiver Dance|p1a: Dancing
|-boost|p1a: Dancing|spa|0
|-boost|p1a: Dancing|spd|0
|-boost|p1a: Dancing|spe|0
|move|p2a: Articuno|Roost||[still]
|-fail|p2a: Articuno|heal
|
|-damage|p1a: Dancing|88/100 brn|[from] brn
|upkeep
|turn|84
|
|t:|1628631195
|switch|p2a: Quagsire|Quagsire, F|7/100 brn
|move|p1a: Dancing|Moonblast|p2a: Quagsire
|-damage|p2a: Quagsire|0 fnt
|faint|p2a: Quagsire
|
|-damage|p1a: Dancing|82/100 brn|[from] brn
|upkeep
|
|t:|1628631197
|switch|p2a: Articuno|Articuno|100/100
|-ability|p2a: Articuno|Pressure
|turn|85
|
|t:|1628631204
|move|p1a: Dancing|Moonblast|p2a: Articuno
|-damage|p2a: Articuno|9/100
|move|p2a: Articuno|Freeze-Dry|p1a: Dancing
|-damage|p1a: Dancing|72/100 brn
|
|-damage|p1a: Dancing|66/100 brn|[from] brn
|upkeep
|turn|86
|
|t:|1628631208
|move|p1a: Dancing|Moonblast|p2a: Articuno
|-damage|p2a: Articuno|0 fnt
|faint|p2a: Articuno
|
|win|PULT94D TTyL
|raw|PULT94D TTyL's rating: 1311 &rarr; <strong>1341</strong><br />(+30 for winning)
|raw|pult94d Copperius's rating: 1513 &rarr; <strong>1483</strong><br />(-30 for losing)
|c|☆PULT94D TTyL|gg
|l|☆pult94d Copperius
|j| Pult94d dani
||Ladder isn't responding, score probably updated but might not have (Request timeout).
