|j|☆Upstate_boar976
|j|☆sugar ovens
|t:|1667589711
|gametype|singles
|player|p1|Upstate_boar976|266|
|player|p2|sugar ovens|twins|
|teamsize|p1|6
|teamsize|p2|6
|gen|8
|tier|[Gen 8] PU
|rated|Tournament battle
|rule|Sleep Clause Mod: Limit one foe put to sleep
|rule|Species Clause: Limit one of each Pokémon
|rule|OHKO Clause: OHKO moves are banned
|rule|Evasion Items Clause: Evasion items are banned
|rule|Evasion Moves Clause: Evasion moves are banned
|rule|Endless Battle Clause: Forcing endless battles is banned
|rule|HP Percentage Mod: HP is shown in percentages
|rule|Dynamax Clause: You cannot dynamax
|clearpoke
|poke|p1|Gigalith, M|
|poke|p1|Cradily, M|
|poke|p1|Sandaconda, F|
|poke|p1|Sandslash, M|
|poke|p1|Stoutland, F|
|poke|p1|Charizard, F|
|poke|p2|Marowak, F|
|poke|p2|Gigalith, F|
|poke|p2|Tangela, F|
|poke|p2|Silvally-*|
|poke|p2|Garbodor, M|
|poke|p2|Ribombee, F|
|teampreview
|j| Emerald_Harrold
|j|%Haffling
|inactive|Battle timer is ON: inactive players will automatically lose when time's up. (requested by Upstate_boar976)
|
|t:|1667589723
|start
|switch|p1a: Sandaconda|Sandaconda, F|100/100
|switch|p2a: Marowak|Marowak, F|100/100
|turn|1
|
|t:|1667589735
|move|p2a: Marowak|Earthquake|p1a: Sandaconda
|-damage|p1a: Sandaconda|36/100
|-weather|Sandstorm|[from] ability: Sand Spit|[of] p1a: Sandaconda
|move|p1a: Sandaconda|Glare|p2a: Marowak
|-status|p2a: Marowak|par
|
|-weather|Sandstorm|[upkeep]
|upkeep
|turn|2
|
|t:|1667589744
|move|p1a: Sandaconda|Earthquake|p2a: Marowak
|-damage|p2a: Marowak|44/100 par
|move|p2a: Marowak|Earthquake|p1a: Sandaconda
|-damage|p1a: Sandaconda|0 fnt
|faint|p1a: Sandaconda
|
|-weather|Sandstorm|[upkeep]
|upkeep
|
|t:|1667589748
|switch|p1a: Sandslash|Sandslash, M|100/100
|turn|3
|
|t:|1667589753
|switch|p2a: Tangela|Tangela, F|100/100
|move|p1a: Sandslash|Swords Dance|p1a: Sandslash
|-boost|p1a: Sandslash|atk|2
|
|-weather|Sandstorm|[upkeep]
|-damage|p2a: Tangela|95/100|[from] Sandstorm
|upkeep
|turn|4
|
|t:|1667589759
|move|p1a: Sandslash|Leech Life|p2a: Tangela
|-supereffective|p2a: Tangela
|-damage|p2a: Tangela|33/100
|-damage|p1a: Sandslash|91/100|[from] item: Life Orb
|move|p2a: Tangela|Giga Drain|p1a: Sandslash
|-supereffective|p1a: Sandslash
|-damage|p1a: Sandslash|0 fnt
|-heal|p2a: Tangela|72/100|[from] drain|[of] p1a: Sandslash
|faint|p1a: Sandslash
|
|-weather|Sandstorm|[upkeep]
|-damage|p2a: Tangela|66/100|[from] Sandstorm
|upkeep
|
|t:|1667589772
|switch|p1a: Cradily|Cradily, M|100/100
|turn|5
|j| Generation10
|
|t:|1667589784
|switch|p2a: Silvally|Silvally-Steel|100/100
|move|p1a: Cradily|Meteor Beam||[still]
|-prepare|p1a: Cradily|Meteor Beam
|-boost|p1a: Cradily|spa|1
|-enditem|p1a: Cradily|Power Herb
|-anim|p1a: Cradily|Meteor Beam|p2a: Silvally
|-resisted|p2a: Silvally
|-damage|p2a: Silvally|58/100
|
|-weather|Sandstorm|[upkeep]
|upkeep
|turn|6
|j|+astralydia
|
|t:|1667589806
|move|p2a: Silvally|U-turn|p1a: Cradily
|-supereffective|p1a: Cradily
|-damage|p1a: Cradily|75/100
|
|t:|1667589810
|switch|p2a: Ribombee|Ribombee, F|100/100|[from]move: U-turn
|move|p1a: Cradily|Earth Power|p2a: Ribombee
|-resisted|p2a: Ribombee
|-damage|p2a: Ribombee|68/100
|
|-weather|Sandstorm|[upkeep]
|-damage|p2a: Ribombee|62/100|[from] Sandstorm
|upkeep
|turn|7
|
|t:|1667589823
|move|p2a: Ribombee|Roost|p2a: Ribombee
|-heal|p2a: Ribombee|100/100
|-singleturn|p2a: Ribombee|move: Roost
|move|p1a: Cradily|Sludge Bomb|p2a: Ribombee
|-supereffective|p2a: Ribombee
|-damage|p2a: Ribombee|0 fnt
|faint|p2a: Ribombee
|
|-weather|Sandstorm|[upkeep]
|upkeep
|
|t:|1667589832
|switch|p2a: Garbodor|Garbodor, M|100/100
|turn|8
|
|t:|1667589836
|move|p2a: Garbodor|Gunk Shot|p1a: Cradily
|-crit|p1a: Cradily
|-damage|p1a: Cradily|4/100
|move|p1a: Cradily|Earth Power|p2a: Garbodor
|-supereffective|p2a: Garbodor
|-damage|p2a: Garbodor|20/100
|
|-weather|none
|-heal|p2a: Garbodor|26/100|[from] item: Black Sludge
|upkeep
|turn|9
|
|t:|1667589842
|move|p2a: Garbodor|Stomping Tantrum|p1a: Cradily
|-damage|p1a: Cradily|0 fnt
|faint|p1a: Cradily
|
|-heal|p2a: Garbodor|32/100|[from] item: Black Sludge
|upkeep
|l|+astralydia
|
|t:|1667589859
|switch|p1a: Gigalith|Gigalith, M|100/100
|-weather|Sandstorm|[from] ability: Sand Stream|[of] p1a: Gigalith
|turn|10
|
|t:|1667589864
|switch|p2a: Marowak|Marowak, F|44/100 par
|move|p1a: Gigalith|Earthquake|p2a: Marowak
|-damage|p2a: Marowak|9/100 par
|
|-weather|Sandstorm|[upkeep]
|upkeep
|turn|11
|
|t:|1667589873
|move|p2a: Marowak|Earthquake|p1a: Gigalith
|-supereffective|p1a: Gigalith
|-damage|p1a: Gigalith|15/100
|move|p1a: Gigalith|Earthquake|p2a: Marowak
|-damage|p2a: Marowak|0 fnt
|faint|p2a: Marowak
|
|-weather|Sandstorm|[upkeep]
|upkeep
|
|t:|1667589883
|switch|p2a: Tangela|Tangela, F|99/100
|turn|12
|
|t:|1667589886
|move|p2a: Tangela|Giga Drain|p1a: Gigalith
|-supereffective|p1a: Gigalith
|-damage|p1a: Gigalith|0 fnt
|-heal|p2a: Tangela|100/100|[from] drain|[of] p1a: Gigalith
|faint|p1a: Gigalith
|
|-weather|Sandstorm|[upkeep]
|-damage|p2a: Tangela|95/100|[from] Sandstorm
|upkeep
|
|t:|1667589890
|switch|p1a: Charizard|Charizard, F|100/100
|turn|13
|
|t:|1667589896
|switch|p2a: Gigalith|Gigalith, F|100/100
|move|p1a: Charizard|Focus Blast|p2a: Gigalith
|-supereffective|p2a: Gigalith
|-damage|p2a: Gigalith|63/100
|
|-weather|Sandstorm|[upkeep]
|-damage|p1a: Charizard|94/100|[from] Sandstorm
|-heal|p2a: Gigalith|69/100|[from] item: Leftovers
|upkeep
|turn|14
|j|+astralydia
|
|t:|1667589903
|switch|p1a: Stoutland|Stoutland, F|100/100
|move|p2a: Gigalith|Rock Blast|p1a: Stoutland
|-damage|p1a: Stoutland|88/100
|-damage|p1a: Stoutland|76/100
|-damage|p1a: Stoutland|65/100
|-hitcount|p1a: Stoutland|3
|
|-weather|Sandstorm|[upkeep]
|-heal|p2a: Gigalith|75/100|[from] item: Leftovers
|upkeep
|turn|15
|
|t:|1667589913
|switch|p2a: Tangela|Tangela, F|100/100
|move|p1a: Stoutland|Stomping Tantrum|p2a: Tangela
|-resisted|p2a: Tangela
|-damage|p2a: Tangela|93/100
|-damage|p1a: Stoutland|55/100|[from] item: Life Orb
|
|-weather|Sandstorm|[upkeep]
|-damage|p2a: Tangela|87/100|[from] Sandstorm
|upkeep
|turn|16
|
|t:|1667589919
|move|p1a: Stoutland|Toxic|p2a: Tangela
|-status|p2a: Tangela|tox
|move|p2a: Tangela|Sludge Bomb|p1a: Stoutland
|-damage|p1a: Stoutland|33/100
|
|-weather|Sandstorm|[upkeep]
|-damage|p2a: Tangela|81/100 tox|[from] Sandstorm
|-damage|p2a: Tangela|75/100 tox|[from] psn
|upkeep
|turn|17
|
|t:|1667589925
|switch|p1a: Charizard|Charizard, F|94/100
|move|p2a: Tangela|Giga Drain|p1a: Charizard
|-resisted|p1a: Charizard
|-damage|p1a: Charizard|87/100
|-heal|p2a: Tangela|79/100 tox|[from] drain|[of] p1a: Charizard
|
|-weather|none
|-damage|p2a: Tangela|67/100 tox|[from] psn
|upkeep
|turn|18
|
|t:|1667589928
|switch|p2a: Gigalith|Gigalith, F|75/100
|-weather|Sandstorm|[from] ability: Sand Stream|[of] p2a: Gigalith
|move|p1a: Charizard|Focus Blast|p2a: Gigalith
|-supereffective|p2a: Gigalith
|-crit|p2a: Gigalith
|-damage|p2a: Gigalith|19/100
|
|-weather|Sandstorm|[upkeep]
|-damage|p1a: Charizard|81/100|[from] Sandstorm
|-heal|p2a: Gigalith|25/100|[from] item: Leftovers
|upkeep
|turn|19
|c| Generation10|Oh?
|inactive|Upstate_boar976 has 120 seconds left.
|
|t:|1667589959
|move|p2a: Gigalith|Protect|p2a: Gigalith
|-singleturn|p2a: Gigalith|Protect
|move|p1a: Charizard|Focus Blast|p2a: Gigalith
|-activate|p2a: Gigalith|move: Protect
|
|-weather|Sandstorm|[upkeep]
|-damage|p1a: Charizard|75/100|[from] Sandstorm
|-heal|p2a: Gigalith|31/100|[from] item: Leftovers
|upkeep
|turn|20
|c| Generation10|If it hits
|
|t:|1667589966
|switch|p2a: Garbodor|Garbodor, M|32/100
|move|p1a: Charizard|Focus Blast|p2a: Garbodor|[miss]
|-miss|p1a: Charizard|p2a: Garbodor
|
|-weather|Sandstorm|[upkeep]
|-damage|p1a: Charizard|69/100|[from] Sandstorm
|-damage|p2a: Garbodor|26/100|[from] Sandstorm
|-heal|p2a: Garbodor|32/100|[from] item: Black Sludge
|upkeep
|turn|21
|
|t:|1667589978
|move|p1a: Charizard|Flamethrower|p2a: Garbodor
|-damage|p2a: Garbodor|0 fnt
|faint|p2a: Garbodor
|
|-weather|Sandstorm|[upkeep]
|-damage|p1a: Charizard|62/100|[from] Sandstorm
|upkeep
|
|t:|1667589981
|switch|p2a: Gigalith|Gigalith, F|31/100
|turn|22
|
|t:|1667589984
|switch|p1a: Stoutland|Stoutland, F|33/100
|move|p2a: Gigalith|Protect||[still]
|-fail|p2a: Gigalith
|
|-weather|none
|-heal|p2a: Gigalith|37/100|[from] item: Leftovers
|upkeep
|turn|23
|c|+astralydia|nah protect should save this game
|
|t:|1667589989
|move|p2a: Gigalith|Protect|p2a: Gigalith
|-singleturn|p2a: Gigalith|Protect
|move|p1a: Stoutland|Stomping Tantrum|p2a: Gigalith
|-activate|p2a: Gigalith|move: Protect
|
|-heal|p2a: Gigalith|43/100|[from] item: Leftovers
|upkeep
|turn|24
|
|t:|1667589995
|switch|p2a: Tangela|Tangela, F|99/100 tox
|move|p1a: Stoutland|Stomping Tantrum|p2a: Tangela
|-resisted|p2a: Tangela
|-damage|p2a: Tangela|92/100 tox
|-damage|p1a: Stoutland|23/100|[from] item: Life Orb
|
|-damage|p2a: Tangela|86/100 tox|[from] psn
|upkeep
|turn|25
|
|t:|1667590000
|switch|p1a: Charizard|Charizard, F|62/100
|move|p2a: Tangela|Sludge Bomb|p1a: Charizard
|-damage|p1a: Charizard|36/100
|
|-damage|p2a: Tangela|74/100 tox|[from] psn
|upkeep
|turn|26
|
|t:|1667590008
|switch|p2a: Silvally|Silvally-Steel|58/100
|move|p1a: Charizard|Flamethrower|p2a: Silvally
|-supereffective|p2a: Silvally
|-damage|p2a: Silvally|0 fnt
|faint|p2a: Silvally
|
|upkeep
|
|t:|1667590012
|switch|p2a: Gigalith|Gigalith, F|43/100
|-weather|Sandstorm|[from] ability: Sand Stream|[of] p2a: Gigalith
|turn|27
|
|t:|1667590017
|move|p1a: Charizard|Focus Blast|p2a: Gigalith
|-supereffective|p2a: Gigalith
|-damage|p2a: Gigalith|6/100
|move|p2a: Gigalith|Rock Blast|p1a: Charizard
|-supereffective|p1a: Charizard
|-damage|p1a: Charizard|0 fnt
|faint|p1a: Charizard
|-hitcount|p1: Charizard|1
|
|-weather|Sandstorm|[upkeep]
|-heal|p2a: Gigalith|13/100|[from] item: Leftovers
|upkeep
|
|t:|1667590020
|switch|p1a: Stoutland|Stoutland, F|23/100
|turn|28
|
|t:|1667590030
|move|p1a: Stoutland|Stomping Tantrum|p2a: Gigalith
|-supereffective|p2a: Gigalith
|-damage|p2a: Gigalith|0 fnt
|faint|p2a: Gigalith
|-damage|p1a: Stoutland|13/100|[from] item: Life Orb
|
|-weather|Sandstorm|[upkeep]
|upkeep
|
|t:|1667590035
|switch|p2a: Tangela|Tangela, F|100/100 tox
|turn|29
|c|☆Upstate_boar976|Gg
|c|☆sugar ovens|gg
|
|t:|1667590041
|move|p1a: Stoutland|Retaliate|p2a: Tangela
|-damage|p2a: Tangela|81/100 tox
|-damage|p1a: Stoutland|3/100|[from] item: Life Orb
|move|p2a: Tangela|Giga Drain|p1a: Stoutland
|-damage|p1a: Stoutland|0 fnt
|-heal|p2a: Tangela|82/100 tox|[from] drain|[of] p1a: Stoutland
|faint|p1a: Stoutland
|
|win|sugar ovens
|n|☆Upstate_boar976|upstateboar976
|n|☆sugar ovens|sugarovens
|n| Emerald_Harrold|emeraldharrold
|n| Haffling|haffling
|n| Generation10|generation10
|n|+astralydia|astralydia
