|j|☆SergioRules
|j|☆DBasso ♛
|player|p1|SergioRules|skier-gen2|1356
|player|p2|DBasso ♛|drake-gen3|1322
|teamsize|p1|6
|teamsize|p2|6
|gametype|singles
|gen|8
|tier|[Gen 8] PU
|rated|
|clearpoke
|poke|p1|Shuckle, F|
|poke|p1|Arctozolt|
|poke|p1|Hattrem, F|
|poke|p1|Pawniard, F|
|poke|p1|Gourgeist-*, F|
|poke|p1|Basculin, F|
|poke|p2|Arctovish|
|poke|p2|Shuckle, F|
|poke|p2|Gothitelle, F|
|poke|p2|Shedinja|
|poke|p2|Silvally-*|
|poke|p2|Bellossom, F|
|rule|Sleep Clause Mod: Limit one foe put to sleep
|rule|Species Clause: Limit one of each Pokémon
|rule|OHKO Clause: OHKO moves are banned
|rule|Evasion Moves Clause: Evasion moves are banned
|rule|Endless Battle Clause: Forcing endless battles is banned
|rule|HP Percentage Mod: HP is shown in percentages
|rule|Dynamax Clause: You cannot dynamax
|teampreview
|c|☆SergioRules|I see you too are a man of culture
|
|start
|switch|p1a: Shuckle|Shuckle, F|100/100
|switch|p2a: Arctovish|Arctovish|100/100
|turn|1
|c|☆DBasso ♛|yes man
|
|move|p2a: Arctovish|Fishious Rend|p1a: Shuckle
|-supereffective|p1a: Shuckle
|-ability|p1a: Shuckle|Sturdy
|-damage|p1a: Shuckle|1/100
|move|p1a: Shuckle|Sticky Web|p2a: Arctovish
|-sidestart|p2: DBasso ♛|move: Sticky Web
|
|upkeep
|turn|2
|j| test sapr
|
|switch|p1a: Gourgeist|Gourgeist, F|100/100
|-item|p2a: Arctovish|Choice Band|[from] ability: Frisk|[of] p1a: Gourgeist|[identify]
|move|p2a: Arctovish|Fishious Rend|p1a: Gourgeist
|-resisted|p1a: Gourgeist
|-damage|p1a: Gourgeist|53/100
|
|upkeep
|turn|3
|
|switch|p2a: Silvally|Silvally-Fire|100/100
|-activate|p2a: Silvally|move: Sticky Web
|-unboost|p2a: Silvally|spe|1
|move|p1a: Gourgeist|Power Whip|p2a: Silvally|[miss]
|-miss|p1a: Gourgeist|p2a: Silvally
|
|upkeep
|turn|4
|j| dNeon
|
|move|p1a: Gourgeist|Rock Slide|p2a: Silvally
|-supereffective|p2a: Silvally
|-damage|p2a: Silvally|52/100
|move|p2a: Silvally|Flamethrower|p1a: Gourgeist
|-supereffective|p1a: Gourgeist
|-crit|p1a: Gourgeist
|-damage|p1a: Gourgeist|0 fnt
|faint|p1a: Gourgeist
|
|upkeep
|
|switch|p1a: Basculin|Basculin, F|100/100
|turn|5
|
|switch|p2a: Bellossom|Bellossom, F|100/100
|-activate|p2a: Bellossom|move: Sticky Web
|-unboost|p2a: Bellossom|spe|1
|move|p1a: Basculin|Hydro Pump|p2a: Bellossom
|-resisted|p2a: Bellossom
|-damage|p2a: Bellossom|68/100
|
|-heal|p2a: Bellossom|74/100|[from] item: Leftovers
|upkeep
|turn|6
|
|move|p1a: Basculin|Taunt|p2a: Bellossom
|-start|p2a: Bellossom|move: Taunt
|cant|p2a: Bellossom|move: Taunt|Quiver Dance
|
|-heal|p2a: Bellossom|81/100|[from] item: Leftovers
|upkeep
|turn|7
|
|switch|p1a: Pawniard|Pawniard, F|100/100
|move|p2a: Bellossom|Moonblast|p1a: Pawniard
|-damage|p1a: Pawniard|57/100
|
|-heal|p2a: Bellossom|87/100|[from] item: Leftovers
|upkeep
|turn|8
|
|move|p1a: Pawniard|Knock Off|p2a: Bellossom
|-damage|p2a: Bellossom|53/100
|-enditem|p2a: Bellossom|Leftovers|[from] move: Knock Off|[of] p1a: Pawniard
|move|p2a: Bellossom|Moonblast|p1a: Pawniard
|-damage|p1a: Pawniard|17/100
|
|-end|p2a: Bellossom|move: Taunt
|upkeep
|turn|9
|
|move|p1a: Pawniard|Iron Head|p2a: Bellossom
|-damage|p2a: Bellossom|27/100
|move|p2a: Bellossom|Moonblast|p1a: Pawniard
|-damage|p1a: Pawniard|0 fnt
|faint|p1a: Pawniard
|
|upkeep
|
|switch|p1a: Basculin|Basculin, F|100/100
|turn|10
|
|switch|p2a: Arctovish|Arctovish|100/100
|-activate|p2a: Arctovish|move: Sticky Web
|-unboost|p2a: Arctovish|spe|1
|move|p1a: Basculin|Ice Beam|p2a: Arctovish
|-resisted|p2a: Arctovish
|-damage|p2a: Arctovish|94/100
|
|upkeep
|turn|11
|
|move|p1a: Basculin|Superpower|p2a: Arctovish
|-supereffective|p2a: Arctovish
|-damage|p2a: Arctovish|38/100
|-unboost|p1a: Basculin|atk|1
|-unboost|p1a: Basculin|def|1
|move|p2a: Arctovish|Freeze-Dry|p1a: Basculin
|-supereffective|p1a: Basculin
|-damage|p1a: Basculin|21/100
|
|upkeep
|turn|12
|c| dNeon|DBasso
|c| dNeon|il tuo amico
|
|switch|p2a: Shedinja|Shedinja|100/100
|move|p1a: Basculin|Superpower|p2a: Shedinja
|-immune|p2a: Shedinja|[from] ability: Wonder Guard
|
|upkeep
|turn|13
|
|switch|p1a: Shuckle|Shuckle, F|1/100
|move|p2a: Shedinja|Leech Life|p1a: Shuckle
|-damage|p1a: Shuckle|0 fnt
|faint|p1a: Shuckle
|
|upkeep
|
|switch|p1a: Hattrem|Hattrem, F|100/100
|turn|14
|
|switch|p2a: Shuckle|Shuckle, F|100/100
|-activate|p2a: Shuckle|move: Sticky Web
|-unboost|p2a: Shuckle|spe|1
|move|p1a: Hattrem|Mystical Fire|p2a: Shuckle
|-damage|p2a: Shuckle|92/100
|-unboost|p2a: Shuckle|spa|1
|
|upkeep
|turn|15
|
|move|p1a: Hattrem|Psychic|p2a: Shuckle
|-damage|p2a: Shuckle|77/100
|move|p2a: Shuckle|Final Gambit|p1a: Hattrem
|-damage|p1a: Hattrem|42/100
|faint|p2a: Shuckle
|
|upkeep
|
|switch|p2a: Gothitelle|Gothitelle, F|100/100
|-activate|p2a: Gothitelle|move: Sticky Web
|-unboost|p2a: Gothitelle|spe|1
|-ability|p2a: Gothitelle|Competitive
|-boost|p2a: Gothitelle|spa|2
|turn|16
|c|☆DBasso ♛|proprio lui
|
|move|p2a: Gothitelle|Shadow Ball|p1a: Hattrem
|-supereffective|p1a: Hattrem
|-damage|p1a: Hattrem|0 fnt
|-damage|p2a: Gothitelle|91/100|[from] item: Life Orb
|faint|p1a: Hattrem
|
|upkeep
|
|switch|p1a: Arctozolt|Arctozolt|100/100
|turn|17
|
|switch|p2a: Silvally|Silvally-Fire|52/100
|-activate|p2a: Silvally|move: Sticky Web
|-unboost|p2a: Silvally|spe|1
|move|p1a: Arctozolt|Stone Edge|p2a: Silvally
|-supereffective|p2a: Silvally
|-damage|p2a: Silvally|0 fnt
|faint|p2a: Silvally
|
|upkeep
|
|switch|p2a: Gothitelle|Gothitelle, F|91/100
|-activate|p2a: Gothitelle|move: Sticky Web
|-unboost|p2a: Gothitelle|spe|1
|-ability|p2a: Gothitelle|Competitive
|-boost|p2a: Gothitelle|spa|2
|turn|18
|
|switch|p1a: Basculin|Basculin, F|21/100
|move|p2a: Gothitelle|Psyshock|p1a: Basculin
|-crit|p1a: Basculin
|-damage|p1a: Basculin|0 fnt
|-damage|p2a: Gothitelle|81/100|[from] item: Life Orb
|faint|p1a: Basculin
|
|upkeep
|
|switch|p1a: Arctozolt|Arctozolt|100/100
|turn|19
|
|move|p1a: Arctozolt|Stone Edge|p2a: Gothitelle
|-damage|p2a: Gothitelle|43/100
|move|p2a: Gothitelle|Psyshock|p1a: Arctozolt
|-damage|p1a: Arctozolt|0 fnt
|-damage|p2a: Gothitelle|33/100|[from] item: Life Orb
|faint|p1a: Arctozolt
|
|win|DBasso ♛
|c|☆DBasso ♛|gli anni passano
|l|☆SergioRules
|l| test sapr
|c|☆DBasso ♛|ma io che lo apro no
|c|☆DBasso ♛|dneon
|l| dNeon
||Ladder (probably) updated, but score could not be retrieved (Response not received).
