|j|☆yassy slay
|j|☆bound 2 forget x2
|t:|1655380613
|gametype|singles
|player|p1|yassy slay|clown|1566
|player|p2|bound 2 forget x2|schoolkid-gen4|1464
|teamsize|p1|6
|teamsize|p2|6
|gen|8
|tier|[Gen 8] PU
|rated|
|rule|Sleep Clause Mod: Limit one foe put to sleep
|rule|Species Clause: Limit one of each Pokémon
|rule|OHKO Clause: OHKO moves are banned
|rule|Evasion Moves Clause: Evasion moves are banned
|rule|Endless Battle Clause: Forcing endless battles is banned
|rule|HP Percentage Mod: HP is shown in percentages
|rule|Dynamax Clause: You cannot dynamax
|clearpoke
|poke|p1|Musharna, F|
|poke|p1|Ferroseed, F|
|poke|p1|Charizard, M|
|poke|p1|Ribombee, F|
|poke|p1|Frosmoth, F|
|poke|p1|Dubwool, F|
|poke|p2|Jolteon, M|
|poke|p2|Perrserker, M|
|poke|p2|Eldegoss, F|
|poke|p2|Charizard, F|
|poke|p2|Regirock|
|poke|p2|Jellicent, M|
|teampreview
|
|t:|1655380626
|start
|switch|p1a: Ribombee|Ribombee, F|100/100
|switch|p2a: Jolteon|Jolteon, M|100/100
|turn|1
|
|t:|1655380635
|switch|p1a: Ferroseed|Ferroseed, F|100/100
|move|p2a: Jolteon|Thunderbolt|p1a: Ferroseed
|-resisted|p1a: Ferroseed
|-crit|p1a: Ferroseed
|-damage|p1a: Ferroseed|68/100
|
|upkeep
|turn|2
|
|t:|1655380642
|move|p2a: Jolteon|Thunderbolt|p1a: Ferroseed
|-resisted|p1a: Ferroseed
|-damage|p1a: Ferroseed|47/100
|move|p1a: Ferroseed|Stealth Rock|p2a: Jolteon
|-sidestart|p2: bound 2 forget x2|move: Stealth Rock
|
|upkeep
|turn|3
|
|t:|1655380648
|move|p2a: Jolteon|Thunderbolt|p1a: Ferroseed
|-resisted|p1a: Ferroseed
|-damage|p1a: Ferroseed|25/100
|move|p1a: Ferroseed|Knock Off|p2a: Jolteon
|-damage|p2a: Jolteon|75/100
|-enditem|p2a: Jolteon|Choice Specs|[from] move: Knock Off|[of] p1a: Ferroseed
|
|upkeep
|turn|4
|
|t:|1655380655
|switch|p1a: Musharna|Musharna, F|100/100
|move|p2a: Jolteon|Thunderbolt|p1a: Musharna
|-damage|p1a: Musharna|75/100
|
|upkeep
|turn|5
|
|t:|1655380660
|move|p2a: Jolteon|Volt Switch|p1a: Musharna
|-damage|p1a: Musharna|55/100
|
|t:|1655380665
|switch|p2a: Perrserker|Perrserker, M|100/100|[from]move: Volt Switch
|-damage|p2a: Perrserker|94/100|[from] Stealth Rock
|move|p1a: Musharna|Future Sight|p2a: Perrserker
|-start|p1a: Musharna|move: Future Sight
|
|upkeep
|turn|6
|
|t:|1655380670
|switch|p1a: Dubwool|Dubwool, F|100/100
|move|p2a: Perrserker|U-turn|p1a: Dubwool
|-damage|p1a: Dubwool|84/100
|
|t:|1655380675
|switch|p2a: Jolteon|Jolteon, M|75/100|[from]move: U-turn
|-damage|p2a: Jolteon|62/100|[from] Stealth Rock
|
|-heal|p1a: Dubwool|90/100|[from] item: Leftovers
|upkeep
|turn|7
|
|t:|1655380680
|move|p2a: Jolteon|Volt Switch|p1a: Dubwool
|-damage|p1a: Dubwool|55/100
|
|t:|1655380683
|switch|p2a: Eldegoss|Eldegoss, F|100/100|[from]move: Volt Switch
|move|p1a: Dubwool|Body Press|p2a: Eldegoss
|-damage|p2a: Eldegoss|81/100
|
|-end|p2a: Eldegoss|move: Future Sight
|-damage|p2a: Eldegoss|40/100
|-heal|p1a: Dubwool|61/100|[from] item: Leftovers
|upkeep
|turn|8
|
|t:|1655380692
|switch|p1a: Ribombee|Ribombee, F|100/100
|move|p2a: Eldegoss|Stun Spore|p1a: Ribombee
|-status|p1a: Ribombee|par
|
|upkeep
|turn|9
|
|t:|1655380696
|switch|p2a: Perrserker|Perrserker, M|94/100
|-damage|p2a: Perrserker|88/100|[from] Stealth Rock
|move|p1a: Ribombee|Moonblast|p2a: Perrserker
|-resisted|p2a: Perrserker
|-damage|p2a: Perrserker|40/100
|
|upkeep
|turn|10
|
|t:|1655380708
|switch|p1a: Dubwool|Dubwool, F|61/100
|move|p2a: Perrserker|U-turn|p1a: Dubwool
|-damage|p1a: Dubwool|45/100
|
|t:|1655380730
|switch|p2a: Charizard|Charizard, F|100/100|[from]move: U-turn
|
|-heal|p1a: Dubwool|51/100|[from] item: Leftovers
|upkeep
|turn|11
|
|t:|1655380739
|switch|p1a: Charizard|Charizard, M|100/100
|move|p2a: Charizard|Defog|p1a: Charizard
|-unboost|p1a: Charizard|evasion|1
|-sideend|p2: bound 2 forget x2|Stealth Rock|[from] move: Defog|[of] p2a: Charizard
|
|upkeep
|turn|12
|
|t:|1655380742
|move|p1a: Charizard|Hurricane|p2a: Charizard
|-damage|p2a: Charizard|29/100
|move|p2a: Charizard|Hurricane|p1a: Charizard
|-damage|p1a: Charizard|29/100
|
|upkeep
|turn|13
|j| Haffling
|
|t:|1655380751
|move|p2a: Charizard|Flamethrower|p1a: Charizard
|-resisted|p1a: Charizard
|-damage|p1a: Charizard|0 fnt
|faint|p1a: Charizard
|
|upkeep
|
|t:|1655380753
|switch|p1a: Musharna|Musharna, F|55/100
|turn|14
|
|t:|1655380758
|switch|p2a: Perrserker|Perrserker, M|40/100
|move|p1a: Musharna|Moonlight|p1a: Musharna
|-heal|p1a: Musharna|100/100
|
|upkeep
|turn|15
|
|t:|1655380762
|switch|p1a: Dubwool|Dubwool, F|51/100
|move|p2a: Perrserker|Iron Head|p1a: Dubwool
|-damage|p1a: Dubwool|21/100
|
|-heal|p1a: Dubwool|27/100|[from] item: Leftovers
|upkeep
|turn|16
|
|t:|1655380776
|switch|p2a: Charizard|Charizard, F|29/100
|move|p1a: Dubwool|Rest|p1a: Dubwool
|-status|p1a: Dubwool|slp|[from] move: Rest
|-heal|p1a: Dubwool|100/100 slp|[silent]
|
|upkeep
|turn|17
|
|t:|1655380780
|switch|p1a: Musharna|Musharna, F|100/100
|move|p2a: Charizard|Flamethrower|p1a: Musharna
|-damage|p1a: Musharna|65/100
|
|upkeep
|turn|18
|
|t:|1655380788
|switch|p2a: Eldegoss|Eldegoss, F|73/100
|move|p1a: Musharna|Moonlight|p1a: Musharna
|-heal|p1a: Musharna|100/100
|
|upkeep
|turn|19
|
|t:|1655380798
|move|p2a: Eldegoss|Stun Spore|p1a: Musharna|[miss]
|-miss|p2a: Eldegoss|p1a: Musharna
|move|p1a: Musharna|Heal Bell|p1a: Musharna
|-activate|p1a: Musharna|move: Heal Bell
|-curestatus|p1: Ribombee|par|[msg]
|-curestatus|p1: Dubwool|slp|[msg]
|
|upkeep
|turn|20
|
|t:|1655380802
|move|p2a: Eldegoss|Stun Spore|p1a: Musharna
|-status|p1a: Musharna|par
|-activate|p1a: Musharna|ability: Synchronize
|-status|p2a: Eldegoss|par
|move|p1a: Musharna|Future Sight|p2a: Eldegoss
|-start|p1a: Musharna|move: Future Sight
|
|upkeep
|turn|21
|
|t:|1655380813
|switch|p2a: Jolteon|Jolteon, M|62/100
|switch|p1a: Frosmoth|Frosmoth, F|100/100
|
|upkeep
|turn|22
|
|t:|1655380818
|move|p2a: Jolteon|Volt Switch|p1a: Frosmoth
|-damage|p1a: Frosmoth|82/100
|
|t:|1655380821
|switch|p2a: Regirock|Regirock|100/100|[from]move: Volt Switch
|move|p1a: Frosmoth|Quiver Dance|p1a: Frosmoth
|-boost|p1a: Frosmoth|spa|1
|-boost|p1a: Frosmoth|spd|1
|-boost|p1a: Frosmoth|spe|1
|
|-end|p2a: Regirock|move: Future Sight
|-damage|p2a: Regirock|71/100
|-heal|p2a: Regirock|77/100|[from] item: Leftovers
|upkeep
|turn|23
|
|t:|1655380835
|switch|p1a: Dubwool|Dubwool, F|100/100
|move|p2a: Regirock|Rock Blast|p1a: Dubwool
|-damage|p1a: Dubwool|94/100
|-damage|p1a: Dubwool|87/100
|-damage|p1a: Dubwool|80/100
|-damage|p1a: Dubwool|74/100
|-damage|p1a: Dubwool|67/100
|-hitcount|p1a: Dubwool|5
|
|-heal|p1a: Dubwool|73/100|[from] item: Leftovers
|-heal|p2a: Regirock|83/100|[from] item: Leftovers
|upkeep
|turn|24
|
|t:|1655380846
|move|p1a: Dubwool|Body Press|p2a: Regirock
|-supereffective|p2a: Regirock
|-damage|p2a: Regirock|59/100
|move|p2a: Regirock|Toxic|p1a: Dubwool
|-status|p1a: Dubwool|tox
|
|-heal|p1a: Dubwool|80/100 tox|[from] item: Leftovers
|-heal|p2a: Regirock|65/100|[from] item: Leftovers
|-damage|p1a: Dubwool|73/100 tox|[from] psn
|upkeep
|turn|25
|
|t:|1655380850
|switch|p2a: Jellicent|Jellicent, M|100/100
|move|p1a: Dubwool|Copycat|p1a: Dubwool
|move|p1a: Dubwool|Toxic|p2a: Jellicent|[from]move: Copycat
|-status|p2a: Jellicent|tox
|
|-heal|p1a: Dubwool|80/100 tox|[from] item: Leftovers
|-damage|p1a: Dubwool|67/100 tox|[from] psn
|-damage|p2a: Jellicent|94/100 tox|[from] psn
|upkeep
|turn|26
|
|t:|1655380858
|switch|p1a: Ferroseed|Ferroseed, F|25/100
|move|p2a: Jellicent|Surf|p1a: Ferroseed
|-resisted|p1a: Ferroseed
|-damage|p1a: Ferroseed|10/100
|
|-damage|p2a: Jellicent|82/100 tox|[from] psn
|upkeep
|turn|27
|
|t:|1655380865
|switch|p1a: Frosmoth|Frosmoth, F|82/100
|move|p2a: Jellicent|Surf|p1a: Frosmoth
|-damage|p1a: Frosmoth|54/100
|
|-damage|p2a: Jellicent|64/100 tox|[from] psn
|upkeep
|turn|28
|
|t:|1655380869
|switch|p2a: Regirock|Regirock|65/100
|move|p1a: Frosmoth|Giga Drain|p2a: Regirock
|-supereffective|p2a: Regirock
|-crit|p2a: Regirock
|-damage|p2a: Regirock|11/100
|-heal|p1a: Frosmoth|83/100|[from] drain|[of] p2a: Regirock
|
|-heal|p2a: Regirock|17/100|[from] item: Leftovers
|upkeep
|turn|29
|
|t:|1655380874
|move|p1a: Frosmoth|Ice Beam|p2a: Regirock
|-damage|p2a: Regirock|0 fnt
|faint|p2a: Regirock
|
|upkeep
|
|t:|1655380878
|switch|p2a: Perrserker|Perrserker, M|40/100
|turn|30
|
|t:|1655380883
|switch|p1a: Ferroseed|Ferroseed, F|10/100
|switch|p2a: Jolteon|Jolteon, M|62/100
|
|upkeep
|turn|31
|
|t:|1655380889
|move|p2a: Jolteon|Thunderbolt|p1a: Ferroseed
|-resisted|p1a: Ferroseed
|-damage|p1a: Ferroseed|0 fnt
|faint|p1a: Ferroseed
|
|upkeep
|
|t:|1655380895
|switch|p1a: Frosmoth|Frosmoth, F|83/100
|turn|32
|
|t:|1655380899
|move|p2a: Jolteon|Volt Switch|p1a: Frosmoth
|-damage|p1a: Frosmoth|64/100
|
|t:|1655380903
|switch|p2a: Charizard|Charizard, F|29/100|[from]move: Volt Switch
|move|p1a: Frosmoth|Quiver Dance|p1a: Frosmoth
|-boost|p1a: Frosmoth|spa|1
|-boost|p1a: Frosmoth|spd|1
|-boost|p1a: Frosmoth|spe|1
|
|upkeep
|turn|33
|
|t:|1655380908
|move|p1a: Frosmoth|Ice Beam|p2a: Charizard
|-damage|p2a: Charizard|0 fnt
|faint|p2a: Charizard
|
|upkeep
|
|t:|1655380918
|switch|p2a: Perrserker|Perrserker, M|40/100
|turn|34
|
|t:|1655380922
|move|p1a: Frosmoth|Ice Beam|p2a: Perrserker
|-resisted|p2a: Perrserker
|-damage|p2a: Perrserker|0 fnt
|faint|p2a: Perrserker
|
|upkeep
|c|☆bound 2 forget x2|gg
|c|☆yassy slay|gg
|-message|bound 2 forget x2 forfeited.
|
|win|yassy slay
|raw|yassy slay's rating: 1566 &rarr; <strong>1580</strong><br />(+14 for winning)
|raw|bound 2 forget x2's rating: 1464 &rarr; <strong>1450</strong><br />(-14 for losing)
|l|☆bound 2 forget x2
