|raw|<div class="broadcast-blue"><strong>This battle is required to be public due to a player having a name starting with 'pult4t2'.</div>
|j|☆PULT4T2 Irish
|j|☆Opjbb
|t:|1661275974
|gametype|singles
|player|p1|PULT4T2 Irish|misty|1404
|player|p2|Opjbb|102|1321
|teamsize|p1|6
|teamsize|p2|6
|gen|8
|tier|[Gen 8] PU
|rated|
|rule|Sleep Clause Mod: Limit one foe put to sleep
|rule|Species Clause: Limit one of each Pokémon
|rule|OHKO Clause: OHKO moves are banned
|rule|Evasion Items Clause: Evasion items are banned
|rule|Evasion Moves Clause: Evasion moves are banned
|rule|Endless Battle Clause: Forcing endless battles is banned
|rule|HP Percentage Mod: HP is shown in percentages
|rule|Dynamax Clause: You cannot dynamax
|clearpoke
|poke|p1|Scrafty, F|
|poke|p1|Weezing, M|
|poke|p1|Doublade, M|
|poke|p1|Jolteon, M|
|poke|p1|Coalossal, F|
|poke|p1|Wishiwashi, F|
|poke|p2|Eldegoss, M|
|poke|p2|Articuno-Galar|
|poke|p2|Doublade, F|
|poke|p2|Gigalith, F|
|poke|p2|Scyther, F|
|poke|p2|Sandslash, F|
|teampreview
|
|t:|1661275985
|start
|switch|p1a: Jolteon|Jolteon, M|100/100
|switch|p2a: Gigalith|Gigalith, F|100/100
|-weather|Sandstorm|[from] ability: Sand Stream|[of] p2a: Gigalith
|turn|1
|
|t:|1661275996
|switch|p1a: Wishiwashi|Wishiwashi, F|100/100
|-formechange|p1a: Wishiwashi|Wishiwashi-School||[from] ability: Schooling
|move|p2a: Gigalith|Stealth Rock|p1a: Wishiwashi
|-sidestart|p1: PULT4T2 Irish|move: Stealth Rock
|
|-weather|Sandstorm|[upkeep]
|-damage|p1a: Wishiwashi|94/100|[from] Sandstorm
|-heal|p1a: Wishiwashi|100/100|[from] item: Leftovers
|upkeep
|turn|2
|
|t:|1661276006
|move|p1a: Wishiwashi|U-turn|p2a: Gigalith
|-crit|p2a: Gigalith
|-damage|p2a: Gigalith|80/100
|
|t:|1661276011
|switch|p1a: Weezing|Weezing, M|100/100|[from]move: U-turn
|-damage|p1a: Weezing|88/100|[from] Stealth Rock
|move|p2a: Gigalith|Rock Blast|p1a: Weezing
|-crit|p1a: Weezing
|-damage|p1a: Weezing|77/100
|-damage|p1a: Weezing|68/100
|-damage|p1a: Weezing|60/100
|-damage|p1a: Weezing|53/100
|-hitcount|p1a: Weezing|4
|
|-weather|Sandstorm|[upkeep]
|-damage|p1a: Weezing|47/100|[from] Sandstorm
|-heal|p2a: Gigalith|87/100|[from] item: Leftovers
|upkeep
|turn|3
|
|t:|1661276026
|move|p1a: Weezing|Pain Split|p2a: Gigalith
|-sethp|p2a: Gigalith|64/100|[from] move: Pain Split|[silent]
|-sethp|p1a: Weezing|72/100|[from] move: Pain Split
|move|p2a: Gigalith|Rock Blast|p1a: Weezing
|-damage|p1a: Weezing|65/100
|-damage|p1a: Weezing|57/100
|-hitcount|p1a: Weezing|2
|
|-weather|Sandstorm|[upkeep]
|-damage|p1a: Weezing|51/100|[from] Sandstorm
|-heal|p2a: Gigalith|70/100|[from] item: Leftovers
|upkeep
|turn|4
|
|t:|1661276033
|move|p1a: Weezing|Will-O-Wisp|p2a: Gigalith
|-status|p2a: Gigalith|brn
|move|p2a: Gigalith|Rock Blast|p1a: Weezing
|-damage|p1a: Weezing|47/100
|-damage|p1a: Weezing|44/100
|-damage|p1a: Weezing|39/100
|-damage|p1a: Weezing|36/100
|-hitcount|p1a: Weezing|4
|
|-weather|Sandstorm|[upkeep]
|-damage|p1a: Weezing|30/100|[from] Sandstorm
|-heal|p2a: Gigalith|76/100 brn|[from] item: Leftovers
|-damage|p2a: Gigalith|70/100 brn|[from] brn
|upkeep
|turn|5
|
|t:|1661276036
|move|p1a: Weezing|Pain Split|p2a: Gigalith
|-sethp|p2a: Gigalith|48/100 brn|[from] move: Pain Split|[silent]
|-sethp|p1a: Weezing|54/100|[from] move: Pain Split
|move|p2a: Gigalith|Rock Blast|p1a: Weezing
|-damage|p1a: Weezing|50/100
|-damage|p1a: Weezing|47/100
|-hitcount|p1a: Weezing|2
|
|-weather|none
|-heal|p2a: Gigalith|55/100 brn|[from] item: Leftovers
|-damage|p2a: Gigalith|48/100 brn|[from] brn
|upkeep
|turn|6
|inactive|Battle timer is ON: inactive players will automatically lose when time's up. (requested by PULT4T2 Irish)
|
|t:|1661276047
|move|p1a: Weezing|Toxic Spikes|p2a: Gigalith
|-sidestart|p2: Opjbb|move: Toxic Spikes
|move|p2a: Gigalith|Rest|p2a: Gigalith
|-status|p2a: Gigalith|slp|[from] move: Rest
|-heal|p2a: Gigalith|100/100 slp|[silent]
|
|upkeep
|turn|7
|
|t:|1661276060
|switch|p2a: Doublade|Doublade, F|100/100
|move|p1a: Weezing|Pain Split|p2a: Doublade
|-sethp|p2a: Doublade|74/100|[from] move: Pain Split|[silent]
|-sethp|p1a: Weezing|71/100|[from] move: Pain Split
|
|upkeep
|turn|8
|
|t:|1661276064
|move|p1a: Weezing|Will-O-Wisp|p2a: Doublade
|-status|p2a: Doublade|brn
|move|p2a: Doublade|Swords Dance|p2a: Doublade
|-boost|p2a: Doublade|atk|2
|
|-damage|p2a: Doublade|68/100 brn|[from] brn
|upkeep
|turn|9
|
|t:|1661276067
|switch|p1a: Scrafty|Scrafty, F|100/100
|-damage|p1a: Scrafty|95/100|[from] Stealth Rock
|move|p2a: Doublade|Swords Dance|p2a: Doublade
|-boost|p2a: Doublade|atk|2
|
|-damage|p2a: Doublade|62/100 brn|[from] brn
|upkeep
|turn|10
|
|t:|1661276070
|move|p1a: Scrafty|Knock Off|p2a: Doublade
|-supereffective|p2a: Doublade
|-damage|p2a: Doublade|5/100 brn
|-enditem|p2a: Doublade|Eviolite|[from] move: Knock Off|[of] p1a: Scrafty
|move|p2a: Doublade|Close Combat|p1a: Scrafty
|-supereffective|p1a: Scrafty
|-damage|p1a: Scrafty|0 fnt
|-unboost|p2a: Doublade|def|1
|-unboost|p2a: Doublade|spd|1
|faint|p1a: Scrafty
|
|-damage|p2a: Doublade|0 fnt|[from] brn
|faint|p2a: Doublade
|upkeep
|
|t:|1661276090
|switch|p1a: Doublade|Doublade, M|100/100
|switch|p2a: Eldegoss|Eldegoss, M|100/100
|-damage|p1a: Doublade|94/100|[from] Stealth Rock
|turn|11
|
|t:|1661276096
|move|p2a: Eldegoss|Sleep Powder|p1a: Doublade
|-status|p1a: Doublade|slp|[from] move: Sleep Powder
|cant|p1a: Doublade|slp
|
|upkeep
|turn|12
|
|t:|1661276107
|switch|p2a: Scyther|Scyther, F|100/100
|switch|p1a: Jolteon|Jolteon, M|100/100
|
|upkeep
|turn|13
|
|t:|1661276113
|switch|p2a: Gigalith|Gigalith, F|100/100 slp
|-weather|Sandstorm|[from] ability: Sand Stream|[of] p2a: Gigalith
|move|p1a: Jolteon|Volt Switch|p2a: Gigalith
|-damage|p2a: Gigalith|85/100 slp
|
|t:|1661276122
|switch|p1a: Coalossal|Coalossal, F|100/100|[from]move: Volt Switch
|
|-weather|Sandstorm|[upkeep]
|-heal|p2a: Gigalith|91/100 slp|[from] item: Leftovers
|upkeep
|turn|14
|
|t:|1661276127
|move|p1a: Coalossal|Stealth Rock|p2a: Gigalith
|-sidestart|p2: Opjbb|move: Stealth Rock
|cant|p2a: Gigalith|slp
|
|-weather|Sandstorm|[upkeep]
|-heal|p2a: Gigalith|97/100 slp|[from] item: Leftovers
|upkeep
|turn|15
|
|t:|1661276130
|switch|p1a: Wishiwashi|Wishiwashi, F|100/100
|-damage|p1a: Wishiwashi|88/100|[from] Stealth Rock
|-formechange|p1a: Wishiwashi|Wishiwashi-School||[from] ability: Schooling
|cant|p2a: Gigalith|slp
|
|-weather|Sandstorm|[upkeep]
|-damage|p1a: Wishiwashi|82/100|[from] Sandstorm
|-heal|p1a: Wishiwashi|88/100|[from] item: Leftovers
|-heal|p2a: Gigalith|100/100 slp|[from] item: Leftovers
|upkeep
|turn|16
|
|t:|1661276138
|switch|p2a: Eldegoss|Eldegoss, M|100/100
|move|p1a: Wishiwashi|Scald|p2a: Eldegoss
|-resisted|p2a: Eldegoss
|-damage|p2a: Eldegoss|85/100
|
|-weather|Sandstorm|[upkeep]
|-damage|p2a: Eldegoss|79/100|[from] Sandstorm
|-damage|p1a: Wishiwashi|82/100|[from] Sandstorm
|-heal|p1a: Wishiwashi|88/100|[from] item: Leftovers
|upkeep
|turn|17
|
|t:|1661276143
|move|p2a: Eldegoss|Giga Drain|p1a: Wishiwashi
|-supereffective|p1a: Wishiwashi
|-damage|p1a: Wishiwashi|52/100
|-heal|p2a: Eldegoss|95/100|[from] drain|[of] p1a: Wishiwashi
|move|p1a: Wishiwashi|U-turn|p2a: Eldegoss
|-supereffective|p2a: Eldegoss
|-damage|p2a: Eldegoss|63/100
|
|t:|1661276150
|switch|p1a: Jolteon|Jolteon, M|100/100|[from]move: U-turn
|
|-weather|none
|upkeep
|turn|18
|
|t:|1661276158
|switch|p2a: Gigalith|Gigalith, F|100/100 slp
|-damage|p2a: Gigalith|88/100 slp|[from] Stealth Rock
|-weather|Sandstorm|[from] ability: Sand Stream|[of] p2a: Gigalith
|move|p1a: Jolteon|Toxic||[still]
|-fail|p1a: Jolteon
|
|-weather|Sandstorm|[upkeep]
|-damage|p1a: Jolteon|95/100|[from] Sandstorm
|-heal|p2a: Gigalith|94/100 slp|[from] item: Leftovers
|upkeep
|turn|19
|
|t:|1661276165
|move|p1a: Jolteon|Volt Switch|p2a: Gigalith
|-damage|p2a: Gigalith|76/100 slp
|
|t:|1661276170
|switch|p1a: Doublade|Doublade, M|94/100 slp|[from]move: Volt Switch
|-damage|p1a: Doublade|88/100 slp|[from] Stealth Rock
|-curestatus|p2a: Gigalith|slp|[msg]
|move|p2a: Gigalith|Earthquake|p1a: Doublade
|-supereffective|p1a: Doublade
|-damage|p1a: Doublade|55/100 slp
|
|-weather|Sandstorm|[upkeep]
|-heal|p2a: Gigalith|83/100|[from] item: Leftovers
|upkeep
|turn|20
|
|t:|1661276177
|switch|p1a: Weezing|Weezing, M|71/100
|-damage|p1a: Weezing|59/100|[from] Stealth Rock
|move|p2a: Gigalith|Earthquake|p1a: Weezing
|-immune|p1a: Weezing|[from] ability: Levitate
|
|-weather|Sandstorm|[upkeep]
|-damage|p1a: Weezing|53/100|[from] Sandstorm
|-heal|p2a: Gigalith|89/100|[from] item: Leftovers
|upkeep
|turn|21
|
|t:|1661276182
|move|p1a: Weezing|Pain Split|p2a: Gigalith
|-sethp|p2a: Gigalith|68/100|[from] move: Pain Split|[silent]
|-sethp|p1a: Weezing|76/100|[from] move: Pain Split
|move|p2a: Gigalith|Rock Blast|p1a: Weezing
|-damage|p1a: Weezing|69/100
|-damage|p1a: Weezing|60/100
|-hitcount|p1a: Weezing|2
|
|-weather|Sandstorm|[upkeep]
|-damage|p1a: Weezing|54/100|[from] Sandstorm
|-heal|p2a: Gigalith|74/100|[from] item: Leftovers
|upkeep
|turn|22
|
|t:|1661276193
|move|p1a: Weezing|Will-O-Wisp|p2a: Gigalith
|-status|p2a: Gigalith|brn
|move|p2a: Gigalith|Rock Blast|p1a: Weezing
|-damage|p1a: Weezing|50/100
|-damage|p1a: Weezing|47/100
|-damage|p1a: Weezing|43/100
|-damage|p1a: Weezing|39/100
|-hitcount|p1a: Weezing|4
|
|-weather|none
|-heal|p2a: Gigalith|80/100 brn|[from] item: Leftovers
|-damage|p2a: Gigalith|74/100 brn|[from] brn
|upkeep
|turn|23
|
|t:|1661276201
|move|p1a: Weezing|Pain Split|p2a: Gigalith
|-sethp|p2a: Gigalith|55/100 brn|[from] move: Pain Split|[silent]
|-sethp|p1a: Weezing|61/100|[from] move: Pain Split
|move|p2a: Gigalith|Rock Blast|p1a: Weezing|[miss]
|-miss|p2a: Gigalith|p1a: Weezing
|
|-heal|p2a: Gigalith|61/100 brn|[from] item: Leftovers
|-damage|p2a: Gigalith|55/100 brn|[from] brn
|upkeep
|turn|24
|
|t:|1661276207
|switch|p1a: Wishiwashi|Wishiwashi, F|52/100
|-damage|p1a: Wishiwashi|39/100|[from] Stealth Rock
|-formechange|p1a: Wishiwashi|Wishiwashi-School||[from] ability: Schooling
|move|p2a: Gigalith|Rock Blast|p1a: Wishiwashi
|-damage|p1a: Wishiwashi|35/100
|-damage|p1a: Wishiwashi|31/100
|-hitcount|p1a: Wishiwashi|2
|
|-heal|p1a: Wishiwashi|37/100|[from] item: Leftovers
|-heal|p2a: Gigalith|61/100 brn|[from] item: Leftovers
|-damage|p2a: Gigalith|55/100 brn|[from] brn
|upkeep
|turn|25
|j| drey77
|
|t:|1661276223
|switch|p2a: Eldegoss|Eldegoss, M|96/100
|move|p1a: Wishiwashi|Rest|p1a: Wishiwashi
|-status|p1a: Wishiwashi|slp|[from] move: Rest
|-heal|p1a: Wishiwashi|100/100 slp|[silent]
|
|upkeep
|turn|26
|
|t:|1661276229
|switch|p1a: Doublade|Doublade, M|55/100 slp
|-damage|p1a: Doublade|49/100 slp|[from] Stealth Rock
|move|p2a: Eldegoss|Giga Drain|p1a: Doublade
|-resisted|p1a: Doublade
|-damage|p1a: Doublade|35/100 slp
|-heal|p2a: Eldegoss|100/100|[from] drain|[of] p1a: Doublade
|
|upkeep
|turn|27
|
|t:|1661276238
|switch|p2a: Scyther|Scyther, F|100/100
|cant|p1a: Doublade|slp
|
|upkeep
|turn|28
|
|t:|1661276244
|switch|p1a: Coalossal|Coalossal, F|100/100
|move|p2a: Scyther|Knock Off|p1a: Coalossal
|-damage|p1a: Coalossal|81/100
|-status|p2a: Scyther|brn|[from] ability: Flame Body|[of] p1a: Coalossal
|-enditem|p1a: Coalossal|Heavy-Duty Boots|[from] move: Knock Off|[of] p2a: Scyther
|
|-damage|p2a: Scyther|94/100 brn|[from] brn
|upkeep
|turn|29
|
|t:|1661276253
|move|p2a: Scyther|U-turn|p1a: Coalossal
|-resisted|p1a: Coalossal
|-damage|p1a: Coalossal|75/100
|
|t:|1661276255
|switch|p2a: Gigalith|Gigalith, F|55/100 brn|[from]move: U-turn
|-damage|p2a: Gigalith|42/100 brn|[from] Stealth Rock
|-weather|Sandstorm|[from] ability: Sand Stream|[of] p2a: Gigalith
|move|p1a: Coalossal|Rapid Spin|p2a: Gigalith
|-resisted|p2a: Gigalith
|-damage|p2a: Gigalith|40/100 brn
|-boost|p1a: Coalossal|spe|1
|-sideend|p1: PULT4T2 Irish|Stealth Rock|[from] move: Rapid Spin|[of] p1a: Coalossal
|
|-weather|Sandstorm|[upkeep]
|-heal|p2a: Gigalith|46/100 brn|[from] item: Leftovers
|-damage|p2a: Gigalith|40/100 brn|[from] brn
|upkeep
|turn|30
|
|t:|1661276263
|move|p1a: Coalossal|Stone Edge|p2a: Gigalith
|-damage|p2a: Gigalith|22/100 brn
|move|p2a: Gigalith|Rest|p2a: Gigalith
|-status|p2a: Gigalith|slp|[from] move: Rest
|-heal|p2a: Gigalith|100/100 slp|[silent]
|
|-weather|Sandstorm|[upkeep]
|upkeep
|turn|31
|
|t:|1661276273
|switch|p1a: Doublade|Doublade, M|35/100 slp
|switch|p2a: Sandslash|Sandslash, F|100/100
|
|-weather|Sandstorm|[upkeep]
|upkeep
|turn|32
|
|t:|1661276276
|switch|p1a: Wishiwashi|Wishiwashi, F|100/100 slp
|-formechange|p1a: Wishiwashi|Wishiwashi-School||[from] ability: Schooling
|move|p2a: Sandslash|Earthquake|p1a: Wishiwashi
|-damage|p1a: Wishiwashi|70/100 slp
|
|-weather|Sandstorm|[upkeep]
|-damage|p1a: Wishiwashi|63/100 slp|[from] Sandstorm
|-heal|p1a: Wishiwashi|70/100 slp|[from] item: Leftovers
|upkeep
|turn|33
|
|t:|1661276287
|switch|p2a: Eldegoss|Eldegoss, M|100/100
|cant|p1a: Wishiwashi|slp
|move|p1a: Wishiwashi|Sleep Talk|p1a: Wishiwashi
|move|p1a: Wishiwashi|Rest||[from]move: Sleep Talk|[still]
|-fail|p1a: Wishiwashi
|
|-weather|none
|-heal|p1a: Wishiwashi|76/100 slp|[from] item: Leftovers
|upkeep
|turn|34
|
|t:|1661276295
|switch|p1a: Doublade|Doublade, M|35/100 slp
|move|p2a: Eldegoss|Rapid Spin|p1a: Doublade
|-immune|p1a: Doublade
|
|upkeep
|turn|35
|
|t:|1661276305
|switch|p2a: Sandslash|Sandslash, F|100/100
|-curestatus|p1a: Doublade|slp|[msg]
|move|p1a: Doublade|Swords Dance|p1a: Doublade
|-boost|p1a: Doublade|atk|2
|
|upkeep
|turn|36
|
|t:|1661276310
|switch|p1a: Weezing|Weezing, M|61/100
|move|p2a: Sandslash|Earthquake|p1a: Weezing
|-immune|p1a: Weezing|[from] ability: Levitate
|
|upkeep
|turn|37
|
|t:|1661276316
|switch|p2a: Gigalith|Gigalith, F|100/100 slp
|-damage|p2a: Gigalith|88/100 slp|[from] Stealth Rock
|-weather|Sandstorm|[from] ability: Sand Stream|[of] p2a: Gigalith
|move|p1a: Weezing|Will-O-Wisp||[still]
|-fail|p1a: Weezing
|
|-weather|Sandstorm|[upkeep]
|-damage|p1a: Weezing|55/100|[from] Sandstorm
|-heal|p2a: Gigalith|94/100 slp|[from] item: Leftovers
|upkeep
|turn|38
|
|t:|1661276325
|move|p1a: Weezing|Pain Split|p2a: Gigalith
|-sethp|p2a: Gigalith|72/100 slp|[from] move: Pain Split|[silent]
|-sethp|p1a: Weezing|80/100|[from] move: Pain Split
|cant|p2a: Gigalith|slp
|
|-weather|Sandstorm|[upkeep]
|-damage|p1a: Weezing|74/100|[from] Sandstorm
|-heal|p2a: Gigalith|78/100 slp|[from] item: Leftovers
|upkeep
|turn|39
|
|t:|1661276332
|switch|p1a: Wishiwashi|Wishiwashi, F|76/100 slp
|-formechange|p1a: Wishiwashi|Wishiwashi-School||[from] ability: Schooling
|cant|p2a: Gigalith|slp
|
|-weather|Sandstorm|[upkeep]
|-damage|p1a: Wishiwashi|70/100 slp|[from] Sandstorm
|-heal|p1a: Wishiwashi|76/100 slp|[from] item: Leftovers
|-heal|p2a: Gigalith|84/100 slp|[from] item: Leftovers
|upkeep
|turn|40
|
|t:|1661276341
|switch|p2a: Articuno|Articuno-Galar|100/100
|-damage|p2a: Articuno|76/100|[from] Stealth Rock
|cant|p1a: Wishiwashi|slp
|move|p1a: Wishiwashi|Sleep Talk|p1a: Wishiwashi
|move|p1a: Wishiwashi|Rest||[from]move: Sleep Talk|[still]
|-fail|p1a: Wishiwashi
|
|-weather|Sandstorm|[upkeep]
|-damage|p2a: Articuno|69/100|[from] Sandstorm
|-damage|p1a: Wishiwashi|70/100 slp|[from] Sandstorm
|-heal|p1a: Wishiwashi|76/100 slp|[from] item: Leftovers
|upkeep
|turn|41
|
|t:|1661276350
|move|p2a: Articuno|Freezing Glare|p1a: Wishiwashi
|-damage|p1a: Wishiwashi|18/100 slp
|-curestatus|p1a: Wishiwashi|slp|[msg]
|move|p1a: Wishiwashi|U-turn|p2a: Articuno
|-damage|p2a: Articuno|46/100
|
|t:|1661276357
|switch|p1a: Jolteon|Jolteon, M|95/100|[from]move: U-turn
|
|-weather|none
|upkeep
|turn|42
|
|t:|1661276364
|switch|p2a: Gigalith|Gigalith, F|84/100 slp
|-damage|p2a: Gigalith|72/100 slp|[from] Stealth Rock
|-weather|Sandstorm|[from] ability: Sand Stream|[of] p2a: Gigalith
|move|p1a: Jolteon|Volt Switch|p2a: Gigalith
|-damage|p2a: Gigalith|54/100 slp
|
|t:|1661276368
|switch|p1a: Doublade|Doublade, M|35/100|[from]move: Volt Switch
|
|-weather|Sandstorm|[upkeep]
|-heal|p2a: Gigalith|60/100 slp|[from] item: Leftovers
|upkeep
|turn|43
|inactive|Opjbb has 120 seconds left.
|
|t:|1661276402
|switch|p2a: Sandslash|Sandslash, F|100/100
|move|p1a: Doublade|Iron Head|p2a: Sandslash
|-crit|p2a: Sandslash
|-damage|p2a: Sandslash|49/100
|
|-weather|Sandstorm|[upkeep]
|upkeep
|turn|44
|
|t:|1661276410
|switch|p1a: Weezing|Weezing, M|74/100
|move|p2a: Sandslash|Spikes|p1a: Weezing
|-sidestart|p1: PULT4T2 Irish|Spikes
|
|-weather|Sandstorm|[upkeep]
|-damage|p1a: Weezing|68/100|[from] Sandstorm
|upkeep
|turn|45
|
|t:|1661276415
|switch|p2a: Gigalith|Gigalith, F|60/100 slp
|-damage|p2a: Gigalith|48/100 slp|[from] Stealth Rock
|move|p1a: Weezing|Will-O-Wisp||[still]
|-fail|p1a: Weezing
|
|-weather|Sandstorm|[upkeep]
|-damage|p1a: Weezing|62/100|[from] Sandstorm
|-heal|p2a: Gigalith|54/100 slp|[from] item: Leftovers
|upkeep
|turn|46
|
|t:|1661276426
|move|p1a: Weezing|Sludge Bomb|p2a: Gigalith
|-resisted|p2a: Gigalith
|-damage|p2a: Gigalith|48/100 slp
|-curestatus|p2a: Gigalith|slp|[msg]
|move|p2a: Gigalith|Rock Blast|p1a: Weezing
|-damage|p1a: Weezing|54/100
|-crit|p1a: Weezing
|-damage|p1a: Weezing|42/100
|-damage|p1a: Weezing|35/100
|-hitcount|p1a: Weezing|3
|
|-weather|none
|-heal|p2a: Gigalith|54/100|[from] item: Leftovers
|upkeep
|turn|47
|
|t:|1661276433
|move|p1a: Weezing|Will-O-Wisp|p2a: Gigalith
|-status|p2a: Gigalith|brn
|move|p2a: Gigalith|Rock Blast|p1a: Weezing
|-damage|p1a: Weezing|31/100
|-damage|p1a: Weezing|27/100
|-crit|p1a: Weezing
|-damage|p1a: Weezing|21/100
|-damage|p1a: Weezing|17/100
|-damage|p1a: Weezing|14/100
|-hitcount|p1a: Weezing|5
|
|-heal|p2a: Gigalith|60/100 brn|[from] item: Leftovers
|-damage|p2a: Gigalith|54/100 brn|[from] brn
|upkeep
|turn|48
|
|t:|1661276446
|move|p1a: Weezing|Pain Split|p2a: Gigalith
|-sethp|p2a: Gigalith|33/100 brn|[from] move: Pain Split|[silent]
|-sethp|p1a: Weezing|37/100|[from] move: Pain Split
|move|p2a: Gigalith|Stealth Rock|p1a: Weezing
|-sidestart|p1: PULT4T2 Irish|move: Stealth Rock
|
|-heal|p2a: Gigalith|39/100 brn|[from] item: Leftovers
|-damage|p2a: Gigalith|33/100 brn|[from] brn
|upkeep
|turn|49
|
|t:|1661276455
|switch|p1a: Coalossal|Coalossal, F|75/100
|-damage|p1a: Coalossal|63/100|[from] Spikes
|-damage|p1a: Coalossal|38/100|[from] Stealth Rock
|move|p2a: Gigalith|Rock Blast|p1a: Coalossal
|-supereffective|p1a: Coalossal
|-damage|p1a: Coalossal|31/100
|-supereffective|p1a: Coalossal
|-damage|p1a: Coalossal|23/100
|-supereffective|p1a: Coalossal
|-damage|p1a: Coalossal|14/100
|-supereffective|p1a: Coalossal
|-damage|p1a: Coalossal|6/100
|-hitcount|p1a: Coalossal|4
|
|-heal|p2a: Gigalith|39/100 brn|[from] item: Leftovers
|-damage|p2a: Gigalith|33/100 brn|[from] brn
|upkeep
|turn|50
|
|t:|1661276467
|move|p1a: Coalossal|Rapid Spin|p2a: Gigalith
|-resisted|p2a: Gigalith
|-damage|p2a: Gigalith|30/100 brn
|-boost|p1a: Coalossal|spe|1
|-sideend|p1: PULT4T2 Irish|Spikes|[from] move: Rapid Spin|[of] p1a: Coalossal
|-sideend|p1: PULT4T2 Irish|Stealth Rock|[from] move: Rapid Spin|[of] p1a: Coalossal
|move|p2a: Gigalith|Earthquake|p1a: Coalossal
|-supereffective|p1a: Coalossal
|-damage|p1a: Coalossal|0 fnt
|faint|p1a: Coalossal
|
|-heal|p2a: Gigalith|36/100 brn|[from] item: Leftovers
|-damage|p2a: Gigalith|30/100 brn|[from] brn
|upkeep
|
|t:|1661276471
|switch|p1a: Doublade|Doublade, M|35/100
|turn|51
|
|t:|1661276478
|move|p1a: Doublade|Iron Head|p2a: Gigalith
|-supereffective|p2a: Gigalith
|-damage|p2a: Gigalith|0 fnt
|faint|p2a: Gigalith
|
|upkeep
|
|t:|1661276487
|switch|p2a: Sandslash|Sandslash, F|49/100
|turn|52
|
|t:|1661276506
|move|p2a: Sandslash|Stone Edge|p1a: Doublade
|-resisted|p1a: Doublade
|-crit|p1a: Doublade
|-damage|p1a: Doublade|24/100
|move|p1a: Doublade|Iron Head|p2a: Sandslash
|-damage|p2a: Sandslash|15/100
|
|upkeep
|turn|53
|inactive|Opjbb has 120 seconds left.
|
|t:|1661276537
|move|p1a: Doublade|Shadow Sneak|p2a: Sandslash
|-damage|p2a: Sandslash|0 fnt
|faint|p2a: Sandslash
|
|upkeep
|
|t:|1661276542
|switch|p2a: Scyther|Scyther, F|94/100 brn
|turn|54
|
|t:|1661276547
|switch|p1a: Wishiwashi|Wishiwashi, F|18/100
|move|p2a: Scyther|Knock Off|p1a: Wishiwashi
|-damage|p1a: Wishiwashi|0 fnt
|-enditem|p1a: Wishiwashi|Leftovers|[from] move: Knock Off|[of] p2a: Scyther
|faint|p1a: Wishiwashi
|
|-damage|p2a: Scyther|88/100 brn|[from] brn
|upkeep
|
|t:|1661276549
|switch|p1a: Jolteon|Jolteon, M|95/100
|turn|55
|
|t:|1661276560
|switch|p2a: Eldegoss|Eldegoss, M|100/100
|move|p1a: Jolteon|Volt Switch|p2a: Eldegoss
|-resisted|p2a: Eldegoss
|-damage|p2a: Eldegoss|86/100
|
|t:|1661276564
|switch|p1a: Weezing|Weezing, M|37/100|[from]move: Volt Switch
|
|upkeep
|turn|56
|
|t:|1661276568
|move|p1a: Weezing|Sludge Bomb|p2a: Eldegoss
|-supereffective|p2a: Eldegoss
|-damage|p2a: Eldegoss|38/100
|move|p2a: Eldegoss|Rapid Spin|p1a: Weezing
|-damage|p1a: Weezing|33/100
|-boost|p2a: Eldegoss|spe|1
|-sideend|p2: Opjbb|Toxic Spikes|[from] move: Rapid Spin|[of] p2a: Eldegoss
|-sideend|p2: Opjbb|Stealth Rock|[from] move: Rapid Spin|[of] p2a: Eldegoss
|
|upkeep
|turn|57
|
|t:|1661276573
|move|p2a: Eldegoss|Aromatherapy|p2a: Eldegoss
|-activate|p2a: Eldegoss|move: Aromatherapy
|-curestatus|p2: Scyther|brn|[msg]
|move|p1a: Weezing|Sludge Bomb|p2a: Eldegoss
|-supereffective|p2a: Eldegoss
|-damage|p2a: Eldegoss|0 fnt
|faint|p2a: Eldegoss
|
|upkeep
|
|t:|1661276575
|switch|p2a: Articuno|Articuno-Galar|46/100
|turn|58
|
|t:|1661276580
|move|p2a: Articuno|Freezing Glare|p1a: Weezing
|-supereffective|p1a: Weezing
|-damage|p1a: Weezing|0 fnt
|faint|p1a: Weezing
|
|upkeep
|
|t:|1661276582
|switch|p1a: Doublade|Doublade, M|24/100
|turn|59
|
|t:|1661276584
|move|p1a: Doublade|Shadow Sneak|p2a: Articuno
|-supereffective|p2a: Articuno
|-damage|p2a: Articuno|0 fnt
|faint|p2a: Articuno
|
|upkeep
|
|t:|1661276587
|switch|p2a: Scyther|Scyther, F|88/100
|turn|60
|
|t:|1661276588
|move|p1a: Doublade|Shadow Sneak|p2a: Scyther
|-damage|p2a: Scyther|56/100
|move|p2a: Scyther|Knock Off|p1a: Doublade
|-supereffective|p1a: Doublade
|-damage|p1a: Doublade|0 fnt
|-enditem|p1a: Doublade|Eviolite|[from] move: Knock Off|[of] p2a: Scyther
|faint|p1a: Doublade
|
|upkeep
|
|t:|1661276590
|switch|p1a: Jolteon|Jolteon, M|95/100
|turn|61
|
|t:|1661276595
|move|p1a: Jolteon|Thunderbolt|p2a: Scyther
|-supereffective|p2a: Scyther
|-damage|p2a: Scyther|0 fnt
|faint|p2a: Scyther
|
|win|PULT4T2 Irish
|raw|PULT4T2 Irish's rating: 1404 &rarr; <strong>1419</strong><br />(+15 for winning)
|raw|Opjbb's rating: 1321 &rarr; <strong>1306</strong><br />(-15 for losing)
|c|☆Opjbb|g
|c|☆Opjbb|gg
|c|☆PULT4T2 Irish|gg
|l|☆PULT4T2 Irish
|l|☆Opjbb
||Ladder isn't responding, score probably updated but might not have (Request timeout).
