|j|☆Tasteful
|j|☆Vishoclock
|t:|1648118845
|gametype|singles
|player|p1|Tasteful|265|1484
|player|p2|Vishoclock|cyrus|1419
|teamsize|p1|6
|teamsize|p2|6
|gen|8
|tier|[Gen 8] PU
|rated|
|rule|Sleep Clause Mod: Limit one foe put to sleep
|rule|Species Clause: Limit one of each Pokémon
|rule|OHKO Clause: OHKO moves are banned
|rule|Evasion Moves Clause: Evasion moves are banned
|rule|Endless Battle Clause: Forcing endless battles is banned
|rule|HP Percentage Mod: HP is shown in percentages
|rule|Dynamax Clause: You cannot dynamax
|clearpoke
|poke|p1|Centiskorch, F|
|poke|p1|Ferroseed, M|
|poke|p1|Sandslash, M|
|poke|p1|Gigalith, F|
|poke|p1|Aromatisse, M|
|poke|p1|Silvally-*|
|poke|p2|Arctovish|
|poke|p2|Weezing, F|
|poke|p2|Eldegoss, M|
|poke|p2|Scrafty, F|
|poke|p2|Gigalith, M|
|poke|p2|Mesprit|
|teampreview
|l|☆Tasteful
|player|p1|
|inactive|Battle timer is ON: inactive players will automatically lose when time's up. (requested by Vishoclock)
|j|☆Tasteful
|inactive|Tasteful reconnected and has 145 seconds left.
|player|p1|Tasteful|265
|
|t:|1648118887
|start
|switch|p1a: Ferroseed|Ferroseed, M|100/100
|switch|p2a: Arctovish|Arctovish|100/100
|turn|1
|
|t:|1648118907
|switch|p2a: Scrafty|Scrafty, F|100/100
|move|p1a: Ferroseed|Spikes|p2a: Scrafty
|-sidestart|p2: Vishoclock|Spikes
|
|upkeep
|turn|2
|
|t:|1648118925
|switch|p1a: Aromatisse|Aromatisse, M|100/100
|move|p2a: Scrafty|Knock Off|p1a: Aromatisse
|-resisted|p1a: Aromatisse
|-damage|p1a: Aromatisse|85/100
|-enditem|p1a: Aromatisse|Leftovers|[from] move: Knock Off|[of] p2a: Scrafty
|
|upkeep
|turn|3
|
|t:|1648118934
|switch|p2a: Weezing|Weezing, F|100/100
|-ability|p2a: Weezing|Neutralizing Gas
|-damage|p2a: Weezing|88/100|[from] Spikes
|move|p1a: Aromatisse|Moonblast|p2a: Weezing
|-resisted|p2a: Weezing
|-damage|p2a: Weezing|68/100
|
|-heal|p2a: Weezing|74/100|[from] item: Black Sludge
|upkeep
|turn|4
|
|t:|1648118950
|switch|p1a: Ferroseed|Ferroseed, M|100/100
|move|p2a: Weezing|Toxic Spikes|p1a: Ferroseed
|-sidestart|p1: Tasteful|move: Toxic Spikes
|
|-heal|p2a: Weezing|80/100|[from] item: Black Sludge
|upkeep
|turn|5
|
|t:|1648118960
|move|p2a: Weezing|Toxic Spikes|p1a: Ferroseed
|-sidestart|p1: Tasteful|move: Toxic Spikes
|move|p1a: Ferroseed|Leech Seed|p2a: Weezing
|-start|p2a: Weezing|move: Leech Seed
|
|-heal|p2a: Weezing|86/100|[from] item: Black Sludge
|-damage|p2a: Weezing|74/100|[from] Leech Seed|[of] p1a: Ferroseed
|upkeep
|turn|6
|
|t:|1648118963
|-end|p2a: Weezing|ability: Neutralizing Gas
|switch|p2a: Eldegoss|Eldegoss, M|100/100
|move|p1a: Ferroseed|Spikes|p2a: Eldegoss
|-sidestart|p2: Vishoclock|Spikes
|
|upkeep
|turn|7
|
|t:|1648118979
|switch|p1a: Silvally|Silvally-Ghost|100/100
|-status|p1a: Silvally|tox
|move|p2a: Eldegoss|Rapid Spin|p1a: Silvally
|-immune|p1a: Silvally
|
|-damage|p1a: Silvally|94/100 tox|[from] psn
|upkeep
|turn|8
|
|t:|1648118988
|move|p1a: Silvally|Swords Dance|p1a: Silvally
|-boost|p1a: Silvally|atk|2
|move|p2a: Eldegoss|Rapid Spin|p1a: Silvally
|-immune|p1a: Silvally
|
|-damage|p1a: Silvally|82/100 tox|[from] psn
|upkeep
|turn|9
|
|t:|1648118999
|move|p1a: Silvally|Multi-Attack|p2a: Eldegoss
|-damage|p2a: Eldegoss|17/100
|move|p2a: Eldegoss|Giga Drain|p1a: Silvally
|-damage|p1a: Silvally|58/100 tox
|-heal|p2a: Eldegoss|30/100|[from] drain|[of] p1a: Silvally
|
|-damage|p1a: Silvally|39/100 tox|[from] psn
|upkeep
|turn|10
|
|t:|1648119007
|switch|p2a: Weezing|Weezing, F|74/100
|-ability|p2a: Weezing|Neutralizing Gas
|-damage|p2a: Weezing|57/100|[from] Spikes
|move|p1a: Silvally|Flame Charge|p2a: Weezing
|-damage|p2a: Weezing|37/100
|-boost|p1a: Silvally|spe|1
|
|-heal|p2a: Weezing|43/100|[from] item: Black Sludge
|-damage|p1a: Silvally|15/100 tox|[from] psn
|upkeep
|turn|11
|
|t:|1648119012
|move|p1a: Silvally|Multi-Attack|p2a: Weezing
|-damage|p2a: Weezing|0 fnt
|faint|p2a: Weezing
|-end|p2a: Weezing|ability: Neutralizing Gas
|
|-damage|p1a: Silvally|0 fnt|[from] psn
|faint|p1a: Silvally
|upkeep
|
|t:|1648119018
|switch|p1a: Sandslash|Sandslash, M|100/100
|switch|p2a: Arctovish|Arctovish|100/100
|-damage|p2a: Arctovish|84/100|[from] Spikes
|-status|p1a: Sandslash|tox
|turn|12
|
|t:|1648119024
|move|p2a: Arctovish|Fishious Rend|p1a: Sandslash
|-supereffective|p1a: Sandslash
|-damage|p1a: Sandslash|0 fnt
|faint|p1a: Sandslash
|
|upkeep
|
|t:|1648119028
|switch|p1a: Ferroseed|Ferroseed, M|100/100
|turn|13
|
|t:|1648119031
|switch|p2a: Eldegoss|Eldegoss, M|63/100
|move|p1a: Ferroseed|Spikes|p2a: Eldegoss
|-sidestart|p2: Vishoclock|Spikes
|
|upkeep
|turn|14
|
|t:|1648119038
|switch|p1a: Centiskorch|Centiskorch, F|100/100
|move|p2a: Eldegoss|Rapid Spin|p1a: Centiskorch
|-damage|p1a: Centiskorch|92/100
|-boost|p2a: Eldegoss|spe|1
|-sideend|p2: Vishoclock|Spikes|[from] move: Rapid Spin|[of] p2a: Eldegoss
|
|upkeep
|turn|15
|
|t:|1648119046
|switch|p2a: Mesprit|Mesprit|100/100
|move|p1a: Centiskorch|Power Whip|p2a: Mesprit
|-damage|p2a: Mesprit|57/100
|
|upkeep
|turn|16
|
|t:|1648119053
|move|p2a: Mesprit|Psychic|p1a: Centiskorch
|-damage|p1a: Centiskorch|52/100
|move|p1a: Centiskorch|Fire Lash|p2a: Mesprit
|-damage|p2a: Mesprit|7/100
|-unboost|p2a: Mesprit|def|1
|
|upkeep
|turn|17
|
|t:|1648119063
|switch|p1a: Gigalith|Gigalith, F|100/100
|-status|p1a: Gigalith|tox
|-weather|Sandstorm|[from] ability: Sand Stream|[of] p1a: Gigalith
|move|p2a: Mesprit|Psychic|p1a: Gigalith
|-damage|p1a: Gigalith|81/100 tox
|-unboost|p1a: Gigalith|spd|1
|
|-weather|Sandstorm|[upkeep]
|-damage|p2a: Mesprit|1/100|[from] Sandstorm
|-heal|p1a: Gigalith|87/100 tox|[from] item: Leftovers
|-damage|p1a: Gigalith|81/100 tox|[from] psn
|upkeep
|turn|18
|
|t:|1648119072
|move|p2a: Mesprit|Energy Ball|p1a: Gigalith
|-supereffective|p1a: Gigalith
|-damage|p1a: Gigalith|41/100 tox
|move|p1a: Gigalith|Stealth Rock|p2a: Mesprit
|-sidestart|p2: Vishoclock|move: Stealth Rock
|
|-weather|Sandstorm|[upkeep]
|-damage|p2a: Mesprit|0 fnt|[from] Sandstorm
|faint|p2a: Mesprit
|-heal|p1a: Gigalith|47/100 tox|[from] item: Leftovers
|-damage|p1a: Gigalith|34/100 tox|[from] psn
|upkeep
|
|t:|1648119075
|switch|p2a: Eldegoss|Eldegoss, M|96/100
|turn|19
|
|t:|1648119081
|switch|p1a: Centiskorch|Centiskorch, F|52/100
|move|p2a: Eldegoss|Rapid Spin|p1a: Centiskorch
|-damage|p1a: Centiskorch|42/100
|-boost|p2a: Eldegoss|spe|1
|-sideend|p2: Vishoclock|Stealth Rock|[from] move: Rapid Spin|[of] p2a: Eldegoss
|
|-weather|Sandstorm|[upkeep]
|-damage|p2a: Eldegoss|90/100|[from] Sandstorm
|-damage|p1a: Centiskorch|36/100|[from] Sandstorm
|upkeep
|turn|20
|
|t:|1648119086
|move|p2a: Eldegoss|Leech Seed|p1a: Centiskorch
|-start|p1a: Centiskorch|move: Leech Seed
|move|p1a: Centiskorch|Leech Life|p2a: Eldegoss
|-supereffective|p2a: Eldegoss
|-damage|p2a: Eldegoss|20/100
|-heal|p1a: Centiskorch|70/100|[from] drain|[of] p2a: Eldegoss
|
|-weather|Sandstorm|[upkeep]
|-damage|p2a: Eldegoss|14/100|[from] Sandstorm
|-damage|p1a: Centiskorch|64/100|[from] Sandstorm
|-damage|p1a: Centiskorch|51/100|[from] Leech Seed|[of] p2a: Eldegoss
|-heal|p2a: Eldegoss|27/100|[silent]
|upkeep
|turn|21
|
|t:|1648119099
|switch|p2a: Scrafty|Scrafty, F|100/100
|switch|p1a: Ferroseed|Ferroseed, M|100/100
|
|-weather|none
|upkeep
|turn|22
|
|t:|1648119103
|switch|p1a: Aromatisse|Aromatisse, M|85/100
|-status|p1a: Aromatisse|tox
|move|p2a: Scrafty|Knock Off|p1a: Aromatisse
|-resisted|p1a: Aromatisse
|-damage|p1a: Aromatisse|75/100 tox
|
|-damage|p1a: Aromatisse|69/100 tox|[from] psn
|upkeep
|turn|23
|
|t:|1648119110
|switch|p2a: Arctovish|Arctovish|84/100
|move|p1a: Aromatisse|Heal Bell|p1a: Aromatisse
|-activate|p1a: Aromatisse|move: Heal Bell
|-curestatus|p1a: Aromatisse|tox|[msg]
|-curestatus|p1: Gigalith|tox|[msg]
|
|upkeep
|turn|24
|
|t:|1648119116
|move|p2a: Arctovish|Fishious Rend|p1a: Aromatisse
|-damage|p1a: Aromatisse|0 fnt
|faint|p1a: Aromatisse
|
|upkeep
|
|t:|1648119122
|switch|p1a: Ferroseed|Ferroseed, M|100/100
|turn|25
|
|t:|1648119126
|switch|p2a: Scrafty|Scrafty, F|100/100
|move|p1a: Ferroseed|Gyro Ball|p2a: Scrafty
|-damage|p2a: Scrafty|65/100
|
|-heal|p2a: Scrafty|71/100|[from] item: Leftovers
|upkeep
|turn|26
|
|t:|1648119132
|move|p2a: Scrafty|Knock Off|p1a: Ferroseed
|-damage|p1a: Ferroseed|77/100
|-damage|p2a: Scrafty|58/100|[from] ability: Iron Barbs|[of] p1a: Ferroseed
|-enditem|p1a: Ferroseed|Eviolite|[from] move: Knock Off|[of] p2a: Scrafty
|move|p1a: Ferroseed|Leech Seed|p2a: Scrafty
|-start|p2a: Scrafty|move: Leech Seed
|
|-heal|p2a: Scrafty|64/100|[from] item: Leftovers
|-damage|p2a: Scrafty|52/100|[from] Leech Seed|[of] p1a: Ferroseed
|-heal|p1a: Ferroseed|88/100|[silent]
|upkeep
|turn|27
|
|t:|1648119149
|switch|p2a: Eldegoss|Eldegoss, M|60/100
|move|p1a: Ferroseed|Protect||[still]
|-fail|p1a: Ferroseed
|
|upkeep
|turn|28
|
|t:|1648119155
|switch|p1a: Centiskorch|Centiskorch, F|51/100
|move|p2a: Eldegoss|Giga Drain|p1a: Centiskorch
|-resisted|p1a: Centiskorch
|-damage|p1a: Centiskorch|46/100
|-heal|p2a: Eldegoss|63/100|[from] drain|[of] p1a: Centiskorch
|
|upkeep
|turn|29
|
|t:|1648119162
|move|p1a: Centiskorch|Leech Life|p2a: Eldegoss
|-supereffective|p2a: Eldegoss
|-crit|p2a: Eldegoss
|-damage|p2a: Eldegoss|0 fnt
|-heal|p1a: Centiskorch|76/100|[from] drain|[of] p2a: Eldegoss
|faint|p2a: Eldegoss
|
|upkeep
|
|t:|1648119166
|switch|p2a: Gigalith|Gigalith, M|100/100
|-weather|Sandstorm|[from] ability: Sand Stream|[of] p2a: Gigalith
|turn|30
|
|t:|1648119171
|move|p1a: Centiskorch|Power Whip|p2a: Gigalith
|-supereffective|p2a: Gigalith
|-damage|p2a: Gigalith|42/100
|move|p2a: Gigalith|Rock Blast|p1a: Centiskorch
|-supereffective|p1a: Centiskorch
|-crit|p1a: Centiskorch
|-damage|p1a: Centiskorch|0 fnt
|faint|p1a: Centiskorch
|-hitcount|p1: Centiskorch|1
|
|-weather|Sandstorm|[upkeep]
|-heal|p2a: Gigalith|48/100|[from] item: Leftovers
|upkeep
|
|t:|1648119178
|switch|p1a: Gigalith|Gigalith, F|34/100
|-status|p1a: Gigalith|tox
|turn|31
|
|t:|1648119185
|move|p1a: Gigalith|Earthquake|p2a: Gigalith
|-supereffective|p2a: Gigalith
|-damage|p2a: Gigalith|5/100
|move|p2a: Gigalith|Earthquake|p1a: Gigalith
|-supereffective|p1a: Gigalith
|-damage|p1a: Gigalith|0 fnt
|faint|p1a: Gigalith
|
|-weather|Sandstorm|[upkeep]
|-heal|p2a: Gigalith|11/100|[from] item: Leftovers
|upkeep
|
|t:|1648119189
|switch|p1a: Ferroseed|Ferroseed, M|88/100
|turn|32
|
|t:|1648119192
|move|p2a: Gigalith|Earthquake|p1a: Ferroseed
|-damage|p1a: Ferroseed|61/100
|move|p1a: Ferroseed|Gyro Ball|p2a: Gigalith
|-supereffective|p2a: Gigalith
|-damage|p2a: Gigalith|0 fnt
|faint|p2a: Gigalith
|
|-weather|Sandstorm|[upkeep]
|upkeep
|
|t:|1648119196
|switch|p2a: Arctovish|Arctovish|84/100
|turn|33
|
|t:|1648119199
|move|p2a: Arctovish|Fishious Rend|p1a: Ferroseed
|-resisted|p1a: Ferroseed
|-damage|p1a: Ferroseed|15/100
|-damage|p2a: Arctovish|72/100|[from] ability: Iron Barbs|[of] p1a: Ferroseed
|move|p1a: Ferroseed|Gyro Ball|p2a: Arctovish
|-damage|p2a: Arctovish|39/100
|
|-weather|Sandstorm|[upkeep]
|-damage|p2a: Arctovish|33/100|[from] Sandstorm
|upkeep
|turn|34
|
|t:|1648119209
|move|p1a: Ferroseed|Protect|p1a: Ferroseed
|-singleturn|p1a: Ferroseed|Protect
|move|p2a: Arctovish|Fishious Rend|p1a: Ferroseed
|-activate|p1a: Ferroseed|move: Protect
|
|-weather|none
|upkeep
|turn|35
|
|t:|1648119213
|move|p2a: Arctovish|Fishious Rend|p1a: Ferroseed
|-resisted|p1a: Ferroseed
|-damage|p1a: Ferroseed|0 fnt
|-damage|p2a: Arctovish|21/100|[from] ability: Iron Barbs|[of] p1a: Ferroseed
|faint|p1a: Ferroseed
|
|win|Vishoclock
|raw|Tasteful's rating: 1484 &rarr; <strong>1460</strong><br />(-24 for losing)
|raw|Vishoclock's rating: 1419 &rarr; <strong>1443</strong><br />(+24 for winning)
|l|☆Tasteful
|c|☆Vishoclock|Gg
