|j|☆Toxicidad fuera
|j|☆gaypos
|t:|1610845658
|player|p1|Toxicidad fuera|misty|1181
|player|p2|gaypos|pokemonbreeder-gen4|1201
|teamsize|p1|6
|teamsize|p2|6
|gametype|singles
|gen|8
|tier|[Gen 8] PU
|rated|
|clearpoke
|poke|p1|Mawile, M|
|poke|p1|Kadabra, F|
|poke|p1|Liepard, F|
|poke|p1|Oranguru, F|
|poke|p1|Rapidash, M|
|poke|p1|Meowstic, M|
|poke|p2|Virizion|
|poke|p2|Palossand, M|
|poke|p2|Weezing, M|
|poke|p2|Scrafty, F|
|poke|p2|Alcremie-Matcha-Cream, F|
|poke|p2|Togedemaru, F|
|rule|Sleep Clause Mod: Limit one foe put to sleep
|rule|Species Clause: Limit one of each Pokémon
|rule|OHKO Clause: OHKO moves are banned
|rule|Evasion Moves Clause: Evasion moves are banned
|rule|Endless Battle Clause: Forcing endless battles is banned
|rule|HP Percentage Mod: HP is shown in percentages
|rule|Dynamax Clause: You cannot dynamax
|teampreview
|
|t:|1610845676
|start
|switch|p1a: Kadabra|Kadabra, F|100/100
|switch|p2a: Weezing|Weezing, M, shiny|100/100
|turn|1
|
|t:|1610845687
|switch|p2a: Alcremie|Alcremie-Matcha-Cream, F|100/100
|move|p1a: Kadabra|Expanding Force|p2a: Alcremie
|-damage|p2a: Alcremie|68/100
|
|-heal|p2a: Alcremie|74/100|[from] item: Leftovers
|upkeep
|turn|2
|
|t:|1610845694
|move|p1a: Kadabra|Psyshock|p2a: Alcremie
|-damage|p2a: Alcremie|1/100
|move|p2a: Alcremie|Mystical Fire|p1a: Kadabra
|-damage|p1a: Kadabra|62/100
|-unboost|p1a: Kadabra|spa|1
|
|-heal|p2a: Alcremie|7/100|[from] item: Leftovers
|upkeep
|turn|3
|
|t:|1610845709
|switch|p2a: Scrafty|Scrafty, F|100/100
|move|p1a: Kadabra|Dazzling Gleam|p2a: Scrafty
|-supereffective|p2a: Scrafty
|-crit|p2a: Scrafty
|-damage|p2a: Scrafty|0 fnt
|faint|p2a: Scrafty
|
|upkeep
|c|☆gaypos|holy shit
|c|☆gaypos|the read on that one
|
|t:|1610845721
|switch|p2a: Palossand|Palossand, M, shiny|100/100
|turn|4
|
|t:|1610845730
|switch|p1a: Oranguru|Oranguru, F|100/100
|move|p2a: Palossand|Shadow Ball|p1a: Oranguru
|-immune|p1a: Oranguru
|
|upkeep
|turn|5
|
|t:|1610845740
|move|p2a: Palossand|Stealth Rock|p1a: Oranguru
|-sidestart|p1: Toxicidad fuera|move: Stealth Rock
|move|p1a: Oranguru|Trick Room|p1a: Oranguru
|-fieldstart|move: Trick Room|[of] p1a: Oranguru
|
|upkeep
|turn|6
|
|t:|1610845747
|move|p2a: Palossand|Earth Power|p1a: Oranguru
|-damage|p1a: Oranguru|76/100
|move|p1a: Oranguru|Nasty Plot|p1a: Oranguru
|-boost|p1a: Oranguru|spa|2
|
|-heal|p1a: Oranguru|82/100|[from] item: Leftovers
|upkeep
|turn|7
|
|t:|1610845761
|move|p2a: Palossand|Earth Power|p1a: Oranguru
|-damage|p1a: Oranguru|58/100
|move|p1a: Oranguru|Nasty Plot|p1a: Oranguru
|-boost|p1a: Oranguru|spa|2
|
|-heal|p1a: Oranguru|64/100|[from] item: Leftovers
|upkeep
|turn|8
|
|t:|1610845767
|move|p2a: Palossand|Earth Power|p1a: Oranguru
|-damage|p1a: Oranguru|37/100
|move|p1a: Oranguru|Psychic|p2a: Palossand
|-damage|p2a: Palossand|0 fnt
|faint|p2a: Palossand
|
|-heal|p1a: Oranguru|43/100|[from] item: Leftovers
|upkeep
|
|t:|1610845782
|switch|p2a: Weezing|Weezing, M, shiny|100/100
|turn|9
|
|t:|1610845789
|switch|p2a: Togedemaru|Togedemaru, F|100/100
|move|p1a: Oranguru|Psychic|p2a: Togedemaru
|-resisted|p2a: Togedemaru
|-damage|p2a: Togedemaru|10/100
|-unboost|p2a: Togedemaru|spd|1
|
|-heal|p1a: Oranguru|49/100|[from] item: Leftovers
|-fieldend|move: Trick Room
|upkeep
|turn|10
|
|t:|1610845801
|move|p2a: Togedemaru|U-turn|p1a: Oranguru
|-supereffective|p1a: Oranguru
|-damage|p1a: Oranguru|9/100
|
|t:|1610845803
|switch|p2a: Weezing|Weezing, M, shiny|100/100|[from]move: U-turn
|move|p1a: Oranguru|Trick Room|p1a: Oranguru
|-fieldstart|move: Trick Room|[of] p1a: Oranguru
|
|-heal|p1a: Oranguru|15/100|[from] item: Leftovers
|upkeep
|turn|11
|c|☆gaypos|ughhhhh togie girl you needed to kill that monster
|
|t:|1610845824
|move|p1a: Oranguru|Psychic|p2a: Weezing
|-supereffective|p2a: Weezing
|-damage|p2a: Weezing|0 fnt
|faint|p2a: Weezing
|
|-heal|p1a: Oranguru|21/100|[from] item: Leftovers
|upkeep
|c|☆Toxicidad fuera|rpi
|c|☆Toxicidad fuera|rip
|c|☆gaypos|yeah
|c|☆gaypos|rip lol gg in advance
|
|t:|1610845839
|switch|p2a: Alcremie|Alcremie-Matcha-Cream, F|7/100
|turn|12
|
|t:|1610845842
|move|p1a: Oranguru|Psychic|p2a: Alcremie
|-damage|p2a: Alcremie|0 fnt
|faint|p2a: Alcremie
|
|-heal|p1a: Oranguru|27/100|[from] item: Leftovers
|upkeep
|
|t:|1610845855
|switch|p2a: Virizion|Virizion|100/100
|turn|13
|c|☆Toxicidad fuera|gg
|
|t:|1610845860
|move|p1a: Oranguru|Psychic|p2a: Virizion
|-supereffective|p2a: Virizion
|-damage|p2a: Virizion|0 fnt
|faint|p2a: Virizion
|
|-heal|p1a: Oranguru|33/100|[from] item: Leftovers
|upkeep
|-message|gaypos forfeited.
|
|win|Toxicidad fuera
|l|☆gaypos
|l|☆Toxicidad fuera
|raw|Toxicidad fuera's rating: 1181 &rarr; <strong>1209</strong><br />(+28 for winning)
|raw|gaypos's rating: 1215 &rarr; <strong>1188</strong><br />(-27 for losing)
|j|☆Toxicidad fuera
|player|p1|Toxicidad fuera|misty
