|j|☆SingleAye
|j|☆bosox27
|t:|1641691639
|gametype|singles
|player|p1|SingleAye|beauty-gen4dp|1382
|player|p2|bosox27|265|1273
|teamsize|p1|6
|teamsize|p2|6
|gen|8
|tier|[Gen 8] PU
|rated|
|rule|Sleep Clause Mod: Limit one foe put to sleep
|rule|Species Clause: Limit one of each Pokémon
|rule|OHKO Clause: OHKO moves are banned
|rule|Evasion Moves Clause: Evasion moves are banned
|rule|Endless Battle Clause: Forcing endless battles is banned
|rule|HP Percentage Mod: HP is shown in percentages
|rule|Dynamax Clause: You cannot dynamax
|clearpoke
|poke|p1|Gigalith, F|
|poke|p1|Espeon, M|
|poke|p1|Qwilfish, M|
|poke|p1|Glastrier|
|poke|p1|Morpeko, F|
|poke|p1|Sandaconda, M|
|poke|p2|Audino, M|
|poke|p2|Silvally-*|
|poke|p2|Druddigon, M|
|poke|p2|Ferroseed, M|
|poke|p2|Ribombee, F|
|poke|p2|Scrafty, F|
|teampreview
|
|t:|1641691693
|start
|switch|p1a: Sandaconda|Sandaconda, M|100/100
|switch|p2a: Ferroseed|Ferroseed, M|100/100
|turn|1
|
|t:|1641691696
|switch|p1a: Espeon|Espeon, M|100/100
|move|p2a: Ferroseed|Knock Off|p1a: Espeon
|-supereffective|p1a: Espeon
|-damage|p1a: Espeon|74/100
|-enditem|p1a: Espeon|Leftovers|[from] move: Knock Off|[of] p2a: Ferroseed
|
|upkeep
|turn|2
|
|t:|1641691702
|switch|p1a: Qwilfish|Qwilfish, M|100/100
|-ability|p1a: Qwilfish|Intimidate|boost
|-unboost|p2a: Ferroseed|atk|1
|move|p2a: Ferroseed|Gyro Ball|p1a: Qwilfish
|-resisted|p1a: Qwilfish
|-damage|p1a: Qwilfish|89/100
|-damage|p2a: Ferroseed|84/100|[from] item: Rocky Helmet|[of] p1a: Qwilfish
|
|upkeep
|turn|3
|
|t:|1641691716
|move|p1a: Qwilfish|Taunt|p2a: Ferroseed
|-start|p2a: Ferroseed|move: Taunt
|cant|p2a: Ferroseed|move: Taunt|Spikes
|
|upkeep
|turn|4
|
|t:|1641691728
|switch|p2a: Druddigon|Druddigon, M|100/100
|move|p1a: Qwilfish|Spikes|p2a: Druddigon
|-sidestart|p2: bosox27|Spikes
|
|upkeep
|turn|5
|
|t:|1641691733
|move|p1a: Qwilfish|Taunt|p2a: Druddigon
|-start|p2a: Druddigon|move: Taunt
|move|p2a: Druddigon|Earthquake|p1a: Qwilfish
|-supereffective|p1a: Qwilfish
|-damage|p1a: Qwilfish|30/100
|
|upkeep
|turn|6
|
|t:|1641691742
|switch|p1a: Sandaconda|Sandaconda, M|100/100
|move|p2a: Druddigon|Dragon Tail|p1a: Sandaconda
|-crit|p1a: Sandaconda
|-damage|p1a: Sandaconda|77/100
|drag|p1a: Gigalith|Gigalith, F|100/100
|-weather|Sandstorm|[from] ability: Sand Stream|[of] p1a: Gigalith
|
|-weather|Sandstorm|[upkeep]
|-damage|p2a: Druddigon|94/100|[from] Sandstorm
|upkeep
|turn|7
|
|t:|1641691751
|switch|p2a: Ferroseed|Ferroseed, M|84/100
|-damage|p2a: Ferroseed|72/100|[from] Spikes
|move|p1a: Gigalith|Toxic|p2a: Ferroseed
|-immune|p2a: Ferroseed
|
|-weather|Sandstorm|[upkeep]
|upkeep
|turn|8
|
|t:|1641691757
|switch|p1a: Espeon|Espeon, M|74/100
|move|p2a: Ferroseed|Leech Seed|p1a: Espeon
|move|p1a: Espeon|Leech Seed|p2a: Ferroseed|[from]ability: Magic Bounce
|-immune|p2a: Ferroseed
|
|-weather|Sandstorm|[upkeep]
|-damage|p1a: Espeon|68/100|[from] Sandstorm
|upkeep
|turn|9
|
|t:|1641691764
|move|p1a: Espeon|Wish|p1a: Espeon
|move|p2a: Ferroseed|Spikes|p1a: Espeon
|move|p1a: Espeon|Spikes|p2a: Ferroseed|[from]ability: Magic Bounce
|-sidestart|p2: bosox27|Spikes
|
|-weather|Sandstorm|[upkeep]
|-damage|p1a: Espeon|62/100|[from] Sandstorm
|upkeep
|turn|10
|
|t:|1641691774
|switch|p1a: Qwilfish|Qwilfish, M|30/100
|-ability|p1a: Qwilfish|Intimidate|boost
|-unboost|p2a: Ferroseed|atk|1
|move|p2a: Ferroseed|Leech Seed|p1a: Qwilfish|[miss]
|-miss|p2a: Ferroseed|p1a: Qwilfish
|
|-weather|none
|-heal|p1a: Qwilfish|80/100|[from] move: Wish|[wisher] Espeon
|upkeep
|turn|11
|
|t:|1641691788
|switch|p2a: Silvally|Silvally-Ghost|100/100
|-damage|p2a: Silvally|84/100|[from] Spikes
|move|p1a: Qwilfish|Taunt|p2a: Silvally
|-start|p2a: Silvally|move: Taunt
|
|upkeep
|turn|12
|
|t:|1641691792
|move|p1a: Qwilfish|Spikes|p2a: Silvally
|-sidestart|p2: bosox27|Spikes
|move|p2a: Silvally|Shadow Ball|p1a: Qwilfish
|-damage|p1a: Qwilfish|37/100
|
|upkeep
|turn|13
|inactive|Battle timer is ON: inactive players will automatically lose when time's up. (requested by SingleAye)
|
|t:|1641691869
|switch|p1a: Glastrier|Glastrier|100/100
|move|p2a: Silvally|Shadow Ball|p1a: Glastrier
|-damage|p1a: Glastrier|87/100
|
|-end|p2a: Silvally|move: Taunt
|upkeep
|turn|14
|
|t:|1641691878
|move|p2a: Silvally|Parting Shot|p1a: Glastrier
|-unboost|p1a: Glastrier|atk|1
|-unboost|p1a: Glastrier|spa|1
|
|t:|1641691885
|switch|p2a: Scrafty|Scrafty, F|100/100|[from]move: Parting Shot
|-damage|p2a: Scrafty|76/100|[from] Spikes
|move|p1a: Glastrier|Icicle Crash|p2a: Scrafty
|-crit|p2a: Scrafty
|-damage|p2a: Scrafty|0 fnt
|faint|p2a: Scrafty
|-ability|p1a: Glastrier|Chilling Neigh|boost
|-boost|p1a: Glastrier|atk|1
|
|upkeep
|
|t:|1641691897
|switch|p2a: Ferroseed|Ferroseed, M|72/100
|-damage|p2a: Ferroseed|47/100|[from] Spikes
|turn|15
|
|t:|1641691904
|move|p1a: Glastrier|Icicle Crash|p2a: Ferroseed
|-damage|p2a: Ferroseed|10/100
|move|p2a: Ferroseed|Knock Off|p1a: Glastrier
|-damage|p1a: Glastrier|79/100
|-enditem|p1a: Glastrier|Assault Vest|[from] move: Knock Off|[of] p2a: Ferroseed
|
|upkeep
|turn|16
|inactive|bosox27 has 120 seconds left.
|
|t:|1641691950
|move|p1a: Glastrier|Icicle Crash|p2a: Ferroseed
|-damage|p2a: Ferroseed|0 fnt
|faint|p2a: Ferroseed
|-ability|p1a: Glastrier|Chilling Neigh|boost
|-boost|p1a: Glastrier|atk|1
|
|upkeep
|
|t:|1641691958
|switch|p2a: Silvally|Silvally-Ghost|84/100
|-damage|p2a: Silvally|59/100|[from] Spikes
|turn|17
|
|t:|1641691964
|move|p2a: Silvally|Shadow Ball|p1a: Glastrier
|-damage|p1a: Glastrier|59/100
|move|p1a: Glastrier|Crunch|p2a: Silvally
|-supereffective|p2a: Silvally
|-damage|p2a: Silvally|0 fnt
|faint|p2a: Silvally
|-ability|p1a: Glastrier|Chilling Neigh|boost
|-boost|p1a: Glastrier|atk|1
|
|upkeep
|
|t:|1641691975
|switch|p2a: Druddigon|Druddigon, M|94/100
|-damage|p2a: Druddigon|69/100|[from] Spikes
|turn|18
|
|t:|1641691988
|move|p2a: Druddigon|Fire Punch|p1a: Glastrier
|-supereffective|p1a: Glastrier
|-damage|p1a: Glastrier|30/100
|move|p1a: Glastrier|Icicle Crash|p2a: Druddigon|[miss]
|-miss|p1a: Glastrier|p2a: Druddigon
|
|upkeep
|turn|19
|
|t:|1641691992
|move|p2a: Druddigon|Fire Punch|p1a: Glastrier
|-supereffective|p1a: Glastrier
|-damage|p1a: Glastrier|4/100
|move|p1a: Glastrier|Icicle Crash|p2a: Druddigon
|-supereffective|p2a: Druddigon
|-crit|p2a: Druddigon
|-damage|p2a: Druddigon|0 fnt
|faint|p2a: Druddigon
|-ability|p1a: Glastrier|Chilling Neigh|boost
|-boost|p1a: Glastrier|atk|1
|
|upkeep
|
|t:|1641692002
|switch|p2a: Audino|Audino, M|100/100
|-damage|p2a: Audino|76/100|[from] Spikes
|turn|20
|
|t:|1641692006
|move|p2a: Audino|Knock Off|p1a: Glastrier
|-crit|p1a: Glastrier
|-damage|p1a: Glastrier|0 fnt
|faint|p1a: Glastrier
|
|-heal|p2a: Audino|82/100|[from] item: Leftovers
|upkeep
|
|t:|1641692011
|switch|p1a: Sandaconda|Sandaconda, M|77/100
|turn|21
|
|t:|1641692018
|move|p1a: Sandaconda|Earthquake|p2a: Audino
|-damage|p2a: Audino|46/100
|move|p2a: Audino|Toxic|p1a: Sandaconda
|-status|p1a: Sandaconda|tox
|
|-activate|p1a: Sandaconda|ability: Shed Skin
|-curestatus|p1a: Sandaconda|tox|[msg]
|-heal|p1a: Sandaconda|83/100|[from] item: Leftovers
|-heal|p2a: Audino|52/100|[from] item: Leftovers
|upkeep
|turn|22
|
|t:|1641692022
|move|p1a: Sandaconda|Earthquake|p2a: Audino
|-damage|p2a: Audino|16/100
|move|p2a: Audino|Wish|p2a: Audino
|
|-heal|p1a: Sandaconda|89/100|[from] item: Leftovers
|-heal|p2a: Audino|23/100|[from] item: Leftovers
|upkeep
|turn|23
|
|t:|1641692027
|move|p2a: Audino|Protect|p2a: Audino
|-singleturn|p2a: Audino|Protect
|move|p1a: Sandaconda|Coil|p1a: Sandaconda
|-boost|p1a: Sandaconda|atk|1
|-boost|p1a: Sandaconda|def|1
|-boost|p1a: Sandaconda|accuracy|1
|
|-heal|p2a: Audino|72/100|[from] move: Wish|[wisher] Audino
|-heal|p1a: Sandaconda|95/100|[from] item: Leftovers
|-heal|p2a: Audino|78/100|[from] item: Leftovers
|upkeep
|turn|24
|
|t:|1641692042
|move|p1a: Sandaconda|Coil|p1a: Sandaconda
|-boost|p1a: Sandaconda|atk|1
|-boost|p1a: Sandaconda|def|1
|-boost|p1a: Sandaconda|accuracy|1
|move|p2a: Audino|Knock Off|p1a: Sandaconda
|-damage|p1a: Sandaconda|90/100
|-enditem|p1a: Sandaconda|Leftovers|[from] move: Knock Off|[of] p2a: Audino
|
|-heal|p2a: Audino|85/100|[from] item: Leftovers
|upkeep
|turn|25
|-message|bosox27 forfeited.
|
|win|SingleAye
|raw|SingleAye's rating: 1382 &rarr; <strong>1396</strong><br />(+14 for winning)
|raw|bosox27's rating: 1273 &rarr; <strong>1256</strong><br />(-17 for losing)
|l|☆bosox27
