|j|☆Heracross2.0
|j|☆Jnho
|t:|1667675484
|gametype|singles
|player|p1|Heracross2.0|roxanne-gen6|
|player|p2|Jnho|zinzolin|
|teamsize|p1|6
|teamsize|p2|6
|gen|8
|tier|[Gen 8] PU
|rated|Tournament battle
|rule|Sleep Clause Mod: Limit one foe put to sleep
|rule|Species Clause: Limit one of each Pokémon
|rule|OHKO Clause: OHKO moves are banned
|rule|Evasion Items Clause: Evasion items are banned
|rule|Evasion Moves Clause: Evasion moves are banned
|rule|Endless Battle Clause: Forcing endless battles is banned
|rule|HP Percentage Mod: HP is shown in percentages
|rule|Dynamax Clause: You cannot dynamax
|clearpoke
|poke|p1|Dugtrio, F|
|poke|p1|Archeops, F|
|poke|p1|Lycanroc, M|
|poke|p1|Vikavolt, M|
|poke|p1|Doublade, F|
|poke|p1|Qwilfish, M|
|poke|p2|Silvally-*|
|poke|p2|Sandslash, M|
|poke|p2|Wishiwashi, F|
|poke|p2|Roselia, F|
|poke|p2|Abomasnow, F|
|poke|p2|Doublade, M|
|teampreview
|inactive|Battle timer is ON: inactive players will automatically lose when time's up. (requested by Heracross2.0)
|inactive|Jnho also wants the timer to be on.
|c|☆Jnho|glhg
|inactive|Jnho has 120 seconds left.
|c|☆Heracross2.0|good luck have game as well
|inactive|Jnho has 90 seconds left.
|
|t:|1667675554
|start
|switch|p1a: vanish|Dugtrio, F|100/100
|switch|p2a: Woman Fear Me|Wishiwashi, F, shiny|100/100
|-formechange|p2a: Woman Fear Me|Wishiwashi-School||[from] ability: Schooling
|turn|1
|
|t:|1667675560
|move|p1a: vanish|Stealth Rock|p2a: Woman Fear Me
|-sidestart|p2: Jnho|move: Stealth Rock
|move|p2a: Woman Fear Me|U-turn|p1a: vanish
|-damage|p1a: vanish|44/100
|
|t:|1667675564
|switch|p2a: Fuleco|Sandslash, M|100/100|[from]move: U-turn
|-damage|p2a: Fuleco|94/100|[from] Stealth Rock
|
|-heal|p2a: Fuleco|100/100|[from] item: Leftovers
|upkeep
|turn|2
|
|t:|1667675570
|move|p1a: vanish|Memento|p2a: Fuleco
|-unboost|p2a: Fuleco|atk|2
|-unboost|p2a: Fuleco|spa|2
|faint|p1a: vanish
|move|p2a: Fuleco|Rapid Spin|p1: vanish|[notarget]
|-fail|p2a: Fuleco
|
|upkeep
|
|t:|1667675576
|switch|p1a: you have no heart|Vikavolt, M, shiny|100/100
|turn|3
|
|t:|1667675579
|switch|p2a: Spinach|Roselia, F, shiny|100/100
|-damage|p2a: Spinach|88/100|[from] Stealth Rock
|move|p1a: you have no heart|Bug Buzz|p2a: Spinach
|-damage|p2a: Spinach|57/100
|-enditem|p1a: you have no heart|Throat Spray
|-boost|p1a: you have no heart|spa|1|[from] item: Throat Spray
|
|upkeep
|turn|4
|
|t:|1667675584
|move|p1a: you have no heart|Agility|p1a: you have no heart
|-boost|p1a: you have no heart|spe|2
|move|p2a: Spinach|Synthesis|p2a: Spinach
|-heal|p2a: Spinach|100/100
|
|upkeep
|turn|5
|j| Kython
|
|t:|1667675586
|move|p1a: you have no heart|Bug Buzz|p2a: Spinach
|-damage|p2a: Spinach|56/100
|move|p2a: Spinach|Sludge Bomb|p1a: you have no heart
|-damage|p1a: you have no heart|56/100
|-status|p1a: you have no heart|psn
|
|-damage|p1a: you have no heart|44/100 psn|[from] psn
|upkeep
|turn|6
|
|t:|1667675589
|move|p1a: you have no heart|Bug Buzz|p2a: Spinach
|-crit|p2a: Spinach
|-damage|p2a: Spinach|0 fnt
|faint|p2a: Spinach
|
|-damage|p1a: you have no heart|31/100 psn|[from] psn
|upkeep
|j|+suloxiv@!
|
|t:|1667675596
|switch|p2a: Big Man|Abomasnow, F, shiny|100/100
|-weather|Hail|[from] ability: Snow Warning|[of] p2a: Big Man
|turn|7
|
|t:|1667675598
|move|p2a: Big Man|Protect|p2a: Big Man
|-singleturn|p2a: Big Man|Protect
|move|p1a: you have no heart|Bug Buzz|p2a: Big Man
|-activate|p2a: Big Man|move: Protect
|
|-weather|Hail|[upkeep]
|-damage|p1a: you have no heart|25/100 psn|[from] Hail
|-damage|p1a: you have no heart|13/100 psn|[from] psn
|upkeep
|turn|8
|
|t:|1667675605
|move|p2a: Big Man|Ice Shard|p1a: you have no heart
|-damage|p1a: you have no heart|0 fnt
|faint|p1a: you have no heart
|
|-weather|Hail|[upkeep]
|upkeep
|
|t:|1667675614
|switch|p1a: burn|Doublade, F, shiny|100/100
|turn|9
|
|t:|1667675617
|switch|p2a: Fuleco|Sandslash, M|100/100
|-damage|p2a: Fuleco|94/100|[from] Stealth Rock
|move|p1a: burn|Swords Dance|p1a: burn
|-boost|p1a: burn|atk|2
|
|-weather|Hail|[upkeep]
|-damage|p2a: Fuleco|88/100|[from] Hail
|-damage|p1a: burn|94/100|[from] Hail
|-heal|p2a: Fuleco|94/100|[from] item: Leftovers
|upkeep
|turn|10
|
|t:|1667675620
|move|p2a: Fuleco|Knock Off|p1a: burn
|-supereffective|p1a: burn
|-damage|p1a: burn|71/100
|-enditem|p1a: burn|Eviolite|[from] move: Knock Off|[of] p2a: Fuleco
|move|p1a: burn|Close Combat|p2a: Fuleco
|-damage|p2a: Fuleco|39/100
|-unboost|p1a: burn|def|1
|-unboost|p1a: burn|spd|1
|
|-weather|Hail|[upkeep]
|-damage|p2a: Fuleco|33/100|[from] Hail
|-damage|p1a: burn|64/100|[from] Hail
|-heal|p2a: Fuleco|39/100|[from] item: Leftovers
|upkeep
|turn|11
|
|t:|1667675628
|move|p1a: burn|Shadow Sneak|p2a: Fuleco
|-damage|p2a: Fuleco|9/100
|move|p2a: Fuleco|Earthquake|p1a: burn
|-supereffective|p1a: burn
|-damage|p1a: burn|0 fnt
|faint|p1a: burn
|
|-weather|none
|-heal|p2a: Fuleco|15/100|[from] item: Leftovers
|upkeep
|
|t:|1667675633
|switch|p1a: you imbecile|Lycanroc, M|100/100
|turn|12
|
|t:|1667675636
|move|p1a: you imbecile|Crunch|p2a: Fuleco
|-damage|p2a: Fuleco|0 fnt
|faint|p2a: Fuleco
|-damage|p1a: you imbecile|91/100|[from] item: Life Orb
|
|upkeep
|
|t:|1667675640
|switch|p2a: Woman Fear Me|Wishiwashi, F, shiny|100/100
|-damage|p2a: Woman Fear Me|88/100|[from] Stealth Rock
|-formechange|p2a: Woman Fear Me|Wishiwashi-School||[from] ability: Schooling
|turn|13
|
|t:|1667675643
|move|p1a: you imbecile|Close Combat|p2a: Woman Fear Me
|-damage|p2a: Woman Fear Me|36/100
|-unboost|p1a: you imbecile|def|1
|-unboost|p1a: you imbecile|spd|1
|-damage|p1a: you imbecile|81/100|[from] item: Life Orb
|move|p2a: Woman Fear Me|Scald|p1a: you imbecile
|-supereffective|p1a: you imbecile
|-crit|p1a: you imbecile
|-damage|p1a: you imbecile|0 fnt
|faint|p1a: you imbecile
|
|-heal|p2a: Woman Fear Me|42/100|[from] item: Leftovers
|upkeep
|
|t:|1667675646
|switch|p1a: got it memorized?|Archeops, F|100/100
|turn|14
|
|t:|1667675649
|move|p1a: got it memorized?|Meteor Beam||[still]
|-prepare|p1a: got it memorized?|Meteor Beam
|-boost|p1a: got it memorized?|spa|1
|-enditem|p1a: got it memorized?|Power Herb
|-anim|p1a: got it memorized?|Meteor Beam|p2a: Woman Fear Me
|-damage|p2a: Woman Fear Me|0 fnt
|faint|p2a: Woman Fear Me
|
|upkeep
|inactive|Jnho has 120 seconds left.
|
|t:|1667675688
|switch|p2a: ADV OU Camerupt|Silvally|100/100
|-damage|p2a: ADV OU Camerupt|88/100|[from] Stealth Rock
|turn|15
|
|t:|1667675691
|move|p1a: got it memorized?|Air Slash|p2a: ADV OU Camerupt
|-damage|p2a: ADV OU Camerupt|32/100
|move|p2a: ADV OU Camerupt|Thunderbolt|p1a: got it memorized?
|-supereffective|p1a: got it memorized?
|-damage|p1a: got it memorized?|0 fnt
|faint|p1a: got it memorized?
|
|upkeep
|
|t:|1667675697
|switch|p1a: you're pushing it|Qwilfish, M|100/100
|-ability|p1a: you're pushing it|Intimidate|boost
|-unboost|p2a: ADV OU Camerupt|atk|1
|turn|16
|
|t:|1667675700
|move|p2a: ADV OU Camerupt|Thunderbolt|p1a: you're pushing it
|-supereffective|p1a: you're pushing it
|-damage|p1a: you're pushing it|0 fnt
|faint|p1a: you're pushing it
|
|win|Jnho
|n|☆Heracross2.0|heracross20
|n|☆Jnho|jnho
|n| Kython|kython
|n|+suloxiv@!|suloxiv
