|j|☆174578m
|j|☆UnbeatableTr
|player|p1|174578m|266|1205
|player|p2|UnbeatableTr|skierf-gen4dp|1157
|teamsize|p1|6
|teamsize|p2|6
|gametype|singles
|gen|8
|tier|[Gen 8] PU
|rated|
|clearpoke
|poke|p1|Type: Null|
|poke|p1|Liepard, M|
|poke|p1|Klang|
|poke|p1|Glaceon, M|
|poke|p1|Heatmor, F|
|poke|p1|Wartortle, M|
|poke|p2|Glaceon, F|
|poke|p2|Silvally-*|
|poke|p2|Stonjourner, M|
|poke|p2|Ninjask, F|
|poke|p2|Heatmor, M|
|poke|p2|Drakloak, F|
|rule|Sleep Clause Mod: Limit one foe put to sleep
|rule|Species Clause: Limit one of each Pokémon
|rule|OHKO Clause: OHKO moves are banned
|rule|Evasion Moves Clause: Evasion moves are banned
|rule|Endless Battle Clause: Forcing endless battles is banned
|rule|HP Percentage Mod: HP is shown in percentages
|rule|Dynamax Clause: You cannot dynamax
|teampreview
|
|start
|switch|p1a: Type: Null|Type: Null|100/100
|switch|p2a: Stonjourner|Stonjourner, M|100/100
|turn|1
|
|move|p2a: Stonjourner|Stealth Rock|p1a: Type: Null
|-sidestart|p1: 174578m|move: Stealth Rock
|move|p1a: Type: Null|Toxic|p2a: Stonjourner
|-status|p2a: Stonjourner|tox
|
|-damage|p2a: Stonjourner|94/100 tox|[from] psn
|upkeep
|turn|2
|
|switch|p2a: Heatmor|Heatmor, M|100/100
|move|p1a: Type: Null|U-turn|p2a: Heatmor
|-resisted|p2a: Heatmor
|-damage|p2a: Heatmor|90/100
|
|switch|p1a: Wartortle|Wartortle, M|100/100|[from]move: U-turn
|-damage|p1a: Wartortle|88/100|[from] Stealth Rock
|
|upkeep
|turn|3
|
|move|p2a: Heatmor|Toxic|p1a: Wartortle
|-status|p1a: Wartortle|tox
|move|p1a: Wartortle|Rapid Spin|p2a: Heatmor
|-damage|p2a: Heatmor|80/100
|-boost|p1a: Wartortle|spe|1
|-sideend|p1: 174578m|Stealth Rock|[from] move: Rapid Spin|[of] p1a: Wartortle
|
|-damage|p1a: Wartortle|82/100 tox|[from] psn
|upkeep
|turn|4
|
|switch|p2a: Silvally|Silvally-Water|100/100
|move|p1a: Wartortle|Shell Smash|p1a: Wartortle
|-unboost|p1a: Wartortle|def|1
|-unboost|p1a: Wartortle|spd|1
|-boost|p1a: Wartortle|atk|2
|-boost|p1a: Wartortle|spa|2
|-boost|p1a: Wartortle|spe|2
|
|-damage|p1a: Wartortle|69/100 tox|[from] psn
|upkeep
|turn|5
|
|move|p1a: Wartortle|Brick Break|p2a: Silvally
|-damage|p2a: Silvally|75/100
|move|p2a: Silvally|U-turn|p1a: Wartortle
|-damage|p1a: Wartortle|55/100 tox
|
|switch|p2a: Drakloak|Drakloak, F|100/100|[from]move: U-turn
|
|-damage|p1a: Wartortle|36/100 tox|[from] psn
|upkeep
|turn|6
|
|move|p1a: Wartortle|Waterfall|p2a: Drakloak
|-resisted|p2a: Drakloak
|-damage|p2a: Drakloak|81/100
|cant|p2a: Drakloak|flinch
|
|-damage|p1a: Wartortle|11/100 tox|[from] psn
|upkeep
|turn|7
|
|move|p1a: Wartortle|Waterfall|p2a: Drakloak
|-resisted|p2a: Drakloak
|-damage|p2a: Drakloak|47/100
|move|p2a: Drakloak|Draco Meteor|p1a: Wartortle
|-damage|p1a: Wartortle|0 fnt
|-unboost|p2a: Drakloak|spa|2
|faint|p1a: Wartortle
|
|upkeep
|
|switch|p1a: Glaceon|Glaceon, M|100/100
|turn|8
|j| Spazymcspazspaz
|
|switch|p2a: Heatmor|Heatmor, M|80/100
|move|p1a: Glaceon|Shadow Ball|p2a: Heatmor
|-damage|p2a: Heatmor|42/100
|-enditem|p2a: Heatmor|Sitrus Berry|[eat]
|-heal|p2a: Heatmor|67/100|[from] item: Sitrus Berry
|
|upkeep
|turn|9
|
|switch|p1a: Type: Null|Type: Null|100/100
|move|p2a: Heatmor|Flamethrower|p1a: Type: Null
|-damage|p1a: Type: Null|80/100
|
|upkeep
|turn|10
|
|move|p2a: Heatmor|Thief|p1a: Type: Null
|-damage|p1a: Type: Null|73/100
|-enditem|p1a: Type: Null|Eviolite|[silent]|[from] move: Thief|[of] p2a: Heatmor
|-item|p2a: Heatmor|Eviolite|[from] move: Thief|[of] p1a: Type: Null
|move|p1a: Type: Null|Toxic|p2a: Heatmor
|-status|p2a: Heatmor|tox
|
|-damage|p2a: Heatmor|61/100 tox|[from] psn
|upkeep
|turn|11
|
|switch|p2a: Stonjourner|Stonjourner, M|94/100 tox
|move|p1a: Type: Null|U-turn|p2a: Stonjourner
|-damage|p2a: Stonjourner|86/100 tox
|
|switch|p1a: Heatmor|Heatmor, F|100/100|[from]move: U-turn
|
|-heal|p2a: Stonjourner|92/100 tox|[from] item: Leftovers
|-damage|p2a: Stonjourner|86/100 tox|[from] psn
|upkeep
|turn|12
|
|switch|p2a: Silvally|Silvally-Water|75/100
|move|p1a: Heatmor|Giga Drain|p2a: Silvally
|-supereffective|p2a: Silvally
|-damage|p2a: Silvally|22/100
|
|upkeep
|turn|13
|
|move|p1a: Heatmor|Giga Drain|p2a: Silvally
|-supereffective|p2a: Silvally
|-damage|p2a: Silvally|0 fnt
|faint|p2a: Silvally
|
|upkeep
|
|switch|p2a: Ninjask|Ninjask, F|100/100
|turn|14
|
|switch|p1a: Klang|Klang|100/100
|move|p2a: Ninjask|U-turn|p1a: Klang
|-resisted|p1a: Klang
|-damage|p1a: Klang|85/100
|
|switch|p2a: Stonjourner|Stonjourner, M|86/100 tox|[from]move: U-turn
|
|-heal|p2a: Stonjourner|92/100 tox|[from] item: Leftovers
|-damage|p2a: Stonjourner|86/100 tox|[from] psn
|upkeep
|turn|15
|
|move|p2a: Stonjourner|Stealth Rock|p1a: Klang
|-sidestart|p1: 174578m|move: Stealth Rock
|move|p1a: Klang|Flash Cannon|p2a: Stonjourner
|-supereffective|p2a: Stonjourner
|-damage|p2a: Stonjourner|0 fnt
|faint|p2a: Stonjourner
|
|upkeep
|
|switch|p2a: Heatmor|Heatmor, M|61/100 tox
|turn|16
|
|switch|p2a: Drakloak|Drakloak, F|47/100
|switch|p1a: Type: Null|Type: Null|73/100
|-damage|p1a: Type: Null|61/100|[from] Stealth Rock
|
|upkeep
|turn|17
|
|move|p2a: Drakloak|Will-O-Wisp|p1a: Type: Null
|-status|p1a: Type: Null|brn
|move|p1a: Type: Null|Toxic|p2a: Drakloak
|-status|p2a: Drakloak|tox
|
|-damage|p2a: Drakloak|40/100 tox|[from] psn
|-damage|p1a: Type: Null|55/100 brn|[from] brn
|upkeep
|turn|18
|
|move|p2a: Drakloak|Rest|p2a: Drakloak
|-status|p2a: Drakloak|slp|[from] move: Rest
|-heal|p2a: Drakloak|100/100 slp|[silent]
|move|p1a: Type: Null|Rest|p1a: Type: Null
|-status|p1a: Type: Null|slp|[from] move: Rest
|-heal|p1a: Type: Null|100/100 slp|[silent]
|
|upkeep
|turn|19
|
|switch|p2a: Ninjask|Ninjask, F|100/100
|cant|p1a: Type: Null|slp
|move|p1a: Type: Null|Sleep Talk|p1a: Type: Null
|move|p1a: Type: Null|U-turn|p2a: Ninjask|[from]Sleep Talk
|-resisted|p2a: Ninjask
|-damage|p2a: Ninjask|82/100
|
|switch|p1a: Klang|Klang|85/100|[from]move: U-turn
|-damage|p1a: Klang|79/100|[from] Stealth Rock
|
|upkeep
|turn|20
|
|move|p2a: Ninjask|U-turn|p1a: Klang
|-resisted|p1a: Klang
|-damage|p1a: Klang|61/100
|
|switch|p2a: Drakloak|Drakloak, F|100/100 slp|[from]move: U-turn
|move|p1a: Klang|Power Gem|p2a: Drakloak
|-damage|p2a: Drakloak|84/100 slp
|
|upkeep
|turn|21
|
|cant|p2a: Drakloak|slp
|move|p1a: Klang|Volt Switch|p2a: Drakloak
|-resisted|p2a: Drakloak
|-damage|p2a: Drakloak|77/100 slp
|
|switch|p1a: Glaceon|Glaceon, M|100/100|[from]move: Volt Switch
|-damage|p1a: Glaceon|76/100|[from] Stealth Rock
|
|upkeep
|turn|22
|
|switch|p2a: Heatmor|Heatmor, M|61/100 tox
|move|p1a: Glaceon|Shadow Ball|p2a: Heatmor
|-damage|p2a: Heatmor|27/100 tox
|-unboost|p2a: Heatmor|spd|1
|
|-damage|p2a: Heatmor|21/100 tox|[from] psn
|upkeep
|turn|23
|
|move|p1a: Glaceon|Shadow Ball|p2a: Heatmor
|-damage|p2a: Heatmor|0 fnt
|faint|p2a: Heatmor
|
|upkeep
|
|switch|p2a: Glaceon|Glaceon, F|100/100
|turn|24
|
|switch|p1a: Klang|Klang|61/100
|-damage|p1a: Klang|55/100|[from] Stealth Rock
|move|p2a: Glaceon|Ice Beam|p1a: Klang
|-resisted|p1a: Klang
|-damage|p1a: Klang|34/100
|
|upkeep
|turn|25
|
|switch|p2a: Drakloak|Drakloak, F|77/100 slp
|move|p1a: Klang|Flash Cannon|p2a: Drakloak
|-damage|p2a: Drakloak|53/100 slp
|
|upkeep
|turn|26
|
|cant|p2a: Drakloak|slp
|move|p1a: Klang|Flash Cannon|p2a: Drakloak
|-damage|p2a: Drakloak|28/100 slp
|
|upkeep
|turn|27
|
|-curestatus|p2a: Drakloak|slp|[msg]
|move|p2a: Drakloak|Rest|p2a: Drakloak
|-status|p2a: Drakloak|slp|[from] move: Rest
|-heal|p2a: Drakloak|100/100 slp|[silent]
|move|p1a: Klang|Volt Switch|p2a: Drakloak
|-resisted|p2a: Drakloak
|-crit|p2a: Drakloak
|-damage|p2a: Drakloak|89/100 slp
|
|switch|p1a: Liepard|Liepard, M|100/100|[from]move: Volt Switch
|-damage|p1a: Liepard|88/100|[from] Stealth Rock
|
|upkeep
|turn|28
|
|switch|p2a: Glaceon|Glaceon, F|100/100
|move|p1a: Liepard|Knock Off|p2a: Glaceon
|-damage|p2a: Glaceon|51/100
|-enditem|p2a: Glaceon|Choice Specs|[from] move: Knock Off|[of] p1a: Liepard
|
|upkeep
|turn|29
|
|switch|p1a: Heatmor|Heatmor, F|100/100
|-damage|p1a: Heatmor|76/100|[from] Stealth Rock
|move|p2a: Glaceon|Ice Beam|p1a: Heatmor
|-resisted|p1a: Heatmor
|-damage|p1a: Heatmor|38/100
|
|upkeep
|turn|30
|
|switch|p2a: Drakloak|Drakloak, F|89/100 slp
|move|p1a: Heatmor|Flamethrower|p2a: Drakloak
|-resisted|p2a: Drakloak
|-damage|p2a: Drakloak|67/100 slp
|
|upkeep
|turn|31
|
|switch|p1a: Klang|Klang|34/100
|-damage|p1a: Klang|27/100|[from] Stealth Rock
|cant|p2a: Drakloak|slp
|
|upkeep
|turn|32
|
|cant|p2a: Drakloak|slp
|move|p1a: Klang|Flash Cannon|p2a: Drakloak
|-damage|p2a: Drakloak|45/100 slp
|
|upkeep
|turn|33
|
|-curestatus|p2a: Drakloak|slp|[msg]
|move|p2a: Drakloak|Will-O-Wisp|p1a: Klang
|-status|p1a: Klang|brn
|move|p1a: Klang|Flash Cannon|p2a: Drakloak
|-damage|p2a: Drakloak|23/100
|
|-damage|p1a: Klang|21/100 brn|[from] brn
|upkeep
|turn|34
|
|move|p2a: Drakloak|Rest|p2a: Drakloak
|-status|p2a: Drakloak|slp|[from] move: Rest
|-heal|p2a: Drakloak|100/100 slp|[silent]
|move|p1a: Klang|Volt Switch|p2a: Drakloak
|-resisted|p2a: Drakloak
|-damage|p2a: Drakloak|93/100 slp
|
|switch|p1a: Liepard|Liepard, M|88/100|[from]move: Volt Switch
|-damage|p1a: Liepard|76/100|[from] Stealth Rock
|
|upkeep
|turn|35
|
|switch|p2a: Glaceon|Glaceon, F|51/100
|move|p1a: Liepard|Knock Off|p2a: Glaceon
|-damage|p2a: Glaceon|20/100
|
|upkeep
|turn|36
|
|move|p1a: Liepard|Copycat|p1a: Liepard
|move|p1a: Liepard|Knock Off|p2a: Glaceon|[from]Copycat
|-damage|p2a: Glaceon|0 fnt
|faint|p2a: Glaceon
|
|upkeep
|l| Spazymcspazspaz
|
|switch|p2a: Ninjask|Ninjask, F|82/100
|turn|37
|
|move|p1a: Liepard|Copycat|p1a: Liepard
|move|p1a: Liepard|Knock Off|p2a: Ninjask|[from]Copycat
|-damage|p2a: Ninjask|0 fnt
|-enditem|p2a: Ninjask|Choice Band|[from] move: Knock Off|[of] p1a: Liepard
|faint|p2a: Ninjask
|
|upkeep
|
|switch|p2a: Drakloak|Drakloak, F|93/100 slp
|turn|38
|
|move|p1a: Liepard|Copycat|p1a: Liepard
|move|p1a: Liepard|Knock Off|p2a: Drakloak|[from]Copycat
|-supereffective|p2a: Drakloak
|-damage|p2a: Drakloak|10/100 slp
|-enditem|p2a: Drakloak|Eviolite|[from] move: Knock Off|[of] p1a: Liepard
|cant|p2a: Drakloak|slp
|
|upkeep
|turn|39
|
|move|p1a: Liepard|Copycat|p1a: Liepard
|move|p1a: Liepard|Knock Off|p2a: Drakloak|[from]Copycat
|-supereffective|p2a: Drakloak
|-damage|p2a: Drakloak|0 fnt
|faint|p2a: Drakloak
|
|win|174578m
|c|☆174578m|gg
|l|☆UnbeatableTr
||Ladder (probably) updated, but score could not be retrieved (Response not received).
