|j|☆Bhalal
|j|☆acluh1
|t:|1665944623
|gametype|singles
|player|p1|Bhalal|266|
|player|p2|acluh1|karen|
|teamsize|p1|6
|teamsize|p2|6
|gen|8
|tier|[Gen 8] PU
|rule|Sleep Clause Mod: Limit one foe put to sleep
|rule|Species Clause: Limit one of each Pokémon
|rule|OHKO Clause: OHKO moves are banned
|rule|Evasion Items Clause: Evasion items are banned
|rule|Evasion Moves Clause: Evasion moves are banned
|rule|Endless Battle Clause: Forcing endless battles is banned
|rule|HP Percentage Mod: HP is shown in percentages
|rule|Dynamax Clause: You cannot dynamax
|clearpoke
|poke|p1|Tangela, M|
|poke|p1|Gigalith, M|
|poke|p1|Sandslash, F|
|poke|p1|Ribombee, M|
|poke|p1|Doublade, M|
|poke|p1|Charizard, F|
|poke|p2|Charizard, M|
|poke|p2|Gigalith, M|
|poke|p2|Trevenant, F|
|poke|p2|Sandaconda, M|
|poke|p2|Whimsicott, F|
|poke|p2|Wishiwashi, M|
|teampreview
|inactive|Battle timer is ON: inactive players will automatically lose when time's up. (requested by acluh1)
|
|t:|1665944634
|start
|switch|p1a: Doublade|Doublade, M|100/100
|switch|p2a: Whimsicott|Whimsicott, F, shiny|100/100
|turn|1
|
|t:|1665944639
|switch|p1a: Charizard|Charizard, F|100/100
|move|p2a: Whimsicott|U-turn|p1a: Charizard
|-resisted|p1a: Charizard
|-damage|p1a: Charizard|97/100
|
|t:|1665944648
|switch|p2a: Wishiwashi|Wishiwashi, M, shiny|100/100|[from]move: U-turn
|-formechange|p2a: Wishiwashi|Wishiwashi-School||[from] ability: Schooling
|
|upkeep
|turn|2
|
|t:|1665944660
|switch|p1a: Tangela|Tangela, M|100/100
|move|p2a: Wishiwashi|Scald|p1a: Tangela
|-resisted|p1a: Tangela
|-damage|p1a: Tangela|74/100
|-status|p1a: Tangela|brn
|
|-damage|p1a: Tangela|68/100 brn|[from] brn
|upkeep
|turn|3
|
|t:|1665944665
|move|p1a: Tangela|Leech Seed|p2a: Wishiwashi
|-start|p2a: Wishiwashi|move: Leech Seed
|move|p2a: Wishiwashi|U-turn|p1a: Tangela
|-supereffective|p1a: Tangela
|-damage|p1a: Tangela|50/100 brn
|
|t:|1665944668
|switch|p2a: Whimsicott|Whimsicott, F, shiny|100/100|[from]move: U-turn
|
|-damage|p1a: Tangela|44/100 brn|[from] brn
|upkeep
|turn|4
|
|t:|1665944674
|switch|p1a: Charizard|Charizard, F|97/100
|move|p2a: Whimsicott|Moonblast|p1a: Charizard
|-resisted|p1a: Charizard
|-damage|p1a: Charizard|61/100
|-unboost|p1a: Charizard|spa|1
|
|upkeep
|turn|5
|
|t:|1665944683
|switch|p2a: Wishiwashi|Wishiwashi, M, shiny|100/100
|-formechange|p2a: Wishiwashi|Wishiwashi-School||[from] ability: Schooling
|move|p1a: Charizard|Hurricane|p2a: Wishiwashi|[miss]
|-miss|p1a: Charizard|p2a: Wishiwashi
|
|upkeep
|turn|6
|
|t:|1665944698
|switch|p1a: Tangela|Tangela, M|77/100 brn
|move|p2a: Wishiwashi|Scald|p1a: Tangela
|-resisted|p1a: Tangela
|-damage|p1a: Tangela|53/100 brn
|
|-damage|p1a: Tangela|48/100 brn|[from] brn
|upkeep
|turn|7
|
|t:|1665944701
|move|p1a: Tangela|Giga Drain|p2a: Wishiwashi
|-supereffective|p2a: Wishiwashi
|-damage|p2a: Wishiwashi|51/100
|-heal|p1a: Tangela|69/100 brn|[from] drain|[of] p2a: Wishiwashi
|move|p2a: Wishiwashi|U-turn|p1a: Tangela
|-supereffective|p1a: Tangela
|-crit|p1a: Tangela
|-damage|p1a: Tangela|41/100 brn
|
|t:|1665944705
|switch|p2a: Whimsicott|Whimsicott, F, shiny|100/100|[from]move: U-turn
|
|-damage|p1a: Tangela|35/100 brn|[from] brn
|upkeep
|turn|8
|
|t:|1665944714
|switch|p1a: Ribombee|Ribombee, M|100/100
|move|p2a: Whimsicott|Moonblast|p1a: Ribombee
|-damage|p1a: Ribombee|11/100
|
|upkeep
|turn|9
|
|t:|1665944720
|switch|p1a: Charizard|Charizard, F|61/100
|switch|p2a: Gigalith|Gigalith, M, shiny|100/100
|-weather|Sandstorm|[from] ability: Sand Stream|[of] p2a: Gigalith
|
|-weather|Sandstorm|[upkeep]
|-damage|p1a: Charizard|55/100|[from] Sandstorm
|upkeep
|turn|10
|
|t:|1665944731
|switch|p2a: Wishiwashi|Wishiwashi, M, shiny|51/100
|-formechange|p2a: Wishiwashi|Wishiwashi-School||[from] ability: Schooling
|move|p1a: Charizard|Toxic|p2a: Wishiwashi
|-status|p2a: Wishiwashi|tox
|
|-weather|Sandstorm|[upkeep]
|-damage|p1a: Charizard|49/100|[from] Sandstorm
|-damage|p2a: Wishiwashi|45/100 tox|[from] Sandstorm
|-heal|p2a: Wishiwashi|51/100 tox|[from] item: Leftovers
|-damage|p2a: Wishiwashi|45/100 tox|[from] psn
|upkeep
|turn|11
|
|t:|1665944735
|move|p1a: Charizard|Hurricane|p2a: Wishiwashi|[miss]
|-miss|p1a: Charizard|p2a: Wishiwashi
|move|p2a: Wishiwashi|Rest|p2a: Wishiwashi
|-status|p2a: Wishiwashi|slp|[from] move: Rest
|-heal|p2a: Wishiwashi|100/100 slp|[silent]
|
|-weather|Sandstorm|[upkeep]
|-damage|p1a: Charizard|43/100|[from] Sandstorm
|-damage|p2a: Wishiwashi|94/100 slp|[from] Sandstorm
|-heal|p2a: Wishiwashi|100/100 slp|[from] item: Leftovers
|upkeep
|turn|12
|
|t:|1665944743
|switch|p1a: Gigalith|Gigalith, M|100/100
|switch|p2a: Gigalith|Gigalith, M, shiny|100/100
|
|-weather|Sandstorm|[upkeep]
|upkeep
|turn|13
|
|t:|1665944747
|move|p2a: Gigalith|Stealth Rock|p1a: Gigalith
|-sidestart|p1: Bhalal|move: Stealth Rock
|move|p1a: Gigalith|Stealth Rock|p2a: Gigalith
|-sidestart|p2: acluh1|move: Stealth Rock
|
|-weather|none
|upkeep
|turn|14
|
|t:|1665944756
|move|p2a: Gigalith|Earthquake|p1a: Gigalith
|-supereffective|p1a: Gigalith
|-damage|p1a: Gigalith|56/100
|move|p1a: Gigalith|Earthquake|p2a: Gigalith
|-supereffective|p2a: Gigalith
|-damage|p2a: Gigalith|58/100
|
|-heal|p2a: Gigalith|64/100|[from] item: Leftovers
|-heal|p1a: Gigalith|62/100|[from] item: Leftovers
|upkeep
|turn|15
|
|t:|1665944760
|move|p2a: Gigalith|Earthquake|p1a: Gigalith
|-supereffective|p1a: Gigalith
|-crit|p1a: Gigalith
|-damage|p1a: Gigalith|0 fnt
|faint|p1a: Gigalith
|
|-heal|p2a: Gigalith|70/100|[from] item: Leftovers
|upkeep
|
|t:|1665944764
|switch|p1a: Sandslash|Sandslash, F|100/100
|-damage|p1a: Sandslash|94/100|[from] Stealth Rock
|turn|16
|
|t:|1665944770
|switch|p2a: Trevenant|Trevenant, F, shiny|100/100
|-damage|p2a: Trevenant|88/100|[from] Stealth Rock
|move|p1a: Sandslash|Rapid Spin|p2a: Trevenant
|-immune|p2a: Trevenant
|
|-heal|p1a: Sandslash|100/100|[from] item: Leftovers
|upkeep
|turn|17
|
|t:|1665944773
|move|p1a: Sandslash|Knock Off|p2a: Trevenant
|-supereffective|p2a: Trevenant
|-damage|p2a: Trevenant|7/100
|-enditem|p2a: Trevenant|Choice Band|[from] move: Knock Off|[of] p1a: Sandslash
|move|p2a: Trevenant|Horn Leech|p1a: Sandslash
|-supereffective|p1a: Sandslash
|-damage|p1a: Sandslash|14/100
|-heal|p2a: Trevenant|48/100|[from] drain|[of] p1a: Sandslash
|
|-heal|p1a: Sandslash|20/100|[from] item: Leftovers
|upkeep
|turn|18
|
|t:|1665944782
|move|p1a: Sandslash|Knock Off|p2a: Trevenant
|-supereffective|p2a: Trevenant
|-damage|p2a: Trevenant|0 fnt
|faint|p2a: Trevenant
|
|-heal|p1a: Sandslash|26/100|[from] item: Leftovers
|upkeep
|
|t:|1665944784
|switch|p2a: Whimsicott|Whimsicott, F, shiny|100/100
|-damage|p2a: Whimsicott|88/100|[from] Stealth Rock
|turn|19
|
|t:|1665944789
|move|p2a: Whimsicott|Moonblast|p1a: Sandslash
|-damage|p1a: Sandslash|0 fnt
|faint|p1a: Sandslash
|
|upkeep
|
|t:|1665944792
|switch|p1a: Charizard|Charizard, F|43/100
|turn|20
|
|t:|1665944796
|switch|p2a: Charizard|Charizard, M, shiny|100/100
|move|p1a: Charizard|Hurricane|p2a: Charizard
|-damage|p2a: Charizard|44/100
|-start|p2a: Charizard|confusion
|
|upkeep
|turn|21
|
|t:|1665944802
|switch|p2a: Gigalith|Gigalith, M, shiny|70/100
|-damage|p2a: Gigalith|58/100|[from] Stealth Rock
|-weather|Sandstorm|[from] ability: Sand Stream|[of] p2a: Gigalith
|move|p1a: Charizard|Hurricane|p2a: Gigalith
|-resisted|p2a: Gigalith
|-damage|p2a: Gigalith|45/100
|-start|p2a: Gigalith|confusion
|
|-weather|Sandstorm|[upkeep]
|-damage|p1a: Charizard|37/100|[from] Sandstorm
|-heal|p2a: Gigalith|51/100|[from] item: Leftovers
|upkeep
|turn|22
|
|t:|1665944807
|switch|p1a: Tangela|Tangela, M|68/100 brn
|-damage|p1a: Tangela|56/100 brn|[from] Stealth Rock
|-activate|p2a: Gigalith|confusion
|move|p2a: Gigalith|Earthquake|p1a: Tangela
|-resisted|p1a: Tangela
|-damage|p1a: Tangela|49/100 brn
|
|-weather|Sandstorm|[upkeep]
|-damage|p1a: Tangela|43/100 brn|[from] Sandstorm
|-heal|p2a: Gigalith|57/100|[from] item: Leftovers
|-damage|p1a: Tangela|37/100 brn|[from] brn
|upkeep
|turn|23
|
|t:|1665944812
|switch|p2a: Whimsicott|Whimsicott, F, shiny|88/100
|-damage|p2a: Whimsicott|76/100|[from] Stealth Rock
|move|p1a: Tangela|Leech Seed|p2a: Whimsicott
|-immune|p2a: Whimsicott
|
|-weather|Sandstorm|[upkeep]
|-damage|p2a: Whimsicott|70/100|[from] Sandstorm
|-damage|p1a: Tangela|31/100 brn|[from] Sandstorm
|-damage|p1a: Tangela|25/100 brn|[from] brn
|upkeep
|turn|24
|
|t:|1665944817
|move|p2a: Whimsicott|Moonblast|p1a: Tangela
|-damage|p1a: Tangela|0 fnt
|faint|p1a: Tangela
|
|-weather|Sandstorm|[upkeep]
|-damage|p2a: Whimsicott|64/100|[from] Sandstorm
|upkeep
|
|t:|1665944822
|switch|p1a: Doublade|Doublade, M|100/100
|-damage|p1a: Doublade|94/100|[from] Stealth Rock
|turn|25
|
|t:|1665944826
|switch|p2a: Wishiwashi|Wishiwashi, M, shiny|100/100 slp
|-damage|p2a: Wishiwashi|88/100 slp|[from] Stealth Rock
|-formechange|p2a: Wishiwashi|Wishiwashi-School||[from] ability: Schooling
|move|p1a: Doublade|Swords Dance|p1a: Doublade
|-boost|p1a: Doublade|atk|2
|
|-weather|none
|-heal|p2a: Wishiwashi|94/100 slp|[from] item: Leftovers
|upkeep
|turn|26
|
|t:|1665944831
|move|p1a: Doublade|Shadow Claw|p2a: Wishiwashi
|-crit|p2a: Wishiwashi
|-damage|p2a: Wishiwashi|14/100 slp
|cant|p2a: Wishiwashi|slp
|move|p2a: Wishiwashi|Sleep Talk|p2a: Wishiwashi
|move|p2a: Wishiwashi|Scald|p1a: Doublade|[from]move: Sleep Talk
|-damage|p1a: Doublade|41/100
|
|-heal|p2a: Wishiwashi|21/100 slp|[from] item: Leftovers
|-formechange|p2a: Wishiwashi|Wishiwashi||[from] ability: Schooling
|upkeep
|turn|27
|
|t:|1665944840
|move|p1a: Doublade|Swords Dance|p1a: Doublade
|-boost|p1a: Doublade|atk|2
|cant|p2a: Wishiwashi|slp
|move|p2a: Wishiwashi|Sleep Talk|p2a: Wishiwashi
|move|p2a: Wishiwashi|Scald|p1a: Doublade|[from]move: Sleep Talk
|-damage|p1a: Doublade|26/100
|
|-heal|p2a: Wishiwashi|27/100 slp|[from] item: Leftovers
|-formechange|p2a: Wishiwashi|Wishiwashi-School||[from] ability: Schooling
|upkeep
|turn|28
|
|t:|1665944852
|move|p1a: Doublade|Shadow Sneak|p2a: Wishiwashi
|-damage|p2a: Wishiwashi|0 fnt
|faint|p2a: Wishiwashi
|
|upkeep
|
|t:|1665944854
|switch|p2a: Sandaconda|Sandaconda, M, shiny|100/100
|-damage|p2a: Sandaconda|94/100|[from] Stealth Rock
|turn|29
|
|t:|1665944858
|move|p1a: Doublade|Shadow Sneak|p2a: Sandaconda
|-damage|p2a: Sandaconda|55/100
|-damage|p1a: Doublade|10/100|[from] item: Rocky Helmet|[of] p2a: Sandaconda
|move|p2a: Sandaconda|Earthquake|p1a: Doublade
|-supereffective|p1a: Doublade
|-damage|p1a: Doublade|0 fnt
|faint|p1a: Doublade
|
|upkeep
|
|t:|1665944861
|switch|p1a: Charizard|Charizard, F|37/100
|turn|30
|
|t:|1665944864
|move|p1a: Charizard|Flamethrower|p2a: Sandaconda
|-damage|p2a: Sandaconda|0 fnt
|faint|p2a: Sandaconda
|
|upkeep
|c|☆Bhalal|gg
|
|t:|1665944871
|switch|p2a: Charizard|Charizard, M, shiny|44/100
|turn|31
|
|t:|1665944874
|move|p2a: Charizard|Flamethrower|p1a: Charizard
|-resisted|p1a: Charizard
|-damage|p1a: Charizard|16/100
|move|p1a: Charizard|Hurricane|p2a: Charizard|[miss]
|-miss|p1a: Charizard|p2a: Charizard
|
|upkeep
|turn|32
|
|t:|1665944877
|move|p1a: Charizard|Roost|p1a: Charizard
|-heal|p1a: Charizard|66/100
|-singleturn|p1a: Charizard|move: Roost
|move|p2a: Charizard|Flamethrower|p1a: Charizard
|-resisted|p1a: Charizard
|-damage|p1a: Charizard|46/100
|
|upkeep
|turn|33
|
|t:|1665944879
|move|p2a: Charizard|Toxic|p1a: Charizard
|-status|p1a: Charizard|tox
|move|p1a: Charizard|Roost|p1a: Charizard
|-heal|p1a: Charizard|96/100 tox
|-singleturn|p1a: Charizard|move: Roost
|
|-damage|p1a: Charizard|90/100 tox|[from] psn
|upkeep
|turn|34
|
|t:|1665944882
|move|p1a: Charizard|Hurricane|p2a: Charizard
|-damage|p2a: Charizard|0 fnt
|faint|p2a: Charizard
|
|-damage|p1a: Charizard|78/100 tox|[from] psn
|upkeep
|
|t:|1665944887
|switch|p2a: Gigalith|Gigalith, M, shiny|57/100
|-damage|p2a: Gigalith|45/100|[from] Stealth Rock
|-weather|Sandstorm|[from] ability: Sand Stream|[of] p2a: Gigalith
|turn|35
|
|t:|1665944890
|switch|p1a: Ribombee|Ribombee, M|11/100
|move|p2a: Gigalith|Protect||[still]
|-fail|p2a: Gigalith
|
|-weather|Sandstorm|[upkeep]
|-damage|p1a: Ribombee|5/100|[from] Sandstorm
|-heal|p2a: Gigalith|51/100|[from] item: Leftovers
|upkeep
|turn|36
|
|t:|1665944896
|move|p1a: Ribombee|Moonblast|p2a: Gigalith
|-damage|p2a: Gigalith|31/100
|move|p2a: Gigalith|Rock Blast|p1a: Ribombee
|-supereffective|p1a: Ribombee
|-damage|p1a: Ribombee|0 fnt
|faint|p1a: Ribombee
|-hitcount|p1: Ribombee|1
|
|-weather|Sandstorm|[upkeep]
|-heal|p2a: Gigalith|37/100|[from] item: Leftovers
|upkeep
|
|t:|1665944899
|switch|p1a: Charizard|Charizard, F|78/100 tox
|turn|37
|
|t:|1665944901
|move|p1a: Charizard|Flamethrower|p2a: Gigalith
|-resisted|p2a: Gigalith
|-crit|p2a: Gigalith
|-damage|p2a: Gigalith|23/100
|move|p2a: Gigalith|Rock Blast|p1a: Charizard
|-supereffective|p1a: Charizard
|-damage|p1a: Charizard|8/100 tox
|-supereffective|p1a: Charizard
|-damage|p1a: Charizard|0 fnt
|faint|p1a: Charizard
|-hitcount|p1: Charizard|2
|
|win|acluh1
|c|☆acluh1|gg
