|j|☆cafay sen sukr
|j|☆interesting8
|t:|1603676194
|player|p1|cafay sen sukr|swimmer-gen4dp|1363
|player|p2|interesting8|cyclistf|1188
|teamsize|p1|6
|teamsize|p2|6
|gametype|singles
|gen|8
|tier|[Gen 8] PU
|rated|
|clearpoke
|poke|p1|Roselia, M|
|poke|p1|Magmar, M|
|poke|p1|Glaceon, M|
|poke|p1|Unfezant, M|
|poke|p1|Hattrem, F|
|poke|p1|Stunfisk, M|
|poke|p2|Runerigus, M|
|poke|p2|Throh, M|
|poke|p2|Lurantis, F|
|poke|p2|Unfezant, M|
|poke|p2|Rapidash-Galar, F|
|poke|p2|Lapras, F|
|rule|Sleep Clause Mod: Limit one foe put to sleep
|rule|Species Clause: Limit one of each Pokémon
|rule|OHKO Clause: OHKO moves are banned
|rule|Evasion Moves Clause: Evasion moves are banned
|rule|Endless Battle Clause: Forcing endless battles is banned
|rule|HP Percentage Mod: HP is shown in percentages
|rule|Dynamax Clause: You cannot dynamax
|teampreview
|
|t:|1603676218
|start
|switch|p1a: Glaceon|Glaceon, M|100/100
|switch|p2a: Runerigus|Runerigus, M|100/100
|turn|1
|
|t:|1603676223
|switch|p2a: Throh|Throh, M|100/100
|move|p1a: Glaceon|Freeze-Dry|p2a: Throh
|-damage|p2a: Throh|64/100
|
|-heal|p2a: Throh|71/100|[from] item: Leftovers
|upkeep
|turn|2
|
|t:|1603676234
|switch|p1a: Roselia|Roselia, M|100/100
|switch|p2a: Lapras|Lapras, F|100/100
|
|upkeep
|turn|3
|
|t:|1603676238
|move|p2a: Lapras|Ice Beam|p1a: Roselia
|-supereffective|p1a: Roselia
|-crit|p1a: Roselia
|-damage|p1a: Roselia|0 fnt
|faint|p1a: Roselia
|
|upkeep
|
|t:|1603676247
|switch|p1a: Magmar|Magmar, M|100/100
|turn|4
|
|t:|1603676252
|switch|p2a: Runerigus|Runerigus, M|100/100
|move|p1a: Magmar|Fire Blast|p2a: Runerigus
|-damage|p2a: Runerigus|25/100
|
|upkeep
|turn|5
|
|t:|1603676257
|move|p1a: Magmar|Fire Blast|p2a: Runerigus
|-damage|p2a: Runerigus|0 fnt
|faint|p2a: Runerigus
|
|upkeep
|
|t:|1603676262
|switch|p2a: Lapras|Lapras, F|100/100
|turn|6
|
|t:|1603676266
|move|p1a: Magmar|Fire Blast|p2a: Lapras
|-damage|p2a: Lapras|31/100
|move|p2a: Lapras|Hydro Pump|p1a: Magmar
|-supereffective|p1a: Magmar
|-damage|p1a: Magmar|0 fnt
|faint|p1a: Magmar
|
|upkeep
|
|t:|1603676286
|switch|p1a: Glaceon|Glaceon, M|100/100
|turn|7
|j| feefeefeefeefee
|
|t:|1603676309
|switch|p2a: Throh|Throh, M|71/100
|move|p1a: Glaceon|Freeze-Dry|p2a: Throh
|-damage|p2a: Throh|34/100
|
|-heal|p2a: Throh|40/100|[from] item: Leftovers
|upkeep
|turn|8
|
|t:|1603676327
|switch|p1a: Stunfisk|Stunfisk, M|100/100
|move|p2a: Throh|Circle Throw|p1a: Stunfisk
|-damage|p1a: Stunfisk|86/100
|drag|p1a: Hattrem|Hattrem, F|100/100
|
|-heal|p2a: Throh|46/100|[from] item: Leftovers
|upkeep
|turn|9
|
|t:|1603676373
|move|p1a: Hattrem|Psychic|p2a: Throh
|-supereffective|p2a: Throh
|-damage|p2a: Throh|9/100
|move|p2a: Throh|Knock Off|p1a: Hattrem
|-supereffective|p1a: Hattrem
|-damage|p1a: Hattrem|67/100
|-enditem|p1a: Hattrem|Eviolite|[from] move: Knock Off|[of] p2a: Throh
|
|-heal|p2a: Throh|15/100|[from] item: Leftovers
|upkeep
|turn|10
|
|t:|1603676392
|move|p1a: Hattrem|Psychic|p2a: Throh
|-supereffective|p2a: Throh
|-damage|p2a: Throh|0 fnt
|faint|p2a: Throh
|
|upkeep
|j| Ktutverde
|
|t:|1603676400
|switch|p2a: Lurantis|Lurantis, F|100/100
|turn|11
|c| Ktutverde|magmar mdrr
|c|☆cafay sen sukr|xd
|c| Ktutverde|il est légal en PU??
|c| Ktutverde|ah oui nfe
|c|☆cafay sen sukr|ye
|c| Ktutverde|énorme
|c|☆cafay sen sukr|^^
|
|t:|1603676437
|switch|p1a: Glaceon|Glaceon, M|100/100
|move|p2a: Lurantis|Leaf Storm|p1a: Glaceon|[miss]
|-miss|p2a: Lurantis|p1a: Glaceon
|
|upkeep
|turn|12
|
|t:|1603676476
|move|p1a: Glaceon|Freeze-Dry|p2a: Lurantis
|-supereffective|p2a: Lurantis
|-damage|p2a: Lurantis|0 fnt
|faint|p2a: Lurantis
|
|upkeep
|
|t:|1603676485
|switch|p2a: Rapidash|Rapidash-Galar, F|100/100
|turn|13
|
|t:|1603676490
|move|p2a: Rapidash|Swords Dance|p2a: Rapidash
|-boost|p2a: Rapidash|atk|2
|move|p1a: Glaceon|Freeze-Dry|p2a: Rapidash
|-damage|p2a: Rapidash|6/100
|
|upkeep
|turn|14
|
|t:|1603676496
|move|p2a: Rapidash|Play Rough|p1a: Glaceon
|-damage|p1a: Glaceon|0 fnt
|-damage|p2a: Rapidash|0 fnt|[from] item: Life Orb
|faint|p1a: Glaceon
|faint|p2a: Rapidash
|
|upkeep
|
|t:|1603676503
|switch|p2a: Unfezant|Unfezant, M|100/100
|switch|p1a: Unfezant|Unfezant, M|100/100
|turn|15
|
|t:|1603676533
|move|p2a: Unfezant|Brave Bird|p1a: Unfezant
|-damage|p1a: Unfezant|28/100
|-damage|p2a: Unfezant|77/100|[from] Recoil
|move|p1a: Unfezant|Brave Bird|p2a: Unfezant
|-damage|p2a: Unfezant|0 fnt
|-damage|p1a: Unfezant|3/100|[from] Recoil
|faint|p2a: Unfezant
|
|upkeep
|-message|interesting8 forfeited.
|
|win|cafay sen sukr
|l|☆interesting8
|l|☆cafay sen sukr
|raw|cafay sen sukr's rating: 1364 &rarr; <strong>1374</strong><br />(+10 for winning)
|raw|interesting8's rating: 1188 &rarr; <strong>1174</strong><br />(-14 for losing)
|l| feefeefeefeefee
|l| Ktutverde
|j|☆cafay sen sukr
|player|p1|cafay sen sukr|swimmer-gen4dp
