|j|☆acluh1
|j|☆MAC1295
|t:|1652281668
|gametype|singles
|player|p1|acluh1|102|1334
|player|p2|MAC1295|lucian|1575
|teamsize|p1|6
|teamsize|p2|6
|gen|8
|tier|[Gen 8] PU
|rated|
|rule|Sleep Clause Mod: Limit one foe put to sleep
|rule|Species Clause: Limit one of each Pokémon
|rule|OHKO Clause: OHKO moves are banned
|rule|Evasion Moves Clause: Evasion moves are banned
|rule|Endless Battle Clause: Forcing endless battles is banned
|rule|HP Percentage Mod: HP is shown in percentages
|rule|Dynamax Clause: You cannot dynamax
|clearpoke
|poke|p1|Charizard, F|
|poke|p1|Gigalith, M|
|poke|p1|Jolteon, M|
|poke|p1|Pincurchin, M|
|poke|p1|Sandaconda, F|
|poke|p1|Sneasel, M|
|poke|p2|Liepard, M|
|poke|p2|Ludicolo, F|
|poke|p2|Hitmonlee, M|
|poke|p2|Claydol|
|poke|p2|Qwilfish, F|
|poke|p2|Magneton|
|teampreview
|inactive|Battle timer is ON: inactive players will automatically lose when time's up. (requested by acluh1)
|inactive|MAC1295 has 120 seconds left.
|
|t:|1652281723
|start
|switch|p1a: Sneasel|Sneasel, M|100/100
|switch|p2a: Claydol|Claydol|100/100
|turn|1
|
|t:|1652281739
|move|p1a: Sneasel|Knock Off|p2a: Claydol
|-supereffective|p2a: Claydol
|-damage|p2a: Claydol|32/100
|-enditem|p2a: Claydol|Damp Rock|[from] move: Knock Off|[of] p1a: Sneasel
|move|p2a: Claydol|Rain Dance|p2a: Claydol
|-weather|RainDance
|
|-weather|RainDance|[upkeep]
|upkeep
|turn|2
|
|t:|1652281745
|move|p1a: Sneasel|Triple Axel|p2a: Claydol
|-supereffective|p2a: Claydol
|-damage|p2a: Claydol|17/100
|-hitcount|p2a: Claydol|1
|move|p2a: Claydol|Teleport|p2a: Claydol
|
|t:|1652281751
|switch|p2a: Qwilfish|Qwilfish, F|100/100|[from]move: Teleport
|
|-weather|RainDance|[upkeep]
|upkeep
|turn|3
|
|t:|1652281759
|switch|p1a: Gigalith|Gigalith, M, shiny|100/100
|-weather|Sandstorm|[from] ability: Sand Stream|[of] p1a: Gigalith
|move|p2a: Qwilfish|Liquidation|p1a: Gigalith
|-supereffective|p1a: Gigalith
|-damage|p1a: Gigalith|19/100
|-damage|p2a: Qwilfish|91/100|[from] item: Life Orb
|
|-weather|Sandstorm|[upkeep]
|-damage|p2a: Qwilfish|85/100|[from] Sandstorm
|-heal|p1a: Gigalith|25/100|[from] item: Leftovers
|upkeep
|turn|4
|
|t:|1652281770
|move|p2a: Qwilfish|Liquidation|p1a: Gigalith
|-supereffective|p1a: Gigalith
|-damage|p1a: Gigalith|0 fnt
|faint|p1a: Gigalith
|-damage|p2a: Qwilfish|75/100|[from] item: Life Orb
|
|-weather|Sandstorm|[upkeep]
|-damage|p2a: Qwilfish|69/100|[from] Sandstorm
|upkeep
|
|t:|1652281773
|switch|p1a: Jolteon|Jolteon, M|100/100
|turn|5
|
|t:|1652281778
|switch|p2a: Claydol|Claydol|17/100
|move|p1a: Jolteon|Hyper Voice|p2a: Claydol
|-damage|p2a: Claydol|0 fnt
|faint|p2a: Claydol
|
|-weather|Sandstorm|[upkeep]
|-damage|p1a: Jolteon|95/100|[from] Sandstorm
|upkeep
|
|t:|1652281786
|switch|p2a: Liepard|Liepard, M|100/100
|turn|6
|
|t:|1652281792
|switch|p1a: Sandaconda|Sandaconda, F, shiny|100/100
|move|p2a: Liepard|Rain Dance|p2a: Liepard
|-weather|RainDance
|
|-weather|RainDance|[upkeep]
|upkeep
|turn|7
|
|t:|1652281796
|move|p2a: Liepard|U-turn|p1a: Sandaconda
|-damage|p1a: Sandaconda|87/100
|-damage|p2a: Liepard|84/100|[from] item: Rocky Helmet|[of] p1a: Sandaconda
|
|t:|1652281800
|switch|p2a: Ludicolo|Ludicolo, F|100/100|[from]move: U-turn
|move|p1a: Sandaconda|Glare|p2a: Ludicolo
|-status|p2a: Ludicolo|par
|
|-weather|RainDance|[upkeep]
|upkeep
|turn|8
|
|t:|1652281817
|move|p2a: Ludicolo|Weather Ball|p1a: Sandaconda
|-supereffective|p1a: Sandaconda
|-damage|p1a: Sandaconda|0 fnt
|faint|p1a: Sandaconda
|-damage|p2a: Ludicolo|91/100 par|[from] item: Life Orb
|
|-weather|RainDance|[upkeep]
|upkeep
|
|t:|1652281819
|switch|p1a: Pincurchin|Pincurchin, M, shiny|100/100
|-fieldstart|move: Electric Terrain|[from] ability: Electric Surge|[of] p1a: Pincurchin
|turn|9
|
|t:|1652281827
|move|p2a: Ludicolo|Weather Ball|p1a: Pincurchin
|-damage|p1a: Pincurchin|0 fnt
|faint|p1a: Pincurchin
|-damage|p2a: Ludicolo|81/100 par|[from] item: Life Orb
|
|-weather|RainDance|[upkeep]
|upkeep
|
|t:|1652281829
|switch|p1a: Jolteon|Jolteon, M|95/100
|turn|10
|
|t:|1652281836
|switch|p2a: Hitmonlee|Hitmonlee, M|100/100
|move|p1a: Jolteon|Rising Voltage|p2a: Hitmonlee
|-hint|Rising Voltage's BP doubled on grounded target.
|-damage|p2a: Hitmonlee|36/100
|
|-weather|RainDance|[upkeep]
|upkeep
|turn|11
|
|t:|1652281855
|switch|p2a: Ludicolo|Ludicolo, F|81/100 par
|move|p1a: Jolteon|Rising Voltage|p2a: Ludicolo
|-hint|Rising Voltage's BP doubled on grounded target.
|-damage|p2a: Ludicolo|0 fnt
|faint|p2a: Ludicolo
|
|-weather|RainDance|[upkeep]
|upkeep
|
|t:|1652281860
|switch|p2a: Qwilfish|Qwilfish, F|69/100
|turn|12
|
|t:|1652281863
|switch|p1a: Sneasel|Sneasel, M|100/100
|move|p2a: Qwilfish|Liquidation|p1a: Sneasel
|-damage|p1a: Sneasel|0 fnt
|faint|p1a: Sneasel
|-damage|p2a: Qwilfish|60/100|[from] item: Life Orb
|
|-weather|RainDance|[upkeep]
|upkeep
|
|t:|1652281865
|switch|p1a: Charizard|Charizard, F, shiny|100/100
|turn|13
|
|t:|1652281873
|move|p2a: Qwilfish|Liquidation|p1a: Charizard
|-supereffective|p1a: Charizard
|-damage|p1a: Charizard|0 fnt
|faint|p1a: Charizard
|-damage|p2a: Qwilfish|50/100|[from] item: Life Orb
|
|-weather|none
|upkeep
|
|t:|1652281874
|switch|p1a: Jolteon|Jolteon, M|95/100
|turn|14
|
|t:|1652281880
|switch|p2a: Hitmonlee|Hitmonlee, M|36/100
|move|p1a: Jolteon|Rising Voltage|p2a: Hitmonlee
|-hint|Rising Voltage's BP doubled on grounded target.
|-damage|p2a: Hitmonlee|0 fnt
|faint|p2a: Hitmonlee
|
|upkeep
|
|t:|1652281885
|switch|p2a: Liepard|Liepard, M|84/100
|turn|15
|
|t:|1652281888
|move|p2a: Liepard|Rain Dance|p2a: Liepard
|-weather|RainDance
|move|p1a: Jolteon|Rising Voltage|p2a: Liepard
|-hint|Rising Voltage's BP doubled on grounded target.
|-damage|p2a: Liepard|0 fnt
|faint|p2a: Liepard
|
|-weather|RainDance|[upkeep]
|upkeep
|
|t:|1652281891
|switch|p2a: Qwilfish|Qwilfish, F|50/100
|turn|16
|
|t:|1652281893
|move|p2a: Qwilfish|Liquidation|p1a: Jolteon
|-damage|p1a: Jolteon|0 fnt
|faint|p1a: Jolteon
|-damage|p2a: Qwilfish|40/100|[from] item: Life Orb
|
|win|MAC1295
|raw|acluh1's rating: 1334 &rarr; <strong>1326</strong><br />(-8 for losing)
|raw|MAC1295's rating: 1575 &rarr; <strong>1583</strong><br />(+8 for winning)
|l|☆acluh1
||Ladder isn't responding, score probably updated but might not have (Request timeout).
