|j|☆elamoreslomejor
|j|☆bassy gay
|t:|1667135568
|gametype|singles
|player|p1|elamoreslomejor|169|1392
|player|p2|bassy gay|170|1577
|teamsize|p1|6
|teamsize|p2|6
|gen|8
|tier|[Gen 8] PU
|rated|
|rule|Sleep Clause Mod: Limit one foe put to sleep
|rule|Species Clause: Limit one of each Pokémon
|rule|OHKO Clause: OHKO moves are banned
|rule|Evasion Items Clause: Evasion items are banned
|rule|Evasion Moves Clause: Evasion moves are banned
|rule|Endless Battle Clause: Forcing endless battles is banned
|rule|HP Percentage Mod: HP is shown in percentages
|rule|Dynamax Clause: You cannot dynamax
|clearpoke
|poke|p1|Ferroseed, M|
|poke|p1|Jellicent, F|
|poke|p1|Silvally-*|
|poke|p1|Lycanroc, M|
|poke|p1|Comfey, M|
|poke|p1|Claydol|
|poke|p2|Gourgeist-*, M|
|poke|p2|Comfey, M|
|poke|p2|Flapple, F|
|poke|p2|Togedemaru, M|
|poke|p2|Cramorant, M|
|poke|p2|Miltank, F|
|teampreview
|inactive|Battle timer is ON: inactive players will automatically lose when time's up. (requested by elamoreslomejor)
|
|t:|1667135580
|start
|switch|p1a: Claydol|Claydol|100/100
|switch|p2a: Flapple|Flapple, F|100/100
|turn|1
|
|t:|1667135600
|move|p2a: Flapple|U-turn|p1a: Claydol
|-supereffective|p1a: Claydol
|-damage|p1a: Claydol|1/100
|c|☆elamoreslomejor|banded
|
|t:|1667135608
|switch|p2a: Miltank|Miltank, F|100/100|[from]move: U-turn
|move|p1a: Claydol|Stealth Rock|p2a: Miltank
|-sidestart|p2: bassy gay|move: Stealth Rock
|
|-heal|p1a: Claydol|7/100|[from] item: Leftovers
|upkeep
|turn|2
|
|t:|1667135617
|switch|p1a: Ferroseed|Ferroseed, M|100/100
|move|p2a: Miltank|Seismic Toss|p1a: Ferroseed
|-damage|p1a: Ferroseed|66/100
|-damage|p2a: Miltank|88/100|[from] ability: Iron Barbs|[of] p1a: Ferroseed
|
|upkeep
|turn|3
|
|t:|1667135624
|switch|p2a: Gourgeist|Gourgeist-Super, M|100/100
|-damage|p2a: Gourgeist|88/100|[from] Stealth Rock
|-item|p1a: Ferroseed|Eviolite|[from] ability: Frisk|[of] p2a: Gourgeist|[identify]
|move|p1a: Ferroseed|Leech Seed|p2a: Gourgeist
|-immune|p2a: Gourgeist
|
|upkeep
|turn|4
|
|t:|1667135630
|switch|p1a: Claydol|Claydol|7/100
|move|p2a: Gourgeist|Poltergeist|p1a: Claydol
|-activate|p1a: Claydol|move: Poltergeist|Leftovers
|-supereffective|p1a: Claydol
|-damage|p1a: Claydol|0 fnt
|faint|p1a: Claydol
|
|upkeep
|
|t:|1667135635
|switch|p1a: Silvally|Silvally-Fighting|100/100
|turn|5
|
|t:|1667135641
|move|p1a: Silvally|Swords Dance|p1a: Silvally
|-boost|p1a: Silvally|atk|2
|move|p2a: Gourgeist|Poltergeist|p1a: Silvally
|-activate|p1a: Silvally|move: Poltergeist|Fighting Memory
|-damage|p1a: Silvally|35/100
|
|upkeep
|turn|6
|
|t:|1667135648
|switch|p2a: Comfey|Comfey, M|100/100
|-damage|p2a: Comfey|88/100|[from] Stealth Rock
|move|p1a: Silvally|Shadow Claw|p2a: Comfey
|-damage|p2a: Comfey|44/100
|
|upkeep
|turn|7
|
|t:|1667135652
|switch|p1a: Ferroseed|Ferroseed, M|66/100
|move|p2a: Comfey|Draining Kiss|p1a: Ferroseed
|-resisted|p1a: Ferroseed
|-damage|p1a: Ferroseed|55/100
|-heal|p2a: Comfey|53/100|[from] drain|[of] p1a: Ferroseed
|-damage|p2a: Comfey|41/100|[from] ability: Iron Barbs|[of] p1a: Ferroseed
|-damage|p2a: Comfey|31/100|[from] item: Life Orb
|
|upkeep
|turn|8
|
|t:|1667135660
|switch|p2a: Flapple|Flapple, F|100/100
|-damage|p2a: Flapple|88/100|[from] Stealth Rock
|move|p1a: Ferroseed|Gyro Ball|p2a: Flapple
|-damage|p2a: Flapple|43/100
|
|upkeep
|turn|9
|
|t:|1667135664
|move|p1a: Ferroseed|Protect|p1a: Ferroseed
|-singleturn|p1a: Ferroseed|Protect
|move|p2a: Flapple|U-turn|p1a: Ferroseed
|-activate|p1a: Ferroseed|move: Protect
|
|upkeep
|turn|10
|
|t:|1667135669
|move|p2a: Flapple|U-turn|p1a: Ferroseed
|-damage|p1a: Ferroseed|21/100
|-damage|p2a: Flapple|30/100|[from] ability: Iron Barbs|[of] p1a: Ferroseed
|
|t:|1667135672
|switch|p2a: Gourgeist|Gourgeist-Super, M|88/100|[from]move: U-turn
|-damage|p2a: Gourgeist|76/100|[from] Stealth Rock
|-item|p1a: Ferroseed|Eviolite|[from] ability: Frisk|[of] p2a: Gourgeist|[identify]
|move|p1a: Ferroseed|Gyro Ball|p2a: Gourgeist
|-damage|p2a: Gourgeist|51/100
|
|upkeep
|turn|11
|
|t:|1667135676
|move|p2a: Gourgeist|Synthesis|p2a: Gourgeist
|-heal|p2a: Gourgeist|100/100
|move|p1a: Ferroseed|Gyro Ball|p2a: Gourgeist
|-damage|p2a: Gourgeist|75/100
|
|upkeep
|turn|12
|
|t:|1667135679
|move|p2a: Gourgeist|Poltergeist|p1a: Ferroseed
|-activate|p1a: Ferroseed|move: Poltergeist|Eviolite
|-damage|p1a: Ferroseed|0 fnt
|faint|p1a: Ferroseed
|
|upkeep
|
|t:|1667135688
|switch|p1a: Silvally|Silvally-Fighting|35/100
|turn|13
|
|t:|1667135692
|move|p1a: Silvally|Shadow Claw|p2a: Gourgeist
|-supereffective|p2a: Gourgeist
|-damage|p2a: Gourgeist|40/100
|move|p2a: Gourgeist|Poltergeist|p1a: Silvally|[miss]
|-miss|p2a: Gourgeist|p1a: Silvally
|
|upkeep
|turn|14
|
|t:|1667135698
|switch|p2a: Cramorant|Cramorant, M|100/100
|move|p1a: Silvally|Swords Dance|p1a: Silvally
|-boost|p1a: Silvally|atk|2
|
|upkeep
|turn|15
|
|t:|1667135701
|move|p1a: Silvally|Shadow Claw|p2a: Cramorant
|-damage|p2a: Cramorant|62/100
|move|p2a: Cramorant|Surf|p1a: Silvally
|-formechange|p2a: Cramorant|Cramorant-Gulping|
|-crit|p1a: Silvally
|-damage|p1a: Silvally|0 fnt
|faint|p1a: Silvally
|
|upkeep
|
|t:|1667135705
|switch|p1a: Jellicent|Jellicent, F|100/100
|turn|16
|
|t:|1667135710
|move|p2a: Cramorant|Hurricane|p1a: Jellicent
|-damage|p1a: Jellicent|79/100
|-start|p1a: Jellicent|confusion
|-activate|p1a: Jellicent|confusion
|move|p1a: Jellicent|Toxic|p2a: Cramorant
|-status|p2a: Cramorant|tox
|
|-heal|p1a: Jellicent|86/100|[from] item: Leftovers
|-damage|p2a: Cramorant|56/100 tox|[from] psn
|upkeep
|turn|17
|
|t:|1667135723
|switch|p2a: Flapple|Flapple, F|30/100
|-damage|p2a: Flapple|18/100|[from] Stealth Rock
|-end|p1a: Jellicent|confusion
|move|p1a: Jellicent|Scald|p2a: Flapple
|-resisted|p2a: Flapple
|-damage|p2a: Flapple|7/100
|
|-heal|p1a: Jellicent|92/100|[from] item: Leftovers
|upkeep
|turn|18
|
|t:|1667135727
|move|p2a: Flapple|Grav Apple|p1a: Jellicent|[miss]
|-miss|p2a: Flapple|p1a: Jellicent
|move|p1a: Jellicent|Scald|p2a: Flapple
|-resisted|p2a: Flapple
|-damage|p2a: Flapple|0 fnt
|faint|p2a: Flapple
|
|-heal|p1a: Jellicent|98/100|[from] item: Leftovers
|upkeep
|
|t:|1667135742
|switch|p2a: Gourgeist|Gourgeist-Super, M|40/100
|-damage|p2a: Gourgeist|27/100|[from] Stealth Rock
|-item|p1a: Jellicent|Leftovers|[from] ability: Frisk|[of] p2a: Gourgeist|[identify]
|turn|19
|
|t:|1667135745
|move|p2a: Gourgeist|Power Whip|p1a: Jellicent
|-supereffective|p1a: Jellicent
|-damage|p1a: Jellicent|0 fnt
|faint|p1a: Jellicent
|
|upkeep
|
|t:|1667135752
|switch|p1a: Lycanroc|Lycanroc, M|100/100
|turn|20
|
|t:|1667135754
|move|p2a: Gourgeist|Shadow Sneak|p1a: Lycanroc
|-damage|p1a: Lycanroc|65/100
|move|p1a: Lycanroc|Stone Edge|p2a: Gourgeist|[miss]
|-miss|p1a: Lycanroc|p2a: Gourgeist
|
|upkeep
|turn|21
|
|t:|1667135758
|move|p2a: Gourgeist|Shadow Sneak|p1a: Lycanroc
|-damage|p1a: Lycanroc|33/100
|move|p1a: Lycanroc|Stone Edge|p2a: Gourgeist
|-damage|p2a: Gourgeist|0 fnt
|faint|p2a: Gourgeist
|
|upkeep
|
|t:|1667135764
|switch|p2a: Comfey|Comfey, M|31/100
|-damage|p2a: Comfey|19/100|[from] Stealth Rock
|turn|22
|
|t:|1667135768
|move|p2a: Comfey|Giga Drain|p1a: Lycanroc
|-supereffective|p1a: Lycanroc
|-damage|p1a: Lycanroc|0 fnt
|-heal|p2a: Comfey|37/100|[from] drain|[of] p1a: Lycanroc
|faint|p1a: Lycanroc
|-damage|p2a: Comfey|27/100|[from] item: Life Orb
|
|upkeep
|
|t:|1667135771
|switch|p1a: Comfey|Comfey, M|100/100
|turn|23
|
|t:|1667135774
|switch|p2a: Togedemaru|Togedemaru, M|100/100
|-damage|p2a: Togedemaru|95/100|[from] Stealth Rock
|move|p1a: Comfey|Calm Mind|p1a: Comfey
|-boost|p1a: Comfey|spa|1
|-boost|p1a: Comfey|spd|1
|
|-heal|p2a: Togedemaru|100/100|[from] item: Leftovers
|upkeep
|turn|24
|
|t:|1667135777
|move|p1a: Comfey|Giga Drain|p2a: Togedemaru
|-resisted|p2a: Togedemaru
|-damage|p2a: Togedemaru|86/100
|move|p2a: Togedemaru|Iron Head|p1a: Comfey
|-supereffective|p1a: Comfey
|-damage|p1a: Comfey|17/100
|
|-heal|p1a: Comfey|23/100|[from] item: Leftovers
|-heal|p2a: Togedemaru|92/100|[from] item: Leftovers
|upkeep
|turn|25
|
|t:|1667135781
|move|p1a: Comfey|Draining Kiss|p2a: Togedemaru
|-resisted|p2a: Togedemaru
|-damage|p2a: Togedemaru|77/100
|-heal|p1a: Comfey|39/100|[from] drain|[of] p2a: Togedemaru
|move|p2a: Togedemaru|Iron Head|p1a: Comfey
|-supereffective|p1a: Comfey
|-damage|p1a: Comfey|0 fnt
|faint|p1a: Comfey
|
|win|bassy gay
|raw|elamoreslomejor's rating: 1392 &rarr; <strong>1382</strong><br />(-10 for losing)
|raw|bassy gay's rating: 1577 &rarr; <strong>1587</strong><br />(+10 for winning)
|c|☆bassy gay|GG
|l|☆elamoreslomejor
||Ladder isn't responding, score probably updated but might not have (Request timeout).
