|j|☆Toxicidad fuera
|j|☆Blaziken hee
|t:|1620838937
|gametype|singles
|player|p1|Toxicidad fuera|argenta|1519
|player|p2|Blaziken hee|preschooler|1514
|teamsize|p1|6
|teamsize|p2|6
|gen|8
|tier|[Gen 8] PU
|rated|
|rule|Sleep Clause Mod: Limit one foe put to sleep
|rule|Species Clause: Limit one of each Pokémon
|rule|OHKO Clause: OHKO moves are banned
|rule|Evasion Moves Clause: Evasion moves are banned
|rule|Endless Battle Clause: Forcing endless battles is banned
|rule|HP Percentage Mod: HP is shown in percentages
|rule|Dynamax Clause: You cannot dynamax
|clearpoke
|poke|p1|Thwackey, M|
|poke|p1|Thievul, F|
|poke|p1|Gourgeist-*, M|
|poke|p1|Garbodor, M|
|poke|p1|Regirock|
|poke|p1|Xatu, M|
|poke|p2|Claydol|
|poke|p2|Uxie|
|poke|p2|Liepard, M|
|poke|p2|Carracosta, F|
|poke|p2|Poliwrath, F|
|poke|p2|Ludicolo, F|
|teampreview
|inactive|Battle timer is ON: inactive players will automatically lose when time's up. (requested by Blaziken hee)
|inactive|Blaziken hee has 120 seconds left.
|inactive|Blaziken hee has 90 seconds left.
|j| Xirtt
|inactive|Blaziken hee has 60 seconds left.
|j| Blaziken-Mohammad
|inactive|Blaziken hee has 30 seconds left.
|inactive|Blaziken hee has 20 seconds left.
|
|t:|1620839073
|start
|switch|p1a: Thwackey|Thwackey, M|100/100
|switch|p2a: Uxie|Uxie|100/100
|-fieldstart|move: Grassy Terrain|[from] ability: Grassy Surge|[of] p1a: Thwackey
|turn|1
|
|t:|1620839083
|switch|p1a: Xatu|Xatu, M|100/100
|move|p2a: Uxie|Knock Off|p1a: Xatu
|-supereffective|p1a: Xatu
|-damage|p1a: Xatu|67/100
|-enditem|p1a: Xatu|Heavy-Duty Boots|[from] move: Knock Off|[of] p2a: Uxie
|
|upkeep
|turn|2
|inactive|Blaziken hee has 90 seconds left.
|
|t:|1620839089
|move|p1a: Xatu|Thunder Wave|p2a: Uxie
|-status|p2a: Uxie|par
|move|p2a: Uxie|Rain Dance|p2a: Uxie
|-weather|RainDance
|
|-weather|RainDance|[upkeep]
|upkeep
|turn|3
|
|t:|1620839094
|move|p1a: Xatu|Thunder Wave|p2a: Uxie
|-fail|p2a: Uxie|par
|move|p2a: Uxie|U-turn|p1a: Xatu
|-damage|p1a: Xatu|55/100
|
|t:|1620839098
|switch|p2a: Carracosta|Carracosta, F|100/100|[from]move: U-turn
|
|-weather|RainDance|[upkeep]
|upkeep
|turn|4
|
|t:|1620839105
|move|p2a: Carracosta|Rock Slide|p1a: Xatu
|-supereffective|p1a: Xatu
|-damage|p1a: Xatu|0 fnt
|faint|p1a: Xatu
|
|-weather|RainDance|[upkeep]
|upkeep
|
|t:|1620839108
|switch|p1a: Thwackey|Thwackey, M|100/100
|turn|5
|l| Blaziken-Mohammad
|
|t:|1620839119
|switch|p2a: Uxie|Uxie|100/100 par
|move|p1a: Thwackey|U-turn|p2a: Uxie
|-supereffective|p2a: Uxie
|-damage|p2a: Uxie|70/100 par
|-damage|p1a: Thwackey|91/100|[from] item: Life Orb
|
|t:|1620839123
|switch|p1a: Gourgeist|Gourgeist-Small, M|100/100|[from]move: U-turn
|-item|p2a: Uxie|Damp Rock|[from] ability: Frisk|[of] p1a: Gourgeist|[identify]
|
|-weather|RainDance|[upkeep]
|-fieldend|move: Grassy Terrain
|upkeep
|turn|6
|
|t:|1620839134
|move|p1a: Gourgeist|Poltergeist|p2a: Uxie
|-activate|p2a: Uxie|move: Poltergeist|Damp Rock
|-supereffective|p2a: Uxie
|-damage|p2a: Uxie|0 fnt
|faint|p2a: Uxie
|
|-weather|RainDance|[upkeep]
|upkeep
|
|t:|1620839142
|switch|p2a: Liepard|Liepard, M|100/100
|turn|7
|
|t:|1620839147
|switch|p1a: Regirock|Regirock|100/100
|move|p2a: Liepard|Knock Off|p1a: Regirock
|-damage|p1a: Regirock|86/100
|-enditem|p1a: Regirock|Leftovers|[from] move: Knock Off|[of] p2a: Liepard
|
|-weather|RainDance|[upkeep]
|upkeep
|turn|8
|
|t:|1620839158
|switch|p2a: Carracosta|Carracosta, F|100/100
|move|p1a: Regirock|Stealth Rock|p2a: Carracosta
|-sidestart|p2: Blaziken hee|move: Stealth Rock
|
|-weather|RainDance|[upkeep]
|upkeep
|turn|9
|
|t:|1620839165
|switch|p1a: Garbodor|Garbodor, M|100/100
|move|p2a: Carracosta|Liquidation|p1a: Garbodor
|-damage|p1a: Garbodor|20/100
|
|-weather|none
|-heal|p1a: Garbodor|26/100|[from] item: Black Sludge
|upkeep
|turn|10
|
|t:|1620839172
|move|p1a: Garbodor|Pain Split|p2a: Carracosta
|-sethp|p2a: Carracosta|66/100|[from] move: Pain Split|[silent]
|-sethp|p1a: Garbodor|53/100|[from] move: Pain Split
|move|p2a: Carracosta|Rock Slide|p1a: Garbodor
|-damage|p1a: Garbodor|12/100
|
|-heal|p1a: Garbodor|18/100|[from] item: Black Sludge
|upkeep
|turn|11
|
|t:|1620839190
|move|p1a: Garbodor|Spikes|p2a: Carracosta
|-sidestart|p2: Blaziken hee|Spikes
|move|p2a: Carracosta|Rock Slide|p1a: Garbodor
|-damage|p1a: Garbodor|0 fnt
|faint|p1a: Garbodor
|
|upkeep
|
|t:|1620839194
|switch|p1a: Thwackey|Thwackey, M|91/100
|-fieldstart|move: Grassy Terrain|[from] ability: Grassy Surge|[of] p1a: Thwackey
|turn|12
|
|t:|1620839202
|move|p1a: Thwackey|Swords Dance|p1a: Thwackey
|-boost|p1a: Thwackey|atk|2
|move|p2a: Carracosta|Rock Slide|p1a: Thwackey
|-damage|p1a: Thwackey|34/100
|
|-heal|p1a: Thwackey|40/100|[from] Grassy Terrain
|-heal|p2a: Carracosta|72/100|[from] Grassy Terrain
|upkeep
|turn|13
|
|t:|1620839211
|move|p1a: Thwackey|Grassy Glide|p2a: Carracosta
|-supereffective|p2a: Carracosta
|-damage|p2a: Carracosta|0 fnt
|faint|p2a: Carracosta
|-damage|p1a: Thwackey|30/100|[from] item: Life Orb
|
|-heal|p1a: Thwackey|36/100|[from] Grassy Terrain
|upkeep
|
|t:|1620839218
|switch|p2a: Ludicolo|Ludicolo, F|100/100
|-damage|p2a: Ludicolo|88/100|[from] Spikes
|-damage|p2a: Ludicolo|76/100|[from] Stealth Rock
|turn|14
|
|t:|1620839223
|move|p1a: Thwackey|U-turn|p2a: Ludicolo
|-supereffective|p2a: Ludicolo
|-damage|p2a: Ludicolo|0 fnt
|faint|p2a: Ludicolo
|-damage|p1a: Thwackey|26/100|[from] item: Life Orb
|-message|Blaziken hee forfeited.
|
|win|Toxicidad fuera
|raw|Toxicidad fuera's rating: 1519 &rarr; <strong>1539</strong><br />(+20 for winning)
|raw|Blaziken hee's rating: 1514 &rarr; <strong>1494</strong><br />(-20 for losing)
|l|☆Blaziken hee
|l|☆Toxicidad fuera
