|html|<div class="broadcast-blue"><strong>[Gen 8] PU is currently suspecting Virizion! For information on how to participate check out the <a href="https://www.smogon.com/forums/threads/np-pu-stage-4-and-justice-for-all-virizion-suspect-test.3676543/">suspect thread</a>.</strong></div>
|j|☆GulagChampYo
|j|☆Uberfiend
|t:|1611041993
|player|p1|GulagChampYo|265|1518
|player|p2|Uberfiend|youngcouple-gen4dp|1396
|teamsize|p1|6
|teamsize|p2|6
|gametype|singles
|gen|8
|tier|[Gen 8] PU
|rated|
|clearpoke
|poke|p1|Orbeetle, F|
|poke|p1|Vaporeon, M|
|poke|p1|Froslass, F|
|poke|p1|Aggron, M|
|poke|p1|Sandaconda, F|
|poke|p1|Hitmontop, M|
|poke|p2|Lycanroc, M|
|poke|p2|Gigalith, M|
|poke|p2|Dugtrio, F|
|poke|p2|Heliolisk, M|
|poke|p2|Sandslash, M|
|poke|p2|Palossand, M|
|rule|Sleep Clause Mod: Limit one foe put to sleep
|rule|Species Clause: Limit one of each Pokémon
|rule|OHKO Clause: OHKO moves are banned
|rule|Evasion Moves Clause: Evasion moves are banned
|rule|Endless Battle Clause: Forcing endless battles is banned
|rule|HP Percentage Mod: HP is shown in percentages
|rule|Dynamax Clause: You cannot dynamax
|teampreview
|inactive|Battle timer is ON: inactive players will automatically lose when time's up. (requested by GulagChampYo)
|
|t:|1611042016
|start
|switch|p1a: Sandaconda|Sandaconda, F|100/100
|switch|p2a: Dune dada|Gigalith, M|100/100
|-weather|Sandstorm|[from] ability: Sand Stream|[of] p2a: Dune dada
|turn|1
|
|t:|1611042020
|move|p1a: Sandaconda|Stealth Rock|p2a: Dune dada
|-sidestart|p2: Uberfiend|move: Stealth Rock
|move|p2a: Dune dada|Toxic|p1a: Sandaconda
|-status|p1a: Sandaconda|tox
|
|-weather|Sandstorm|[upkeep]
|-activate|p1a: Sandaconda|ability: Shed Skin
|-curestatus|p1a: Sandaconda|tox|[msg]
|upkeep
|turn|2
|
|t:|1611042028
|switch|p2a: Palossand|Palossand, M|100/100
|-damage|p2a: Palossand|94/100|[from] Stealth Rock
|move|p1a: Sandaconda|Earthquake|p2a: Palossand|[miss]
|-miss|p1a: Sandaconda|p2a: Palossand
|
|-weather|Sandstorm|[upkeep]
|upkeep
|turn|3
|
|t:|1611042041
|switch|p1a: Froslass|Froslass, F|100/100
|move|p2a: Palossand|Substitute|p2a: Palossand
|-start|p2a: Palossand|Substitute
|-damage|p2a: Palossand|69/100
|
|-weather|Sandstorm|[upkeep]
|-damage|p1a: Froslass|94/100|[from] Sandstorm
|upkeep
|turn|4
|
|t:|1611042045
|move|p1a: Froslass|Ice Beam|p2a: Palossand
|-supereffective|p2a: Palossand
|-end|p2a: Palossand|Substitute
|move|p2a: Palossand|Shadow Ball|p1a: Froslass
|-supereffective|p1a: Froslass
|-damage|p1a: Froslass|2/100
|
|-weather|Sandstorm|[upkeep]
|-damage|p1a: Froslass|0 fnt|[from] Sandstorm
|faint|p1a: Froslass
|upkeep
|
|t:|1611042063
|switch|p1a: Hitmontop|Hitmontop, M|100/100
|turn|5
|
|t:|1611042068
|move|p1a: Hitmontop|Triple Axel|p2a: Palossand|[miss]
|-miss|p1a: Hitmontop|p2a: Palossand
|move|p2a: Palossand|Substitute|p2a: Palossand
|-start|p2a: Palossand|Substitute
|-damage|p2a: Palossand|45/100
|
|-weather|Sandstorm|[upkeep]
|-damage|p1a: Hitmontop|94/100|[from] Sandstorm
|upkeep
|turn|6
|
|t:|1611042073
|move|p1a: Hitmontop|Triple Axel|p2a: Palossand
|-supereffective|p2a: Palossand
|-activate|p2a: Palossand|move: Substitute|[damage]
|-hitcount|p2a: Palossand|1
|move|p2a: Palossand|Shore Up|p2a: Palossand
|-heal|p2a: Palossand|100/100
|
|-weather|Sandstorm|[upkeep]
|-damage|p1a: Hitmontop|88/100|[from] Sandstorm
|upkeep
|turn|7
|
|t:|1611042081
|move|p1a: Hitmontop|Triple Axel|p2a: Palossand|[miss]
|-miss|p1a: Hitmontop|p2a: Palossand
|move|p2a: Palossand|Scorching Sands|p1a: Hitmontop
|-damage|p1a: Hitmontop|61/100
|
|-weather|Sandstorm|[upkeep]
|-damage|p1a: Hitmontop|55/100|[from] Sandstorm
|upkeep
|turn|8
|
|t:|1611042089
|move|p1a: Hitmontop|Triple Axel|p2a: Palossand|[miss]
|-miss|p1a: Hitmontop|p2a: Palossand
|move|p2a: Palossand|Scorching Sands|p1a: Hitmontop
|-crit|p1a: Hitmontop
|-damage|p1a: Hitmontop|15/100
|
|-weather|none
|upkeep
|turn|9
|
|t:|1611042098
|switch|p1a: Vaporeon|Vaporeon, M|100/100
|move|p2a: Palossand|Scorching Sands|p1a: Vaporeon
|-damage|p1a: Vaporeon|86/100
|-status|p1a: Vaporeon|brn
|
|-heal|p1a: Vaporeon|92/100 brn|[from] item: Leftovers
|-damage|p1a: Vaporeon|86/100 brn|[from] brn
|upkeep
|turn|10
|
|t:|1611042104
|move|p1a: Vaporeon|Wish|p1a: Vaporeon
|move|p2a: Palossand|Shadow Ball|p1a: Vaporeon
|-damage|p1a: Vaporeon|71/100 brn
|
|-heal|p1a: Vaporeon|77/100 brn|[from] item: Leftovers
|-damage|p1a: Vaporeon|71/100 brn|[from] brn
|upkeep
|turn|11
|
|t:|1611042109
|move|p1a: Vaporeon|Flip Turn|p2a: Palossand
|-supereffective|p2a: Palossand
|-activate|p2a: Palossand|move: Substitute|[damage]
|
|t:|1611042118
|switch|p1a: Sandaconda|Sandaconda, F|100/100|[from]move: Flip Turn
|move|p2a: Palossand|Scorching Sands|p1a: Sandaconda
|-damage|p1a: Sandaconda|67/100
|
|-heal|p1a: Sandaconda|100/100|[from] move: Wish|[wisher] Vaporeon
|upkeep
|turn|12
|
|t:|1611042129
|switch|p1a: Vaporeon|Vaporeon, M|71/100 brn
|move|p2a: Palossand|Scorching Sands|p1a: Vaporeon
|-damage|p1a: Vaporeon|59/100 brn
|
|-heal|p1a: Vaporeon|65/100 brn|[from] item: Leftovers
|-damage|p1a: Vaporeon|59/100 brn|[from] brn
|upkeep
|turn|13
|
|t:|1611042135
|move|p1a: Vaporeon|Heal Bell|p1a: Vaporeon
|-activate|p1a: Vaporeon|move: Heal Bell
|-curestatus|p1a: Vaporeon|brn|[msg]
|move|p2a: Palossand|Shadow Ball|p1a: Vaporeon
|-damage|p1a: Vaporeon|44/100
|-unboost|p1a: Vaporeon|spd|1
|
|-heal|p1a: Vaporeon|50/100|[from] item: Leftovers
|upkeep
|turn|14
|
|t:|1611042139
|move|p1a: Vaporeon|Protect|p1a: Vaporeon
|-singleturn|p1a: Vaporeon|Protect
|move|p2a: Palossand|Scorching Sands|p1a: Vaporeon
|-activate|p1a: Vaporeon|move: Protect
|
|-heal|p1a: Vaporeon|56/100|[from] item: Leftovers
|upkeep
|turn|15
|
|t:|1611042141
|move|p1a: Vaporeon|Wish|p1a: Vaporeon
|move|p2a: Palossand|Shadow Ball|p1a: Vaporeon
|-damage|p1a: Vaporeon|35/100
|
|-heal|p1a: Vaporeon|41/100|[from] item: Leftovers
|upkeep
|turn|16
|
|t:|1611042144
|move|p1a: Vaporeon|Protect|p1a: Vaporeon
|-singleturn|p1a: Vaporeon|Protect
|move|p2a: Palossand|Scorching Sands|p1a: Vaporeon
|-activate|p1a: Vaporeon|move: Protect
|
|-heal|p1a: Vaporeon|91/100|[from] move: Wish|[wisher] Vaporeon
|-heal|p1a: Vaporeon|97/100|[from] item: Leftovers
|upkeep
|turn|17
|
|t:|1611042149
|move|p1a: Vaporeon|Wish|p1a: Vaporeon
|move|p2a: Palossand|Scorching Sands|p1a: Vaporeon
|-damage|p1a: Vaporeon|77/100
|
|-heal|p1a: Vaporeon|83/100|[from] item: Leftovers
|upkeep
|turn|18
|j| Kttktjyk
|
|t:|1611042156
|move|p1a: Vaporeon|Flip Turn|p2a: Palossand
|-supereffective|p2a: Palossand
|-end|p2a: Palossand|Substitute
|
|t:|1611042161
|switch|p1a: Sandaconda|Sandaconda, F|100/100|[from]move: Flip Turn
|move|p2a: Palossand|Scorching Sands|p1a: Sandaconda
|-damage|p1a: Sandaconda|70/100
|-status|p1a: Sandaconda|brn
|
|-heal|p1a: Sandaconda|100/100 brn|[from] move: Wish|[wisher] Vaporeon
|-damage|p1a: Sandaconda|94/100 brn|[from] brn
|upkeep
|turn|19
|
|t:|1611042170
|switch|p1a: Orbeetle|Orbeetle, F, shiny|100/100
|-item|p2a: Palossand|Bright Powder|[from] ability: Frisk|[of] p1a: Orbeetle|[identify]
|move|p2a: Palossand|Substitute|p2a: Palossand
|-start|p2a: Palossand|Substitute
|-damage|p2a: Palossand|76/100
|
|upkeep
|turn|20
|
|t:|1611042174
|move|p1a: Orbeetle|Calm Mind|p1a: Orbeetle
|-boost|p1a: Orbeetle|spa|1
|-boost|p1a: Orbeetle|spd|1
|move|p2a: Palossand|Shadow Ball|p1a: Orbeetle
|-supereffective|p1a: Orbeetle
|-damage|p1a: Orbeetle|68/100
|
|upkeep
|turn|21
|
|t:|1611042176
|move|p1a: Orbeetle|Calm Mind|p1a: Orbeetle
|-boost|p1a: Orbeetle|spa|1
|-boost|p1a: Orbeetle|spd|1
|move|p2a: Palossand|Shadow Ball|p1a: Orbeetle
|-supereffective|p1a: Orbeetle
|-crit|p1a: Orbeetle
|-damage|p1a: Orbeetle|0 fnt
|faint|p1a: Orbeetle
|
|upkeep
|
|t:|1611042184
|switch|p1a: Hitmontop|Hitmontop, M|15/100
|turn|22
|
|t:|1611042190
|move|p1a: Hitmontop|Triple Axel|p2a: Palossand
|-supereffective|p2a: Palossand
|-activate|p2a: Palossand|move: Substitute|[damage]
|-supereffective|p2a: Palossand
|-end|p2a: Palossand|Substitute
|-supereffective|p2a: Palossand
|-damage|p2a: Palossand|41/100
|-hitcount|p2a: Palossand|3
|move|p2a: Palossand|Scorching Sands|p1a: Hitmontop
|-damage|p1a: Hitmontop|0 fnt
|faint|p1a: Hitmontop
|
|upkeep
|c|☆GulagChampYo|bg
|-message|GulagChampYo forfeited.
|
|win|Uberfiend
|l|☆GulagChampYo
