|j|☆Lila Rossi
|j|☆I'm Tapu Bulu
|t:|1652425793
|gametype|singles
|player|p1|Lila Rossi|valerie|1304
|player|p2|I'm Tapu Bulu|cyclist-gen4|1452
|teamsize|p1|6
|teamsize|p2|6
|gen|8
|tier|[Gen 8] PU
|rated|
|rule|Sleep Clause Mod: Limit one foe put to sleep
|rule|Species Clause: Limit one of each Pokémon
|rule|OHKO Clause: OHKO moves are banned
|rule|Evasion Moves Clause: Evasion moves are banned
|rule|Endless Battle Clause: Forcing endless battles is banned
|rule|HP Percentage Mod: HP is shown in percentages
|rule|Dynamax Clause: You cannot dynamax
|clearpoke
|poke|p1|Weezing, M|
|poke|p1|Hitmonchan, M|
|poke|p1|Audino, F|
|poke|p1|Ferroseed, F|
|poke|p1|Mareanie, F|
|poke|p1|Quagsire, F|
|poke|p2|Charizard, M|
|poke|p2|Eldegoss, F|
|poke|p2|Rotom|
|poke|p2|Silvally-*|
|poke|p2|Glastrier|
|poke|p2|Sandaconda, F|
|teampreview
|
|t:|1652425855
|start
|switch|p1a: Ferroseed|Ferroseed, F|100/100
|switch|p2a: The Art of Dying|Silvally-Ghost|100/100
|turn|1
|
|t:|1652425864
|move|p2a: The Art of Dying|Flame Charge|p1a: Ferroseed
|-supereffective|p1a: Ferroseed
|-damage|p1a: Ferroseed|65/100
|-boost|p2a: The Art of Dying|spe|1
|-damage|p2a: The Art of Dying|88/100|[from] ability: Iron Barbs|[of] p1a: Ferroseed
|move|p1a: Ferroseed|Leech Seed|p2a: The Art of Dying
|-start|p2a: The Art of Dying|move: Leech Seed
|
|-damage|p2a: The Art of Dying|76/100|[from] Leech Seed|[of] p1a: Ferroseed
|-heal|p1a: Ferroseed|79/100|[silent]
|upkeep
|turn|2
|
|t:|1652425913
|switch|p2a: Heaviest Matter|Glastrier|100/100
|switch|p1a: Audino|Audino, F|100/100
|
|upkeep
|turn|3
|
|t:|1652425921
|switch|p1a: Weezing|Weezing, M|100/100
|move|p2a: Heaviest Matter|Icicle Crash|p1a: Weezing
|-damage|p1a: Weezing|52/100
|
|-heal|p1a: Weezing|58/100|[from] item: Black Sludge
|upkeep
|turn|4
|
|t:|1652425932
|switch|p2a: Magma|Charizard, M|100/100
|move|p1a: Weezing|Will-O-Wisp|p2a: Magma|[miss]
|-miss|p1a: Weezing|p2a: Magma
|
|-heal|p1a: Weezing|64/100|[from] item: Black Sludge
|upkeep
|turn|5
|
|t:|1652425942
|switch|p2a: Flying Whales|Rotom|100/100
|switch|p1a: Audino|Audino, F|100/100
|
|upkeep
|turn|6
|
|t:|1652425947
|switch|p1a: Hitmonchan|Hitmonchan, M|100/100
|move|p2a: Flying Whales|Trick|p1a: Hitmonchan
|-activate|p2a: Flying Whales|move: Trick|[of] p1a: Hitmonchan
|-item|p1a: Hitmonchan|Choice Scarf|[from] move: Trick
|-item|p2a: Flying Whales|Assault Vest|[from] move: Trick
|
|upkeep
|turn|7
|
|t:|1652425955
|switch|p2a: Gift of Guilt|Sandaconda, F|100/100
|move|p1a: Hitmonchan|Throat Chop|p2a: Gift of Guilt
|-damage|p2a: Gift of Guilt|88/100
|-start|p2a: Gift of Guilt|Throat Chop|[silent]
|-damage|p1a: Hitmonchan|84/100|[from] item: Rocky Helmet|[of] p2a: Gift of Guilt
|
|upkeep
|turn|8
|
|t:|1652425968
|switch|p1a: Ferroseed|Ferroseed, F|79/100
|move|p2a: Gift of Guilt|Stealth Rock|p1a: Ferroseed
|-sidestart|p1: Lila Rossi|move: Stealth Rock
|
|-end|p2a: Gift of Guilt|Throat Chop|[silent]
|upkeep
|turn|9
|
|t:|1652425972
|move|p2a: Gift of Guilt|Earthquake|p1a: Ferroseed
|-damage|p1a: Ferroseed|56/100
|move|p1a: Ferroseed|Leech Seed|p2a: Gift of Guilt|[miss]
|-miss|p1a: Ferroseed|p2a: Gift of Guilt
|
|upkeep
|turn|10
|
|t:|1652425976
|move|p2a: Gift of Guilt|Earthquake|p1a: Ferroseed
|-damage|p1a: Ferroseed|34/100
|move|p1a: Ferroseed|Leech Seed|p2a: Gift of Guilt
|-start|p2a: Gift of Guilt|move: Leech Seed
|
|-damage|p2a: Gift of Guilt|75/100|[from] Leech Seed|[of] p1a: Ferroseed
|-heal|p1a: Ferroseed|49/100|[silent]
|upkeep
|turn|11
|
|t:|1652425988
|switch|p2a: Heaviest Matter|Glastrier|100/100
|move|p1a: Ferroseed|Toxic|p2a: Heaviest Matter
|-status|p2a: Heaviest Matter|tox
|
|-damage|p2a: Heaviest Matter|94/100 tox|[from] psn
|upkeep
|turn|12
|
|t:|1652425994
|switch|p2a: Magma|Charizard, M|100/100
|move|p1a: Ferroseed|Protect||[still]
|-fail|p1a: Ferroseed
|
|upkeep
|turn|13
|
|t:|1652425998
|switch|p1a: Audino|Audino, F|100/100
|-damage|p1a: Audino|88/100|[from] Stealth Rock
|move|p2a: Magma|Flamethrower|p1a: Audino
|-damage|p1a: Audino|60/100
|
|-heal|p1a: Audino|66/100|[from] item: Leftovers
|upkeep
|turn|14
|
|t:|1652426006
|move|p2a: Magma|Hurricane|p1a: Audino
|-damage|p1a: Audino|30/100
|move|p1a: Audino|Knock Off|p2a: Magma
|-damage|p2a: Magma|80/100
|-enditem|p2a: Magma|Heavy-Duty Boots|[from] move: Knock Off|[of] p1a: Audino
|
|-heal|p1a: Audino|36/100|[from] item: Leftovers
|upkeep
|turn|15
|
|t:|1652426014
|move|p1a: Audino|Protect|p1a: Audino
|-singleturn|p1a: Audino|Protect
|move|p2a: Magma|Toxic|p1a: Audino
|-activate|p1a: Audino|move: Protect
|
|-heal|p1a: Audino|42/100|[from] item: Leftovers
|upkeep
|turn|16
|
|t:|1652426020
|move|p2a: Magma|Hurricane|p1a: Audino
|-damage|p1a: Audino|10/100
|move|p1a: Audino|Wish|p1a: Audino
|
|-heal|p1a: Audino|16/100|[from] item: Leftovers
|upkeep
|turn|17
|
|t:|1652426026
|switch|p2a: L'Enfant Sauvage|Eldegoss, F|100/100
|move|p1a: Audino|Knock Off|p2a: L'Enfant Sauvage
|-damage|p2a: L'Enfant Sauvage|80/100
|-enditem|p2a: L'Enfant Sauvage|Heavy-Duty Boots|[from] move: Knock Off|[of] p1a: Audino
|
|-heal|p1a: Audino|66/100|[from] move: Wish|[wisher] Audino
|-heal|p1a: Audino|72/100|[from] item: Leftovers
|upkeep
|turn|18
|
|t:|1652426036
|switch|p1a: Ferroseed|Ferroseed, F|49/100
|-damage|p1a: Ferroseed|43/100|[from] Stealth Rock
|move|p2a: L'Enfant Sauvage|Aromatherapy|p2a: L'Enfant Sauvage
|-activate|p2a: L'Enfant Sauvage|move: Aromatherapy
|-curestatus|p2: Heaviest Matter|tox|[msg]
|
|upkeep
|turn|19
|
|t:|1652426041
|move|p2a: L'Enfant Sauvage|Leaf Storm|p1a: Ferroseed
|-resisted|p1a: Ferroseed
|-damage|p1a: Ferroseed|32/100
|-unboost|p2a: L'Enfant Sauvage|spa|2
|move|p1a: Ferroseed|Toxic|p2a: L'Enfant Sauvage
|-status|p2a: L'Enfant Sauvage|tox
|
|-damage|p2a: L'Enfant Sauvage|74/100 tox|[from] psn
|upkeep
|turn|20
|
|t:|1652426053
|switch|p2a: Heaviest Matter|Glastrier|94/100
|move|p1a: Ferroseed|Knock Off|p2a: Heaviest Matter
|-damage|p2a: Heaviest Matter|84/100
|-enditem|p2a: Heaviest Matter|Choice Band|[from] move: Knock Off|[of] p1a: Ferroseed
|
|upkeep
|turn|21
|
|t:|1652426060
|switch|p1a: Weezing|Weezing, M|64/100
|-damage|p1a: Weezing|51/100|[from] Stealth Rock
|move|p2a: Heaviest Matter|Icicle Crash|p1a: Weezing
|-damage|p1a: Weezing|15/100
|
|-heal|p1a: Weezing|21/100|[from] item: Black Sludge
|upkeep
|turn|22
|
|t:|1652426070
|switch|p1a: Mareanie|Mareanie, F|100/100
|-damage|p1a: Mareanie|88/100|[from] Stealth Rock
|switch|p2a: Flying Whales|Rotom|100/100
|
|upkeep
|turn|23
|
|t:|1652426079
|switch|p2a: L'Enfant Sauvage|Eldegoss, F|100/100 tox
|switch|p1a: Hitmonchan|Hitmonchan, M|84/100
|-damage|p1a: Hitmonchan|78/100|[from] Stealth Rock
|
|-damage|p2a: L'Enfant Sauvage|94/100 tox|[from] psn
|upkeep
|turn|24
|
|t:|1652426085
|move|p1a: Hitmonchan|Rapid Spin|p2a: L'Enfant Sauvage
|-damage|p2a: L'Enfant Sauvage|78/100 tox
|-boost|p1a: Hitmonchan|spe|1
|-sideend|p1: Lila Rossi|Stealth Rock|[from] move: Rapid Spin|[of] p1a: Hitmonchan
|move|p2a: L'Enfant Sauvage|Aromatherapy|p2a: L'Enfant Sauvage
|-activate|p2a: L'Enfant Sauvage|move: Aromatherapy
|-curestatus|p2a: L'Enfant Sauvage|tox|[msg]
|
|upkeep
|turn|25
|
|t:|1652426091
|switch|p1a: Audino|Audino, F|100/100
|move|p2a: L'Enfant Sauvage|Sleep Powder|p1a: Audino|[miss]
|-miss|p2a: L'Enfant Sauvage|p1a: Audino
|
|upkeep
|turn|26
|
|t:|1652426094
|move|p2a: L'Enfant Sauvage|Sleep Powder|p1a: Audino
|-status|p1a: Audino|slp|[from] move: Sleep Powder
|cant|p1a: Audino|slp
|
|upkeep
|turn|27
|
|t:|1652426102
|switch|p2a: Heaviest Matter|Glastrier|84/100
|cant|p1a: Audino|slp
|
|upkeep
|turn|28
|
|t:|1652426107
|switch|p1a: Mareanie|Mareanie, F|100/100
|move|p2a: Heaviest Matter|Icicle Crash|p1a: Mareanie
|-resisted|p1a: Mareanie
|-damage|p1a: Mareanie|81/100
|
|upkeep
|turn|29
|
|t:|1652426122
|switch|p2a: Flying Whales|Rotom|100/100
|move|p1a: Mareanie|Toxic|p2a: Flying Whales
|-status|p2a: Flying Whales|tox
|
|-damage|p2a: Flying Whales|94/100 tox|[from] psn
|upkeep
|turn|30
|
|t:|1652426131
|switch|p1a: Audino|Audino, F|100/100 slp
|move|p2a: Flying Whales|Shadow Ball|p1a: Audino
|-immune|p1a: Audino
|
|-damage|p2a: Flying Whales|82/100 tox|[from] psn
|upkeep
|turn|31
|
|t:|1652426135
|move|p2a: Flying Whales|Volt Switch|p1a: Audino
|-damage|p1a: Audino|80/100 slp
|
|t:|1652426143
|switch|p2a: Heaviest Matter|Glastrier|84/100|[from]move: Volt Switch
|cant|p1a: Audino|slp
|
|-heal|p1a: Audino|87/100 slp|[from] item: Leftovers
|upkeep
|turn|32
|
|t:|1652426148
|switch|p1a: Mareanie|Mareanie, F|100/100
|move|p2a: Heaviest Matter|Throat Chop|p1a: Mareanie
|-damage|p1a: Mareanie|78/100
|-start|p1a: Mareanie|Throat Chop|[silent]
|
|upkeep
|turn|33
|
|t:|1652426154
|move|p2a: Heaviest Matter|Icicle Crash|p1a: Mareanie
|-resisted|p1a: Mareanie
|-damage|p1a: Mareanie|60/100
|move|p1a: Mareanie|Knock Off|p2a: Heaviest Matter
|-damage|p2a: Heaviest Matter|76/100
|
|-end|p1a: Mareanie|Throat Chop|[silent]
|upkeep
|turn|34
|
|t:|1652426160
|move|p2a: Heaviest Matter|Icicle Crash|p1a: Mareanie|[miss]
|-miss|p2a: Heaviest Matter|p1a: Mareanie
|move|p1a: Mareanie|Recover|p1a: Mareanie
|-heal|p1a: Mareanie|100/100
|
|upkeep
|turn|35
|
|t:|1652426168
|switch|p2a: L'Enfant Sauvage|Eldegoss, F|100/100
|move|p1a: Mareanie|Toxic|p2a: L'Enfant Sauvage
|-status|p2a: L'Enfant Sauvage|tox
|
|-damage|p2a: L'Enfant Sauvage|94/100 tox|[from] psn
|upkeep
|turn|36
|
|t:|1652426173
|switch|p1a: Audino|Audino, F|100/100 slp
|move|p2a: L'Enfant Sauvage|Aromatherapy|p2a: L'Enfant Sauvage
|-activate|p2a: L'Enfant Sauvage|move: Aromatherapy
|-curestatus|p2a: L'Enfant Sauvage|tox|[msg]
|-curestatus|p2: Flying Whales|tox|[msg]
|
|upkeep
|turn|37
|
|t:|1652426179
|move|p2a: L'Enfant Sauvage|Leaf Storm|p1a: Audino
|-damage|p1a: Audino|66/100 slp
|-unboost|p2a: L'Enfant Sauvage|spa|2
|-curestatus|p1a: Audino|slp|[msg]
|move|p1a: Audino|Wish|p1a: Audino
|
|-heal|p1a: Audino|72/100|[from] item: Leftovers
|upkeep
|turn|38
|
|t:|1652426184
|switch|p1a: Ferroseed|Ferroseed, F|32/100
|move|p2a: L'Enfant Sauvage|Sleep Powder|p1a: Ferroseed
|-immune|p1a: Ferroseed
|
|-heal|p1a: Ferroseed|100/100|[from] move: Wish|[wisher] Audino
|upkeep
|turn|39
|
|t:|1652426198
|switch|p2a: Flying Whales|Rotom|82/100
|move|p1a: Ferroseed|Toxic|p2a: Flying Whales
|-status|p2a: Flying Whales|tox
|
|-damage|p2a: Flying Whales|76/100 tox|[from] psn
|upkeep
|turn|40
|j| John1227
|l| John1227
|
|t:|1652426209
|switch|p2a: Magma|Charizard, M|80/100
|move|p1a: Ferroseed|Knock Off|p2a: Magma
|-damage|p2a: Magma|68/100
|
|upkeep
|turn|41
|
|t:|1652426214
|switch|p1a: Audino|Audino, F|100/100
|move|p2a: Magma|Roost|p2a: Magma
|-heal|p2a: Magma|100/100
|-singleturn|p2a: Magma|move: Roost
|
|upkeep
|turn|42
|
|t:|1652426217
|move|p2a: Magma|Toxic|p1a: Audino
|-status|p1a: Audino|tox
|move|p1a: Audino|Wish|p1a: Audino
|
|-damage|p1a: Audino|94/100 tox|[from] psn
|upkeep
|turn|43
|
|t:|1652426222
|move|p2a: Magma|Hurricane|p1a: Audino
|-damage|p1a: Audino|59/100 tox
|move|p1a: Audino|Heal Bell|p1a: Audino
|-activate|p1a: Audino|move: Heal Bell
|-curestatus|p1a: Audino|tox|[msg]
|
|-heal|p1a: Audino|100/100|[from] move: Wish|[wisher] Audino
|upkeep
|turn|44
|
|t:|1652426230
|switch|p1a: Weezing|Weezing, M|21/100
|move|p2a: Magma|Toxic|p1a: Weezing
|-immune|p1a: Weezing
|
|-heal|p1a: Weezing|27/100|[from] item: Black Sludge
|upkeep
|turn|45
|
|t:|1652426236
|switch|p1a: Audino|Audino, F|100/100
|move|p2a: Magma|Hurricane|p1a: Audino
|-crit|p1a: Audino
|-damage|p1a: Audino|49/100
|
|-heal|p1a: Audino|55/100|[from] item: Leftovers
|upkeep
|turn|46
|
|t:|1652426241
|move|p2a: Magma|Flamethrower|p1a: Audino
|-damage|p1a: Audino|30/100
|move|p1a: Audino|Wish|p1a: Audino
|
|-heal|p1a: Audino|36/100|[from] item: Leftovers
|upkeep
|turn|47
|
|t:|1652426252
|move|p1a: Audino|Protect|p1a: Audino
|-singleturn|p1a: Audino|Protect
|move|p2a: Magma|Hurricane|p1a: Audino
|-activate|p1a: Audino|move: Protect
|
|-heal|p1a: Audino|86/100|[from] move: Wish|[wisher] Audino
|-heal|p1a: Audino|92/100|[from] item: Leftovers
|upkeep
|turn|48
|
|t:|1652426257
|move|p2a: Magma|Hurricane|p1a: Audino|[miss]
|-miss|p2a: Magma|p1a: Audino
|move|p1a: Audino|Wish|p1a: Audino
|
|-heal|p1a: Audino|98/100|[from] item: Leftovers
|upkeep
|turn|49
|j| Jelly cookie
|
|t:|1652426263
|switch|p1a: Weezing|Weezing, M|27/100
|move|p2a: Magma|Flamethrower|p1a: Weezing
|-damage|p1a: Weezing|0 fnt
|faint|p1a: Weezing
|
|upkeep
|l| Jelly cookie
|
|t:|1652426288
|switch|p1a: Mareanie|Mareanie, F|100/100
|turn|50
|
|t:|1652426339
|move|p2a: Magma|Hurricane|p1a: Mareanie
|-damage|p1a: Mareanie|35/100
|move|p1a: Mareanie|Toxic|p2a: Magma
|-status|p2a: Magma|tox
|
|-damage|p2a: Magma|94/100 tox|[from] psn
|upkeep
|turn|51
|
|t:|1652426345
|switch|p2a: L'Enfant Sauvage|Eldegoss, F|100/100
|switch|p1a: Audino|Audino, F|100/100
|
|upkeep
|turn|52
|
|t:|1652426351
|switch|p1a: Ferroseed|Ferroseed, F|100/100
|move|p2a: L'Enfant Sauvage|Aromatherapy|p2a: L'Enfant Sauvage
|-activate|p2a: L'Enfant Sauvage|move: Aromatherapy
|-curestatus|p2: Flying Whales|tox|[msg]
|-curestatus|p2: Magma|tox|[msg]
|
|upkeep
|turn|53
|
|t:|1652426358
|move|p2a: L'Enfant Sauvage|Leaf Storm|p1a: Ferroseed|[miss]
|-miss|p2a: L'Enfant Sauvage|p1a: Ferroseed
|move|p1a: Ferroseed|Toxic|p2a: L'Enfant Sauvage
|-status|p2a: L'Enfant Sauvage|tox
|
|-damage|p2a: L'Enfant Sauvage|94/100 tox|[from] psn
|upkeep
|turn|54
|
|t:|1652426365
|move|p2a: L'Enfant Sauvage|Aromatherapy|p2a: L'Enfant Sauvage
|-activate|p2a: L'Enfant Sauvage|move: Aromatherapy
|-curestatus|p2a: L'Enfant Sauvage|tox|[msg]
|move|p1a: Ferroseed|Knock Off|p2a: L'Enfant Sauvage
|-damage|p2a: L'Enfant Sauvage|83/100
|
|upkeep
|turn|55
|
|t:|1652426407
|move|p2a: L'Enfant Sauvage|Leaf Storm|p1a: Ferroseed
|-resisted|p1a: Ferroseed
|-damage|p1a: Ferroseed|89/100
|-unboost|p2a: L'Enfant Sauvage|spa|2
|move|p1a: Ferroseed|Toxic|p2a: L'Enfant Sauvage
|-status|p2a: L'Enfant Sauvage|tox
|
|-damage|p2a: L'Enfant Sauvage|77/100 tox|[from] psn
|upkeep
|turn|56
|
|t:|1652426412
|move|p2a: L'Enfant Sauvage|Aromatherapy|p2a: L'Enfant Sauvage
|-activate|p2a: L'Enfant Sauvage|move: Aromatherapy
|-curestatus|p2a: L'Enfant Sauvage|tox|[msg]
|move|p1a: Ferroseed|Knock Off|p2a: L'Enfant Sauvage
|-damage|p2a: L'Enfant Sauvage|65/100
|
|upkeep
|turn|57
|
|t:|1652426428
|switch|p2a: Magma|Charizard, M|94/100
|move|p1a: Ferroseed|Leech Seed|p2a: Magma
|-start|p2a: Magma|move: Leech Seed
|
|-damage|p2a: Magma|82/100|[from] Leech Seed|[of] p1a: Ferroseed
|-heal|p1a: Ferroseed|100/100|[silent]
|upkeep
|turn|58
|
|t:|1652426434
|switch|p2a: Heaviest Matter|Glastrier|76/100
|move|p1a: Ferroseed|Protect||[still]
|-fail|p1a: Ferroseed
|
|upkeep
|turn|59
|
|t:|1652426438
|move|p2a: Heaviest Matter|Throat Chop|p1a: Ferroseed
|-damage|p1a: Ferroseed|80/100
|-start|p1a: Ferroseed|Throat Chop|[silent]
|-damage|p2a: Heaviest Matter|64/100|[from] ability: Iron Barbs|[of] p1a: Ferroseed
|move|p1a: Ferroseed|Leech Seed|p2a: Heaviest Matter
|-start|p2a: Heaviest Matter|move: Leech Seed
|
|-damage|p2a: Heaviest Matter|52/100|[from] Leech Seed|[of] p1a: Ferroseed
|-heal|p1a: Ferroseed|94/100|[silent]
|upkeep
|turn|60
|
|t:|1652426445
|switch|p2a: Magma|Charizard, M|82/100
|switch|p1a: Mareanie|Mareanie, F|68/100
|
|upkeep
|turn|61
|
|t:|1652426450
|switch|p1a: Audino|Audino, F|100/100
|move|p2a: Magma|Hurricane|p1a: Audino|[miss]
|-miss|p2a: Magma|p1a: Audino
|
|upkeep
|turn|62
|
|t:|1652426458
|move|p2a: Magma|Hurricane|p1a: Audino|[miss]
|-miss|p2a: Magma|p1a: Audino
|move|p1a: Audino|Wish|p1a: Audino
|
|upkeep
|turn|63
|
|t:|1652426462
|move|p2a: Magma|Flamethrower|p1a: Audino
|-damage|p1a: Audino|73/100
|move|p1a: Audino|Knock Off|p2a: Magma
|-damage|p2a: Magma|69/100
|
|-heal|p1a: Audino|100/100|[from] move: Wish|[wisher] Audino
|upkeep
|turn|64
|
|t:|1652426468
|move|p2a: Magma|Toxic|p1a: Audino
|-status|p1a: Audino|tox
|move|p1a: Audino|Wish|p1a: Audino
|
|-damage|p1a: Audino|94/100 tox|[from] psn
|upkeep
|turn|65
|
|t:|1652426473
|move|p2a: Magma|Roost|p2a: Magma
|-heal|p2a: Magma|100/100
|-singleturn|p2a: Magma|move: Roost
|move|p1a: Audino|Heal Bell|p1a: Audino
|-activate|p1a: Audino|move: Heal Bell
|-curestatus|p1a: Audino|tox|[msg]
|
|-heal|p1a: Audino|100/100|[from] move: Wish|[wisher] Audino
|upkeep
|turn|66
|
|t:|1652426493
|switch|p1a: Mareanie|Mareanie, F|100/100
|move|p2a: Magma|Hurricane|p1a: Mareanie
|-damage|p1a: Mareanie|36/100
|
|upkeep
|turn|67
|
|t:|1652426503
|switch|p1a: Audino|Audino, F|100/100
|move|p2a: Magma|Hurricane|p1a: Audino
|-damage|p1a: Audino|68/100
|-start|p1a: Audino|confusion
|
|-heal|p1a: Audino|74/100|[from] item: Leftovers
|upkeep
|turn|68
|
|t:|1652426512
|-activate|p1a: Audino|confusion
|-damage|p1a: Audino|67/100|[from] confusion
|move|p2a: Magma|Toxic|p1a: Audino
|-status|p1a: Audino|tox
|
|-heal|p1a: Audino|73/100 tox|[from] item: Leftovers
|-damage|p1a: Audino|67/100 tox|[from] psn
|upkeep
|turn|69
|
|t:|1652426517
|move|p2a: Magma|Flamethrower|p1a: Audino
|-damage|p1a: Audino|38/100 tox
|-activate|p1a: Audino|confusion
|move|p1a: Audino|Heal Bell|p1a: Audino
|-activate|p1a: Audino|move: Heal Bell
|-curestatus|p1a: Audino|tox|[msg]
|
|-heal|p1a: Audino|44/100|[from] item: Leftovers
|upkeep
|turn|70
|
|t:|1652426522
|-activate|p1a: Audino|confusion
|-damage|p1a: Audino|37/100|[from] confusion
|move|p2a: Magma|Hurricane|p1a: Audino|[miss]
|-miss|p2a: Magma|p1a: Audino
|
|-heal|p1a: Audino|43/100|[from] item: Leftovers
|upkeep
|turn|71
|
|t:|1652426526
|-end|p1a: Audino|confusion
|move|p1a: Audino|Protect|p1a: Audino
|-singleturn|p1a: Audino|Protect
|move|p2a: Magma|Toxic|p1a: Audino
|-activate|p1a: Audino|move: Protect
|
|-heal|p1a: Audino|50/100|[from] item: Leftovers
|upkeep
|turn|72
|
|t:|1652426531
|move|p2a: Magma|Toxic|p1a: Audino
|-status|p1a: Audino|tox
|move|p1a: Audino|Wish|p1a: Audino
|
|-heal|p1a: Audino|56/100 tox|[from] item: Leftovers
|-damage|p1a: Audino|50/100 tox|[from] psn
|upkeep
|turn|73
|
|t:|1652426534
|move|p2a: Magma|Hurricane|p1a: Audino
|-damage|p1a: Audino|17/100 tox
|-start|p1a: Audino|confusion
|-activate|p1a: Audino|confusion
|move|p1a: Audino|Heal Bell|p1a: Audino
|-activate|p1a: Audino|move: Heal Bell
|-curestatus|p1a: Audino|tox|[msg]
|
|-heal|p1a: Audino|67/100|[from] move: Wish|[wisher] Audino
|-heal|p1a: Audino|73/100|[from] item: Leftovers
|upkeep
|turn|74
|
|t:|1652426549
|-end|p1a: Audino|confusion
|move|p1a: Audino|Protect|p1a: Audino
|-singleturn|p1a: Audino|Protect
|move|p2a: Magma|Toxic|p1a: Audino
|-activate|p1a: Audino|move: Protect
|
|-heal|p1a: Audino|79/100|[from] item: Leftovers
|upkeep
|turn|75
|
|t:|1652426561
|switch|p2a: L'Enfant Sauvage|Eldegoss, F|99/100
|move|p1a: Audino|Wish|p1a: Audino
|
|-heal|p1a: Audino|85/100|[from] item: Leftovers
|upkeep
|turn|76
|
|t:|1652426569
|switch|p1a: Ferroseed|Ferroseed, F|94/100
|move|p2a: L'Enfant Sauvage|Sleep Powder|p1a: Ferroseed
|-immune|p1a: Ferroseed
|
|-heal|p1a: Ferroseed|100/100|[from] move: Wish|[wisher] Audino
|upkeep
|turn|77
|
|t:|1652426576
|switch|p2a: Magma|Charizard, M|100/100
|move|p1a: Ferroseed|Toxic|p2a: Magma
|-status|p2a: Magma|tox
|
|-damage|p2a: Magma|94/100 tox|[from] psn
|upkeep
|turn|78
|
|t:|1652426587
|switch|p2a: Gift of Guilt|Sandaconda, F|75/100
|move|p1a: Ferroseed|Protect||[still]
|-fail|p1a: Ferroseed
|
|upkeep
|turn|79
|
|t:|1652426598
|move|p2a: Gift of Guilt|Glare|p1a: Ferroseed
|-status|p1a: Ferroseed|par
|cant|p1a: Ferroseed|par
|
|upkeep
|turn|80
|
|t:|1652426604
|switch|p1a: Quagsire|Quagsire, F|100/100
|move|p2a: Gift of Guilt|Stealth Rock|p1a: Quagsire
|-sidestart|p1: Lila Rossi|move: Stealth Rock
|
|upkeep
|turn|81
|
|t:|1652426614
|move|p2a: Gift of Guilt|Glare|p1a: Quagsire
|-status|p1a: Quagsire|par
|cant|p1a: Quagsire|par
|
|upkeep
|turn|82
|
|t:|1652426620
|switch|p2a: L'Enfant Sauvage|Eldegoss, F|100/100
|move|p1a: Quagsire|Scald|p2a: L'Enfant Sauvage
|-resisted|p2a: L'Enfant Sauvage
|-damage|p2a: L'Enfant Sauvage|93/100
|
|upkeep
|turn|83
|
|t:|1652426625
|switch|p1a: Audino|Audino, F|100/100
|-damage|p1a: Audino|88/100|[from] Stealth Rock
|move|p2a: L'Enfant Sauvage|Leaf Storm|p1a: Audino
|-damage|p1a: Audino|53/100
|-unboost|p2a: L'Enfant Sauvage|spa|2
|
|-heal|p1a: Audino|59/100|[from] item: Leftovers
|upkeep
|turn|84
|
|t:|1652426631
|switch|p1a: Ferroseed|Ferroseed, F|100/100 par
|-damage|p1a: Ferroseed|94/100 par|[from] Stealth Rock
|move|p2a: L'Enfant Sauvage|Sleep Powder|p1a: Ferroseed
|-immune|p1a: Ferroseed
|
|upkeep
|turn|85
|
|t:|1652426642
|switch|p2a: Flying Whales|Rotom|76/100
|move|p1a: Ferroseed|Toxic|p2a: Flying Whales
|-status|p2a: Flying Whales|tox
|
|-damage|p2a: Flying Whales|69/100 tox|[from] psn
|upkeep
|turn|86
|
|t:|1652426649
|switch|p1a: Audino|Audino, F|92/100
|-damage|p1a: Audino|80/100|[from] Stealth Rock
|move|p2a: Flying Whales|Thunderbolt|p1a: Audino
|-damage|p1a: Audino|54/100
|
|-heal|p1a: Audino|60/100|[from] item: Leftovers
|-damage|p2a: Flying Whales|57/100 tox|[from] psn
|upkeep
|turn|87
|
|t:|1652426651
|move|p2a: Flying Whales|Volt Switch|p1a: Audino
|-damage|p1a: Audino|40/100
|
|t:|1652426656
|switch|p2a: L'Enfant Sauvage|Eldegoss, F|100/100|[from]move: Volt Switch
|move|p1a: Audino|Heal Bell|p1a: Audino
|-activate|p1a: Audino|move: Heal Bell
|-curestatus|p1: Quagsire|par|[msg]
|-curestatus|p1: Ferroseed|par|[msg]
|
|-heal|p1a: Audino|47/100|[from] item: Leftovers
|upkeep
|turn|88
|
|t:|1652426664
|switch|p1a: Ferroseed|Ferroseed, F|94/100
|-damage|p1a: Ferroseed|88/100|[from] Stealth Rock
|move|p2a: L'Enfant Sauvage|Aromatherapy|p2a: L'Enfant Sauvage
|-activate|p2a: L'Enfant Sauvage|move: Aromatherapy
|-curestatus|p2: Flying Whales|tox|[msg]
|-curestatus|p2: Magma|tox|[msg]
|
|upkeep
|turn|89
|
|t:|1652426678
|switch|p2a: Gift of Guilt|Sandaconda, F|75/100
|move|p1a: Ferroseed|Toxic|p2a: Gift of Guilt
|-status|p2a: Gift of Guilt|tox
|
|-activate|p2a: Gift of Guilt|ability: Shed Skin
|-curestatus|p2a: Gift of Guilt|tox|[msg]
|upkeep
|turn|90
|
|t:|1652426687
|move|p2a: Gift of Guilt|Glare|p1a: Ferroseed
|-status|p1a: Ferroseed|par
|move|p1a: Ferroseed|Leech Seed|p2a: Gift of Guilt
|-start|p2a: Gift of Guilt|move: Leech Seed
|
|-damage|p2a: Gift of Guilt|63/100|[from] Leech Seed|[of] p1a: Ferroseed
|-heal|p1a: Ferroseed|100/100 par|[silent]
|upkeep
|turn|91
|
|t:|1652426695
|switch|p2a: Flying Whales|Rotom|57/100
|cant|p1a: Ferroseed|par
|
|upkeep
|turn|92
|
|t:|1652426709
|move|p2a: Flying Whales|Shadow Ball|p1a: Ferroseed
|-damage|p1a: Ferroseed|71/100 par
|cant|p1a: Ferroseed|par
|
|upkeep
|turn|93
|
|t:|1652426714
|switch|p1a: Hitmonchan|Hitmonchan, M|78/100
|-damage|p1a: Hitmonchan|72/100|[from] Stealth Rock
|move|p2a: Flying Whales|Shadow Ball|p1a: Hitmonchan
|-damage|p1a: Hitmonchan|46/100
|-unboost|p1a: Hitmonchan|spd|1
|
|upkeep
|turn|94
|
|t:|1652426722
|switch|p2a: Gift of Guilt|Sandaconda, F|63/100
|move|p1a: Hitmonchan|Throat Chop|p2a: Gift of Guilt
|-damage|p2a: Gift of Guilt|50/100
|-start|p2a: Gift of Guilt|Throat Chop|[silent]
|-damage|p1a: Hitmonchan|29/100|[from] item: Rocky Helmet|[of] p2a: Gift of Guilt
|
|upkeep
|turn|95
|
|t:|1652426730
|switch|p1a: Quagsire|Quagsire, F|100/100
|-damage|p1a: Quagsire|94/100|[from] Stealth Rock
|move|p2a: Gift of Guilt|Earthquake|p1a: Quagsire
|-damage|p1a: Quagsire|70/100
|
|-heal|p1a: Quagsire|76/100|[from] item: Leftovers
|-end|p2a: Gift of Guilt|Throat Chop|[silent]
|upkeep
|turn|96
|
|t:|1652426733
|move|p2a: Gift of Guilt|Glare|p1a: Quagsire
|-status|p1a: Quagsire|par
|move|p1a: Quagsire|Scald|p2a: Gift of Guilt
|-supereffective|p2a: Gift of Guilt
|-damage|p2a: Gift of Guilt|5/100
|-status|p2a: Gift of Guilt|brn
|
|-activate|p2a: Gift of Guilt|ability: Shed Skin
|-curestatus|p2a: Gift of Guilt|brn|[msg]
|-heal|p1a: Quagsire|82/100 par|[from] item: Leftovers
|upkeep
|turn|97
|
|t:|1652426742
|move|p2a: Gift of Guilt|Earthquake|p1a: Quagsire
|-damage|p1a: Quagsire|57/100 par
|move|p1a: Quagsire|Toxic|p2a: Gift of Guilt|[miss]
|-miss|p1a: Quagsire|p2a: Gift of Guilt
|
|-heal|p1a: Quagsire|63/100 par|[from] item: Leftovers
|upkeep
|turn|98
|
|t:|1652426752
|switch|p2a: L'Enfant Sauvage|Eldegoss, F|100/100
|move|p1a: Quagsire|Recover|p1a: Quagsire
|-heal|p1a: Quagsire|100/100 par
|
|upkeep
|turn|99
|
|t:|1652426759
|switch|p1a: Hitmonchan|Hitmonchan, M|29/100
|-damage|p1a: Hitmonchan|23/100|[from] Stealth Rock
|move|p2a: L'Enfant Sauvage|Leaf Storm|p1a: Hitmonchan
|-damage|p1a: Hitmonchan|0 fnt
|-unboost|p2a: L'Enfant Sauvage|spa|2
|faint|p1a: Hitmonchan
|
|upkeep
|
|t:|1652426764
|switch|p1a: Audino|Audino, F|80/100
|-damage|p1a: Audino|67/100|[from] Stealth Rock
|turn|100
|
|t:|1652426766
|move|p2a: L'Enfant Sauvage|Sleep Powder|p1a: Audino
|-status|p1a: Audino|slp|[from] move: Sleep Powder
|cant|p1a: Audino|slp
|
|-heal|p1a: Audino|73/100 slp|[from] item: Leftovers
|upkeep
|turn|101
|
|t:|1652426774
|switch|p2a: The Art of Dying|Silvally-Ghost|76/100
|cant|p1a: Audino|slp
|
|-heal|p1a: Audino|80/100 slp|[from] item: Leftovers
|upkeep
|turn|102
|
|t:|1652426788
|switch|p1a: Mareanie|Mareanie, F|69/100
|-damage|p1a: Mareanie|57/100|[from] Stealth Rock
|move|p2a: The Art of Dying|Swords Dance|p2a: The Art of Dying
|-boost|p2a: The Art of Dying|atk|2
|
|upkeep
|turn|103
|
|t:|1652426793
|switch|p1a: Quagsire|Quagsire, F|100/100 par
|-damage|p1a: Quagsire|94/100 par|[from] Stealth Rock
|move|p2a: The Art of Dying|Multi-Attack|p1a: Quagsire
|-damage|p1a: Quagsire|56/100 par
|
|-heal|p1a: Quagsire|62/100 par|[from] item: Leftovers
|upkeep
|turn|104
|
|t:|1652426800
|move|p2a: The Art of Dying|Multi-Attack|p1a: Quagsire
|-damage|p1a: Quagsire|28/100 par
|cant|p1a: Quagsire|par
|
|-heal|p1a: Quagsire|34/100 par|[from] item: Leftovers
|upkeep
|turn|105
|-message|Lila Rossi forfeited.
|
|win|I'm Tapu Bulu
|raw|Lila Rossi's rating: 1304 &rarr; <strong>1292</strong><br />(-12 for losing)
|raw|I&apos;m Tapu Bulu's rating: 1452 &rarr; <strong>1464</strong><br />(+12 for winning)
|l|☆Lila Rossi
