|raw|<div class="broadcast-blue"><strong>This battle is required to be public due to a player having a name starting with 'pult61a'.</div>
|j|☆PULT61A Lambo
|j|☆PULT61a Godwin
|t:|1626810798
|gametype|singles
|player|p1|PULT61A Lambo|psychic-gen2|1440
|player|p2|PULT61a Godwin|dawn|1488
|teamsize|p1|6
|teamsize|p2|6
|gen|8
|tier|[Gen 8] PU
|rated|
|rule|Sleep Clause Mod: Limit one foe put to sleep
|rule|Species Clause: Limit one of each Pokémon
|rule|OHKO Clause: OHKO moves are banned
|rule|Evasion Moves Clause: Evasion moves are banned
|rule|Endless Battle Clause: Forcing endless battles is banned
|rule|HP Percentage Mod: HP is shown in percentages
|rule|Dynamax Clause: You cannot dynamax
|clearpoke
|poke|p1|Gigalith, F|
|poke|p1|Eldegoss, M|
|poke|p1|Sandslash, F|
|poke|p1|Lycanroc, M|
|poke|p1|Ribombee, M|
|poke|p1|Jellicent, M|
|poke|p2|Tsareena, F|
|poke|p2|Silvally-*|
|poke|p2|Ribombee, M|
|poke|p2|Gigalith, F|
|poke|p2|Sandslash, M|
|poke|p2|Weezing, F|
|teampreview
|c|☆PULT61A Lambo|hf
|c|☆PULT61a Godwin|hf
|inactive|Battle timer is ON: inactive players will automatically lose when time's up. (requested by PULT61A Lambo)
|
|t:|1626810835
|start
|switch|p1a: Ribombee|Ribombee, M|100/100
|switch|p2a: Weezing|Weezing, F|100/100
|turn|1
|
|t:|1626810844
|switch|p2a: Gigalith|Gigalith, F|100/100
|-weather|Sandstorm|[from] ability: Sand Stream|[of] p2a: Gigalith
|move|p1a: Ribombee|Psychic|p2a: Gigalith
|-damage|p2a: Gigalith|88/100
|
|-weather|Sandstorm|[upkeep]
|-damage|p1a: Ribombee|94/100|[from] Sandstorm
|-heal|p2a: Gigalith|94/100|[from] item: Leftovers
|upkeep
|turn|2
|
|t:|1626810868
|switch|p1a: Eldegoss|Eldegoss, M|100/100
|move|p2a: Gigalith|Stealth Rock|p1a: Eldegoss
|-sidestart|p1: PULT61A Lambo|move: Stealth Rock
|
|-weather|Sandstorm|[upkeep]
|-damage|p1a: Eldegoss|94/100|[from] Sandstorm
|-heal|p2a: Gigalith|99/100|[from] item: Leftovers
|upkeep
|turn|3
|
|t:|1626810876
|switch|p2a: Weezing|Weezing, F|100/100
|move|p1a: Eldegoss|Rapid Spin|p2a: Weezing
|-damage|p2a: Weezing|97/100
|-boost|p1a: Eldegoss|spe|1
|-sideend|p1: PULT61A Lambo|Stealth Rock|[from] move: Rapid Spin|[of] p1a: Eldegoss
|-enditem|p2a: Weezing|Eject Button
|
|t:|1626810885
|switch|p2a: Tsareena|Tsareena, F|100/100
|
|-weather|Sandstorm|[upkeep]
|-damage|p1a: Eldegoss|88/100|[from] Sandstorm
|-damage|p2a: Tsareena|95/100|[from] Sandstorm
|upkeep
|turn|4
|
|t:|1626810890
|move|p1a: Eldegoss|Sleep Powder|p2a: Tsareena
|-immune|p2a: Tsareena
|move|p2a: Tsareena|Knock Off|p1a: Eldegoss
|-damage|p1a: Eldegoss|58/100
|-enditem|p1a: Eldegoss|Eject Button|[from] move: Knock Off|[of] p2a: Tsareena
|
|-weather|Sandstorm|[upkeep]
|-damage|p1a: Eldegoss|52/100|[from] Sandstorm
|-damage|p2a: Tsareena|89/100|[from] Sandstorm
|upkeep
|turn|5
|
|t:|1626810901
|move|p1a: Eldegoss|Weather Ball|p2a: Tsareena
|-damage|p2a: Tsareena|65/100
|move|p2a: Tsareena|U-turn|p1a: Eldegoss
|-supereffective|p1a: Eldegoss
|-damage|p1a: Eldegoss|8/100
|
|t:|1626810921
|switch|p2a: Weezing|Weezing, F|97/100|[from]move: U-turn
|
|-weather|none
|upkeep
|turn|6
|inactive|PULT61A Lambo has 120 seconds left.
|
|t:|1626810952
|switch|p1a: Gigalith|Gigalith, F|100/100
|-weather|Sandstorm|[from] ability: Sand Stream|[of] p1a: Gigalith
|switch|p2a: Tsareena|Tsareena, F|65/100
|
|-weather|Sandstorm|[upkeep]
|-damage|p2a: Tsareena|59/100|[from] Sandstorm
|upkeep
|turn|7
|inactive|PULT61A Lambo has 120 seconds left.
|
|t:|1626810966
|switch|p1a: Ribombee|Ribombee, M|94/100
|move|p2a: Tsareena|Power Whip|p1a: Ribombee
|-resisted|p1a: Ribombee
|-damage|p1a: Ribombee|27/100
|
|-weather|Sandstorm|[upkeep]
|-damage|p1a: Ribombee|21/100|[from] Sandstorm
|-damage|p2a: Tsareena|53/100|[from] Sandstorm
|upkeep
|turn|8
|inactive|PULT61A Lambo has 120 seconds left.
|
|t:|1626810977
|switch|p1a: Gigalith|Gigalith, F|100/100
|switch|p2a: Gigalith|Gigalith, F|99/100
|
|-weather|Sandstorm|[upkeep]
|-heal|p2a: Gigalith|100/100|[from] item: Leftovers
|upkeep
|turn|9
|
|t:|1626810980
|switch|p2a: Weezing|Weezing, F|97/100
|move|p1a: Gigalith|Stealth Rock|p2a: Weezing
|-sidestart|p2: PULT61a Godwin|move: Stealth Rock
|
|-weather|Sandstorm|[upkeep]
|-damage|p2a: Weezing|91/100|[from] Sandstorm
|upkeep
|turn|10
|
|t:|1626810984
|move|p2a: Weezing|Toxic Spikes|p1a: Gigalith
|-sidestart|p1: PULT61A Lambo|move: Toxic Spikes
|move|p1a: Gigalith|Gravity|p1a: Gigalith
|-fieldstart|move: Gravity
|
|-weather|Sandstorm|[upkeep]
|-damage|p2a: Weezing|85/100|[from] Sandstorm
|upkeep
|turn|11
|
|t:|1626810989
|switch|p1a: Sandslash|Sandslash, F|100/100
|-status|p1a: Sandslash|psn
|move|p2a: Weezing|Will-O-Wisp||[still]
|-fail|p2a: Weezing
|
|-weather|Sandstorm|[upkeep]
|-damage|p2a: Weezing|79/100|[from] Sandstorm
|-damage|p1a: Sandslash|88/100 psn|[from] psn
|upkeep
|turn|12
|
|t:|1626811006
|switch|p2a: Tsareena|Tsareena, F|53/100
|move|p1a: Sandslash|Earthquake|p2a: Tsareena
|-resisted|p2a: Tsareena
|-damage|p2a: Tsareena|18/100
|-damage|p1a: Sandslash|78/100 psn|[from] item: Life Orb
|
|-weather|Sandstorm|[upkeep]
|-damage|p2a: Tsareena|12/100|[from] Sandstorm
|-damage|p1a: Sandslash|66/100 psn|[from] psn
|upkeep
|turn|13
|
|t:|1626811013
|move|p1a: Sandslash|Earthquake|p2a: Tsareena
|-resisted|p2a: Tsareena
|-damage|p2a: Tsareena|0 fnt
|faint|p2a: Tsareena
|-damage|p1a: Sandslash|56/100 psn|[from] item: Life Orb
|
|-weather|none
|-damage|p1a: Sandslash|43/100 psn|[from] psn
|upkeep
|
|t:|1626811020
|switch|p2a: Ribombee|Ribombee, M|100/100
|turn|14
|
|t:|1626811024
|switch|p2a: Silvally|Silvally-Steel|100/100
|-damage|p2a: Silvally|94/100|[from] Stealth Rock
|switch|p1a: Gigalith|Gigalith, F|100/100
|-status|p1a: Gigalith|psn
|-weather|Sandstorm|[from] ability: Sand Stream|[of] p1a: Gigalith
|
|-weather|Sandstorm|[upkeep]
|-damage|p1a: Gigalith|88/100 psn|[from] psn
|-fieldend|move: Gravity
|upkeep
|turn|15
|j| 14sonic11la
|
|t:|1626811058
|switch|p1a: Jellicent|Jellicent, M|100/100
|-status|p1a: Jellicent|psn
|move|p2a: Silvally|Multi-Attack|p1a: Jellicent
|-resisted|p1a: Jellicent
|-damage|p1a: Jellicent|82/100 psn
|-start|p2a: Silvally|Disable|Multi-Attack|[from] ability: Cursed Body|[of] p1a: Jellicent
|
|-weather|Sandstorm|[upkeep]
|-damage|p1a: Jellicent|75/100 psn|[from] Sandstorm
|-damage|p1a: Jellicent|63/100 psn|[from] psn
|upkeep
|turn|16
|
|t:|1626811062
|switch|p2a: Ribombee|Ribombee, M|100/100
|move|p1a: Jellicent|Recover|p1a: Jellicent
|-heal|p1a: Jellicent|100/100 psn
|
|-weather|Sandstorm|[upkeep]
|-damage|p2a: Ribombee|94/100|[from] Sandstorm
|-damage|p1a: Jellicent|94/100 psn|[from] Sandstorm
|-damage|p1a: Jellicent|82/100 psn|[from] psn
|upkeep
|turn|17
|
|t:|1626811073
|switch|p1a: Ribombee|Ribombee, M|21/100
|move|p2a: Ribombee|Moonblast|p1a: Ribombee
|-damage|p1a: Ribombee|0 fnt
|faint|p1a: Ribombee
|
|-weather|Sandstorm|[upkeep]
|-damage|p2a: Ribombee|88/100|[from] Sandstorm
|upkeep
|j| jjiokpko/p
|
|t:|1626811086
|switch|p1a: Sandslash|Sandslash, F|43/100 psn
|turn|18
|
|t:|1626811094
|switch|p2a: Silvally|Silvally-Steel|94/100
|-damage|p2a: Silvally|88/100|[from] Stealth Rock
|move|p1a: Sandslash|Stone Edge|p2a: Silvally|[miss]
|-miss|p1a: Sandslash|p2a: Silvally
|
|-weather|Sandstorm|[upkeep]
|-damage|p1a: Sandslash|31/100 psn|[from] psn
|upkeep
|turn|19
|
|t:|1626811099
|switch|p2a: Weezing|Weezing, F|79/100
|-damage|p2a: Weezing|66/100|[from] Stealth Rock
|move|p1a: Sandslash|Earthquake|p2a: Weezing
|-immune|p2a: Weezing|[from] ability: Levitate
|
|-weather|Sandstorm|[upkeep]
|-damage|p2a: Weezing|60/100|[from] Sandstorm
|-damage|p1a: Sandslash|19/100 psn|[from] psn
|upkeep
|turn|20
|
|t:|1626811109
|move|p1a: Sandslash|Stone Edge|p2a: Weezing
|-damage|p2a: Weezing|35/100
|-damage|p1a: Sandslash|9/100 psn|[from] item: Life Orb
|move|p2a: Weezing|Sludge Bomb|p1a: Sandslash
|-resisted|p1a: Sandslash
|-damage|p1a: Sandslash|0 fnt
|faint|p1a: Sandslash
|
|-weather|Sandstorm|[upkeep]
|-damage|p2a: Weezing|29/100|[from] Sandstorm
|upkeep
|inactive|PULT61A Lambo has 120 seconds left.
|inactive|PULT61A Lambo has 90 seconds left.
|
|t:|1626811195
|switch|p1a: Lycanroc|Lycanroc, M|100/100
|-status|p1a: Lycanroc|psn
|turn|21
|
|t:|1626811205
|move|p1a: Lycanroc|Psychic Fangs|p2a: Weezing
|-supereffective|p2a: Weezing
|-damage|p2a: Weezing|0 fnt
|faint|p2a: Weezing
|-damage|p1a: Lycanroc|91/100 psn|[from] item: Life Orb
|
|-weather|none
|-damage|p1a: Lycanroc|78/100 psn|[from] psn
|upkeep
|
|t:|1626811208
|switch|p2a: Sandslash|Sandslash, M|100/100
|-damage|p2a: Sandslash|94/100|[from] Stealth Rock
|turn|22
|inactive|PULT61A Lambo has 60 seconds left.
|
|t:|1626811252
|switch|p1a: Eldegoss|Eldegoss, M|41/100
|-status|p1a: Eldegoss|psn
|move|p2a: Sandslash|Knock Off|p1a: Eldegoss
|-damage|p1a: Eldegoss|19/100 psn
|-damage|p2a: Sandslash|84/100|[from] item: Life Orb
|
|-damage|p1a: Eldegoss|7/100 psn|[from] psn
|upkeep
|turn|23
|
|t:|1626811270
|switch|p1a: Jellicent|Jellicent, M|82/100 psn
|move|p2a: Sandslash|Earthquake|p1a: Jellicent
|-damage|p1a: Jellicent|37/100 psn
|-start|p2a: Sandslash|Disable|Earthquake|[from] ability: Cursed Body|[of] p1a: Jellicent
|-damage|p2a: Sandslash|74/100|[from] item: Life Orb
|
|-damage|p1a: Jellicent|25/100 psn|[from] psn
|upkeep
|turn|24
|
|t:|1626811284
|switch|p1a: Eldegoss|Eldegoss, M|40/100 psn
|move|p2a: Sandslash|Knock Off|p1a: Eldegoss
|-damage|p1a: Eldegoss|19/100 psn
|-damage|p2a: Sandslash|64/100|[from] item: Life Orb
|
|-damage|p1a: Eldegoss|7/100 psn|[from] psn
|upkeep
|turn|25
|l| jjiokpko/p
|
|t:|1626811299
|switch|p1a: Jellicent|Jellicent, M|25/100 psn
|move|p2a: Sandslash|Spikes|p1a: Jellicent
|-sidestart|p1: PULT61A Lambo|Spikes
|
|-damage|p1a: Jellicent|12/100 psn|[from] psn
|upkeep
|turn|26
|inactive|PULT61A Lambo has 60 seconds left.
|
|t:|1626811308
|move|p2a: Sandslash|Knock Off|p1a: Jellicent
|-supereffective|p1a: Jellicent
|-enditem|p1a: Jellicent|Colbur Berry|[eat]
|-enditem|p1a: Jellicent|Colbur Berry|[weaken]
|-damage|p1a: Jellicent|0 fnt
|faint|p1a: Jellicent
|-damage|p2a: Sandslash|54/100|[from] item: Life Orb
|
|-end|p2a: Sandslash|Disable
|upkeep
|inactive|PULT61A Lambo has 60 seconds left.
|
|t:|1626811325
|switch|p1a: Lycanroc|Lycanroc, M|78/100 psn
|-damage|p1a: Lycanroc|66/100 psn|[from] Spikes
|turn|27
|
|t:|1626811330
|move|p1a: Lycanroc|Close Combat|p2a: Sandslash
|-damage|p2a: Sandslash|0 fnt
|-unboost|p1a: Lycanroc|def|1
|-unboost|p1a: Lycanroc|spd|1
|faint|p2a: Sandslash
|-damage|p1a: Lycanroc|56/100 psn|[from] item: Life Orb
|
|-damage|p1a: Lycanroc|43/100 psn|[from] psn
|upkeep
|
|t:|1626811337
|switch|p2a: Ribombee|Ribombee, M|88/100
|turn|28
|
|t:|1626811340
|switch|p2a: Gigalith|Gigalith, F|100/100
|-damage|p2a: Gigalith|88/100|[from] Stealth Rock
|-weather|Sandstorm|[from] ability: Sand Stream|[of] p2a: Gigalith
|switch|p1a: Gigalith|Gigalith, F|88/100 psn
|-damage|p1a: Gigalith|76/100 psn|[from] Spikes
|
|-weather|Sandstorm|[upkeep]
|-heal|p2a: Gigalith|94/100|[from] item: Leftovers
|-damage|p1a: Gigalith|64/100 psn|[from] psn
|upkeep
|turn|29
|
|t:|1626811355
|move|p2a: Gigalith|Rock Blast|p1a: Gigalith
|-damage|p1a: Gigalith|55/100 psn
|-damage|p1a: Gigalith|48/100 psn
|-hitcount|p1a: Gigalith|2
|move|p1a: Gigalith|Earthquake|p2a: Gigalith
|-supereffective|p2a: Gigalith
|-damage|p2a: Gigalith|50/100
|
|-weather|Sandstorm|[upkeep]
|-heal|p2a: Gigalith|56/100|[from] item: Leftovers
|-damage|p1a: Gigalith|36/100 psn|[from] psn
|upkeep
|turn|30
|
|t:|1626811361
|move|p1a: Gigalith|Earthquake|p2a: Gigalith
|-supereffective|p2a: Gigalith
|-damage|p2a: Gigalith|12/100
|move|p2a: Gigalith|Stealth Rock|p1a: Gigalith
|-sidestart|p1: PULT61A Lambo|move: Stealth Rock
|
|-weather|Sandstorm|[upkeep]
|-heal|p2a: Gigalith|18/100|[from] item: Leftovers
|-damage|p1a: Gigalith|23/100 psn|[from] psn
|upkeep
|turn|31
|inactive|PULT61A Lambo has 90 seconds left.
|
|t:|1626811373
|move|p2a: Gigalith|Protect|p2a: Gigalith
|-singleturn|p2a: Gigalith|Protect
|move|p1a: Gigalith|Stealth Rock||[still]
|-fail|p1a: Gigalith
|
|-weather|Sandstorm|[upkeep]
|-heal|p2a: Gigalith|24/100|[from] item: Leftovers
|-damage|p1a: Gigalith|11/100 psn|[from] psn
|upkeep
|turn|32
|
|t:|1626811380
|switch|p2a: Silvally|Silvally-Steel|88/100
|-damage|p2a: Silvally|82/100|[from] Stealth Rock
|move|p1a: Gigalith|Rock Blast|p2a: Silvally
|-resisted|p2a: Silvally
|-damage|p2a: Silvally|76/100
|-resisted|p2a: Silvally
|-damage|p2a: Silvally|71/100
|-resisted|p2a: Silvally
|-damage|p2a: Silvally|65/100
|-resisted|p2a: Silvally
|-damage|p2a: Silvally|59/100
|-hitcount|p2a: Silvally|4
|
|-weather|none
|-damage|p1a: Gigalith|0 fnt|[from] psn
|faint|p1a: Gigalith
|upkeep
|c|☆PULT61A Lambo|oh
|inactive|PULT61A Lambo has 90 seconds left.
|-message|PULT61A Lambo forfeited.
|
|win|PULT61a Godwin
|c|☆PULT61A Lambo|gg
|l|☆PULT61A Lambo
|raw|PULT61A Lambo's rating: 1439 &rarr; <strong>1422</strong><br />(-17 for losing)
|raw|PULT61a Godwin's rating: 1488 &rarr; <strong>1505</strong><br />(+17 for winning)
|c|☆PULT61a Godwin|gg
||Ladder isn't responding, score probably updated but might not have (Request timeout).
|l|☆PULT61a Godwin
|j|☆PULT61a Godwin
|player|p2|PULT61a Godwin|dawn
