|j|☆Cartsoul
|j|☆Karrakarra
|player|p1|Cartsoul|170|1374
|player|p2|Karrakarra|saturn|1424
|teamsize|p1|6
|teamsize|p2|6
|gametype|singles
|gen|8
|tier|[Gen 8] PU
|rated|
|clearpoke
|poke|p1|Heatmor, M|
|poke|p1|Pincurchin, M|
|poke|p1|Pawniard, M|
|poke|p1|Mr. Rime, M|
|poke|p1|Gothitelle, F|
|poke|p1|Dusknoir, M|
|poke|p2|Raichu, F|
|poke|p2|Vespiquen, F|
|poke|p2|Glaceon, F|
|poke|p2|Whiscash, M|
|poke|p2|Purrloin, M|
|poke|p2|Mawile, F|
|rule|Sleep Clause Mod: Limit one foe put to sleep
|rule|Species Clause: Limit one of each Pokémon
|rule|OHKO Clause: OHKO moves are banned
|rule|Evasion Moves Clause: Evasion moves are banned
|rule|Endless Battle Clause: Forcing endless battles is banned
|rule|HP Percentage Mod: HP is shown in percentages
|rule|Dynamax Clause: You cannot dynamax
|teampreview
|
|start
|switch|p1a: Pincurchin|Pincurchin, M|100/100
|switch|p2a: Raichu|Raichu, F|100/100
|turn|1
|
|switch|p2a: Whiscash|Whiscash, M|100/100
|move|p1a: Pincurchin|Scald|p2a: Whiscash
|-damage|p2a: Whiscash|83/100
|-status|p2a: Whiscash|brn
|
|-heal|p2a: Whiscash|89/100 brn|[from] item: Leftovers
|-damage|p2a: Whiscash|83/100 brn|[from] brn
|upkeep
|turn|2
|
|move|p2a: Whiscash|Earth Power|p1a: Pincurchin
|-supereffective|p1a: Pincurchin
|-damage|p1a: Pincurchin|36/100
|move|p1a: Pincurchin|Toxic Spikes|p2a: Whiscash
|-sidestart|p2: Karrakarra|move: Toxic Spikes
|
|-heal|p2a: Whiscash|89/100 brn|[from] item: Leftovers
|-heal|p1a: Pincurchin|42/100|[from] item: Leftovers
|-damage|p2a: Whiscash|83/100 brn|[from] brn
|upkeep
|turn|3
|
|switch|p1a: Mr. Rime|Mr. Rime, M|100/100
|move|p2a: Whiscash|Earth Power|p1a: Mr. Rime
|-damage|p1a: Mr. Rime|71/100
|-unboost|p1a: Mr. Rime|spd|1
|
|-heal|p2a: Whiscash|89/100 brn|[from] item: Leftovers
|-damage|p2a: Whiscash|83/100 brn|[from] brn
|upkeep
|turn|4
|
|switch|p2a: Mawile|Mawile, F|100/100
|move|p1a: Mr. Rime|Freeze-Dry|p2a: Mawile
|-resisted|p2a: Mawile
|-damage|p2a: Mawile|61/100
|
|upkeep
|turn|5
|
|switch|p1a: Pincurchin|Pincurchin, M|42/100
|move|p2a: Mawile|Thunder Punch|p1a: Pincurchin
|-ability|p1a: Pincurchin|Lightning Rod|boost
|-boost|p1a: Pincurchin|spa|1
|
|-heal|p1a: Pincurchin|48/100|[from] item: Leftovers
|upkeep
|turn|6
|
|move|p2a: Mawile|Play Rough|p1a: Pincurchin
|-damage|p1a: Pincurchin|0 fnt
|faint|p1a: Pincurchin
|
|upkeep
|
|switch|p1a: Pawniard|Pawniard, M|100/100
|turn|7
|
|move|p2a: Mawile|Play Rough|p1a: Pawniard
|-damage|p1a: Pawniard|27/100
|move|p1a: Pawniard|Iron Head|p2a: Mawile
|-damage|p2a: Mawile|3/100
|
|upkeep
|turn|8
|
|switch|p2a: Whiscash|Whiscash, M|83/100 brn
|move|p1a: Pawniard|Sucker Punch||[still]
|-fail|p1a: Pawniard
|
|-heal|p2a: Whiscash|89/100 brn|[from] item: Leftovers
|-damage|p2a: Whiscash|83/100 brn|[from] brn
|upkeep
|turn|9
|
|switch|p1a: Mr. Rime|Mr. Rime, M|71/100
|move|p2a: Whiscash|Scald|p1a: Mr. Rime
|-damage|p1a: Mr. Rime|47/100
|
|-heal|p2a: Whiscash|89/100 brn|[from] item: Leftovers
|-damage|p2a: Whiscash|83/100 brn|[from] brn
|upkeep
|turn|10
|
|switch|p2a: Glaceon|Glaceon, F|100/100
|-status|p2a: Glaceon|psn
|move|p1a: Mr. Rime|Slack Off|p1a: Mr. Rime
|-heal|p1a: Mr. Rime|97/100
|
|-damage|p2a: Glaceon|88/100 psn|[from] psn
|upkeep
|turn|11
|
|move|p1a: Mr. Rime|Psychic|p2a: Glaceon
|-damage|p2a: Glaceon|51/100 psn
|move|p2a: Glaceon|Wish|p2a: Glaceon
|
|-heal|p2a: Glaceon|57/100 psn|[from] item: Leftovers
|-damage|p2a: Glaceon|45/100 psn|[from] psn
|upkeep
|turn|12
|
|move|p1a: Mr. Rime|Psychic|p2a: Glaceon
|-damage|p2a: Glaceon|10/100 psn
|move|p2a: Glaceon|Toxic|p1a: Mr. Rime
|-status|p1a: Mr. Rime|tox
|
|-heal|p2a: Glaceon|60/100 psn|[from] move: Wish|[wisher] Glaceon
|-heal|p2a: Glaceon|66/100 psn|[from] item: Leftovers
|-damage|p1a: Mr. Rime|91/100 tox|[from] psn
|-damage|p2a: Glaceon|54/100 psn|[from] psn
|upkeep
|turn|13
|
|move|p1a: Mr. Rime|Psychic|p2a: Glaceon
|-damage|p2a: Glaceon|22/100 psn
|move|p2a: Glaceon|Wish|p2a: Glaceon
|
|-heal|p2a: Glaceon|28/100 psn|[from] item: Leftovers
|-damage|p1a: Mr. Rime|79/100 tox|[from] psn
|-damage|p2a: Glaceon|15/100 psn|[from] psn
|upkeep
|turn|14
|
|switch|p1a: Pawniard|Pawniard, M|27/100
|move|p2a: Glaceon|Protect||[still]
|-fail|p2a: Glaceon
|
|-heal|p2a: Glaceon|65/100 psn|[from] move: Wish|[wisher] Glaceon
|-heal|p2a: Glaceon|71/100 psn|[from] item: Leftovers
|-damage|p2a: Glaceon|59/100 psn|[from] psn
|upkeep
|turn|15
|
|move|p2a: Glaceon|Freeze-Dry|p1a: Pawniard
|-resisted|p1a: Pawniard
|-damage|p1a: Pawniard|5/100
|move|p1a: Pawniard|Iron Head|p2a: Glaceon
|-supereffective|p2a: Glaceon
|-damage|p2a: Glaceon|0 fnt
|faint|p2a: Glaceon
|
|upkeep
|
|switch|p2a: Purrloin|Purrloin, M|100/100
|-status|p2a: Purrloin|psn
|turn|16
|
|switch|p1a: Mr. Rime|Mr. Rime, M|79/100 tox
|move|p2a: Purrloin|Knock Off|p1a: Mr. Rime
|-supereffective|p1a: Mr. Rime
|-damage|p1a: Mr. Rime|0 fnt
|-enditem|p1a: Mr. Rime|Heavy-Duty Boots|[from] move: Knock Off|[of] p2a: Purrloin
|faint|p1a: Mr. Rime
|
|-damage|p2a: Purrloin|88/100 psn|[from] psn
|upkeep
|
|switch|p1a: Heatmor|Heatmor, M|100/100
|turn|17
|
|switch|p2a: Mawile|Mawile, F|3/100
|move|p1a: Heatmor|Fire Lash|p2a: Mawile
|-supereffective|p2a: Mawile
|-damage|p2a: Mawile|0 fnt
|faint|p2a: Mawile
|
|upkeep
|
|switch|p2a: Whiscash|Whiscash, M|83/100 brn
|turn|18
|
|move|p1a: Heatmor|Power-Up Punch|p2a: Whiscash
|-damage|p2a: Whiscash|74/100 brn
|-boost|p1a: Heatmor|atk|1
|move|p2a: Whiscash|Earth Power|p1a: Heatmor
|-supereffective|p1a: Heatmor
|-damage|p1a: Heatmor|60/100
|
|-heal|p2a: Whiscash|80/100 brn|[from] item: Leftovers
|-damage|p2a: Whiscash|74/100 brn|[from] brn
|upkeep
|turn|19
|
|move|p1a: Heatmor|Drain Punch|p2a: Whiscash
|-damage|p2a: Whiscash|47/100 brn
|-heal|p1a: Heatmor|76/100|[from] drain|[of] p2a: Whiscash
|move|p2a: Whiscash|Earth Power|p1a: Heatmor
|-supereffective|p1a: Heatmor
|-crit|p1a: Heatmor
|-damage|p1a: Heatmor|15/100
|
|-heal|p2a: Whiscash|53/100 brn|[from] item: Leftovers
|-damage|p2a: Whiscash|47/100 brn|[from] brn
|upkeep
|turn|20
|
|move|p1a: Heatmor|Drain Punch|p2a: Whiscash
|-damage|p2a: Whiscash|22/100 brn
|-heal|p1a: Heatmor|30/100|[from] drain|[of] p2a: Whiscash
|move|p2a: Whiscash|Earth Power|p1a: Heatmor
|-supereffective|p1a: Heatmor
|-damage|p1a: Heatmor|0 fnt
|faint|p1a: Heatmor
|
|-heal|p2a: Whiscash|29/100 brn|[from] item: Leftovers
|-damage|p2a: Whiscash|22/100 brn|[from] brn
|upkeep
|
|switch|p1a: Pawniard|Pawniard, M|5/100
|turn|21
|
|move|p1a: Pawniard|Knock Off|p2a: Whiscash
|-damage|p2a: Whiscash|0 fnt
|-enditem|p2a: Whiscash|Leftovers|[from] move: Knock Off|[of] p1a: Pawniard
|faint|p2a: Whiscash
|
|upkeep
|
|switch|p2a: Purrloin|Purrloin, M|88/100 psn
|turn|22
|
|switch|p1a: Gothitelle|Gothitelle, F|100/100
|move|p2a: Purrloin|Knock Off|p1a: Gothitelle
|-supereffective|p1a: Gothitelle
|-damage|p1a: Gothitelle|53/100
|-enditem|p1a: Gothitelle|Weakness Policy
|-boost|p1a: Gothitelle|atk|2|[from] item: Weakness Policy
|-boost|p1a: Gothitelle|spa|2|[from] item: Weakness Policy
|
|-damage|p2a: Purrloin|76/100 psn|[from] psn
|upkeep
|turn|23
|
|switch|p2a: Vespiquen|Vespiquen, F|100/100
|-ability|p2a: Vespiquen|Unnerve|p1: Cartsoul
|move|p1a: Gothitelle|Thunderbolt|p2a: Vespiquen
|-supereffective|p2a: Vespiquen
|-damage|p2a: Vespiquen|18/100
|
|upkeep
|turn|24
|
|switch|p2a: Purrloin|Purrloin, M|76/100 psn
|move|p1a: Gothitelle|Stored Power|p2a: Purrloin
|-immune|p2a: Purrloin
|
|-damage|p2a: Purrloin|64/100 psn|[from] psn
|upkeep
|turn|25
|
|move|p2a: Purrloin|Encore|p1a: Gothitelle
|-start|p1a: Gothitelle|Encore
|move|p1a: Gothitelle|Stored Power|p2a: Purrloin
|-immune|p2a: Purrloin
|
|-damage|p2a: Purrloin|52/100 psn|[from] psn
|upkeep
|turn|26
|
|move|p2a: Purrloin|Knock Off|p1a: Gothitelle
|-supereffective|p1a: Gothitelle
|-damage|p1a: Gothitelle|19/100
|move|p1a: Gothitelle|Stored Power|p2a: Purrloin
|-immune|p2a: Purrloin
|
|-damage|p2a: Purrloin|40/100 psn|[from] psn
|upkeep
|turn|27
|
|move|p2a: Purrloin|Knock Off|p1a: Gothitelle
|-supereffective|p1a: Gothitelle
|-damage|p1a: Gothitelle|0 fnt
|faint|p1a: Gothitelle
|
|-damage|p2a: Purrloin|28/100 psn|[from] psn
|upkeep
|
|switch|p1a: Pawniard|Pawniard, M|5/100
|turn|28
|
|move|p2a: Purrloin|Sucker Punch|p1a: Pawniard
|-resisted|p1a: Pawniard
|-damage|p1a: Pawniard|0 fnt
|faint|p1a: Pawniard
|
|-damage|p2a: Purrloin|16/100 psn|[from] psn
|upkeep
|
|switch|p1a: Dusknoir|Dusknoir, M|100/100
|-ability|p1a: Dusknoir|Pressure
|turn|29
|
|move|p1a: Dusknoir|Shadow Sneak|p2a: Purrloin
|-resisted|p2a: Purrloin
|-damage|p2a: Purrloin|0 fnt
|faint|p2a: Purrloin
|
|upkeep
|
|switch|p2a: Vespiquen|Vespiquen, F|18/100
|-ability|p2a: Vespiquen|Unnerve|p1: Cartsoul
|turn|30
|
|move|p1a: Dusknoir|Shadow Sneak|p2a: Vespiquen
|-damage|p2a: Vespiquen|3/100
|move|p2a: Vespiquen|Defog|p1a: Dusknoir
|-unboost|p1a: Dusknoir|evasion|1
|-sideend|p2: Karrakarra|Toxic Spikes|[from] move: Defog|[of] p2a: Vespiquen
|
|upkeep
|turn|31
|
|move|p1a: Dusknoir|Shadow Sneak|p2a: Vespiquen
|-damage|p2a: Vespiquen|0 fnt
|faint|p2a: Vespiquen
|
|upkeep
|
|switch|p2a: Raichu|Raichu, F|100/100
|turn|32
|
|move|p2a: Raichu|Nasty Plot|p2a: Raichu
|-boost|p2a: Raichu|spa|2
|move|p1a: Dusknoir|Substitute|p1a: Dusknoir
|-start|p1a: Dusknoir|Substitute
|-damage|p1a: Dusknoir|76/100
|
|-heal|p1a: Dusknoir|82/100|[from] item: Leftovers
|upkeep
|turn|33
|
|move|p2a: Raichu|Thunderbolt|p1a: Dusknoir
|-end|p1a: Dusknoir|Substitute
|-damage|p2a: Raichu|91/100|[from] item: Life Orb
|move|p1a: Dusknoir|Power-Up Punch|p2a: Raichu
|-damage|p2a: Raichu|63/100
|-boost|p1a: Dusknoir|atk|1
|
|-heal|p1a: Dusknoir|88/100|[from] item: Leftovers
|upkeep
|turn|34
|
|move|p1a: Dusknoir|Shadow Sneak|p2a: Raichu
|-damage|p2a: Raichu|6/100
|move|p2a: Raichu|Thunderbolt|p1a: Dusknoir
|-damage|p1a: Dusknoir|0 fnt
|-damage|p2a: Raichu|0 fnt|[from] item: Life Orb
|faint|p1a: Dusknoir
|faint|p2a: Raichu
|
|win|Karrakarra
|raw|Cartsoul's rating: 1374 &rarr; <strong>1357</strong><br />(-17 for losing)
|raw|Karrakarra's rating: 1432 &rarr; <strong>1448</strong><br />(+16 for winning)
