|j|☆ariaz dayo
|j|☆they call me stick
|t:|1621738377
|gametype|singles
|player|p1|ariaz dayo|beauty-gen4dp|1206
|player|p2|they call me stick|170|1402
|teamsize|p1|6
|teamsize|p2|6
|gen|8
|tier|[Gen 8] PU
|rated|
|rule|Sleep Clause Mod: Limit one foe put to sleep
|rule|Species Clause: Limit one of each Pokémon
|rule|OHKO Clause: OHKO moves are banned
|rule|Evasion Moves Clause: Evasion moves are banned
|rule|Endless Battle Clause: Forcing endless battles is banned
|rule|HP Percentage Mod: HP is shown in percentages
|rule|Dynamax Clause: You cannot dynamax
|clearpoke
|poke|p1|Tsareena, F|
|poke|p1|Sandslash, F|
|poke|p1|Druddigon, F|
|poke|p1|Cinccino, M|
|poke|p1|Magmortar, F|
|poke|p1|Froslass, F|
|poke|p2|Scrafty, M|
|poke|p2|Silvally-*|
|poke|p2|Mesprit|
|poke|p2|Rotom|
|poke|p2|Whimsicott, M|
|poke|p2|Passimian, M|
|teampreview
|inactive|Battle timer is ON: inactive players will automatically lose when time's up. (requested by ariaz dayo)
|c|☆they call me stick|gl hf
|c|☆ariaz dayo|u2
|inactive|they call me stick has 120 seconds left.
|
|t:|1621738412
|start
|switch|p1a: Cinccino|Cinccino, M|100/100
|switch|p2a: Passimian|Passimian, M|100/100
|turn|1
|
|t:|1621738422
|switch|p1a: Druddigon|Druddigon, F|100/100
|move|p2a: Passimian|U-turn|p1a: Druddigon
|-damage|p1a: Druddigon|75/100
|-damage|p2a: Passimian|88/100|[from] ability: Rough Skin|[of] p1a: Druddigon
|-damage|p2a: Passimian|72/100|[from] item: Rocky Helmet|[of] p1a: Druddigon
|
|t:|1621738438
|switch|p2a: Mesprit|Mesprit|100/100|[from]move: U-turn
|
|upkeep
|turn|2
|
|t:|1621738453
|switch|p1a: Tsareena|Tsareena, F|100/100
|move|p2a: Mesprit|Stealth Rock|p1a: Tsareena
|-sidestart|p1: ariaz dayo|move: Stealth Rock
|
|upkeep
|turn|3
|
|t:|1621738474
|switch|p2a: Rotom|Rotom|100/100
|move|p1a: Tsareena|Knock Off|p2a: Rotom
|-supereffective|p2a: Rotom
|-enditem|p2a: Rotom|Colbur Berry|[eat]
|-enditem|p2a: Rotom|Colbur Berry|[weaken]
|-damage|p2a: Rotom|44/100
|
|upkeep
|turn|4
|
|t:|1621738484
|switch|p2a: Silvally|Silvally-Steel|100/100
|move|p1a: Tsareena|Power Whip|p2a: Silvally|[miss]
|-miss|p1a: Tsareena|p2a: Silvally
|
|upkeep
|turn|5
|
|t:|1621738493
|move|p2a: Silvally|Parting Shot|p1a: Tsareena
|-unboost|p1a: Tsareena|atk|1
|-unboost|p1a: Tsareena|spa|1
|
|t:|1621738495
|switch|p2a: Rotom|Rotom|44/100|[from]move: Parting Shot
|move|p1a: Tsareena|Knock Off|p2a: Rotom
|-supereffective|p2a: Rotom
|-damage|p2a: Rotom|0 fnt
|faint|p2a: Rotom
|
|upkeep
|
|t:|1621738516
|switch|p2a: Mesprit|Mesprit|100/100
|turn|6
|
|t:|1621738524
|move|p2a: Mesprit|Psychic|p1a: Tsareena
|-damage|p1a: Tsareena|53/100
|move|p1a: Tsareena|Rapid Spin|p2a: Mesprit
|-damage|p2a: Mesprit|89/100
|-boost|p1a: Tsareena|spe|1
|-sideend|p1: ariaz dayo|Stealth Rock|[from] move: Rapid Spin|[of] p1a: Tsareena
|
|-heal|p1a: Tsareena|59/100|[from] item: Leftovers
|upkeep
|turn|7
|
|t:|1621738535
|move|p1a: Tsareena|U-turn|p2a: Mesprit
|-supereffective|p2a: Mesprit
|-damage|p2a: Mesprit|58/100
|
|t:|1621738550
|switch|p1a: Sandslash|Sandslash, F|100/100|[from]move: U-turn
|move|p2a: Mesprit|Psychic|p1a: Sandslash
|-damage|p1a: Sandslash|19/100
|-unboost|p1a: Sandslash|spd|1
|
|-heal|p1a: Sandslash|25/100|[from] item: Leftovers
|upkeep
|turn|8
|
|t:|1621738557
|move|p2a: Mesprit|Stealth Rock|p1a: Sandslash
|-sidestart|p1: ariaz dayo|move: Stealth Rock
|move|p1a: Sandslash|Throat Chop|p2a: Mesprit
|-supereffective|p2a: Mesprit
|-enditem|p2a: Mesprit|Colbur Berry|[eat]
|-enditem|p2a: Mesprit|Colbur Berry|[weaken]
|-damage|p2a: Mesprit|28/100
|-start|p2a: Mesprit|Throat Chop|[silent]
|
|-heal|p1a: Sandslash|31/100|[from] item: Leftovers
|upkeep
|turn|9
|
|t:|1621738578
|move|p2a: Mesprit|Psychic|p1a: Sandslash
|-damage|p1a: Sandslash|0 fnt
|faint|p1a: Sandslash
|
|-end|p2a: Mesprit|Throat Chop|[silent]
|upkeep
|
|t:|1621738586
|switch|p1a: Tsareena|Tsareena, F|59/100
|-damage|p1a: Tsareena|47/100|[from] Stealth Rock
|turn|10
|
|t:|1621738592
|move|p2a: Mesprit|Psychic|p1a: Tsareena
|-damage|p1a: Tsareena|7/100
|move|p1a: Tsareena|Rapid Spin|p2a: Mesprit
|-damage|p2a: Mesprit|9/100
|-boost|p1a: Tsareena|spe|1
|-sideend|p1: ariaz dayo|Stealth Rock|[from] move: Rapid Spin|[of] p1a: Tsareena
|
|-heal|p1a: Tsareena|13/100|[from] item: Leftovers
|upkeep
|turn|11
|
|t:|1621738609
|move|p1a: Tsareena|U-turn|p2a: Mesprit
|-supereffective|p2a: Mesprit
|-damage|p2a: Mesprit|0 fnt
|faint|p2a: Mesprit
|
|t:|1621738617
|switch|p1a: Druddigon|Druddigon, F|75/100|[from]move: U-turn
|
|upkeep
|j| Ill Leave
|
|t:|1621738621
|switch|p2a: Whimsicott|Whimsicott, M|100/100
|turn|12
|
|t:|1621738631
|switch|p1a: Tsareena|Tsareena, F|13/100
|move|p2a: Whimsicott|Moonblast|p1a: Tsareena
|-damage|p1a: Tsareena|0 fnt
|faint|p1a: Tsareena
|
|upkeep
|
|t:|1621738636
|switch|p1a: Magmortar|Magmortar, F|100/100
|turn|13
|
|t:|1621738640
|switch|p2a: Scrafty|Scrafty, M|100/100
|move|p1a: Magmortar|Fire Blast|p2a: Scrafty
|-damage|p2a: Scrafty|63/100
|
|-heal|p2a: Scrafty|69/100|[from] item: Leftovers
|upkeep
|turn|14
|
|t:|1621738651
|switch|p1a: Druddigon|Druddigon, F|75/100
|move|p2a: Scrafty|Knock Off|p1a: Druddigon
|-damage|p1a: Druddigon|45/100
|-damage|p2a: Scrafty|57/100|[from] ability: Rough Skin|[of] p1a: Druddigon
|-damage|p2a: Scrafty|40/100|[from] item: Rocky Helmet|[of] p1a: Druddigon
|-enditem|p1a: Druddigon|Rocky Helmet|[from] move: Knock Off|[of] p2a: Scrafty
|
|-heal|p2a: Scrafty|46/100|[from] item: Leftovers
|upkeep
|turn|15
|
|t:|1621738666
|move|p2a: Scrafty|Rest|p2a: Scrafty
|-status|p2a: Scrafty|slp|[from] move: Rest
|-heal|p2a: Scrafty|100/100 slp|[silent]
|move|p1a: Druddigon|Rest|p1a: Druddigon
|-status|p1a: Druddigon|slp|[from] move: Rest
|-heal|p1a: Druddigon|100/100 slp|[silent]
|
|upkeep
|turn|16
|
|t:|1621738676
|cant|p2a: Scrafty|slp
|cant|p1a: Druddigon|slp
|move|p1a: Druddigon|Sleep Talk|p1a: Druddigon
|move|p1a: Druddigon|Dragon Tail|p2a: Scrafty|[from]move: Sleep Talk
|-damage|p2a: Scrafty|77/100 slp
|drag|p2a: Silvally|Silvally-Steel|100/100
|
|upkeep
|turn|17
|
|t:|1621738691
|move|p2a: Silvally|Multi-Attack|p1a: Druddigon
|-damage|p1a: Druddigon|47/100 slp
|-damage|p2a: Silvally|88/100|[from] ability: Rough Skin|[of] p1a: Druddigon
|cant|p1a: Druddigon|slp
|move|p1a: Druddigon|Sleep Talk|p1a: Druddigon
|move|p1a: Druddigon|Rock Tomb|p2a: Silvally|[from]move: Sleep Talk
|-resisted|p2a: Silvally
|-damage|p2a: Silvally|80/100
|-unboost|p2a: Silvally|spe|1
|
|upkeep
|turn|18
|j| gobo lyf
|
|t:|1621738705
|move|p2a: Silvally|Multi-Attack|p1a: Druddigon
|-damage|p1a: Druddigon|0 fnt
|-damage|p2a: Silvally|68/100|[from] ability: Rough Skin|[of] p1a: Druddigon
|faint|p1a: Druddigon
|
|upkeep
|
|t:|1621738709
|switch|p1a: Magmortar|Magmortar, F|100/100
|turn|19
|
|t:|1621738721
|move|p1a: Magmortar|Fire Blast|p2a: Silvally
|-supereffective|p2a: Silvally
|-damage|p2a: Silvally|0 fnt
|faint|p2a: Silvally
|
|upkeep
|
|t:|1621738724
|switch|p2a: Scrafty|Scrafty, M|77/100 slp
|turn|20
|
|t:|1621738733
|move|p1a: Magmortar|Fire Blast|p2a: Scrafty|[miss]
|-miss|p1a: Magmortar|p2a: Scrafty
|cant|p2a: Scrafty|slp
|
|-heal|p2a: Scrafty|83/100 slp|[from] item: Leftovers
|upkeep
|turn|21
|
|t:|1621738740
|move|p1a: Magmortar|Fire Blast|p2a: Scrafty
|-damage|p2a: Scrafty|44/100 slp
|-curestatus|p2a: Scrafty|slp|[msg]
|move|p2a: Scrafty|Knock Off|p1a: Magmortar
|-damage|p1a: Magmortar|51/100
|-enditem|p1a: Magmortar|Choice Scarf|[from] move: Knock Off|[of] p2a: Scrafty
|
|-heal|p2a: Scrafty|50/100|[from] item: Leftovers
|upkeep
|turn|22
|
|t:|1621738751
|move|p1a: Magmortar|Fire Blast|p2a: Scrafty
|-damage|p2a: Scrafty|12/100
|move|p2a: Scrafty|Rest|p2a: Scrafty
|-status|p2a: Scrafty|slp|[from] move: Rest
|-heal|p2a: Scrafty|100/100 slp|[silent]
|
|-activate|p2a: Scrafty|ability: Shed Skin
|-curestatus|p2a: Scrafty|slp|[msg]
|upkeep
|turn|23
|
|t:|1621738765
|switch|p1a: Cinccino|Cinccino, M|100/100
|move|p2a: Scrafty|Drain Punch|p1a: Cinccino
|-supereffective|p1a: Cinccino
|-damage|p1a: Cinccino|18/100
|
|upkeep
|turn|24
|
|t:|1621738772
|move|p1a: Cinccino|U-turn|p2a: Scrafty
|-damage|p2a: Scrafty|71/100
|
|t:|1621738774
|switch|p1a: Froslass|Froslass, F|100/100|[from]move: U-turn
|move|p2a: Scrafty|Knock Off|p1a: Froslass
|-supereffective|p1a: Froslass
|-enditem|p1a: Froslass|Focus Sash
|-damage|p1a: Froslass|1/100
|
|-heal|p2a: Scrafty|77/100|[from] item: Leftovers
|upkeep
|turn|25
|
|t:|1621738783
|move|p1a: Froslass|Will-O-Wisp|p2a: Scrafty
|-status|p2a: Scrafty|brn
|move|p2a: Scrafty|Knock Off|p1a: Froslass
|-supereffective|p1a: Froslass
|-damage|p1a: Froslass|0 fnt
|-start|p2a: Scrafty|Disable|Knock Off|[from] ability: Cursed Body|[of] p1a: Froslass
|faint|p1a: Froslass
|
|-activate|p2a: Scrafty|ability: Shed Skin
|-curestatus|p2a: Scrafty|brn|[msg]
|-heal|p2a: Scrafty|83/100|[from] item: Leftovers
|upkeep
|
|t:|1621738791
|switch|p1a: Cinccino|Cinccino, M|18/100
|turn|26
|
|t:|1621738795
|move|p1a: Cinccino|Tail Slap|p2a: Scrafty
|-damage|p2a: Scrafty|69/100
|-damage|p2a: Scrafty|55/100
|-damage|p2a: Scrafty|41/100
|-damage|p2a: Scrafty|25/100
|-damage|p2a: Scrafty|9/100
|-hitcount|p2a: Scrafty|5
|move|p2a: Scrafty|Drain Punch|p1a: Cinccino
|-supereffective|p1a: Cinccino
|-damage|p1a: Cinccino|0 fnt
|-heal|p2a: Scrafty|17/100|[from] drain|[of] p1a: Cinccino
|faint|p1a: Cinccino
|
|-heal|p2a: Scrafty|23/100|[from] item: Leftovers
|upkeep
|
|t:|1621738804
|switch|p1a: Magmortar|Magmortar, F|51/100
|turn|27
|
|t:|1621738807
|move|p1a: Magmortar|Fire Blast|p2a: Scrafty
|-damage|p2a: Scrafty|0 fnt
|faint|p2a: Scrafty
|
|upkeep
|
|t:|1621738809
|switch|p2a: Passimian|Passimian, M|72/100
|turn|28
|
|t:|1621738812
|move|p2a: Passimian|Close Combat|p1a: Magmortar
|-damage|p1a: Magmortar|0 fnt
|-unboost|p2a: Passimian|def|1
|-unboost|p2a: Passimian|spd|1
|faint|p1a: Magmortar
|
|win|they call me stick
|raw|ariaz dayo's rating: 1206 &rarr; <strong>1194</strong><br />(-12 for losing)
|raw|they call me stick's rating: 1402 &rarr; <strong>1412</strong><br />(+10 for winning)
|c|☆they call me stick|gg
|l|☆ariaz dayo
|l|☆they call me stick
|j|☆they call me stick
|player|p2|they call me stick|170
