|j|☆Mootagen
|j|☆TimBasedGod
|player|p1|Mootagen|scientist-gen2|1356
|player|p2|TimBasedGod|preschooler|1323
|teamsize|p1|6
|teamsize|p2|6
|gametype|singles
|gen|8
|tier|[Gen 8] PU
|rated|
|clearpoke
|poke|p1|Bellossom, F|
|poke|p1|Mareanie, M|
|poke|p1|Dusclops, F|
|poke|p1|Klinklang|
|poke|p1|Pikachu, F|
|poke|p1|Sandslash, M|
|poke|p2|Gloom, F|
|poke|p2|Raboot, F|
|poke|p2|Lickilicky, M|
|poke|p2|Boltund, M|
|poke|p2|Ninjask, M|
|poke|p2|Lunatone|
|rule|Sleep Clause Mod: Limit one foe put to sleep
|rule|Species Clause: Limit one of each Pokémon
|rule|OHKO Clause: OHKO moves are banned
|rule|Evasion Moves Clause: Evasion moves are banned
|rule|Endless Battle Clause: Forcing endless battles is banned
|rule|HP Percentage Mod: HP is shown in percentages
|rule|Dynamax Clause: You cannot dynamax
|teampreview
|inactive|Battle timer is ON: inactive players will automatically lose when time's up. (requested by Mootagen)
|inactive|TimBasedGod has 120 seconds left.
|inactive|TimBasedGod has 90 seconds left.
|
|start
|switch|p1a: Salty Player|Sandslash, M, shiny|100/100
|switch|p2a: Gloom|Gloom, F|100/100
|turn|1
|
|switch|p1a: Dusk|Dusclops, F, shiny|100/100
|-ability|p1a: Dusk|Pressure
|move|p2a: Gloom|Infestation|p1a: Dusk
|-resisted|p1a: Dusk
|-damage|p1a: Dusk|99/100
|-activate|p1a: Dusk|move: Infestation|[of] p2a: Gloom
|
|-damage|p1a: Dusk|87/100|[from] move: Infestation|[partiallytrapped]
|upkeep
|turn|2
|
|move|p2a: Gloom|Leech Seed|p1a: Dusk|[miss]
|-miss|p2a: Gloom|p1a: Dusk
|move|p1a: Dusk|Seismic Toss|p2a: Gloom
|-damage|p2a: Gloom|70/100
|
|-damage|p1a: Dusk|75/100|[from] move: Infestation|[partiallytrapped]
|upkeep
|turn|3
|
|switch|p1a: Blooming|Bellossom, F|100/100
|move|p2a: Gloom|Leech Seed|p1a: Blooming
|-immune|p1a: Blooming
|
|upkeep
|turn|4
|
|switch|p1a: Plus but Minus too|Klinklang, shiny|100/100
|move|p2a: Gloom|Sludge Bomb|p1a: Plus but Minus too
|-immune|p1a: Plus but Minus too
|
|upkeep
|turn|5
|
|move|p1a: Plus but Minus too|Substitute|p1a: Plus but Minus too
|-start|p1a: Plus but Minus too|Substitute
|-damage|p1a: Plus but Minus too|76/100
|move|p2a: Gloom|Strength Sap||[still]
|-fail|p2a: Gloom
|
|-heal|p1a: Plus but Minus too|82/100|[from] item: Leftovers
|upkeep
|turn|6
|
|switch|p2a: Boltund|Boltund, M|100/100
|move|p1a: Plus but Minus too|Shift Gear|p1a: Plus but Minus too
|-boost|p1a: Plus but Minus too|spe|2
|-boost|p1a: Plus but Minus too|atk|1
|
|-heal|p1a: Plus but Minus too|88/100|[from] item: Leftovers
|upkeep
|turn|7
|
|move|p1a: Plus but Minus too|Gear Grind|p2a: Boltund|[miss]
|-miss|p1a: Plus but Minus too|p2a: Boltund
|move|p2a: Boltund|Fire Fang|p1a: Plus but Minus too
|-supereffective|p1a: Plus but Minus too
|-end|p1a: Plus but Minus too|Substitute
|
|-heal|p1a: Plus but Minus too|94/100|[from] item: Leftovers
|upkeep
|turn|8
|
|switch|p1a: Salty Player|Sandslash, M, shiny|100/100
|move|p2a: Boltund|Fire Fang|p1a: Salty Player
|-damage|p1a: Salty Player|79/100
|-damage|p2a: Boltund|84/100|[from] item: Rocky Helmet|[of] p1a: Salty Player
|
|upkeep
|turn|9
|
|switch|p2a: Gloom|Gloom, F|70/100
|move|p1a: Salty Player|Stealth Rock|p2a: Gloom
|-sidestart|p2: TimBasedGod|move: Stealth Rock
|
|upkeep
|turn|10
|
|switch|p1a: Blooming|Bellossom, F|100/100
|move|p2a: Gloom|Infestation|p1a: Blooming
|-supereffective|p1a: Blooming
|-damage|p1a: Blooming|93/100
|-activate|p1a: Blooming|move: Infestation|[of] p2a: Gloom
|
|-heal|p1a: Blooming|99/100|[from] item: Leftovers
|-damage|p1a: Blooming|86/100|[from] move: Infestation|[partiallytrapped]
|upkeep
|turn|11
|
|move|p1a: Blooming|Quiver Dance|p1a: Blooming
|-boost|p1a: Blooming|spa|1
|-boost|p1a: Blooming|spd|1
|-boost|p1a: Blooming|spe|1
|move|p2a: Gloom|Sludge Bomb|p1a: Blooming
|-supereffective|p1a: Blooming
|-crit|p1a: Blooming
|-damage|p1a: Blooming|12/100
|-status|p1a: Blooming|psn
|
|-heal|p1a: Blooming|18/100 psn|[from] item: Leftovers
|-damage|p1a: Blooming|5/100 psn|[from] psn
|-damage|p1a: Blooming|0 fnt|[from] move: Infestation|[partiallytrapped]
|faint|p1a: Blooming
|upkeep
|
|switch|p1a: Plus but Minus too|Klinklang, shiny|94/100
|turn|12
|
|switch|p2a: Raboot|Raboot, F|100/100
|-damage|p2a: Raboot|76/100|[from] Stealth Rock
|move|p1a: Plus but Minus too|Substitute|p1a: Plus but Minus too
|-start|p1a: Plus but Minus too|Substitute
|-damage|p1a: Plus but Minus too|69/100
|
|-heal|p1a: Plus but Minus too|75/100|[from] item: Leftovers
|upkeep
|turn|13
|
|move|p2a: Raboot|High Jump Kick|p1a: Plus but Minus too
|-start|p2a: Raboot|typechange|Fighting|[from] ability: Libero
|-supereffective|p1a: Plus but Minus too
|-end|p1a: Plus but Minus too|Substitute
|move|p1a: Plus but Minus too|Shift Gear|p1a: Plus but Minus too
|-boost|p1a: Plus but Minus too|spe|2
|-boost|p1a: Plus but Minus too|atk|1
|
|-heal|p1a: Plus but Minus too|81/100|[from] item: Leftovers
|upkeep
|turn|14
|
|move|p1a: Plus but Minus too|Substitute|p1a: Plus but Minus too
|-start|p1a: Plus but Minus too|Substitute
|-damage|p1a: Plus but Minus too|56/100
|move|p2a: Raboot|High Jump Kick|p1a: Plus but Minus too
|-supereffective|p1a: Plus but Minus too
|-end|p1a: Plus but Minus too|Substitute
|
|-heal|p1a: Plus but Minus too|62/100|[from] item: Leftovers
|upkeep
|turn|15
|
|move|p1a: Plus but Minus too|Gear Grind|p2a: Raboot
|-damage|p2a: Raboot|2/100
|-damage|p2a: Raboot|0 fnt
|-hitcount|p2a: Raboot|2
|faint|p2a: Raboot
|
|-heal|p1a: Plus but Minus too|68/100|[from] item: Leftovers
|upkeep
|
|switch|p2a: Lickilicky|Lickilicky, M|100/100
|-damage|p2a: Lickilicky|88/100|[from] Stealth Rock
|turn|16
|
|move|p1a: Plus but Minus too|Substitute|p1a: Plus but Minus too
|-start|p1a: Plus but Minus too|Substitute
|-damage|p1a: Plus but Minus too|44/100
|move|p2a: Lickilicky|Dragon Tail|p1a: Plus but Minus too|[miss]
|-miss|p2a: Lickilicky|p1a: Plus but Minus too
|
|-heal|p1a: Plus but Minus too|50/100|[from] item: Leftovers
|-heal|p2a: Lickilicky|94/100|[from] item: Leftovers
|upkeep
|turn|17
|
|move|p1a: Plus but Minus too|Gear Grind|p2a: Lickilicky
|-damage|p2a: Lickilicky|68/100
|-damage|p2a: Lickilicky|40/100
|-hitcount|p2a: Lickilicky|2
|move|p2a: Lickilicky|Knock Off|p1a: Plus but Minus too
|-crit|p1a: Plus but Minus too
|-end|p1a: Plus but Minus too|Substitute
|
|-heal|p1a: Plus but Minus too|56/100|[from] item: Leftovers
|-heal|p2a: Lickilicky|46/100|[from] item: Leftovers
|upkeep
|turn|18
|
|move|p1a: Plus but Minus too|Gear Grind|p2a: Lickilicky
|-damage|p2a: Lickilicky|18/100
|-damage|p2a: Lickilicky|0 fnt
|-hitcount|p2a: Lickilicky|2
|faint|p2a: Lickilicky
|
|-heal|p1a: Plus but Minus too|62/100|[from] item: Leftovers
|upkeep
|
|switch|p2a: Boltund|Boltund, M|84/100
|-damage|p2a: Boltund|72/100|[from] Stealth Rock
|turn|19
|
|switch|p1a: Salty Player|Sandslash, M, shiny|79/100
|move|p2a: Boltund|Fire Fang|p1a: Salty Player|[miss]
|-miss|p2a: Boltund|p1a: Salty Player
|
|upkeep
|turn|20
|
|switch|p2a: Gloom|Gloom, F|70/100
|-damage|p2a: Gloom|57/100|[from] Stealth Rock
|move|p1a: Salty Player|Earthquake|p2a: Gloom
|-damage|p2a: Gloom|35/100
|
|upkeep
|turn|21
|
|switch|p1a: Plus but Minus too|Klinklang, shiny|62/100
|move|p2a: Gloom|Strength Sap|p1a: Plus but Minus too
|-fail|p1a: Plus but Minus too|unboost|[from] ability: Clear Body|[of] p1a: Plus but Minus too
|-heal|p2a: Gloom|100/100
|
|-heal|p1a: Plus but Minus too|68/100|[from] item: Leftovers
|upkeep
|turn|22
|
|switch|p2a: Boltund|Boltund, M|72/100
|-damage|p2a: Boltund|60/100|[from] Stealth Rock
|move|p1a: Plus but Minus too|Substitute|p1a: Plus but Minus too
|-start|p1a: Plus but Minus too|Substitute
|-damage|p1a: Plus but Minus too|43/100
|
|-heal|p1a: Plus but Minus too|49/100|[from] item: Leftovers
|upkeep
|turn|23
|
|move|p2a: Boltund|Fire Fang|p1a: Plus but Minus too
|-supereffective|p1a: Plus but Minus too
|-end|p1a: Plus but Minus too|Substitute
|move|p1a: Plus but Minus too|Gear Grind|p2a: Boltund
|-resisted|p2a: Boltund
|-damage|p2a: Boltund|37/100
|-resisted|p2a: Boltund
|-damage|p2a: Boltund|14/100
|-hitcount|p2a: Boltund|2
|
|-heal|p1a: Plus but Minus too|55/100|[from] item: Leftovers
|upkeep
|turn|24
|
|switch|p1a: Salty Player|Sandslash, M, shiny|79/100
|move|p2a: Boltund|Fire Fang|p1a: Salty Player
|-damage|p1a: Salty Player|59/100
|-damage|p2a: Boltund|0 fnt|[from] item: Rocky Helmet|[of] p1a: Salty Player
|faint|p2a: Boltund
|
|upkeep
|
|switch|p2a: Lunatone|Lunatone|100/100
|-damage|p2a: Lunatone|88/100|[from] Stealth Rock
|turn|25
|
|move|p2a: Lunatone|Meteor Beam||[still]
|-prepare|p2a: Lunatone|Meteor Beam|p1a: Salty Player
|-boost|p2a: Lunatone|spa|1
|-enditem|p2a: Lunatone|Power Herb
|-anim|p2a: Lunatone|Meteor Beam|p1a: Salty Player
|-resisted|p1a: Salty Player
|-damage|p1a: Salty Player|0 fnt
|faint|p1a: Salty Player
|
|upkeep
|
|switch|p1a: Dusk|Dusclops, F, shiny|75/100
|-ability|p1a: Dusk|Pressure
|turn|26
|
|switch|p2a: Gloom|Gloom, F|100/100
|-damage|p2a: Gloom|88/100|[from] Stealth Rock
|move|p1a: Dusk|Toxic|p2a: Gloom
|-immune|p2a: Gloom
|
|upkeep
|turn|27
|
|move|p2a: Gloom|Leech Seed|p1a: Dusk
|-start|p1a: Dusk|move: Leech Seed
|move|p1a: Dusk|Seismic Toss|p2a: Gloom
|-damage|p2a: Gloom|57/100
|
|-damage|p1a: Dusk|62/100|[from] Leech Seed|[of] p2a: Gloom
|-heal|p2a: Gloom|68/100|[silent]
|upkeep
|turn|28
|
|switch|p1a: Plus but Minus too|Klinklang, shiny|55/100
|move|p2a: Gloom|Infestation|p1a: Plus but Minus too
|-resisted|p1a: Plus but Minus too
|-damage|p1a: Plus but Minus too|52/100
|-activate|p1a: Plus but Minus too|move: Infestation|[of] p2a: Gloom
|
|-heal|p1a: Plus but Minus too|58/100|[from] item: Leftovers
|-damage|p1a: Plus but Minus too|46/100|[from] move: Infestation|[partiallytrapped]
|upkeep
|turn|29
|
|move|p1a: Plus but Minus too|Substitute|p1a: Plus but Minus too
|-start|p1a: Plus but Minus too|Substitute
|-end|p1a: Plus but Minus too|Infestation|[partiallytrapped]|[silent]
|-damage|p1a: Plus but Minus too|21/100
|move|p2a: Gloom|Leech Seed||[still]
|-fail|p2a: Gloom
|
|-heal|p1a: Plus but Minus too|27/100|[from] item: Leftovers
|upkeep
|turn|30
|
|switch|p2a: Ninjask|Ninjask, M|100/100
|move|p1a: Plus but Minus too|Shift Gear|p1a: Plus but Minus too
|-boost|p1a: Plus but Minus too|spe|2
|-boost|p1a: Plus but Minus too|atk|1
|
|-heal|p1a: Plus but Minus too|33/100|[from] item: Leftovers
|upkeep
|turn|31
|
|move|p1a: Plus but Minus too|Gear Grind|p2a: Ninjask
|-damage|p2a: Ninjask|31/100
|-damage|p2a: Ninjask|0 fnt
|-hitcount|p2a: Ninjask|2
|faint|p2a: Ninjask
|
|-heal|p1a: Plus but Minus too|39/100|[from] item: Leftovers
|upkeep
|
|switch|p2a: Lunatone|Lunatone|88/100
|-damage|p2a: Lunatone|76/100|[from] Stealth Rock
|turn|32
|
|move|p1a: Plus but Minus too|Gear Grind|p2a: Lunatone
|-supereffective|p2a: Lunatone
|-damage|p2a: Lunatone|0 fnt
|-hitcount|p2a: Lunatone|1
|faint|p2a: Lunatone
|
|-heal|p1a: Plus but Minus too|45/100|[from] item: Leftovers
|upkeep
|-message|TimBasedGod forfeited.
|
|win|Mootagen
|l|☆TimBasedGod
