|j|☆critmonger
|j|☆sassy ylay
|t:|1644878482
|gametype|singles
|player|p1|critmonger|norman|1412
|player|p2|sassy ylay|clown|1507
|teamsize|p1|6
|teamsize|p2|6
|gen|8
|tier|[Gen 8] PU
|rated|
|rule|Sleep Clause Mod: Limit one foe put to sleep
|rule|Species Clause: Limit one of each Pokémon
|rule|OHKO Clause: OHKO moves are banned
|rule|Evasion Moves Clause: Evasion moves are banned
|rule|Endless Battle Clause: Forcing endless battles is banned
|rule|HP Percentage Mod: HP is shown in percentages
|rule|Dynamax Clause: You cannot dynamax
|clearpoke
|poke|p1|Sandaconda, M|
|poke|p1|Lycanroc, M|
|poke|p1|Gigalith, F|
|poke|p1|Trevenant, F|
|poke|p1|Espeon, F|
|poke|p1|Ferroseed, M|
|poke|p2|Espeon, F|
|poke|p2|Scyther, F|
|poke|p2|Morpeko, F|
|poke|p2|Weezing, F|
|poke|p2|Wishiwashi, F|
|poke|p2|Mawile, F|
|teampreview
|
|t:|1644878502
|start
|switch|p1a: Ferroseed|Ferroseed, M|100/100
|switch|p2a: Scyther|Scyther, F|100/100
|turn|1
|
|t:|1644878511
|move|p2a: Scyther|U-turn|p1a: Ferroseed
|-damage|p1a: Ferroseed|59/100
|-damage|p2a: Scyther|88/100|[from] ability: Iron Barbs|[of] p1a: Ferroseed
|
|t:|1644878513
|switch|p2a: Espeon|Espeon, F|100/100|[from]move: U-turn
|move|p1a: Ferroseed|Knock Off|p2a: Espeon
|-supereffective|p2a: Espeon
|-damage|p2a: Espeon|72/100
|-enditem|p2a: Espeon|Leftovers|[from] move: Knock Off|[of] p1a: Ferroseed
|
|upkeep
|turn|2
|
|t:|1644878523
|switch|p1a: Espeon|Espeon, F|100/100
|move|p2a: Espeon|Reflect|p2a: Espeon
|-sidestart|p2: sassy ylay|Reflect
|
|upkeep
|turn|3
|
|t:|1644878529
|switch|p2a: Wishiwashi|Wishiwashi, F|100/100
|-formechange|p2a: Wishiwashi|Wishiwashi-School||[from] ability: Schooling
|move|p1a: Espeon|Reflect|p1a: Espeon
|-sidestart|p1: critmonger|Reflect
|
|upkeep
|turn|4
|
|t:|1644878532
|move|p1a: Espeon|Future Sight|p2a: Wishiwashi
|-start|p1a: Espeon|move: Future Sight
|move|p2a: Wishiwashi|U-turn|p1a: Espeon
|-supereffective|p1a: Espeon
|-damage|p1a: Espeon|78/100
|
|t:|1644878535
|switch|p2a: Morpeko|Morpeko, F|100/100|[from]move: U-turn
|
|-formechange|p2a: Morpeko|Morpeko-Hangry||[from] ability: Hunger Switch
|upkeep
|turn|5
|
|t:|1644878545
|switch|p1a: Gigalith|Gigalith, F|100/100
|-weather|Sandstorm|[from] ability: Sand Stream|[of] p1a: Gigalith
|move|p2a: Morpeko|Aura Wheel|p1a: Gigalith
|-damage|p1a: Gigalith|78/100
|-boost|p2a: Morpeko|spe|1
|-damage|p2a: Morpeko|91/100|[from] item: Life Orb
|
|-weather|Sandstorm|[upkeep]
|-damage|p2a: Morpeko|85/100|[from] Sandstorm
|-formechange|p2a: Morpeko|Morpeko||[from] ability: Hunger Switch
|upkeep
|turn|6
|
|t:|1644878589
|switch|p2a: Mawile|Mawile, F|100/100
|-ability|p2a: Mawile|Intimidate|boost
|-unboost|p1a: Gigalith|atk|1
|move|p1a: Gigalith|Stone Edge|p2a: Mawile
|-resisted|p2a: Mawile
|-damage|p2a: Mawile|88/100
|
|-weather|Sandstorm|[upkeep]
|-end|p2a: Mawile|move: Future Sight
|-resisted|p2a: Mawile
|-damage|p2a: Mawile|58/100
|-heal|p2a: Mawile|64/100|[from] item: Leftovers
|-sideend|p2: sassy ylay|Reflect
|upkeep
|turn|7
|
|t:|1644878603
|switch|p2a: Morpeko|Morpeko, F|85/100
|move|p1a: Gigalith|Earthquake|p2a: Morpeko
|-supereffective|p2a: Morpeko
|-damage|p2a: Morpeko|0 fnt
|faint|p2a: Morpeko
|
|-weather|Sandstorm|[upkeep]
|-sideend|p1: critmonger|Reflect
|upkeep
|
|t:|1644878609
|switch|p2a: Scyther|Scyther, F|88/100
|turn|8
|c|☆critmonger|Yo
|c|☆critmonger|That Espeon set is gas
|
|t:|1644878625
|move|p2a: Scyther|U-turn|p1a: Gigalith
|-damage|p1a: Gigalith|39/100
|
|t:|1644878628
|switch|p2a: Wishiwashi|Wishiwashi, F|100/100|[from]move: U-turn
|-formechange|p2a: Wishiwashi|Wishiwashi-School||[from] ability: Schooling
|move|p1a: Gigalith|Stone Edge|p2a: Wishiwashi|[miss]
|-miss|p1a: Gigalith|p2a: Wishiwashi
|
|-weather|Sandstorm|[upkeep]
|-damage|p2a: Wishiwashi|94/100|[from] Sandstorm
|-heal|p2a: Wishiwashi|100/100|[from] item: Leftovers
|upkeep
|turn|9
|
|t:|1644878633
|switch|p1a: Trevenant|Trevenant, F|100/100
|move|p2a: Wishiwashi|U-turn|p1a: Trevenant
|-crit|p1a: Trevenant
|-damage|p1a: Trevenant|54/100
|
|t:|1644878644
|switch|p2a: Scyther|Scyther, F|88/100|[from]move: U-turn
|
|-weather|Sandstorm|[upkeep]
|-damage|p2a: Scyther|82/100|[from] Sandstorm
|-damage|p1a: Trevenant|48/100|[from] Sandstorm
|upkeep
|turn|10
|
|t:|1644878654
|switch|p1a: Lycanroc|Lycanroc, M|100/100
|move|p2a: Scyther|U-turn|p1a: Lycanroc
|-damage|p1a: Lycanroc|22/100
|
|t:|1644878656
|switch|p2a: Mawile|Mawile, F|64/100|[from]move: U-turn
|-ability|p2a: Mawile|Intimidate|boost
|-unboost|p1a: Lycanroc|atk|1
|
|-weather|Sandstorm|[upkeep]
|-heal|p2a: Mawile|70/100|[from] item: Leftovers
|upkeep
|turn|11
|
|t:|1644878663
|switch|p1a: Sandaconda|Sandaconda, M|100/100
|move|p2a: Mawile|Knock Off|p1a: Sandaconda
|-damage|p1a: Sandaconda|86/100
|-enditem|p1a: Sandaconda|Leftovers|[from] move: Knock Off|[of] p2a: Mawile
|
|-weather|Sandstorm|[upkeep]
|-heal|p2a: Mawile|76/100|[from] item: Leftovers
|upkeep
|turn|12
|
|t:|1644878670
|switch|p2a: Wishiwashi|Wishiwashi, F|100/100
|-formechange|p2a: Wishiwashi|Wishiwashi-School||[from] ability: Schooling
|move|p1a: Sandaconda|Coil|p1a: Sandaconda
|-boost|p1a: Sandaconda|atk|1
|-boost|p1a: Sandaconda|def|1
|-boost|p1a: Sandaconda|accuracy|1
|
|-weather|none
|upkeep
|turn|13
|j| Pokrunk
|
|t:|1644878676
|switch|p1a: Ferroseed|Ferroseed, M|59/100
|move|p2a: Wishiwashi|Scald|p1a: Ferroseed
|-resisted|p1a: Ferroseed
|-damage|p1a: Ferroseed|47/100
|
|upkeep
|turn|14
|
|t:|1644878685
|switch|p2a: Espeon|Espeon, F|72/100
|move|p1a: Ferroseed|Knock Off|p2a: Espeon
|-supereffective|p2a: Espeon
|-damage|p2a: Espeon|56/100
|
|upkeep
|turn|15
|
|t:|1644878690
|switch|p1a: Espeon|Espeon, F|78/100
|move|p2a: Espeon|Reflect|p2a: Espeon
|-sidestart|p2: sassy ylay|Reflect
|
|upkeep
|turn|16
|
|t:|1644878695
|move|p1a: Espeon|Reflect|p1a: Espeon
|-sidestart|p1: critmonger|Reflect
|move|p2a: Espeon|Psychic|p1a: Espeon
|-resisted|p1a: Espeon
|-damage|p1a: Espeon|58/100
|
|upkeep
|turn|17
|
|t:|1644878700
|switch|p2a: Scyther|Scyther, F|82/100
|move|p1a: Espeon|Wish|p1a: Espeon
|
|upkeep
|turn|18
|
|t:|1644878710
|switch|p1a: Gigalith|Gigalith, F|39/100
|-weather|Sandstorm|[from] ability: Sand Stream|[of] p1a: Gigalith
|move|p2a: Scyther|Brick Break|p1a: Gigalith
|-sideend|p1: critmonger|Reflect
|-supereffective|p1a: Gigalith
|-damage|p1a: Gigalith|0 fnt
|faint|p1a: Gigalith
|
|-weather|Sandstorm|[upkeep]
|-damage|p2a: Scyther|76/100|[from] Sandstorm
|upkeep
|c|☆critmonger|Lol sure
|
|t:|1644878721
|switch|p1a: Trevenant|Trevenant, F|48/100
|turn|19
|
|t:|1644878728
|switch|p2a: Espeon|Espeon, F|56/100
|move|p1a: Trevenant|Trick|p2a: Espeon
|-activate|p1a: Trevenant|move: Trick|[of] p2a: Espeon
|-item|p2a: Espeon|Choice Band|[from] move: Trick
|-enditem|p1a: Trevenant|Choice Band|[silent]|[from] move: Trick
|
|-weather|Sandstorm|[upkeep]
|-damage|p2a: Espeon|50/100|[from] Sandstorm
|-damage|p1a: Trevenant|42/100|[from] Sandstorm
|-sideend|p2: sassy ylay|Reflect
|upkeep
|turn|20
|
|t:|1644878736
|switch|p1a: Espeon|Espeon, F|58/100
|move|p2a: Espeon|Psychic|p1a: Espeon
|-resisted|p1a: Espeon
|-damage|p1a: Espeon|36/100
|
|-weather|Sandstorm|[upkeep]
|-damage|p1a: Espeon|30/100|[from] Sandstorm
|-damage|p2a: Espeon|44/100|[from] Sandstorm
|upkeep
|turn|21
|
|t:|1644878743
|switch|p1a: Ferroseed|Ferroseed, M|47/100
|switch|p2a: Scyther|Scyther, F|76/100
|
|-weather|Sandstorm|[upkeep]
|-damage|p2a: Scyther|70/100|[from] Sandstorm
|upkeep
|turn|22
|
|t:|1644878750
|move|p2a: Scyther|Dual Wingbeat|p1a: Ferroseed
|-damage|p1a: Ferroseed|12/100
|-damage|p2a: Scyther|57/100|[from] ability: Iron Barbs|[of] p1a: Ferroseed
|-damage|p1a: Ferroseed|0 fnt
|-damage|p2a: Scyther|45/100|[from] ability: Iron Barbs|[of] p1a: Ferroseed
|faint|p1a: Ferroseed
|-hitcount|p1: Ferroseed|2
|
|-weather|Sandstorm|[upkeep]
|-damage|p2a: Scyther|39/100|[from] Sandstorm
|upkeep
|
|t:|1644878762
|switch|p1a: Trevenant|Trevenant, F|42/100
|turn|23
|
|t:|1644878765
|move|p1a: Trevenant|Sucker Punch|p2a: Scyther
|-damage|p2a: Scyther|6/100
|move|p2a: Scyther|Dual Wingbeat|p1a: Trevenant
|-supereffective|p1a: Trevenant
|-damage|p1a: Trevenant|0 fnt
|faint|p1a: Trevenant
|-hitcount|p1: Trevenant|1
|
|-weather|Sandstorm|[upkeep]
|-damage|p2a: Scyther|0 fnt|[from] Sandstorm
|faint|p2a: Scyther
|upkeep
|
|t:|1644878779
|switch|p2a: Wishiwashi|Wishiwashi, F|100/100
|switch|p1a: Espeon|Espeon, F|30/100
|-formechange|p2a: Wishiwashi|Wishiwashi-School||[from] ability: Schooling
|turn|24
|
|t:|1644878793
|move|p1a: Espeon|Future Sight|p2a: Wishiwashi
|-start|p1a: Espeon|move: Future Sight
|move|p2a: Wishiwashi|Scald|p1a: Espeon
|-damage|p1a: Espeon|0 fnt
|faint|p1a: Espeon
|
|-weather|Sandstorm|[upkeep]
|-damage|p2a: Wishiwashi|94/100|[from] Sandstorm
|-heal|p2a: Wishiwashi|100/100|[from] item: Leftovers
|upkeep
|
|t:|1644878796
|switch|p1a: Lycanroc|Lycanroc, M|22/100
|turn|25
|
|t:|1644878802
|switch|p2a: Mawile|Mawile, F|76/100
|-ability|p2a: Mawile|Intimidate|boost
|-unboost|p1a: Lycanroc|atk|1
|move|p1a: Lycanroc|Stone Edge|p2a: Mawile
|-resisted|p2a: Mawile
|-damage|p2a: Mawile|59/100
|
|-weather|none
|-heal|p2a: Mawile|65/100|[from] item: Leftovers
|upkeep
|turn|26
|
|t:|1644878808
|move|p1a: Lycanroc|Swords Dance|p1a: Lycanroc
|-boost|p1a: Lycanroc|atk|2
|move|p2a: Mawile|Knock Off|p1a: Lycanroc
|-damage|p1a: Lycanroc|0 fnt
|-enditem|p1a: Lycanroc|Heavy-Duty Boots|[from] move: Knock Off|[of] p2a: Mawile
|faint|p1a: Lycanroc
|
|-end|p2a: Mawile|move: Future Sight
|-resisted|p2a: Mawile
|-damage|p2a: Mawile|30/100
|-heal|p2a: Mawile|37/100|[from] item: Leftovers
|upkeep
|
|t:|1644878810
|switch|p1a: Sandaconda|Sandaconda, M|86/100
|turn|27
|
|t:|1644878814
|switch|p2a: Wishiwashi|Wishiwashi, F|100/100
|-formechange|p2a: Wishiwashi|Wishiwashi-School||[from] ability: Schooling
|move|p1a: Sandaconda|Coil|p1a: Sandaconda
|-boost|p1a: Sandaconda|atk|1
|-boost|p1a: Sandaconda|def|1
|-boost|p1a: Sandaconda|accuracy|1
|
|upkeep
|turn|28
|
|t:|1644878817
|move|p1a: Sandaconda|Earthquake|p2a: Wishiwashi
|-damage|p2a: Wishiwashi|51/100
|move|p2a: Wishiwashi|Scald|p1a: Sandaconda
|-supereffective|p1a: Sandaconda
|-damage|p1a: Sandaconda|1/100
|
|-heal|p2a: Wishiwashi|57/100|[from] item: Leftovers
|upkeep
|turn|29
|
|t:|1644878821
|move|p1a: Sandaconda|Rest|p1a: Sandaconda
|-status|p1a: Sandaconda|slp|[from] move: Rest
|-heal|p1a: Sandaconda|100/100 slp|[silent]
|move|p2a: Wishiwashi|Scald|p1a: Sandaconda
|-supereffective|p1a: Sandaconda
|-damage|p1a: Sandaconda|24/100 slp
|
|-heal|p2a: Wishiwashi|63/100|[from] item: Leftovers
|upkeep
|turn|30
|
|t:|1644878823
|cant|p1a: Sandaconda|slp
|move|p2a: Wishiwashi|Scald|p1a: Sandaconda
|-supereffective|p1a: Sandaconda
|-damage|p1a: Sandaconda|0 fnt
|faint|p1a: Sandaconda
|
|win|sassy ylay
|raw|critmonger's rating: 1412 &rarr; <strong>1397</strong><br />(-15 for losing)
|raw|sassy ylay's rating: 1507 &rarr; <strong>1522</strong><br />(+15 for winning)
|c|☆sassy ylay|gg
|c|☆critmonger|Gg
|l|☆critmonger
