|j|☆salmontest3
|j|☆MJ2020
|player|p1|salmontest3|1|1575
|player|p2|MJ2020|parasollady|1320
|teamsize|p1|6
|teamsize|p2|6
|gametype|singles
|gen|8
|tier|[Gen 8] PU
|rated|
|clearpoke
|poke|p1|Carkol, M|
|poke|p1|Seaking, F|
|poke|p1|Throh, M|
|poke|p1|Shiinotic, F|
|poke|p1|Silvally-*|
|poke|p1|Gothitelle, M|
|poke|p2|Basculin, M|
|poke|p2|Silvally-*|
|poke|p2|Manectric, M|
|poke|p2|Throh, M|
|poke|p2|Bellossom, F|
|poke|p2|Carkol, F|
|rule|Sleep Clause Mod: Limit one foe put to sleep
|rule|Species Clause: Limit one of each Pokémon
|rule|OHKO Clause: OHKO moves are banned
|rule|Evasion Moves Clause: Evasion moves are banned
|rule|Endless Battle Clause: Forcing endless battles is banned
|rule|HP Percentage Mod: HP is shown in percentages
|rule|Dynamax Clause: You cannot dynamax
|teampreview
|
|start
|switch|p1a: Gothitelle|Gothitelle, M|100/100
|switch|p2a: Silvally|Silvally-Poison|100/100
|turn|1
|
|move|p1a: Gothitelle|Psychic|p2a: Silvally
|-supereffective|p2a: Silvally
|-damage|p2a: Silvally|10/100
|move|p2a: Silvally|U-turn|p1a: Gothitelle
|-supereffective|p1a: Gothitelle
|-damage|p1a: Gothitelle|54/100
|
|switch|p2a: Manectric|Manectric, M|100/100|[from]move: U-turn
|
|upkeep
|turn|2
|
|switch|p1a: Seaking|Seaking, F|100/100
|move|p2a: Manectric|Volt Switch|p1a: Seaking
|-ability|p1a: Seaking|Lightning Rod|boost
|-boost|p1a: Seaking|spa|1
|
|upkeep
|turn|3
|
|switch|p2a: Bellossom|Bellossom, F|100/100
|move|p1a: Seaking|Knock Off|p2a: Bellossom
|-damage|p2a: Bellossom|65/100
|-enditem|p2a: Bellossom|Leftovers|[from] move: Knock Off|[of] p1a: Seaking
|
|upkeep
|turn|4
|
|switch|p1a: Shiinotic|Shiinotic, F|100/100
|move|p2a: Bellossom|Giga Drain|p1a: Shiinotic
|-resisted|p1a: Shiinotic
|-damage|p1a: Shiinotic|89/100
|-heal|p2a: Bellossom|70/100|[from] drain|[of] p1a: Shiinotic
|
|-heal|p1a: Shiinotic|95/100|[from] item: Leftovers
|upkeep
|turn|5
|
|switch|p2a: Carkol|Carkol, F|100/100
|move|p1a: Shiinotic|Thunder Wave|p2a: Carkol
|-status|p2a: Carkol|par
|
|-heal|p1a: Shiinotic|100/100|[from] item: Leftovers
|upkeep
|turn|6
|
|switch|p1a: Carkol|Carkol, M|100/100
|move|p2a: Carkol|Fire Spin|p1a: Carkol
|-resisted|p1a: Carkol
|-damage|p1a: Carkol|99/100
|-activate|p1a: Carkol|move: Fire Spin|[of] p2a: Carkol
|
|-damage|p1a: Carkol|87/100|[from] move: Fire Spin|[partiallytrapped]
|upkeep
|turn|7
|
|move|p1a: Carkol|Stealth Rock|p2a: Carkol
|-sidestart|p2: MJ2020|move: Stealth Rock
|move|p2a: Carkol|Rapid Spin|p1a: Carkol
|-resisted|p1a: Carkol
|-damage|p1a: Carkol|85/100
|-boost|p2a: Carkol|spe|1
|-sideend|p2: MJ2020|Stealth Rock|[from] move: Rapid Spin|[of] p2a: Carkol
|
|-damage|p1a: Carkol|73/100|[from] move: Fire Spin|[partiallytrapped]
|upkeep
|turn|8
|
|move|p1a: Carkol|Body Press|p2a: Carkol
|-supereffective|p2a: Carkol
|-damage|p2a: Carkol|84/100 par
|move|p2a: Carkol|Stealth Rock|p1a: Carkol
|-sidestart|p1: salmontest3|move: Stealth Rock
|
|-damage|p1a: Carkol|60/100|[from] move: Fire Spin|[partiallytrapped]
|upkeep
|turn|9
|
|move|p1a: Carkol|Rapid Spin|p2a: Carkol
|-resisted|p2a: Carkol
|-damage|p2a: Carkol|82/100 par
|-boost|p1a: Carkol|spe|1
|-sideend|p1: salmontest3|Stealth Rock|[from] move: Rapid Spin|[of] p1a: Carkol
|-end|p1a: Carkol|Fire Spin|[partiallytrapped]
|move|p2a: Carkol|Rapid Spin|p1a: Carkol
|-resisted|p1a: Carkol
|-damage|p1a: Carkol|59/100
|-boost|p2a: Carkol|spe|1
|
|upkeep
|turn|10
|
|move|p1a: Carkol|Rock Tomb|p2a: Carkol
|-supereffective|p2a: Carkol
|-damage|p2a: Carkol|67/100 par
|-unboost|p2a: Carkol|spe|1
|cant|p2a: Carkol|par
|
|upkeep
|turn|11
|
|move|p1a: Carkol|Rock Tomb|p2a: Carkol
|-supereffective|p2a: Carkol
|-damage|p2a: Carkol|54/100 par
|-unboost|p2a: Carkol|spe|1
|move|p2a: Carkol|Fire Spin|p1a: Carkol
|-resisted|p1a: Carkol
|-damage|p1a: Carkol|58/100
|-activate|p1a: Carkol|move: Fire Spin|[of] p2a: Carkol
|
|-damage|p1a: Carkol|45/100|[from] move: Fire Spin|[partiallytrapped]
|upkeep
|turn|12
|
|move|p1a: Carkol|Rock Tomb|p2a: Carkol
|-supereffective|p2a: Carkol
|-damage|p2a: Carkol|41/100 par
|-unboost|p2a: Carkol|spe|1
|move|p2a: Carkol|Stealth Rock|p1a: Carkol
|-sidestart|p1: salmontest3|move: Stealth Rock
|
|-damage|p1a: Carkol|33/100|[from] move: Fire Spin|[partiallytrapped]
|upkeep
|turn|13
|
|move|p1a: Carkol|Rock Tomb|p2a: Carkol
|-supereffective|p2a: Carkol
|-crit|p2a: Carkol
|-damage|p2a: Carkol|19/100 par
|-unboost|p2a: Carkol|spe|1
|move|p2a: Carkol|Stealth Rock||[still]
|-fail|p2a: Carkol
|
|-damage|p1a: Carkol|21/100|[from] move: Fire Spin|[partiallytrapped]
|upkeep
|turn|14
|
|move|p1a: Carkol|Rapid Spin|p2a: Carkol
|-resisted|p2a: Carkol
|-damage|p2a: Carkol|17/100 par
|-boost|p1a: Carkol|spe|1
|-sideend|p1: salmontest3|Stealth Rock|[from] move: Rapid Spin|[of] p1a: Carkol
|-end|p1a: Carkol|Fire Spin|[partiallytrapped]
|move|p2a: Carkol|Spikes|p1a: Carkol
|-sidestart|p1: salmontest3|Spikes
|
|upkeep
|turn|15
|
|move|p1a: Carkol|Rapid Spin|p2a: Carkol
|-resisted|p2a: Carkol
|-damage|p2a: Carkol|16/100 par
|-boost|p1a: Carkol|spe|1
|-sideend|p1: salmontest3|Spikes|[from] move: Rapid Spin|[of] p1a: Carkol
|move|p2a: Carkol|Stealth Rock|p1a: Carkol
|-sidestart|p1: salmontest3|move: Stealth Rock
|
|upkeep
|turn|16
|j| PUnyTest
|
|move|p1a: Carkol|Rapid Spin|p2a: Carkol
|-resisted|p2a: Carkol
|-damage|p2a: Carkol|13/100 par
|-boost|p1a: Carkol|spe|1
|-sideend|p1: salmontest3|Stealth Rock|[from] move: Rapid Spin|[of] p1a: Carkol
|move|p2a: Carkol|Fire Spin|p1a: Carkol
|-resisted|p1a: Carkol
|-damage|p1a: Carkol|19/100
|-activate|p1a: Carkol|move: Fire Spin|[of] p2a: Carkol
|
|-damage|p1a: Carkol|7/100|[from] move: Fire Spin|[partiallytrapped]
|upkeep
|turn|17
|
|move|p1a: Carkol|Body Press|p2a: Carkol
|-supereffective|p2a: Carkol
|-damage|p2a: Carkol|0 fnt
|faint|p2a: Carkol
|
|-end|p1a: Carkol|Fire Spin|[partiallytrapped]|[silent]
|upkeep
|
|switch|p2a: Manectric|Manectric, M|100/100
|turn|18
|
|move|p2a: Manectric|Switcheroo|p1a: Carkol
|-activate|p2a: Manectric|move: Trick|[of] p1a: Carkol
|-item|p1a: Carkol|Choice Scarf|[from] move: Switcheroo
|-item|p2a: Manectric|Eviolite|[from] move: Switcheroo
|move|p1a: Carkol|Stealth Rock|p2a: Manectric
|-sidestart|p2: MJ2020|move: Stealth Rock
|
|upkeep
|turn|19
|
|switch|p1a: Seaking|Seaking, F|100/100
|switch|p2a: Throh|Throh, M|100/100
|-damage|p2a: Throh|94/100|[from] Stealth Rock
|-ability|p2a: Throh|Mold Breaker
|
|-heal|p2a: Throh|100/100|[from] item: Leftovers
|upkeep
|turn|20
|
|switch|p1a: Shiinotic|Shiinotic, F|100/100
|move|p2a: Throh|Circle Throw|p1a: Shiinotic|[miss]
|-miss|p2a: Throh|p1a: Shiinotic
|
|upkeep
|turn|21
|
|move|p2a: Throh|Substitute|p2a: Throh
|-start|p2a: Throh|Substitute
|-damage|p2a: Throh|76/100
|move|p1a: Shiinotic|Moonblast|p2a: Throh
|-supereffective|p2a: Throh
|-end|p2a: Throh|Substitute
|
|-heal|p2a: Throh|82/100|[from] item: Leftovers
|upkeep
|turn|22
|
|switch|p2a: Manectric|Manectric, M|100/100
|-damage|p2a: Manectric|88/100|[from] Stealth Rock
|move|p1a: Shiinotic|Moonblast|p2a: Manectric
|-crit|p2a: Manectric
|-damage|p2a: Manectric|6/100
|
|upkeep
|turn|23
|
|switch|p1a: Seaking|Seaking, F|100/100
|move|p2a: Manectric|Overheat|p1a: Seaking
|-resisted|p1a: Seaking
|-damage|p1a: Seaking|75/100
|-unboost|p2a: Manectric|spa|2
|
|upkeep
|turn|24
|-message|MJ2020 forfeited.
|
|win|salmontest3
|l|☆MJ2020
