|j|☆JoJo Reference #11
|j|☆moeginha
|t:|1666763307
|gametype|singles
|player|p1|JoJo Reference #11|266|1245
|player|p2|moeginha|hilda|1254
|teamsize|p1|6
|teamsize|p2|6
|gen|8
|tier|[Gen 8] PU
|rated|
|rule|Sleep Clause Mod: Limit one foe put to sleep
|rule|Species Clause: Limit one of each Pokémon
|rule|OHKO Clause: OHKO moves are banned
|rule|Evasion Items Clause: Evasion items are banned
|rule|Evasion Moves Clause: Evasion moves are banned
|rule|Endless Battle Clause: Forcing endless battles is banned
|rule|HP Percentage Mod: HP is shown in percentages
|rule|Dynamax Clause: You cannot dynamax
|clearpoke
|poke|p1|Absol, F|
|poke|p1|Aggron, M|
|poke|p1|Centiskorch, F|
|poke|p1|Accelgor, F|
|poke|p1|Archeops, F|
|poke|p1|Malamar, F|
|poke|p2|Ribombee, F|
|poke|p2|Cofagrigus, F|
|poke|p2|Ferroseed, F|
|poke|p2|Quagsire, F|
|poke|p2|Charizard, M|
|poke|p2|Archeops, F|
|teampreview
|inactive|Battle timer is ON: inactive players will automatically lose when time's up. (requested by JoJo Reference #11)
|
|t:|1666763340
|start
|switch|p1a: Accelgor|Accelgor, F|100/100
|switch|p2a: Cofagrigus|Cofagrigus, F|100/100
|turn|1
|
|t:|1666763349
|move|p1a: Accelgor|U-turn|p2a: Cofagrigus
|-resisted|p2a: Cofagrigus
|-damage|p2a: Cofagrigus|95/100
|-activate|p2a: Cofagrigus|ability: Mummy|Hydration|[of] p1a: Accelgor
|
|t:|1666763350
|switch|p1a: Archeops|Archeops, F|100/100|[from]move: U-turn
|move|p2a: Cofagrigus|Iron Defense|p2a: Cofagrigus
|-boost|p2a: Cofagrigus|def|2
|
|upkeep
|turn|2
|
|t:|1666763361
|move|p1a: Archeops|Taunt|p2a: Cofagrigus
|-start|p2a: Cofagrigus|move: Taunt
|move|p2a: Cofagrigus|Body Press|p1a: Archeops
|-damage|p1a: Archeops|3/100
|
|upkeep
|turn|3
|
|t:|1666763372
|move|p1a: Archeops|Stealth Rock|p2a: Cofagrigus
|-sidestart|p2: moeginha|move: Stealth Rock
|move|p2a: Cofagrigus|Body Press|p1a: Archeops
|-damage|p1a: Archeops|0 fnt
|faint|p1a: Archeops
|
|upkeep
|
|t:|1666763377
|switch|p1a: Centiskorch|Centiskorch, F|100/100
|turn|4
|
|t:|1666763394
|switch|p2a: Charizard|Charizard, M|100/100
|move|p1a: Centiskorch|Coil|p1a: Centiskorch
|-boost|p1a: Centiskorch|atk|1
|-boost|p1a: Centiskorch|def|1
|-boost|p1a: Centiskorch|accuracy|1
|
|upkeep
|turn|5
|
|t:|1666763403
|switch|p1a: Accelgor|Accelgor, F|100/100
|move|p2a: Charizard|Toxic|p1a: Accelgor
|-status|p1a: Accelgor|tox
|
|-damage|p1a: Accelgor|94/100 tox|[from] psn
|upkeep
|turn|6
|
|t:|1666763409
|move|p1a: Accelgor|Final Gambit|p2a: Charizard
|-damage|p2a: Charizard|0 fnt
|faint|p1a: Accelgor
|faint|p2a: Charizard
|
|upkeep
|
|t:|1666763418
|switch|p1a: Malamar|Malamar, F|100/100
|switch|p2a: Ribombee|Ribombee, F|100/100
|turn|7
|
|t:|1666763429
|switch|p1a: Centiskorch|Centiskorch, F|100/100
|move|p2a: Ribombee|Quiver Dance|p2a: Ribombee
|-boost|p2a: Ribombee|spa|1
|-boost|p2a: Ribombee|spd|1
|-boost|p2a: Ribombee|spe|1
|
|upkeep
|turn|8
|
|t:|1666763443
|switch|p2a: Archeops|Archeops, F|100/100
|move|p1a: Centiskorch|Fire Lash|p2a: Archeops
|-resisted|p2a: Archeops
|-damage|p2a: Archeops|77/100
|-unboost|p2a: Archeops|def|1
|
|upkeep
|turn|9
|
|t:|1666763456
|switch|p1a: Malamar|Malamar, F|100/100
|move|p2a: Archeops|Dual Wingbeat|p1a: Malamar
|-damage|p1a: Malamar|77/100
|-damage|p1a: Malamar|53/100
|-hitcount|p1a: Malamar|2
|
|-heal|p1a: Malamar|59/100|[from] item: Leftovers
|upkeep
|turn|10
|
|t:|1666763468
|switch|p2a: Ferroseed|Ferroseed, F|100/100
|-damage|p2a: Ferroseed|94/100|[from] Stealth Rock
|move|p1a: Malamar|Knock Off|p2a: Ferroseed
|-damage|p2a: Ferroseed|68/100
|-damage|p1a: Malamar|47/100|[from] ability: Iron Barbs|[of] p2a: Ferroseed
|-enditem|p2a: Ferroseed|Eviolite|[from] move: Knock Off|[of] p1a: Malamar
|
|-heal|p1a: Malamar|53/100|[from] item: Leftovers
|upkeep
|turn|11
|
|t:|1666763480
|move|p1a: Malamar|Substitute|p1a: Malamar
|-start|p1a: Malamar|Substitute
|-damage|p1a: Malamar|28/100
|move|p2a: Ferroseed|Spikes|p1a: Malamar
|-sidestart|p1: JoJo Reference #11|Spikes
|
|-heal|p1a: Malamar|34/100|[from] item: Leftovers
|upkeep
|turn|12
|
|t:|1666763488
|move|p1a: Malamar|Superpower|p2a: Ferroseed
|-supereffective|p2a: Ferroseed
|-damage|p2a: Ferroseed|0 fnt
|-boost|p1a: Malamar|atk|1
|-boost|p1a: Malamar|def|1
|-damage|p1a: Malamar|22/100|[from] ability: Iron Barbs|[of] p2a: Ferroseed
|faint|p2a: Ferroseed
|
|-heal|p1a: Malamar|28/100|[from] item: Leftovers
|upkeep
|
|t:|1666763500
|switch|p2a: Ribombee|Ribombee, F|100/100
|turn|13
|
|t:|1666763503
|move|p2a: Ribombee|Moonblast|p1a: Malamar
|-supereffective|p1a: Malamar
|-end|p1a: Malamar|Substitute
|move|p1a: Malamar|Hypnosis|p2a: Ribombee
|-status|p2a: Ribombee|slp|[from] move: Hypnosis
|
|-heal|p1a: Malamar|34/100|[from] item: Leftovers
|upkeep
|turn|14
|
|t:|1666763511
|switch|p2a: Cofagrigus|Cofagrigus, F|95/100
|-damage|p2a: Cofagrigus|83/100|[from] Stealth Rock
|move|p1a: Malamar|Superpower|p2a: Cofagrigus
|-immune|p2a: Cofagrigus
|
|-heal|p1a: Malamar|40/100|[from] item: Leftovers
|upkeep
|turn|15
|
|t:|1666763522
|move|p1a: Malamar|Knock Off|p2a: Cofagrigus
|-supereffective|p2a: Cofagrigus
|-damage|p2a: Cofagrigus|16/100
|-activate|p2a: Cofagrigus|ability: Mummy|Contrary|[of] p1a: Malamar
|-enditem|p2a: Cofagrigus|Chesto Berry|[from] move: Knock Off|[of] p1a: Malamar
|move|p2a: Cofagrigus|Body Press|p1a: Malamar
|-damage|p1a: Malamar|15/100
|
|-heal|p1a: Malamar|22/100|[from] item: Leftovers
|upkeep
|turn|16
|
|t:|1666763536
|move|p1a: Malamar|Knock Off|p2a: Cofagrigus
|-supereffective|p2a: Cofagrigus
|-damage|p2a: Cofagrigus|0 fnt
|faint|p2a: Cofagrigus
|
|-heal|p1a: Malamar|28/100|[from] item: Leftovers
|upkeep
|
|t:|1666763541
|switch|p2a: Ribombee|Ribombee, F|100/100 slp
|turn|17
|-message|moeginha forfeited.
|
|win|JoJo Reference #11
|raw|JoJo Reference #11's rating: 1245 &rarr; <strong>1271</strong><br />(+26 for winning)
|raw|moeginha's rating: 1254 &rarr; <strong>1228</strong><br />(-26 for losing)
|l|☆moeginha
