|html|<div class="broadcast-blue"><strong>[Gen 8] PU is currently suspecting Vanilluxe! For information on how to participate check out the <a href="https://www.smogon.com/forums/threads/np-ss-pu-stage-10-ice-cream-vanilluxe-suspect-test.3705646/">suspect thread</a>.</strong></div>
|j|☆kingqueso141
|j|☆EssenceAroma
|t:|1659373240
|gametype|singles
|player|p1|kingqueso141|rosa|1339
|player|p2|EssenceAroma|worker|1560
|teamsize|p1|6
|teamsize|p2|6
|gen|8
|tier|[Gen 8] PU
|rated|
|rule|Sleep Clause Mod: Limit one foe put to sleep
|rule|Species Clause: Limit one of each Pokémon
|rule|OHKO Clause: OHKO moves are banned
|rule|Evasion Moves Clause: Evasion moves are banned
|rule|Endless Battle Clause: Forcing endless battles is banned
|rule|HP Percentage Mod: HP is shown in percentages
|rule|Dynamax Clause: You cannot dynamax
|clearpoke
|poke|p1|Gigalith, F|
|poke|p1|Sandslash, M|
|poke|p1|Tangela, M|
|poke|p1|Cryogonal|
|poke|p1|Charizard, F|
|poke|p1|Poliwrath, M|
|poke|p2|Lycanroc, F|
|poke|p2|Dugtrio-Alola, M|
|poke|p2|Comfey, M|
|poke|p2|Gallade, M|
|poke|p2|Skuntank, M|
|poke|p2|Trevenant, M|
|teampreview
|inactive|Battle timer is ON: inactive players will automatically lose when time's up. (requested by EssenceAroma)
|
|t:|1659373259
|start
|switch|p1a: Tangela|Tangela, M|100/100
|switch|p2a: Lycanroc|Lycanroc, F|100/100
|turn|1
|
|t:|1659373264
|move|p2a: Lycanroc|Stealth Rock|p1a: Tangela
|-sidestart|p1: kingqueso141|move: Stealth Rock
|move|p1a: Tangela|Knock Off|p2a: Lycanroc
|-damage|p2a: Lycanroc|80/100
|-enditem|p2a: Lycanroc|Focus Sash|[from] move: Knock Off|[of] p1a: Tangela
|
|upkeep
|turn|2
|
|t:|1659373271
|move|p2a: Lycanroc|Taunt|p1a: Tangela
|-start|p1a: Tangela|move: Taunt
|cant|p1a: Tangela|move: Taunt|Toxic
|
|upkeep
|turn|3
|
|t:|1659373282
|move|p2a: Lycanroc|Accelerock|p1a: Tangela
|-crit|p1a: Tangela
|-damage|p1a: Tangela|87/100
|move|p1a: Tangela|Giga Drain|p2a: Lycanroc
|-supereffective|p2a: Lycanroc
|-damage|p2a: Lycanroc|0 fnt
|-heal|p1a: Tangela|100/100|[from] drain|[of] p2a: Lycanroc
|faint|p2a: Lycanroc
|
|upkeep
|
|t:|1659373291
|switch|p2a: Skuntank|Skuntank, M|100/100
|turn|4
|
|t:|1659373298
|switch|p1a: Gigalith|Gigalith, F|100/100
|-damage|p1a: Gigalith|88/100|[from] Stealth Rock
|-weather|Sandstorm|[from] ability: Sand Stream|[of] p1a: Gigalith
|move|p2a: Skuntank|Toxic|p1a: Gigalith
|-status|p1a: Gigalith|tox
|
|-weather|Sandstorm|[upkeep]
|-damage|p2a: Skuntank|94/100|[from] Sandstorm
|-heal|p1a: Gigalith|94/100 tox|[from] item: Leftovers
|-damage|p1a: Gigalith|88/100 tox|[from] psn
|upkeep
|turn|5
|
|t:|1659373308
|move|p2a: Skuntank|Taunt|p1a: Gigalith
|-start|p1a: Gigalith|move: Taunt
|cant|p1a: Gigalith|move: Taunt|Stealth Rock
|
|-weather|Sandstorm|[upkeep]
|-damage|p2a: Skuntank|88/100|[from] Sandstorm
|-heal|p1a: Gigalith|94/100 tox|[from] item: Leftovers
|-damage|p1a: Gigalith|82/100 tox|[from] psn
|upkeep
|turn|6
|
|t:|1659373320
|switch|p2a: Trevenant|Trevenant, M|100/100
|switch|p1a: Charizard|Charizard, F|100/100
|
|-weather|Sandstorm|[upkeep]
|-damage|p1a: Charizard|94/100|[from] Sandstorm
|-damage|p2a: Trevenant|94/100|[from] Sandstorm
|upkeep
|turn|7
|
|t:|1659373327
|move|p1a: Charizard|Fire Blast|p2a: Trevenant
|-supereffective|p2a: Trevenant
|-damage|p2a: Trevenant|31/100
|move|p2a: Trevenant|Rock Slide|p1a: Charizard
|-supereffective|p1a: Charizard
|-damage|p1a: Charizard|0 fnt
|faint|p1a: Charizard
|
|-weather|Sandstorm|[upkeep]
|-damage|p2a: Trevenant|25/100|[from] Sandstorm
|upkeep
|
|t:|1659373346
|switch|p1a: Cryogonal|Cryogonal|100/100
|turn|8
|
|t:|1659373368
|move|p1a: Cryogonal|Freeze-Dry|p2a: Trevenant
|-supereffective|p2a: Trevenant
|-damage|p2a: Trevenant|0 fnt
|faint|p2a: Trevenant
|
|-weather|none
|upkeep
|
|t:|1659373376
|switch|p2a: Gallade|Gallade, M|100/100
|turn|9
|
|t:|1659373385
|switch|p1a: Tangela|Tangela, M|100/100
|-damage|p1a: Tangela|88/100|[from] Stealth Rock
|move|p2a: Gallade|Substitute|p2a: Gallade
|-start|p2a: Gallade|Substitute
|-damage|p2a: Gallade|76/100
|
|-heal|p2a: Gallade|82/100|[from] item: Leftovers
|upkeep
|turn|10
|
|t:|1659373393
|move|p2a: Gallade|Bulk Up|p2a: Gallade
|-boost|p2a: Gallade|atk|1
|-boost|p2a: Gallade|def|1
|move|p1a: Tangela|Giga Drain|p2a: Gallade
|-activate|p2a: Gallade|move: Substitute|[damage]
|-heal|p1a: Tangela|97/100|[from] drain|[of] p2a: Gallade
|
|-heal|p2a: Gallade|88/100|[from] item: Leftovers
|upkeep
|turn|11
|
|t:|1659373423
|move|p2a: Gallade|Bulk Up|p2a: Gallade
|-boost|p2a: Gallade|atk|1
|-boost|p2a: Gallade|def|1
|move|p1a: Tangela|Giga Drain|p2a: Gallade
|-end|p2a: Gallade|Substitute
|-heal|p1a: Tangela|100/100|[from] drain|[of] p2a: Gallade
|
|-heal|p2a: Gallade|94/100|[from] item: Leftovers
|upkeep
|turn|12
|
|t:|1659373442
|switch|p1a: Poliwrath|Poliwrath, M|100/100
|-damage|p1a: Poliwrath|94/100|[from] Stealth Rock
|move|p2a: Gallade|Substitute|p2a: Gallade
|-start|p2a: Gallade|Substitute
|-damage|p2a: Gallade|70/100
|
|-heal|p2a: Gallade|76/100|[from] item: Leftovers
|upkeep
|turn|13
|
|t:|1659373458
|move|p1a: Poliwrath|Liquidation|p2a: Gallade
|-crit|p2a: Gallade
|-end|p2a: Gallade|Substitute
|move|p2a: Gallade|Drain Punch|p1a: Poliwrath
|-damage|p1a: Poliwrath|20/100
|-heal|p2a: Gallade|100/100|[from] drain|[of] p1a: Poliwrath
|
|upkeep
|turn|14
|
|t:|1659373472
|move|p2a: Gallade|Shadow Sneak|p1a: Poliwrath
|-damage|p1a: Poliwrath|0 fnt
|faint|p1a: Poliwrath
|
|upkeep
|
|t:|1659373480
|switch|p1a: Cryogonal|Cryogonal|100/100
|turn|15
|
|t:|1659373486
|move|p1a: Cryogonal|Toxic|p2a: Gallade
|-status|p2a: Gallade|tox
|move|p2a: Gallade|Drain Punch|p1a: Cryogonal
|-supereffective|p1a: Cryogonal
|-damage|p1a: Cryogonal|0 fnt
|faint|p1a: Cryogonal
|
|-damage|p2a: Gallade|94/100 tox|[from] psn
|upkeep
|
|t:|1659373488
|switch|p1a: Gigalith|Gigalith, F|82/100 tox
|-damage|p1a: Gigalith|70/100 tox|[from] Stealth Rock
|-weather|Sandstorm|[from] ability: Sand Stream|[of] p1a: Gigalith
|turn|16
|
|t:|1659373498
|move|p1a: Gigalith|Protect|p1a: Gigalith
|-singleturn|p1a: Gigalith|Protect
|move|p2a: Gallade|Drain Punch|p1a: Gigalith
|-activate|p1a: Gigalith|move: Protect
|
|-weather|Sandstorm|[upkeep]
|-damage|p2a: Gallade|88/100 tox|[from] Sandstorm
|-heal|p2a: Gallade|94/100 tox|[from] item: Leftovers
|-heal|p1a: Gigalith|76/100 tox|[from] item: Leftovers
|-damage|p2a: Gallade|82/100 tox|[from] psn
|-damage|p1a: Gigalith|70/100 tox|[from] psn
|upkeep
|turn|17
|
|t:|1659373509
|switch|p1a: Tangela|Tangela, M|100/100
|-damage|p1a: Tangela|88/100|[from] Stealth Rock
|move|p2a: Gallade|Drain Punch|p1a: Tangela
|-damage|p1a: Tangela|63/100
|-heal|p2a: Gallade|95/100 tox|[from] drain|[of] p1a: Tangela
|
|-weather|Sandstorm|[upkeep]
|-damage|p2a: Gallade|89/100 tox|[from] Sandstorm
|-damage|p1a: Tangela|57/100|[from] Sandstorm
|-heal|p2a: Gallade|95/100 tox|[from] item: Leftovers
|-damage|p2a: Gallade|77/100 tox|[from] psn
|upkeep
|turn|18
|
|t:|1659373520
|switch|p2a: Skuntank|Skuntank, M|88/100
|move|p1a: Tangela|Giga Drain|p2a: Skuntank
|-resisted|p2a: Skuntank
|-damage|p2a: Skuntank|72/100
|-heal|p1a: Tangela|67/100|[from] drain|[of] p2a: Skuntank
|
|-weather|Sandstorm|[upkeep]
|-damage|p2a: Skuntank|66/100|[from] Sandstorm
|-damage|p1a: Tangela|61/100|[from] Sandstorm
|upkeep
|turn|19
|
|t:|1659373535
|switch|p1a: Sandslash|Sandslash, M|100/100
|-damage|p1a: Sandslash|94/100|[from] Stealth Rock
|move|p2a: Skuntank|Flamethrower|p1a: Sandslash
|-damage|p1a: Sandslash|65/100
|
|-weather|Sandstorm|[upkeep]
|-damage|p2a: Skuntank|60/100|[from] Sandstorm
|upkeep
|turn|20
|
|t:|1659373548
|move|p1a: Sandslash|Earthquake|p2a: Skuntank
|-supereffective|p2a: Skuntank
|-crit|p2a: Skuntank
|-damage|p2a: Skuntank|0 fnt
|faint|p2a: Skuntank
|-damage|p1a: Sandslash|55/100|[from] item: Life Orb
|
|-weather|none
|upkeep
|
|t:|1659373561
|switch|p2a: Comfey|Comfey, M|100/100
|turn|21
|
|t:|1659373574
|switch|p1a: Gigalith|Gigalith, F|70/100 tox
|-damage|p1a: Gigalith|57/100 tox|[from] Stealth Rock
|-weather|Sandstorm|[from] ability: Sand Stream|[of] p1a: Gigalith
|move|p2a: Comfey|Giga Drain|p1a: Gigalith
|-supereffective|p1a: Gigalith
|-damage|p1a: Gigalith|30/100 tox
|-damage|p2a: Comfey|91/100|[from] item: Life Orb
|
|-weather|Sandstorm|[upkeep]
|-damage|p2a: Comfey|84/100|[from] Sandstorm
|-heal|p1a: Gigalith|36/100 tox|[from] item: Leftovers
|-damage|p1a: Gigalith|30/100 tox|[from] psn
|upkeep
|turn|22
|
|t:|1659373588
|switch|p2a: Dugtrio|Dugtrio-Alola, M|100/100
|switch|p1a: Tangela|Tangela, M|94/100
|-damage|p1a: Tangela|82/100|[from] Stealth Rock
|
|-weather|Sandstorm|[upkeep]
|-damage|p1a: Tangela|76/100|[from] Sandstorm
|upkeep
|turn|23
|
|t:|1659373598
|move|p2a: Dugtrio|Iron Head|p1a: Tangela
|-damage|p1a: Tangela|50/100
|-damage|p2a: Dugtrio|91/100|[from] item: Life Orb
|move|p1a: Tangela|Giga Drain|p2a: Dugtrio
|-damage|p2a: Dugtrio|32/100
|-heal|p1a: Tangela|69/100|[from] drain|[of] p2a: Dugtrio
|
|-weather|Sandstorm|[upkeep]
|-damage|p1a: Tangela|63/100|[from] Sandstorm
|upkeep
|turn|24
|
|t:|1659373607
|move|p2a: Dugtrio|Iron Head|p1a: Tangela
|-damage|p1a: Tangela|36/100
|-damage|p2a: Dugtrio|22/100|[from] item: Life Orb
|move|p1a: Tangela|Giga Drain|p2a: Dugtrio
|-damage|p2a: Dugtrio|0 fnt
|-heal|p1a: Tangela|43/100|[from] drain|[of] p2a: Dugtrio
|faint|p2a: Dugtrio
|
|-weather|Sandstorm|[upkeep]
|-damage|p1a: Tangela|37/100|[from] Sandstorm
|upkeep
|
|t:|1659373617
|switch|p2a: Comfey|Comfey, M|84/100
|turn|25
|
|t:|1659373619
|move|p2a: Comfey|Calm Mind|p2a: Comfey
|-boost|p2a: Comfey|spa|1
|-boost|p2a: Comfey|spd|1
|move|p1a: Tangela|Sludge Bomb|p2a: Comfey
|-supereffective|p2a: Comfey
|-damage|p2a: Comfey|51/100
|
|-weather|none
|upkeep
|turn|26
|
|t:|1659373627
|move|p2a: Comfey|Draining Kiss|p1a: Tangela
|-damage|p1a: Tangela|0 fnt
|-heal|p2a: Comfey|85/100|[from] drain|[of] p1a: Tangela
|faint|p1a: Tangela
|-damage|p2a: Comfey|75/100|[from] item: Life Orb
|
|upkeep
|
|t:|1659373629
|switch|p1a: Gigalith|Gigalith, F|30/100 tox
|-damage|p1a: Gigalith|17/100 tox|[from] Stealth Rock
|-weather|Sandstorm|[from] ability: Sand Stream|[of] p1a: Gigalith
|turn|27
|l|☆EssenceAroma
|inactive|EssenceAroma disconnected and has a minute to reconnect!
|player|p2|
|inactive|EssenceAroma has 30 seconds to reconnect!
|inactive|EssenceAroma has 20 seconds to reconnect!
|inactive|EssenceAroma has 15 seconds to reconnect!
|inactive|EssenceAroma has 10 seconds to reconnect!
|inactive|EssenceAroma has 5 seconds to reconnect!
|-message|EssenceAroma lost due to inactivity.
|
|win|kingqueso141
|raw|kingqueso141's rating: 1339 &rarr; <strong>1370</strong><br />(+31 for winning)
|raw|EssenceAroma's rating: 1560 &rarr; <strong>1529</strong><br />(-31 for losing)
||Ladder isn't responding, score probably updated but might not have (Request timeout).
