|j|☆Haffling
|j|☆DugZaッ
|t:|1668257074
|gametype|singles
|player|p1|Haffling|cyrus|
|player|p2|DugZaッ|#scl2machines|
|teamsize|p1|6
|teamsize|p2|6
|gen|8
|tier|[Gen 8] PU
|rule|Sleep Clause Mod: Limit one foe put to sleep
|rule|Species Clause: Limit one of each Pokémon
|rule|OHKO Clause: OHKO moves are banned
|rule|Evasion Items Clause: Evasion items are banned
|rule|Evasion Moves Clause: Evasion moves are banned
|rule|Endless Battle Clause: Forcing endless battles is banned
|rule|HP Percentage Mod: HP is shown in percentages
|rule|Dynamax Clause: You cannot dynamax
|clearpoke
|poke|p1|Centiskorch, F|
|poke|p1|Cinccino, M|
|poke|p1|Gigalith, F|
|poke|p1|Tangela, M|
|poke|p1|Sandslash, M|
|poke|p1|Magneton|
|poke|p2|Weezing, F|
|poke|p2|Sandaconda, F|
|poke|p2|Scrafty, M|
|poke|p2|Aggron, M|
|poke|p2|Whimsicott, F|
|poke|p2|Wishiwashi, M|
|teampreview
|c|☆DugZaッ|hf
|c|☆Haffling|hf gonna link n shtuff
|c|☆DugZaッ|could you make the room public please
|j|%Chloe
|j| Snow Jiniri
|c|☆Haffling|is it not?
|c|☆DugZaッ|its not but the link works so its fine
|j| Aranacana
|c|%Chloe|it should let me as a global driver make rooms public
|c|%Chloe|this is ass
|c|☆Haffling|whats the command
|c|%Chloe|//publicroom
|c|☆Haffling|/log Haffling made this room public.
|c| Aranacana|:fire:
|j| pannuracotta
|inactive|Battle timer is ON: inactive players will automatically lose when time's up. (requested by Haffling)
|c| pannuracotta|hi Aranacana
|j| zS
|j| wild drud
|
|t:|1668257219
|start
|switch|p1a: Magneton|Magneton|100/100
|switch|p2a: Sandaconda|Sandaconda, F|100/100
|turn|1
|c| Aranacana|hello pannu
|c| Aranacana|i saw the name change
|
|t:|1668257225
|switch|p1a: Tangela|Tangela, M|100/100
|move|p2a: Sandaconda|Earthquake|p1a: Tangela
|-resisted|p1a: Tangela
|-damage|p1a: Tangela|92/100
|
|upkeep
|turn|2
|c| Aranacana|i can never spell ur name right
|
|t:|1668257229
|switch|p2a: Weezing|Weezing, F|100/100
|-ability|p2a: Weezing|Neutralizing Gas
|move|p1a: Tangela|Knock Off|p2a: Weezing
|-damage|p2a: Weezing|93/100
|-enditem|p2a: Weezing|Safety Goggles|[from] move: Knock Off|[of] p1a: Tangela
|
|upkeep
|turn|3
|c| Aranacana|so i endorse it
|c| wild drud|GO HAFFLING
|
|t:|1668257242
|switch|p1a: Magneton|Magneton|100/100
|move|p2a: Weezing|Toxic Spikes|p1a: Magneton
|-sidestart|p1: Haffling|move: Toxic Spikes
|
|upkeep
|turn|4
|c| Aranacana|drud u wanna play a dpp game
|c| Snow Jiniri|go go dugza
|
|t:|1668257253
|-end|p2a: Weezing|ability: Neutralizing Gas
|switch|p2a: Sandaconda|Sandaconda, F|100/100
|move|p1a: Magneton|Flash Cannon|p2a: Sandaconda
|-damage|p2a: Sandaconda|50/100
|
|-heal|p2a: Sandaconda|57/100|[from] item: Leftovers
|upkeep
|turn|5
|c| wild drud|chall Aranacana
|j|+gorex
|inactive|DugZaッ has 270 seconds left.
|j| termiii
|
|t:|1668257302
|switch|p1a: Sandslash|Sandslash, M|100/100
|-status|p1a: Sandslash|psn
|move|p2a: Sandaconda|Earthquake|p1a: Sandslash
|-damage|p1a: Sandslash|74/100 psn
|
|-heal|p2a: Sandaconda|63/100|[from] item: Leftovers
|-heal|p1a: Sandslash|80/100 psn|[from] item: Leftovers
|-damage|p1a: Sandslash|68/100 psn|[from] psn
|upkeep
|turn|6
|
|t:|1668257310
|switch|p2a: Wishiwashi|Wishiwashi, M|100/100
|-formechange|p2a: Wishiwashi|Wishiwashi-School||[from] ability: Schooling
|move|p1a: Sandslash|Spikes|p2a: Wishiwashi
|-sidestart|p2: DugZaッ|Spikes
|
|-heal|p1a: Sandslash|74/100 psn|[from] item: Leftovers
|-damage|p1a: Sandslash|62/100 psn|[from] psn
|upkeep
|turn|7
|
|t:|1668257322
|switch|p1a: Tangela|Tangela, M|92/100
|-status|p1a: Tangela|psn
|move|p2a: Wishiwashi|Scald|p1a: Tangela
|-resisted|p1a: Tangela
|-damage|p1a: Tangela|69/100 psn
|
|-damage|p1a: Tangela|56/100 psn|[from] psn
|upkeep
|turn|8
|inactive|DugZaッ has 270 seconds left.
|
|t:|1668257337
|switch|p1a: Cinccino|Cinccino, M|100/100
|switch|p2a: Weezing|Weezing, F|93/100
|-ability|p2a: Weezing|Neutralizing Gas
|-damage|p2a: Weezing|80/100|[from] Spikes
|
|upkeep
|turn|9
|j|+Greybaum
|
|t:|1668257345
|move|p1a: Cinccino|U-turn|p2a: Weezing
|-resisted|p2a: Weezing
|-damage|p2a: Weezing|74/100
|
|t:|1668257348
|switch|p1a: Magneton|Magneton|100/100|[from]move: U-turn
|move|p2a: Weezing|Will-O-Wisp|p1a: Magneton|[miss]
|-miss|p2a: Weezing|p1a: Magneton
|
|upkeep
|turn|10
|
|t:|1668257359
|-end|p2a: Weezing|ability: Neutralizing Gas
|switch|p2a: Sandaconda|Sandaconda, F|63/100
|-damage|p2a: Sandaconda|50/100|[from] Spikes
|move|p1a: Magneton|Volt Switch|p2a: Sandaconda
|-immune|p2a: Sandaconda
|
|-heal|p2a: Sandaconda|56/100|[from] item: Leftovers
|upkeep
|turn|11
|
|t:|1668257365
|switch|p1a: Tangela|Tangela, M|90/100 psn
|move|p2a: Sandaconda|Earthquake|p1a: Tangela
|-resisted|p1a: Tangela
|-damage|p1a: Tangela|81/100 psn
|
|-heal|p2a: Sandaconda|62/100|[from] item: Leftovers
|-damage|p1a: Tangela|69/100 psn|[from] psn
|upkeep
|turn|12
|
|t:|1668257384
|switch|p2a: Aggron|Aggron, M|100/100
|-damage|p2a: Aggron|88/100|[from] Spikes
|switch|p1a: Cinccino|Cinccino, M|100/100
|
|-heal|p2a: Aggron|94/100|[from] item: Leftovers
|upkeep
|turn|13
|j| Metallica126
|
|t:|1668257393
|move|p1a: Cinccino|Knock Off|p2a: Aggron
|-damage|p2a: Aggron|79/100
|-enditem|p2a: Aggron|Leftovers|[from] move: Knock Off|[of] p1a: Cinccino
|move|p2a: Aggron|Stealth Rock|p1a: Cinccino
|-sidestart|p1: Haffling|move: Stealth Rock
|
|upkeep
|turn|14
|
|t:|1668257405
|move|p1a: Cinccino|U-turn|p2a: Aggron
|-resisted|p2a: Aggron
|-damage|p2a: Aggron|73/100
|
|t:|1668257409
|switch|p1a: Tangela|Tangela, M|100/100 psn|[from]move: U-turn
|-damage|p1a: Tangela|88/100 psn|[from] Stealth Rock
|move|p2a: Aggron|Head Smash|p1a: Tangela
|-damage|p1a: Tangela|61/100 psn
|
|-damage|p1a: Tangela|49/100 psn|[from] psn
|upkeep
|turn|15
|
|t:|1668257425
|switch|p1a: Sandslash|Sandslash, M|62/100 psn
|-damage|p1a: Sandslash|55/100 psn|[from] Stealth Rock
|move|p2a: Aggron|Earthquake|p1a: Sandslash
|-damage|p1a: Sandslash|36/100 psn
|
|-heal|p1a: Sandslash|42/100 psn|[from] item: Leftovers
|-damage|p1a: Sandslash|30/100 psn|[from] psn
|upkeep
|turn|16
|
|t:|1668257428
|move|p2a: Aggron|Protect|p2a: Aggron
|-singleturn|p2a: Aggron|Protect
|move|p1a: Sandslash|Rapid Spin|p2a: Aggron
|-activate|p2a: Aggron|move: Protect
|
|-heal|p1a: Sandslash|36/100 psn|[from] item: Leftovers
|-damage|p1a: Sandslash|23/100 psn|[from] psn
|upkeep
|turn|17
|
|t:|1668257435
|switch|p2a: Whimsicott|Whimsicott, F|100/100
|move|p1a: Sandslash|Rapid Spin|p2a: Whimsicott
|-damage|p2a: Whimsicott|85/100
|-boost|p1a: Sandslash|spe|1
|-sideend|p1: Haffling|Toxic Spikes|[from] move: Rapid Spin|[of] p1a: Sandslash
|-sideend|p1: Haffling|Stealth Rock|[from] move: Rapid Spin|[of] p1a: Sandslash
|
|-heal|p1a: Sandslash|30/100 psn|[from] item: Leftovers
|-damage|p1a: Sandslash|17/100 psn|[from] psn
|upkeep
|turn|18
|
|t:|1668257443
|switch|p1a: Centiskorch|Centiskorch, F|100/100
|move|p2a: Whimsicott|Defog|p1a: Centiskorch
|-unboost|p1a: Centiskorch|evasion|1
|-sideend|p2: DugZaッ|Spikes|[from] move: Defog|[of] p2a: Whimsicott
|
|upkeep
|turn|19
|inactive|DugZaッ has 270 seconds left.
|j| BluBirD
|
|t:|1668257476
|move|p2a: Whimsicott|U-turn|p1a: Centiskorch
|-resisted|p1a: Centiskorch
|-damage|p1a: Centiskorch|93/100
|
|t:|1668257477
|switch|p2a: Wishiwashi|Wishiwashi, M|100/100|[from]move: U-turn
|-formechange|p2a: Wishiwashi|Wishiwashi-School||[from] ability: Schooling
|move|p1a: Centiskorch|Fire Lash|p2a: Wishiwashi
|-resisted|p2a: Wishiwashi
|-damage|p2a: Wishiwashi|86/100
|-unboost|p2a: Wishiwashi|def|1
|
|-heal|p2a: Wishiwashi|92/100|[from] item: Leftovers
|upkeep
|turn|20
|inactive|DugZaッ has 270 seconds left.
|j|+eternally
|inactive|Haffling has 270 seconds left.
|
|t:|1668257524
|switch|p1a: Cinccino|Cinccino, M|100/100
|move|p2a: Wishiwashi|Scald|p1a: Cinccino
|-damage|p1a: Cinccino|33/100
|
|-heal|p2a: Wishiwashi|98/100|[from] item: Leftovers
|upkeep
|turn|21
|inactive|DugZaッ has 270 seconds left.
|
|t:|1668257532
|switch|p2a: Aggron|Aggron, M|73/100
|move|p1a: Cinccino|Knock Off|p2a: Aggron
|-damage|p2a: Aggron|62/100
|
|upkeep
|turn|22
|
|t:|1668257542
|move|p1a: Cinccino|U-turn|p2a: Aggron
|-resisted|p2a: Aggron
|-damage|p2a: Aggron|56/100
|
|t:|1668257548
|switch|p1a: Magneton|Magneton|100/100|[from]move: U-turn
|move|p2a: Aggron|Stealth Rock|p1a: Magneton
|-sidestart|p1: Haffling|move: Stealth Rock
|
|upkeep
|turn|23
|
|t:|1668257553
|switch|p2a: Sandaconda|Sandaconda, F|62/100
|move|p1a: Magneton|Volt Switch|p2a: Sandaconda
|-immune|p2a: Sandaconda
|
|-heal|p2a: Sandaconda|68/100|[from] item: Leftovers
|upkeep
|turn|24
|
|t:|1668257559
|switch|p1a: Tangela|Tangela, M|82/100 psn
|-damage|p1a: Tangela|70/100 psn|[from] Stealth Rock
|move|p2a: Sandaconda|Earthquake|p1a: Tangela
|-resisted|p1a: Tangela
|-damage|p1a: Tangela|62/100 psn
|
|-heal|p2a: Sandaconda|74/100|[from] item: Leftovers
|-damage|p1a: Tangela|49/100 psn|[from] psn
|upkeep
|turn|25
|
|t:|1668257565
|switch|p2a: Weezing|Weezing, F|74/100
|-ability|p2a: Weezing|Neutralizing Gas
|move|p1a: Tangela|Sleep Powder|p2a: Weezing
|-status|p2a: Weezing|slp|[from] move: Sleep Powder
|
|-damage|p1a: Tangela|37/100 psn|[from] psn
|upkeep
|turn|26
|j| outbackrabbit
|
|t:|1668257573
|switch|p1a: Gigalith|Gigalith, F|100/100
|-damage|p1a: Gigalith|88/100|[from] Stealth Rock
|cant|p2a: Weezing|slp
|
|-heal|p1a: Gigalith|94/100|[from] item: Leftovers
|upkeep
|turn|27
|
|t:|1668257581
|-end|p2a: Weezing|ability: Neutralizing Gas
|-weather|Sandstorm|[from] ability: Sand Stream|[of] p1a: Gigalith
|switch|p2a: Scrafty|Scrafty, M|100/100
|move|p1a: Gigalith|Stealth Rock|p2a: Scrafty
|-sidestart|p2: DugZaッ|move: Stealth Rock
|
|-weather|Sandstorm|[upkeep]
|-damage|p2a: Scrafty|95/100|[from] Sandstorm
|-heal|p2a: Scrafty|100/100|[from] item: Leftovers
|-heal|p1a: Gigalith|100/100|[from] item: Leftovers
|upkeep
|turn|28
|
|t:|1668257589
|switch|p1a: Sandslash|Sandslash, M|17/100 psn
|-damage|p1a: Sandslash|11/100 psn|[from] Stealth Rock
|move|p2a: Scrafty|Dragon Dance|p2a: Scrafty
|-boost|p2a: Scrafty|atk|1
|-boost|p2a: Scrafty|spe|1
|
|-weather|Sandstorm|[upkeep]
|-damage|p2a: Scrafty|95/100|[from] Sandstorm
|-heal|p1a: Sandslash|17/100 psn|[from] item: Leftovers
|-heal|p2a: Scrafty|100/100|[from] item: Leftovers
|-damage|p1a: Sandslash|5/100 psn|[from] psn
|upkeep
|turn|29
|
|t:|1668257595
|move|p1a: Sandslash|Earthquake|p2a: Scrafty
|-damage|p2a: Scrafty|64/100
|move|p2a: Scrafty|Dragon Dance|p2a: Scrafty
|-boost|p2a: Scrafty|atk|1
|-boost|p2a: Scrafty|spe|1
|
|-weather|Sandstorm|[upkeep]
|-damage|p2a: Scrafty|58/100|[from] Sandstorm
|-heal|p2a: Scrafty|64/100|[from] item: Leftovers
|-heal|p1a: Sandslash|11/100 psn|[from] item: Leftovers
|-damage|p1a: Sandslash|0 fnt|[from] psn
|faint|p1a: Sandslash
|upkeep
|
|t:|1668257603
|switch|p1a: Centiskorch|Centiskorch, F|93/100
|turn|30
|
|t:|1668257608
|move|p2a: Scrafty|Knock Off|p1a: Centiskorch
|-damage|p1a: Centiskorch|0 fnt
|-status|p2a: Scrafty|brn|[from] ability: Flame Body|[of] p1a: Centiskorch
|-enditem|p1a: Centiskorch|Heavy-Duty Boots|[from] move: Knock Off|[of] p2a: Scrafty
|faint|p1a: Centiskorch
|
|-weather|Sandstorm|[upkeep]
|-damage|p2a: Scrafty|58/100 brn|[from] Sandstorm
|-activate|p2a: Scrafty|ability: Shed Skin
|-curestatus|p2a: Scrafty|brn|[msg]
|-heal|p2a: Scrafty|64/100|[from] item: Leftovers
|upkeep
|
|t:|1668257611
|switch|p1a: Cinccino|Cinccino, M|33/100
|turn|31
|
|t:|1668257613
|move|p2a: Scrafty|Drain Punch|p1a: Cinccino
|-supereffective|p1a: Cinccino
|-damage|p1a: Cinccino|0 fnt
|-heal|p2a: Scrafty|81/100|[from] drain|[of] p1a: Cinccino
|faint|p1a: Cinccino
|
|-weather|none
|-heal|p2a: Scrafty|87/100|[from] item: Leftovers
|upkeep
|
|t:|1668257616
|switch|p1a: Tangela|Tangela, M|37/100 psn
|-damage|p1a: Tangela|25/100 psn|[from] Stealth Rock
|turn|32
|
|t:|1668257619
|move|p2a: Scrafty|Knock Off|p1a: Tangela
|-damage|p1a: Tangela|0 fnt
|-enditem|p1a: Tangela|Eviolite|[from] move: Knock Off|[of] p2a: Scrafty
|faint|p1a: Tangela
|
|-heal|p2a: Scrafty|93/100|[from] item: Leftovers
|upkeep
|
|t:|1668257621
|switch|p1a: Magneton|Magneton|100/100
|-damage|p1a: Magneton|94/100|[from] Stealth Rock
|turn|33
|
|t:|1668257624
|move|p2a: Scrafty|Drain Punch|p1a: Magneton
|-supereffective|p1a: Magneton
|-damage|p1a: Magneton|0 fnt
|-heal|p2a: Scrafty|100/100|[from] drain|[of] p1a: Magneton
|faint|p1a: Magneton
|
|upkeep
|
|t:|1668257626
|switch|p1a: Gigalith|Gigalith, F|100/100
|-damage|p1a: Gigalith|88/100|[from] Stealth Rock
|-weather|Sandstorm|[from] ability: Sand Stream|[of] p1a: Gigalith
|turn|34
|
|t:|1668257628
|move|p2a: Scrafty|Drain Punch|p1a: Gigalith
|-supereffective|p1a: Gigalith
|-damage|p1a: Gigalith|6/100
|move|p1a: Gigalith|Earthquake|p2a: Scrafty
|-damage|p2a: Scrafty|65/100
|
|-weather|Sandstorm|[upkeep]
|-damage|p2a: Scrafty|60/100|[from] Sandstorm
|-heal|p2a: Scrafty|65/100|[from] item: Leftovers
|-heal|p1a: Gigalith|12/100|[from] item: Leftovers
|upkeep
|turn|35
|
|t:|1668257631
|move|p2a: Scrafty|Drain Punch|p1a: Gigalith
|-supereffective|p1a: Gigalith
|-damage|p1a: Gigalith|0 fnt
|-heal|p2a: Scrafty|74/100|[from] drain|[of] p1a: Gigalith
|faint|p1a: Gigalith
|
|win|DugZaッ
|c|☆DugZaッ|gg
|c|☆Haffling|gg
|l| termiii
|l|+eternally
|l| pannuracotta
|l| Snow Jiniri
|j| termiii
