|j|☆Haffling
|j|☆Notmlg
|t:|1666544769
|gametype|singles
|player|p1|Haffling|cyrus|
|player|p2|Notmlg|linebacker|
|teamsize|p1|6
|teamsize|p2|6
|gen|8
|tier|[Gen 8] PU
|rated|Tournament battle
|rule|Sleep Clause Mod: Limit one foe put to sleep
|rule|Species Clause: Limit one of each Pokémon
|rule|OHKO Clause: OHKO moves are banned
|rule|Evasion Items Clause: Evasion items are banned
|rule|Evasion Moves Clause: Evasion moves are banned
|rule|Endless Battle Clause: Forcing endless battles is banned
|rule|HP Percentage Mod: HP is shown in percentages
|rule|Dynamax Clause: You cannot dynamax
|clearpoke
|poke|p1|Silvally-*|
|poke|p1|Aromatisse, F|
|poke|p1|Druddigon, F|
|poke|p1|Archeops, M|
|poke|p1|Jolteon, M|
|poke|p1|Tangela, M|
|poke|p2|Charizard, M|
|poke|p2|Eldegoss, F|
|poke|p2|Gigalith, F|
|poke|p2|Poliwrath, M|
|poke|p2|Scrafty, F|
|poke|p2|Weezing, F|
|teampreview
|inactive|Battle timer is ON: inactive players will automatically lose when time's up. (requested by Notmlg)
|c|☆Notmlg|gl hf
|c|☆Haffling|u2
|
|t:|1666544779
|start
|switch|p1a: Druddigon|Druddigon, F|100/100
|switch|p2a: Poliwrath|Poliwrath, M|100/100
|turn|1
|
|t:|1666544782
|move|p2a: Poliwrath|Toxic|p1a: Druddigon
|-status|p1a: Druddigon|tox
|move|p1a: Druddigon|Glare|p2a: Poliwrath
|-status|p2a: Poliwrath|par
|
|-damage|p1a: Druddigon|94/100 tox|[from] psn
|upkeep
|turn|2
|
|t:|1666544789
|switch|p2a: Weezing|Weezing, F|100/100
|-ability|p2a: Weezing|Neutralizing Gas
|move|p1a: Druddigon|Stealth Rock|p2a: Weezing
|-sidestart|p2: Notmlg|move: Stealth Rock
|
|-damage|p1a: Druddigon|82/100 tox|[from] psn
|upkeep
|turn|3
|
|t:|1666544794
|move|p2a: Weezing|Toxic Spikes|p1a: Druddigon
|-sidestart|p1: Haffling|move: Toxic Spikes
|move|p1a: Druddigon|Glare|p2a: Weezing
|-status|p2a: Weezing|par
|
|-damage|p1a: Druddigon|64/100 tox|[from] psn
|upkeep
|turn|4
|
|t:|1666544797
|move|p1a: Druddigon|Rest|p1a: Druddigon
|-status|p1a: Druddigon|slp|[from] move: Rest
|-heal|p1a: Druddigon|100/100 slp|[silent]
|move|p2a: Weezing|Toxic Spikes|p1a: Druddigon
|-sidestart|p1: Haffling|move: Toxic Spikes
|
|upkeep
|turn|5
|
|t:|1666544808
|cant|p2a: Weezing|par
|cant|p1a: Druddigon|slp
|
|upkeep
|turn|6
|
|t:|1666544818
|switch|p1a: Silvally|Silvally-Steel|100/100
|move|p2a: Weezing|Sludge Wave|p1a: Silvally
|-immune|p1a: Silvally
|
|upkeep
|turn|7
|
|t:|1666544828
|move|p1a: Silvally|Multi-Attack|p2a: Weezing
|-damage|p2a: Weezing|70/100 par
|move|p2a: Weezing|Will-O-Wisp|p1a: Silvally
|-status|p1a: Silvally|brn
|
|-heal|p2a: Weezing|76/100 par|[from] item: Black Sludge
|-damage|p1a: Silvally|94/100 brn|[from] brn
|upkeep
|turn|8
|j| Dragonair2Fair
|
|t:|1666544837
|move|p1a: Silvally|Surf|p2a: Weezing
|-damage|p2a: Weezing|59/100 par
|move|p2a: Weezing|Sludge Wave|p1a: Silvally
|-immune|p1a: Silvally
|
|-heal|p2a: Weezing|65/100 par|[from] item: Black Sludge
|-damage|p1a: Silvally|88/100 brn|[from] brn
|upkeep
|turn|9
|
|t:|1666544843
|move|p1a: Silvally|Parting Shot|p2a: Weezing
|-unboost|p2a: Weezing|atk|1
|-unboost|p2a: Weezing|spa|1
|
|t:|1666544847
|switch|p1a: Jolteon|Jolteon, M|100/100|[from]move: Parting Shot
|move|p2a: Weezing|Pain Split|p1a: Jolteon
|-sethp|p1a: Jolteon|90/100|[from] move: Pain Split|[silent]
|-sethp|p2a: Weezing|73/100 par|[from] move: Pain Split
|
|-heal|p2a: Weezing|79/100 par|[from] item: Black Sludge
|upkeep
|turn|10
|l| Dragonair2Fair
|
|t:|1666544860
|move|p1a: Jolteon|Volt Switch|p2a: Weezing
|-damage|p2a: Weezing|48/100 par
|
|t:|1666544864
|switch|p1a: Silvally|Silvally-Steel|88/100 brn|[from]move: Volt Switch
|move|p2a: Weezing|Pain Split|p1a: Silvally
|-sethp|p1a: Silvally|65/100 brn|[from] move: Pain Split|[silent]
|-sethp|p2a: Weezing|76/100 par|[from] move: Pain Split
|
|-heal|p2a: Weezing|82/100 par|[from] item: Black Sludge
|-damage|p1a: Silvally|59/100 brn|[from] brn
|upkeep
|turn|11
|
|t:|1666544871
|move|p1a: Silvally|Parting Shot|p2a: Weezing
|-unboost|p2a: Weezing|atk|1
|-unboost|p2a: Weezing|spa|1
|
|t:|1666544873
|switch|p1a: Jolteon|Jolteon, M|90/100|[from]move: Parting Shot
|move|p2a: Weezing|Sludge Wave|p1a: Jolteon
|-damage|p1a: Jolteon|71/100
|
|-heal|p2a: Weezing|88/100 par|[from] item: Black Sludge
|upkeep
|turn|12
|
|t:|1666544878
|move|p1a: Jolteon|Thunderbolt|p2a: Weezing
|-damage|p2a: Weezing|45/100 par
|move|p2a: Weezing|Sludge Wave|p1a: Jolteon
|-damage|p1a: Jolteon|51/100
|
|-heal|p2a: Weezing|50/100 par|[from] item: Black Sludge
|upkeep
|turn|13
|
|t:|1666544887
|-end|p2a: Weezing|ability: Neutralizing Gas
|switch|p2a: Poliwrath|Poliwrath, M|100/100 par
|-damage|p2a: Poliwrath|94/100 par|[from] Stealth Rock
|move|p1a: Jolteon|Thunderbolt|p2a: Poliwrath
|-supereffective|p2a: Poliwrath
|-damage|p2a: Poliwrath|0 fnt
|faint|p2a: Poliwrath
|
|upkeep
|
|t:|1666544891
|switch|p2a: Scrafty|Scrafty, F|100/100
|-damage|p2a: Scrafty|95/100|[from] Stealth Rock
|turn|14
|
|t:|1666544895
|move|p1a: Jolteon|Volt Switch|p2a: Scrafty
|-damage|p2a: Scrafty|72/100
|
|t:|1666544898
|switch|p1a: Aromatisse|Aromatisse, F|100/100|[from]move: Volt Switch
|move|p2a: Scrafty|Knock Off|p1a: Aromatisse
|-resisted|p1a: Aromatisse
|-damage|p1a: Aromatisse|88/100
|-enditem|p1a: Aromatisse|Heavy-Duty Boots|[from] move: Knock Off|[of] p2a: Scrafty
|
|-heal|p2a: Scrafty|78/100|[from] item: Leftovers
|upkeep
|turn|15
|
|t:|1666544905
|switch|p2a: Weezing|Weezing, F|50/100 par
|-ability|p2a: Weezing|Neutralizing Gas
|-damage|p2a: Weezing|38/100 par|[from] Stealth Rock
|move|p1a: Aromatisse|Aromatherapy|p1a: Aromatisse
|-activate|p1a: Aromatisse|move: Aromatherapy
|-curestatus|p1: Druddigon|slp|[msg]
|-curestatus|p1: Silvally|brn|[msg]
|
|-heal|p2a: Weezing|44/100 par|[from] item: Black Sludge
|upkeep
|turn|16
|
|t:|1666544913
|switch|p1a: Jolteon|Jolteon, M|51/100
|move|p2a: Weezing|Pain Split|p1a: Jolteon
|-sethp|p1a: Jolteon|53/100|[from] move: Pain Split|[silent]
|-sethp|p2a: Weezing|43/100 par|[from] move: Pain Split
|
|-heal|p2a: Weezing|49/100 par|[from] item: Black Sludge
|upkeep
|turn|17
|
|t:|1666544920
|move|p1a: Jolteon|Thunderbolt|p2a: Weezing
|-damage|p2a: Weezing|6/100 par
|move|p2a: Weezing|Sludge Wave|p1a: Jolteon
|-damage|p1a: Jolteon|16/100
|
|-heal|p2a: Weezing|12/100 par|[from] item: Black Sludge
|upkeep
|turn|18
|
|t:|1666544930
|move|p1a: Jolteon|Volt Switch|p2a: Weezing
|-damage|p2a: Weezing|0 fnt
|faint|p2a: Weezing
|-end|p2a: Weezing|ability: Neutralizing Gas
|
|t:|1666544959
|switch|p1a: Silvally|Silvally-Steel|59/100|[from]move: Volt Switch
|
|upkeep
|
|t:|1666544963
|switch|p2a: Scrafty|Scrafty, F|78/100
|-damage|p2a: Scrafty|72/100|[from] Stealth Rock
|turn|19
|
|t:|1666544968
|move|p1a: Silvally|Parting Shot|p2a: Scrafty
|-unboost|p2a: Scrafty|atk|1
|-unboost|p2a: Scrafty|spa|1
|
|t:|1666544972
|switch|p1a: Aromatisse|Aromatisse, F|88/100|[from]move: Parting Shot
|-status|p1a: Aromatisse|tox
|move|p2a: Scrafty|Drain Punch|p1a: Aromatisse
|-resisted|p1a: Aromatisse
|-crit|p1a: Aromatisse
|-damage|p1a: Aromatisse|74/100 tox
|-heal|p2a: Scrafty|80/100|[from] drain|[of] p1a: Aromatisse
|
|-heal|p2a: Scrafty|86/100|[from] item: Leftovers
|-damage|p1a: Aromatisse|68/100 tox|[from] psn
|upkeep
|turn|20
|
|t:|1666544977
|switch|p2a: Gigalith|Gigalith, F|100/100
|-damage|p2a: Gigalith|88/100|[from] Stealth Rock
|-weather|Sandstorm|[from] ability: Sand Stream|[of] p2a: Gigalith
|move|p1a: Aromatisse|Aromatherapy|p1a: Aromatisse
|-activate|p1a: Aromatisse|move: Aromatherapy
|-curestatus|p1a: Aromatisse|tox|[msg]
|
|-weather|Sandstorm|[upkeep]
|-damage|p1a: Aromatisse|62/100|[from] Sandstorm
|-heal|p2a: Gigalith|94/100|[from] item: Leftovers
|upkeep
|turn|21
|
|t:|1666544985
|switch|p1a: Druddigon|Druddigon, F|100/100
|-status|p1a: Druddigon|tox
|switch|p2a: Charizard|Charizard, M|100/100
|
|-weather|Sandstorm|[upkeep]
|-damage|p2a: Charizard|94/100|[from] Sandstorm
|-damage|p1a: Druddigon|94/100 tox|[from] Sandstorm
|-damage|p1a: Druddigon|88/100 tox|[from] psn
|upkeep
|turn|22
|
|t:|1666544992
|move|p2a: Charizard|Air Slash|p1a: Druddigon
|-damage|p1a: Druddigon|53/100 tox
|cant|p1a: Druddigon|flinch
|
|-weather|Sandstorm|[upkeep]
|-damage|p2a: Charizard|88/100|[from] Sandstorm
|-damage|p1a: Druddigon|46/100 tox|[from] Sandstorm
|-damage|p1a: Druddigon|34/100 tox|[from] psn
|upkeep
|turn|23
|
|t:|1666544996
|move|p2a: Charizard|Air Slash|p1a: Druddigon
|-damage|p1a: Druddigon|0 fnt
|faint|p1a: Druddigon
|
|-weather|Sandstorm|[upkeep]
|-damage|p2a: Charizard|82/100|[from] Sandstorm
|upkeep
|
|t:|1666544999
|switch|p1a: Archeops|Archeops, M|100/100
|turn|24
|
|t:|1666545003
|switch|p2a: Gigalith|Gigalith, F|94/100
|-damage|p2a: Gigalith|82/100|[from] Stealth Rock
|move|p1a: Archeops|Stone Edge|p2a: Gigalith
|-damage|p2a: Gigalith|42/100
|
|-weather|none
|-heal|p2a: Gigalith|48/100|[from] item: Leftovers
|upkeep
|turn|25
|
|t:|1666545007
|move|p2a: Gigalith|Protect|p2a: Gigalith
|-singleturn|p2a: Gigalith|Protect
|move|p1a: Archeops|Earthquake|p2a: Gigalith
|-activate|p2a: Gigalith|move: Protect
|
|-heal|p2a: Gigalith|54/100|[from] item: Leftovers
|upkeep
|turn|26
|inactive|Notmlg has 120 seconds left.
|
|t:|1666545064
|switch|p2a: Eldegoss|Eldegoss, F|100/100
|move|p1a: Archeops|U-turn|p2a: Eldegoss
|-supereffective|p2a: Eldegoss
|-damage|p2a: Eldegoss|39/100
|
|t:|1666545074
|switch|p1a: Silvally|Silvally-Steel|59/100|[from]move: U-turn
|
|upkeep
|turn|27
|
|t:|1666545077
|switch|p2a: Charizard|Charizard, M|82/100
|move|p1a: Silvally|Defog|p2a: Charizard
|-unboost|p2a: Charizard|evasion|1
|-sideend|p2: Notmlg|Stealth Rock|[from] move: Defog|[of] p1a: Silvally
|-sideend|p1: Haffling|Toxic Spikes|[from] move: Defog|[of] p1a: Silvally
|
|upkeep
|turn|28
|
|t:|1666545086
|switch|p1a: Archeops|Archeops, M|100/100
|move|p2a: Charizard|Flamethrower|p1a: Archeops
|-resisted|p1a: Archeops
|-crit|p1a: Archeops
|-damage|p1a: Archeops|49/100
|
|upkeep
|turn|29
|
|t:|1666545094
|move|p1a: Archeops|Roost|p1a: Archeops
|-heal|p1a: Archeops|99/100
|-singleturn|p1a: Archeops|move: Roost
|move|p2a: Charizard|Flamethrower|p1a: Archeops
|-resisted|p1a: Archeops
|-crit|p1a: Archeops
|-damage|p1a: Archeops|51/100
|-status|p1a: Archeops|brn
|
|-damage|p1a: Archeops|45/100 brn|[from] brn
|upkeep
|turn|30
|c|☆Haffling|bruh
|
|t:|1666545105
|move|p1a: Archeops|Roost|p1a: Archeops
|-heal|p1a: Archeops|95/100 brn
|-singleturn|p1a: Archeops|move: Roost
|move|p2a: Charizard|Flamethrower|p1a: Archeops
|-resisted|p1a: Archeops
|-damage|p1a: Archeops|59/100 brn
|
|-damage|p1a: Archeops|53/100 brn|[from] brn
|upkeep
|turn|31
|
|t:|1666545108
|switch|p2a: Scrafty|Scrafty, F|86/100
|move|p1a: Archeops|Stone Edge|p2a: Scrafty
|-resisted|p2a: Scrafty
|-damage|p2a: Scrafty|75/100
|
|-heal|p2a: Scrafty|81/100|[from] item: Leftovers
|-damage|p1a: Archeops|47/100 brn|[from] brn
|upkeep
|turn|32
|
|t:|1666545115
|move|p1a: Archeops|U-turn|p2a: Scrafty
|-damage|p2a: Scrafty|75/100
|
|t:|1666545118
|switch|p1a: Aromatisse|Aromatisse, F|62/100|[from]move: U-turn
|move|p2a: Scrafty|Iron Head|p1a: Aromatisse
|-supereffective|p1a: Aromatisse
|-damage|p1a: Aromatisse|35/100
|
|-heal|p2a: Scrafty|81/100|[from] item: Leftovers
|upkeep
|turn|33
|
|t:|1666545124
|move|p2a: Scrafty|Iron Head|p1a: Aromatisse
|-supereffective|p1a: Aromatisse
|-damage|p1a: Aromatisse|10/100
|move|p1a: Aromatisse|Moonblast|p2a: Scrafty
|-supereffective|p2a: Scrafty
|-damage|p2a: Scrafty|0 fnt
|faint|p2a: Scrafty
|
|upkeep
|
|t:|1666545136
|switch|p2a: Charizard|Charizard, M|82/100
|turn|34
|
|t:|1666545143
|move|p2a: Charizard|Flamethrower|p1a: Aromatisse
|-damage|p1a: Aromatisse|0 fnt
|faint|p1a: Aromatisse
|
|upkeep
|
|t:|1666545144
|switch|p1a: Archeops|Archeops, M|47/100 brn
|turn|35
|
|t:|1666545149
|switch|p2a: Eldegoss|Eldegoss, F|72/100
|move|p1a: Archeops|Roost|p1a: Archeops
|-heal|p1a: Archeops|97/100 brn
|-singleturn|p1a: Archeops|move: Roost
|
|-damage|p1a: Archeops|91/100 brn|[from] brn
|upkeep
|turn|36
|
|t:|1666545153
|move|p1a: Archeops|U-turn|p2a: Eldegoss
|-supereffective|p2a: Eldegoss
|-damage|p2a: Eldegoss|45/100
|
|t:|1666545157
|switch|p1a: Tangela|Tangela, M|100/100|[from]move: U-turn
|move|p2a: Eldegoss|Leaf Storm|p1a: Tangela
|-resisted|p1a: Tangela
|-damage|p1a: Tangela|63/100
|-unboost|p2a: Eldegoss|spa|2
|
|upkeep
|turn|37
|
|t:|1666545164
|move|p2a: Eldegoss|Pollen Puff|p1a: Tangela
|-supereffective|p1a: Tangela
|-damage|p1a: Tangela|26/100
|move|p1a: Tangela|Sludge Bomb|p2a: Eldegoss
|-supereffective|p2a: Eldegoss
|-damage|p2a: Eldegoss|9/100
|
|upkeep
|turn|38
|
|t:|1666545170
|switch|p2a: Charizard|Charizard, M|82/100
|switch|p1a: Silvally|Silvally-Steel|59/100
|
|upkeep
|turn|39
|
|t:|1666545174
|switch|p1a: Archeops|Archeops, M|91/100 brn
|move|p2a: Charizard|Flamethrower|p1a: Archeops
|-resisted|p1a: Archeops
|-damage|p1a: Archeops|59/100 brn
|
|-damage|p1a: Archeops|52/100 brn|[from] brn
|upkeep
|turn|40
|
|t:|1666545178
|switch|p2a: Gigalith|Gigalith, F|54/100
|-weather|Sandstorm|[from] ability: Sand Stream|[of] p2a: Gigalith
|move|p1a: Archeops|Roost|p1a: Archeops
|-heal|p1a: Archeops|100/100 brn
|-singleturn|p1a: Archeops|move: Roost
|
|-weather|Sandstorm|[upkeep]
|-heal|p2a: Gigalith|60/100|[from] item: Leftovers
|-damage|p1a: Archeops|94/100 brn|[from] brn
|upkeep
|turn|41
|
|t:|1666545184
|move|p1a: Archeops|U-turn|p2a: Gigalith
|-damage|p2a: Gigalith|50/100
|
|t:|1666545187
|switch|p1a: Tangela|Tangela, M|59/100|[from]move: U-turn
|move|p2a: Gigalith|Stealth Rock|p1a: Tangela
|-sidestart|p1: Haffling|move: Stealth Rock
|
|-weather|Sandstorm|[upkeep]
|-damage|p1a: Tangela|53/100|[from] Sandstorm
|-heal|p2a: Gigalith|57/100|[from] item: Leftovers
|upkeep
|turn|42
|
|t:|1666545195
|move|p2a: Gigalith|Protect|p2a: Gigalith
|-singleturn|p2a: Gigalith|Protect
|move|p1a: Tangela|Knock Off|p2a: Gigalith
|-activate|p2a: Gigalith|move: Protect
|
|-weather|Sandstorm|[upkeep]
|-damage|p1a: Tangela|47/100|[from] Sandstorm
|-heal|p2a: Gigalith|63/100|[from] item: Leftovers
|upkeep
|turn|43
|inactive|Notmlg has 120 seconds left.
|
|t:|1666545227
|move|p1a: Tangela|Sludge Bomb|p2a: Gigalith
|-resisted|p2a: Gigalith
|-damage|p2a: Gigalith|58/100
|move|p2a: Gigalith|Toxic|p1a: Tangela
|-status|p1a: Tangela|tox
|
|-weather|Sandstorm|[upkeep]
|-damage|p1a: Tangela|41/100 tox|[from] Sandstorm
|-heal|p2a: Gigalith|64/100|[from] item: Leftovers
|-damage|p1a: Tangela|35/100 tox|[from] psn
|upkeep
|turn|44
|
|t:|1666545239
|switch|p1a: Silvally|Silvally-Steel|59/100
|-damage|p1a: Silvally|52/100|[from] Stealth Rock
|move|p2a: Gigalith|Protect||[still]
|-fail|p2a: Gigalith
|
|-weather|none
|-heal|p2a: Gigalith|70/100|[from] item: Leftovers
|upkeep
|turn|45
|
|t:|1666545247
|move|p1a: Silvally|Defog|p2a: Gigalith
|-unboost|p2a: Gigalith|evasion|1
|-sideend|p1: Haffling|Stealth Rock|[from] move: Defog|[of] p1a: Silvally
|move|p2a: Gigalith|Rock Blast|p1a: Silvally
|-resisted|p1a: Silvally
|-damage|p1a: Silvally|48/100
|-resisted|p1a: Silvally
|-damage|p1a: Silvally|42/100
|-resisted|p1a: Silvally
|-damage|p1a: Silvally|37/100
|-resisted|p1a: Silvally
|-damage|p1a: Silvally|32/100
|-resisted|p1a: Silvally
|-damage|p1a: Silvally|27/100
|-hitcount|p1a: Silvally|5
|
|-heal|p2a: Gigalith|76/100|[from] item: Leftovers
|upkeep
|turn|46
|
|t:|1666545254
|switch|p2a: Charizard|Charizard, M|82/100
|move|p1a: Silvally|Surf|p2a: Charizard
|-supereffective|p2a: Charizard
|-damage|p2a: Charizard|34/100
|
|upkeep
|turn|47
|
|t:|1666545259
|move|p2a: Charizard|Roost|p2a: Charizard
|-heal|p2a: Charizard|84/100
|-singleturn|p2a: Charizard|move: Roost
|move|p1a: Silvally|Surf|p2a: Charizard
|-supereffective|p2a: Charizard
|-damage|p2a: Charizard|35/100
|
|upkeep
|turn|48
|
|t:|1666545265
|switch|p1a: Archeops|Archeops, M|94/100 brn
|move|p2a: Charizard|Roost|p2a: Charizard
|-heal|p2a: Charizard|85/100
|-singleturn|p2a: Charizard|move: Roost
|
|-damage|p1a: Archeops|88/100 brn|[from] brn
|upkeep
|turn|49
|
|t:|1666545269
|switch|p2a: Gigalith|Gigalith, F|76/100
|-weather|Sandstorm|[from] ability: Sand Stream|[of] p2a: Gigalith
|move|p1a: Archeops|U-turn|p2a: Gigalith
|-damage|p2a: Gigalith|67/100
|
|t:|1666545272
|switch|p1a: Silvally|Silvally-Steel|27/100|[from]move: U-turn
|
|-weather|Sandstorm|[upkeep]
|-heal|p2a: Gigalith|73/100|[from] item: Leftovers
|upkeep
|turn|50
|
|t:|1666545293
|switch|p2a: Eldegoss|Eldegoss, F|42/100
|move|p1a: Silvally|Multi-Attack|p2a: Eldegoss
|-damage|p2a: Eldegoss|0 fnt
|faint|p2a: Eldegoss
|
|-weather|Sandstorm|[upkeep]
|upkeep
|
|t:|1666545295
|switch|p2a: Charizard|Charizard, M|85/100
|turn|51
|
|t:|1666545298
|switch|p1a: Archeops|Archeops, M|88/100 brn
|move|p2a: Charizard|Flamethrower|p1a: Archeops
|-resisted|p1a: Archeops
|-damage|p1a: Archeops|64/100 brn
|
|-weather|Sandstorm|[upkeep]
|-damage|p2a: Charizard|79/100|[from] Sandstorm
|-damage|p1a: Archeops|58/100 brn|[from] brn
|upkeep
|turn|52
|
|t:|1666545308
|switch|p2a: Gigalith|Gigalith, F|73/100
|move|p1a: Archeops|Stone Edge|p2a: Gigalith|[miss]
|-miss|p1a: Archeops|p2a: Gigalith
|
|-weather|Sandstorm|[upkeep]
|-heal|p2a: Gigalith|80/100|[from] item: Leftovers
|-damage|p1a: Archeops|51/100 brn|[from] brn
|upkeep
|turn|53
|
|t:|1666545313
|move|p1a: Archeops|U-turn|p2a: Gigalith
|-damage|p2a: Gigalith|71/100
|
|t:|1666545316
|switch|p1a: Tangela|Tangela, M|68/100 tox|[from]move: U-turn
|move|p2a: Gigalith|Stealth Rock|p1a: Tangela
|-sidestart|p1: Haffling|move: Stealth Rock
|
|-weather|none
|-heal|p2a: Gigalith|77/100|[from] item: Leftovers
|-damage|p1a: Tangela|62/100 tox|[from] psn
|upkeep
|turn|54
|
|t:|1666545321
|move|p2a: Gigalith|Protect|p2a: Gigalith
|-singleturn|p2a: Gigalith|Protect
|move|p1a: Tangela|Sludge Bomb|p2a: Gigalith
|-activate|p2a: Gigalith|move: Protect
|
|-heal|p2a: Gigalith|83/100|[from] item: Leftovers
|-damage|p1a: Tangela|50/100 tox|[from] psn
|upkeep
|turn|55
|
|t:|1666545327
|move|p1a: Tangela|Leech Seed|p2a: Gigalith
|-start|p2a: Gigalith|move: Leech Seed
|move|p2a: Gigalith|Rock Blast|p1a: Tangela
|-damage|p1a: Tangela|45/100 tox
|-crit|p1a: Tangela
|-damage|p1a: Tangela|37/100 tox
|-damage|p1a: Tangela|32/100 tox
|-hitcount|p1a: Tangela|3
|
|-heal|p2a: Gigalith|90/100|[from] item: Leftovers
|-damage|p2a: Gigalith|77/100|[from] Leech Seed|[of] p1a: Tangela
|-heal|p1a: Tangela|46/100 tox|[silent]
|-damage|p1a: Tangela|28/100 tox|[from] psn
|upkeep
|turn|56
|
|t:|1666545336
|switch|p1a: Jolteon|Jolteon, M|16/100
|switch|p2a: Charizard|Charizard, M|79/100
|
|upkeep
|turn|57
|
|t:|1666545340
|switch|p2a: Gigalith|Gigalith, F|77/100
|-weather|Sandstorm|[from] ability: Sand Stream|[of] p2a: Gigalith
|move|p1a: Jolteon|Volt Switch|p2a: Gigalith
|-damage|p2a: Gigalith|61/100
|
|t:|1666545343
|switch|p1a: Silvally|Silvally-Steel|27/100|[from]move: Volt Switch
|-damage|p1a: Silvally|21/100|[from] Stealth Rock
|
|-weather|Sandstorm|[upkeep]
|-heal|p2a: Gigalith|67/100|[from] item: Leftovers
|upkeep
|turn|58
|
|t:|1666545349
|switch|p2a: Charizard|Charizard, M|79/100
|move|p1a: Silvally|Multi-Attack|p2a: Charizard
|-resisted|p2a: Charizard
|-damage|p2a: Charizard|53/100
|
|-weather|Sandstorm|[upkeep]
|-damage|p2a: Charizard|47/100|[from] Sandstorm
|upkeep
|turn|59
|
|t:|1666545359
|switch|p1a: Archeops|Archeops, M|51/100 brn
|move|p2a: Charizard|Flamethrower|p1a: Archeops
|-resisted|p1a: Archeops
|-damage|p1a: Archeops|27/100 brn
|
|-weather|Sandstorm|[upkeep]
|-damage|p2a: Charizard|41/100|[from] Sandstorm
|-damage|p1a: Archeops|21/100 brn|[from] brn
|upkeep
|turn|60
|
|t:|1666545367
|move|p1a: Archeops|Roost|p1a: Archeops
|-heal|p1a: Archeops|71/100 brn
|-singleturn|p1a: Archeops|move: Roost
|move|p2a: Charizard|Roost|p2a: Charizard
|-heal|p2a: Charizard|91/100
|-singleturn|p2a: Charizard|move: Roost
|
|-weather|Sandstorm|[upkeep]
|-damage|p2a: Charizard|85/100|[from] Sandstorm
|-damage|p1a: Archeops|65/100 brn|[from] brn
|upkeep
|turn|61
|
|t:|1666545370
|switch|p2a: Gigalith|Gigalith, F|67/100
|move|p1a: Archeops|Stone Edge|p2a: Gigalith|[miss]
|-miss|p1a: Archeops|p2a: Gigalith
|
|-weather|none
|-heal|p2a: Gigalith|73/100|[from] item: Leftovers
|-damage|p1a: Archeops|59/100 brn|[from] brn
|upkeep
|turn|62
|c|☆Haffling|bruh
|c|☆Haffling|how unlucky can i get
|
|t:|1666545388
|move|p1a: Archeops|U-turn|p2a: Gigalith
|-damage|p2a: Gigalith|64/100
|
|t:|1666545391
|switch|p1a: Tangela|Tangela, M|61/100 tox|[from]move: U-turn
|-damage|p1a: Tangela|49/100 tox|[from] Stealth Rock
|move|p2a: Gigalith|Rock Blast|p1a: Tangela
|-damage|p1a: Tangela|43/100 tox
|-damage|p1a: Tangela|39/100 tox
|-hitcount|p1a: Tangela|2
|
|-heal|p2a: Gigalith|70/100|[from] item: Leftovers
|-damage|p1a: Tangela|33/100 tox|[from] psn
|upkeep
|turn|63
|
|t:|1666545405
|switch|p2a: Charizard|Charizard, M|85/100
|move|p1a: Tangela|Knock Off|p2a: Charizard
|-damage|p2a: Charizard|64/100
|-enditem|p2a: Charizard|Heavy-Duty Boots|[from] move: Knock Off|[of] p1a: Tangela
|
|-damage|p1a: Tangela|21/100 tox|[from] psn
|upkeep
|turn|64
|
|t:|1666545410
|switch|p1a: Archeops|Archeops, M|59/100 brn
|move|p2a: Charizard|Flamethrower|p1a: Archeops
|-resisted|p1a: Archeops
|-damage|p1a: Archeops|22/100 brn
|
|-damage|p1a: Archeops|16/100 brn|[from] brn
|upkeep
|turn|65
|
|t:|1666545415
|switch|p2a: Gigalith|Gigalith, F|70/100
|-weather|Sandstorm|[from] ability: Sand Stream|[of] p2a: Gigalith
|move|p1a: Archeops|Roost|p1a: Archeops
|-heal|p1a: Archeops|66/100 brn
|-singleturn|p1a: Archeops|move: Roost
|
|-weather|Sandstorm|[upkeep]
|-heal|p2a: Gigalith|76/100|[from] item: Leftovers
|-damage|p1a: Archeops|60/100 brn|[from] brn
|upkeep
|turn|66
|
|t:|1666545419
|move|p1a: Archeops|U-turn|p2a: Gigalith
|-damage|p2a: Gigalith|66/100
|
|t:|1666545423
|switch|p1a: Jolteon|Jolteon, M|16/100|[from]move: U-turn
|move|p2a: Gigalith|Rock Blast|p1a: Jolteon
|-damage|p1a: Jolteon|0 fnt
|faint|p1a: Jolteon
|-hitcount|p1: Jolteon|1
|
|-weather|Sandstorm|[upkeep]
|-heal|p2a: Gigalith|72/100|[from] item: Leftovers
|upkeep
|
|t:|1666545425
|switch|p1a: Silvally|Silvally-Steel|21/100
|-damage|p1a: Silvally|15/100|[from] Stealth Rock
|turn|67
|
|t:|1666545434
|move|p1a: Silvally|Multi-Attack|p2a: Gigalith
|-supereffective|p2a: Gigalith
|-damage|p2a: Gigalith|11/100
|move|p2a: Gigalith|Rock Blast|p1a: Silvally
|-resisted|p1a: Silvally
|-damage|p1a: Silvally|10/100
|-resisted|p1a: Silvally
|-damage|p1a: Silvally|5/100
|-hitcount|p1a: Silvally|2
|
|-weather|Sandstorm|[upkeep]
|-heal|p2a: Gigalith|17/100|[from] item: Leftovers
|upkeep
|turn|68
|
|t:|1666545442
|move|p2a: Gigalith|Protect|p2a: Gigalith
|-singleturn|p2a: Gigalith|Protect
|move|p1a: Silvally|Surf|p2a: Gigalith
|-activate|p2a: Gigalith|move: Protect
|
|-weather|Sandstorm|[upkeep]
|-heal|p2a: Gigalith|23/100|[from] item: Leftovers
|upkeep
|turn|69
|
|t:|1666545447
|switch|p2a: Charizard|Charizard, M|64/100
|move|p1a: Silvally|Surf|p2a: Charizard
|-supereffective|p2a: Charizard
|-damage|p2a: Charizard|20/100
|
|-weather|none
|upkeep
|turn|70
|
|t:|1666545451
|move|p2a: Charizard|Roost|p2a: Charizard
|-heal|p2a: Charizard|71/100
|-singleturn|p2a: Charizard|move: Roost
|move|p1a: Silvally|Surf|p2a: Charizard
|-supereffective|p2a: Charizard
|-damage|p2a: Charizard|23/100
|
|upkeep
|turn|71
|
|t:|1666545456
|move|p2a: Charizard|Flamethrower|p1a: Silvally
|-supereffective|p1a: Silvally
|-damage|p1a: Silvally|0 fnt
|faint|p1a: Silvally
|
|upkeep
|
|t:|1666545459
|switch|p1a: Archeops|Archeops, M|60/100 brn
|turn|72
|
|t:|1666545464
|move|p1a: Archeops|Stone Edge|p2a: Charizard
|-supereffective|p2a: Charizard
|-damage|p2a: Charizard|0 fnt
|faint|p2a: Charizard
|
|-damage|p1a: Archeops|54/100 brn|[from] brn
|upkeep
|
|t:|1666545467
|switch|p2a: Gigalith|Gigalith, F|23/100
|-weather|Sandstorm|[from] ability: Sand Stream|[of] p2a: Gigalith
|turn|73
|
|t:|1666545470
|move|p2a: Gigalith|Protect|p2a: Gigalith
|-singleturn|p2a: Gigalith|Protect
|move|p1a: Archeops|Earthquake|p2a: Gigalith
|-activate|p2a: Gigalith|move: Protect
|
|-weather|Sandstorm|[upkeep]
|-heal|p2a: Gigalith|30/100|[from] item: Leftovers
|-damage|p1a: Archeops|48/100 brn|[from] brn
|upkeep
|turn|74
|
|t:|1666545496
|move|p1a: Archeops|Earthquake|p2a: Gigalith
|-supereffective|p2a: Gigalith
|-crit|p2a: Gigalith
|-damage|p2a: Gigalith|9/100
|move|p2a: Gigalith|Rock Blast|p1a: Archeops
|-supereffective|p1a: Archeops
|-damage|p1a: Archeops|13/100 brn
|-supereffective|p1a: Archeops
|-damage|p1a: Archeops|0 fnt
|faint|p1a: Archeops
|-hitcount|p1: Archeops|2
|
|-weather|Sandstorm|[upkeep]
|-heal|p2a: Gigalith|15/100|[from] item: Leftovers
|upkeep
|
|t:|1666545499
|switch|p1a: Tangela|Tangela, M|54/100 tox
|-damage|p1a: Tangela|42/100 tox|[from] Stealth Rock
|turn|75
|
|t:|1666545509
|move|p2a: Gigalith|Protect|p2a: Gigalith
|-singleturn|p2a: Gigalith|Protect
|move|p1a: Tangela|Giga Drain|p2a: Gigalith
|-activate|p2a: Gigalith|move: Protect
|
|-weather|Sandstorm|[upkeep]
|-damage|p1a: Tangela|36/100 tox|[from] Sandstorm
|-heal|p2a: Gigalith|21/100|[from] item: Leftovers
|-damage|p1a: Tangela|30/100 tox|[from] psn
|upkeep
|turn|76
|inactive|Notmlg has 120 seconds left.
|
|t:|1666545529
|move|p1a: Tangela|Giga Drain|p2a: Gigalith
|-supereffective|p2a: Gigalith
|-damage|p2a: Gigalith|0 fnt
|-heal|p1a: Tangela|41/100 tox|[from] drain|[of] p2a: Gigalith
|faint|p2a: Gigalith
|
|win|Haffling
|n|☆Haffling|haffling
|n|☆Notmlg|notmlg
|c|☆Haffling|what a awful game
|c|☆Notmlg|ok gg i guess
|c|☆Haffling|gg
|c|☆Haffling|double crit
|c|☆Haffling|into a burn
|c|☆Haffling|into 4 misses is not fun
|c|☆Notmlg|yeah me missing 2 toxic then double crit on scraffy its equal you won more on
|c|☆Haffling|i mean
|c|☆Haffling|i won regardless of that
|c|☆Notmlg|ok move on gg
|c|☆Haffling|also p sure i 1hko with aroma no matter
