|j|☆Karrakarra
|j|☆austinxhensl
|player|p1|Karrakarra|saturn|1443
|player|p2|austinxhensl|266|1211
|teamsize|p1|6
|teamsize|p2|6
|gametype|singles
|gen|8
|tier|[Gen 8] PU
|rated|
|clearpoke
|poke|p1|Vespiquen, F|
|poke|p1|Mawile, F|
|poke|p1|Whiscash, M|
|poke|p1|Raichu, M|
|poke|p1|Liepard, F|
|poke|p1|Glaceon, F|
|poke|p2|Noctowl, M|
|poke|p2|Carkol, M|
|poke|p2|Ludicolo, F|
|poke|p2|Lapras, M|
|poke|p2|Raichu, M|
|poke|p2|Mawile, M|
|rule|Sleep Clause Mod: Limit one foe put to sleep
|rule|Species Clause: Limit one of each Pokémon
|rule|OHKO Clause: OHKO moves are banned
|rule|Evasion Moves Clause: Evasion moves are banned
|rule|Endless Battle Clause: Forcing endless battles is banned
|rule|HP Percentage Mod: HP is shown in percentages
|rule|Dynamax Clause: You cannot dynamax
|teampreview
|
|start
|switch|p1a: Whiscash|Whiscash, M|100/100
|switch|p2a: Carkol|Carkol, M|100/100
|turn|1
|
|switch|p2a: Ludicolo|Ludicolo, F|100/100
|move|p1a: Whiscash|Earthquake|p2a: Ludicolo
|-resisted|p2a: Ludicolo
|-damage|p2a: Ludicolo|89/100
|
|-heal|p2a: Ludicolo|95/100|[from] item: Leftovers
|upkeep
|turn|2
|
|switch|p1a: Glaceon|Glaceon, F|100/100
|move|p2a: Ludicolo|Leech Seed|p1a: Glaceon
|-start|p1a: Glaceon|move: Leech Seed
|
|-heal|p2a: Ludicolo|100/100|[from] item: Leftovers
|-damage|p1a: Glaceon|88/100|[from] Leech Seed|[of] p2a: Ludicolo
|upkeep
|turn|3
|j| Landon✘A21
|
|switch|p2a: Carkol|Carkol, M|100/100
|move|p1a: Glaceon|Toxic|p2a: Carkol
|-status|p2a: Carkol|tox
|
|-heal|p1a: Glaceon|94/100|[from] item: Leftovers
|-damage|p1a: Glaceon|82/100|[from] Leech Seed|[of] p2a: Carkol
|-damage|p2a: Carkol|94/100 tox|[from] psn
|upkeep
|turn|4
|
|switch|p1a: Whiscash|Whiscash, M|100/100
|move|p2a: Carkol|Stealth Rock|p1a: Whiscash
|-sidestart|p1: Karrakarra|move: Stealth Rock
|
|-damage|p2a: Carkol|82/100 tox|[from] psn
|upkeep
|turn|5
|
|switch|p2a: Ludicolo|Ludicolo, F|100/100
|move|p1a: Whiscash|Toxic|p2a: Ludicolo
|-status|p2a: Ludicolo|tox
|
|-damage|p2a: Ludicolo|94/100 tox|[from] psn
|upkeep
|turn|6
|
|move|p1a: Whiscash|Protect|p1a: Whiscash
|-singleturn|p1a: Whiscash|Protect
|move|p2a: Ludicolo|Leech Seed|p1a: Whiscash
|-activate|p1a: Whiscash|move: Protect
|
|-heal|p2a: Ludicolo|100/100 tox|[from] item: Leftovers
|-damage|p2a: Ludicolo|88/100 tox|[from] psn
|upkeep
|turn|7
|
|switch|p1a: Vespiquen|Vespiquen, F|100/100
|-ability|p1a: Vespiquen|Unnerve|p2: austinxhensl
|move|p2a: Ludicolo|Leech Seed|p1a: Vespiquen
|-start|p1a: Vespiquen|move: Leech Seed
|
|-heal|p2a: Ludicolo|94/100 tox|[from] item: Leftovers
|-damage|p1a: Vespiquen|88/100|[from] Leech Seed|[of] p2a: Ludicolo
|-heal|p2a: Ludicolo|100/100 tox|[silent]
|-damage|p2a: Ludicolo|82/100 tox|[from] psn
|upkeep
|turn|8
|
|switch|p2a: Lapras|Lapras, M|100/100
|move|p1a: Vespiquen|Defog|p2a: Lapras
|-unboost|p2a: Lapras|evasion|1
|-sideend|p1: Karrakarra|Stealth Rock|[from] move: Defog|[of] p1a: Vespiquen
|
|-damage|p1a: Vespiquen|76/100|[from] Leech Seed|[of] p2a: Lapras
|upkeep
|turn|9
|
|switch|p1a: Glaceon|Glaceon, F|82/100
|move|p2a: Lapras|Heal Bell|p2a: Lapras
|-activate|p2a: Lapras|move: Heal Bell
|-curestatus|p2: Carkol|tox|[msg]
|-curestatus|p2: Ludicolo|tox|[msg]
|
|-heal|p1a: Glaceon|88/100|[from] item: Leftovers
|upkeep
|turn|10
|
|switch|p2a: Mawile|Mawile, M|100/100
|-ability|p2a: Mawile|Intimidate|boost
|-unboost|p1a: Glaceon|atk|1
|move|p1a: Glaceon|Freeze-Dry|p2a: Mawile
|-resisted|p2a: Mawile
|-damage|p2a: Mawile|74/100
|
|-heal|p1a: Glaceon|94/100|[from] item: Leftovers
|upkeep
|turn|11
|
|switch|p1a: Whiscash|Whiscash, M|100/100
|move|p2a: Mawile|Toxic|p1a: Whiscash
|-status|p1a: Whiscash|tox
|
|-damage|p1a: Whiscash|94/100 tox|[from] psn
|upkeep
|turn|12
|
|switch|p1a: Raichu|Raichu, M, shiny|100/100
|switch|p2a: Ludicolo|Ludicolo, F|82/100
|
|-heal|p2a: Ludicolo|88/100|[from] item: Leftovers
|upkeep
|turn|13
|
|move|p1a: Raichu|Volt Switch|p2a: Ludicolo
|-damage|p2a: Ludicolo|55/100
|-damage|p1a: Raichu|91/100|[from] item: Life Orb
|
|switch|p1a: Vespiquen|Vespiquen, F|76/100|[from]move: Volt Switch
|-ability|p1a: Vespiquen|Unnerve|p2: austinxhensl
|move|p2a: Ludicolo|Leech Seed|p1a: Vespiquen
|-start|p1a: Vespiquen|move: Leech Seed
|
|-heal|p2a: Ludicolo|61/100|[from] item: Leftovers
|-damage|p1a: Vespiquen|64/100|[from] Leech Seed|[of] p2a: Ludicolo
|-heal|p2a: Ludicolo|72/100|[silent]
|upkeep
|turn|14
|
|switch|p2a: Lapras|Lapras, M|100/100
|move|p1a: Vespiquen|Toxic Spikes|p2a: Lapras
|-sidestart|p2: austinxhensl|move: Toxic Spikes
|
|-damage|p1a: Vespiquen|52/100|[from] Leech Seed|[of] p2a: Lapras
|upkeep
|turn|15
|
|switch|p1a: Glaceon|Glaceon, F|94/100
|move|p2a: Lapras|Freeze-Dry|p1a: Glaceon
|-resisted|p1a: Glaceon
|-damage|p1a: Glaceon|86/100
|
|-heal|p1a: Glaceon|92/100|[from] item: Leftovers
|upkeep
|turn|16
|
|move|p1a: Glaceon|Freeze-Dry|p2a: Lapras
|-damage|p2a: Lapras|84/100
|move|p2a: Lapras|Toxic|p1a: Glaceon
|-status|p1a: Glaceon|tox
|
|-heal|p1a: Glaceon|98/100 tox|[from] item: Leftovers
|-heal|p2a: Lapras|90/100|[from] item: Leftovers
|-damage|p1a: Glaceon|92/100 tox|[from] psn
|upkeep
|turn|17
|
|switch|p2a: Carkol|Carkol, M|82/100
|-status|p2a: Carkol|psn
|move|p1a: Glaceon|Wish|p1a: Glaceon
|
|-heal|p1a: Glaceon|98/100 tox|[from] item: Leftovers
|-damage|p1a: Glaceon|86/100 tox|[from] psn
|-damage|p2a: Carkol|70/100 psn|[from] psn
|upkeep
|turn|18
|
|switch|p1a: Vespiquen|Vespiquen, F|52/100
|-ability|p1a: Vespiquen|Unnerve|p2: austinxhensl
|move|p2a: Carkol|Rapid Spin|p1a: Vespiquen
|-damage|p1a: Vespiquen|47/100
|-boost|p2a: Carkol|spe|1
|-sideend|p2: austinxhensl|Toxic Spikes|[from] move: Rapid Spin|[of] p2a: Carkol
|
|-heal|p1a: Vespiquen|95/100|[from] move: Wish|[wisher] Glaceon
|-damage|p2a: Carkol|58/100 psn|[from] psn
|upkeep
|turn|19
|
|switch|p2a: Raichu|Raichu, M|100/100
|switch|p1a: Whiscash|Whiscash, M|94/100 tox
|
|-heal|p1a: Whiscash|100/100 tox|[from] item: Leftovers
|-damage|p1a: Whiscash|94/100 tox|[from] psn
|upkeep
|turn|20
|
|switch|p2a: Ludicolo|Ludicolo, F|72/100
|move|p1a: Whiscash|Earthquake|p2a: Ludicolo
|-resisted|p2a: Ludicolo
|-crit|p2a: Ludicolo
|-damage|p2a: Ludicolo|54/100
|
|-heal|p2a: Ludicolo|60/100|[from] item: Leftovers
|-heal|p1a: Whiscash|100/100 tox|[from] item: Leftovers
|-damage|p1a: Whiscash|88/100 tox|[from] psn
|upkeep
|turn|21
|
|switch|p1a: Vespiquen|Vespiquen, F|95/100
|-ability|p1a: Vespiquen|Unnerve|p2: austinxhensl
|move|p2a: Ludicolo|Leech Seed|p1a: Vespiquen
|-start|p1a: Vespiquen|move: Leech Seed
|
|-heal|p2a: Ludicolo|66/100|[from] item: Leftovers
|-damage|p1a: Vespiquen|83/100|[from] Leech Seed|[of] p2a: Ludicolo
|-heal|p2a: Ludicolo|77/100|[silent]
|upkeep
|turn|22
|
|move|p2a: Ludicolo|Substitute|p2a: Ludicolo
|-start|p2a: Ludicolo|Substitute
|-damage|p2a: Ludicolo|53/100
|move|p1a: Vespiquen|U-turn|p2a: Ludicolo
|-supereffective|p2a: Ludicolo
|-end|p2a: Ludicolo|Substitute
|
|switch|p1a: Liepard|Liepard, F|100/100|[from]move: U-turn
|
|-heal|p2a: Ludicolo|59/100|[from] item: Leftovers
|upkeep
|turn|23
|l| Landon✘A21
|
|switch|p2a: Mawile|Mawile, M|74/100
|-ability|p2a: Mawile|Intimidate|boost
|-unboost|p1a: Liepard|atk|1
|move|p1a: Liepard|Knock Off|p2a: Mawile
|-resisted|p2a: Mawile
|-damage|p2a: Mawile|60/100
|-damage|p1a: Liepard|84/100|[from] item: Rocky Helmet|[of] p2a: Mawile
|-enditem|p2a: Mawile|Rocky Helmet|[from] move: Knock Off|[of] p1a: Liepard
|
|upkeep
|turn|24
|
|move|p1a: Liepard|U-turn|p2a: Mawile
|-resisted|p2a: Mawile
|-damage|p2a: Mawile|57/100
|
|switch|p1a: Vespiquen|Vespiquen, F|83/100|[from]move: U-turn
|-ability|p1a: Vespiquen|Unnerve|p2: austinxhensl
|move|p2a: Mawile|Play Rough|p1a: Vespiquen
|-damage|p1a: Vespiquen|63/100
|-unboost|p1a: Vespiquen|atk|1
|
|upkeep
|turn|25
|
|move|p2a: Mawile|Toxic|p1a: Vespiquen
|-status|p1a: Vespiquen|tox
|move|p1a: Vespiquen|U-turn|p2a: Mawile
|-resisted|p2a: Mawile
|-damage|p2a: Mawile|54/100
|
|switch|p1a: Mawile|Mawile, F|100/100|[from]move: U-turn
|
|upkeep
|turn|26
|
|move|p1a: Mawile|Swords Dance|p1a: Mawile
|-boost|p1a: Mawile|atk|2
|move|p2a: Mawile|Pain Split|p1a: Mawile
|-sethp|p1a: Mawile|84/100|[from] move: Pain Split|[silent]
|-sethp|p2a: Mawile|67/100|[from] move: Pain Split
|
|upkeep
|turn|27
|
|switch|p2a: Carkol|Carkol, M|58/100 psn
|move|p1a: Mawile|Iron Head|p2a: Carkol
|-damage|p2a: Carkol|0 fnt
|faint|p2a: Carkol
|
|upkeep
|
|switch|p2a: Lapras|Lapras, M|90/100
|turn|28
|
|move|p1a: Mawile|Thunder Punch|p2a: Lapras
|-supereffective|p2a: Lapras
|-damage|p2a: Lapras|0 fnt
|faint|p2a: Lapras
|
|upkeep
|-message|austinxhensl forfeited.
|
|win|Karrakarra
|l|☆austinxhensl
|raw|Karrakarra's rating: 1443 &rarr; <strong>1451</strong><br />(+8 for winning)
|raw|austinxhensl's rating: 1211 &rarr; <strong>1201</strong><br />(-10 for losing)
