|html|<div class="broadcast-blue"><strong>[Gen 8] PU is currently suspecting Araquanid! For information on how to participate check out the <a href="https://www.smogon.com/forums/threads/np-pu-stage-9-itsy-bitsy-spider.3704256/">suspect thread</a>.</strong></div>
|j|☆MaraIsTheBest
|j|☆Eesturn
|t:|1656871647
|gametype|singles
|player|p1|MaraIsTheBest|lenora|1348
|player|p2|Eesturn|bellelba|1410
|teamsize|p1|6
|teamsize|p2|6
|gen|8
|tier|[Gen 8] PU
|rated|
|rule|Sleep Clause Mod: Limit one foe put to sleep
|rule|Species Clause: Limit one of each Pokémon
|rule|OHKO Clause: OHKO moves are banned
|rule|Evasion Moves Clause: Evasion moves are banned
|rule|Endless Battle Clause: Forcing endless battles is banned
|rule|HP Percentage Mod: HP is shown in percentages
|rule|Dynamax Clause: You cannot dynamax
|clearpoke
|poke|p1|Doublade, M|
|poke|p1|Guzzlord|
|poke|p1|Aromatisse, M|
|poke|p1|Aggron, F|
|poke|p1|Araquanid, F|
|poke|p1|Eldegoss, M|
|poke|p2|Ribombee, F|
|poke|p2|Claydol|
|poke|p2|Scrafty, M|
|poke|p2|Ninjask, M|
|poke|p2|Ferroseed, F|
|poke|p2|Lanturn, F|
|teampreview
|
|t:|1656871658
|start
|switch|p1a: Guzzlord|Guzzlord|100/100
|switch|p2a: Scrafty|Scrafty, M|100/100
|turn|1
|
|t:|1656871665
|switch|p1a: Aromatisse|Aromatisse, M|100/100
|move|p2a: Scrafty|Knock Off|p1a: Aromatisse
|-resisted|p1a: Aromatisse
|-damage|p1a: Aromatisse|84/100
|-enditem|p1a: Aromatisse|Heavy-Duty Boots|[from] move: Knock Off|[of] p2a: Scrafty
|
|upkeep
|turn|2
|
|t:|1656871672
|switch|p2a: Ferroseed|Ferroseed, F|100/100
|move|p1a: Aromatisse|Wish|p1a: Aromatisse
|
|upkeep
|turn|3
|
|t:|1656871680
|switch|p1a: Guzzlord|Guzzlord|100/100
|move|p2a: Ferroseed|Leech Seed|p1a: Guzzlord
|-start|p1a: Guzzlord|move: Leech Seed
|
|-damage|p1a: Guzzlord|88/100|[from] Leech Seed|[of] p2a: Ferroseed
|upkeep
|turn|4
|
|t:|1656871687
|switch|p2a: Lanturn|Lanturn, F|100/100
|move|p1a: Guzzlord|Knock Off|p2a: Lanturn
|-damage|p2a: Lanturn|58/100
|-enditem|p2a: Lanturn|Leftovers|[from] move: Knock Off|[of] p1a: Guzzlord
|
|-heal|p1a: Guzzlord|94/100|[from] item: Leftovers
|-damage|p1a: Guzzlord|82/100|[from] Leech Seed|[of] p2a: Lanturn
|-heal|p2a: Lanturn|75/100|[silent]
|upkeep
|turn|5
|
|t:|1656871697
|move|p2a: Lanturn|Volt Switch|p1a: Guzzlord
|-resisted|p1a: Guzzlord
|-damage|p1a: Guzzlord|73/100
|
|t:|1656871701
|switch|p2a: Scrafty|Scrafty, M|100/100|[from]move: Volt Switch
|move|p1a: Guzzlord|Draco Meteor|p2a: Scrafty
|-damage|p2a: Scrafty|56/100
|-unboost|p1a: Guzzlord|spa|2
|
|-heal|p2a: Scrafty|62/100|[from] item: Leftovers
|-heal|p1a: Guzzlord|79/100|[from] item: Leftovers
|-damage|p1a: Guzzlord|67/100|[from] Leech Seed|[of] p2a: Scrafty
|-heal|p2a: Scrafty|86/100|[silent]
|upkeep
|turn|6
|
|t:|1656871713
|switch|p2a: Ferroseed|Ferroseed, F|100/100
|switch|p1a: Aromatisse|Aromatisse, M|84/100
|
|upkeep
|turn|7
|
|t:|1656871720
|move|p1a: Aromatisse|Wish|p1a: Aromatisse
|move|p2a: Ferroseed|Spikes|p1a: Aromatisse
|-sidestart|p1: MaraIsTheBest|Spikes
|
|upkeep
|turn|8
|
|t:|1656871724
|switch|p1a: Guzzlord|Guzzlord|67/100
|-damage|p1a: Guzzlord|54/100|[from] Spikes
|move|p2a: Ferroseed|Leech Seed|p1a: Guzzlord
|-start|p1a: Guzzlord|move: Leech Seed
|
|-heal|p1a: Guzzlord|85/100|[from] move: Wish|[wisher] Aromatisse
|-heal|p1a: Guzzlord|92/100|[from] item: Leftovers
|-damage|p1a: Guzzlord|79/100|[from] Leech Seed|[of] p2a: Ferroseed
|upkeep
|turn|9
|
|t:|1656871734
|switch|p2a: Lanturn|Lanturn, F|75/100
|move|p1a: Guzzlord|Fire Blast|p2a: Lanturn
|-resisted|p2a: Lanturn
|-damage|p2a: Lanturn|66/100
|
|-heal|p1a: Guzzlord|85/100|[from] item: Leftovers
|-damage|p1a: Guzzlord|73/100|[from] Leech Seed|[of] p2a: Lanturn
|-heal|p2a: Lanturn|84/100|[silent]
|upkeep
|turn|10
|
|t:|1656871743
|switch|p1a: Eldegoss|Eldegoss, M|100/100
|move|p2a: Lanturn|Scald|p1a: Eldegoss
|-resisted|p1a: Eldegoss
|-crit|p1a: Eldegoss
|-damage|p1a: Eldegoss|86/100
|-status|p1a: Eldegoss|brn
|
|-damage|p1a: Eldegoss|80/100 brn|[from] brn
|upkeep
|turn|11
|
|t:|1656871752
|move|p2a: Lanturn|Volt Switch|p1a: Eldegoss
|-resisted|p1a: Eldegoss
|-damage|p1a: Eldegoss|71/100 brn
|
|t:|1656871755
|switch|p2a: Ferroseed|Ferroseed, F|100/100|[from]move: Volt Switch
|move|p1a: Eldegoss|Rapid Spin|p2a: Ferroseed
|-resisted|p2a: Ferroseed
|-damage|p2a: Ferroseed|99/100
|-boost|p1a: Eldegoss|spe|1
|-damage|p1a: Eldegoss|59/100 brn|[from] ability: Iron Barbs|[of] p2a: Ferroseed
|-sideend|p1: MaraIsTheBest|Spikes|[from] move: Rapid Spin|[of] p1a: Eldegoss
|
|-damage|p1a: Eldegoss|53/100 brn|[from] brn
|upkeep
|turn|12
|
|t:|1656871765
|switch|p1a: Guzzlord|Guzzlord|73/100
|move|p2a: Ferroseed|Knock Off|p1a: Guzzlord
|-resisted|p1a: Guzzlord
|-damage|p1a: Guzzlord|67/100
|-enditem|p1a: Guzzlord|Leftovers|[from] move: Knock Off|[of] p2a: Ferroseed
|
|upkeep
|turn|13
|
|t:|1656871773
|switch|p2a: Lanturn|Lanturn, F|84/100
|move|p1a: Guzzlord|Fire Blast|p2a: Lanturn
|-resisted|p2a: Lanturn
|-damage|p2a: Lanturn|74/100
|
|upkeep
|turn|14
|
|t:|1656871780
|move|p2a: Lanturn|Volt Switch|p1a: Guzzlord
|-resisted|p1a: Guzzlord
|-damage|p1a: Guzzlord|59/100
|
|t:|1656871783
|switch|p2a: Scrafty|Scrafty, M|86/100|[from]move: Volt Switch
|move|p1a: Guzzlord|Draco Meteor|p2a: Scrafty
|-damage|p2a: Scrafty|45/100
|-unboost|p1a: Guzzlord|spa|2
|
|-heal|p2a: Scrafty|51/100|[from] item: Leftovers
|upkeep
|turn|15
|
|t:|1656871791
|switch|p1a: Aromatisse|Aromatisse, M|84/100
|move|p2a: Scrafty|Rest|p2a: Scrafty
|-status|p2a: Scrafty|slp|[from] move: Rest
|-heal|p2a: Scrafty|100/100 slp|[silent]
|
|-activate|p2a: Scrafty|ability: Shed Skin
|-curestatus|p2a: Scrafty|slp|[msg]
|upkeep
|turn|16
|
|t:|1656871801
|switch|p2a: Ferroseed|Ferroseed, F|99/100
|move|p1a: Aromatisse|Moonblast|p2a: Ferroseed
|-resisted|p2a: Ferroseed
|-damage|p2a: Ferroseed|85/100
|
|upkeep
|turn|17
|
|t:|1656871808
|switch|p1a: Eldegoss|Eldegoss, M|86/100 brn
|move|p2a: Ferroseed|Leech Seed|p1a: Eldegoss
|-immune|p1a: Eldegoss
|
|-damage|p1a: Eldegoss|80/100 brn|[from] brn
|upkeep
|turn|18
|
|t:|1656871815
|switch|p1a: Guzzlord|Guzzlord|59/100
|move|p2a: Ferroseed|Leech Seed|p1a: Guzzlord
|-start|p1a: Guzzlord|move: Leech Seed
|
|-damage|p1a: Guzzlord|46/100|[from] Leech Seed|[of] p2a: Ferroseed
|-heal|p2a: Ferroseed|100/100|[silent]
|upkeep
|turn|19
|
|t:|1656871825
|switch|p2a: Scrafty|Scrafty, M|100/100
|move|p1a: Guzzlord|Knock Off|p2a: Scrafty
|-resisted|p2a: Scrafty
|-damage|p2a: Scrafty|93/100
|-enditem|p2a: Scrafty|Leftovers|[from] move: Knock Off|[of] p1a: Guzzlord
|
|-damage|p1a: Guzzlord|34/100|[from] Leech Seed|[of] p2a: Scrafty
|-heal|p2a: Scrafty|100/100|[silent]
|upkeep
|turn|20
|
|t:|1656871834
|switch|p2a: Ribombee|Ribombee, F|100/100
|move|p1a: Guzzlord|Rest|p1a: Guzzlord
|-status|p1a: Guzzlord|slp|[from] move: Rest
|-heal|p1a: Guzzlord|100/100 slp|[silent]
|
|-damage|p1a: Guzzlord|88/100 slp|[from] Leech Seed|[of] p2a: Ribombee
|upkeep
|turn|21
|
|t:|1656871842
|switch|p1a: Doublade|Doublade, M|100/100
|move|p2a: Ribombee|Moonblast|p1a: Doublade
|-resisted|p1a: Doublade
|-damage|p1a: Doublade|73/100
|
|upkeep
|turn|22
|
|t:|1656871848
|switch|p2a: Ferroseed|Ferroseed, F|100/100
|move|p1a: Doublade|Swords Dance|p1a: Doublade
|-boost|p1a: Doublade|atk|2
|
|upkeep
|turn|23
|
|t:|1656871865
|switch|p2a: Ninjask|Ninjask, M|100/100
|move|p1a: Doublade|Sacred Sword|p2a: Ninjask
|-resisted|p2a: Ninjask
|-damage|p2a: Ninjask|68/100
|
|upkeep
|turn|24
|
|t:|1656871872
|move|p2a: Ninjask|Dual Wingbeat|p1a: Doublade
|-resisted|p1a: Doublade
|-damage|p1a: Doublade|68/100
|-resisted|p1a: Doublade
|-damage|p1a: Doublade|63/100
|-hitcount|p1a: Doublade|2
|move|p1a: Doublade|Swords Dance|p1a: Doublade
|-boost|p1a: Doublade|atk|2
|
|-ability|p2a: Ninjask|Speed Boost|boost
|-boost|p2a: Ninjask|spe|1
|upkeep
|turn|25
|
|t:|1656871881
|move|p2a: Ninjask|Dual Wingbeat|p1a: Doublade
|-resisted|p1a: Doublade
|-damage|p1a: Doublade|58/100
|-resisted|p1a: Doublade
|-damage|p1a: Doublade|53/100
|-hitcount|p1a: Doublade|2
|move|p1a: Doublade|Swords Dance|p1a: Doublade
|-boost|p1a: Doublade|atk|2
|
|-ability|p2a: Ninjask|Speed Boost|boost
|-boost|p2a: Ninjask|spe|1
|upkeep
|turn|26
|
|t:|1656871890
|switch|p2a: Scrafty|Scrafty, M|100/100
|move|p1a: Doublade|Shadow Sneak|p2a: Scrafty
|-resisted|p2a: Scrafty
|-crit|p2a: Scrafty
|-damage|p2a: Scrafty|60/100
|
|upkeep
|turn|27
|
|t:|1656871898
|move|p2a: Scrafty|Knock Off|p1a: Doublade
|-supereffective|p1a: Doublade
|-damage|p1a: Doublade|18/100
|-enditem|p1a: Doublade|Eviolite|[from] move: Knock Off|[of] p2a: Scrafty
|move|p1a: Doublade|Sacred Sword|p2a: Scrafty
|-supereffective|p2a: Scrafty
|-damage|p2a: Scrafty|0 fnt
|faint|p2a: Scrafty
|
|upkeep
|
|t:|1656871907
|switch|p2a: Ninjask|Ninjask, M|68/100
|turn|28
|
|t:|1656871913
|switch|p2a: Ferroseed|Ferroseed, F|100/100
|move|p1a: Doublade|Sacred Sword|p2a: Ferroseed
|-supereffective|p2a: Ferroseed
|-damage|p2a: Ferroseed|0 fnt
|-damage|p1a: Doublade|6/100|[from] ability: Iron Barbs|[of] p2a: Ferroseed
|faint|p2a: Ferroseed
|
|upkeep
|c|☆MaraIsTheBest|Gg
|c|☆Eesturn|gg
|
|t:|1656871924
|switch|p2a: Lanturn|Lanturn, F|74/100
|turn|29
|
|t:|1656871927
|move|p1a: Doublade|Shadow Sneak|p2a: Lanturn
|-damage|p2a: Lanturn|0 fnt
|faint|p2a: Lanturn
|
|upkeep
|
|t:|1656871931
|switch|p2a: Claydol|Claydol|100/100
|turn|30
|
|t:|1656871934
|move|p1a: Doublade|Shadow Sneak|p2a: Claydol
|-supereffective|p2a: Claydol
|-damage|p2a: Claydol|2/100
|move|p2a: Claydol|Earth Power|p1a: Doublade
|-supereffective|p1a: Doublade
|-damage|p1a: Doublade|0 fnt
|faint|p1a: Doublade
|
|-heal|p2a: Claydol|9/100|[from] item: Leftovers
|upkeep
|c|☆MaraIsTheBest|Ushh
|
|t:|1656871952
|switch|p1a: Eldegoss|Eldegoss, M|100/100 brn
|turn|31
|
|t:|1656871957
|move|p2a: Claydol|Stealth Rock|p1a: Eldegoss
|-sidestart|p1: MaraIsTheBest|move: Stealth Rock
|move|p1a: Eldegoss|Giga Drain|p2a: Claydol
|-supereffective|p2a: Claydol
|-damage|p2a: Claydol|0 fnt
|faint|p2a: Claydol
|
|-damage|p1a: Eldegoss|94/100 brn|[from] brn
|upkeep
|
|t:|1656871964
|switch|p2a: Ribombee|Ribombee, F|100/100
|turn|32
|
|t:|1656871969
|move|p2a: Ribombee|Bug Buzz|p1a: Eldegoss
|-supereffective|p1a: Eldegoss
|-damage|p1a: Eldegoss|2/100 brn
|move|p1a: Eldegoss|Rapid Spin|p2a: Ribombee
|-crit|p2a: Ribombee
|-damage|p2a: Ribombee|92/100
|-boost|p1a: Eldegoss|spe|1
|-sideend|p1: MaraIsTheBest|Stealth Rock|[from] move: Rapid Spin|[of] p1a: Eldegoss
|
|-damage|p1a: Eldegoss|0 fnt|[from] brn
|faint|p1a: Eldegoss
|upkeep
|
|t:|1656871972
|switch|p1a: Aggron|Aggron, F|100/100
|turn|33
|
|t:|1656871980
|switch|p2a: Ninjask|Ninjask, M|68/100
|move|p1a: Aggron|Heavy Slam|p2a: Ninjask
|-damage|p2a: Ninjask|0 fnt
|faint|p2a: Ninjask
|
|upkeep
|
|t:|1656871986
|switch|p2a: Ribombee|Ribombee, F|92/100
|turn|34
|c|☆Eesturn|watch this 30%
|
|t:|1656871991
|move|p2a: Ribombee|Energy Ball|p1a: Aggron
|-crit|p1a: Aggron
|-damage|p1a: Aggron|3/100
|move|p1a: Aggron|Heavy Slam|p2a: Ribombee
|-supereffective|p2a: Ribombee
|-damage|p2a: Ribombee|0 fnt
|faint|p2a: Ribombee
|
|win|MaraIsTheBest
|raw|MaraIsTheBest's rating: 1348 &rarr; <strong>1372</strong><br />(+24 for winning)
|raw|Eesturn's rating: 1410 &rarr; <strong>1386</strong><br />(-24 for losing)
|c|☆Eesturn|oh wait
|c|☆MaraIsTheBest|Lmao
|c|☆Eesturn|gg
|c|☆MaraIsTheBest|Gg
|l|☆Eesturn
||Ladder isn't responding, score probably updated but might not have (Request timeout).
