|j|☆Heracross2.0
|j|☆DiannieRatson
|t:|1654302065
|gametype|singles
|player|p1|Heracross2.0|klara|
|player|p2|DiannieRatson|swimmerf-gen4|
|teamsize|p1|6
|teamsize|p2|6
|gen|8
|tier|[Gen 8] PU
|rule|Sleep Clause Mod: Limit one foe put to sleep
|rule|Species Clause: Limit one of each Pokémon
|rule|OHKO Clause: OHKO moves are banned
|rule|Evasion Moves Clause: Evasion moves are banned
|rule|Endless Battle Clause: Forcing endless battles is banned
|rule|HP Percentage Mod: HP is shown in percentages
|rule|Dynamax Clause: You cannot dynamax
|clearpoke
|poke|p1|Scrafty, F|
|poke|p1|Charizard, M|
|poke|p1|Jellicent, M|
|poke|p1|Gigalith, F|
|poke|p1|Togedemaru, F|
|poke|p1|Ferroseed, F|
|poke|p2|Sandaconda, F|
|poke|p2|Eldegoss, M|
|poke|p2|Togedemaru, F|
|poke|p2|Ribombee, F|
|poke|p2|Charizard, F|
|poke|p2|Sandslash, F|
|teampreview
|inactive|Battle timer is ON: inactive players will automatically lose when time's up. (requested by Heracross2.0)
|c|☆DiannieRatson|Hf
|c|☆Heracross2.0|same
|c|☆DiannieRatson|Gl
|
|t:|1654302094
|start
|switch|p1a: Leon|Charizard, M, shiny|100/100
|switch|p2a: Togedemaru|Togedemaru, F|100/100
|turn|1
|
|t:|1654302109
|switch|p1a: Ferro|Ferroseed, F|100/100
|switch|p2a: Sandaconda|Sandaconda, F|100/100
|
|upkeep
|turn|2
|inactive|DiannieRatson has 270 seconds left.
|
|t:|1654302151
|move|p2a: Sandaconda|Earthquake|p1a: Ferro
|-damage|p1a: Ferro|80/100
|move|p1a: Ferro|Knock Off|p2a: Sandaconda
|-damage|p2a: Sandaconda|92/100
|-damage|p1a: Ferro|63/100|[from] item: Rocky Helmet|[of] p2a: Sandaconda
|-enditem|p2a: Sandaconda|Rocky Helmet|[from] move: Knock Off|[of] p1a: Ferro
|
|upkeep
|turn|3
|
|t:|1654302158
|switch|p2a: Charizard|Charizard, F|100/100
|move|p1a: Ferro|Leech Seed|p2a: Charizard
|-start|p2a: Charizard|move: Leech Seed
|
|-damage|p2a: Charizard|88/100|[from] Leech Seed|[of] p1a: Ferro
|-heal|p1a: Ferro|79/100|[silent]
|upkeep
|turn|4
|
|t:|1654302168
|switch|p1a: Monolith|Gigalith, F, shiny|100/100
|-weather|Sandstorm|[from] ability: Sand Stream|[of] p1a: Monolith
|move|p2a: Charizard|Toxic|p1a: Monolith
|-status|p1a: Monolith|tox
|
|-weather|Sandstorm|[upkeep]
|-damage|p2a: Charizard|82/100|[from] Sandstorm
|-damage|p2a: Charizard|70/100|[from] Leech Seed|[of] p1a: Monolith
|-damage|p1a: Monolith|94/100 tox|[from] psn
|upkeep
|turn|5
|
|t:|1654302176
|switch|p2a: Sandslash|Sandslash, F|100/100
|move|p1a: Monolith|Stealth Rock|p2a: Sandslash
|-sidestart|p2: DiannieRatson|move: Stealth Rock
|
|-weather|Sandstorm|[upkeep]
|-heal|p1a: Monolith|100/100 tox|[from] item: Leftovers
|-damage|p1a: Monolith|88/100 tox|[from] psn
|upkeep
|turn|6
|inactive|DiannieRatson has 270 seconds left.
|
|t:|1654302186
|switch|p1a: Ferro|Ferroseed, F|79/100
|move|p2a: Sandslash|Knock Off|p1a: Ferro
|-damage|p1a: Ferro|60/100
|-damage|p2a: Sandslash|88/100|[from] ability: Iron Barbs|[of] p1a: Ferro
|-enditem|p1a: Ferro|Eviolite|[from] move: Knock Off|[of] p2a: Sandslash
|
|-weather|Sandstorm|[upkeep]
|upkeep
|turn|7
|inactive|DiannieRatson has 270 seconds left.
|
|t:|1654302201
|move|p2a: Sandslash|Earthquake|p1a: Ferro
|-damage|p1a: Ferro|20/100
|move|p1a: Ferro|Leech Seed|p2a: Sandslash
|-start|p2a: Sandslash|move: Leech Seed
|
|-weather|Sandstorm|[upkeep]
|-damage|p2a: Sandslash|76/100|[from] Leech Seed|[of] p1a: Ferro
|-heal|p1a: Ferro|32/100|[silent]
|upkeep
|turn|8
|
|t:|1654302208
|switch|p1a: Gelitan|Jellicent, M, shiny|100/100
|move|p2a: Sandslash|Earthquake|p1a: Gelitan
|-crit|p1a: Gelitan
|-damage|p1a: Gelitan|46/100
|
|-weather|none
|-damage|p2a: Sandslash|63/100|[from] Leech Seed|[of] p1a: Gelitan
|-heal|p1a: Gelitan|55/100|[silent]
|upkeep
|turn|9
|inactive|DiannieRatson has 270 seconds left.
|
|t:|1654302228
|switch|p2a: Eldegoss|Eldegoss, M|100/100
|move|p1a: Gelitan|Recover|p1a: Gelitan
|-heal|p1a: Gelitan|100/100
|
|upkeep
|turn|10
|
|t:|1654302237
|move|p2a: Eldegoss|Leaf Storm|p1a: Gelitan
|-supereffective|p1a: Gelitan
|-damage|p1a: Gelitan|5/100
|-unboost|p2a: Eldegoss|spa|2
|move|p1a: Gelitan|Taunt|p2a: Eldegoss
|-start|p2a: Eldegoss|move: Taunt
|
|upkeep
|turn|11
|
|t:|1654302242
|switch|p1a: Leon|Charizard, M, shiny|100/100
|move|p2a: Eldegoss|Leaf Storm|p1a: Leon
|-resisted|p1a: Leon
|-damage|p1a: Leon|92/100
|-unboost|p2a: Eldegoss|spa|2
|
|upkeep
|turn|12
|
|t:|1654302256
|switch|p2a: Charizard|Charizard, F|70/100
|move|p1a: Leon|Mystical Fire|p2a: Charizard
|-resisted|p2a: Charizard
|-damage|p2a: Charizard|53/100
|-unboost|p2a: Charizard|spa|1
|
|upkeep
|turn|13
|
|t:|1654302268
|move|p2a: Charizard|Roost|p2a: Charizard
|-heal|p2a: Charizard|100/100
|-singleturn|p2a: Charizard|move: Roost
|move|p1a: Leon|Hurricane|p2a: Charizard
|-damage|p2a: Charizard|50/100
|
|upkeep
|turn|14
|
|t:|1654302276
|move|p1a: Leon|Hurricane|p2a: Charizard
|-damage|p2a: Charizard|0 fnt
|faint|p2a: Charizard
|
|upkeep
|
|t:|1654302293
|switch|p2a: Sandaconda|Sandaconda, F|92/100
|-damage|p2a: Sandaconda|86/100|[from] Stealth Rock
|turn|15
|
|t:|1654302305
|switch|p1a: Scars|Scrafty, F|100/100
|move|p2a: Sandaconda|Glare|p1a: Scars
|-status|p1a: Scars|par
|
|upkeep
|turn|16
|
|t:|1654302311
|switch|p2a: Ribombee|Ribombee, F|100/100
|move|p1a: Scars|Knock Off|p2a: Ribombee
|-resisted|p2a: Ribombee
|-damage|p2a: Ribombee|63/100
|-enditem|p2a: Ribombee|Heavy-Duty Boots|[from] move: Knock Off|[of] p1a: Scars
|
|upkeep
|turn|17
|
|t:|1654302318
|switch|p1a: To Ge De Me|Togedemaru, F|100/100
|move|p2a: Ribombee|Moonblast|p1a: To Ge De Me
|-resisted|p1a: To Ge De Me
|-damage|p1a: To Ge De Me|76/100
|
|upkeep
|turn|18
|
|t:|1654302328
|switch|p2a: Sandaconda|Sandaconda, F|86/100
|-damage|p2a: Sandaconda|80/100|[from] Stealth Rock
|move|p1a: To Ge De Me|U-turn|p2a: Sandaconda
|-damage|p2a: Sandaconda|70/100
|
|t:|1654302332
|switch|p1a: Scars|Scrafty, F|100/100 par|[from]move: U-turn
|
|upkeep
|turn|19
|
|t:|1654302339
|switch|p2a: Ribombee|Ribombee, F|63/100
|-damage|p2a: Ribombee|38/100|[from] Stealth Rock
|move|p1a: Scars|Knock Off|p2a: Ribombee
|-resisted|p2a: Ribombee
|-damage|p2a: Ribombee|16/100
|
|upkeep
|turn|20
|
|t:|1654302345
|switch|p1a: To Ge De Me|Togedemaru, F|76/100
|move|p2a: Ribombee|Moonblast|p1a: To Ge De Me
|-resisted|p1a: To Ge De Me
|-damage|p1a: To Ge De Me|51/100
|-unboost|p1a: To Ge De Me|spa|1
|
|upkeep
|turn|21
|
|t:|1654302350
|move|p2a: Ribombee|Roost|p2a: Ribombee
|-heal|p2a: Ribombee|67/100
|-singleturn|p2a: Ribombee|move: Roost
|move|p1a: To Ge De Me|Wish|p1a: To Ge De Me
|
|upkeep
|turn|22
|
|t:|1654302360
|switch|p2a: Togedemaru|Togedemaru, F|100/100
|-damage|p2a: Togedemaru|95/100|[from] Stealth Rock
|move|p1a: To Ge De Me|Iron Head|p2a: Togedemaru
|-resisted|p2a: Togedemaru
|-crit|p2a: Togedemaru
|-damage|p2a: Togedemaru|83/100
|-damage|p1a: To Ge De Me|39/100|[from] ability: Iron Barbs|[of] p2a: Togedemaru
|
|-heal|p1a: To Ge De Me|88/100|[from] move: Wish|[wisher] To Ge De Me
|-heal|p2a: Togedemaru|89/100|[from] item: Leftovers
|upkeep
|turn|23
|
|t:|1654302366
|switch|p1a: Scars|Scrafty, F|100/100 par
|move|p2a: Togedemaru|Wish|p2a: Togedemaru
|
|-heal|p2a: Togedemaru|95/100|[from] item: Leftovers
|-activate|p1a: Scars|ability: Shed Skin
|-curestatus|p1a: Scars|par|[msg]
|upkeep
|turn|24
|
|t:|1654302374
|switch|p2a: Ribombee|Ribombee, F|67/100
|-damage|p2a: Ribombee|42/100|[from] Stealth Rock
|move|p1a: Scars|Knock Off|p2a: Ribombee
|-resisted|p2a: Ribombee
|-damage|p2a: Ribombee|19/100
|
|-heal|p2a: Ribombee|81/100|[from] move: Wish|[wisher] Togedemaru
|upkeep
|turn|25
|
|t:|1654302378
|switch|p1a: To Ge De Me|Togedemaru, F|88/100
|move|p2a: Ribombee|Moonblast|p1a: To Ge De Me
|-resisted|p1a: To Ge De Me
|-damage|p1a: To Ge De Me|60/100
|-unboost|p1a: To Ge De Me|spa|1
|
|upkeep
|turn|26
|
|t:|1654302382
|switch|p2a: Togedemaru|Togedemaru, F|95/100
|-damage|p2a: Togedemaru|89/100|[from] Stealth Rock
|move|p1a: To Ge De Me|U-turn|p2a: Togedemaru
|-resisted|p2a: Togedemaru
|-damage|p2a: Togedemaru|80/100
|-damage|p1a: To Ge De Me|48/100|[from] ability: Iron Barbs|[of] p2a: Togedemaru
|
|t:|1654302385
|switch|p1a: Scars|Scrafty, F|100/100|[from]move: U-turn
|
|-heal|p2a: Togedemaru|86/100|[from] item: Leftovers
|upkeep
|turn|27
|
|t:|1654302390
|switch|p2a: Ribombee|Ribombee, F|81/100
|-damage|p2a: Ribombee|56/100|[from] Stealth Rock
|move|p1a: Scars|Iron Head|p2a: Ribombee
|-supereffective|p2a: Ribombee
|-damage|p2a: Ribombee|0 fnt
|faint|p2a: Ribombee
|
|upkeep
|
|t:|1654302412
|switch|p2a: Sandslash|Sandslash, F|63/100
|-damage|p2a: Sandslash|57/100|[from] Stealth Rock
|turn|28
|
|t:|1654302417
|move|p2a: Sandslash|Earthquake|p1a: Scars
|-damage|p1a: Scars|48/100
|move|p1a: Scars|Dragon Dance|p1a: Scars
|-boost|p1a: Scars|atk|1
|-boost|p1a: Scars|spe|1
|
|-heal|p1a: Scars|54/100|[from] item: Leftovers
|upkeep
|turn|29
|
|t:|1654302424
|move|p1a: Scars|Drain Punch|p2a: Sandslash
|-damage|p2a: Sandslash|14/100
|-heal|p1a: Scars|76/100|[from] drain|[of] p2a: Sandslash
|move|p2a: Sandslash|Earthquake|p1a: Scars
|-damage|p1a: Scars|27/100
|
|-heal|p1a: Scars|33/100|[from] item: Leftovers
|upkeep
|turn|30
|
|t:|1654302429
|move|p1a: Scars|Drain Punch|p2a: Sandslash
|-damage|p2a: Sandslash|0 fnt
|-heal|p1a: Scars|39/100|[from] drain|[of] p2a: Sandslash
|faint|p2a: Sandslash
|
|-heal|p1a: Scars|45/100|[from] item: Leftovers
|upkeep
|
|t:|1654302448
|switch|p2a: Sandaconda|Sandaconda, F|70/100
|-damage|p2a: Sandaconda|64/100|[from] Stealth Rock
|turn|31
|
|t:|1654302451
|move|p1a: Scars|Drain Punch|p2a: Sandaconda
|-damage|p2a: Sandaconda|36/100
|-heal|p1a: Scars|62/100|[from] drain|[of] p2a: Sandaconda
|move|p2a: Sandaconda|Earthquake|p1a: Scars
|-damage|p1a: Scars|20/100
|
|-heal|p1a: Scars|26/100|[from] item: Leftovers
|upkeep
|turn|32
|
|t:|1654302458
|switch|p1a: Leon|Charizard, M, shiny|92/100
|move|p2a: Sandaconda|Earthquake|p1a: Leon
|-immune|p1a: Leon
|
|upkeep
|turn|33
|
|t:|1654302463
|move|p1a: Leon|Mystical Fire|p2a: Sandaconda
|-damage|p2a: Sandaconda|0 fnt
|faint|p2a: Sandaconda
|
|upkeep
|c|☆DiannieRatson|Gg
|-message|DiannieRatson forfeited.
|
|win|Heracross2.0
|c|☆Heracross2.0|gg
|l|☆DiannieRatson
|j|☆DiannieRatson
|player|p2|DiannieRatson|swimmerf-gen4
