|j|☆Toxicidad fuera
|j|☆Arktinos
|t:|1618956998
|gametype|singles
|player|p1|Toxicidad fuera|argenta|1528
|player|p2|Arktinos|ghetsis|1407
|teamsize|p1|6
|teamsize|p2|6
|gen|8
|tier|[Gen 8] PU
|rated|
|clearpoke
|poke|p1|Thwackey, M|
|poke|p1|Thievul, F|
|poke|p1|Gourgeist-*, M|
|poke|p1|Garbodor, F|
|poke|p1|Regirock|
|poke|p1|Xatu, M|
|poke|p2|Emolga, M|
|poke|p2|Scyther, M|
|poke|p2|Silvally-*|
|poke|p2|Absol, M|
|poke|p2|Omanyte, M|
|poke|p2|Xatu, M|
|rule|Sleep Clause Mod: Limit one foe put to sleep
|rule|Species Clause: Limit one of each Pokémon
|rule|OHKO Clause: OHKO moves are banned
|rule|Evasion Moves Clause: Evasion moves are banned
|rule|Endless Battle Clause: Forcing endless battles is banned
|rule|HP Percentage Mod: HP is shown in percentages
|rule|Dynamax Clause: You cannot dynamax
|teampreview
|c|☆Toxicidad fuera|not the omanyte jssjs
|inactive|Battle timer is ON: inactive players will automatically lose when time's up. (requested by Arktinos)
|
|t:|1618957024
|start
|switch|p1a: Regirock|Regirock|100/100
|switch|p2a: Scyther|Scyther, M|100/100
|turn|1
|
|t:|1618957033
|move|p2a: Scyther|U-turn|p1a: Regirock
|-damage|p1a: Regirock|86/100
|
|t:|1618957037
|switch|p2a: Silvally|Silvally-Steel|100/100|[from]move: U-turn
|move|p1a: Regirock|Rock Blast|p2a: Silvally
|-resisted|p2a: Silvally
|-damage|p2a: Silvally|96/100
|-resisted|p2a: Silvally
|-damage|p2a: Silvally|92/100
|-resisted|p2a: Silvally
|-damage|p2a: Silvally|88/100
|-hitcount|p2a: Silvally|3
|
|-heal|p1a: Regirock|92/100|[from] item: Leftovers
|upkeep
|turn|2
|
|t:|1618957043
|move|p2a: Silvally|Thunder Wave|p1a: Regirock
|-status|p1a: Regirock|par
|move|p1a: Regirock|Body Press|p2a: Silvally
|-supereffective|p2a: Silvally
|-damage|p2a: Silvally|0 fnt
|faint|p2a: Silvally
|
|-heal|p1a: Regirock|98/100 par|[from] item: Leftovers
|upkeep
|
|t:|1618957052
|switch|p2a: Omanyte|Omanyte, M|100/100
|turn|3
|inactive|Toxicidad fuera has 120 seconds left.
|
|t:|1618957086
|move|p2a: Omanyte|Shell Smash|p2a: Omanyte
|-unboost|p2a: Omanyte|def|1
|-unboost|p2a: Omanyte|spd|1
|-boost|p2a: Omanyte|atk|2
|-boost|p2a: Omanyte|spa|2
|-boost|p2a: Omanyte|spe|2
|move|p1a: Regirock|Body Press|p2a: Omanyte
|-supereffective|p2a: Omanyte
|-enditem|p2a: Omanyte|Focus Sash
|-damage|p2a: Omanyte|1/100
|-ability|p2a: Omanyte|Weak Armor|boost
|-unboost|p2a: Omanyte|def|1
|-boost|p2a: Omanyte|spe|2
|
|-heal|p1a: Regirock|100/100 par|[from] item: Leftovers
|upkeep
|turn|4
|inactive|Toxicidad fuera has 120 seconds left.
|
|t:|1618957101
|switch|p1a: Thwackey|Thwackey, M|100/100
|-fieldstart|move: Grassy Terrain|[from] ability: Grassy Surge|[of] p1a: Thwackey
|move|p2a: Omanyte|Scald|p1a: Thwackey
|-resisted|p1a: Thwackey
|-crit|p1a: Thwackey
|-damage|p1a: Thwackey|3/100
|-status|p1a: Thwackey|brn
|
|-heal|p2a: Omanyte|7/100|[from] Grassy Terrain
|-heal|p1a: Thwackey|9/100 brn|[from] Grassy Terrain
|-damage|p1a: Thwackey|3/100 brn|[from] brn
|upkeep
|turn|5
|j| Chat Police
|
|t:|1618957118
|switch|p2a: Scyther|Scyther, M|100/100
|move|p1a: Thwackey|Grassy Glide|p2a: Scyther
|-resisted|p2a: Scyther
|-damage|p2a: Scyther|92/100
|-damage|p1a: Thwackey|0 fnt|[from] item: Life Orb
|faint|p1a: Thwackey
|
|upkeep
|
|t:|1618957126
|switch|p1a: Gourgeist|Gourgeist-Small, M|100/100
|-item|p2a: Scyther|Choice Scarf|[from] ability: Frisk|[of] p1a: Gourgeist|[identify]
|turn|6
|
|t:|1618957140
|move|p2a: Scyther|Dual Wingbeat|p1a: Gourgeist
|-supereffective|p1a: Gourgeist
|-crit|p1a: Gourgeist
|-damage|p1a: Gourgeist|0 fnt
|-hitcount|p1a: Gourgeist|1
|faint|p1a: Gourgeist
|
|upkeep
|
|t:|1618957145
|switch|p1a: Thievul|Thievul, F|100/100
|-enditem|p1a: Thievul|Grassy Seed
|-boost|p1a: Thievul|def|1|[from] item: Grassy Seed
|turn|7
|
|t:|1618957150
|move|p1a: Thievul|Nasty Plot|p1a: Thievul
|-boost|p1a: Thievul|spa|2
|move|p2a: Scyther|Dual Wingbeat|p1a: Thievul|[miss]
|-miss|p2a: Scyther|p1a: Thievul
|
|upkeep
|turn|8
|
|t:|1618957158
|switch|p2a: Omanyte|Omanyte, M|7/100
|move|p1a: Thievul|Burning Jealousy|p2a: Omanyte
|-resisted|p2a: Omanyte
|-damage|p2a: Omanyte|0 fnt
|faint|p2a: Omanyte
|
|-fieldend|move: Grassy Terrain
|upkeep
|
|t:|1618957167
|switch|p2a: Absol|Absol, M|100/100
|turn|9
|
|t:|1618957179
|move|p1a: Thievul|Burning Jealousy|p2a: Absol
|-damage|p2a: Absol|18/100
|move|p2a: Absol|Close Combat|p1a: Thievul
|-supereffective|p1a: Thievul
|-damage|p1a: Thievul|3/100
|-unboost|p2a: Absol|def|1
|-unboost|p2a: Absol|spd|1
|
|upkeep
|turn|10
|
|t:|1618957187
|move|p2a: Absol|Sucker Punch||[still]
|-fail|p2a: Absol
|move|p1a: Thievul|Nasty Plot|p1a: Thievul
|-boost|p1a: Thievul|spa|2
|
|upkeep
|turn|11
|
|t:|1618957199
|move|p2a: Absol|Sucker Punch||[still]
|-fail|p2a: Absol
|move|p1a: Thievul|Nasty Plot|p1a: Thievul
|-boost|p1a: Thievul|spa|2
|
|upkeep
|turn|12
|
|t:|1618957209
|move|p2a: Absol|Sucker Punch||[still]
|-fail|p2a: Absol
|move|p1a: Thievul|Nasty Plot|p1a: Thievul
|-boost|p1a: Thievul|spa|0
|
|upkeep
|turn|13
|
|t:|1618957215
|move|p2a: Absol|Sucker Punch||[still]
|-fail|p2a: Absol
|move|p1a: Thievul|Nasty Plot|p1a: Thievul
|-boost|p1a: Thievul|spa|0
|
|upkeep
|turn|14
|
|t:|1618957220
|move|p1a: Thievul|Burning Jealousy|p2a: Absol
|-damage|p2a: Absol|0 fnt
|faint|p2a: Absol
|
|upkeep
|-message|Arktinos forfeited.
|
|win|Toxicidad fuera
|raw|Toxicidad fuera's rating: 1528 &rarr; <strong>1541</strong><br />(+13 for winning)
|raw|Arktinos's rating: 1408 &rarr; <strong>1395</strong><br />(-13 for losing)
|l|☆Arktinos
|l| Chat Police
||Ladder isn't responding, score probably updated but might not have (Request timeout).
