|j|☆Joke Sets
|j|☆Oofman2space
|t:|1601205552
|player|p1|Joke Sets|#2xthetap|
|player|p2|Oofman2space|dancer|
|teamsize|p1|6
|teamsize|p2|6
|gametype|singles
|gen|8
|tier|[Gen 8] PU
|rated|Tournament battle
|clearpoke
|poke|p1|Sandslash, M|
|poke|p1|Stoutland, F|
|poke|p1|Silvally-*|
|poke|p1|Shedinja|
|poke|p1|Hippopotas, M|
|poke|p1|Golduck, M|
|poke|p2|Drifblim, F|
|poke|p2|Crustle, F|
|poke|p2|Rapidash-Galar, M|
|poke|p2|Appletun, F|
|poke|p2|Stunfisk, M|
|poke|p2|Lapras, F|
|rule|Sleep Clause Mod: Limit one foe put to sleep
|rule|Species Clause: Limit one of each Pokémon
|rule|OHKO Clause: OHKO moves are banned
|rule|Evasion Moves Clause: Evasion moves are banned
|rule|Endless Battle Clause: Forcing endless battles is banned
|rule|HP Percentage Mod: HP is shown in percentages
|rule|Dynamax Clause: You cannot dynamax
|teampreview
|
|t:|1601205586
|start
|switch|p1a: Shedinja|Shedinja|100/100
|switch|p2a: Drifblim|Drifblim, F|100/100
|turn|1
|
|t:|1601205595
|switch|p1a: Silvally|Silvally-Rock|100/100
|move|p2a: Drifblim|Shadow Ball|p1a: Silvally
|-damage|p1a: Silvally|69/100
|
|upkeep
|turn|2
|
|t:|1601205606
|switch|p2a: Stunfisk|Stunfisk, M|100/100
|-item|p2a: Stunfisk|Air Balloon
|move|p1a: Silvally|Sandstorm|p1a: Silvally
|-weather|Sandstorm
|
|-weather|Sandstorm|[upkeep]
|upkeep
|turn|3
|
|t:|1601205612
|move|p1a: Silvally|U-turn|p2a: Stunfisk
|-damage|p2a: Stunfisk|83/100
|-enditem|p2a: Stunfisk|Air Balloon
|
|t:|1601205617
|switch|p1a: Sandslash|Sandslash, M|100/100|[from]move: U-turn
|move|p2a: Stunfisk|Earth Power|p1a: Sandslash
|-damage|p1a: Sandslash|37/100
|
|-weather|Sandstorm|[upkeep]
|upkeep
|turn|4
|
|t:|1601205627
|move|p2a: Stunfisk|Protect|p2a: Stunfisk
|-singleturn|p2a: Stunfisk|Protect
|move|p1a: Sandslash|Swords Dance|p1a: Sandslash
|-boost|p1a: Sandslash|atk|2
|
|-weather|Sandstorm|[upkeep]
|upkeep
|turn|5
|
|t:|1601205634
|switch|p2a: Lapras|Lapras, F|100/100
|move|p1a: Sandslash|Earthquake|p2a: Lapras
|-damage|p2a: Lapras|6/100
|
|-weather|Sandstorm|[upkeep]
|-damage|p2a: Lapras|0 fnt|[from] Sandstorm
|faint|p2a: Lapras
|upkeep
|
|t:|1601205644
|switch|p2a: Rapidash|Rapidash-Galar, M|100/100
|turn|6
|
|t:|1601205649
|move|p1a: Sandslash|Earthquake|p2a: Rapidash
|-damage|p2a: Rapidash|0 fnt
|faint|p2a: Rapidash
|
|-weather|none
|upkeep
|
|t:|1601205654
|switch|p2a: Appletun|Appletun, F|100/100
|turn|7
|
|t:|1601205658
|move|p1a: Sandslash|Leech Life|p2a: Appletun
|-supereffective|p2a: Appletun
|-damage|p2a: Appletun|0 fnt
|-heal|p1a: Sandslash|100/100|[from] drain|[of] p2a: Appletun
|-damage|p1a: Sandslash|84/100|[from] item: Rocky Helmet|[of] p2a: Appletun
|faint|p2a: Appletun
|
|upkeep
|j|%tlenit
|
|t:|1601205666
|switch|p2a: Drifblim|Drifblim, F|100/100
|turn|8
|
|t:|1601205672
|switch|p1a: Silvally|Silvally-Rock|69/100
|move|p2a: Drifblim|Shadow Ball|p1a: Silvally
|-damage|p1a: Silvally|35/100
|
|upkeep
|turn|9
|
|t:|1601205680
|move|p1a: Silvally|Multi-Attack|p2a: Drifblim
|-supereffective|p2a: Drifblim
|-enditem|p2a: Drifblim|Focus Sash
|-damage|p2a: Drifblim|1/100
|move|p2a: Drifblim|Shadow Ball|p1a: Silvally
|-damage|p1a: Silvally|5/100
|
|upkeep
|turn|10
|
|t:|1601205690
|move|p1a: Silvally|Sandstorm|p1a: Silvally
|-weather|Sandstorm
|move|p2a: Drifblim|Destiny Bond|p2a: Drifblim
|-singlemove|p2a: Drifblim|Destiny Bond
|
|-weather|Sandstorm|[upkeep]
|-damage|p2a: Drifblim|0 fnt|[from] Sandstorm
|faint|p2a: Drifblim
|upkeep
|
|t:|1601205699
|switch|p2a: Stunfisk|Stunfisk, M|83/100
|turn|11
|j|+termiii
|l|+termiii
|
|t:|1601205709
|switch|p1a: Shedinja|Shedinja|100/100
|move|p2a: Stunfisk|Earth Power|p1a: Shedinja
|-immune|p1a: Shedinja|[from] ability: Wonder Guard
|
|-weather|Sandstorm|[upkeep]
|-damage|p1a: Shedinja|0 fnt|[from] Sandstorm
|faint|p1a: Shedinja
|upkeep
|
|t:|1601205718
|switch|p1a: Stoutland|Stoutland, F|100/100
|turn|12
|c|☆Oofman2space|phew
|
|t:|1601205727
|move|p1a: Stoutland|Retaliate|p2a: Stunfisk
|-damage|p2a: Stunfisk|0 fnt
|-status|p1a: Stoutland|par|[from] ability: Static|[of] p2a: Stunfisk
|-damage|p1a: Stoutland|91/100 par|[from] item: Life Orb
|faint|p2a: Stunfisk
|
|-weather|Sandstorm|[upkeep]
|upkeep
|
|t:|1601205734
|switch|p2a: Crustle|Crustle, F, shiny|100/100
|turn|13
|
|t:|1601205742
|move|p1a: Stoutland|Superpower|p2a: Crustle
|-damage|p2a: Crustle|59/100
|-unboost|p1a: Stoutland|atk|1
|-unboost|p1a: Stoutland|def|1
|-damage|p1a: Stoutland|81/100 par|[from] item: Life Orb
|move|p2a: Crustle|Shell Smash|p2a: Crustle
|-unboost|p2a: Crustle|def|1
|-unboost|p2a: Crustle|spd|1
|-boost|p2a: Crustle|atk|2
|-boost|p2a: Crustle|spa|2
|-boost|p2a: Crustle|spe|2
|
|-weather|Sandstorm|[upkeep]
|-heal|p2a: Crustle|66/100|[from] item: Leftovers
|upkeep
|turn|14
|
|t:|1601205756
|move|p2a: Crustle|X-Scissor|p1a: Stoutland
|-damage|p1a: Stoutland|0 fnt
|faint|p1a: Stoutland
|
|-weather|none
|-heal|p2a: Crustle|72/100|[from] item: Leftovers
|upkeep
|
|t:|1601205769
|switch|p1a: Hippopotas|Hippopotas, M|100/100
|-weather|Sandstorm|[from] ability: Sand Stream|[of] p1a: Hippopotas
|turn|15
|
|t:|1601205774
|move|p2a: Crustle|X-Scissor|p1a: Hippopotas
|-damage|p1a: Hippopotas|13/100
|move|p1a: Hippopotas|Toxic|p2a: Crustle
|-status|p2a: Crustle|tox
|
|-weather|Sandstorm|[upkeep]
|-heal|p2a: Crustle|78/100 tox|[from] item: Leftovers
|-damage|p2a: Crustle|72/100 tox|[from] psn
|upkeep
|turn|16
|
|t:|1601205787
|switch|p1a: Silvally|Silvally-Rock|5/100
|move|p2a: Crustle|X-Scissor|p1a: Silvally
|-damage|p1a: Silvally|0 fnt
|faint|p1a: Silvally
|
|-weather|Sandstorm|[upkeep]
|-heal|p2a: Crustle|78/100 tox|[from] item: Leftovers
|-damage|p2a: Crustle|66/100 tox|[from] psn
|upkeep
|
|t:|1601205808
|switch|p1a: Hippopotas|Hippopotas, M|13/100
|turn|17
|
|t:|1601205811
|move|p2a: Crustle|Rock Blast|p1a: Hippopotas
|-resisted|p1a: Hippopotas
|-damage|p1a: Hippopotas|0 fnt
|-hitcount|p1a: Hippopotas|1
|faint|p1a: Hippopotas
|
|-weather|Sandstorm|[upkeep]
|-heal|p2a: Crustle|72/100 tox|[from] item: Leftovers
|-damage|p2a: Crustle|53/100 tox|[from] psn
|upkeep
|
|t:|1601205838
|switch|p1a: Golduck|Golduck, M|100/100
|-ability|p1a: Golduck|Cloud Nine
|turn|18
|
|t:|1601205844
|move|p1a: Golduck|Ice Beam|p2a: Crustle
|-damage|p2a: Crustle|0 fnt
|faint|p2a: Crustle
|
|win|Joke Sets
