|j|☆shalutianwang
|j|☆kacj2
|t:|1639280349
|gametype|singles
|player|p1|shalutianwang|pokemaniac|1249
|player|p2|kacj2|swimmer|1251
|teamsize|p1|6
|teamsize|p2|6
|gen|8
|tier|[Gen 8] PU
|rated|
|rule|Sleep Clause Mod: Limit one foe put to sleep
|rule|Species Clause: Limit one of each Pokémon
|rule|OHKO Clause: OHKO moves are banned
|rule|Evasion Moves Clause: Evasion moves are banned
|rule|Endless Battle Clause: Forcing endless battles is banned
|rule|HP Percentage Mod: HP is shown in percentages
|rule|Dynamax Clause: You cannot dynamax
|clearpoke
|poke|p1|Vikavolt, F|
|poke|p1|Carracosta, M|
|poke|p1|Scrafty, F|
|poke|p1|Silvally-*|
|poke|p1|Cinccino, F|
|poke|p1|Claydol|
|poke|p2|Wailord, M|
|poke|p2|Golduck, M|
|poke|p2|Poliwrath, F|
|poke|p2|Tsareena, F|
|poke|p2|Centiskorch, M|
|poke|p2|Hitmontop, M|
|teampreview
|
|t:|1639280360
|start
|switch|p1a: 仰泳信爷爷|Vikavolt, F|100/100
|switch|p2a: Poliwrath|Poliwrath, F|100/100
|turn|1
|inactive|Battle timer is ON: inactive players will automatically lose when time's up. (requested by kacj2)
|
|t:|1639280366
|move|p2a: Poliwrath|Rain Dance|p2a: Poliwrath
|-weather|RainDance
|move|p1a: 仰泳信爷爷|Agility|p1a: 仰泳信爷爷
|-boost|p1a: 仰泳信爷爷|spe|2
|
|-weather|RainDance|[upkeep]
|upkeep
|turn|2
|
|t:|1639280374
|move|p2a: Poliwrath|Liquidation|p1a: 仰泳信爷爷
|-damage|p1a: 仰泳信爷爷|0 fnt
|faint|p1a: 仰泳信爷爷
|-damage|p2a: Poliwrath|91/100|[from] item: Life Orb
|
|-weather|RainDance|[upkeep]
|upkeep
|
|t:|1639280382
|switch|p1a: 你的背包 对我成重的负担|Carracosta, M|100/100
|turn|3
|
|t:|1639280386
|move|p2a: Poliwrath|Liquidation|p1a: 你的背包 对我成重的负担
|-damage|p1a: 你的背包 对我成重的负担|33/100
|-unboost|p1a: 你的背包 对我成重的负担|def|1
|-damage|p2a: Poliwrath|81/100|[from] item: Life Orb
|move|p1a: 你的背包 对我成重的负担|Shell Smash|p1a: 你的背包 对我成重的负担
|-unboost|p1a: 你的背包 对我成重的负担|def|1
|-unboost|p1a: 你的背包 对我成重的负担|spd|1
|-boost|p1a: 你的背包 对我成重的负担|atk|2
|-boost|p1a: 你的背包 对我成重的负担|spa|2
|-boost|p1a: 你的背包 对我成重的负担|spe|2
|
|-weather|RainDance|[upkeep]
|upkeep
|turn|4
|
|t:|1639280398
|move|p1a: 你的背包 对我成重的负担|Aqua Jet|p2a: Poliwrath
|-resisted|p2a: Poliwrath
|-damage|p2a: Poliwrath|50/100
|move|p2a: Poliwrath|Liquidation|p1a: 你的背包 对我成重的负担
|-damage|p1a: 你的背包 对我成重的负担|0 fnt
|faint|p1a: 你的背包 对我成重的负担
|-damage|p2a: Poliwrath|40/100|[from] item: Life Orb
|
|-weather|RainDance|[upkeep]
|upkeep
|
|t:|1639280414
|switch|p1a: 如果我是Dj你会爱我吗|Silvally-Ghost|100/100
|turn|5
|
|t:|1639280419
|move|p2a: Poliwrath|Darkest Lariat|p1a: 如果我是Dj你会爱我吗
|-supereffective|p1a: 如果我是Dj你会爱我吗
|-crit|p1a: 如果我是Dj你会爱我吗
|-damage|p1a: 如果我是Dj你会爱我吗|0 fnt
|faint|p1a: 如果我是Dj你会爱我吗
|-damage|p2a: Poliwrath|30/100|[from] item: Life Orb
|
|-weather|none
|upkeep
|
|t:|1639280424
|switch|p1a: 我好美呀呀呀呀呀呀|Cinccino, F|100/100
|turn|6
|
|t:|1639280436
|move|p1a: 我好美呀呀呀呀呀呀|Bullet Seed|p2a: Poliwrath
|-supereffective|p2a: Poliwrath
|-damage|p2a: Poliwrath|8/100
|-supereffective|p2a: Poliwrath
|-damage|p2a: Poliwrath|0 fnt
|faint|p2a: Poliwrath
|-hitcount|p2: Poliwrath|2
|-damage|p1a: 我好美呀呀呀呀呀呀|91/100|[from] item: Life Orb
|
|upkeep
|
|t:|1639280444
|switch|p2a: Tsareena|Tsareena, F|100/100
|turn|7
|
|t:|1639280448
|move|p1a: 我好美呀呀呀呀呀呀|Triple Axel|p2a: Tsareena
|-supereffective|p2a: Tsareena
|-damage|p2a: Tsareena|86/100
|-supereffective|p2a: Tsareena
|-damage|p2a: Tsareena|59/100
|-supereffective|p2a: Tsareena
|-damage|p2a: Tsareena|17/100
|-hitcount|p2a: Tsareena|3
|-damage|p1a: 我好美呀呀呀呀呀呀|81/100|[from] item: Life Orb
|move|p2a: Tsareena|Power Whip|p1a: 我好美呀呀呀呀呀呀
|-damage|p1a: 我好美呀呀呀呀呀呀|0 fnt
|faint|p1a: 我好美呀呀呀呀呀呀
|
|upkeep
|
|t:|1639280458
|switch|p1a: 见谁灭谁橙冠蜥|Scrafty, F|100/100
|turn|8
|
|t:|1639280463
|move|p1a: 见谁灭谁橙冠蜥|Dragon Dance|p1a: 见谁灭谁橙冠蜥
|-boost|p1a: 见谁灭谁橙冠蜥|atk|1
|-boost|p1a: 见谁灭谁橙冠蜥|spe|1
|move|p2a: Tsareena|High Jump Kick|p1a: 见谁灭谁橙冠蜥
|-supereffective|p1a: 见谁灭谁橙冠蜥
|-damage|p1a: 见谁灭谁橙冠蜥|0 fnt
|faint|p1a: 见谁灭谁橙冠蜥
|
|upkeep
|-message|shalutianwang forfeited.
|
|win|kacj2
|raw|shalutianwang's rating: 1249 &rarr; <strong>1224</strong><br />(-25 for losing)
|raw|kacj2's rating: 1251 &rarr; <strong>1276</strong><br />(+25 for winning)
|l|☆shalutianwang
