|html|<div class="broadcast-blue"><strong>[Gen 8] PU is currently suspecting Vanilluxe! For information on how to participate check out the <a href="https://www.smogon.com/forums/threads/np-ss-pu-stage-10-ice-cream-vanilluxe-suspect-test.3705646/">suspect thread</a>.</strong></div>
|j|☆Haffling
|j|☆zeeLitium
|t:|1660436699
|gametype|singles
|player|p1|Haffling|cyrus|
|player|p2|zeeLitium|elaine|
|teamsize|p1|6
|teamsize|p2|6
|gen|8
|tier|[Gen 8] PU
|rated|Tournament battle
|rule|Sleep Clause Mod: Limit one foe put to sleep
|rule|Species Clause: Limit one of each Pokémon
|rule|OHKO Clause: OHKO moves are banned
|rule|Evasion Items Clause: Evasion items are banned
|rule|Evasion Moves Clause: Evasion moves are banned
|rule|Endless Battle Clause: Forcing endless battles is banned
|rule|HP Percentage Mod: HP is shown in percentages
|rule|Dynamax Clause: You cannot dynamax
|clearpoke
|poke|p1|Audino, F|
|poke|p1|Eldegoss, M|
|poke|p1|Corsola, M|
|poke|p1|Duosion, M|
|poke|p1|Mareanie, F|
|poke|p1|Mienfoo, M|
|poke|p2|Vanilluxe, F|
|poke|p2|Charizard, M|
|poke|p2|Eldegoss, F|
|poke|p2|Sandslash, F|
|poke|p2|Gigalith, M|
|poke|p2|Doublade, M|
|teampreview
|j| joey milktank
|j| julie uwu 3
|j| ekelelellee
|j| HazamaKazama
|c|☆zeeLitium|hf
|j| isabela000◥▶_◀◤
|c|☆Haffling|u2
|
|t:|1660436720
|start
|switch|p1a: Mienfoo|Mienfoo, M, shiny|100/100
|switch|p2a: Sandslash|Sandslash, F|100/100
|turn|1
|j| Riquelme♡14
|
|t:|1660436729
|move|p1a: Mienfoo|Taunt|p2a: Sandslash
|-start|p2a: Sandslash|move: Taunt
|move|p2a: Sandslash|Knock Off|p1a: Mienfoo
|-resisted|p1a: Mienfoo
|-damage|p1a: Mienfoo|85/100
|-enditem|p1a: Mienfoo|Eviolite|[from] move: Knock Off|[of] p2a: Sandslash
|
|upkeep
|turn|2
|
|t:|1660436734
|move|p1a: Mienfoo|Knock Off|p2a: Sandslash
|-damage|p2a: Sandslash|86/100
|-enditem|p2a: Sandslash|Leftovers|[from] move: Knock Off|[of] p1a: Mienfoo
|move|p2a: Sandslash|Earthquake|p1a: Mienfoo
|-damage|p1a: Mienfoo|21/100
|
|upkeep
|turn|3
|
|t:|1660436741
|move|p1a: Mienfoo|U-turn|p2a: Sandslash
|-damage|p2a: Sandslash|76/100
|j| busken
|
|t:|1660436754
|switch|p1a: Eldegoss|Eldegoss, M|100/100|[from]move: U-turn
|move|p2a: Sandslash|Knock Off|p1a: Eldegoss
|-damage|p1a: Eldegoss|81/100
|-enditem|p1a: Eldegoss|Heavy-Duty Boots|[from] move: Knock Off|[of] p2a: Sandslash
|
|-end|p2a: Sandslash|move: Taunt
|upkeep
|turn|4
|
|t:|1660436763
|switch|p2a: Eldegoss|Eldegoss, F, shiny|100/100
|move|p1a: Eldegoss|Leech Seed|p2a: Eldegoss
|-immune|p2a: Eldegoss
|
|upkeep
|turn|5
|
|t:|1660436772
|switch|p1a: Mienfoo|Mienfoo, M, shiny|54/100
|move|p2a: Eldegoss|Rapid Spin|p1a: Mienfoo
|-damage|p1a: Mienfoo|42/100
|-boost|p2a: Eldegoss|spe|1
|
|upkeep
|turn|6
|
|t:|1660436778
|move|p2a: Eldegoss|Leech Seed|p1a: Mienfoo
|-start|p1a: Mienfoo|move: Leech Seed
|move|p1a: Mienfoo|U-turn|p2a: Eldegoss
|-supereffective|p2a: Eldegoss
|-damage|p2a: Eldegoss|71/100
|-enditem|p2a: Eldegoss|Eject Button
|
|t:|1660436787
|switch|p2a: Vanilluxe|Vanilluxe, F, shiny|100/100
|-weather|Hail|[from] ability: Snow Warning|[of] p2a: Vanilluxe
|
|-weather|Hail|[upkeep]
|-damage|p1a: Mienfoo|36/100|[from] Hail
|-damage|p1a: Mienfoo|24/100|[from] Leech Seed|[of] p2a: Vanilluxe
|upkeep
|turn|7
|
|t:|1660436795
|switch|p1a: Audino|Audino, F|100/100
|move|p2a: Vanilluxe|Blizzard|p1a: Audino
|-damage|p1a: Audino|48/100
|-status|p1a: Audino|frz
|
|-weather|Hail|[upkeep]
|-damage|p1a: Audino|41/100 frz|[from] Hail
|upkeep
|turn|8
|c|☆Haffling|agian
|
|t:|1660436807
|switch|p1a: Corsola|Corsola, M|100/100
|move|p2a: Vanilluxe|Blizzard|p1a: Corsola
|-resisted|p1a: Corsola
|-damage|p1a: Corsola|56/100
|
|-weather|Hail|[upkeep]
|-damage|p1a: Corsola|50/100|[from] Hail
|upkeep
|turn|9
|c|☆zeeLitium|sorry
|c| busken|freeze didnt matter
|c|☆Haffling|it does
|j|+zoowi
|c| busken|u get 2hko'd regardless
|c|☆Haffling|i cant waste blizz pp
|
|t:|1660436838
|switch|p2a: Eldegoss|Eldegoss, F, shiny|100/100
|switch|p1a: Duosion|Duosion, M|100/100
|
|-weather|Hail|[upkeep]
|-damage|p2a: Eldegoss|94/100|[from] Hail
|-damage|p1a: Duosion|95/100|[from] Hail
|upkeep
|turn|10
|c|+zoowi|ye freez big
|
|t:|1660436854
|switch|p2a: Doublade|Doublade, M|100/100
|move|p1a: Duosion|Future Sight|p2a: Doublade
|-start|p1a: Duosion|move: Future Sight
|
|-weather|none
|upkeep
|turn|11
|
|t:|1660436860
|switch|p1a: Mareanie|Mareanie, F|100/100
|move|p2a: Doublade|Shadow Claw|p1a: Mareanie
|-damage|p1a: Mareanie|78/100
|
|upkeep
|turn|12
|
|t:|1660436869
|switch|p2a: Gigalith|Gigalith, M, shiny|100/100
|-weather|Sandstorm|[from] ability: Sand Stream|[of] p2a: Gigalith
|move|p1a: Mareanie|Toxic Spikes|p2a: Gigalith
|-sidestart|p2: zeeLitium|move: Toxic Spikes
|
|-weather|Sandstorm|[upkeep]
|-damage|p1a: Mareanie|72/100|[from] Sandstorm
|-end|p2a: Gigalith|move: Future Sight
|-damage|p2a: Gigalith|72/100
|-heal|p2a: Gigalith|78/100|[from] item: Leftovers
|upkeep
|turn|13
|
|t:|1660436878
|move|p1a: Mareanie|Toxic Spikes|p2a: Gigalith
|-sidestart|p2: zeeLitium|move: Toxic Spikes
|move|p2a: Gigalith|Stealth Rock|p1a: Mareanie
|-sidestart|p1: Haffling|move: Stealth Rock
|
|-weather|Sandstorm|[upkeep]
|-damage|p1a: Mareanie|67/100|[from] Sandstorm
|-heal|p2a: Gigalith|84/100|[from] item: Leftovers
|upkeep
|turn|14
|
|t:|1660436892
|switch|p1a: Eldegoss|Eldegoss, M|100/100
|-damage|p1a: Eldegoss|88/100|[from] Stealth Rock
|move|p2a: Gigalith|Earthquake|p1a: Eldegoss
|-resisted|p1a: Eldegoss
|-damage|p1a: Eldegoss|76/100
|
|-weather|Sandstorm|[upkeep]
|-damage|p1a: Eldegoss|70/100|[from] Sandstorm
|-heal|p2a: Gigalith|91/100|[from] item: Leftovers
|upkeep
|turn|15
|
|t:|1660436906
|switch|p2a: Doublade|Doublade, M|100/100
|move|p1a: Eldegoss|Rapid Spin|p2a: Doublade
|-immune|p2a: Doublade
|
|-weather|Sandstorm|[upkeep]
|-damage|p1a: Eldegoss|64/100|[from] Sandstorm
|upkeep
|turn|16
|
|t:|1660436911
|move|p1a: Eldegoss|Leech Seed|p2a: Doublade
|-start|p2a: Doublade|move: Leech Seed
|move|p2a: Doublade|Shadow Claw|p1a: Eldegoss
|-crit|p1a: Eldegoss
|-damage|p1a: Eldegoss|30/100
|
|-weather|none
|-damage|p2a: Doublade|88/100|[from] Leech Seed|[of] p1a: Eldegoss
|-heal|p1a: Eldegoss|43/100|[silent]
|upkeep
|turn|17
|
|t:|1660436915
|move|p1a: Eldegoss|Sleep Powder|p2a: Doublade
|-status|p2a: Doublade|slp|[from] move: Sleep Powder
|cant|p2a: Doublade|slp
|
|-damage|p2a: Doublade|76/100 slp|[from] Leech Seed|[of] p1a: Eldegoss
|-heal|p1a: Eldegoss|55/100|[silent]
|upkeep
|turn|18
|
|t:|1660436921
|switch|p1a: Corsola|Corsola, M|83/100
|switch|p2a: Sandslash|Sandslash, F|76/100
|-status|p2a: Sandslash|tox
|
|-damage|p2a: Sandslash|70/100 tox|[from] psn
|upkeep
|turn|19
|
|t:|1660436936
|switch|p2a: Eldegoss|Eldegoss, F, shiny|100/100
|-status|p2a: Eldegoss|tox
|switch|p1a: Eldegoss|Eldegoss, M|88/100
|-damage|p1a: Eldegoss|76/100|[from] Stealth Rock
|
|-damage|p2a: Eldegoss|94/100 tox|[from] psn
|upkeep
|turn|20
|
|t:|1660436939
|move|p2a: Eldegoss|Aromatherapy|p2a: Eldegoss
|-activate|p2a: Eldegoss|move: Aromatherapy
|-curestatus|p2a: Eldegoss|tox|[msg]
|-curestatus|p2: Doublade|slp|[msg]
|-curestatus|p2: Sandslash|tox|[msg]
|move|p1a: Eldegoss|Rapid Spin|p2a: Eldegoss
|-damage|p2a: Eldegoss|88/100
|-boost|p1a: Eldegoss|spe|1
|-sideend|p1: Haffling|Stealth Rock|[from] move: Rapid Spin|[of] p1a: Eldegoss
|
|upkeep
|turn|21
|l| HazamaKazama
|
|t:|1660436947
|switch|p1a: Duosion|Duosion, M|100/100
|move|p2a: Eldegoss|Leech Seed|p1a: Duosion
|-start|p1a: Duosion|move: Leech Seed
|
|-damage|p1a: Duosion|88/100|[from] Leech Seed|[of] p2a: Eldegoss
|-heal|p2a: Eldegoss|100/100|[silent]
|upkeep
|turn|22
|
|t:|1660436956
|switch|p2a: Sandslash|Sandslash, F|70/100
|-status|p2a: Sandslash|tox
|move|p1a: Duosion|Future Sight|p2a: Sandslash
|-start|p1a: Duosion|move: Future Sight
|
|-damage|p1a: Duosion|76/100|[from] Leech Seed|[of] p2a: Sandslash
|-heal|p2a: Sandslash|82/100 tox|[silent]
|-damage|p2a: Sandslash|75/100 tox|[from] psn
|upkeep
|turn|23
|
|t:|1660436963
|switch|p1a: Eldegoss|Eldegoss, M|100/100
|move|p2a: Sandslash|Rapid Spin|p1a: Eldegoss
|-damage|p1a: Eldegoss|91/100
|-boost|p2a: Sandslash|spe|1
|-sideend|p2: zeeLitium|Toxic Spikes|[from] move: Rapid Spin|[of] p2a: Sandslash
|
|-damage|p2a: Sandslash|63/100 tox|[from] psn
|upkeep
|turn|24
|l| julie uwu 3
|
|t:|1660436975
|switch|p2a: Eldegoss|Eldegoss, F, shiny|100/100
|switch|p1a: Mienfoo|Mienfoo, M, shiny|57/100
|
|-end|p2a: Eldegoss|move: Future Sight
|-damage|p2a: Eldegoss|55/100
|upkeep
|turn|25
|
|t:|1660436983
|move|p1a: Mienfoo|Taunt|p2a: Eldegoss
|-start|p2a: Eldegoss|move: Taunt
|cant|p2a: Eldegoss|move: Taunt|Leech Seed
|
|upkeep
|turn|26
|
|t:|1660436994
|switch|p2a: Charizard|Charizard, M|100/100
|move|p1a: Mienfoo|U-turn|p2a: Charizard
|-resisted|p2a: Charizard
|-damage|p2a: Charizard|96/100
|j| Big Bad AF
|
|t:|1660436998
|switch|p1a: Audino|Audino, F|75/100 frz|[from]move: U-turn
|
|upkeep
|turn|27
|
|t:|1660437005
|switch|p2a: Vanilluxe|Vanilluxe, F, shiny|100/100
|-weather|Hail|[from] ability: Snow Warning|[of] p2a: Vanilluxe
|cant|p1a: Audino|frz
|
|-weather|Hail|[upkeep]
|-damage|p1a: Audino|69/100 frz|[from] Hail
|upkeep
|turn|28
|j| Xyzlinkpend
|
|t:|1660437017
|cant|p1a: Audino|frz
|move|p2a: Vanilluxe|Freeze-Dry|p1a: Audino
|-damage|p1a: Audino|33/100 frz
|
|-weather|Hail|[upkeep]
|-damage|p1a: Audino|27/100 frz|[from] Hail
|upkeep
|turn|29
|
|t:|1660437022
|switch|p1a: Duosion|Duosion, M|100/100
|move|p2a: Vanilluxe|Freeze-Dry|p1a: Duosion
|-damage|p1a: Duosion|65/100
|
|-weather|Hail|[upkeep]
|-damage|p1a: Duosion|59/100|[from] Hail
|upkeep
|turn|30
|
|t:|1660437028
|move|p2a: Vanilluxe|Freeze-Dry|p1a: Duosion
|-damage|p1a: Duosion|22/100
|move|p1a: Duosion|Recover|p1a: Duosion
|-heal|p1a: Duosion|72/100
|
|-weather|Hail|[upkeep]
|-damage|p1a: Duosion|66/100|[from] Hail
|upkeep
|turn|31
|
|t:|1660437037
|switch|p2a: Eldegoss|Eldegoss, F, shiny|88/100
|move|p1a: Duosion|Recover|p1a: Duosion
|-heal|p1a: Duosion|100/100
|
|-weather|none
|upkeep
|turn|32
|
|t:|1660437044
|move|p2a: Eldegoss|Leech Seed|p1a: Duosion
|-start|p1a: Duosion|move: Leech Seed
|move|p1a: Duosion|Future Sight|p2a: Eldegoss
|-start|p1a: Duosion|move: Future Sight
|
|-damage|p1a: Duosion|88/100|[from] Leech Seed|[of] p2a: Eldegoss
|-heal|p2a: Eldegoss|100/100|[silent]
|upkeep
|turn|33
|
|t:|1660437053
|switch|p2a: Doublade|Doublade, M|76/100
|switch|p1a: Audino|Audino, F|60/100 frz
|
|upkeep
|turn|34
|
|t:|1660437057
|switch|p1a: Mareanie|Mareanie, F|99/100
|move|p2a: Doublade|Sacred Sword|p1a: Mareanie
|-resisted|p1a: Mareanie
|-damage|p1a: Mareanie|91/100
|
|-end|p2a: Doublade|move: Future Sight
|-resisted|p2a: Doublade
|-damage|p2a: Doublade|54/100
|upkeep
|turn|35
|j| Phoenix373
|c| busken|wait I just noticed ur playing 6x regenerator thats pretty cool
|
|t:|1660437075
|switch|p2a: Vanilluxe|Vanilluxe, F, shiny|100/100
|-weather|Hail|[from] ability: Snow Warning|[of] p2a: Vanilluxe
|move|p1a: Mareanie|Toxic Spikes|p2a: Vanilluxe
|-sidestart|p2: zeeLitium|move: Toxic Spikes
|
|-weather|Hail|[upkeep]
|-damage|p1a: Mareanie|85/100|[from] Hail
|upkeep
|turn|36
|
|t:|1660437085
|switch|p1a: Audino|Audino, F|94/100 frz
|move|p2a: Vanilluxe|Blizzard|p1a: Audino
|-damage|p1a: Audino|40/100 frz
|
|-weather|Hail|[upkeep]
|-damage|p1a: Audino|34/100 frz|[from] Hail
|upkeep
|turn|37
|
|t:|1660437095
|switch|p1a: Corsola|Corsola, M|100/100
|move|p2a: Vanilluxe|Blizzard|p1a: Corsola
|-resisted|p1a: Corsola
|-damage|p1a: Corsola|58/100
|
|-weather|Hail|[upkeep]
|-damage|p1a: Corsola|52/100|[from] Hail
|upkeep
|turn|38
|c| Xyzlinkpend|Tryhard stall in roomtour
|c|☆Haffling|defo a tryhard with my miefoo
|c| Big Bad AF|Yes a team with 4 eviolites
|c| Big Bad AF|Is so tryhard
|c| Big Bad AF|In a tier that's completely flooded with Knock
|
|t:|1660437122
|switch|p1a: Duosion|Duosion, M|100/100
|move|p2a: Vanilluxe|Blizzard|p1a: Duosion
|-damage|p1a: Duosion|42/100
|
|-weather|Hail|[upkeep]
|-damage|p1a: Duosion|36/100|[from] Hail
|upkeep
|turn|39
|j|+Roonie217
|
|t:|1660437132
|switch|p2a: Charizard|Charizard, M|96/100
|switch|p1a: Corsola|Corsola, M|86/100
|
|-weather|none
|upkeep
|turn|40
|
|t:|1660437141
|switch|p2a: Doublade|Doublade, M|54/100
|move|p1a: Corsola|Toxic|p2a: Doublade
|-immune|p2a: Doublade
|
|upkeep
|turn|41
|
|t:|1660437146
|switch|p1a: Mareanie|Mareanie, F|100/100
|move|p2a: Doublade|Toxic|p1a: Mareanie
|-immune|p1a: Mareanie
|
|upkeep
|turn|42
|
|t:|1660437152
|move|p1a: Mareanie|Scald|p2a: Doublade
|-damage|p2a: Doublade|39/100
|-status|p2a: Doublade|brn
|move|p2a: Doublade|Rest|p2a: Doublade
|-status|p2a: Doublade|slp|[from] move: Rest
|-heal|p2a: Doublade|100/100 slp|[silent]
|
|upkeep
|turn|43
|
|t:|1660437162
|switch|p1a: Corsola|Corsola, M|100/100
|switch|p2a: Sandslash|Sandslash, F|63/100 tox
|
|-damage|p2a: Sandslash|57/100 tox|[from] psn
|upkeep
|turn|44
|
|t:|1660437166
|move|p2a: Sandslash|Rapid Spin|p1a: Corsola
|-resisted|p1a: Corsola
|-damage|p1a: Corsola|96/100
|-boost|p2a: Sandslash|spe|1
|-sideend|p2: zeeLitium|Toxic Spikes|[from] move: Rapid Spin|[of] p2a: Sandslash
|move|p1a: Corsola|Scald|p2a: Sandslash
|-supereffective|p2a: Sandslash
|-damage|p2a: Sandslash|2/100 tox
|
|-damage|p2a: Sandslash|0 fnt|[from] psn
|faint|p2a: Sandslash
|upkeep
|
|t:|1660437170
|switch|p2a: Eldegoss|Eldegoss, F, shiny|100/100
|turn|45
|
|t:|1660437179
|switch|p1a: Duosion|Duosion, M|69/100
|move|p2a: Eldegoss|Leech Seed|p1a: Duosion
|-start|p1a: Duosion|move: Leech Seed
|
|-damage|p1a: Duosion|57/100|[from] Leech Seed|[of] p2a: Eldegoss
|upkeep
|turn|46
|
|t:|1660437186
|switch|p2a: Gigalith|Gigalith, M, shiny|91/100
|-weather|Sandstorm|[from] ability: Sand Stream|[of] p2a: Gigalith
|move|p1a: Duosion|Future Sight|p2a: Gigalith
|-start|p1a: Duosion|move: Future Sight
|
|-weather|Sandstorm|[upkeep]
|-damage|p1a: Duosion|51/100|[from] Sandstorm
|-heal|p2a: Gigalith|97/100|[from] item: Leftovers
|-damage|p1a: Duosion|39/100|[from] Leech Seed|[of] p2a: Gigalith
|-heal|p2a: Gigalith|100/100|[silent]
|upkeep
|turn|47
|
|t:|1660437193
|switch|p1a: Corsola|Corsola, M|100/100
|move|p2a: Gigalith|Stealth Rock|p1a: Corsola
|-sidestart|p1: Haffling|move: Stealth Rock
|
|-weather|Sandstorm|[upkeep]
|upkeep
|turn|48
|
|t:|1660437197
|move|p1a: Corsola|Stealth Rock|p2a: Gigalith
|-sidestart|p2: zeeLitium|move: Stealth Rock
|move|p2a: Gigalith|Earthquake|p1a: Corsola
|-supereffective|p1a: Corsola
|-damage|p1a: Corsola|55/100
|
|-weather|Sandstorm|[upkeep]
|-end|p2a: Gigalith|move: Future Sight
|-damage|p2a: Gigalith|72/100
|-heal|p2a: Gigalith|78/100|[from] item: Leftovers
|upkeep
|turn|49
|
|t:|1660437203
|switch|p1a: Eldegoss|Eldegoss, M|100/100
|-damage|p1a: Eldegoss|88/100|[from] Stealth Rock
|move|p2a: Gigalith|Earthquake|p1a: Eldegoss
|-resisted|p1a: Eldegoss
|-damage|p1a: Eldegoss|75/100
|
|-weather|Sandstorm|[upkeep]
|-damage|p1a: Eldegoss|69/100|[from] Sandstorm
|-heal|p2a: Gigalith|84/100|[from] item: Leftovers
|upkeep
|turn|50
|
|t:|1660437207
|move|p1a: Eldegoss|Grass Knot|p2a: Gigalith
|-supereffective|p2a: Gigalith
|-damage|p2a: Gigalith|49/100
|move|p2a: Gigalith|Rock Blast|p1a: Eldegoss
|-damage|p1a: Eldegoss|60/100
|-damage|p1a: Eldegoss|51/100
|-hitcount|p1a: Eldegoss|2
|
|-weather|none
|-heal|p2a: Gigalith|55/100|[from] item: Leftovers
|upkeep
|turn|51
|
|t:|1660437211
|move|p2a: Gigalith|Protect|p2a: Gigalith
|-singleturn|p2a: Gigalith|Protect
|move|p1a: Eldegoss|Rapid Spin|p2a: Gigalith
|-activate|p2a: Gigalith|move: Protect
|
|-heal|p2a: Gigalith|61/100|[from] item: Leftovers
|upkeep
|turn|52
|
|t:|1660437239
|switch|p2a: Doublade|Doublade, M|100/100 slp
|-damage|p2a: Doublade|94/100 slp|[from] Stealth Rock
|move|p1a: Eldegoss|Rapid Spin|p2a: Doublade
|-immune|p2a: Doublade
|
|upkeep
|turn|53
|
|t:|1660437245
|move|p1a: Eldegoss|Leech Seed|p2a: Doublade
|-start|p2a: Doublade|move: Leech Seed
|cant|p2a: Doublade|slp
|
|-damage|p2a: Doublade|82/100 slp|[from] Leech Seed|[of] p1a: Eldegoss
|-heal|p1a: Eldegoss|63/100|[silent]
|upkeep
|turn|54
|
|t:|1660437250
|switch|p2a: Eldegoss|Eldegoss, F, shiny|100/100
|-damage|p2a: Eldegoss|88/100|[from] Stealth Rock
|move|p1a: Eldegoss|Rapid Spin|p2a: Eldegoss
|-damage|p2a: Eldegoss|82/100
|-boost|p1a: Eldegoss|spe|1
|-sideend|p1: Haffling|Stealth Rock|[from] move: Rapid Spin|[of] p1a: Eldegoss
|
|upkeep
|turn|55
|
|t:|1660437256
|switch|p1a: Audino|Audino, F|67/100 frz
|move|p2a: Eldegoss|Rapid Spin|p1a: Audino
|-damage|p1a: Audino|61/100 frz
|-boost|p2a: Eldegoss|spe|1
|-sideend|p2: zeeLitium|Stealth Rock|[from] move: Rapid Spin|[of] p2a: Eldegoss
|
|upkeep
|turn|56
|
|t:|1660437262
|cant|p1a: Audino|frz
|move|p2a: Eldegoss|Leech Seed|p1a: Audino
|-start|p1a: Audino|move: Leech Seed
|
|-damage|p1a: Audino|49/100 frz|[from] Leech Seed|[of] p2a: Eldegoss
|-heal|p2a: Eldegoss|98/100|[silent]
|upkeep
|turn|57
|
|t:|1660437277
|switch|p2a: Doublade|Doublade, M|82/100 slp
|switch|p1a: Duosion|Duosion, M|72/100
|
|upkeep
|turn|58
|
|t:|1660437283
|switch|p1a: Mareanie|Mareanie, F|100/100
|cant|p2a: Doublade|slp
|
|upkeep
|turn|59
|
|t:|1660437289
|move|p1a: Mareanie|Toxic Spikes|p2a: Doublade
|-sidestart|p2: zeeLitium|move: Toxic Spikes
|-curestatus|p2a: Doublade|slp|[msg]
|move|p2a: Doublade|Shadow Claw|p1a: Mareanie
|-damage|p1a: Mareanie|79/100
|
|upkeep
|turn|60
|
|t:|1660437293
|move|p1a: Mareanie|Scald|p2a: Doublade
|-damage|p2a: Doublade|68/100
|move|p2a: Doublade|Shadow Claw|p1a: Mareanie
|-damage|p1a: Mareanie|59/100
|
|upkeep
|turn|61
|
|t:|1660437297
|move|p1a: Mareanie|Recover|p1a: Mareanie
|-heal|p1a: Mareanie|100/100
|move|p2a: Doublade|Shadow Claw|p1a: Mareanie
|-damage|p1a: Mareanie|80/100
|
|upkeep
|turn|62
|
|t:|1660437300
|move|p1a: Mareanie|Scald|p2a: Doublade
|-damage|p2a: Doublade|54/100
|move|p2a: Doublade|Shadow Claw|p1a: Mareanie
|-damage|p1a: Mareanie|57/100
|
|upkeep
|turn|63
|
|t:|1660437304
|move|p1a: Mareanie|Recover|p1a: Mareanie
|-heal|p1a: Mareanie|100/100
|move|p2a: Doublade|Shadow Claw|p1a: Mareanie
|-damage|p1a: Mareanie|80/100
|
|upkeep
|turn|64
|
|t:|1660437310
|switch|p1a: Audino|Audino, F|82/100 frz
|move|p2a: Doublade|Rest|p2a: Doublade
|-status|p2a: Doublade|slp|[from] move: Rest
|-heal|p2a: Doublade|100/100 slp|[silent]
|
|upkeep
|turn|65
|
|t:|1660437314
|cant|p1a: Audino|frz
|cant|p2a: Doublade|slp
|
|upkeep
|turn|66
|
|t:|1660437316
|cant|p1a: Audino|frz
|cant|p2a: Doublade|slp
|
|upkeep
|turn|67
|
|t:|1660437318
|cant|p1a: Audino|frz
|-curestatus|p2a: Doublade|slp|[msg]
|move|p2a: Doublade|Sacred Sword|p1a: Audino
|-supereffective|p1a: Audino
|-damage|p1a: Audino|41/100 frz
|
|upkeep
|turn|68
|
|t:|1660437323
|switch|p1a: Mareanie|Mareanie, F|100/100
|move|p2a: Doublade|Sacred Sword|p1a: Mareanie
|-resisted|p1a: Mareanie
|-damage|p1a: Mareanie|92/100
|
|upkeep
|turn|69
|
|t:|1660437327
|move|p1a: Mareanie|Scald|p2a: Doublade
|-crit|p2a: Doublade
|-damage|p2a: Doublade|79/100
|move|p2a: Doublade|Shadow Claw|p1a: Mareanie
|-damage|p1a: Mareanie|72/100
|
|upkeep
|turn|70
|
|t:|1660437330
|move|p1a: Mareanie|Scald|p2a: Doublade
|-damage|p2a: Doublade|64/100
|move|p2a: Doublade|Shadow Claw|p1a: Mareanie
|-crit|p1a: Mareanie
|-damage|p1a: Mareanie|43/100
|
|upkeep
|turn|71
|
|t:|1660437334
|move|p1a: Mareanie|Recover|p1a: Mareanie
|-heal|p1a: Mareanie|93/100
|move|p2a: Doublade|Sacred Sword|p1a: Mareanie
|-resisted|p1a: Mareanie
|-damage|p1a: Mareanie|84/100
|
|upkeep
|turn|72
|
|t:|1660437337
|move|p1a: Mareanie|Scald|p2a: Doublade
|-damage|p2a: Doublade|51/100
|-status|p2a: Doublade|brn
|move|p2a: Doublade|Sacred Sword|p1a: Mareanie
|-resisted|p1a: Mareanie
|-damage|p1a: Mareanie|80/100
|
|-damage|p2a: Doublade|45/100 brn|[from] brn
|upkeep
|turn|73
|
|t:|1660437341
|switch|p1a: Audino|Audino, F|74/100 frz
|move|p2a: Doublade|Rest|p2a: Doublade
|-status|p2a: Doublade|slp|[from] move: Rest
|-heal|p2a: Doublade|100/100 slp|[silent]
|
|upkeep
|turn|74
|-message|zeeLitium forfeited.
|
|win|Haffling
|n|☆Haffling|haffling
|n|☆zeeLitium|zeelitium
|n| joey milktank|joeymilktank
|n| ekelelellee|ekelelellee
|n| isabela000◥▶_◀◤|isabela000
|n| Riquelme♡14|riquelme14
|n| busken|busken
|n| zoowi|zoowi
|n| Big Bad AF|bigbadaf
|n| Xyzlinkpend|xyzlinkpend
|n| Phoenix373|phoenix373
|n| Roonie217|roonie217
|c|☆zeeLitium|gg
|c|☆Haffling|gg
|l| Riquelme♡14
|l| Big Bad AF
|l| Roonie217
|l| zoowi
