|j|☆holydaysacc
|j|☆cafay sukray
|t:|1644331455
|gametype|singles
|player|p1|holydaysacc|clown|1501
|player|p2|cafay sukray|swimmer-gen4dp|1550
|teamsize|p1|6
|teamsize|p2|6
|gen|8
|tier|[Gen 8] PU
|rated|
|rule|Sleep Clause Mod: Limit one foe put to sleep
|rule|Species Clause: Limit one of each Pokémon
|rule|OHKO Clause: OHKO moves are banned
|rule|Evasion Moves Clause: Evasion moves are banned
|rule|Endless Battle Clause: Forcing endless battles is banned
|rule|HP Percentage Mod: HP is shown in percentages
|rule|Dynamax Clause: You cannot dynamax
|clearpoke
|poke|p1|Poliwrath, M|
|poke|p1|Charizard, M|
|poke|p1|Espeon, F|
|poke|p1|Frosmoth, M|
|poke|p1|Lycanroc, M|
|poke|p1|Mesprit|
|poke|p2|Glastrier|
|poke|p2|Lanturn, M|
|poke|p2|Sandaconda, F|
|poke|p2|Espeon, M|
|poke|p2|Perrserker, F|
|poke|p2|Lurantis, F|
|teampreview
|
|t:|1644331479
|start
|switch|p1a: Espeon|Espeon, F|100/100
|switch|p2a: Espeon|Espeon, M|100/100
|turn|1
|
|t:|1644331484
|move|p2a: Espeon|Shadow Ball|p1a: Espeon
|-supereffective|p1a: Espeon
|-damage|p1a: Espeon|19/100
|move|p1a: Espeon|Light Screen|p1a: Espeon
|-sidestart|p1: holydaysacc|move: Light Screen
|
|upkeep
|turn|2
|c|☆cafay sukray|oof
|
|t:|1644331492
|switch|p1a: Frosmoth|Frosmoth, M|100/100
|move|p2a: Espeon|Shadow Ball|p1a: Frosmoth
|-damage|p1a: Frosmoth|86/100
|
|-heal|p1a: Frosmoth|92/100|[from] item: Leftovers
|upkeep
|turn|3
|
|t:|1644331499
|switch|p2a: Perrserker|Perrserker, F|100/100
|switch|p1a: Charizard|Charizard, M|100/100
|
|upkeep
|turn|4
|
|t:|1644331504
|move|p1a: Charizard|Substitute|p1a: Charizard
|-start|p1a: Charizard|Substitute
|-damage|p1a: Charizard|75/100
|move|p2a: Perrserker|Iron Head|p1a: Charizard
|-resisted|p1a: Charizard
|-end|p1a: Charizard|Substitute
|
|upkeep
|turn|5
|
|t:|1644331511
|move|p1a: Charizard|Belly Drum|p1a: Charizard
|-damage|p1a: Charizard|25/100
|-setboost|p1a: Charizard|atk|6|[from] move: Belly Drum
|-enditem|p1a: Charizard|Salac Berry|[eat]
|-boost|p1a: Charizard|spe|1|[from] item: Salac Berry
|move|p2a: Perrserker|Iron Head|p1a: Charizard
|-resisted|p1a: Charizard
|-damage|p1a: Charizard|0 fnt
|faint|p1a: Charizard
|
|-sideend|p1: holydaysacc|move: Light Screen
|upkeep
|
|t:|1644331513
|switch|p1a: Poliwrath|Poliwrath, M|100/100
|turn|6
|
|t:|1644331521
|move|p1a: Poliwrath|Substitute|p1a: Poliwrath
|-start|p1a: Poliwrath|Substitute
|-damage|p1a: Poliwrath|75/100
|move|p2a: Perrserker|Iron Head|p1a: Poliwrath
|-resisted|p1a: Poliwrath
|-end|p1a: Poliwrath|Substitute
|
|upkeep
|turn|7
|
|t:|1644331528
|move|p1a: Poliwrath|Drain Punch|p2a: Perrserker
|-supereffective|p2a: Perrserker
|-damage|p2a: Perrserker|26/100
|-heal|p1a: Poliwrath|100/100|[from] drain|[of] p2a: Perrserker
|move|p2a: Perrserker|Iron Head|p1a: Poliwrath
|-resisted|p1a: Poliwrath
|-damage|p1a: Poliwrath|48/100
|
|upkeep
|turn|8
|
|t:|1644331538
|switch|p2a: Espeon|Espeon, M|100/100
|move|p1a: Poliwrath|Drain Punch|p2a: Espeon
|-resisted|p2a: Espeon
|-damage|p2a: Espeon|72/100
|-heal|p1a: Poliwrath|60/100|[from] drain|[of] p2a: Espeon
|
|upkeep
|turn|9
|
|t:|1644331555
|switch|p1a: Espeon|Espeon, F|19/100
|move|p2a: Espeon|Psychic|p1a: Espeon
|-resisted|p1a: Espeon
|-damage|p1a: Espeon|0 fnt
|faint|p1a: Espeon
|
|upkeep
|
|t:|1644331558
|switch|p1a: Frosmoth|Frosmoth, M|92/100
|turn|10
|
|t:|1644331561
|switch|p2a: Glastrier|Glastrier|100/100
|move|p1a: Frosmoth|Quiver Dance|p1a: Frosmoth
|-boost|p1a: Frosmoth|spa|1
|-boost|p1a: Frosmoth|spd|1
|-boost|p1a: Frosmoth|spe|1
|
|-heal|p1a: Frosmoth|98/100|[from] item: Leftovers
|upkeep
|turn|11
|
|t:|1644331567
|switch|p1a: Mesprit|Mesprit|100/100
|move|p2a: Glastrier|Swords Dance|p2a: Glastrier
|-boost|p2a: Glastrier|atk|2
|
|upkeep
|turn|12
|
|t:|1644331570
|move|p1a: Mesprit|Calm Mind|p1a: Mesprit
|-boost|p1a: Mesprit|spa|1
|-boost|p1a: Mesprit|spd|1
|move|p2a: Glastrier|Crunch|p1a: Mesprit
|-supereffective|p1a: Mesprit
|-damage|p1a: Mesprit|8/100
|-enditem|p1a: Mesprit|Kee Berry|[eat]
|-boost|p1a: Mesprit|def|1|[from] item: Kee Berry
|
|upkeep
|turn|13
|
|t:|1644331576
|switch|p2a: Perrserker|Perrserker, F|26/100
|move|p1a: Mesprit|Stored Power|p2a: Perrserker
|-resisted|p2a: Perrserker
|-damage|p2a: Perrserker|0 fnt
|faint|p2a: Perrserker
|
|upkeep
|
|t:|1644331579
|switch|p2a: Espeon|Espeon, M|72/100
|turn|14
|
|t:|1644331590
|move|p2a: Espeon|Psychic|p1a: Mesprit
|-resisted|p1a: Mesprit
|-damage|p1a: Mesprit|0 fnt
|faint|p1a: Mesprit
|
|upkeep
|c|☆cafay sukray|this frosmoth is about to sweep
|
|t:|1644331634
|switch|p1a: Frosmoth|Frosmoth, M|98/100
|turn|15
|
|t:|1644331638
|switch|p2a: Glastrier|Glastrier|100/100
|switch|p1a: Poliwrath|Poliwrath, M|60/100
|
|upkeep
|turn|16
|
|t:|1644331680
|move|p1a: Poliwrath|Drain Punch|p2a: Glastrier
|-supereffective|p2a: Glastrier
|-damage|p2a: Glastrier|60/100
|-heal|p1a: Poliwrath|85/100|[from] drain|[of] p2a: Glastrier
|move|p2a: Glastrier|Close Combat|p1a: Poliwrath
|-damage|p1a: Poliwrath|32/100
|-unboost|p2a: Glastrier|def|1
|-unboost|p2a: Glastrier|spd|1
|
|upkeep
|turn|17
|
|t:|1644331702
|switch|p2a: Lurantis|Lurantis, F|100/100
|move|p1a: Poliwrath|Drain Punch|p2a: Lurantis
|-damage|p2a: Lurantis|65/100
|-heal|p1a: Poliwrath|51/100|[from] drain|[of] p2a: Lurantis
|
|-heal|p2a: Lurantis|71/100|[from] item: Leftovers
|upkeep
|turn|18
|
|t:|1644331708
|move|p1a: Poliwrath|Drain Punch|p2a: Lurantis
|-damage|p2a: Lurantis|37/100
|-heal|p1a: Poliwrath|69/100|[from] drain|[of] p2a: Lurantis
|move|p2a: Lurantis|Superpower|p1a: Poliwrath
|-damage|p1a: Poliwrath|37/100
|-boost|p2a: Lurantis|atk|1
|-boost|p2a: Lurantis|def|1
|
|-heal|p2a: Lurantis|44/100|[from] item: Leftovers
|upkeep
|turn|19
|
|t:|1644331712
|move|p1a: Poliwrath|Drain Punch|p2a: Lurantis
|-damage|p2a: Lurantis|20/100
|-heal|p1a: Poliwrath|50/100|[from] drain|[of] p2a: Lurantis
|move|p2a: Lurantis|Synthesis|p2a: Lurantis
|-heal|p2a: Lurantis|70/100
|
|-heal|p2a: Lurantis|76/100|[from] item: Leftovers
|upkeep
|turn|20
|
|t:|1644331721
|move|p1a: Poliwrath|Drain Punch|p2a: Lurantis
|-damage|p2a: Lurantis|50/100
|-heal|p1a: Poliwrath|64/100|[from] drain|[of] p2a: Lurantis
|move|p2a: Lurantis|Synthesis|p2a: Lurantis
|-heal|p2a: Lurantis|100/100
|
|upkeep
|turn|21
|
|t:|1644331726
|move|p1a: Poliwrath|Drain Punch|p2a: Lurantis
|-damage|p2a: Lurantis|78/100
|-heal|p1a: Poliwrath|76/100|[from] drain|[of] p2a: Lurantis
|move|p2a: Lurantis|Superpower|p1a: Poliwrath
|-damage|p1a: Poliwrath|26/100
|-boost|p2a: Lurantis|atk|1
|-boost|p2a: Lurantis|def|1
|
|-heal|p2a: Lurantis|84/100|[from] item: Leftovers
|upkeep
|turn|22
|
|t:|1644331735
|move|p1a: Poliwrath|Drain Punch|p2a: Lurantis
|-damage|p2a: Lurantis|67/100
|-heal|p1a: Poliwrath|35/100|[from] drain|[of] p2a: Lurantis
|move|p2a: Lurantis|Synthesis|p2a: Lurantis
|-heal|p2a: Lurantis|100/100
|
|upkeep
|turn|23
|
|t:|1644331739
|move|p1a: Poliwrath|Drain Punch|p2a: Lurantis
|-damage|p2a: Lurantis|85/100
|-heal|p1a: Poliwrath|44/100|[from] drain|[of] p2a: Lurantis
|move|p2a: Lurantis|Superpower|p1a: Poliwrath
|-damage|p1a: Poliwrath|0 fnt
|-boost|p2a: Lurantis|atk|1
|-boost|p2a: Lurantis|def|1
|faint|p1a: Poliwrath
|
|-heal|p2a: Lurantis|91/100|[from] item: Leftovers
|upkeep
|
|t:|1644331743
|switch|p1a: Frosmoth|Frosmoth, M|98/100
|turn|24
|
|t:|1644331745
|move|p1a: Frosmoth|Ice Beam|p2a: Lurantis
|-supereffective|p2a: Lurantis
|-damage|p2a: Lurantis|24/100
|move|p2a: Lurantis|Superpower|p1a: Frosmoth
|-damage|p1a: Frosmoth|0 fnt
|-boost|p2a: Lurantis|atk|1
|-boost|p2a: Lurantis|def|1
|faint|p1a: Frosmoth
|
|-heal|p2a: Lurantis|30/100|[from] item: Leftovers
|upkeep
|c|☆cafay sukray|kek
|c|☆cafay sukray|ban lurantis
|
|t:|1644331757
|switch|p1a: Lycanroc|Lycanroc, M|100/100
|turn|25
|
|t:|1644331760
|move|p1a: Lycanroc|Swords Dance|p1a: Lycanroc
|-boost|p1a: Lycanroc|atk|2
|move|p2a: Lurantis|Superpower|p1a: Lycanroc
|-supereffective|p1a: Lycanroc
|-enditem|p1a: Lycanroc|Focus Sash
|-damage|p1a: Lycanroc|1/100
|-boost|p2a: Lurantis|atk|1
|-boost|p2a: Lurantis|def|1
|
|-heal|p2a: Lurantis|36/100|[from] item: Leftovers
|upkeep
|turn|26
|
|t:|1644331762
|move|p1a: Lycanroc|Close Combat|p2a: Lurantis
|-damage|p2a: Lurantis|8/100
|-unboost|p1a: Lycanroc|def|1
|-unboost|p1a: Lycanroc|spd|1
|move|p2a: Lurantis|Superpower|p1a: Lycanroc
|-supereffective|p1a: Lycanroc
|-damage|p1a: Lycanroc|0 fnt
|-boost|p2a: Lurantis|atk|1
|-boost|p2a: Lurantis|def|1
|faint|p1a: Lycanroc
|
|win|cafay sukray
|raw|holydaysacc's rating: 1501 &rarr; <strong>1484</strong><br />(-17 for losing)
|raw|cafay sukray's rating: 1550 &rarr; <strong>1567</strong><br />(+17 for winning)
