|j|‽IHaveLowGXE
|j|☆CloselyGG
|t:|1603979339
|player|p1|IHaveLowGXE|102|1348
|player|p2|CloselyGG|palmer|1256
|teamsize|p1|6
|teamsize|p2|6
|gametype|singles
|gen|8
|tier|[Gen 8] PU
|rated|
|clearpoke
|poke|p1|Metang|
|poke|p1|Magmar, M|
|poke|p1|Marshtomp, M|
|poke|p1|Liepard, M|
|poke|p1|Shiinotic, M|
|poke|p1|Silvally-*|
|poke|p2|Combusken, F|
|poke|p2|Ferroseed, M|
|poke|p2|Avalugg, M|
|poke|p2|Golbat, F|
|poke|p2|Manectric, M|
|poke|p2|Throh, M|
|rule|Sleep Clause Mod: Limit one foe put to sleep
|rule|Species Clause: Limit one of each Pokémon
|rule|OHKO Clause: OHKO moves are banned
|rule|Evasion Moves Clause: Evasion moves are banned
|rule|Endless Battle Clause: Forcing endless battles is banned
|rule|HP Percentage Mod: HP is shown in percentages
|rule|Dynamax Clause: You cannot dynamax
|teampreview
|inactive|Battle timer is ON: inactive players will automatically lose when time's up. (requested by IHaveLowGXE)
|
|t:|1603979345
|start
|switch|p1a: Magmar|Magmar, M|100/100
|switch|p2a: Ferroseed|Ferroseed, M|100/100
|turn|1
|
|t:|1603979356
|switch|p2a: Golbat|Golbat, F|100/100
|move|p1a: Magmar|Fire Blast|p2a: Golbat
|-damage|p2a: Golbat|73/100
|
|upkeep
|turn|2
|
|t:|1603979363
|move|p1a: Magmar|Thunder Punch|p2a: Golbat
|-supereffective|p2a: Golbat
|-damage|p2a: Golbat|43/100
|move|p2a: Golbat|Toxic|p1a: Magmar
|-status|p1a: Magmar|tox
|
|-damage|p1a: Magmar|95/100 tox|[from] psn
|upkeep
|turn|3
|
|t:|1603979376
|switch|p1a: Metang|Metang|100/100
|move|p2a: Golbat|Roost|p2a: Golbat
|-heal|p2a: Golbat|93/100
|-singleturn|p2a: Golbat|move: Roost
|
|upkeep
|turn|4
|
|t:|1603979385
|switch|p2a: Ferroseed|Ferroseed, M|100/100
|move|p1a: Metang|Stealth Rock|p2a: Ferroseed
|-sidestart|p2: CloselyGG|move: Stealth Rock
|
|upkeep
|turn|5
|
|t:|1603979392
|switch|p1a: Liepard|Liepard, M|100/100
|move|p2a: Ferroseed|Spikes|p1a: Liepard
|-sidestart|p1: IHaveLowGXE|Spikes
|
|upkeep
|turn|6
|
|t:|1603979398
|switch|p2a: Throh|Throh, M|100/100
|-damage|p2a: Throh|94/100|[from] Stealth Rock
|-ability|p2a: Throh|Mold Breaker
|move|p1a: Liepard|Copycat|p1a: Liepard
|move|p1a: Liepard|Spikes|p2a: Throh|[from]Copycat
|-sidestart|p2: CloselyGG|Spikes
|
|-heal|p2a: Throh|100/100|[from] item: Leftovers
|upkeep
|turn|7
|
|t:|1603979411
|move|p1a: Liepard|U-turn|p2a: Throh
|-resisted|p2a: Throh
|-damage|p2a: Throh|93/100
|
|t:|1603979412
|switch|p1a: Shiinotic|Shiinotic, M|100/100|[from]move: U-turn
|-damage|p1a: Shiinotic|88/100|[from] Spikes
|move|p2a: Throh|Substitute|p2a: Throh
|-start|p2a: Throh|Substitute
|-damage|p2a: Throh|68/100
|
|-heal|p2a: Throh|74/100|[from] item: Leftovers
|-heal|p1a: Shiinotic|94/100|[from] item: Leftovers
|upkeep
|turn|8
|
|t:|1603979425
|move|p1a: Shiinotic|Moonblast|p2a: Throh
|-supereffective|p2a: Throh
|-end|p2a: Throh|Substitute
|move|p2a: Throh|Circle Throw|p1a: Shiinotic
|-resisted|p1a: Shiinotic
|-damage|p1a: Shiinotic|85/100
|drag|p1a: Magmar|Magmar, M|95/100 tox
|
|-heal|p2a: Throh|80/100|[from] item: Leftovers
|-damage|p1a: Magmar|89/100 tox|[from] psn
|upkeep
|turn|9
|
|t:|1603979438
|switch|p1a: Shiinotic|Shiinotic, M|85/100
|-damage|p1a: Shiinotic|73/100|[from] Spikes
|move|p2a: Throh|Circle Throw|p1a: Shiinotic
|-resisted|p1a: Shiinotic
|-damage|p1a: Shiinotic|64/100
|drag|p1a: Silvally|Silvally-Poison|100/100
|-damage|p1a: Silvally|88/100|[from] Spikes
|
|-heal|p2a: Throh|86/100|[from] item: Leftovers
|upkeep
|turn|10
|
|t:|1603979451
|move|p1a: Silvally|Multi-Attack|p2a: Throh
|-damage|p2a: Throh|41/100
|move|p2a: Throh|Circle Throw|p1a: Silvally
|-resisted|p1a: Silvally
|-damage|p1a: Silvally|76/100
|drag|p1a: Metang|Metang|100/100
|-damage|p1a: Metang|88/100|[from] Spikes
|
|-heal|p2a: Throh|47/100|[from] item: Leftovers
|upkeep
|turn|11
|
|t:|1603979463
|move|p1a: Metang|Zen Headbutt|p2a: Throh
|-supereffective|p2a: Throh
|-damage|p2a: Throh|0 fnt
|faint|p2a: Throh
|
|upkeep
|
|t:|1603979470
|switch|p2a: Avalugg|Avalugg, M|100/100
|turn|12
|
|t:|1603979475
|move|p1a: Metang|Toxic|p2a: Avalugg
|-status|p2a: Avalugg|tox
|move|p2a: Avalugg|Rapid Spin|p1a: Metang
|-resisted|p1a: Metang
|-damage|p1a: Metang|84/100
|-boost|p2a: Avalugg|spe|1
|-sideend|p2: CloselyGG|Spikes|[from] move: Rapid Spin|[of] p2a: Avalugg
|-sideend|p2: CloselyGG|Stealth Rock|[from] move: Rapid Spin|[of] p2a: Avalugg
|
|-damage|p2a: Avalugg|94/100 tox|[from] psn
|upkeep
|turn|13
|
|t:|1603979485
|switch|p2a: Manectric|Manectric, M|100/100
|move|p1a: Metang|Stealth Rock|p2a: Manectric
|-sidestart|p2: CloselyGG|move: Stealth Rock
|
|upkeep
|turn|14
|
|t:|1603979495
|switch|p1a: Marshtomp|Marshtomp, M|100/100
|-damage|p1a: Marshtomp|88/100|[from] Spikes
|move|p2a: Manectric|Overheat|p1a: Marshtomp
|-resisted|p1a: Marshtomp
|-damage|p1a: Marshtomp|63/100
|-unboost|p2a: Manectric|spa|2
|
|upkeep
|turn|15
|
|t:|1603979506
|switch|p2a: Ferroseed|Ferroseed, M|100/100
|-damage|p2a: Ferroseed|94/100|[from] Stealth Rock
|switch|p1a: Liepard|Liepard, M|100/100
|-damage|p1a: Liepard|88/100|[from] Spikes
|
|upkeep
|turn|16
|
|t:|1603979515
|move|p1a: Liepard|Copycat|p1a: Liepard
|move|p1a: Liepard|Overheat|p2a: Ferroseed|[from]Copycat
|-supereffective|p2a: Ferroseed
|-damage|p2a: Ferroseed|33/100
|-unboost|p1a: Liepard|spa|2
|move|p2a: Ferroseed|Spikes|p1a: Liepard
|-sidestart|p1: IHaveLowGXE|Spikes
|
|upkeep
|turn|17
|
|t:|1603979524
|move|p1a: Liepard|Copycat|p1a: Liepard
|move|p1a: Liepard|Spikes|p2a: Ferroseed|[from]Copycat
|-sidestart|p2: CloselyGG|Spikes
|move|p2a: Ferroseed|Leech Seed|p1a: Liepard
|-start|p1a: Liepard|move: Leech Seed
|
|-damage|p1a: Liepard|76/100|[from] Leech Seed|[of] p2a: Ferroseed
|-heal|p2a: Ferroseed|44/100|[silent]
|upkeep
|turn|18
|
|t:|1603979535
|move|p1a: Liepard|U-turn|p2a: Ferroseed
|-damage|p2a: Ferroseed|29/100
|-damage|p1a: Liepard|64/100|[from] ability: Iron Barbs|[of] p2a: Ferroseed
|
|t:|1603979537
|switch|p1a: Magmar|Magmar, M|89/100 tox|[from]move: U-turn
|move|p2a: Ferroseed|Spikes|p1a: Magmar
|-sidestart|p1: IHaveLowGXE|Spikes
|
|-damage|p1a: Magmar|83/100 tox|[from] psn
|upkeep
|turn|19
|
|t:|1603979548
|switch|p2a: Golbat|Golbat, F|93/100
|-damage|p2a: Golbat|69/100|[from] Stealth Rock
|move|p1a: Magmar|Flame Charge|p2a: Golbat
|-damage|p2a: Golbat|53/100
|-boost|p1a: Magmar|spe|1
|
|-damage|p1a: Magmar|71/100 tox|[from] psn
|upkeep
|turn|20
|
|t:|1603979561
|switch|p1a: Liepard|Liepard, M|64/100
|-damage|p1a: Liepard|39/100|[from] Spikes
|move|p2a: Golbat|Roost|p2a: Golbat
|-heal|p2a: Golbat|100/100
|-singleturn|p2a: Golbat|move: Roost
|
|upkeep
|turn|21
|
|t:|1603979571
|move|p1a: Liepard|Encore|p2a: Golbat
|-start|p2a: Golbat|Encore
|move|p2a: Golbat|Roost||[still]
|-fail|p2a: Golbat|heal
|
|upkeep
|turn|22
|
|t:|1603979578
|switch|p2a: Ferroseed|Ferroseed, M|29/100
|-damage|p2a: Ferroseed|23/100|[from] Stealth Rock
|-damage|p2a: Ferroseed|10/100|[from] Spikes
|move|p1a: Liepard|Copycat|p1a: Liepard
|move|p1a: Liepard|Roost|p1a: Liepard|[from]Copycat
|-heal|p1a: Liepard|89/100
|-singleturn|p1a: Liepard|move: Roost
|
|upkeep
|turn|23
|
|t:|1603979589
|move|p2a: Ferroseed|Protect|p2a: Ferroseed
|-singleturn|p2a: Ferroseed|Protect
|move|p1a: Liepard|Knock Off|p2a: Ferroseed
|-activate|p2a: Ferroseed|move: Protect
|
|upkeep
|turn|24
|
|t:|1603979596
|switch|p2a: Avalugg|Avalugg, M|94/100 tox
|move|p1a: Liepard|Knock Off|p2a: Avalugg
|-damage|p2a: Avalugg|74/100 tox
|-enditem|p2a: Avalugg|Heavy-Duty Boots|[from] move: Knock Off|[of] p1a: Liepard
|
|-damage|p2a: Avalugg|68/100 tox|[from] psn
|upkeep
|turn|25
|
|t:|1603979609
|move|p1a: Liepard|Knock Off|p2a: Avalugg
|-damage|p2a: Avalugg|55/100 tox
|move|p2a: Avalugg|Rapid Spin|p1a: Liepard
|-damage|p1a: Liepard|62/100
|-boost|p2a: Avalugg|spe|1
|-sideend|p2: CloselyGG|Spikes|[from] move: Rapid Spin|[of] p2a: Avalugg
|-sideend|p2: CloselyGG|Stealth Rock|[from] move: Rapid Spin|[of] p2a: Avalugg
|
|-damage|p2a: Avalugg|42/100 tox|[from] psn
|upkeep
|turn|26
|
|t:|1603979619
|move|p1a: Liepard|Encore|p2a: Avalugg
|-start|p2a: Avalugg|Encore
|move|p2a: Avalugg|Rapid Spin|p1a: Liepard
|-damage|p1a: Liepard|37/100
|-boost|p2a: Avalugg|spe|1
|
|-damage|p2a: Avalugg|24/100 tox|[from] psn
|upkeep
|turn|27
|
|t:|1603979630
|switch|p2a: Combusken|Combusken, F|100/100
|move|p1a: Liepard|Copycat|p1a: Liepard
|move|p1a: Liepard|Rapid Spin|p2a: Combusken|[from]Copycat
|-damage|p2a: Combusken|76/100
|-boost|p1a: Liepard|spe|1
|-sideend|p1: IHaveLowGXE|Spikes|[from] move: Rapid Spin|[of] p1a: Liepard
|
|upkeep
|turn|28
|
|t:|1603979648
|move|p1a: Liepard|U-turn|p2a: Combusken
|-resisted|p2a: Combusken
|-damage|p2a: Combusken|68/100
|
|t:|1603979650
|switch|p1a: Marshtomp|Marshtomp, M|63/100|[from]move: U-turn
|move|p2a: Combusken|Swords Dance|p2a: Combusken
|-boost|p2a: Combusken|atk|2
|
|-ability|p2a: Combusken|Speed Boost|boost
|-boost|p2a: Combusken|spe|1
|upkeep
|turn|29
|
|t:|1603979673
|move|p2a: Combusken|Low Kick|p1a: Marshtomp
|-damage|p1a: Marshtomp|22/100
|-damage|p2a: Combusken|58/100|[from] item: Life Orb
|move|p1a: Marshtomp|Earthquake|p2a: Combusken
|-supereffective|p2a: Combusken
|-damage|p2a: Combusken|0 fnt
|faint|p2a: Combusken
|
|upkeep
|-message|CloselyGG forfeited.
|
|win|IHaveLowGXE
|l|☆CloselyGG
