|j|☆Karrakarra
|j|☆sexywooper
|player|p1|Karrakarra|169|1516
|player|p2|sexywooper|caitlin|1185
|teamsize|p1|6
|teamsize|p2|6
|gametype|singles
|gen|8
|tier|[Gen 8] PU
|rated|
|clearpoke
|poke|p1|Mawile, F|
|poke|p1|Whiscash, F|
|poke|p1|Vespiquen, F|
|poke|p1|Glaceon, M|
|poke|p1|Seaking, F|
|poke|p1|Koffing, F|
|poke|p2|Seaking, M|
|poke|p2|Mawile, M|
|poke|p2|Musharna, M|
|poke|p2|Thwackey, F|
|poke|p2|Heatmor, F|
|poke|p2|Mr. Rime, F|
|rule|Sleep Clause Mod: Limit one foe put to sleep
|rule|Species Clause: Limit one of each Pokémon
|rule|OHKO Clause: OHKO moves are banned
|rule|Evasion Moves Clause: Evasion moves are banned
|rule|Endless Battle Clause: Forcing endless battles is banned
|rule|HP Percentage Mod: HP is shown in percentages
|rule|Dynamax Clause: You cannot dynamax
|teampreview
|inactive|Battle timer is ON: inactive players will automatically lose when time's up. (requested by sexywooper)
|
|start
|switch|p1a: Seaking|Seaking, F|100/100
|switch|p2a: Thwackey|Thwackey, F|100/100
|-fieldstart|move: Grassy Terrain|[from] ability: Grassy Surge|[of] p2a: Thwackey
|turn|1
|
|switch|p1a: Koffing|Koffing, F|100/100
|move|p2a: Thwackey|Knock Off|p1a: Koffing
|-damage|p1a: Koffing|79/100
|-damage|p2a: Thwackey|84/100|[from] item: Rocky Helmet|[of] p1a: Koffing
|-enditem|p1a: Koffing|Rocky Helmet|[from] move: Knock Off|[of] p2a: Thwackey
|
|-heal|p2a: Thwackey|90/100|[from] Grassy Terrain
|upkeep
|turn|2
|
|switch|p2a: Musharna|Musharna, M|100/100
|move|p1a: Koffing|Toxic Spikes|p2a: Musharna
|-sidestart|p2: sexywooper|move: Toxic Spikes
|
|upkeep
|turn|3
|
|switch|p1a: Vespiquen|Vespiquen, F|100/100
|-ability|p1a: Vespiquen|Pressure
|move|p2a: Musharna|Psychic|p1a: Vespiquen
|-damage|p1a: Vespiquen|76/100
|
|upkeep
|turn|4
|
|switch|p2a: Mawile|Mawile, M|100/100
|-ability|p2a: Mawile|Intimidate|boost
|-unboost|p1a: Vespiquen|atk|1
|move|p1a: Vespiquen|U-turn|p2a: Mawile
|-resisted|p2a: Mawile
|-damage|p2a: Mawile|98/100
|
|switch|p1a: Whiscash|Whiscash, F|100/100|[from]move: U-turn
|
|-heal|p2a: Mawile|100/100|[from] item: Leftovers
|upkeep
|turn|5
|
|switch|p2a: Mr. Rime|Mr. Rime, F|100/100
|move|p1a: Whiscash|Earth Power|p2a: Mr. Rime
|-crit|p2a: Mr. Rime
|-damage|p2a: Mr. Rime|60/100
|-unboost|p2a: Mr. Rime|spd|1
|
|-heal|p2a: Mr. Rime|66/100|[from] Grassy Terrain
|-fieldend|move: Grassy Terrain
|upkeep
|turn|6
|
|switch|p1a: Glaceon|Glaceon, M|100/100
|move|p2a: Mr. Rime|Rapid Spin|p1a: Glaceon
|-damage|p1a: Glaceon|91/100
|-boost|p2a: Mr. Rime|spe|1
|-sideend|p2: sexywooper|Toxic Spikes|[from] move: Rapid Spin|[of] p2a: Mr. Rime
|
|upkeep
|turn|7
|
|switch|p2a: Seaking|Seaking, M|100/100
|move|p1a: Glaceon|Shadow Ball|p2a: Seaking
|-damage|p2a: Seaking|67/100
|
|upkeep
|turn|8
|
|switch|p1a: Whiscash|Whiscash, F|100/100
|move|p2a: Seaking|Waterfall|p1a: Whiscash
|-crit|p1a: Whiscash
|-damage|p1a: Whiscash|68/100
|
|-heal|p1a: Whiscash|74/100|[from] item: Leftovers
|upkeep
|turn|9
|
|move|p2a: Seaking|Flip Turn|p1a: Whiscash
|-damage|p1a: Whiscash|58/100
|
|switch|p2a: Thwackey|Thwackey, F|90/100|[from]move: Flip Turn
|-fieldstart|move: Grassy Terrain|[from] ability: Grassy Surge|[of] p2a: Thwackey
|move|p1a: Whiscash|Earth Power|p2a: Thwackey
|-resisted|p2a: Thwackey
|-damage|p2a: Thwackey|67/100
|
|-heal|p2a: Thwackey|73/100|[from] Grassy Terrain
|-heal|p1a: Whiscash|64/100|[from] item: Leftovers
|-heal|p1a: Whiscash|70/100|[from] Grassy Terrain
|upkeep
|turn|10
|
|move|p1a: Whiscash|Protect|p1a: Whiscash
|-singleturn|p1a: Whiscash|Protect
|move|p2a: Thwackey|U-turn|p1a: Whiscash
|-activate|p1a: Whiscash|move: Protect
|
|-heal|p2a: Thwackey|79/100|[from] Grassy Terrain
|-heal|p1a: Whiscash|76/100|[from] item: Leftovers
|-heal|p1a: Whiscash|82/100|[from] Grassy Terrain
|upkeep
|turn|11
|
|move|p2a: Thwackey|U-turn|p1a: Whiscash
|-damage|p1a: Whiscash|70/100
|
|switch|p2a: Musharna|Musharna, M|100/100|[from]move: U-turn
|move|p1a: Whiscash|Toxic|p2a: Musharna
|-status|p2a: Musharna|tox
|-activate|p2a: Musharna|ability: Synchronize
|-status|p1a: Whiscash|tox
|
|-heal|p1a: Whiscash|76/100 tox|[from] item: Leftovers
|-heal|p1a: Whiscash|82/100 tox|[from] Grassy Terrain
|-damage|p1a: Whiscash|76/100 tox|[from] psn
|-damage|p2a: Musharna|94/100 tox|[from] psn
|upkeep
|turn|12
|
|switch|p1a: Vespiquen|Vespiquen, F|76/100
|-ability|p1a: Vespiquen|Pressure
|switch|p2a: Seaking|Seaking, M|67/100
|
|-heal|p2a: Seaking|73/100|[from] Grassy Terrain
|upkeep
|turn|13
|
|move|p2a: Seaking|Knock Off|p1a: Vespiquen
|-damage|p1a: Vespiquen|47/100
|-enditem|p1a: Vespiquen|Heavy-Duty Boots|[from] move: Knock Off|[of] p2a: Seaking
|move|p1a: Vespiquen|U-turn|p2a: Seaking
|-damage|p2a: Seaking|43/100
|
|switch|p1a: Glaceon|Glaceon, M|91/100|[from]move: U-turn
|
|-heal|p1a: Glaceon|97/100|[from] Grassy Terrain
|-heal|p2a: Seaking|49/100|[from] Grassy Terrain
|-fieldend|move: Grassy Terrain
|upkeep
|turn|14
|
|switch|p2a: Heatmor|Heatmor, F|100/100
|move|p1a: Glaceon|Freeze-Dry|p2a: Heatmor
|-resisted|p2a: Heatmor
|-damage|p2a: Heatmor|50/100
|
|upkeep
|turn|15
|
|switch|p1a: Seaking|Seaking, F|100/100
|move|p2a: Heatmor|Fire Lash|p1a: Seaking
|-resisted|p1a: Seaking
|-damage|p1a: Seaking|79/100
|-unboost|p1a: Seaking|def|1
|
|-heal|p1a: Seaking|85/100|[from] item: Leftovers
|upkeep
|turn|16
|
|switch|p2a: Mawile|Mawile, M|100/100
|-ability|p2a: Mawile|Intimidate|boost
|-unboost|p1a: Seaking|atk|1
|move|p1a: Seaking|Flip Turn|p2a: Mawile
|-damage|p2a: Mawile|88/100
|
|switch|p1a: Mawile|Mawile, F|100/100|[from]move: Flip Turn
|
|-heal|p2a: Mawile|95/100|[from] item: Leftovers
|upkeep
|turn|17
|
|switch|p2a: Seaking|Seaking, M|49/100
|move|p1a: Mawile|Swords Dance|p1a: Mawile
|-boost|p1a: Mawile|atk|2
|
|upkeep
|turn|18
|
|move|p2a: Seaking|Waterfall|p1a: Mawile
|-damage|p1a: Mawile|45/100
|move|p1a: Mawile|Play Rough|p2a: Seaking
|-damage|p2a: Seaking|0 fnt
|faint|p2a: Seaking
|
|upkeep
|
|switch|p2a: Heatmor|Heatmor, F|50/100
|turn|19
|
|switch|p2a: Mawile|Mawile, M|95/100
|-ability|p2a: Mawile|Intimidate|boost
|-unboost|p1a: Mawile|atk|1
|move|p1a: Mawile|Sucker Punch||[still]
|-fail|p1a: Mawile
|
|-heal|p2a: Mawile|100/100|[from] item: Leftovers
|upkeep
|turn|20
|
|move|p1a: Mawile|Iron Head|p2a: Mawile
|-damage|p2a: Mawile|17/100
|move|p2a: Mawile|Stealth Rock|p1a: Mawile
|-sidestart|p1: Karrakarra|move: Stealth Rock
|
|-heal|p2a: Mawile|24/100|[from] item: Leftovers
|upkeep
|turn|21
|inactive|sexywooper has 120 seconds left.
|
|move|p1a: Mawile|Iron Head|p2a: Mawile
|-damage|p2a: Mawile|0 fnt
|faint|p2a: Mawile
|
|upkeep
|
|switch|p2a: Musharna|Musharna, M|94/100 tox
|turn|22
|inactive|Karrakarra has 120 seconds left.
|
|switch|p1a: Vespiquen|Vespiquen, F|47/100
|-damage|p1a: Vespiquen|0 fnt|[from] Stealth Rock
|faint|p1a: Vespiquen
|move|p2a: Musharna|Psychic|p1: Vespiquen|[notarget]
|-fail|p2a: Musharna
|
|-damage|p2a: Musharna|88/100 tox|[from] psn
|upkeep
|
|switch|p1a: Glaceon|Glaceon, M|97/100
|-damage|p1a: Glaceon|72/100|[from] Stealth Rock
|turn|23
|
|move|p1a: Glaceon|Shadow Ball|p2a: Musharna
|-supereffective|p2a: Musharna
|-damage|p2a: Musharna|9/100 tox
|move|p2a: Musharna|Moonblast|p1a: Glaceon
|-damage|p1a: Glaceon|40/100
|
|-damage|p2a: Musharna|0 fnt|[from] psn
|faint|p2a: Musharna
|upkeep
|
|switch|p2a: Heatmor|Heatmor, F|50/100
|turn|24
|
|switch|p1a: Whiscash|Whiscash, F|76/100 tox
|-damage|p1a: Whiscash|70/100 tox|[from] Stealth Rock
|move|p2a: Heatmor|Fire Lash|p1a: Whiscash
|-resisted|p1a: Whiscash
|-damage|p1a: Whiscash|59/100 tox
|-unboost|p1a: Whiscash|def|1
|
|-heal|p1a: Whiscash|65/100 tox|[from] item: Leftovers
|-damage|p1a: Whiscash|59/100 tox|[from] psn
|upkeep
|turn|25
|
|move|p2a: Heatmor|Giga Drain|p1a: Whiscash
|-supereffective|p1a: Whiscash
|-crit|p1a: Whiscash
|-damage|p1a: Whiscash|0 fnt
|-heal|p2a: Heatmor|90/100|[from] drain|[of] p1a: Whiscash
|faint|p1a: Whiscash
|
|upkeep
|
|switch|p1a: Seaking|Seaking, F|85/100
|-damage|p1a: Seaking|73/100|[from] Stealth Rock
|turn|26
|
|switch|p2a: Thwackey|Thwackey, F|79/100
|-fieldstart|move: Grassy Terrain|[from] ability: Grassy Surge|[of] p2a: Thwackey
|move|p1a: Seaking|Flip Turn|p2a: Thwackey
|-resisted|p2a: Thwackey
|-damage|p2a: Thwackey|64/100
|
|switch|p1a: Koffing|Koffing, F|79/100|[from]move: Flip Turn
|-damage|p1a: Koffing|67/100|[from] Stealth Rock
|
|-heal|p2a: Thwackey|70/100|[from] Grassy Terrain
|upkeep
|turn|27
|
|move|p2a: Thwackey|U-turn|p1a: Koffing
|-resisted|p1a: Koffing
|-damage|p1a: Koffing|59/100
|
|switch|p2a: Mr. Rime|Mr. Rime, F|66/100|[from]move: U-turn
|move|p1a: Koffing|Toxic Spikes|p2a: Mr. Rime
|-sidestart|p2: sexywooper|move: Toxic Spikes
|
|-heal|p2a: Mr. Rime|72/100|[from] Grassy Terrain
|upkeep
|turn|28
|
|move|p2a: Mr. Rime|Rapid Spin|p1a: Koffing
|-damage|p1a: Koffing|51/100
|-boost|p2a: Mr. Rime|spe|1
|-sideend|p2: sexywooper|Toxic Spikes|[from] move: Rapid Spin|[of] p2a: Mr. Rime
|move|p1a: Koffing|Flamethrower|p2a: Mr. Rime
|-supereffective|p2a: Mr. Rime
|-damage|p2a: Mr. Rime|42/100
|-status|p2a: Mr. Rime|brn
|
|-heal|p2a: Mr. Rime|48/100 brn|[from] Grassy Terrain
|-damage|p2a: Mr. Rime|42/100 brn|[from] brn
|upkeep
|turn|29
|
|switch|p1a: Mawile|Mawile, F|45/100
|-damage|p1a: Mawile|39/100|[from] Stealth Rock
|move|p2a: Mr. Rime|Psychic|p1a: Mawile
|-resisted|p1a: Mawile
|-damage|p1a: Mawile|0 fnt
|faint|p1a: Mawile
|
|-heal|p2a: Mr. Rime|48/100 brn|[from] Grassy Terrain
|-damage|p2a: Mr. Rime|42/100 brn|[from] brn
|upkeep
|
|switch|p1a: Glaceon|Glaceon, M|40/100
|-damage|p1a: Glaceon|15/100|[from] Stealth Rock
|turn|30
|-message|Karrakarra forfeited.
|
|win|sexywooper
|l|☆Karrakarra
