|j|☆Actually Mush
|j|☆asamiii
|player|p1|Actually Mush|229|1418
|player|p2|asamiii|preschoolerf|1364
|teamsize|p1|6
|teamsize|p2|6
|gametype|singles
|gen|8
|tier|[Gen 8] PU
|rated|
|clearpoke
|poke|p1|Koffing, F|
|poke|p1|Clefairy, M|
|poke|p1|Wailord, M|
|poke|p1|Dusknoir, F|
|poke|p1|Klang|
|poke|p1|Whiscash, M|
|poke|p2|Pikachu, F|
|poke|p2|Mawile, F|
|poke|p2|Glaceon, F|
|poke|p2|Carkol, F|
|poke|p2|Silvally-*|
|poke|p2|Shiinotic, F|
|rule|Sleep Clause Mod: Limit one foe put to sleep
|rule|Species Clause: Limit one of each Pokémon
|rule|OHKO Clause: OHKO moves are banned
|rule|Evasion Moves Clause: Evasion moves are banned
|rule|Endless Battle Clause: Forcing endless battles is banned
|rule|HP Percentage Mod: HP is shown in percentages
|rule|Dynamax Clause: You cannot dynamax
|teampreview
|j| Sir Pinsirlot
|c| Sir Pinsirlot|hahahahahahahahahahahahahahahahahaha
|c|☆Actually Mush|ill win
|c| Sir Pinsirlot|every mon is a meme
|c|☆Actually Mush|I swear on it
|c| Sir Pinsirlot|except clefairy maybe
|
|start
|switch|p1a: Dusknoir|Dusknoir, F|100/100
|switch|p2a: Silvally|Silvally-Ground|100/100
|-ability|p1a: Dusknoir|Pressure
|turn|1
|
|switch|p1a: Koffing|Koffing, F|100/100
|move|p2a: Silvally|Parting Shot|p1a: Koffing
|-unboost|p1a: Koffing|atk|1
|-unboost|p1a: Koffing|spa|1
|
|switch|p2a: Carkol|Carkol, F|100/100|[from]move: Parting Shot
|
|upkeep
|turn|2
|
|move|p2a: Carkol|Spikes|p1a: Koffing
|-sidestart|p1: Actually Mush|Spikes
|move|p1a: Koffing|Toxic Spikes|p2a: Carkol
|-sidestart|p2: asamiii|move: Toxic Spikes
|
|upkeep
|turn|3
|
|switch|p1a: Dusknoir|Dusknoir, F|100/100
|-damage|p1a: Dusknoir|88/100|[from] Spikes
|-ability|p1a: Dusknoir|Pressure
|move|p2a: Carkol|Rapid Spin|p1a: Dusknoir
|-immune|p1a: Dusknoir
|
|upkeep
|turn|4
|
|switch|p2a: Mawile|Mawile, F|100/100
|-ability|p2a: Mawile|Intimidate|boost
|-unboost|p1a: Dusknoir|atk|1
|move|p1a: Dusknoir|Earthquake|p2a: Mawile
|-supereffective|p2a: Mawile
|-damage|p2a: Mawile|62/100
|
|upkeep
|turn|5
|
|move|p1a: Dusknoir|Earthquake|p2a: Mawile
|-supereffective|p2a: Mawile
|-damage|p2a: Mawile|24/100
|move|p2a: Mawile|Stealth Rock|p1a: Dusknoir
|-sidestart|p1: Actually Mush|move: Stealth Rock
|
|upkeep
|turn|6
|
|switch|p2a: Shiinotic|Shiinotic, F|100/100
|-status|p2a: Shiinotic|psn
|move|p1a: Dusknoir|Earthquake|p2a: Shiinotic
|-resisted|p2a: Shiinotic
|-damage|p2a: Shiinotic|91/100 psn
|
|-heal|p2a: Shiinotic|97/100 psn|[from] item: Leftovers
|-damage|p2a: Shiinotic|85/100 psn|[from] psn
|upkeep
|turn|7
|
|switch|p1a: Clefairy|Clefairy, M|100/100
|move|p2a: Shiinotic|Spore|p1a: Clefairy
|-status|p1a: Clefairy|slp|[from] move: Spore
|
|-heal|p2a: Shiinotic|91/100 psn|[from] item: Leftovers
|-damage|p2a: Shiinotic|79/100 psn|[from] psn
|upkeep
|turn|8
|
|switch|p2a: Mawile|Mawile, F|24/100
|-ability|p2a: Mawile|Intimidate|boost
|-unboost|p1a: Clefairy|atk|1
|cant|p1a: Clefairy|slp
|
|upkeep
|turn|9
|
|move|p2a: Mawile|Knock Off|p1a: Clefairy
|-resisted|p1a: Clefairy
|-damage|p1a: Clefairy|94/100 slp
|-enditem|p1a: Clefairy|Eviolite|[from] move: Knock Off|[of] p2a: Mawile
|cant|p1a: Clefairy|slp
|
|upkeep
|turn|10
|
|move|p2a: Mawile|Iron Head|p1a: Clefairy
|-supereffective|p1a: Clefairy
|-crit|p1a: Clefairy
|-damage|p1a: Clefairy|7/100 slp
|cant|p1a: Clefairy|slp
|
|upkeep
|turn|11
|
|switch|p1a: Koffing|Koffing, F|100/100
|-damage|p1a: Koffing|88/100|[from] Stealth Rock
|move|p2a: Mawile|Iron Head|p1a: Koffing
|-damage|p1a: Koffing|73/100
|
|upkeep
|turn|12
|
|move|p2a: Mawile|Knock Off|p1a: Koffing
|-damage|p1a: Koffing|62/100
|-enditem|p1a: Koffing|Eviolite|[from] move: Knock Off|[of] p2a: Mawile
|move|p1a: Koffing|Flamethrower|p2a: Mawile
|-supereffective|p2a: Mawile
|-damage|p2a: Mawile|0 fnt
|faint|p2a: Mawile
|
|upkeep
|
|switch|p2a: Carkol|Carkol, F|100/100
|-status|p2a: Carkol|psn
|turn|13
|
|switch|p1a: Dusknoir|Dusknoir, F|88/100
|-damage|p1a: Dusknoir|75/100|[from] Stealth Rock
|-damage|p1a: Dusknoir|63/100|[from] Spikes
|-ability|p1a: Dusknoir|Pressure
|move|p2a: Carkol|Flamethrower|p1a: Dusknoir
|-crit|p1a: Dusknoir
|-damage|p1a: Dusknoir|44/100
|
|-damage|p2a: Carkol|88/100 psn|[from] psn
|upkeep
|turn|14
|
|switch|p2a: Shiinotic|Shiinotic, F|79/100 psn
|move|p1a: Dusknoir|Power-Up Punch|p2a: Shiinotic
|-resisted|p2a: Shiinotic
|-crit|p2a: Shiinotic
|-damage|p2a: Shiinotic|70/100 psn
|-boost|p1a: Dusknoir|atk|1
|
|-heal|p2a: Shiinotic|76/100 psn|[from] item: Leftovers
|-damage|p2a: Shiinotic|64/100 psn|[from] psn
|upkeep
|turn|15
|
|move|p1a: Dusknoir|Shadow Punch|p2a: Shiinotic
|-damage|p2a: Shiinotic|27/100 psn
|move|p2a: Shiinotic|Strength Sap|p1a: Dusknoir
|-unboost|p1a: Dusknoir|atk|1
|-heal|p2a: Shiinotic|100/100 psn
|
|-damage|p2a: Shiinotic|88/100 psn|[from] psn
|upkeep
|turn|16
|
|switch|p1a: Koffing|Koffing, F|62/100
|-damage|p1a: Koffing|49/100|[from] Stealth Rock
|move|p2a: Shiinotic|Moonblast|p1a: Koffing
|-resisted|p1a: Koffing
|-damage|p1a: Koffing|16/100
|
|-heal|p2a: Shiinotic|94/100 psn|[from] item: Leftovers
|-damage|p2a: Shiinotic|82/100 psn|[from] psn
|upkeep
|turn|17
|
|move|p1a: Koffing|Toxic Spikes|p2a: Shiinotic
|-sidestart|p2: asamiii|move: Toxic Spikes
|move|p2a: Shiinotic|Moonblast|p1a: Koffing
|-resisted|p1a: Koffing
|-damage|p1a: Koffing|0 fnt
|faint|p1a: Koffing
|
|-heal|p2a: Shiinotic|88/100 psn|[from] item: Leftovers
|-damage|p2a: Shiinotic|76/100 psn|[from] psn
|upkeep
|
|switch|p1a: Klang|Klang|100/100
|-damage|p1a: Klang|94/100|[from] Stealth Rock
|-damage|p1a: Klang|82/100|[from] Spikes
|turn|18
|c| Sir Pinsirlot|no ice punch rip
|
|switch|p2a: Carkol|Carkol, F|88/100 psn
|move|p1a: Klang|Shift Gear|p1a: Klang
|-boost|p1a: Klang|spe|2
|-boost|p1a: Klang|atk|1
|
|-damage|p2a: Carkol|76/100 psn|[from] psn
|upkeep
|turn|19
|
|switch|p1a: Dusknoir|Dusknoir, F|44/100
|-damage|p1a: Dusknoir|31/100|[from] Spikes
|-damage|p1a: Dusknoir|19/100|[from] Stealth Rock
|-ability|p1a: Dusknoir|Pressure
|move|p2a: Carkol|Flamethrower|p1a: Dusknoir
|-damage|p1a: Dusknoir|5/100
|
|-damage|p2a: Carkol|63/100 psn|[from] psn
|upkeep
|turn|20
|
|switch|p2a: Glaceon|Glaceon, F|100/100
|-status|p2a: Glaceon|tox
|move|p1a: Dusknoir|Earthquake|p2a: Glaceon
|-damage|p2a: Glaceon|77/100 tox
|
|-heal|p2a: Glaceon|83/100 tox|[from] item: Leftovers
|-damage|p2a: Glaceon|77/100 tox|[from] psn
|upkeep
|turn|21
|
|switch|p1a: Klang|Klang|82/100
|-damage|p1a: Klang|76/100|[from] Stealth Rock
|-damage|p1a: Klang|63/100|[from] Spikes
|move|p2a: Glaceon|Wish|p2a: Glaceon
|
|-heal|p2a: Glaceon|83/100 tox|[from] item: Leftovers
|-damage|p2a: Glaceon|71/100 tox|[from] psn
|upkeep
|turn|22
|
|switch|p2a: Carkol|Carkol, F|63/100 psn
|move|p1a: Klang|Shift Gear|p1a: Klang
|-boost|p1a: Klang|spe|2
|-boost|p1a: Klang|atk|1
|
|-heal|p2a: Carkol|100/100 psn|[from] move: Wish|[wisher] Glaceon
|-damage|p2a: Carkol|88/100 psn|[from] psn
|upkeep
|turn|23
|
|move|p1a: Klang|Shift Gear|p1a: Klang
|-boost|p1a: Klang|spe|2
|-boost|p1a: Klang|atk|1
|move|p2a: Carkol|Rapid Spin|p1a: Klang
|-resisted|p1a: Klang
|-damage|p1a: Klang|61/100
|-boost|p2a: Carkol|spe|1
|-sideend|p2: asamiii|Toxic Spikes|[from] move: Rapid Spin|[of] p2a: Carkol
|
|-damage|p2a: Carkol|76/100 psn|[from] psn
|upkeep
|turn|24
|
|move|p1a: Klang|Shift Gear|p1a: Klang
|-boost|p1a: Klang|spe|2
|-boost|p1a: Klang|atk|1
|move|p2a: Carkol|Flamethrower|p1a: Klang
|-supereffective|p1a: Klang
|-damage|p1a: Klang|36/100
|
|-damage|p2a: Carkol|63/100 psn|[from] psn
|upkeep
|turn|25
|
|move|p1a: Klang|Rest|p1a: Klang
|-status|p1a: Klang|slp|[from] move: Rest
|-heal|p1a: Klang|100/100 slp|[silent]
|move|p2a: Carkol|Flamethrower|p1a: Klang
|-supereffective|p1a: Klang
|-crit|p1a: Klang
|-damage|p1a: Klang|61/100 slp
|
|-damage|p2a: Carkol|51/100 psn|[from] psn
|upkeep
|turn|26
|
|cant|p1a: Klang|slp
|move|p1a: Klang|Sleep Talk|p1a: Klang
|move|p1a: Klang|Gear Grind|p2a: Carkol|[from]Sleep Talk
|-damage|p2a: Carkol|33/100 psn
|-damage|p2a: Carkol|16/100 psn
|-hitcount|p2a: Carkol|2
|move|p2a: Carkol|Flamethrower|p1a: Klang
|-supereffective|p1a: Klang
|-damage|p1a: Klang|35/100 slp
|
|-damage|p2a: Carkol|4/100 psn|[from] psn
|upkeep
|turn|27
|
|cant|p1a: Klang|slp
|move|p1a: Klang|Sleep Talk|p1a: Klang
|move|p1a: Klang|Rest|p1a: Klang|[from]Sleep Talk
|-fail|p1a: Klang
|move|p2a: Carkol|Flamethrower|p1a: Klang
|-supereffective|p1a: Klang
|-damage|p1a: Klang|12/100 slp
|
|-damage|p2a: Carkol|0 fnt|[from] psn
|faint|p2a: Carkol
|upkeep
|
|switch|p2a: Silvally|Silvally-Ground|100/100
|turn|28
|
|-curestatus|p1a: Klang|slp|[msg]
|move|p1a: Klang|Gear Grind|p2a: Silvally
|-damage|p2a: Silvally|61/100
|-damage|p2a: Silvally|21/100
|-hitcount|p2a: Silvally|2
|move|p2a: Silvally|Multi-Attack|p1a: Klang
|-supereffective|p1a: Klang
|-damage|p1a: Klang|0 fnt
|faint|p1a: Klang
|
|upkeep
|
|switch|p1a: Whiscash|Whiscash, M|100/100
|-damage|p1a: Whiscash|94/100|[from] Stealth Rock
|-damage|p1a: Whiscash|82/100|[from] Spikes
|turn|29
|
|move|p1a: Whiscash|Ice Beam|p2a: Silvally
|-supereffective|p2a: Silvally
|-damage|p2a: Silvally|0 fnt
|faint|p2a: Silvally
|
|upkeep
|
|switch|p2a: Glaceon|Glaceon, F|71/100 tox
|turn|30
|
|switch|p1a: Clefairy|Clefairy, M|7/100 slp
|move|p2a: Glaceon|Heal Bell|p2a: Glaceon
|-activate|p2a: Glaceon|move: Heal Bell
|-curestatus|p2a: Glaceon|tox|[msg]
|-curestatus|p2: Shiinotic|psn|[msg]
|
|-heal|p2a: Glaceon|77/100|[from] item: Leftovers
|upkeep
|turn|31
|
|move|p2a: Glaceon|Freeze-Dry|p1a: Clefairy
|-damage|p1a: Clefairy|0 fnt
|faint|p1a: Clefairy
|
|-heal|p2a: Glaceon|83/100|[from] item: Leftovers
|upkeep
|
|switch|p1a: Wailord|Wailord, M|100/100
|-damage|p1a: Wailord|88/100|[from] Stealth Rock
|-damage|p1a: Wailord|76/100|[from] Spikes
|-ability|p1a: Wailord|Pressure
|turn|32
|
|move|p2a: Glaceon|Protect|p2a: Glaceon
|-singleturn|p2a: Glaceon|Protect
|move|p1a: Wailord|Amnesia|p1a: Wailord
|-boost|p1a: Wailord|spd|2
|
|-heal|p2a: Glaceon|89/100|[from] item: Leftovers
|-heal|p1a: Wailord|82/100|[from] item: Leftovers
|upkeep
|turn|33
|
|move|p2a: Glaceon|Freeze-Dry|p1a: Wailord
|-supereffective|p1a: Wailord
|-damage|p1a: Wailord|53/100
|move|p1a: Wailord|Curse|p1a: Wailord
|-unboost|p1a: Wailord|spe|1
|-boost|p1a: Wailord|atk|1
|-boost|p1a: Wailord|def|1
|
|-heal|p2a: Glaceon|95/100|[from] item: Leftovers
|-heal|p1a: Wailord|59/100|[from] item: Leftovers
|upkeep
|turn|34
|
|switch|p2a: Shiinotic|Shiinotic, F|76/100
|move|p1a: Wailord|Amnesia|p1a: Wailord
|-boost|p1a: Wailord|spd|2
|
|-heal|p1a: Wailord|65/100|[from] item: Leftovers
|-heal|p2a: Shiinotic|82/100|[from] item: Leftovers
|upkeep
|turn|35
|c| Sir Pinsirlot|switching wailord into glaceon
|c| Sir Pinsirlot|big brain
|
|move|p1a: Wailord|Curse|p1a: Wailord
|-unboost|p1a: Wailord|spe|1
|-boost|p1a: Wailord|atk|1
|-boost|p1a: Wailord|def|1
|move|p2a: Shiinotic|Spore|p1a: Wailord
|-status|p1a: Wailord|slp|[from] move: Spore
|
|-heal|p2a: Shiinotic|88/100|[from] item: Leftovers
|-heal|p1a: Wailord|71/100 slp|[from] item: Leftovers
|upkeep
|turn|36
|
|switch|p2a: Pikachu|Pikachu, F|100/100
|cant|p1a: Wailord|slp
|
|-heal|p1a: Wailord|78/100 slp|[from] item: Leftovers
|upkeep
|turn|37
|
|move|p2a: Pikachu|Volt Tackle|p1a: Wailord
|-supereffective|p1a: Wailord
|-damage|p1a: Wailord|17/100 slp
|-damage|p2a: Pikachu|55/100|[from] Recoil
|cant|p1a: Wailord|slp
|
|-heal|p1a: Wailord|23/100 slp|[from] item: Leftovers
|upkeep
|turn|38
|c|☆asamiii|☆Actually Mush: ill win
|
|move|p2a: Pikachu|Substitute|p2a: Pikachu
|-start|p2a: Pikachu|Substitute
|-damage|p2a: Pikachu|30/100
|cant|p1a: Wailord|slp
|
|-heal|p1a: Wailord|29/100 slp|[from] item: Leftovers
|upkeep
|turn|39
|c|☆asamiii|This aged poorly
|
|move|p2a: Pikachu|Volt Tackle|p1a: Wailord
|-supereffective|p1a: Wailord
|-damage|p1a: Wailord|0 fnt
|-damage|p2a: Pikachu|8/100|[from] Recoil
|faint|p1a: Wailord
|
|upkeep
|-message|Actually Mush forfeited.
|
|win|asamiii
|l|☆Actually Mush
|l| Sir Pinsirlot
||Ladder (probably) updated, but score could not be retrieved (Response not received).
