|j|☆SingleAye
|j|☆Allejo 07
|t:|1641142504
|gametype|singles
|player|p1|SingleAye|beauty-gen4dp|1361
|player|p2|Allejo 07|shadowtriad|1420
|teamsize|p1|6
|teamsize|p2|6
|gen|8
|tier|[Gen 8] PU
|rated|
|rule|Sleep Clause Mod: Limit one foe put to sleep
|rule|Species Clause: Limit one of each Pokémon
|rule|OHKO Clause: OHKO moves are banned
|rule|Evasion Moves Clause: Evasion moves are banned
|rule|Endless Battle Clause: Forcing endless battles is banned
|rule|HP Percentage Mod: HP is shown in percentages
|rule|Dynamax Clause: You cannot dynamax
|clearpoke
|poke|p1|Gigalith, F|
|poke|p1|Articuno-Galar|
|poke|p1|Qwilfish, F|
|poke|p1|Lycanroc, F|
|poke|p1|Sandaconda, F|
|poke|p1|Jellicent, F|
|poke|p2|Ludicolo, M|
|poke|p2|Golduck, F|
|poke|p2|Kabutops, M|
|poke|p2|Uxie|
|poke|p2|Liepard, F|
|poke|p2|Qwilfish, F|
|teampreview
|inactive|Battle timer is ON: inactive players will automatically lose when time's up. (requested by Allejo 07)
|
|t:|1641142537
|start
|switch|p1a: Qwilfish|Qwilfish, F|100/100
|switch|p2a: Calm Mind|Uxie|100/100
|-ability|p1a: Qwilfish|Intimidate|boost
|-unboost|p2a: Calm Mind|atk|1
|turn|1
|
|t:|1641142558
|move|p1a: Qwilfish|Taunt|p2a: Calm Mind
|-start|p2a: Calm Mind|move: Taunt
|cant|p2a: Calm Mind|move: Taunt|Stealth Rock
|
|upkeep
|turn|2
|
|t:|1641142560
|move|p1a: Qwilfish|Spikes|p2a: Calm Mind
|-sidestart|p2: Allejo 07|Spikes
|move|p2a: Calm Mind|U-turn|p1a: Qwilfish
|-resisted|p1a: Qwilfish
|-damage|p1a: Qwilfish|96/100
|-damage|p2a: Calm Mind|84/100|[from] item: Rocky Helmet|[of] p1a: Qwilfish
|
|t:|1641142585
|switch|p2a: Water Gun|Golduck, F|100/100|[from]move: U-turn
|-damage|p2a: Water Gun|88/100|[from] Spikes
|
|upkeep
|turn|3
|
|t:|1641142611
|switch|p1a: Jellicent|Jellicent, F|100/100
|move|p2a: Water Gun|Psyshock|p1a: Jellicent
|-damage|p1a: Jellicent|50/100
|
|upkeep
|turn|4
|
|t:|1641142621
|switch|p1a: Articuno|Articuno-Galar|100/100
|move|p2a: Water Gun|Psyshock|p1a: Articuno
|-resisted|p1a: Articuno
|-damage|p1a: Articuno|78/100
|
|upkeep
|turn|5
|
|t:|1641142626
|switch|p2a: Brine|Liepard, F|100/100
|-damage|p2a: Brine|88/100|[from] Spikes
|move|p1a: Articuno|U-turn|p2a: Brine
|-supereffective|p2a: Brine
|-damage|p2a: Brine|46/100
|inactive|SingleAye has 120 seconds left.
|
|t:|1641142652
|switch|p1a: Lycanroc|Lycanroc, F|100/100|[from]move: U-turn
|
|upkeep
|turn|6
|
|t:|1641142670
|switch|p2a: Calm Mind|Uxie|84/100
|move|p1a: Lycanroc|Rock Slide|p2a: Calm Mind
|-damage|p2a: Calm Mind|50/100
|-damage|p1a: Lycanroc|91/100|[from] item: Life Orb
|
|upkeep
|turn|7
|inactive|SingleAye has 120 seconds left.
|
|t:|1641142684
|move|p1a: Lycanroc|Rock Slide|p2a: Calm Mind
|-damage|p2a: Calm Mind|16/100
|-damage|p1a: Lycanroc|81/100|[from] item: Life Orb
|move|p2a: Calm Mind|Rain Dance|p2a: Calm Mind
|-weather|RainDance
|
|-weather|RainDance|[upkeep]
|upkeep
|turn|8
|
|t:|1641142691
|move|p1a: Lycanroc|Rock Slide|p2a: Calm Mind
|-damage|p2a: Calm Mind|0 fnt
|faint|p2a: Calm Mind
|-damage|p1a: Lycanroc|71/100|[from] item: Life Orb
|
|-weather|RainDance|[upkeep]
|upkeep
|
|t:|1641142695
|switch|p2a: Leech Seed|Ludicolo, M|100/100
|-damage|p2a: Leech Seed|88/100|[from] Spikes
|turn|9
|
|t:|1641142702
|switch|p1a: Gigalith|Gigalith, F|100/100
|-weather|Sandstorm|[from] ability: Sand Stream|[of] p1a: Gigalith
|move|p2a: Leech Seed|Giga Drain|p1a: Gigalith
|-supereffective|p1a: Gigalith
|-damage|p1a: Gigalith|53/100
|-heal|p2a: Leech Seed|100/100|[from] drain|[of] p1a: Gigalith
|-damage|p2a: Leech Seed|91/100|[from] item: Life Orb
|
|-weather|Sandstorm|[upkeep]
|-damage|p2a: Leech Seed|85/100|[from] Sandstorm
|-heal|p1a: Gigalith|59/100|[from] item: Leftovers
|upkeep
|turn|10
|
|t:|1641142719
|move|p2a: Leech Seed|Rain Dance|p2a: Leech Seed
|-weather|RainDance
|move|p1a: Gigalith|Toxic|p2a: Leech Seed
|-status|p2a: Leech Seed|tox
|
|-weather|RainDance|[upkeep]
|-heal|p1a: Gigalith|65/100|[from] item: Leftovers
|-damage|p2a: Leech Seed|79/100 tox|[from] psn
|upkeep
|turn|11
|
|t:|1641142734
|switch|p1a: Articuno|Articuno-Galar|78/100
|move|p2a: Leech Seed|Weather Ball|p1a: Articuno
|-damage|p1a: Articuno|0 fnt
|faint|p1a: Articuno
|-damage|p2a: Leech Seed|69/100 tox|[from] item: Life Orb
|
|-weather|RainDance|[upkeep]
|-damage|p2a: Leech Seed|57/100 tox|[from] psn
|upkeep
|
|t:|1641142737
|switch|p1a: Gigalith|Gigalith, F|65/100
|-weather|Sandstorm|[from] ability: Sand Stream|[of] p1a: Gigalith
|turn|12
|
|t:|1641142752
|move|p2a: Leech Seed|Giga Drain|p1a: Gigalith
|-supereffective|p1a: Gigalith
|-damage|p1a: Gigalith|18/100
|-heal|p2a: Leech Seed|86/100 tox|[from] drain|[of] p1a: Gigalith
|-damage|p2a: Leech Seed|76/100 tox|[from] item: Life Orb
|move|p1a: Gigalith|Rock Blast|p2a: Leech Seed
|-damage|p2a: Leech Seed|59/100 tox
|-damage|p2a: Leech Seed|42/100 tox
|-hitcount|p2a: Leech Seed|2
|
|-weather|Sandstorm|[upkeep]
|-damage|p2a: Leech Seed|36/100 tox|[from] Sandstorm
|-heal|p1a: Gigalith|25/100|[from] item: Leftovers
|-damage|p2a: Leech Seed|18/100 tox|[from] psn
|upkeep
|turn|13
|
|t:|1641142766
|move|p1a: Gigalith|Protect|p1a: Gigalith
|-singleturn|p1a: Gigalith|Protect
|move|p2a: Leech Seed|Rain Dance|p2a: Leech Seed
|-weather|RainDance
|
|-weather|RainDance|[upkeep]
|-heal|p1a: Gigalith|31/100|[from] item: Leftovers
|-damage|p2a: Leech Seed|0 fnt|[from] psn
|faint|p2a: Leech Seed
|upkeep
|
|t:|1641142783
|switch|p2a: Water Gun|Golduck, F|88/100
|-damage|p2a: Water Gun|76/100|[from] Spikes
|turn|14
|
|t:|1641142789
|switch|p1a: Jellicent|Jellicent, F|50/100
|move|p2a: Water Gun|Psyshock|p1a: Jellicent
|-damage|p1a: Jellicent|0 fnt
|faint|p1a: Jellicent
|
|-weather|RainDance|[upkeep]
|upkeep
|
|t:|1641142792
|switch|p1a: Gigalith|Gigalith, F|31/100
|-weather|Sandstorm|[from] ability: Sand Stream|[of] p1a: Gigalith
|turn|15
|
|t:|1641142804
|switch|p1a: Qwilfish|Qwilfish, F|96/100
|-ability|p1a: Qwilfish|Intimidate|boost
|-unboost|p2a: Water Gun|atk|1
|move|p2a: Water Gun|Psyshock|p1a: Qwilfish
|-supereffective|p1a: Qwilfish
|-damage|p1a: Qwilfish|6/100
|
|-weather|Sandstorm|[upkeep]
|-damage|p2a: Water Gun|70/100|[from] Sandstorm
|-damage|p1a: Qwilfish|0 fnt|[from] Sandstorm
|faint|p1a: Qwilfish
|upkeep
|
|t:|1641142807
|switch|p1a: Lycanroc|Lycanroc, F|71/100
|turn|16
|
|t:|1641142814
|switch|p2a: Poison Sting|Qwilfish, F|100/100
|-damage|p2a: Poison Sting|88/100|[from] Spikes
|move|p1a: Lycanroc|Close Combat|p2a: Poison Sting
|-resisted|p2a: Poison Sting
|-damage|p2a: Poison Sting|57/100
|-unboost|p1a: Lycanroc|def|1
|-unboost|p1a: Lycanroc|spd|1
|-damage|p1a: Lycanroc|61/100|[from] item: Life Orb
|
|-weather|Sandstorm|[upkeep]
|-damage|p2a: Poison Sting|51/100|[from] Sandstorm
|upkeep
|turn|17
|
|t:|1641142821
|move|p1a: Lycanroc|Rock Slide|p2a: Poison Sting
|-damage|p2a: Poison Sting|0 fnt
|faint|p2a: Poison Sting
|-damage|p1a: Lycanroc|51/100|[from] item: Life Orb
|
|-weather|Sandstorm|[upkeep]
|upkeep
|
|t:|1641142824
|switch|p2a: Brine|Liepard, F|46/100
|-damage|p2a: Brine|34/100|[from] Spikes
|turn|18
|
|t:|1641142836
|move|p2a: Brine|Rain Dance|p2a: Brine
|-weather|RainDance
|move|p1a: Lycanroc|Close Combat|p2a: Brine
|-supereffective|p2a: Brine
|-damage|p2a: Brine|0 fnt
|-unboost|p1a: Lycanroc|def|1
|-unboost|p1a: Lycanroc|spd|1
|faint|p2a: Brine
|-damage|p1a: Lycanroc|41/100|[from] item: Life Orb
|
|-weather|RainDance|[upkeep]
|upkeep
|
|t:|1641142840
|switch|p2a: Water Gun|Golduck, F|70/100
|-damage|p2a: Water Gun|58/100|[from] Spikes
|turn|19
|
|t:|1641142843
|switch|p1a: Gigalith|Gigalith, F|31/100
|-weather|Sandstorm|[from] ability: Sand Stream|[of] p1a: Gigalith
|move|p2a: Water Gun|Surf|p1a: Gigalith
|-supereffective|p1a: Gigalith
|-damage|p1a: Gigalith|0 fnt
|faint|p1a: Gigalith
|
|-weather|Sandstorm|[upkeep]
|-damage|p2a: Water Gun|52/100|[from] Sandstorm
|upkeep
|
|t:|1641142845
|switch|p1a: Lycanroc|Lycanroc, F|41/100
|turn|20
|
|t:|1641142847
|move|p1a: Lycanroc|Close Combat|p2a: Water Gun
|-damage|p2a: Water Gun|0 fnt
|-unboost|p1a: Lycanroc|def|1
|-unboost|p1a: Lycanroc|spd|1
|faint|p2a: Water Gun
|-damage|p1a: Lycanroc|31/100|[from] item: Life Orb
|
|-weather|Sandstorm|[upkeep]
|upkeep
|
|t:|1641142850
|switch|p2a: Dome Fossil|Kabutops, M|100/100
|-damage|p2a: Dome Fossil|88/100|[from] Spikes
|turn|21
|
|t:|1641142852
|move|p2a: Dome Fossil|Aqua Jet|p1a: Lycanroc
|-supereffective|p1a: Lycanroc
|-damage|p1a: Lycanroc|0 fnt
|faint|p1a: Lycanroc
|-damage|p2a: Dome Fossil|78/100|[from] item: Life Orb
|
|-weather|Sandstorm|[upkeep]
|upkeep
|
|t:|1641142854
|switch|p1a: Sandaconda|Sandaconda, F|100/100
|turn|22
|
|t:|1641142857
|move|p2a: Dome Fossil|Liquidation|p1a: Sandaconda
|-supereffective|p1a: Sandaconda
|-damage|p1a: Sandaconda|12/100
|-damage|p2a: Dome Fossil|68/100|[from] item: Life Orb
|move|p1a: Sandaconda|Earthquake|p2a: Dome Fossil
|-supereffective|p2a: Dome Fossil
|-damage|p2a: Dome Fossil|0 fnt
|faint|p2a: Dome Fossil
|
|win|SingleAye
|raw|SingleAye's rating: 1361 &rarr; <strong>1384</strong><br />(+23 for winning)
|raw|Allejo 07's rating: 1420 &rarr; <strong>1397</strong><br />(-23 for losing)
|c|☆SingleAye|gg
|l|☆Allejo 07
