|j|☆cafay sen sukr
|j|☆RiftSlayer
|t:|1658323233
|gametype|singles
|player|p1|cafay sen sukr|swimmer-gen4dp|1499
|player|p2|RiftSlayer|101|1233
|teamsize|p1|6
|teamsize|p2|6
|gen|8
|tier|[Gen 8] PU
|rated|
|rule|Sleep Clause Mod: Limit one foe put to sleep
|rule|Species Clause: Limit one of each Pokémon
|rule|OHKO Clause: OHKO moves are banned
|rule|Evasion Moves Clause: Evasion moves are banned
|rule|Endless Battle Clause: Forcing endless battles is banned
|rule|HP Percentage Mod: HP is shown in percentages
|rule|Dynamax Clause: You cannot dynamax
|clearpoke
|poke|p1|Cinccino, F|
|poke|p1|Claydol|
|poke|p1|Gigalith, M|
|poke|p1|Cryogonal|
|poke|p1|Alcremie, F|
|poke|p1|Lanturn, M|
|poke|p2|Luxray, F|
|poke|p2|Whimsicott, M|
|poke|p2|Sandaconda, F|
|poke|p2|Araquanid, F|
|poke|p2|Armaldo, F|
|poke|p2|Heatmor, M|
|teampreview
|inactive|Battle timer is ON: inactive players will automatically lose when time's up. (requested by RiftSlayer)
|
|t:|1658323248
|start
|switch|p1a: Gigalith|Gigalith, M|100/100
|switch|p2a: Armaldo|Armaldo, F|100/100
|-weather|Sandstorm|[from] ability: Sand Stream|[of] p1a: Gigalith
|turn|1
|
|t:|1658323257
|move|p2a: Armaldo|Earthquake|p1a: Gigalith
|-supereffective|p1a: Gigalith
|-damage|p1a: Gigalith|49/100
|move|p1a: Gigalith|Rock Blast|p2a: Armaldo
|-supereffective|p2a: Armaldo
|-damage|p2a: Armaldo|80/100
|-supereffective|p2a: Armaldo
|-damage|p2a: Armaldo|59/100
|-hitcount|p2a: Armaldo|2
|
|-weather|Sandstorm|[upkeep]
|-heal|p1a: Gigalith|55/100|[from] item: Leftovers
|upkeep
|turn|2
|
|t:|1658323264
|move|p2a: Armaldo|Earthquake|p1a: Gigalith
|-supereffective|p1a: Gigalith
|-damage|p1a: Gigalith|2/100
|move|p1a: Gigalith|Stealth Rock|p2a: Armaldo
|-sidestart|p2: RiftSlayer|move: Stealth Rock
|
|-weather|Sandstorm|[upkeep]
|-heal|p1a: Gigalith|8/100|[from] item: Leftovers
|upkeep
|turn|3
|
|t:|1658323271
|move|p2a: Armaldo|Earthquake|p1a: Gigalith
|-supereffective|p1a: Gigalith
|-damage|p1a: Gigalith|0 fnt
|faint|p1a: Gigalith
|
|-weather|Sandstorm|[upkeep]
|upkeep
|
|t:|1658323275
|switch|p1a: Claydol|Claydol|100/100
|turn|4
|
|t:|1658323278
|move|p1a: Claydol|Cosmic Power|p1a: Claydol
|-boost|p1a: Claydol|def|1
|-boost|p1a: Claydol|spd|1
|move|p2a: Armaldo|Rapid Spin|p1a: Claydol
|-damage|p1a: Claydol|91/100
|-boost|p2a: Armaldo|spe|1
|-sideend|p2: RiftSlayer|Stealth Rock|[from] move: Rapid Spin|[of] p2a: Armaldo
|
|-weather|Sandstorm|[upkeep]
|upkeep
|turn|5
|
|t:|1658323282
|switch|p2a: Araquanid|Araquanid, F|100/100
|move|p1a: Claydol|Cosmic Power|p1a: Claydol
|-boost|p1a: Claydol|def|1
|-boost|p1a: Claydol|spd|1
|
|-weather|none
|upkeep
|turn|6
|
|t:|1658323286
|move|p1a: Claydol|Stored Power|p2a: Araquanid
|-damage|p2a: Araquanid|86/100
|move|p2a: Araquanid|Toxic|p1a: Claydol
|-status|p1a: Claydol|tox
|
|-heal|p2a: Araquanid|92/100|[from] item: Leftovers
|-damage|p1a: Claydol|85/100 tox|[from] psn
|upkeep
|turn|7
|
|t:|1658323290
|move|p1a: Claydol|Cosmic Power|p1a: Claydol
|-boost|p1a: Claydol|def|1
|-boost|p1a: Claydol|spd|1
|move|p2a: Araquanid|Sticky Web|p1a: Claydol
|-sidestart|p1: cafay sen sukr|move: Sticky Web
|
|-heal|p2a: Araquanid|98/100|[from] item: Leftovers
|-damage|p1a: Claydol|72/100 tox|[from] psn
|upkeep
|turn|8
|
|t:|1658323297
|move|p1a: Claydol|Cosmic Power|p1a: Claydol
|-boost|p1a: Claydol|def|1
|-boost|p1a: Claydol|spd|1
|move|p2a: Araquanid|Liquidation|p1a: Claydol
|-supereffective|p1a: Claydol
|-damage|p1a: Claydol|51/100 tox
|-enditem|p1a: Claydol|Weakness Policy
|-boost|p1a: Claydol|atk|2|[from] item: Weakness Policy
|-boost|p1a: Claydol|spa|2|[from] item: Weakness Policy
|
|-heal|p2a: Araquanid|100/100|[from] item: Leftovers
|-damage|p1a: Claydol|33/100 tox|[from] psn
|upkeep
|turn|9
|j| NamedDude
|
|t:|1658323309
|move|p1a: Claydol|Rest|p1a: Claydol
|-status|p1a: Claydol|slp|[from] move: Rest
|-heal|p1a: Claydol|100/100 slp|[silent]
|move|p2a: Araquanid|Liquidation|p1a: Claydol
|-supereffective|p1a: Claydol
|-damage|p1a: Claydol|78/100 slp
|
|upkeep
|turn|10
|l| NamedDude
|
|t:|1658323313
|cant|p1a: Claydol|slp
|move|p2a: Araquanid|Liquidation|p1a: Claydol
|-supereffective|p1a: Claydol
|-damage|p1a: Claydol|56/100 slp
|
|upkeep
|turn|11
|
|t:|1658323316
|cant|p1a: Claydol|slp
|move|p2a: Araquanid|Liquidation|p1a: Claydol
|-supereffective|p1a: Claydol
|-damage|p1a: Claydol|35/100 slp
|
|upkeep
|turn|12
|
|t:|1658323321
|-curestatus|p1a: Claydol|slp|[msg]
|move|p1a: Claydol|Stored Power|p2a: Araquanid
|-damage|p2a: Araquanid|26/100
|move|p2a: Araquanid|Toxic|p1a: Claydol
|-status|p1a: Claydol|tox
|
|-heal|p2a: Araquanid|33/100|[from] item: Leftovers
|-damage|p1a: Claydol|29/100 tox|[from] psn
|upkeep
|turn|13
|
|t:|1658323340
|switch|p2a: Whimsicott|Whimsicott, M|100/100
|move|p1a: Claydol|Rest|p1a: Claydol
|-status|p1a: Claydol|slp|[from] move: Rest
|-heal|p1a: Claydol|100/100 slp|[silent]
|
|upkeep
|turn|14
|
|t:|1658323343
|move|p2a: Whimsicott|Switcheroo|p1a: Claydol
|-activate|p2a: Whimsicott|move: Trick|[of] p1a: Claydol
|-item|p1a: Claydol|Choice Specs|[from] move: Switcheroo
|-enditem|p2a: Whimsicott|Choice Specs|[silent]|[from] move: Switcheroo
|cant|p1a: Claydol|slp
|
|upkeep
|turn|15
|
|t:|1658323348
|move|p2a: Whimsicott|Energy Ball|p1a: Claydol
|-supereffective|p1a: Claydol
|-damage|p1a: Claydol|80/100 slp
|cant|p1a: Claydol|slp
|
|upkeep
|turn|16
|
|t:|1658323365
|move|p2a: Whimsicott|Energy Ball|p1a: Claydol
|-supereffective|p1a: Claydol
|-damage|p1a: Claydol|57/100 slp
|-curestatus|p1a: Claydol|slp|[msg]
|move|p1a: Claydol|Stored Power|p2a: Whimsicott
|-damage|p2a: Whimsicott|0 fnt
|faint|p2a: Whimsicott
|
|upkeep
|
|t:|1658323377
|switch|p2a: Armaldo|Armaldo, F|59/100
|turn|17
|
|t:|1658323380
|move|p1a: Claydol|Stored Power|p2a: Armaldo
|-damage|p2a: Armaldo|0 fnt
|faint|p2a: Armaldo
|
|upkeep
|
|t:|1658323392
|switch|p2a: Heatmor|Heatmor, M|100/100
|turn|18
|
|t:|1658323395
|move|p1a: Claydol|Stored Power|p2a: Heatmor
|-damage|p2a: Heatmor|0 fnt
|faint|p2a: Heatmor
|
|upkeep
|
|t:|1658323398
|switch|p2a: Luxray|Luxray, F|100/100
|turn|19
|
|t:|1658323400
|move|p2a: Luxray|Crunch|p1a: Claydol
|-supereffective|p1a: Claydol
|-damage|p1a: Claydol|43/100
|move|p1a: Claydol|Stored Power|p2a: Luxray
|-damage|p2a: Luxray|0 fnt
|faint|p2a: Luxray
|
|upkeep
|-message|RiftSlayer forfeited.
|
|win|cafay sen sukr
|raw|cafay sen sukr's rating: 1499 &rarr; <strong>1506</strong><br />(+7 for winning)
|raw|RiftSlayer's rating: 1233 &rarr; <strong>1224</strong><br />(-9 for losing)
|l|☆RiftSlayer
