|j|☆Toxicidad fuera
|j|☆Huge chillin
|t:|1618089230
|gametype|singles
|player|p1|Toxicidad fuera|argenta|1468
|player|p2|Huge chillin|flint|1326
|teamsize|p1|6
|teamsize|p2|6
|gen|8
|tier|[Gen 8] PU
|rated|
|clearpoke
|poke|p1|Thwackey, M|
|poke|p1|Thievul, F|
|poke|p1|Gourgeist-*, M|
|poke|p1|Garbodor, F|
|poke|p1|Regirock|
|poke|p1|Xatu, M|
|poke|p2|Absol, M|
|poke|p2|Scyther, F|
|poke|p2|Silvally-*|
|poke|p2|Weezing, M|
|poke|p2|Guzzlord|
|poke|p2|Lanturn, F|
|rule|Sleep Clause Mod: Limit one foe put to sleep
|rule|Species Clause: Limit one of each Pokémon
|rule|OHKO Clause: OHKO moves are banned
|rule|Evasion Moves Clause: Evasion moves are banned
|rule|Endless Battle Clause: Forcing endless battles is banned
|rule|HP Percentage Mod: HP is shown in percentages
|rule|Dynamax Clause: You cannot dynamax
|teampreview
|
|t:|1618089276
|start
|switch|p1a: Thwackey|Thwackey, M|100/100
|switch|p2a: Scyther|Scyther, F|100/100
|-fieldstart|move: Grassy Terrain|[from] ability: Grassy Surge|[of] p1a: Thwackey
|turn|1
|
|t:|1618089281
|switch|p1a: Regirock|Regirock|100/100
|move|p2a: Scyther|Knock Off|p1a: Regirock
|-damage|p1a: Regirock|89/100
|-enditem|p1a: Regirock|Leftovers|[from] move: Knock Off|[of] p2a: Scyther
|
|-heal|p1a: Regirock|95/100|[from] Grassy Terrain
|upkeep
|turn|2
|
|t:|1618089285
|move|p2a: Scyther|U-turn|p1a: Regirock
|-damage|p1a: Regirock|82/100
|
|t:|1618089287
|switch|p2a: Weezing|Weezing, M|100/100|[from]move: U-turn
|move|p1a: Regirock|Stealth Rock|p2a: Weezing
|-sidestart|p2: Huge chillin|move: Stealth Rock
|
|-heal|p1a: Regirock|88/100|[from] Grassy Terrain
|upkeep
|turn|3
|
|t:|1618089300
|switch|p1a: Xatu|Xatu, M|100/100
|move|p2a: Weezing|Sludge Bomb|p1a: Xatu
|-damage|p1a: Xatu|61/100
|
|upkeep
|turn|4
|
|t:|1618089307
|switch|p1a: Regirock|Regirock|88/100
|switch|p2a: Guzzlord|Guzzlord|100/100
|-damage|p2a: Guzzlord|88/100|[from] Stealth Rock
|
|-heal|p1a: Regirock|94/100|[from] Grassy Terrain
|-heal|p2a: Guzzlord|94/100|[from] Grassy Terrain
|upkeep
|turn|5
|
|t:|1618089311
|switch|p2a: Weezing|Weezing, M|100/100
|-damage|p2a: Weezing|88/100|[from] Stealth Rock
|move|p1a: Regirock|Body Press|p2a: Weezing
|-resisted|p2a: Weezing
|-damage|p2a: Weezing|75/100
|
|-heal|p2a: Weezing|81/100|[from] item: Black Sludge
|-heal|p1a: Regirock|99/100|[from] Grassy Terrain
|-fieldend|move: Grassy Terrain
|upkeep
|turn|6
|
|t:|1618089323
|switch|p1a: Xatu|Xatu, M|61/100
|move|p2a: Weezing|Sludge Bomb|p1a: Xatu
|-damage|p1a: Xatu|23/100
|
|-heal|p2a: Weezing|87/100|[from] item: Black Sludge
|upkeep
|turn|7
|
|t:|1618089328
|switch|p2a: Guzzlord|Guzzlord|94/100
|-damage|p2a: Guzzlord|82/100|[from] Stealth Rock
|move|p1a: Xatu|Roost|p1a: Xatu
|-heal|p1a: Xatu|73/100
|-singleturn|p1a: Xatu|move: Roost
|
|upkeep
|turn|8
|
|t:|1618089334
|switch|p1a: Regirock|Regirock|99/100
|move|p2a: Guzzlord|Dark Pulse|p1a: Regirock
|-crit|p1a: Regirock
|-damage|p1a: Regirock|48/100
|
|upkeep
|turn|9
|
|t:|1618089346
|switch|p1a: Xatu|Xatu, M|73/100
|switch|p2a: Weezing|Weezing, M|87/100
|-damage|p2a: Weezing|75/100|[from] Stealth Rock
|
|-heal|p2a: Weezing|81/100|[from] item: Black Sludge
|upkeep
|turn|10
|
|t:|1618089352
|switch|p1a: Thwackey|Thwackey, M|100/100
|-fieldstart|move: Grassy Terrain|[from] ability: Grassy Surge|[of] p1a: Thwackey
|switch|p2a: Guzzlord|Guzzlord|82/100
|-damage|p2a: Guzzlord|69/100|[from] Stealth Rock
|
|-heal|p2a: Guzzlord|75/100|[from] Grassy Terrain
|upkeep
|turn|11
|
|t:|1618089355
|switch|p2a: Scyther|Scyther, F|100/100
|move|p1a: Thwackey|U-turn|p2a: Scyther
|-resisted|p2a: Scyther
|-damage|p2a: Scyther|82/100
|-damage|p1a: Thwackey|91/100|[from] item: Life Orb
|
|t:|1618089359
|switch|p1a: Regirock|Regirock|48/100|[from]move: U-turn
|
|-heal|p1a: Regirock|54/100|[from] Grassy Terrain
|upkeep
|turn|12
|
|t:|1618089364
|move|p2a: Scyther|U-turn|p1a: Regirock
|-damage|p1a: Regirock|40/100
|
|t:|1618089366
|switch|p2a: Weezing|Weezing, M|81/100|[from]move: U-turn
|-damage|p2a: Weezing|68/100|[from] Stealth Rock
|move|p1a: Regirock|Rock Blast|p2a: Weezing
|-damage|p2a: Weezing|63/100
|-damage|p2a: Weezing|57/100
|-hitcount|p2a: Weezing|2
|
|-heal|p2a: Weezing|63/100|[from] item: Black Sludge
|-heal|p1a: Regirock|46/100|[from] Grassy Terrain
|upkeep
|turn|13
|
|t:|1618089375
|switch|p1a: Xatu|Xatu, M|73/100
|move|p2a: Weezing|Sludge Bomb|p1a: Xatu
|-crit|p1a: Xatu
|-damage|p1a: Xatu|18/100
|
|-heal|p2a: Weezing|69/100|[from] item: Black Sludge
|upkeep
|turn|14
|
|t:|1618089386
|switch|p2a: Absol|Absol, M|100/100
|-damage|p2a: Absol|88/100|[from] Stealth Rock
|move|p1a: Xatu|Roost|p1a: Xatu
|-heal|p1a: Xatu|68/100
|-singleturn|p1a: Xatu|move: Roost
|
|-heal|p2a: Absol|94/100|[from] Grassy Terrain
|-heal|p1a: Xatu|74/100|[from] Grassy Terrain
|-fieldend|move: Grassy Terrain
|upkeep
|turn|15
|
|t:|1618089418
|switch|p1a: Garbodor|Garbodor, F|100/100
|move|p2a: Absol|Knock Off|p1a: Garbodor
|-damage|p1a: Garbodor|17/100
|-enditem|p1a: Garbodor|Black Sludge|[from] move: Knock Off|[of] p2a: Absol
|-damage|p2a: Absol|84/100|[from] item: Life Orb
|
|upkeep
|turn|16
|
|t:|1618089457
|move|p2a: Absol|Knock Off|p1a: Garbodor
|-damage|p1a: Garbodor|0 fnt
|-damage|p2a: Absol|60/100|[from] ability: Aftermath|[of] p1a: Garbodor
|-damage|p2a: Absol|50/100|[from] item: Life Orb
|faint|p1a: Garbodor
|
|upkeep
|
|t:|1618089468
|switch|p1a: Thwackey|Thwackey, M|91/100
|-fieldstart|move: Grassy Terrain|[from] ability: Grassy Surge|[of] p1a: Thwackey
|turn|17
|
|t:|1618089473
|switch|p2a: Scyther|Scyther, F|82/100
|move|p1a: Thwackey|U-turn|p2a: Scyther
|-resisted|p2a: Scyther
|-damage|p2a: Scyther|65/100
|-damage|p1a: Thwackey|81/100|[from] item: Life Orb
|
|t:|1618089477
|switch|p1a: Regirock|Regirock|46/100|[from]move: U-turn
|
|-heal|p1a: Regirock|52/100|[from] Grassy Terrain
|upkeep
|turn|18
|j| BrochStaysHigh
|
|t:|1618089500
|move|p2a: Scyther|U-turn|p1a: Regirock
|-damage|p1a: Regirock|39/100
|
|t:|1618089502
|switch|p2a: Weezing|Weezing, M|69/100|[from]move: U-turn
|-damage|p2a: Weezing|57/100|[from] Stealth Rock
|move|p1a: Regirock|Rock Blast|p2a: Weezing
|-damage|p2a: Weezing|51/100
|-damage|p2a: Weezing|46/100
|-damage|p2a: Weezing|40/100
|-damage|p2a: Weezing|34/100
|-hitcount|p2a: Weezing|4
|
|-heal|p2a: Weezing|40/100|[from] item: Black Sludge
|-heal|p1a: Regirock|45/100|[from] Grassy Terrain
|upkeep
|turn|19
|
|t:|1618089519
|switch|p1a: Xatu|Xatu, M|74/100
|move|p2a: Weezing|Sludge Bomb|p1a: Xatu
|-damage|p1a: Xatu|40/100
|
|-heal|p2a: Weezing|46/100|[from] item: Black Sludge
|upkeep
|turn|20
|
|t:|1618089523
|move|p2a: Weezing|Protect|p2a: Weezing
|-singleturn|p2a: Weezing|Protect
|move|p1a: Xatu|Roost|p1a: Xatu
|-heal|p1a: Xatu|90/100
|-singleturn|p1a: Xatu|move: Roost
|
|-heal|p1a: Xatu|96/100|[from] Grassy Terrain
|-heal|p2a: Weezing|52/100|[from] item: Black Sludge
|upkeep
|turn|21
|
|t:|1618089528
|switch|p1a: Regirock|Regirock|45/100
|switch|p2a: Guzzlord|Guzzlord|75/100
|-damage|p2a: Guzzlord|63/100|[from] Stealth Rock
|
|-heal|p1a: Regirock|51/100|[from] Grassy Terrain
|-heal|p2a: Guzzlord|69/100|[from] Grassy Terrain
|-fieldend|move: Grassy Terrain
|upkeep
|turn|22
|l| BrochStaysHigh
|
|t:|1618089534
|move|p1a: Regirock|Body Press|p2a: Guzzlord
|-supereffective|p2a: Guzzlord
|-damage|p2a: Guzzlord|0 fnt
|faint|p2a: Guzzlord
|
|upkeep
|
|t:|1618089541
|switch|p2a: Weezing|Weezing, M|52/100
|-damage|p2a: Weezing|40/100|[from] Stealth Rock
|turn|23
|
|t:|1618089545
|switch|p1a: Xatu|Xatu, M|96/100
|move|p2a: Weezing|Sludge Bomb|p1a: Xatu
|-damage|p1a: Xatu|56/100
|-status|p1a: Xatu|psn
|
|-heal|p2a: Weezing|46/100|[from] item: Black Sludge
|-damage|p1a: Xatu|44/100 psn|[from] psn
|upkeep
|turn|24
|
|t:|1618089553
|switch|p2a: Scyther|Scyther, F|65/100
|move|p1a: Xatu|Roost|p1a: Xatu
|-heal|p1a: Xatu|94/100 psn
|-singleturn|p1a: Xatu|move: Roost
|
|-damage|p1a: Xatu|82/100 psn|[from] psn
|upkeep
|turn|25
|
|t:|1618089559
|switch|p1a: Regirock|Regirock|51/100
|move|p2a: Scyther|U-turn|p1a: Regirock
|-damage|p1a: Regirock|38/100
|
|t:|1618089563
|switch|p2a: Absol|Absol, M|50/100|[from]move: U-turn
|-damage|p2a: Absol|37/100|[from] Stealth Rock
|
|upkeep
|turn|26
|
|t:|1618089576
|move|p2a: Absol|Close Combat|p1a: Regirock
|-supereffective|p1a: Regirock
|-damage|p1a: Regirock|0 fnt
|-unboost|p2a: Absol|def|1
|-unboost|p2a: Absol|spd|1
|-damage|p2a: Absol|27/100|[from] item: Life Orb
|faint|p1a: Regirock
|
|upkeep
|
|t:|1618089579
|switch|p1a: Thwackey|Thwackey, M|81/100
|-fieldstart|move: Grassy Terrain|[from] ability: Grassy Surge|[of] p1a: Thwackey
|turn|27
|
|t:|1618089588
|switch|p2a: Scyther|Scyther, F|65/100
|move|p1a: Thwackey|U-turn|p2a: Scyther
|-resisted|p2a: Scyther
|-damage|p2a: Scyther|49/100
|-damage|p1a: Thwackey|71/100|[from] item: Life Orb
|
|t:|1618089598
|switch|p1a: Thievul|Thievul, F|100/100|[from]move: U-turn
|-enditem|p1a: Thievul|Grassy Seed
|-boost|p1a: Thievul|def|1|[from] item: Grassy Seed
|
|upkeep
|turn|28
|
|t:|1618089603
|switch|p2a: Silvally|Silvally-Fairy|100/100
|-damage|p2a: Silvally|88/100|[from] Stealth Rock
|move|p1a: Thievul|Burning Jealousy|p2a: Silvally
|-damage|p2a: Silvally|70/100
|
|-heal|p2a: Silvally|76/100|[from] Grassy Terrain
|upkeep
|turn|29
|
|t:|1618089609
|move|p1a: Thievul|Nasty Plot|p1a: Thievul
|-boost|p1a: Thievul|spa|2
|move|p2a: Silvally|Defog|p1a: Thievul
|-unboost|p1a: Thievul|evasion|1
|-sideend|p2: Huge chillin|Stealth Rock|[from] move: Defog|[of] p2a: Silvally
|-fieldend|move: Grassy Terrain
|
|upkeep
|turn|30
|
|t:|1618089616
|move|p1a: Thievul|Psychic|p2a: Silvally
|-damage|p2a: Silvally|29/100
|move|p2a: Silvally|Multi-Attack|p1a: Thievul
|-supereffective|p1a: Thievul
|-damage|p1a: Thievul|12/100
|
|upkeep
|turn|31
|
|t:|1618089621
|move|p1a: Thievul|Psychic|p2a: Silvally
|-damage|p2a: Silvally|0 fnt
|faint|p2a: Silvally
|
|upkeep
|
|t:|1618089623
|switch|p2a: Scyther|Scyther, F|49/100
|turn|32
|
|t:|1618089625
|move|p1a: Thievul|Burning Jealousy|p2a: Scyther
|-supereffective|p2a: Scyther
|-damage|p2a: Scyther|0 fnt
|faint|p2a: Scyther
|
|upkeep
|c|☆Huge chillin|Oh right
|c|☆Huge chillin|unburden
|c|☆Huge chillin|I’m built different
|
|t:|1618089654
|switch|p2a: Lanturn|Lanturn, F|100/100
|turn|33
|
|t:|1618089660
|move|p1a: Thievul|Dark Pulse|p2a: Lanturn
|-damage|p2a: Lanturn|56/100
|move|p2a: Lanturn|Volt Switch|p1a: Thievul
|-damage|p1a: Thievul|0 fnt
|faint|p1a: Thievul
|
|t:|1618089667
|switch|p2a: Absol|Absol, M|27/100|[from]move: Volt Switch
|
|upkeep
|
|t:|1618089669
|switch|p1a: Thwackey|Thwackey, M|71/100
|-fieldstart|move: Grassy Terrain|[from] ability: Grassy Surge|[of] p1a: Thwackey
|turn|34
|
|t:|1618089671
|switch|p2a: Weezing|Weezing, M|46/100
|move|p1a: Thwackey|Grassy Glide|p2a: Weezing
|-resisted|p2a: Weezing
|-damage|p2a: Weezing|30/100
|-damage|p1a: Thwackey|61/100|[from] item: Life Orb
|
|-heal|p1a: Thwackey|67/100|[from] Grassy Terrain
|-heal|p2a: Weezing|36/100|[from] item: Black Sludge
|upkeep
|turn|35
|
|t:|1618089678
|switch|p1a: Xatu|Xatu, M|82/100 psn
|move|p2a: Weezing|Sludge Bomb|p1a: Xatu
|-damage|p1a: Xatu|44/100 psn
|
|-heal|p2a: Weezing|42/100|[from] item: Black Sludge
|-damage|p1a: Xatu|32/100 psn|[from] psn
|upkeep
|turn|36
|
|t:|1618089688
|switch|p2a: Lanturn|Lanturn, F|56/100
|move|p1a: Xatu|Roost|p1a: Xatu
|-heal|p1a: Xatu|82/100 psn
|-singleturn|p1a: Xatu|move: Roost
|
|-heal|p1a: Xatu|88/100 psn|[from] Grassy Terrain
|-heal|p2a: Lanturn|62/100|[from] Grassy Terrain
|-heal|p2a: Lanturn|69/100|[from] item: Leftovers
|-damage|p1a: Xatu|75/100 psn|[from] psn
|upkeep
|turn|37
|
|t:|1618089705
|switch|p1a: Thwackey|Thwackey, M|67/100
|move|p2a: Lanturn|Volt Switch|p1a: Thwackey
|-resisted|p1a: Thwackey
|-damage|p1a: Thwackey|51/100
|
|t:|1618089707
|switch|p2a: Weezing|Weezing, M|42/100|[from]move: Volt Switch
|
|-heal|p1a: Thwackey|57/100|[from] Grassy Terrain
|-heal|p2a: Weezing|48/100|[from] item: Black Sludge
|upkeep
|turn|38
|
|t:|1618089720
|switch|p1a: Xatu|Xatu, M|75/100 psn
|move|p2a: Weezing|Sludge Bomb|p1a: Xatu
|-damage|p1a: Xatu|36/100 psn
|
|-heal|p2a: Weezing|53/100|[from] item: Black Sludge
|-fieldend|move: Grassy Terrain
|-damage|p1a: Xatu|24/100 psn|[from] psn
|upkeep
|turn|39
|
|t:|1618089724
|switch|p2a: Absol|Absol, M|27/100
|move|p1a: Xatu|Roost|p1a: Xatu
|-heal|p1a: Xatu|74/100 psn
|-singleturn|p1a: Xatu|move: Roost
|
|-damage|p1a: Xatu|62/100 psn|[from] psn
|upkeep
|turn|40
|
|t:|1618089735
|move|p2a: Absol|Sucker Punch||[still]
|-fail|p2a: Absol
|move|p1a: Xatu|Roost|p1a: Xatu
|-heal|p1a: Xatu|100/100 psn
|-singleturn|p1a: Xatu|move: Roost
|
|-damage|p1a: Xatu|88/100 psn|[from] psn
|upkeep
|turn|41
|
|t:|1618089738
|move|p2a: Absol|Sucker Punch|p1a: Xatu
|-supereffective|p1a: Xatu
|-damage|p1a: Xatu|0 fnt
|-damage|p2a: Absol|17/100|[from] item: Life Orb
|faint|p1a: Xatu
|
|upkeep
|
|t:|1618089742
|switch|p1a: Thwackey|Thwackey, M|57/100
|-fieldstart|move: Grassy Terrain|[from] ability: Grassy Surge|[of] p1a: Thwackey
|turn|42
|
|t:|1618089751
|switch|p2a: Weezing|Weezing, M|53/100
|move|p1a: Thwackey|Knock Off|p2a: Weezing
|-damage|p2a: Weezing|32/100
|-enditem|p2a: Weezing|Black Sludge|[from] move: Knock Off|[of] p1a: Thwackey
|-damage|p1a: Thwackey|47/100|[from] item: Life Orb
|
|-heal|p1a: Thwackey|53/100|[from] Grassy Terrain
|upkeep
|turn|43
|
|t:|1618089775
|move|p1a: Thwackey|Swords Dance|p1a: Thwackey
|-boost|p1a: Thwackey|atk|2
|move|p2a: Weezing|Will-O-Wisp|p1a: Thwackey
|-status|p1a: Thwackey|brn
|
|-heal|p1a: Thwackey|59/100 brn|[from] Grassy Terrain
|-damage|p1a: Thwackey|53/100 brn|[from] brn
|upkeep
|turn|44
|
|t:|1618089779
|move|p1a: Thwackey|Swords Dance|p1a: Thwackey
|-boost|p1a: Thwackey|atk|2
|move|p2a: Weezing|Haze|p2a: Weezing
|-clearallboost
|
|-heal|p1a: Thwackey|59/100 brn|[from] Grassy Terrain
|-damage|p1a: Thwackey|53/100 brn|[from] brn
|upkeep
|turn|45
|
|t:|1618089783
|move|p1a: Thwackey|Knock Off|p2a: Weezing
|-damage|p2a: Weezing|25/100
|-damage|p1a: Thwackey|43/100 brn|[from] item: Life Orb
|move|p2a: Weezing|Sludge Bomb|p1a: Thwackey
|-supereffective|p1a: Thwackey
|-damage|p1a: Thwackey|0 fnt
|faint|p1a: Thwackey
|
|upkeep
|
|t:|1618089785
|switch|p1a: Gourgeist|Gourgeist-Small, M|100/100
|turn|46
|
|t:|1618089792
|move|p1a: Gourgeist|Power Whip|p2a: Weezing
|-resisted|p2a: Weezing
|-damage|p2a: Weezing|0 fnt
|faint|p2a: Weezing
|
|-fieldend|move: Grassy Terrain
|upkeep
|
|t:|1618089831
|switch|p2a: Absol|Absol, M|17/100
|turn|47
|
|t:|1618089857
|move|p2a: Absol|Sucker Punch|p1a: Gourgeist
|-supereffective|p1a: Gourgeist
|-crit|p1a: Gourgeist
|-damage|p1a: Gourgeist|0 fnt
|-damage|p2a: Absol|8/100|[from] item: Life Orb
|faint|p1a: Gourgeist
|
|win|Huge chillin
|raw|Toxicidad fuera's rating: 1468 &rarr; <strong>1440</strong><br />(-28 for losing)
|raw|Huge chillin's rating: 1325 &rarr; <strong>1353</strong><br />(+28 for winning)
|c|☆Huge chillin|gg
|c|☆Toxicidad fuera|fuck off
|c|☆Huge chillin|Chill
|c|☆Toxicidad fuera|that mattered
|c|☆Huge chillin|i know it mattered
|c|☆Huge chillin|yeah
||Ladder isn't responding, score probably updated but might not have (Request timeout).
|c|☆Huge chillin|Super luck came in clutch
|l|☆Toxicidad fuera
