|html|<div class="broadcast-blue"><strong>[Gen 8] PU is currently suspecting Drampa! For information on how to participate check out the <a href="https://www.smogon.com/forums/threads/np-pu-stage-7-i-hear-hyper-voices-in-my-head-drampa-suspect-test.3692992/">suspect thread</a>.</strong></div>
|j|☆sugar ovens
|j|☆Vanisavora
|inactive|Battle timer is ON: inactive players will automatically lose when time's up.
|t:|1636477661
|gametype|singles
|player|p1|sugar ovens|twins|
|player|p2|Vanisavora|bryony|
|teamsize|p1|6
|teamsize|p2|6
|gen|8
|tier|[Gen 8] PU
|rated|Tournament battle
|rule|Sleep Clause Mod: Limit one foe put to sleep
|rule|Species Clause: Limit one of each Pokémon
|rule|OHKO Clause: OHKO moves are banned
|rule|Evasion Moves Clause: Evasion moves are banned
|rule|Endless Battle Clause: Forcing endless battles is banned
|rule|HP Percentage Mod: HP is shown in percentages
|rule|Dynamax Clause: You cannot dynamax
|clearpoke
|poke|p1|Charizard, M|
|poke|p1|Scrafty, F|
|poke|p1|Gigalith, F|
|poke|p1|Weezing, F|
|poke|p1|Eldegoss, F|
|poke|p1|Poliwrath, M|
|poke|p2|Gigalith, M|
|poke|p2|Tsareena, F|
|poke|p2|Scrafty, M|
|poke|p2|Silvally-*|
|poke|p2|Aromatisse, F|
|poke|p2|Charizard, M|
|teampreview
|j|*Lady Monita ☽
|j| BB-8-NU
|j| Kevin the legend
|j| FATbirb5r
|j| Junior743
|j| No_hearts XIII
|j| wesh papillon
|inactive|Vanisavora has 120 seconds left.
|
|t:|1636477706
|start
|switch|p1a: Weezing|Weezing, F|100/100
|switch|p2a: Scrafty|Scrafty, M|100/100
|-ability|p1a: Weezing|Neutralizing Gas
|turn|1
|
|t:|1636477715
|-end|p1a: Weezing|ability: Neutralizing Gas
|switch|p1a: Charizard|Charizard, M|100/100
|move|p2a: Scrafty|Dragon Dance|p2a: Scrafty
|-boost|p2a: Scrafty|atk|1
|-boost|p2a: Scrafty|spe|1
|
|upkeep
|turn|2
|j| marko14404444
|j| Love Cherry
|
|t:|1636477720
|move|p1a: Charizard|Hurricane|p2a: Scrafty|[miss]
|-miss|p1a: Charizard|p2a: Scrafty
|move|p2a: Scrafty|Knock Off|p1a: Charizard
|-damage|p1a: Charizard|37/100
|-enditem|p1a: Charizard|Heavy-Duty Boots|[from] move: Knock Off|[of] p2a: Scrafty
|
|upkeep
|turn|3
|j| Gym Leader Guben
|j| GeoJumper0001
|
|t:|1636477733
|switch|p1a: Weezing|Weezing, F|100/100
|-ability|p1a: Weezing|Neutralizing Gas
|switch|p2a: Gigalith|Gigalith, M|100/100
|
|upkeep
|turn|4
|
|t:|1636477739
|move|p1a: Weezing|Toxic Spikes|p2a: Gigalith
|-sidestart|p2: Vanisavora|move: Toxic Spikes
|move|p2a: Gigalith|Stealth Rock|p1a: Weezing
|-sidestart|p1: sugar ovens|move: Stealth Rock
|
|upkeep
|turn|5
|
|t:|1636477743
|-end|p1a: Weezing|ability: Neutralizing Gas
|-weather|Sandstorm|[from] ability: Sand Stream|[of] p2a: Gigalith
|switch|p1a: Eldegoss|Eldegoss, F|100/100
|switch|p2a: Scrafty|Scrafty, M|100/100
|-status|p2a: Scrafty|psn
|
|-weather|Sandstorm|[upkeep]
|-damage|p1a: Eldegoss|94/100|[from] Sandstorm
|-damage|p2a: Scrafty|94/100 psn|[from] Sandstorm
|-activate|p2a: Scrafty|ability: Shed Skin
|-curestatus|p2a: Scrafty|psn|[msg]
|-heal|p2a: Scrafty|100/100|[from] item: Leftovers
|upkeep
|turn|6
|l| Gym Leader Guben
|
|t:|1636477750
|switch|p1a: Poliwrath|Poliwrath, M|100/100
|-damage|p1a: Poliwrath|94/100|[from] Stealth Rock
|move|p2a: Scrafty|Knock Off|p1a: Poliwrath
|-resisted|p1a: Poliwrath
|-damage|p1a: Poliwrath|78/100
|-enditem|p1a: Poliwrath|Choice Scarf|[from] move: Knock Off|[of] p2a: Scrafty
|
|-weather|Sandstorm|[upkeep]
|-damage|p1a: Poliwrath|72/100|[from] Sandstorm
|-damage|p2a: Scrafty|94/100|[from] Sandstorm
|-heal|p2a: Scrafty|100/100|[from] item: Leftovers
|upkeep
|turn|7
|
|t:|1636477757
|switch|p2a: Tsareena|Tsareena, F|100/100
|move|p1a: Poliwrath|Close Combat|p2a: Tsareena
|-damage|p2a: Tsareena|54/100
|-unboost|p1a: Poliwrath|def|1
|-unboost|p1a: Poliwrath|spd|1
|
|-weather|Sandstorm|[upkeep]
|-damage|p1a: Poliwrath|66/100|[from] Sandstorm
|-damage|p2a: Tsareena|48/100|[from] Sandstorm
|upkeep
|turn|8
|
|t:|1636477769
|switch|p1a: Weezing|Weezing, F|100/100
|-ability|p1a: Weezing|Neutralizing Gas
|-damage|p1a: Weezing|88/100|[from] Stealth Rock
|switch|p2a: Charizard|Charizard, M|100/100
|
|-weather|Sandstorm|[upkeep]
|-damage|p2a: Charizard|94/100|[from] Sandstorm
|-damage|p1a: Weezing|82/100|[from] Sandstorm
|-heal|p1a: Weezing|88/100|[from] item: Black Sludge
|upkeep
|turn|9
|
|t:|1636477773
|-end|p1a: Weezing|ability: Neutralizing Gas
|switch|p1a: Gigalith|Gigalith, F|100/100
|-damage|p1a: Gigalith|88/100|[from] Stealth Rock
|move|p2a: Charizard|Flamethrower|p1a: Gigalith
|-resisted|p1a: Gigalith
|-damage|p1a: Gigalith|73/100
|
|-weather|none
|-heal|p1a: Gigalith|79/100|[from] item: Leftovers
|upkeep
|turn|10
|
|t:|1636477779
|switch|p2a: Scrafty|Scrafty, M|100/100
|-status|p2a: Scrafty|psn
|move|p1a: Gigalith|Stealth Rock|p2a: Scrafty
|-sidestart|p2: Vanisavora|move: Stealth Rock
|
|-activate|p2a: Scrafty|ability: Shed Skin
|-curestatus|p2a: Scrafty|psn|[msg]
|-heal|p1a: Gigalith|85/100|[from] item: Leftovers
|upkeep
|turn|11
|
|t:|1636477783
|switch|p1a: Poliwrath|Poliwrath, M|66/100
|-damage|p1a: Poliwrath|60/100|[from] Stealth Rock
|move|p2a: Scrafty|Dragon Dance|p2a: Scrafty
|-boost|p2a: Scrafty|atk|1
|-boost|p2a: Scrafty|spe|1
|
|upkeep
|turn|12
|j| Lex = IrF
|
|t:|1636477796
|switch|p2a: Silvally|Silvally-Ghost|100/100
|-status|p2a: Silvally|psn
|-damage|p2a: Silvally|88/100 psn|[from] Stealth Rock
|move|p1a: Poliwrath|Close Combat|p2a: Silvally
|-immune|p2a: Silvally
|
|-damage|p2a: Silvally|76/100 psn|[from] psn
|upkeep
|turn|13
|
|t:|1636477808
|switch|p1a: Scrafty|Scrafty, F|100/100
|-damage|p1a: Scrafty|95/100|[from] Stealth Rock
|move|p2a: Silvally|Multi-Attack|p1a: Scrafty
|-resisted|p1a: Scrafty
|-damage|p1a: Scrafty|71/100
|
|-heal|p1a: Scrafty|77/100|[from] item: Leftovers
|-damage|p2a: Silvally|63/100 psn|[from] psn
|upkeep
|turn|14
|
|t:|1636477812
|move|p2a: Silvally|Parting Shot|p1a: Scrafty
|-unboost|p1a: Scrafty|atk|1
|-unboost|p1a: Scrafty|spa|1
|
|t:|1636477816
|switch|p2a: Scrafty|Scrafty, M|100/100|[from]move: Parting Shot
|-status|p2a: Scrafty|psn
|-damage|p2a: Scrafty|94/100 psn|[from] Stealth Rock
|move|p1a: Scrafty|Knock Off|p2a: Scrafty
|-resisted|p2a: Scrafty
|-damage|p2a: Scrafty|90/100 psn
|-enditem|p2a: Scrafty|Leftovers|[from] move: Knock Off|[of] p1a: Scrafty
|
|-heal|p1a: Scrafty|83/100|[from] item: Leftovers
|-damage|p2a: Scrafty|77/100 psn|[from] psn
|upkeep
|turn|15
|
|t:|1636477819
|move|p1a: Scrafty|Bulk Up|p1a: Scrafty
|-boost|p1a: Scrafty|atk|1
|-boost|p1a: Scrafty|def|1
|move|p2a: Scrafty|Dragon Dance|p2a: Scrafty
|-boost|p2a: Scrafty|atk|1
|-boost|p2a: Scrafty|spe|1
|
|-heal|p1a: Scrafty|89/100|[from] item: Leftovers
|-damage|p2a: Scrafty|65/100 psn|[from] psn
|upkeep
|turn|16
|
|t:|1636477826
|move|p2a: Scrafty|Drain Punch|p1a: Scrafty
|-supereffective|p1a: Scrafty
|-damage|p1a: Scrafty|48/100
|-heal|p2a: Scrafty|91/100 psn|[from] drain|[of] p1a: Scrafty
|move|p1a: Scrafty|Drain Punch|p2a: Scrafty
|-supereffective|p2a: Scrafty
|-damage|p2a: Scrafty|51/100 psn
|-heal|p1a: Scrafty|64/100|[from] drain|[of] p2a: Scrafty
|
|-heal|p1a: Scrafty|70/100|[from] item: Leftovers
|-damage|p2a: Scrafty|38/100 psn|[from] psn
|upkeep
|turn|17
|
|t:|1636477832
|move|p2a: Scrafty|Drain Punch|p1a: Scrafty
|-supereffective|p1a: Scrafty
|-damage|p1a: Scrafty|23/100
|-heal|p2a: Scrafty|67/100 psn|[from] drain|[of] p1a: Scrafty
|move|p1a: Scrafty|Drain Punch|p2a: Scrafty
|-supereffective|p2a: Scrafty
|-damage|p2a: Scrafty|23/100 psn
|-heal|p1a: Scrafty|41/100|[from] drain|[of] p2a: Scrafty
|
|-heal|p1a: Scrafty|47/100|[from] item: Leftovers
|-damage|p2a: Scrafty|10/100 psn|[from] psn
|upkeep
|turn|18
|
|t:|1636477837
|switch|p1a: Weezing|Weezing, F|88/100
|-ability|p1a: Weezing|Neutralizing Gas
|-damage|p1a: Weezing|76/100|[from] Stealth Rock
|move|p2a: Scrafty|Drain Punch|p1a: Weezing
|-resisted|p1a: Weezing
|-damage|p1a: Weezing|63/100
|-heal|p2a: Scrafty|18/100 psn|[from] drain|[of] p1a: Weezing
|
|-heal|p1a: Weezing|69/100|[from] item: Black Sludge
|-damage|p2a: Scrafty|6/100 psn|[from] psn
|upkeep
|turn|19
|
|t:|1636477843
|move|p2a: Scrafty|Rest|p2a: Scrafty
|-status|p2a: Scrafty|slp|[from] move: Rest
|-heal|p2a: Scrafty|100/100 slp|[silent]
|move|p1a: Weezing|Sludge Bomb|p2a: Scrafty
|-damage|p2a: Scrafty|76/100 slp
|
|-heal|p1a: Weezing|75/100|[from] item: Black Sludge
|upkeep
|turn|20
|
|t:|1636477849
|-end|p1a: Weezing|ability: Neutralizing Gas
|switch|p1a: Poliwrath|Poliwrath, M|60/100
|-damage|p1a: Poliwrath|53/100|[from] Stealth Rock
|cant|p2a: Scrafty|slp
|
|-activate|p2a: Scrafty|ability: Shed Skin
|-curestatus|p2a: Scrafty|slp|[msg]
|upkeep
|turn|21
|
|t:|1636477855
|move|p1a: Poliwrath|Close Combat|p2a: Scrafty
|-supereffective|p2a: Scrafty
|-crit|p2a: Scrafty
|-damage|p2a: Scrafty|0 fnt
|-unboost|p1a: Poliwrath|def|1
|-unboost|p1a: Poliwrath|spd|1
|faint|p2a: Scrafty
|
|upkeep
|
|t:|1636477862
|switch|p2a: Silvally|Silvally-Ghost|63/100 psn
|-damage|p2a: Silvally|51/100 psn|[from] Stealth Rock
|turn|22
|
|t:|1636477879
|move|p2a: Silvally|Multi-Attack|p1a: Poliwrath
|-damage|p1a: Poliwrath|0 fnt
|faint|p1a: Poliwrath
|
|-damage|p2a: Silvally|39/100 psn|[from] psn
|upkeep
|
|t:|1636477892
|switch|p1a: Scrafty|Scrafty, F|47/100
|-damage|p1a: Scrafty|41/100|[from] Stealth Rock
|turn|23
|
|t:|1636477895
|move|p2a: Silvally|Parting Shot|p1a: Scrafty
|-unboost|p1a: Scrafty|atk|1
|-unboost|p1a: Scrafty|spa|1
|
|t:|1636477897
|switch|p2a: Aromatisse|Aromatisse, F|100/100|[from]move: Parting Shot
|-status|p2a: Aromatisse|psn
|-damage|p2a: Aromatisse|88/100 psn|[from] Stealth Rock
|move|p1a: Scrafty|Rest|p1a: Scrafty
|-status|p1a: Scrafty|slp|[from] move: Rest
|-heal|p1a: Scrafty|100/100 slp|[silent]
|
|-heal|p2a: Aromatisse|94/100 psn|[from] item: Leftovers
|-damage|p2a: Aromatisse|82/100 psn|[from] psn
|upkeep
|turn|24
|
|t:|1636477903
|switch|p1a: Charizard|Charizard, M|37/100
|-damage|p1a: Charizard|0 fnt|[from] Stealth Rock
|faint|p1a: Charizard
|move|p2a: Aromatisse|Aromatherapy|p2a: Aromatisse
|-activate|p2a: Aromatisse|move: Aromatherapy
|-curestatus|p2a: Aromatisse|psn|[msg]
|-curestatus|p2: Silvally|psn|[msg]
|
|-heal|p2a: Aromatisse|88/100|[from] item: Leftovers
|upkeep
|
|t:|1636477914
|switch|p1a: Weezing|Weezing, F|75/100
|-ability|p1a: Weezing|Neutralizing Gas
|-damage|p1a: Weezing|63/100|[from] Stealth Rock
|turn|25
|
|t:|1636477934
|switch|p2a: Gigalith|Gigalith, M|100/100
|-status|p2a: Gigalith|psn
|-damage|p2a: Gigalith|88/100 psn|[from] Stealth Rock
|move|p1a: Weezing|Sludge Bomb|p2a: Gigalith
|-resisted|p2a: Gigalith
|-damage|p2a: Gigalith|75/100 psn
|
|-heal|p1a: Weezing|69/100|[from] item: Black Sludge
|-heal|p2a: Gigalith|81/100 psn|[from] item: Leftovers
|-damage|p2a: Gigalith|68/100 psn|[from] psn
|upkeep
|turn|26
|
|t:|1636477942
|-end|p1a: Weezing|ability: Neutralizing Gas
|-weather|Sandstorm|[from] ability: Sand Stream|[of] p2a: Gigalith
|switch|p1a: Eldegoss|Eldegoss, F|100/100
|move|p2a: Gigalith|Rock Blast|p1a: Eldegoss
|-damage|p1a: Eldegoss|87/100
|-damage|p1a: Eldegoss|75/100
|-damage|p1a: Eldegoss|62/100
|-damage|p1a: Eldegoss|48/100
|-damage|p1a: Eldegoss|34/100
|-hitcount|p1a: Eldegoss|5
|
|-weather|Sandstorm|[upkeep]
|-damage|p1a: Eldegoss|27/100|[from] Sandstorm
|-heal|p2a: Gigalith|75/100 psn|[from] item: Leftovers
|-damage|p2a: Gigalith|62/100 psn|[from] psn
|upkeep
|turn|27
|
|t:|1636477950
|switch|p1a: Scrafty|Scrafty, F|100/100 slp
|-damage|p1a: Scrafty|95/100 slp|[from] Stealth Rock
|switch|p2a: Silvally|Silvally-Ghost|39/100
|-status|p2a: Silvally|psn
|-damage|p2a: Silvally|26/100 psn|[from] Stealth Rock
|
|-weather|Sandstorm|[upkeep]
|-damage|p2a: Silvally|20/100 psn|[from] Sandstorm
|-damage|p1a: Scrafty|89/100 slp|[from] Sandstorm
|-activate|p1a: Scrafty|ability: Shed Skin
|-curestatus|p1a: Scrafty|slp|[msg]
|-heal|p1a: Scrafty|95/100|[from] item: Leftovers
|-damage|p2a: Silvally|8/100 psn|[from] psn
|upkeep
|turn|28
|
|t:|1636477955
|move|p2a: Silvally|Parting Shot|p1a: Scrafty
|-unboost|p1a: Scrafty|atk|1
|-unboost|p1a: Scrafty|spa|1
|
|t:|1636477959
|switch|p2a: Tsareena|Tsareena, F|48/100|[from]move: Parting Shot
|move|p1a: Scrafty|Bulk Up|p1a: Scrafty
|-boost|p1a: Scrafty|atk|1
|-boost|p1a: Scrafty|def|1
|
|-weather|Sandstorm|[upkeep]
|-damage|p2a: Tsareena|42/100|[from] Sandstorm
|-damage|p1a: Scrafty|89/100|[from] Sandstorm
|-heal|p1a: Scrafty|95/100|[from] item: Leftovers
|upkeep
|turn|29
|
|t:|1636477962
|move|p2a: Tsareena|Rapid Spin|p1a: Scrafty
|-damage|p1a: Scrafty|85/100
|-boost|p2a: Tsareena|spe|1
|-sideend|p2: Vanisavora|Toxic Spikes|[from] move: Rapid Spin|[of] p2a: Tsareena
|-sideend|p2: Vanisavora|Stealth Rock|[from] move: Rapid Spin|[of] p2a: Tsareena
|move|p1a: Scrafty|Knock Off|p2a: Tsareena
|-damage|p2a: Tsareena|17/100
|-enditem|p2a: Tsareena|Heavy-Duty Boots|[from] move: Knock Off|[of] p1a: Scrafty
|
|-weather|Sandstorm|[upkeep]
|-damage|p2a: Tsareena|11/100|[from] Sandstorm
|-damage|p1a: Scrafty|79/100|[from] Sandstorm
|-heal|p1a: Scrafty|85/100|[from] item: Leftovers
|upkeep
|turn|30
|
|t:|1636477969
|move|p2a: Tsareena|High Jump Kick|p1a: Scrafty
|-supereffective|p1a: Scrafty
|-damage|p1a: Scrafty|45/100
|move|p1a: Scrafty|Knock Off|p2a: Tsareena
|-damage|p2a: Tsareena|0 fnt
|faint|p2a: Tsareena
|
|-weather|none
|-heal|p1a: Scrafty|50/100|[from] item: Leftovers
|upkeep
|
|t:|1636477973
|switch|p2a: Charizard|Charizard, M|94/100
|turn|31
|
|t:|1636477976
|switch|p1a: Gigalith|Gigalith, F|85/100
|-damage|p1a: Gigalith|73/100|[from] Stealth Rock
|-weather|Sandstorm|[from] ability: Sand Stream|[of] p1a: Gigalith
|move|p2a: Charizard|Air Slash|p1a: Gigalith
|-resisted|p1a: Gigalith
|-damage|p1a: Gigalith|60/100
|
|-weather|Sandstorm|[upkeep]
|-damage|p2a: Charizard|88/100|[from] Sandstorm
|-heal|p1a: Gigalith|66/100|[from] item: Leftovers
|upkeep
|turn|32
|
|t:|1636477982
|switch|p2a: Aromatisse|Aromatisse, F|88/100
|move|p1a: Gigalith|Stealth Rock|p2a: Aromatisse
|-sidestart|p2: Vanisavora|move: Stealth Rock
|
|-weather|Sandstorm|[upkeep]
|-damage|p2a: Aromatisse|82/100|[from] Sandstorm
|-heal|p2a: Aromatisse|88/100|[from] item: Leftovers
|-heal|p1a: Gigalith|72/100|[from] item: Leftovers
|upkeep
|turn|33
|
|t:|1636477990
|move|p1a: Gigalith|Protect|p1a: Gigalith
|-singleturn|p1a: Gigalith|Protect
|move|p2a: Aromatisse|Aromatherapy|p2a: Aromatisse
|-activate|p2a: Aromatisse|move: Aromatherapy
|-curestatus|p2: Gigalith|psn|[msg]
|-curestatus|p2: Silvally|psn|[msg]
|
|-weather|Sandstorm|[upkeep]
|-damage|p2a: Aromatisse|82/100|[from] Sandstorm
|-heal|p2a: Aromatisse|88/100|[from] item: Leftovers
|-heal|p1a: Gigalith|78/100|[from] item: Leftovers
|upkeep
|turn|34
|
|t:|1636477994
|move|p2a: Aromatisse|Wish|p2a: Aromatisse
|move|p1a: Gigalith|Toxic|p2a: Aromatisse
|-status|p2a: Aromatisse|tox
|
|-weather|Sandstorm|[upkeep]
|-damage|p2a: Aromatisse|82/100 tox|[from] Sandstorm
|-heal|p2a: Aromatisse|88/100 tox|[from] item: Leftovers
|-heal|p1a: Gigalith|84/100|[from] item: Leftovers
|-damage|p2a: Aromatisse|82/100 tox|[from] psn
|upkeep
|turn|35
|
|t:|1636478004
|switch|p1a: Scrafty|Scrafty, F|50/100
|-damage|p1a: Scrafty|45/100|[from] Stealth Rock
|move|p2a: Aromatisse|Moonblast|p1a: Scrafty
|-supereffective|p1a: Scrafty
|-damage|p1a: Scrafty|0 fnt
|faint|p1a: Scrafty
|
|-weather|none
|-heal|p2a: Aromatisse|100/100 tox|[from] move: Wish|[wisher] Aromatisse
|-damage|p2a: Aromatisse|88/100 tox|[from] psn
|upkeep
|
|t:|1636478007
|switch|p1a: Eldegoss|Eldegoss, F|61/100
|turn|36
|
|t:|1636478015
|move|p1a: Eldegoss|Rapid Spin|p2a: Aromatisse
|-damage|p2a: Aromatisse|83/100 tox
|-boost|p1a: Eldegoss|spe|1
|-sideend|p1: sugar ovens|Stealth Rock|[from] move: Rapid Spin|[of] p1a: Eldegoss
|move|p2a: Aromatisse|Aromatherapy|p2a: Aromatisse
|-activate|p2a: Aromatisse|move: Aromatherapy
|-curestatus|p2a: Aromatisse|tox|[msg]
|
|-heal|p2a: Aromatisse|89/100|[from] item: Leftovers
|upkeep
|turn|37
|
|t:|1636478020
|switch|p1a: Gigalith|Gigalith, F|84/100
|-weather|Sandstorm|[from] ability: Sand Stream|[of] p1a: Gigalith
|move|p2a: Aromatisse|Wish|p2a: Aromatisse
|
|-weather|Sandstorm|[upkeep]
|-damage|p2a: Aromatisse|83/100|[from] Sandstorm
|-heal|p2a: Aromatisse|89/100|[from] item: Leftovers
|-heal|p1a: Gigalith|91/100|[from] item: Leftovers
|upkeep
|turn|38
|
|t:|1636478026
|switch|p2a: Gigalith|Gigalith, M|62/100
|-damage|p2a: Gigalith|50/100|[from] Stealth Rock
|move|p1a: Gigalith|Toxic|p2a: Gigalith
|-status|p2a: Gigalith|tox
|
|-weather|Sandstorm|[upkeep]
|-heal|p2a: Gigalith|100/100 tox|[from] move: Wish|[wisher] Aromatisse
|-heal|p1a: Gigalith|97/100|[from] item: Leftovers
|-damage|p2a: Gigalith|94/100 tox|[from] psn
|upkeep
|turn|39
|
|t:|1636478032
|move|p1a: Gigalith|Rock Blast|p2a: Gigalith
|-damage|p2a: Gigalith|87/100 tox
|-damage|p2a: Gigalith|80/100 tox
|-damage|p2a: Gigalith|74/100 tox
|-hitcount|p2a: Gigalith|3
|move|p2a: Gigalith|Toxic|p1a: Gigalith
|-status|p1a: Gigalith|tox
|
|-weather|Sandstorm|[upkeep]
|-heal|p1a: Gigalith|100/100 tox|[from] item: Leftovers
|-heal|p2a: Gigalith|80/100 tox|[from] item: Leftovers
|-damage|p1a: Gigalith|94/100 tox|[from] psn
|-damage|p2a: Gigalith|68/100 tox|[from] psn
|upkeep
|turn|40
|
|t:|1636478035
|switch|p1a: Eldegoss|Eldegoss, F|94/100
|switch|p2a: Aromatisse|Aromatisse, F|89/100
|-damage|p2a: Aromatisse|77/100|[from] Stealth Rock
|
|-weather|Sandstorm|[upkeep]
|-damage|p1a: Eldegoss|88/100|[from] Sandstorm
|-damage|p2a: Aromatisse|71/100|[from] Sandstorm
|-heal|p2a: Aromatisse|77/100|[from] item: Leftovers
|upkeep
|turn|41
|
|t:|1636478040
|move|p1a: Eldegoss|Sleep Powder|p2a: Aromatisse|[miss]
|-miss|p1a: Eldegoss|p2a: Aromatisse
|move|p2a: Aromatisse|Moonblast|p1a: Eldegoss
|-damage|p1a: Eldegoss|56/100
|-unboost|p1a: Eldegoss|spa|1
|
|-weather|none
|-heal|p2a: Aromatisse|83/100|[from] item: Leftovers
|upkeep
|turn|42
|
|t:|1636478044
|move|p1a: Eldegoss|Aromatherapy|p1a: Eldegoss
|-activate|p1a: Eldegoss|move: Aromatherapy
|-curestatus|p1: Gigalith|tox|[msg]
|move|p2a: Aromatisse|Aromatherapy|p2a: Aromatisse
|-activate|p2a: Aromatisse|move: Aromatherapy
|-curestatus|p2: Gigalith|tox|[msg]
|
|-heal|p2a: Aromatisse|89/100|[from] item: Leftovers
|upkeep
|turn|43
|
|t:|1636478049
|switch|p1a: Weezing|Weezing, F|69/100
|-ability|p1a: Weezing|Neutralizing Gas
|move|p2a: Aromatisse|Moonblast|p1a: Weezing
|-resisted|p1a: Weezing
|-damage|p1a: Weezing|48/100
|
|-heal|p1a: Weezing|54/100|[from] item: Black Sludge
|-heal|p2a: Aromatisse|95/100|[from] item: Leftovers
|upkeep
|turn|44
|
|t:|1636478055
|move|p2a: Aromatisse|Protect|p2a: Aromatisse
|-singleturn|p2a: Aromatisse|Protect
|move|p1a: Weezing|Toxic Spikes|p2a: Aromatisse
|-sidestart|p2: Vanisavora|move: Toxic Spikes
|
|-heal|p1a: Weezing|60/100|[from] item: Black Sludge
|-heal|p2a: Aromatisse|100/100|[from] item: Leftovers
|upkeep
|turn|45
|j| Anghult♣
|
|t:|1636478060
|switch|p2a: Charizard|Charizard, M|88/100
|-damage|p2a: Charizard|39/100|[from] Stealth Rock
|move|p1a: Weezing|Toxic Spikes|p2a: Charizard
|-sidestart|p2: Vanisavora|move: Toxic Spikes
|
|-heal|p1a: Weezing|66/100|[from] item: Black Sludge
|upkeep
|turn|46
|
|t:|1636478065
|-end|p1a: Weezing|ability: Neutralizing Gas
|switch|p1a: Gigalith|Gigalith, F|94/100
|-weather|Sandstorm|[from] ability: Sand Stream|[of] p1a: Gigalith
|move|p2a: Charizard|Ancient Power|p1a: Gigalith
|-damage|p1a: Gigalith|79/100
|
|-weather|Sandstorm|[upkeep]
|-damage|p2a: Charizard|32/100|[from] Sandstorm
|-heal|p1a: Gigalith|85/100|[from] item: Leftovers
|upkeep
|turn|47
|c|☆Vanisavora|That misclick fucked me over.
|j| Tiru
|
|t:|1636478082
|switch|p2a: Gigalith|Gigalith, M|68/100
|-status|p2a: Gigalith|tox
|-damage|p2a: Gigalith|55/100 tox|[from] Stealth Rock
|move|p1a: Gigalith|Rock Blast|p2a: Gigalith|[miss]
|-miss|p1a: Gigalith|p2a: Gigalith
|
|-weather|Sandstorm|[upkeep]
|-heal|p1a: Gigalith|92/100|[from] item: Leftovers
|-heal|p2a: Gigalith|61/100 tox|[from] item: Leftovers
|-damage|p2a: Gigalith|55/100 tox|[from] psn
|upkeep
|turn|48
|c| Love Cherry|lmao
|c| Lex = IrF|no vanii
|c|☆sugar ovens|i did my best to lose this tbh
|inactive|sugar ovens has 120 seconds left.
|
|t:|1636478113
|move|p1a: Gigalith|Rock Blast|p2a: Gigalith
|-damage|p2a: Gigalith|48/100 tox
|-damage|p2a: Gigalith|41/100 tox
|-damage|p2a: Gigalith|34/100 tox
|-hitcount|p2a: Gigalith|3
|move|p2a: Gigalith|Stealth Rock|p1a: Gigalith
|-sidestart|p1: sugar ovens|move: Stealth Rock
|
|-weather|Sandstorm|[upkeep]
|-heal|p1a: Gigalith|98/100|[from] item: Leftovers
|-heal|p2a: Gigalith|40/100 tox|[from] item: Leftovers
|-damage|p2a: Gigalith|28/100 tox|[from] psn
|upkeep
|turn|49
|
|t:|1636478120
|switch|p2a: Aromatisse|Aromatisse, F|100/100
|-status|p2a: Aromatisse|tox
|-damage|p2a: Aromatisse|88/100 tox|[from] Stealth Rock
|move|p1a: Gigalith|Protect||[still]
|-fail|p1a: Gigalith
|
|-weather|Sandstorm|[upkeep]
|-damage|p2a: Aromatisse|82/100 tox|[from] Sandstorm
|-heal|p2a: Aromatisse|88/100 tox|[from] item: Leftovers
|-heal|p1a: Gigalith|100/100|[from] item: Leftovers
|-damage|p2a: Aromatisse|82/100 tox|[from] psn
|upkeep
|turn|50
|
|t:|1636478124
|switch|p1a: Eldegoss|Eldegoss, F|90/100
|move|p2a: Aromatisse|Aromatherapy|p2a: Aromatisse
|-activate|p2a: Aromatisse|move: Aromatherapy
|-curestatus|p2a: Aromatisse|tox|[msg]
|-curestatus|p2: Gigalith|tox|[msg]
|
|-weather|none
|-heal|p2a: Aromatisse|88/100|[from] item: Leftovers
|upkeep
|turn|51
|
|t:|1636478134
|move|p1a: Eldegoss|Rapid Spin|p2a: Aromatisse
|-damage|p2a: Aromatisse|83/100
|-boost|p1a: Eldegoss|spe|1
|-sideend|p1: sugar ovens|Stealth Rock|[from] move: Rapid Spin|[of] p1a: Eldegoss
|move|p2a: Aromatisse|Moonblast|p1a: Eldegoss
|-damage|p1a: Eldegoss|59/100
|
|-heal|p2a: Aromatisse|89/100|[from] item: Leftovers
|upkeep
|turn|52
|
|t:|1636478140
|switch|p1a: Weezing|Weezing, F|66/100
|-ability|p1a: Weezing|Neutralizing Gas
|move|p2a: Aromatisse|Moonblast|p1a: Weezing
|-resisted|p1a: Weezing
|-damage|p1a: Weezing|44/100
|-unboost|p1a: Weezing|spa|1
|
|-heal|p1a: Weezing|50/100|[from] item: Black Sludge
|-heal|p2a: Aromatisse|96/100|[from] item: Leftovers
|upkeep
|turn|53
|
|t:|1636478146
|move|p1a: Weezing|Pain Split|p2a: Aromatisse
|-sethp|p2a: Aromatisse|68/100|[from] move: Pain Split|[silent]
|-sethp|p1a: Weezing|83/100|[from] move: Pain Split
|move|p2a: Aromatisse|Moonblast|p1a: Weezing
|-resisted|p1a: Weezing
|-damage|p1a: Weezing|61/100
|
|-heal|p1a: Weezing|67/100|[from] item: Black Sludge
|-heal|p2a: Aromatisse|74/100|[from] item: Leftovers
|upkeep
|turn|54
|
|t:|1636478151
|-end|p1a: Weezing|ability: Neutralizing Gas
|switch|p1a: Gigalith|Gigalith, F|100/100
|-weather|Sandstorm|[from] ability: Sand Stream|[of] p1a: Gigalith
|move|p2a: Aromatisse|Wish|p2a: Aromatisse
|
|-weather|Sandstorm|[upkeep]
|-damage|p2a: Aromatisse|68/100|[from] Sandstorm
|-heal|p2a: Aromatisse|74/100|[from] item: Leftovers
|upkeep
|turn|55
|
|t:|1636478157
|move|p2a: Aromatisse|Moonblast|p1a: Gigalith
|-damage|p1a: Gigalith|83/100
|move|p1a: Gigalith|Rock Blast|p2a: Aromatisse
|-damage|p2a: Aromatisse|65/100
|-damage|p2a: Aromatisse|56/100
|-hitcount|p2a: Aromatisse|2
|
|-weather|Sandstorm|[upkeep]
|-damage|p2a: Aromatisse|50/100|[from] Sandstorm
|-heal|p2a: Aromatisse|99/100|[from] move: Wish|[wisher] Aromatisse
|-heal|p2a: Aromatisse|100/100|[from] item: Leftovers
|-heal|p1a: Gigalith|90/100|[from] item: Leftovers
|upkeep
|turn|56
|
|t:|1636478161
|move|p2a: Aromatisse|Wish|p2a: Aromatisse
|move|p1a: Gigalith|Toxic|p2a: Aromatisse
|-status|p2a: Aromatisse|tox
|
|-weather|Sandstorm|[upkeep]
|-damage|p2a: Aromatisse|94/100 tox|[from] Sandstorm
|-heal|p2a: Aromatisse|100/100 tox|[from] item: Leftovers
|-heal|p1a: Gigalith|96/100|[from] item: Leftovers
|-damage|p2a: Aromatisse|94/100 tox|[from] psn
|upkeep
|turn|57
|
|t:|1636478164
|switch|p2a: Gigalith|Gigalith, M|28/100
|-status|p2a: Gigalith|tox
|-damage|p2a: Gigalith|16/100 tox|[from] Stealth Rock
|move|p1a: Gigalith|Rock Blast|p2a: Gigalith
|-damage|p2a: Gigalith|9/100 tox
|-damage|p2a: Gigalith|1/100 tox
|-damage|p2a: Gigalith|0 fnt
|faint|p2a: Gigalith
|-hitcount|p2: Gigalith|3
|
|-weather|Sandstorm|[upkeep]
|-heal|p1a: Gigalith|100/100|[from] item: Leftovers
|upkeep
|
|t:|1636478166
|switch|p2a: Charizard|Charizard, M|32/100
|-damage|p2a: Charizard|0 fnt|[from] Stealth Rock
|faint|p2a: Charizard
|
|t:|1636478168
|switch|p2a: Silvally|Silvally-Ghost|8/100
|-damage|p2a: Silvally|0 fnt|[from] Stealth Rock
|faint|p2a: Silvally
|-message|Vanisavora forfeited.
|
|win|sugar ovens
|n|☆sugar ovens|sugarovens
|n|☆Vanisavora|vanisavora
|n|*Lady Monita ☽|ladymonita
|n| BB-8-NU|bb8nu
|n| Kevin the legend|kevinthelegend
|n| FATbirb5r|fatbirb5r
|n| Junior743|junior743
|n| No_hearts XIII|noheartsxiii
|n| wesh papillon|weshpapillon
|n| marko14404444|marko14404444
|n| Love Cherry|lovecherry
|n| GeoJumper0001|geojumper0001
|n| Lex = IrF|lexirf
|n| Anghult♣|anghult
|n| Tiru|tiru
|l|*Lady Monita ☽
|l| BB-8-NU
|l| Tiru
|l|☆sugar ovens
|j| Tiru
|l| Tiru
|l| Junior743
|l| Anghult♣
|l| Kevin the legend
|l| Love Cherry
|l| FATbirb5r
|l| GeoJumper0001
