|j|☆Grunt#87084
|j|☆Throwh
|t:|1631979650
|gametype|singles
|player|p1|Grunt#87084|rocketgrunt|1398
|player|p2|Throwh|artist-gen4|1516
|teamsize|p1|6
|teamsize|p2|6
|gen|8
|tier|[Gen 8] PU
|rated|
|rule|Sleep Clause Mod: Limit one foe put to sleep
|rule|Species Clause: Limit one of each Pokémon
|rule|OHKO Clause: OHKO moves are banned
|rule|Evasion Moves Clause: Evasion moves are banned
|rule|Endless Battle Clause: Forcing endless battles is banned
|rule|HP Percentage Mod: HP is shown in percentages
|rule|Dynamax Clause: You cannot dynamax
|clearpoke
|poke|p1|Qwilfish, F|
|poke|p1|Hitmontop, M|
|poke|p1|Audino, F|
|poke|p1|Articuno|
|poke|p1|Magneton|
|poke|p1|Leafeon, M|
|poke|p2|Aromatisse, F|
|poke|p2|Audino, F|
|poke|p2|Weezing, M|
|poke|p2|Pyukumuku, M|
|poke|p2|Palossand, M|
|poke|p2|Coalossal, F|
|teampreview
|inactive|Battle timer is ON: inactive players will automatically lose when time's up. (requested by Grunt#87084)
|
|t:|1631979670
|start
|switch|p1a: Leefeon|Leafeon, M|100/100
|switch|p2a: Audino|Audino, F|100/100
|turn|1
|
|t:|1631979680
|move|p1a: Leefeon|Knock Off|p2a: Audino
|-damage|p2a: Audino|67/100
|-enditem|p2a: Audino|Heavy-Duty Boots|[from] move: Knock Off|[of] p1a: Leefeon
|move|p2a: Audino|Toxic|p1a: Leefeon
|-status|p1a: Leefeon|tox
|
|-damage|p1a: Leefeon|95/100 tox|[from] psn
|upkeep
|turn|2
|
|t:|1631979694
|switch|p2a: Weezing|Weezing, M|100/100
|-ability|p2a: Weezing|Neutralizing Gas
|move|p1a: Leefeon|Knock Off|p2a: Weezing
|-damage|p2a: Weezing|77/100
|-damage|p1a: Leefeon|78/100 tox|[from] item: Rocky Helmet|[of] p2a: Weezing
|-enditem|p2a: Weezing|Rocky Helmet|[from] move: Knock Off|[of] p1a: Leefeon
|
|-damage|p1a: Leefeon|66/100 tox|[from] psn
|upkeep
|turn|3
|
|t:|1631979708
|switch|p1a: Magnetom|Magneton|100/100
|move|p2a: Weezing|Corrosive Gas|p1a: Magnetom
|-enditem|p1a: Magnetom|Eviolite|[from] move: Corrosive Gas|[of] p2a: Weezing
|
|upkeep
|turn|4
|
|t:|1631979717
|-end|p2a: Weezing|ability: Neutralizing Gas
|switch|p2a: Audino|Audino, F|99/100
|move|p1a: Magnetom|Flash Cannon|p2a: Audino
|-damage|p2a: Audino|70/100
|-unboost|p2a: Audino|spd|1
|
|upkeep
|turn|5
|
|t:|1631979728
|move|p2a: Audino|Protect|p2a: Audino
|-singleturn|p2a: Audino|Protect
|move|p1a: Magnetom|Thunderbolt|p2a: Audino
|-activate|p2a: Audino|move: Protect
|
|upkeep
|turn|6
|
|t:|1631979735
|move|p2a: Audino|Wish|p2a: Audino
|move|p1a: Magnetom|Flash Cannon|p2a: Audino
|-damage|p2a: Audino|22/100
|
|upkeep
|turn|7
|
|t:|1631979750
|switch|p2a: Coalossal|Coalossal, F|100/100
|switch|p1a: Kwilfish|Qwilfish, F|100/100
|-ability|p1a: Kwilfish|Intimidate|boost
|-unboost|p2a: Coalossal|atk|1
|
|upkeep
|turn|8
|
|t:|1631979765
|move|p1a: Kwilfish|Toxic Spikes|p2a: Coalossal
|-sidestart|p2: Throwh|move: Toxic Spikes
|move|p2a: Coalossal|Spikes|p1a: Kwilfish
|-sidestart|p1: Grunt#87084|Spikes
|
|upkeep
|turn|9
|
|t:|1631979775
|switch|p1a: Hitmontip|Hitmontop, M|100/100
|-damage|p1a: Hitmontip|88/100|[from] Spikes
|switch|p2a: Weezing|Weezing, M|77/100
|-ability|p2a: Weezing|Neutralizing Gas
|-sideend|p2: Throwh|move: Toxic Spikes|[of] p2a: Weezing
|
|upkeep
|turn|10
|
|t:|1631979786
|move|p1a: Hitmontip|Triple Axel|p2a: Weezing
|-damage|p2a: Weezing|72/100
|-damage|p2a: Weezing|63/100
|-damage|p2a: Weezing|49/100
|-hitcount|p2a: Weezing|3
|move|p2a: Weezing|Corrosive Gas|p1a: Hitmontip
|-enditem|p1a: Hitmontip|Wide Lens|[from] move: Corrosive Gas|[of] p2a: Weezing
|
|upkeep
|turn|11
|
|t:|1631979795
|move|p1a: Hitmontip|Triple Axel|p2a: Weezing
|-damage|p2a: Weezing|44/100
|-damage|p2a: Weezing|36/100
|-damage|p2a: Weezing|24/100
|-hitcount|p2a: Weezing|3
|move|p2a: Weezing|Pain Split|p1a: Hitmontip
|-sethp|p1a: Hitmontip|58/100|[from] move: Pain Split|[silent]
|-sethp|p2a: Weezing|51/100|[from] move: Pain Split
|
|upkeep
|turn|12
|
|t:|1631979804
|-end|p2a: Weezing|ability: Neutralizing Gas
|switch|p2a: Aromatisse|Aromatisse, F|100/100
|move|p1a: Hitmontip|Triple Axel|p2a: Aromatisse|[miss]
|-miss|p1a: Hitmontip|p2a: Aromatisse
|
|upkeep
|turn|13
|
|t:|1631979813
|switch|p1a: Magnetom|Magneton|100/100
|-damage|p1a: Magnetom|88/100|[from] Spikes
|move|p2a: Aromatisse|Protect||[still]
|-fail|p2a: Aromatisse
|
|upkeep
|turn|14
|
|t:|1631979830
|switch|p2a: Pyukumuku|Pyukumuku, M|100/100
|move|p1a: Magnetom|Flash Cannon|p2a: Pyukumuku
|-resisted|p2a: Pyukumuku
|-damage|p2a: Pyukumuku|79/100
|
|upkeep
|turn|15
|
|t:|1631979842
|switch|p2a: Palossand|Palossand, M|100/100
|move|p1a: Magnetom|Volt Switch|p2a: Palossand
|-immune|p2a: Palossand
|
|upkeep
|turn|16
|
|t:|1631979848
|switch|p1a: Articone|Articuno|100/100
|-ability|p1a: Articone|Pressure
|move|p2a: Palossand|Scorching Sands|p1a: Articone
|-immune|p1a: Articone
|
|upkeep
|turn|17
|
|t:|1631979859
|switch|p2a: Coalossal|Coalossal, F|100/100
|move|p1a: Articone|Ice Beam|p2a: Coalossal
|-resisted|p2a: Coalossal
|-damage|p2a: Coalossal|92/100
|
|upkeep
|turn|18
|
|t:|1631979869
|move|p1a: Articone|U-turn|p2a: Coalossal
|-resisted|p2a: Coalossal
|-damage|p2a: Coalossal|87/100
|
|t:|1631979874
|switch|p1a: Kwilfish|Qwilfish, F|100/100|[from]move: U-turn
|-damage|p1a: Kwilfish|88/100|[from] Spikes
|-ability|p1a: Kwilfish|Intimidate|boost
|-unboost|p2a: Coalossal|atk|1
|move|p2a: Coalossal|Spikes|p1a: Kwilfish
|-sidestart|p1: Grunt#87084|Spikes
|
|upkeep
|turn|19
|
|t:|1631979886
|switch|p2a: Palossand|Palossand, M|100/100
|move|p1a: Kwilfish|Toxic Spikes|p2a: Palossand
|-sidestart|p2: Throwh|move: Toxic Spikes
|
|upkeep
|turn|20
|
|t:|1631979890
|switch|p1a: Audimo|Audino, F|100/100
|-damage|p1a: Audimo|84/100|[from] Spikes
|move|p2a: Palossand|Stealth Rock|p1a: Audimo
|-sidestart|p1: Grunt#87084|move: Stealth Rock
|
|-heal|p1a: Audimo|90/100|[from] item: Leftovers
|upkeep
|turn|21
|
|t:|1631979899
|switch|p2a: Weezing|Weezing, M|51/100
|-ability|p2a: Weezing|Neutralizing Gas
|-sideend|p2: Throwh|move: Toxic Spikes|[of] p2a: Weezing
|move|p1a: Audimo|Toxic|p2a: Weezing
|-immune|p2a: Weezing
|
|-heal|p1a: Audimo|96/100|[from] item: Leftovers
|upkeep
|turn|22
|
|t:|1631979903
|move|p2a: Weezing|Corrosive Gas|p1a: Audimo
|-enditem|p1a: Audimo|Leftovers|[from] move: Corrosive Gas|[of] p2a: Weezing
|move|p1a: Audimo|Wish|p1a: Audimo
|
|upkeep
|turn|23
|
|t:|1631979912
|switch|p1a: Hitmontip|Hitmontop, M|58/100
|-damage|p1a: Hitmontip|52/100|[from] Stealth Rock
|-damage|p1a: Hitmontip|35/100|[from] Spikes
|move|p2a: Weezing|Sludge|p1a: Hitmontip
|-damage|p1a: Hitmontip|14/100
|-status|p1a: Hitmontip|psn
|
|-heal|p1a: Hitmontip|82/100 psn|[from] move: Wish|[wisher] Audimo
|-damage|p1a: Hitmontip|70/100 psn|[from] psn
|upkeep
|turn|24
|
|t:|1631979925
|-end|p2a: Weezing|ability: Neutralizing Gas
|switch|p2a: Palossand|Palossand, M|100/100
|move|p1a: Hitmontip|Triple Axel|p2a: Palossand
|-supereffective|p2a: Palossand
|-damage|p2a: Palossand|89/100
|-hitcount|p2a: Palossand|1
|
|-damage|p1a: Hitmontip|58/100 psn|[from] psn
|upkeep
|turn|25
|
|t:|1631979942
|switch|p1a: Articone|Articuno|100/100
|-ability|p1a: Articone|Pressure
|move|p2a: Palossand|Shore Up|p2a: Palossand
|-heal|p2a: Palossand|100/100
|
|upkeep
|turn|26
|
|t:|1631979950
|switch|p2a: Coalossal|Coalossal, F|87/100
|move|p1a: Articone|U-turn|p2a: Coalossal
|-resisted|p2a: Coalossal
|-damage|p2a: Coalossal|83/100
|
|t:|1631979963
|switch|p1a: Audimo|Audino, F|96/100|[from]move: U-turn
|-damage|p1a: Audimo|84/100|[from] Stealth Rock
|-damage|p1a: Audimo|67/100|[from] Spikes
|
|upkeep
|turn|27
|
|t:|1631979970
|move|p1a: Audimo|Toxic|p2a: Coalossal|[miss]
|-miss|p1a: Audimo|p2a: Coalossal
|move|p2a: Coalossal|Spikes|p1a: Audimo
|-sidestart|p1: Grunt#87084|Spikes
|
|upkeep
|turn|28
|
|t:|1631979976
|switch|p2a: Weezing|Weezing, M|51/100
|-ability|p2a: Weezing|Neutralizing Gas
|move|p1a: Audimo|Toxic|p2a: Weezing
|-immune|p2a: Weezing
|
|upkeep
|turn|29
|
|t:|1631979982
|move|p2a: Weezing|Sludge|p1a: Audimo
|-damage|p1a: Audimo|54/100
|move|p1a: Audimo|Wish|p1a: Audimo
|
|upkeep
|turn|30
|
|t:|1631979997
|switch|p1a: Hitmontip|Hitmontop, M|58/100 psn
|-damage|p1a: Hitmontip|52/100 psn|[from] Stealth Rock
|-damage|p1a: Hitmontip|27/100 psn|[from] Spikes
|move|p2a: Weezing|Sludge|p1a: Hitmontip
|-damage|p1a: Hitmontip|8/100 psn
|
|-heal|p1a: Hitmontip|76/100 psn|[from] move: Wish|[wisher] Audimo
|-damage|p1a: Hitmontip|64/100 psn|[from] psn
|upkeep
|turn|31
|
|t:|1631980009
|-end|p2a: Weezing|ability: Neutralizing Gas
|switch|p2a: Palossand|Palossand, M|100/100
|move|p1a: Hitmontip|Triple Axel|p2a: Palossand
|-supereffective|p2a: Palossand
|-damage|p2a: Palossand|90/100
|-supereffective|p2a: Palossand
|-damage|p2a: Palossand|65/100
|-hitcount|p2a: Palossand|2
|
|-damage|p1a: Hitmontip|52/100 psn|[from] psn
|upkeep
|turn|32
|
|t:|1631980022
|switch|p2a: Aromatisse|Aromatisse, F|100/100
|move|p1a: Hitmontip|Triple Axel|p2a: Aromatisse
|-damage|p2a: Aromatisse|94/100
|-hitcount|p2a: Aromatisse|1
|
|-heal|p2a: Aromatisse|99/100|[from] item: Leftovers
|-damage|p1a: Hitmontip|39/100 psn|[from] psn
|upkeep
|turn|33
|
|t:|1631980028
|switch|p1a: Magnetom|Magneton|88/100
|-damage|p1a: Magnetom|82/100|[from] Stealth Rock
|-damage|p1a: Magnetom|57/100|[from] Spikes
|move|p2a: Aromatisse|Protect||[still]
|-fail|p2a: Aromatisse
|
|-heal|p2a: Aromatisse|100/100|[from] item: Leftovers
|upkeep
|turn|34
|
|t:|1631980039
|move|p2a: Aromatisse|Protect|p2a: Aromatisse
|-singleturn|p2a: Aromatisse|Protect
|move|p1a: Magnetom|Toxic|p2a: Aromatisse
|-activate|p2a: Aromatisse|move: Protect
|
|upkeep
|turn|35
|
|t:|1631980045
|switch|p2a: Audino|Audino, F|55/100
|move|p1a: Magnetom|Thunderbolt|p2a: Audino
|-damage|p2a: Audino|21/100
|
|upkeep
|turn|36
|l|☆Throwh
|inactive|Throwh disconnected and has a minute to reconnect!
|player|p2|
|j|☆Throwh
|inactive|Throwh reconnected and has 130 seconds left.
|player|p2|Throwh|artist-gen4
|
|t:|1631980073
|switch|p2a: Coalossal|Coalossal, F|83/100
|move|p1a: Magnetom|Flash Cannon|p2a: Coalossal
|-damage|p2a: Coalossal|55/100
|
|upkeep
|turn|37
|
|t:|1631980097
|switch|p1a: Kwilfish|Qwilfish, F|88/100
|-damage|p1a: Kwilfish|76/100|[from] Stealth Rock
|-damage|p1a: Kwilfish|51/100|[from] Spikes
|-ability|p1a: Kwilfish|Intimidate|boost
|-unboost|p2a: Coalossal|atk|1
|move|p2a: Coalossal|Heat Crash|p1a: Kwilfish
|-resisted|p1a: Kwilfish
|-damage|p1a: Kwilfish|35/100
|
|upkeep
|turn|38
|
|t:|1631980107
|switch|p2a: Palossand|Palossand, M|65/100
|move|p1a: Kwilfish|Waterfall|p2a: Palossand
|-supereffective|p2a: Palossand
|-damage|p2a: Palossand|19/100
|-ability|p2a: Palossand|Water Compaction|boost
|-boost|p2a: Palossand|def|2
|
|upkeep
|turn|39
|
|t:|1631980119
|switch|p2a: Weezing|Weezing, M|51/100
|-ability|p2a: Weezing|Neutralizing Gas
|move|p1a: Kwilfish|Waterfall|p2a: Weezing
|-damage|p2a: Weezing|27/100
|
|upkeep
|turn|40
|
|t:|1631980127
|move|p1a: Kwilfish|Waterfall|p2a: Weezing
|-damage|p2a: Weezing|0 fnt
|faint|p2a: Weezing
|-end|p2a: Weezing|ability: Neutralizing Gas
|-ability|p1a: Kwilfish|Intimidate|boost
|
|upkeep
|
|t:|1631980133
|switch|p2a: Aromatisse|Aromatisse, F|100/100
|turn|41
|
|t:|1631980137
|switch|p1a: Articone|Articuno|100/100
|-ability|p1a: Articone|Pressure
|move|p2a: Aromatisse|Moonblast|p1a: Articone
|-damage|p1a: Articone|77/100
|-unboost|p1a: Articone|spa|1
|
|upkeep
|turn|42
|
|t:|1631980146
|move|p1a: Articone|U-turn|p2a: Aromatisse
|-resisted|p2a: Aromatisse
|-damage|p2a: Aromatisse|96/100
|
|t:|1631980153
|switch|p1a: Audimo|Audino, F|54/100|[from]move: U-turn
|-damage|p1a: Audimo|41/100|[from] Stealth Rock
|-damage|p1a: Audimo|17/100|[from] Spikes
|move|p2a: Aromatisse|Wish|p2a: Aromatisse
|
|-heal|p2a: Aromatisse|100/100|[from] item: Leftovers
|upkeep
|turn|43
|
|t:|1631980163
|move|p1a: Audimo|Wish|p1a: Audimo
|move|p2a: Aromatisse|Moonblast|p1a: Audimo
|-damage|p1a: Audimo|0 fnt
|faint|p1a: Audimo
|
|upkeep
|
|t:|1631980167
|switch|p1a: Hitmontip|Hitmontop, M|39/100 psn
|-damage|p1a: Hitmontip|14/100 psn|[from] Spikes
|-damage|p1a: Hitmontip|8/100 psn|[from] Stealth Rock
|turn|44
|
|t:|1631980180
|move|p1a: Hitmontip|Rapid Spin|p2a: Aromatisse
|-damage|p2a: Aromatisse|85/100
|-boost|p1a: Hitmontip|spe|1
|-sideend|p1: Grunt#87084|Spikes|[from] move: Rapid Spin|[of] p1a: Hitmontip
|-sideend|p1: Grunt#87084|Stealth Rock|[from] move: Rapid Spin|[of] p1a: Hitmontip
|move|p2a: Aromatisse|Wish|p2a: Aromatisse
|
|-heal|p1a: Hitmontip|77/100 psn|[from] move: Wish|[wisher] Audimo
|-heal|p2a: Aromatisse|91/100|[from] item: Leftovers
|-damage|p1a: Hitmontip|65/100 psn|[from] psn
|upkeep
|turn|45
|
|t:|1631980197
|switch|p1a: Magnetom|Magneton|57/100
|move|p2a: Aromatisse|Moonblast|p1a: Magnetom
|-resisted|p1a: Magnetom
|-damage|p1a: Magnetom|40/100
|
|-heal|p2a: Aromatisse|100/100|[from] move: Wish|[wisher] Aromatisse
|upkeep
|turn|46
|
|t:|1631980206
|move|p1a: Magnetom|Flash Cannon|p2a: Aromatisse
|-supereffective|p2a: Aromatisse
|-damage|p2a: Aromatisse|33/100
|move|p2a: Aromatisse|Wish|p2a: Aromatisse
|
|-heal|p2a: Aromatisse|40/100|[from] item: Leftovers
|upkeep
|turn|47
|
|t:|1631980221
|switch|p1a: Leefeon|Leafeon, M|66/100 tox
|switch|p2a: Coalossal|Coalossal, F|55/100
|
|-heal|p2a: Coalossal|100/100|[from] move: Wish|[wisher] Aromatisse
|-damage|p1a: Leefeon|60/100 tox|[from] psn
|upkeep
|turn|48
|
|t:|1631980235
|move|p1a: Leefeon|Leaf Blade|p2a: Coalossal
|-damage|p2a: Coalossal|71/100
|move|p2a: Coalossal|Spikes|p1a: Leefeon
|-sidestart|p1: Grunt#87084|Spikes
|
|-damage|p1a: Leefeon|48/100 tox|[from] psn
|upkeep
|turn|49
|
|t:|1631980240
|move|p1a: Leefeon|Knock Off|p2a: Coalossal
|-damage|p2a: Coalossal|49/100
|-enditem|p2a: Coalossal|Heavy-Duty Boots|[from] move: Knock Off|[of] p1a: Leefeon
|move|p2a: Coalossal|Spikes|p1a: Leefeon
|-sidestart|p1: Grunt#87084|Spikes
|
|-damage|p1a: Leefeon|30/100 tox|[from] psn
|upkeep
|turn|50
|
|t:|1631980248
|move|p1a: Leefeon|Leaf Blade|p2a: Coalossal
|-damage|p2a: Coalossal|15/100
|move|p2a: Coalossal|Spikes|p1a: Leefeon
|-sidestart|p1: Grunt#87084|Spikes
|
|-damage|p1a: Leefeon|6/100 tox|[from] psn
|upkeep
|turn|51
|
|t:|1631980258
|switch|p2a: Palossand|Palossand, M|19/100
|move|p1a: Leefeon|Leaf Blade|p2a: Palossand
|-supereffective|p2a: Palossand
|-damage|p2a: Palossand|0 fnt
|faint|p2a: Palossand
|
|-damage|p1a: Leefeon|0 fnt|[from] psn
|faint|p1a: Leefeon
|upkeep
|
|t:|1631980273
|switch|p1a: Articone|Articuno|77/100
|switch|p2a: Aromatisse|Aromatisse, F|40/100
|-ability|p1a: Articone|Pressure
|turn|52
|
|t:|1631980281
|move|p1a: Articone|Ice Beam|p2a: Aromatisse
|-damage|p2a: Aromatisse|14/100
|move|p2a: Aromatisse|Wish|p2a: Aromatisse
|
|-heal|p2a: Aromatisse|20/100|[from] item: Leftovers
|upkeep
|turn|53
|
|t:|1631980297
|move|p2a: Aromatisse|Protect|p2a: Aromatisse
|-singleturn|p2a: Aromatisse|Protect
|move|p1a: Articone|U-turn|p2a: Aromatisse
|-activate|p2a: Aromatisse|move: Protect
|
|-heal|p2a: Aromatisse|70/100|[from] move: Wish|[wisher] Aromatisse
|-heal|p2a: Aromatisse|76/100|[from] item: Leftovers
|upkeep
|turn|54
|
|t:|1631980304
|move|p1a: Articone|Ice Beam|p2a: Aromatisse
|-damage|p2a: Aromatisse|46/100
|-status|p2a: Aromatisse|frz
|cant|p2a: Aromatisse|frz
|
|-heal|p2a: Aromatisse|52/100 frz|[from] item: Leftovers
|upkeep
|turn|55
|
|t:|1631980319
|move|p1a: Articone|U-turn|p2a: Aromatisse
|-resisted|p2a: Aromatisse
|-damage|p2a: Aromatisse|47/100 frz
|
|t:|1631980322
|switch|p1a: Hitmontip|Hitmontop, M|65/100 psn|[from]move: U-turn
|-damage|p1a: Hitmontip|40/100 psn|[from] Spikes
|cant|p2a: Aromatisse|frz
|
|-heal|p2a: Aromatisse|53/100 frz|[from] item: Leftovers
|-damage|p1a: Hitmontip|27/100 psn|[from] psn
|upkeep
|turn|56
|
|t:|1631980332
|move|p1a: Hitmontip|Rapid Spin|p2a: Aromatisse
|-damage|p2a: Aromatisse|35/100 frz
|-boost|p1a: Hitmontip|spe|1
|-sideend|p1: Grunt#87084|Spikes|[from] move: Rapid Spin|[of] p1a: Hitmontip
|cant|p2a: Aromatisse|frz
|
|-heal|p2a: Aromatisse|41/100 frz|[from] item: Leftovers
|-damage|p1a: Hitmontip|15/100 psn|[from] psn
|upkeep
|turn|57
|
|t:|1631980345
|switch|p1a: Kwilfish|Qwilfish, F|35/100
|-ability|p1a: Kwilfish|Intimidate|boost
|-unboost|p2a: Aromatisse|atk|1
|cant|p2a: Aromatisse|frz
|
|-heal|p2a: Aromatisse|47/100 frz|[from] item: Leftovers
|upkeep
|turn|58
|
|t:|1631980354
|switch|p2a: Pyukumuku|Pyukumuku, M|79/100
|move|p1a: Kwilfish|Toxic Spikes|p2a: Pyukumuku
|-sidestart|p2: Throwh|move: Toxic Spikes
|
|upkeep
|turn|59
|
|t:|1631980361
|switch|p1a: Articone|Articuno|77/100
|-ability|p1a: Articone|Pressure
|move|p2a: Pyukumuku|Block|p1a: Articone
|-activate|p1a: Articone|trapped
|
|upkeep
|turn|60
|
|t:|1631980371
|move|p1a: Articone|Air Slash|p2a: Pyukumuku
|-damage|p2a: Pyukumuku|59/100
|move|p2a: Pyukumuku|Recover|p2a: Pyukumuku
|-heal|p2a: Pyukumuku|100/100
|
|upkeep
|turn|61
|
|t:|1631980380
|switch|p2a: Audino|Audino, F|54/100
|-status|p2a: Audino|psn
|move|p1a: Articone|Ice Beam|p2a: Audino
|-damage|p2a: Audino|35/100 psn
|
|-damage|p2a: Audino|23/100 psn|[from] psn
|upkeep
|turn|62
|
|t:|1631980390
|move|p1a: Articone|Air Slash|p2a: Audino
|-damage|p2a: Audino|7/100 psn
|move|p2a: Audino|Wish|p2a: Audino
|
|-damage|p2a: Audino|0 fnt|[from] psn
|faint|p2a: Audino
|upkeep
|
|t:|1631980394
|switch|p2a: Coalossal|Coalossal, F|15/100
|-status|p2a: Coalossal|psn
|turn|63
|
|t:|1631980402
|move|p1a: Articone|Ice Beam|p2a: Coalossal
|-resisted|p2a: Coalossal
|-damage|p2a: Coalossal|6/100 psn
|move|p2a: Coalossal|Rapid Spin|p1a: Articone
|-damage|p1a: Articone|70/100
|-boost|p2a: Coalossal|spe|1
|-sideend|p2: Throwh|Toxic Spikes|[from] move: Rapid Spin|[of] p2a: Coalossal
|
|-heal|p2a: Coalossal|54/100 psn|[from] move: Wish|[wisher] Audino
|-damage|p2a: Coalossal|42/100 psn|[from] psn
|upkeep
|turn|64
|
|t:|1631980415
|switch|p1a: Kwilfish|Qwilfish, F|35/100
|-ability|p1a: Kwilfish|Intimidate|boost
|-unboost|p2a: Coalossal|atk|1
|move|p2a: Coalossal|Spikes|p1a: Kwilfish
|-sidestart|p1: Grunt#87084|Spikes
|
|-damage|p2a: Coalossal|30/100 psn|[from] psn
|upkeep
|turn|65
|
|t:|1631980428
|switch|p2a: Pyukumuku|Pyukumuku, M|100/100
|move|p1a: Kwilfish|Poison Jab|p2a: Pyukumuku
|-damage|p2a: Pyukumuku|75/100
|
|upkeep
|turn|66
|
|t:|1631980435
|switch|p1a: Articone|Articuno|70/100
|-ability|p1a: Articone|Pressure
|move|p2a: Pyukumuku|Spite||[still]
|-fail|p2a: Pyukumuku
|
|upkeep
|turn|67
|
|t:|1631980447
|move|p1a: Articone|U-turn|p2a: Pyukumuku
|-damage|p2a: Pyukumuku|67/100
|
|t:|1631980450
|switch|p1a: Magnetom|Magneton|40/100|[from]move: U-turn
|-damage|p1a: Magnetom|27/100|[from] Spikes
|move|p2a: Pyukumuku|Recover|p2a: Pyukumuku
|-heal|p2a: Pyukumuku|100/100
|
|upkeep
|turn|68
|
|t:|1631980460
|move|p1a: Magnetom|Thunderbolt|p2a: Pyukumuku
|-supereffective|p2a: Pyukumuku
|-damage|p2a: Pyukumuku|37/100
|move|p2a: Pyukumuku|Spite|p1a: Magnetom
|-activate|p1a: Magnetom|move: Spite|Thunderbolt|4
|
|upkeep
|turn|69
|
|t:|1631980468
|switch|p2a: Aromatisse|Aromatisse, F|47/100 frz
|move|p1a: Magnetom|Thunderbolt|p2a: Aromatisse
|-damage|p2a: Aromatisse|0 fnt
|faint|p2a: Aromatisse
|
|upkeep
|
|t:|1631980470
|switch|p2a: Coalossal|Coalossal, F|30/100 psn
|turn|70
|
|t:|1631980484
|switch|p1a: Kwilfish|Qwilfish, F|35/100
|-damage|p1a: Kwilfish|22/100|[from] Spikes
|-ability|p1a: Kwilfish|Intimidate|boost
|-unboost|p2a: Coalossal|atk|1
|move|p2a: Coalossal|Spikes|p1a: Kwilfish
|-sidestart|p1: Grunt#87084|Spikes
|
|-damage|p2a: Coalossal|17/100 psn|[from] psn
|upkeep
|turn|71
|
|t:|1631980494
|move|p1a: Kwilfish|Poison Jab|p2a: Coalossal
|-resisted|p2a: Coalossal
|-damage|p2a: Coalossal|4/100 psn
|move|p2a: Coalossal|Spikes|p1a: Kwilfish
|-sidestart|p1: Grunt#87084|Spikes
|
|-damage|p2a: Coalossal|0 fnt|[from] psn
|faint|p2a: Coalossal
|upkeep
|
|t:|1631980497
|switch|p2a: Pyukumuku|Pyukumuku, M|37/100
|turn|72
|
|t:|1631980505
|move|p1a: Kwilfish|Poison Jab|p2a: Pyukumuku
|-damage|p2a: Pyukumuku|15/100
|move|p2a: Pyukumuku|Recover|p2a: Pyukumuku
|-heal|p2a: Pyukumuku|65/100
|
|upkeep
|turn|73
|
|t:|1631980510
|move|p1a: Kwilfish|Poison Jab|p2a: Pyukumuku
|-damage|p2a: Pyukumuku|40/100
|move|p2a: Pyukumuku|Recover|p2a: Pyukumuku
|-heal|p2a: Pyukumuku|90/100
|
|upkeep
|turn|74
|
|t:|1631980519
|move|p1a: Kwilfish|Poison Jab|p2a: Pyukumuku
|-damage|p2a: Pyukumuku|66/100
|move|p2a: Pyukumuku|Spite|p1a: Kwilfish
|-activate|p1a: Kwilfish|move: Spite|Poison Jab|4
|
|upkeep
|turn|75
|
|t:|1631980529
|switch|p1a: Articone|Articuno|70/100
|-ability|p1a: Articone|Pressure
|move|p2a: Pyukumuku|Spite||[still]
|-fail|p2a: Pyukumuku
|
|upkeep
|turn|76
|
|t:|1631980537
|move|p1a: Articone|Roost|p1a: Articone
|-heal|p1a: Articone|100/100
|-singleturn|p1a: Articone|move: Roost
|move|p2a: Pyukumuku|Recover|p2a: Pyukumuku
|-heal|p2a: Pyukumuku|100/100
|
|upkeep
|turn|77
|
|t:|1631980544
|move|p1a: Articone|Ice Beam|p2a: Pyukumuku
|-resisted|p2a: Pyukumuku
|-damage|p2a: Pyukumuku|88/100
|move|p2a: Pyukumuku|Spite|p1a: Articone
|-activate|p1a: Articone|move: Spite|Ice Beam|4
|
|upkeep
|turn|78
|
|t:|1631980551
|move|p1a: Articone|Air Slash|p2a: Pyukumuku
|-damage|p2a: Pyukumuku|68/100
|move|p2a: Pyukumuku|Spite|p1a: Articone
|-activate|p1a: Articone|move: Spite|Air Slash|4
|
|upkeep
|turn|79
|
|t:|1631980560
|move|p1a: Articone|Air Slash|p2a: Pyukumuku
|-damage|p2a: Pyukumuku|46/100
|move|p2a: Pyukumuku|Recover|p2a: Pyukumuku
|-heal|p2a: Pyukumuku|96/100
|
|upkeep
|turn|80
|
|t:|1631980566
|move|p1a: Articone|Air Slash|p2a: Pyukumuku
|-damage|p2a: Pyukumuku|74/100
|move|p2a: Pyukumuku|Spite|p1a: Articone
|-activate|p1a: Articone|move: Spite|Air Slash|4
|
|upkeep
|turn|81
|
|t:|1631980580
|move|p1a: Articone|Air Slash|p2a: Pyukumuku
|-damage|p2a: Pyukumuku|51/100
|cant|p2a: Pyukumuku|flinch
|
|upkeep
|turn|82
|
|t:|1631980590
|move|p1a: Articone|U-turn|p2a: Pyukumuku
|-damage|p2a: Pyukumuku|43/100
|
|t:|1631980599
|switch|p1a: Magnetom|Magneton|27/100|[from]move: U-turn
|-damage|p1a: Magnetom|2/100|[from] Spikes
|move|p2a: Pyukumuku|Rest|p2a: Pyukumuku
|-status|p2a: Pyukumuku|slp|[from] move: Rest
|-heal|p2a: Pyukumuku|100/100 slp|[silent]
|
|upkeep
|turn|83
|
|t:|1631980609
|move|p1a: Magnetom|Thunderbolt|p2a: Pyukumuku
|-supereffective|p2a: Pyukumuku
|-damage|p2a: Pyukumuku|28/100 slp
|cant|p2a: Pyukumuku|slp
|
|upkeep
|turn|84
|c|☆Throwh|This so fucking lame
|c|☆Throwh|getting the freeze to win
|c|☆Throwh|like this complete nonsense
|inactive|Throwh has 120 seconds left.
|-message|Throwh forfeited.
|
|win|Grunt#87084
|raw|Grunt#87084's rating: 1398 &rarr; <strong>1425</strong><br />(+27 for winning)
|raw|Throwh's rating: 1516 &rarr; <strong>1489</strong><br />(-27 for losing)
|c|☆Throwh|I can’t with this people
|c|☆Throwh|haxing every game like if it was Christmas
|c|☆Throwh|59% gxe ffs
|l|☆Throwh
||Ladder isn't responding, score probably updated but might not have (Request timeout).
