|j|☆HJAD
|j|☆Allanspoketube
|t:|1633217772
|gametype|singles
|player|p1|HJAD|lance-gen2|
|player|p2|Allanspoketube|palmer|
|teamsize|p1|6
|teamsize|p2|6
|gen|8
|tier|[Gen 8] PU
|rated|Tournament battle
|rule|Sleep Clause Mod: Limit one foe put to sleep
|rule|Species Clause: Limit one of each Pokémon
|rule|OHKO Clause: OHKO moves are banned
|rule|Evasion Moves Clause: Evasion moves are banned
|rule|Endless Battle Clause: Forcing endless battles is banned
|rule|HP Percentage Mod: HP is shown in percentages
|rule|Dynamax Clause: You cannot dynamax
|clearpoke
|poke|p1|Mesprit|
|poke|p1|Rotom|
|poke|p1|Qwilfish, F|
|poke|p1|Frosmoth, M|
|poke|p1|Lycanroc, F|
|poke|p1|Druddigon, F|
|poke|p2|Coalossal, F|
|poke|p2|Butterfree, F|
|poke|p2|Malamar, M|
|poke|p2|Shedinja|
|poke|p2|Frosmoth, F|
|poke|p2|Miltank, F|
|teampreview
|inactive|Battle timer is ON: inactive players will automatically lose when time's up. (requested by Allanspoketube)
|c|☆HJAD|hf
|j|@tlenit
|c|☆HJAD|tlenit whats going on i dont understand
|inactive|HJAD has 120 seconds left.
|
|t:|1633217807
|start
|switch|p1a: Mesprit|Mesprit|100/100
|switch|p2a: Malamar|Malamar, M|100/100
|turn|1
|c|@tlenit|ig u have to find out
|
|t:|1633217821
|switch|p2a: Shedinja|Shedinja|100/100
|move|p1a: Mesprit|Dazzling Gleam|p2a: Shedinja
|-immune|p2a: Shedinja|[from] ability: Wonder Guard
|
|upkeep
|turn|2
|
|t:|1633217828
|switch|p1a: Qwilfish|Qwilfish, F|100/100
|-ability|p1a: Qwilfish|Intimidate|boost
|-unboost|p2a: Shedinja|atk|1
|move|p2a: Shedinja|Poltergeist|p1a: Qwilfish
|-activate|p1a: Qwilfish|move: Poltergeist|Rocky Helmet
|-damage|p1a: Qwilfish|72/100
|
|upkeep
|turn|3
|j|+Gva
|inactive|Allanspoketube has 120 seconds left.
|c|☆Allanspoketube|im nervous
|
|t:|1633217876
|switch|p2a: Coalossal|Coalossal, F|100/100
|move|p1a: Qwilfish|Thunder Wave|p2a: Coalossal
|-status|p2a: Coalossal|par
|
|upkeep
|turn|4
|c|☆HJAD|nothing to be nervous about lad
|c|☆HJAD|give it your best shot
|
|t:|1633217892
|move|p1a: Qwilfish|Waterfall|p2a: Coalossal
|-supereffective|p2a: Coalossal
|-damage|p2a: Coalossal|49/100 par
|move|p2a: Coalossal|Stealth Rock|p1a: Qwilfish
|-sidestart|p1: HJAD|move: Stealth Rock
|
|upkeep
|turn|5
|c|☆Allanspoketube|I trust you
|
|t:|1633217900
|switch|p2a: Shedinja|Shedinja|100/100
|move|p1a: Qwilfish|Waterfall|p2a: Shedinja
|-immune|p2a: Shedinja|[from] ability: Wonder Guard
|
|upkeep
|turn|6
|
|t:|1633217911
|switch|p2a: Miltank|Miltank, F|100/100
|move|p1a: Qwilfish|Thunder Wave|p2a: Miltank|[miss]
|-miss|p1a: Qwilfish|p2a: Miltank
|
|upkeep
|turn|7
|
|t:|1633217917
|move|p2a: Miltank|Curse|p2a: Miltank
|-unboost|p2a: Miltank|spe|1
|-boost|p2a: Miltank|atk|1
|-boost|p2a: Miltank|def|1
|move|p1a: Qwilfish|Thunder Wave|p2a: Miltank
|-status|p2a: Miltank|par
|
|upkeep
|turn|8
|
|t:|1633217921
|move|p1a: Qwilfish|Spikes|p2a: Miltank
|-sidestart|p2: Allanspoketube|Spikes
|move|p2a: Miltank|Body Slam|p1a: Qwilfish
|-damage|p1a: Qwilfish|40/100
|-damage|p2a: Miltank|84/100 par|[from] item: Rocky Helmet|[of] p1a: Qwilfish
|
|-heal|p2a: Miltank|90/100 par|[from] item: Leftovers
|upkeep
|turn|9
|
|t:|1633217932
|move|p1a: Qwilfish|Waterfall|p2a: Miltank
|-damage|p2a: Miltank|79/100 par
|move|p2a: Miltank|Curse|p2a: Miltank
|-unboost|p2a: Miltank|spe|1
|-boost|p2a: Miltank|atk|1
|-boost|p2a: Miltank|def|1
|
|-heal|p2a: Miltank|85/100 par|[from] item: Leftovers
|upkeep
|turn|10
|
|t:|1633217939
|switch|p1a: Rotom|Rotom|100/100
|-damage|p1a: Rotom|88/100|[from] Stealth Rock
|move|p2a: Miltank|Milk Drink|p2a: Miltank
|-heal|p2a: Miltank|100/100 par
|
|upkeep
|turn|11
|
|t:|1633217942
|move|p1a: Rotom|Trick|p2a: Miltank
|-activate|p1a: Rotom|move: Trick|[of] p2a: Miltank
|-item|p2a: Miltank|Choice Scarf|[from] move: Trick
|-item|p1a: Rotom|Leftovers|[from] move: Trick
|cant|p2a: Miltank|par
|
|-heal|p1a: Rotom|94/100|[from] item: Leftovers
|upkeep
|turn|12
|
|t:|1633217949
|move|p1a: Rotom|Volt Switch|p2a: Miltank
|-damage|p2a: Miltank|67/100 par
|
|t:|1633217954
|switch|p1a: Qwilfish|Qwilfish, F|40/100|[from]move: Volt Switch
|-damage|p1a: Qwilfish|28/100|[from] Stealth Rock
|-ability|p1a: Qwilfish|Intimidate|boost
|-fail|p2a: Miltank|unboost|Attack|[from] ability: Scrappy|[of] p2a: Miltank
|cant|p2a: Miltank|par
|
|upkeep
|turn|13
|j| yandaud
|c|☆Allanspoketube|I wanna be slow not fast -_-\
|
|t:|1633217962
|move|p1a: Qwilfish|Pain Split|p2a: Miltank
|-sethp|p2a: Miltank|45/100 par|[from] move: Pain Split|[silent]
|-sethp|p1a: Qwilfish|53/100|[from] move: Pain Split
|move|p2a: Miltank|Body Slam|p1a: Qwilfish
|-damage|p1a: Qwilfish|10/100
|-damage|p2a: Miltank|28/100 par|[from] item: Rocky Helmet|[of] p1a: Qwilfish
|
|upkeep
|turn|14
|c|+Gva|Lol
|
|t:|1633217972
|move|p1a: Qwilfish|Pain Split|p2a: Miltank
|-sethp|p2a: Miltank|19/100 par|[from] move: Pain Split|[silent]
|-sethp|p1a: Qwilfish|22/100|[from] move: Pain Split
|move|p2a: Miltank|Body Slam|p1a: Qwilfish
|-damage|p1a: Qwilfish|0 fnt
|-damage|p2a: Miltank|2/100 par|[from] item: Rocky Helmet|[of] p1a: Qwilfish
|faint|p1a: Qwilfish
|
|upkeep
|c|☆HJAD|dont we all
|j| zoowi
|l| yandaud
|inactive|HJAD has 120 seconds left.
|
|t:|1633218004
|switch|p1a: Druddigon|Druddigon, F|100/100
|-damage|p1a: Druddigon|88/100|[from] Stealth Rock
|turn|15
|
|t:|1633218008
|move|p1a: Druddigon|Thunder Punch|p2a: Miltank
|-damage|p2a: Miltank|0 fnt
|faint|p2a: Miltank
|
|upkeep
|
|t:|1633218016
|switch|p2a: Butterfree|Butterfree, F|100/100
|turn|16
|
|t:|1633218020
|move|p2a: Butterfree|Sleep Powder|p1a: Druddigon
|-status|p1a: Druddigon|slp|[from] move: Sleep Powder
|cant|p1a: Druddigon|slp
|
|upkeep
|turn|17
|
|t:|1633218026
|move|p2a: Butterfree|Quiver Dance|p2a: Butterfree
|-boost|p2a: Butterfree|spa|1
|-boost|p2a: Butterfree|spd|1
|-boost|p2a: Butterfree|spe|1
|-curestatus|p1a: Druddigon|slp|[msg]
|move|p1a: Druddigon|Thunder Punch|p2a: Butterfree
|-supereffective|p2a: Butterfree
|-enditem|p2a: Butterfree|Focus Sash
|-damage|p2a: Butterfree|1/100
|
|upkeep
|turn|18
|
|t:|1633218032
|move|p2a: Butterfree|Sleep Powder|p1a: Druddigon
|-status|p1a: Druddigon|slp|[from] move: Sleep Powder
|cant|p1a: Druddigon|slp
|
|upkeep
|turn|19
|
|t:|1633218035
|move|p2a: Butterfree|Hurricane|p1a: Druddigon
|-damage|p1a: Druddigon|47/100 slp
|cant|p1a: Druddigon|slp
|
|upkeep
|turn|20
|
|t:|1633218041
|move|p2a: Butterfree|Hurricane|p1a: Druddigon
|-damage|p1a: Druddigon|9/100 slp
|cant|p1a: Druddigon|slp
|
|upkeep
|turn|21
|
|t:|1633218051
|switch|p1a: Frosmoth|Frosmoth, M|100/100
|move|p2a: Butterfree|Hurricane|p1a: Frosmoth
|-supereffective|p1a: Frosmoth
|-damage|p1a: Frosmoth|46/100
|
|upkeep
|turn|22
|
|t:|1633218056
|move|p2a: Butterfree|Hurricane|p1a: Frosmoth
|-supereffective|p1a: Frosmoth
|-damage|p1a: Frosmoth|0 fnt
|faint|p1a: Frosmoth
|
|upkeep
|
|t:|1633218080
|switch|p1a: Rotom|Rotom|94/100
|-damage|p1a: Rotom|82/100|[from] Stealth Rock
|turn|23
|
|t:|1633218086
|move|p2a: Butterfree|Sleep Powder|p1a: Rotom
|-message|Sleep Clause Mod activated.
|move|p1a: Rotom|Shadow Ball|p2a: Butterfree
|-damage|p2a: Butterfree|0 fnt
|faint|p2a: Butterfree
|
|-heal|p1a: Rotom|88/100|[from] item: Leftovers
|upkeep
|c|☆Allanspoketube|oh ya
|
|t:|1633218103
|switch|p2a: Frosmoth|Frosmoth, F|100/100
|turn|24
|
|t:|1633218108
|move|p1a: Rotom|Volt Switch|p2a: Frosmoth
|-damage|p2a: Frosmoth|81/100
|
|t:|1633218111
|switch|p1a: Lycanroc|Lycanroc, F|100/100|[from]move: Volt Switch
|-damage|p1a: Lycanroc|88/100|[from] Stealth Rock
|move|p2a: Frosmoth|Quiver Dance|p2a: Frosmoth
|-boost|p2a: Frosmoth|spa|1
|-boost|p2a: Frosmoth|spd|1
|-boost|p2a: Frosmoth|spe|1
|
|upkeep
|turn|25
|j| yolobr
|
|t:|1633218119
|switch|p2a: Malamar|Malamar, M|100/100
|-damage|p2a: Malamar|88/100|[from] Spikes
|move|p1a: Lycanroc|Stone Edge|p2a: Malamar
|-damage|p2a: Malamar|15/100
|
|-heal|p2a: Malamar|21/100|[from] item: Leftovers
|upkeep
|turn|26
|
|t:|1633218126
|move|p1a: Lycanroc|Stone Edge|p2a: Malamar
|-damage|p2a: Malamar|0 fnt
|faint|p2a: Malamar
|
|upkeep
|
|t:|1633218129
|switch|p2a: Coalossal|Coalossal, F|49/100 par
|turn|27
|
|t:|1633218131
|move|p1a: Lycanroc|Stone Edge|p2a: Coalossal
|-supereffective|p2a: Coalossal
|-crit|p2a: Coalossal
|-damage|p2a: Coalossal|0 fnt
|faint|p2a: Coalossal
|
|upkeep
|
|t:|1633218136
|switch|p2a: Frosmoth|Frosmoth, F|81/100
|turn|28
|
|t:|1633218138
|move|p1a: Lycanroc|Stone Edge|p2a: Frosmoth
|-supereffective|p2a: Frosmoth
|-damage|p2a: Frosmoth|0 fnt
|faint|p2a: Frosmoth
|
|upkeep
|
|t:|1633218140
|switch|p2a: Shedinja|Shedinja|100/100
|-damage|p2a: Shedinja|0 fnt|[from] Spikes
|faint|p2a: Shedinja
|
|win|HJAD
|n|☆HJAD|hjad
|n|☆Allanspoketube|allanspoketube
|n| tlenit|tlenit
|n| Gva|gva
|n| zoowi|zoowi
|n| yolobr|yolobr
