|html|<div class="broadcast-blue"><strong>[Gen 8] PU is currently suspecting Scyther! For information on how to participate check out the <a href="https://www.smogon.com/forums/threads/np-ss-pu-stage-11-turn-turn-turn-scyther-retest.3707179/">suspect thread</a>.</strong></div>
|j|☆Frusolone
|j|☆vishoclock
|t:|1663005962
|gametype|singles
|player|p1|Frusolone|juggler-gen2|1315
|player|p2|vishoclock|cyrus|1468
|teamsize|p1|6
|teamsize|p2|6
|gen|8
|tier|[Gen 8] PU
|rated|
|rule|Sleep Clause Mod: Limit one foe put to sleep
|rule|Species Clause: Limit one of each Pokémon
|rule|OHKO Clause: OHKO moves are banned
|rule|Evasion Items Clause: Evasion items are banned
|rule|Evasion Moves Clause: Evasion moves are banned
|rule|Endless Battle Clause: Forcing endless battles is banned
|rule|HP Percentage Mod: HP is shown in percentages
|rule|Dynamax Clause: You cannot dynamax
|clearpoke
|poke|p1|Beheeyem, F|
|poke|p1|Absol, F|
|poke|p1|Cramorant, F|
|poke|p1|Magneton|
|poke|p1|Centiskorch, F|
|poke|p1|Glastrier|
|poke|p2|Binacle, F|
|poke|p2|Eldegoss, M|
|poke|p2|Gigalith, M|
|poke|p2|Garbodor, F|
|poke|p2|Silvally-*|
|poke|p2|Comfey, M|
|teampreview
|
|t:|1663005987
|start
|switch|p1a: Absol|Absol, F|100/100
|switch|p2a: Garbodor|Garbodor, F|100/100
|turn|1
|
|t:|1663005992
|move|p1a: Absol|Swords Dance|p1a: Absol
|-boost|p1a: Absol|atk|2
|move|p2a: Garbodor|Toxic Spikes|p1a: Absol
|-sidestart|p1: Frusolone|move: Toxic Spikes
|
|upkeep
|turn|2
|
|t:|1663005995
|move|p1a: Absol|Knock Off|p2a: Garbodor
|-damage|p2a: Garbodor|23/100
|-damage|p1a: Absol|84/100|[from] item: Rocky Helmet|[of] p2a: Garbodor
|-enditem|p2a: Garbodor|Rocky Helmet|[from] move: Knock Off|[of] p1a: Absol
|move|p2a: Garbodor|Gunk Shot|p1a: Absol
|-damage|p1a: Absol|13/100
|
|upkeep
|turn|3
|
|t:|1663006002
|move|p1a: Absol|Knock Off|p2a: Garbodor
|-damage|p2a: Garbodor|0 fnt
|-damage|p1a: Absol|0 fnt|[from] ability: Aftermath|[of] p2a: Garbodor
|faint|p2a: Garbodor
|faint|p1a: Absol
|
|upkeep
|
|t:|1663006012
|switch|p1a: Cramorant|Cramorant, F|100/100
|switch|p2a: Binacle|Binacle, F|100/100
|turn|4
|
|t:|1663006017
|move|p1a: Cramorant|Defog|p2a: Binacle
|-unboost|p2a: Binacle|evasion|1
|-sideend|p1: Frusolone|Toxic Spikes|[from] move: Defog|[of] p1a: Cramorant
|move|p2a: Binacle|Shell Smash|p2a: Binacle
|-unboost|p2a: Binacle|def|1
|-unboost|p2a: Binacle|spd|1
|-boost|p2a: Binacle|atk|2
|-boost|p2a: Binacle|spa|2
|-boost|p2a: Binacle|spe|2
|
|upkeep
|turn|5
|
|t:|1663006022
|move|p1a: Cramorant|Endure|p1a: Cramorant
|-singleturn|p1a: Cramorant|move: Endure
|move|p2a: Binacle|Shell Smash|p2a: Binacle
|-unboost|p2a: Binacle|def|1
|-unboost|p2a: Binacle|spd|1
|-boost|p2a: Binacle|atk|2
|-boost|p2a: Binacle|spa|2
|-boost|p2a: Binacle|spe|2
|
|upkeep
|turn|6
|
|t:|1663006031
|move|p1a: Cramorant|Endure|p1a: Cramorant
|-singleturn|p1a: Cramorant|move: Endure
|move|p2a: Binacle|Ice Beam|p1a: Cramorant
|-damage|p1a: Cramorant|37/100
|-damage|p2a: Binacle|91/100|[from] item: Life Orb
|
|upkeep
|turn|7
|
|t:|1663006037
|move|p2a: Binacle|Ice Beam|p1a: Cramorant
|-damage|p1a: Cramorant|0 fnt
|faint|p1a: Cramorant
|-damage|p2a: Binacle|81/100|[from] item: Life Orb
|
|upkeep
|
|t:|1663006039
|switch|p1a: Magneton|Magneton|100/100
|turn|8
|
|t:|1663006043
|move|p2a: Binacle|Liquidation|p1a: Magneton
|-ability|p1a: Magneton|Sturdy
|-damage|p1a: Magneton|1/100
|-damage|p2a: Binacle|71/100|[from] item: Life Orb
|move|p1a: Magneton|Volt Switch|p2a: Binacle
|-supereffective|p2a: Binacle
|-damage|p2a: Binacle|0 fnt
|faint|p2a: Binacle
|
|t:|1663006059
|switch|p1a: Beheeyem|Beheeyem, F, shiny|100/100|[from]move: Volt Switch
|
|upkeep
|c|☆vishoclock|why in gods name am i running into this trash
|
|t:|1663006072
|switch|p2a: Silvally|Silvally-Ghost|100/100
|turn|9
|
|t:|1663006082
|move|p2a: Silvally|Multi-Attack|p1a: Beheeyem
|-supereffective|p1a: Beheeyem
|-damage|p1a: Beheeyem|0 fnt
|faint|p1a: Beheeyem
|
|upkeep
|c|☆Frusolone|because im trying to have fun and not be sweaty on a childrens game
|
|t:|1663006116
|switch|p1a: Centiskorch|Centiskorch, F|100/100
|turn|10
|c|☆vishoclock|like i  really dont understand why you ever would be sturdy magneton
|c|☆Frusolone|revenge killing
|c|☆vishoclock|but how is that fun? it does nothing
|
|t:|1663006148
|move|p2a: Silvally|Multi-Attack|p1a: Centiskorch
|-crit|p1a: Centiskorch
|-damage|p1a: Centiskorch|0 fnt
|faint|p1a: Centiskorch
|
|upkeep
|c|☆vishoclock|btw im also trying to have fun
|c|☆vishoclock|but you ppl make it impossable
|c|☆Frusolone|how lmao
|c|☆Frusolone|how am I ruining your fun?
|c|☆vishoclock|with this, god awful teams with nothing
|c|☆vishoclock|id like to enjoy a actual game
|c|☆vishoclock|not this
|inactive|Battle timer is ON: inactive players will automatically lose when time's up. (requested by vishoclock)
|c|☆Frusolone|sorry for ruining your fun and making you win?
|c|☆vishoclock|winning isnt important lol
|c|☆vishoclock|id like to have a good game
|inactive|Frusolone has 120 seconds left.
|c|☆vishoclock|like obv do you
|c|☆vishoclock|but why is i non stop today
|inactive|Frusolone has 90 seconds left.
|inactive|Frusolone has 60 seconds left.
|
|t:|1663006347
|switch|p1a: Magneton|Magneton|1/100
|turn|11
|
|t:|1663006350
|move|p2a: Silvally|Multi-Attack|p1a: Magneton
|-damage|p1a: Magneton|0 fnt
|faint|p1a: Magneton
|
|upkeep
|
|t:|1663006353
|switch|p1a: Glastrier|Glastrier|100/100
|turn|12
|
|t:|1663006360
|move|p2a: Silvally|Multi-Attack|p1a: Glastrier
|-damage|p1a: Glastrier|67/100
|move|p1a: Glastrier|Heavy Slam|p2a: Silvally
|-damage|p2a: Silvally|48/100
|
|upkeep
|turn|13
|
|t:|1663006363
|move|p2a: Silvally|Multi-Attack|p1a: Glastrier
|-damage|p1a: Glastrier|32/100
|move|p1a: Glastrier|Heavy Slam|p2a: Silvally
|-damage|p2a: Silvally|0 fnt
|faint|p2a: Silvally
|-ability|p1a: Glastrier|Chilling Neigh|boost
|-boost|p1a: Glastrier|atk|1
|
|upkeep
|
|t:|1663006368
|switch|p2a: Comfey|Comfey, M, shiny|100/100
|turn|14
|
|t:|1663006372
|move|p2a: Comfey|Draining Kiss|p1a: Glastrier
|-damage|p1a: Glastrier|9/100
|-damage|p2a: Comfey|91/100|[from] item: Life Orb
|move|p1a: Glastrier|Heavy Slam|p2a: Comfey
|-supereffective|p2a: Comfey
|-damage|p2a: Comfey|0 fnt
|faint|p2a: Comfey
|-ability|p1a: Glastrier|Chilling Neigh|boost
|-boost|p1a: Glastrier|atk|1
|
|upkeep
|
|t:|1663006375
|switch|p2a: Gigalith|Gigalith, M|100/100
|-weather|Sandstorm|[from] ability: Sand Stream|[of] p2a: Gigalith
|turn|15
|
|t:|1663006378
|move|p2a: Gigalith|Protect|p2a: Gigalith
|-singleturn|p2a: Gigalith|Protect
|move|p1a: Glastrier|Close Combat|p2a: Gigalith
|-activate|p2a: Gigalith|move: Protect
|
|-weather|Sandstorm|[upkeep]
|-damage|p1a: Glastrier|3/100|[from] Sandstorm
|upkeep
|turn|16
|
|t:|1663006381
|switch|p2a: Eldegoss|Eldegoss, M|100/100
|move|p1a: Glastrier|Close Combat|p2a: Eldegoss
|-damage|p2a: Eldegoss|16/100
|-unboost|p1a: Glastrier|def|1
|-unboost|p1a: Glastrier|spd|1
|
|-weather|Sandstorm|[upkeep]
|-damage|p2a: Eldegoss|10/100|[from] Sandstorm
|-damage|p1a: Glastrier|0 fnt|[from] Sandstorm
|faint|p1a: Glastrier
|
|win|vishoclock
|upkeep
|raw|Frusolone's rating: 1315 &rarr; <strong>1303</strong><br />(-12 for losing)
|raw|vishoclock's rating: 1468 &rarr; <strong>1480</strong><br />(+12 for winning)
||Ladder isn't responding, score probably updated but might not have (Request timeout).
