|j|☆shitpostingg
|j|☆Eesturn
|t:|1665091156
|gametype|singles
|player|p1|shitpostingg|101|1257
|player|p2|Eesturn|bellelba|1464
|teamsize|p1|6
|teamsize|p2|6
|gen|8
|tier|[Gen 8] PU
|rated|
|rule|Sleep Clause Mod: Limit one foe put to sleep
|rule|Species Clause: Limit one of each Pokémon
|rule|OHKO Clause: OHKO moves are banned
|rule|Evasion Items Clause: Evasion items are banned
|rule|Evasion Moves Clause: Evasion moves are banned
|rule|Endless Battle Clause: Forcing endless battles is banned
|rule|HP Percentage Mod: HP is shown in percentages
|rule|Dynamax Clause: You cannot dynamax
|clearpoke
|poke|p1|Absol, M|
|poke|p1|Pikachu, F|
|poke|p1|Articuno-Galar|
|poke|p1|Hitmonlee, M|
|poke|p1|Archeops, F|
|poke|p1|Shiftry, M|
|poke|p2|Ribombee, F|
|poke|p2|Ninetales, F|
|poke|p2|Wishiwashi, F|
|poke|p2|Eldegoss, M|
|poke|p2|Gigalith, F|
|poke|p2|Sandslash, M|
|teampreview
|inactive|Battle timer is ON: inactive players will automatically lose when time's up. (requested by shitpostingg)
|
|t:|1665091169
|start
|switch|p1a: Hitmonlee|Hitmonlee, M|100/100
|switch|p2a: Wishiwashi|Wishiwashi, F|100/100
|-formechange|p2a: Wishiwashi|Wishiwashi-School||[from] ability: Schooling
|turn|1
|
|t:|1665091180
|move|p1a: Hitmonlee|Fake Out|p2a: Wishiwashi
|-damage|p2a: Wishiwashi|87/100
|-damage|p1a: Hitmonlee|91/100|[from] item: Life Orb
|cant|p2a: Wishiwashi|flinch
|
|-heal|p2a: Wishiwashi|93/100|[from] item: Leftovers
|upkeep
|turn|2
|
|t:|1665091187
|move|p1a: Hitmonlee|Knock Off|p2a: Wishiwashi
|-damage|p2a: Wishiwashi|62/100
|-enditem|p2a: Wishiwashi|Leftovers|[from] move: Knock Off|[of] p1a: Hitmonlee
|-damage|p1a: Hitmonlee|81/100|[from] item: Life Orb
|move|p2a: Wishiwashi|Scald|p1a: Hitmonlee
|-damage|p1a: Hitmonlee|37/100
|-status|p1a: Hitmonlee|brn
|
|-damage|p1a: Hitmonlee|30/100 brn|[from] brn
|upkeep
|turn|3
|
|t:|1665091197
|move|p1a: Hitmonlee|High Jump Kick|p2a: Wishiwashi
|-damage|p2a: Wishiwashi|31/100
|-damage|p1a: Hitmonlee|20/100 brn|[from] item: Life Orb
|move|p2a: Wishiwashi|U-turn|p1a: Hitmonlee
|-resisted|p1a: Hitmonlee
|-damage|p1a: Hitmonlee|0 fnt
|faint|p1a: Hitmonlee
|
|t:|1665091204
|switch|p2a: Ninetales|Ninetales, F|100/100|[from]move: U-turn
|
|upkeep
|
|t:|1665091208
|switch|p1a: Archeops|Archeops, F|100/100
|turn|4
|
|t:|1665091215
|switch|p2a: Wishiwashi|Wishiwashi, F|31/100
|-formechange|p2a: Wishiwashi|Wishiwashi-School||[from] ability: Schooling
|move|p1a: Archeops|Aqua Tail|p2a: Wishiwashi
|-resisted|p2a: Wishiwashi
|-damage|p2a: Wishiwashi|15/100
|
|-formechange|p2a: Wishiwashi|Wishiwashi||[from] ability: Schooling
|upkeep
|turn|5
|
|t:|1665091224
|move|p1a: Archeops|Aqua Tail|p2a: Wishiwashi
|-resisted|p2a: Wishiwashi
|-damage|p2a: Wishiwashi|0 fnt
|faint|p2a: Wishiwashi
|
|upkeep
|
|t:|1665091229
|switch|p2a: Eldegoss|Eldegoss, M|100/100
|turn|6
|
|t:|1665091237
|switch|p1a: Shiftry|Shiftry, M|100/100
|switch|p2a: Gigalith|Gigalith, F|100/100
|-weather|Sandstorm|[from] ability: Sand Stream|[of] p2a: Gigalith
|
|-weather|Sandstorm|[upkeep]
|-damage|p1a: Shiftry|94/100|[from] Sandstorm
|upkeep
|turn|7
|
|t:|1665091246
|move|p1a: Shiftry|Fake Out|p2a: Gigalith
|-resisted|p2a: Gigalith
|-damage|p2a: Gigalith|94/100
|-damage|p1a: Shiftry|84/100|[from] item: Life Orb
|cant|p2a: Gigalith|flinch
|
|-weather|Sandstorm|[upkeep]
|-damage|p1a: Shiftry|78/100|[from] Sandstorm
|-heal|p2a: Gigalith|100/100|[from] item: Leftovers
|upkeep
|turn|8
|
|t:|1665091258
|move|p1a: Shiftry|Leaf Blade|p2a: Gigalith
|-supereffective|p2a: Gigalith
|-damage|p2a: Gigalith|21/100
|-damage|p1a: Shiftry|68/100|[from] item: Life Orb
|move|p2a: Gigalith|Stealth Rock|p1a: Shiftry
|-sidestart|p1: shitpostingg|move: Stealth Rock
|
|-weather|Sandstorm|[upkeep]
|-damage|p1a: Shiftry|62/100|[from] Sandstorm
|-heal|p2a: Gigalith|27/100|[from] item: Leftovers
|upkeep
|turn|9
|
|t:|1665091268
|move|p2a: Gigalith|Protect|p2a: Gigalith
|-singleturn|p2a: Gigalith|Protect
|move|p1a: Shiftry|Knock Off|p2a: Gigalith
|-activate|p2a: Gigalith|move: Protect
|
|-weather|Sandstorm|[upkeep]
|-damage|p1a: Shiftry|56/100|[from] Sandstorm
|-heal|p2a: Gigalith|33/100|[from] item: Leftovers
|upkeep
|turn|10
|
|t:|1665091276
|switch|p2a: Eldegoss|Eldegoss, M|100/100
|move|p1a: Shiftry|Knock Off|p2a: Eldegoss
|-damage|p2a: Eldegoss|55/100
|-enditem|p2a: Eldegoss|Heavy-Duty Boots|[from] move: Knock Off|[of] p1a: Shiftry
|-damage|p1a: Shiftry|46/100|[from] item: Life Orb
|
|-weather|none
|upkeep
|turn|11
|
|t:|1665091284
|move|p1a: Shiftry|Sucker Punch|p2a: Eldegoss
|-damage|p2a: Eldegoss|19/100
|-damage|p1a: Shiftry|36/100|[from] item: Life Orb
|move|p2a: Eldegoss|Giga Drain|p1a: Shiftry
|-resisted|p1a: Shiftry
|-damage|p1a: Shiftry|19/100
|-heal|p2a: Eldegoss|28/100|[from] drain|[of] p1a: Shiftry
|
|upkeep
|turn|12
|
|t:|1665091295
|switch|p2a: Ribombee|Ribombee, F|100/100
|move|p1a: Shiftry|Knock Off|p2a: Ribombee
|-resisted|p2a: Ribombee
|-damage|p2a: Ribombee|55/100
|-enditem|p2a: Ribombee|Heavy-Duty Boots|[from] move: Knock Off|[of] p1a: Shiftry
|-damage|p1a: Shiftry|9/100|[from] item: Life Orb
|
|upkeep
|turn|13
|
|t:|1665091303
|move|p1a: Shiftry|Sucker Punch||[still]
|-fail|p1a: Shiftry
|move|p2a: Ribombee|Substitute|p2a: Ribombee
|-start|p2a: Ribombee|Substitute
|-damage|p2a: Ribombee|30/100
|
|upkeep
|turn|14
|
|t:|1665091311
|move|p2a: Ribombee|Quiver Dance|p2a: Ribombee
|-boost|p2a: Ribombee|spa|1
|-boost|p2a: Ribombee|spd|1
|-boost|p2a: Ribombee|spe|1
|move|p1a: Shiftry|Knock Off|p2a: Ribombee
|-resisted|p2a: Ribombee
|-end|p2a: Ribombee|Substitute
|-damage|p1a: Shiftry|0 fnt|[from] item: Life Orb
|faint|p1a: Shiftry
|
|upkeep
|
|t:|1665091320
|switch|p1a: Pikachu|Pikachu, F|100/100
|-damage|p1a: Pikachu|88/100|[from] Stealth Rock
|turn|15
|
|t:|1665091324
|switch|p2a: Gigalith|Gigalith, F|33/100
|-weather|Sandstorm|[from] ability: Sand Stream|[of] p2a: Gigalith
|move|p1a: Pikachu|Fake Out|p2a: Gigalith
|-resisted|p2a: Gigalith
|-damage|p2a: Gigalith|26/100
|
|-weather|Sandstorm|[upkeep]
|-damage|p1a: Pikachu|82/100|[from] Sandstorm
|-heal|p2a: Gigalith|33/100|[from] item: Leftovers
|upkeep
|turn|16
|
|t:|1665091342
|move|p1a: Pikachu|Knock Off|p2a: Gigalith
|-damage|p2a: Gigalith|0 fnt
|-enditem|p2a: Gigalith|Leftovers|[from] move: Knock Off|[of] p1a: Pikachu
|faint|p2a: Gigalith
|
|-weather|Sandstorm|[upkeep]
|-damage|p1a: Pikachu|76/100|[from] Sandstorm
|upkeep
|
|t:|1665091348
|switch|p2a: Sandslash|Sandslash, M|100/100
|turn|17
|
|t:|1665091351
|switch|p1a: Archeops|Archeops, F|100/100
|-damage|p1a: Archeops|76/100|[from] Stealth Rock
|move|p2a: Sandslash|Stone Edge|p1a: Archeops
|-supereffective|p1a: Archeops
|-crit|p1a: Archeops
|-damage|p1a: Archeops|0 fnt
|faint|p1a: Archeops
|
|-weather|Sandstorm|[upkeep]
|upkeep
|
|t:|1665091362
|switch|p1a: Articuno|Articuno-Galar|100/100
|-damage|p1a: Articuno|76/100|[from] Stealth Rock
|turn|18
|
|t:|1665091366
|move|p2a: Sandslash|Stone Edge|p1a: Articuno
|-supereffective|p1a: Articuno
|-damage|p1a: Articuno|3/100
|move|p1a: Articuno|Freezing Glare|p2a: Sandslash
|-damage|p2a: Sandslash|0 fnt
|faint|p2a: Sandslash
|
|-weather|Sandstorm|[upkeep]
|-damage|p1a: Articuno|0 fnt|[from] Sandstorm
|faint|p1a: Articuno
|upkeep
|
|t:|1665091381
|switch|p1a: Absol|Absol, M|100/100
|switch|p2a: Eldegoss|Eldegoss, M|61/100
|-damage|p1a: Absol|88/100|[from] Stealth Rock
|turn|19
|
|t:|1665091397
|move|p1a: Absol|Close Combat|p2a: Eldegoss
|-damage|p2a: Eldegoss|8/100
|-unboost|p1a: Absol|def|1
|-unboost|p1a: Absol|spd|1
|move|p2a: Eldegoss|Giga Drain|p1a: Absol
|-damage|p1a: Absol|31/100
|-heal|p2a: Eldegoss|32/100|[from] drain|[of] p1a: Absol
|
|-weather|none
|upkeep
|turn|20
|
|t:|1665091413
|switch|p2a: Ribombee|Ribombee, F|30/100
|move|p1a: Absol|Close Combat|p2a: Ribombee
|-resisted|p2a: Ribombee
|-damage|p2a: Ribombee|5/100
|-unboost|p1a: Absol|def|1
|-unboost|p1a: Absol|spd|1
|
|upkeep
|turn|21
|
|t:|1665091421
|move|p2a: Ribombee|Roost|p2a: Ribombee
|-heal|p2a: Ribombee|55/100
|-singleturn|p2a: Ribombee|move: Roost
|move|p1a: Absol|Close Combat|p2a: Ribombee
|-resisted|p2a: Ribombee
|-damage|p2a: Ribombee|32/100
|-unboost|p1a: Absol|def|1
|-unboost|p1a: Absol|spd|1
|
|upkeep
|turn|22
|
|t:|1665091428
|switch|p1a: Pikachu|Pikachu, F|76/100
|-damage|p1a: Pikachu|64/100|[from] Stealth Rock
|move|p2a: Ribombee|Roost|p2a: Ribombee
|-heal|p2a: Ribombee|82/100
|-singleturn|p2a: Ribombee|move: Roost
|
|upkeep
|turn|23
|
|t:|1665091436
|switch|p2a: Ninetales|Ninetales, F|100/100
|move|p1a: Pikachu|Fake Out|p2a: Ninetales
|-damage|p2a: Ninetales|73/100
|
|upkeep
|turn|24
|
|t:|1665091443
|move|p1a: Pikachu|Extreme Speed|p2a: Ninetales
|-damage|p2a: Ninetales|24/100
|move|p2a: Ninetales|Scorching Sands|p1a: Pikachu
|-supereffective|p1a: Pikachu
|-crit|p1a: Pikachu
|-damage|p1a: Pikachu|0 fnt
|faint|p1a: Pikachu
|
|upkeep
|
|t:|1665091446
|switch|p1a: Absol|Absol, M|31/100
|-damage|p1a: Absol|19/100|[from] Stealth Rock
|turn|25
|
|t:|1665091453
|move|p1a: Absol|Sucker Punch||[still]
|-fail|p1a: Absol
|move|p2a: Ninetales|Nasty Plot|p2a: Ninetales
|-boost|p2a: Ninetales|spa|2
|
|upkeep
|turn|26
|c|☆shitpostingg|gg
|c|☆Eesturn|gg
|
|t:|1665091462
|move|p1a: Absol|Sucker Punch||[still]
|-fail|p1a: Absol
|move|p2a: Ninetales|Nasty Plot|p2a: Ninetales
|-boost|p2a: Ninetales|spa|2
|
|upkeep
|turn|27
|
|t:|1665091467
|move|p1a: Absol|Sucker Punch||[still]
|-fail|p1a: Absol
|move|p2a: Ninetales|Nasty Plot|p2a: Ninetales
|-boost|p2a: Ninetales|spa|2
|
|upkeep
|turn|28
|
|t:|1665091472
|move|p1a: Absol|Sucker Punch||[still]
|-fail|p1a: Absol
|move|p2a: Ninetales|Nasty Plot|p2a: Ninetales
|-boost|p2a: Ninetales|spa|0
|
|upkeep
|turn|29
|
|t:|1665091476
|move|p1a: Absol|Sucker Punch||[still]
|-fail|p1a: Absol
|move|p2a: Ninetales|Nasty Plot|p2a: Ninetales
|-boost|p2a: Ninetales|spa|0
|
|upkeep
|turn|30
|c|☆shitpostingg|stop
|
|t:|1665091483
|move|p1a: Absol|Sucker Punch||[still]
|-fail|p1a: Absol
|move|p2a: Ninetales|Nasty Plot|p2a: Ninetales
|-boost|p2a: Ninetales|spa|0
|
|upkeep
|turn|31
|
|t:|1665091488
|move|p1a: Absol|Sucker Punch||[still]
|-fail|p1a: Absol
|move|p2a: Ninetales|Nasty Plot|p2a: Ninetales
|-boost|p2a: Ninetales|spa|0
|
|upkeep
|turn|32
|
|t:|1665091494
|move|p1a: Absol|Sucker Punch||[still]
|-fail|p1a: Absol
|move|p2a: Ninetales|Nasty Plot|p2a: Ninetales
|-boost|p2a: Ninetales|spa|0
|
|upkeep
|turn|33
|
|t:|1665091499
|move|p2a: Ninetales|Scorching Sands|p1a: Absol
|-damage|p1a: Absol|0 fnt
|faint|p1a: Absol
|
|win|Eesturn
|raw|shitpostingg's rating: 1257 &rarr; <strong>1245</strong><br />(-12 for losing)
|raw|Eesturn's rating: 1464 &rarr; <strong>1473</strong><br />(+9 for winning)
|c|☆shitpostingg|gg
