|raw|<div class="broadcast-blue"><strong>This battle is required to be public due to a player having a name starting with 'pult94d'.</div>
|j|☆Whimsy thot
|j|☆PULT94D Art
|t:|1628662541
|gametype|singles
|player|p1|Whimsy thot|lady-gen4|1272
|player|p2|PULT94D Art|clerkf|1492
|teamsize|p1|6
|teamsize|p2|6
|gen|8
|tier|[Gen 8] PU
|rated|
|rule|Sleep Clause Mod: Limit one foe put to sleep
|rule|Species Clause: Limit one of each Pokémon
|rule|OHKO Clause: OHKO moves are banned
|rule|Evasion Moves Clause: Evasion moves are banned
|rule|Endless Battle Clause: Forcing endless battles is banned
|rule|HP Percentage Mod: HP is shown in percentages
|rule|Dynamax Clause: You cannot dynamax
|clearpoke
|poke|p1|Whimsicott, F|
|poke|p1|Togedemaru, M|
|poke|p1|Weezing, M|
|poke|p1|Persian-Alola, M|
|poke|p1|Carbink|
|poke|p1|Hitmontop, M|
|poke|p2|Carbink|
|poke|p2|Arctovish|
|poke|p2|Arctozolt|
|poke|p2|Charizard, F|
|poke|p2|Silvally-*|
|poke|p2|Whimsicott, F|
|teampreview
|inactive|Battle timer is ON: inactive players will automatically lose when time's up. (requested by Whimsy thot)
|
|t:|1628662551
|start
|switch|p1a: Togedemaru|Togedemaru, M|100/100
|switch|p2a: Charizard|Charizard, F|100/100
|turn|1
|
|t:|1628662557
|switch|p1a: Carbink|Carbink|100/100
|move|p2a: Charizard|Scorching Sands|p1a: Carbink
|-supereffective|p1a: Carbink
|-damage|p1a: Carbink|74/100
|-status|p1a: Carbink|brn
|
|-heal|p1a: Carbink|80/100 brn|[from] item: Leftovers
|-damage|p1a: Carbink|74/100 brn|[from] brn
|upkeep
|turn|2
|
|t:|1628662560
|switch|p2a: Carbink|Carbink|100/100
|move|p1a: Carbink|Toxic|p2a: Carbink
|-status|p2a: Carbink|tox
|
|-heal|p1a: Carbink|80/100 brn|[from] item: Leftovers
|-damage|p2a: Carbink|94/100 tox|[from] psn
|-damage|p1a: Carbink|74/100 brn|[from] brn
|upkeep
|turn|3
|
|t:|1628662564
|move|p2a: Carbink|Stealth Rock|p1a: Carbink
|-sidestart|p1: Whimsy thot|move: Stealth Rock
|move|p1a: Carbink|Stealth Rock|p2a: Carbink
|-sidestart|p2: PULT94D Art|move: Stealth Rock
|
|-heal|p1a: Carbink|80/100 brn|[from] item: Leftovers
|-damage|p2a: Carbink|82/100 tox|[from] psn
|-damage|p1a: Carbink|74/100 brn|[from] brn
|upkeep
|turn|4
|
|t:|1628662567
|move|p2a: Carbink|Hail|p2a: Carbink
|-weather|Hail
|move|p1a: Carbink|Body Press|p2a: Carbink
|-damage|p2a: Carbink|72/100 tox
|
|-weather|Hail|[upkeep]
|-damage|p2a: Carbink|65/100 tox|[from] Hail
|-damage|p1a: Carbink|68/100 brn|[from] Hail
|-heal|p1a: Carbink|74/100 brn|[from] item: Leftovers
|-damage|p2a: Carbink|47/100 tox|[from] psn
|-damage|p1a: Carbink|68/100 brn|[from] brn
|upkeep
|turn|5
|
|t:|1628662572
|switch|p2a: Silvally|Silvally-Ghost|100/100
|-damage|p2a: Silvally|88/100|[from] Stealth Rock
|move|p1a: Carbink|Body Press|p2a: Silvally
|-immune|p2a: Silvally
|
|-weather|Hail|[upkeep]
|-damage|p2a: Silvally|82/100|[from] Hail
|-damage|p1a: Carbink|62/100 brn|[from] Hail
|-heal|p1a: Carbink|68/100 brn|[from] item: Leftovers
|-damage|p1a: Carbink|62/100 brn|[from] brn
|upkeep
|turn|6
|
|t:|1628662579
|move|p2a: Silvally|Substitute|p2a: Silvally
|-start|p2a: Silvally|Substitute
|-damage|p2a: Silvally|57/100
|move|p1a: Carbink|Toxic||[still]
|-fail|p1a: Carbink
|
|-weather|Hail|[upkeep]
|-damage|p2a: Silvally|51/100|[from] Hail
|-damage|p1a: Carbink|57/100 brn|[from] Hail
|-heal|p1a: Carbink|62/100 brn|[from] item: Leftovers
|-damage|p1a: Carbink|57/100 brn|[from] brn
|upkeep
|turn|7
|
|t:|1628662582
|switch|p1a: Whimsicott|Whimsicott, F, shiny|100/100
|-damage|p1a: Whimsicott|88/100|[from] Stealth Rock
|move|p2a: Silvally|Swords Dance|p2a: Silvally
|-boost|p2a: Silvally|atk|2
|
|-weather|Hail|[upkeep]
|-damage|p1a: Whimsicott|82/100|[from] Hail
|-damage|p2a: Silvally|45/100|[from] Hail
|-heal|p1a: Whimsicott|88/100|[from] item: Leftovers
|upkeep
|turn|8
|
|t:|1628662584
|move|p1a: Whimsicott|Encore|p2a: Silvally
|-start|p2a: Silvally|Encore
|move|p2a: Silvally|Swords Dance|p2a: Silvally
|-boost|p2a: Silvally|atk|2
|
|-weather|Hail|[upkeep]
|-damage|p1a: Whimsicott|82/100|[from] Hail
|-damage|p2a: Silvally|39/100|[from] Hail
|-heal|p1a: Whimsicott|88/100|[from] item: Leftovers
|upkeep
|turn|9
|j| Pult94d dani
|
|t:|1628662589
|switch|p2a: Charizard|Charizard, F|100/100
|move|p1a: Whimsicott|Moonblast|p2a: Charizard
|-resisted|p2a: Charizard
|-damage|p2a: Charizard|82/100
|
|-weather|Hail|[upkeep]
|-damage|p1a: Whimsicott|82/100|[from] Hail
|-damage|p2a: Charizard|76/100|[from] Hail
|-heal|p1a: Whimsicott|88/100|[from] item: Leftovers
|upkeep
|turn|10
|
|t:|1628662592
|switch|p1a: Carbink|Carbink|57/100 brn
|-damage|p1a: Carbink|44/100 brn|[from] Stealth Rock
|move|p2a: Charizard|Fire Blast|p1a: Carbink
|-resisted|p1a: Carbink
|-damage|p1a: Carbink|29/100 brn
|
|-weather|Hail|[upkeep]
|-damage|p2a: Charizard|70/100|[from] Hail
|-damage|p1a: Carbink|22/100 brn|[from] Hail
|-heal|p1a: Carbink|29/100 brn|[from] item: Leftovers
|-damage|p1a: Carbink|22/100 brn|[from] brn
|upkeep
|turn|11
|
|t:|1628662595
|move|p2a: Charizard|Scorching Sands|p1a: Carbink
|-supereffective|p1a: Carbink
|-damage|p1a: Carbink|0 fnt
|faint|p1a: Carbink
|
|-weather|none
|upkeep
|
|t:|1628662604
|switch|p1a: Persian|Persian-Alola, M|100/100
|turn|12
|
|t:|1628662608
|move|p1a: Persian|Toxic|p2a: Charizard
|-status|p2a: Charizard|tox
|move|p2a: Charizard|Roost|p2a: Charizard
|-heal|p2a: Charizard|100/100 tox
|-singleturn|p2a: Charizard|move: Roost
|
|-damage|p2a: Charizard|94/100 tox|[from] psn
|upkeep
|turn|13
|
|t:|1628662611
|move|p1a: Persian|Knock Off|p2a: Charizard
|-damage|p2a: Charizard|64/100 tox
|-enditem|p2a: Charizard|Heavy-Duty Boots|[from] move: Knock Off|[of] p1a: Persian
|move|p2a: Charizard|Fire Blast|p1a: Persian
|-damage|p1a: Persian|26/100
|
|-damage|p2a: Charizard|52/100 tox|[from] psn
|upkeep
|turn|14
|
|t:|1628662620
|move|p1a: Persian|Parting Shot|p2a: Charizard
|-unboost|p2a: Charizard|atk|1
|-unboost|p2a: Charizard|spa|1
|
|t:|1628662624
|switch|p1a: Weezing|Weezing, M|100/100|[from]move: Parting Shot
|-damage|p1a: Weezing|88/100|[from] Stealth Rock
|move|p2a: Charizard|Fire Blast|p1a: Weezing
|-damage|p1a: Weezing|45/100
|
|-heal|p1a: Weezing|51/100|[from] item: Black Sludge
|-damage|p2a: Charizard|33/100 tox|[from] psn
|upkeep
|turn|15
|
|t:|1628662630
|move|p2a: Charizard|Fire Blast|p1a: Weezing
|-damage|p1a: Weezing|4/100
|move|p1a: Weezing|Toxic Spikes|p2a: Charizard
|-sidestart|p2: PULT94D Art|move: Toxic Spikes
|
|-heal|p1a: Weezing|10/100|[from] item: Black Sludge
|-damage|p2a: Charizard|9/100 tox|[from] psn
|upkeep
|turn|16
|
|t:|1628662641
|switch|p1a: Hitmontop|Hitmontop, M|100/100
|-damage|p1a: Hitmontop|95/100|[from] Stealth Rock
|move|p2a: Charizard|Fire Blast|p1a: Hitmontop
|-damage|p1a: Hitmontop|67/100
|
|-damage|p2a: Charizard|0 fnt|[from] psn
|faint|p2a: Charizard
|upkeep
|
|t:|1628662644
|switch|p2a: Whimsicott|Whimsicott, F|100/100
|turn|17
|
|t:|1628662651
|move|p2a: Whimsicott|Moonblast|p1a: Hitmontop
|-supereffective|p1a: Hitmontop
|-damage|p1a: Hitmontop|9/100
|move|p1a: Hitmontop|Triple Axel|p2a: Whimsicott|[miss]
|-miss|p1a: Hitmontop|p2a: Whimsicott
|
|upkeep
|turn|18
|c|☆Whimsy thot|man
|c|☆Whimsy thot|youre so cringer
|
|t:|1628662669
|move|p2a: Whimsicott|Moonblast|p1a: Hitmontop
|-supereffective|p1a: Hitmontop
|-damage|p1a: Hitmontop|0 fnt
|faint|p1a: Hitmontop
|
|upkeep
|c|☆PULT94D Art|a
|
|t:|1628662673
|switch|p1a: Togedemaru|Togedemaru, M|100/100
|-damage|p1a: Togedemaru|94/100|[from] Stealth Rock
|turn|19
|c| Pult94d dani|:o
|c|☆PULT94D Art|Me cagaron
|c|☆PULT94D Art|como 15 partidas
|c|☆PULT94D Art|Merezco tener suerte y hacer lo mismo en una
|c|☆PULT94D Art|>:v
|
|t:|1628662695
|move|p2a: Whimsicott|Switcheroo|p1a: Togedemaru
|-activate|p2a: Whimsicott|move: Trick|[of] p1a: Togedemaru
|-item|p1a: Togedemaru|Heavy-Duty Boots|[from] move: Switcheroo
|-item|p2a: Whimsicott|Rocky Helmet|[from] move: Switcheroo
|move|p1a: Togedemaru|Iron Head|p2a: Whimsicott
|-supereffective|p2a: Whimsicott
|-damage|p2a: Whimsicott|18/100
|-damage|p1a: Togedemaru|78/100|[from] item: Rocky Helmet|[of] p2a: Whimsicott
|
|upkeep
|turn|20
|c|☆Whimsy thot|speak english or gtfo
|c| Pult94d dani|LMAO
|c| Pult94d dani|stfu dude
|c|☆PULT94D Art|I speak italian
|c|☆PULT94D Art|:c
|c|☆PULT94D Art|(?)
|inactive|PULT94D Art has 120 seconds left.
|
|t:|1628662724
|move|p2a: Whimsicott|Encore|p1a: Togedemaru
|-start|p1a: Togedemaru|Encore
|move|p1a: Togedemaru|Iron Head|p2a: Whimsicott
|-supereffective|p2a: Whimsicott
|-damage|p2a: Whimsicott|0 fnt
|-damage|p1a: Togedemaru|61/100|[from] item: Rocky Helmet|[of] p2a: Whimsicott
|faint|p2a: Whimsicott
|
|upkeep
|c|☆Whimsy thot|yo soy un poquito espanol para nada mucha
|
|t:|1628662733
|switch|p2a: Arctovish|Arctovish|100/100
|-damage|p2a: Arctovish|76/100|[from] Stealth Rock
|-status|p2a: Arctovish|psn
|turn|21
|
|t:|1628662738
|move|p1a: Togedemaru|Iron Head|p2a: Arctovish
|-damage|p2a: Arctovish|48/100 psn
|move|p2a: Arctovish|Fishious Rend|p1a: Togedemaru
|-damage|p1a: Togedemaru|23/100
|-damage|p2a: Arctovish|36/100 psn|[from] ability: Iron Barbs|[of] p1a: Togedemaru
|
|-damage|p2a: Arctovish|23/100 psn|[from] psn
|upkeep
|turn|22
|c| Pult94d dani|Yay
|
|t:|1628662742
|move|p1a: Togedemaru|Iron Head|p2a: Arctovish
|-damage|p2a: Arctovish|0 fnt
|faint|p2a: Arctovish
|
|-end|p1a: Togedemaru|Encore
|upkeep
|
|t:|1628662745
|switch|p2a: Silvally|Silvally-Ghost|39/100
|-damage|p2a: Silvally|27/100|[from] Stealth Rock
|-status|p2a: Silvally|psn
|turn|23
|
|t:|1628662750
|move|p1a: Togedemaru|Spiky Shield|p1a: Togedemaru
|-singleturn|p1a: Togedemaru|move: Protect
|move|p2a: Silvally|Multi-Attack|p1a: Togedemaru
|-activate|p1a: Togedemaru|move: Protect
|-damage|p2a: Silvally|14/100 psn|[from] Spiky Shield|[of] p1a: Togedemaru
|
|-damage|p2a: Silvally|2/100 psn|[from] psn
|upkeep
|turn|24
|
|t:|1628662755
|switch|p1a: Weezing|Weezing, M|10/100
|-damage|p1a: Weezing|0 fnt|[from] Stealth Rock
|faint|p1a: Weezing
|move|p2a: Silvally|Multi-Attack|p1: Weezing|[notarget]
|-fail|p2a: Silvally
|
|-damage|p2a: Silvally|0 fnt|[from] psn
|faint|p2a: Silvally
|upkeep
|
|t:|1628662761
|switch|p2a: Carbink|Carbink|47/100 tox
|switch|p1a: Persian|Persian-Alola, M|26/100
|-damage|p2a: Carbink|34/100 tox|[from] Stealth Rock
|turn|25
|
|t:|1628662766
|move|p1a: Persian|Knock Off|p2a: Carbink
|-resisted|p2a: Carbink
|-damage|p2a: Carbink|24/100 tox
|-enditem|p2a: Carbink|Icy Rock|[from] move: Knock Off|[of] p1a: Persian
|move|p2a: Carbink|Hail|p2a: Carbink
|-weather|Hail
|
|-weather|Hail|[upkeep]
|-damage|p1a: Persian|20/100|[from] Hail
|-damage|p2a: Carbink|18/100 tox|[from] Hail
|-damage|p2a: Carbink|12/100 tox|[from] psn
|upkeep
|turn|26
|
|t:|1628662772
|move|p1a: Persian|Parting Shot|p2a: Carbink
|-unboost|p2a: Carbink|atk|1
|-unboost|p2a: Carbink|spa|1
|
|t:|1628662773
|switch|p1a: Togedemaru|Togedemaru, M|23/100|[from]move: Parting Shot
|move|p2a: Carbink|Explosion|p1a: Togedemaru
|-resisted|p1a: Togedemaru
|-damage|p1a: Togedemaru|12/100
|faint|p2a: Carbink
|
|-weather|Hail|[upkeep]
|-damage|p1a: Togedemaru|6/100|[from] Hail
|upkeep
|
|t:|1628662776
|switch|p2a: Arctozolt|Arctozolt|100/100
|-damage|p2a: Arctozolt|76/100|[from] Stealth Rock
|-status|p2a: Arctozolt|psn
|turn|27
|
|t:|1628662782
|move|p1a: Togedemaru|Spiky Shield|p1a: Togedemaru
|-singleturn|p1a: Togedemaru|move: Protect
|move|p2a: Arctozolt|Blizzard|p1a: Togedemaru
|-activate|p1a: Togedemaru|move: Protect
|
|-weather|Hail|[upkeep]
|-damage|p1a: Togedemaru|0 fnt|[from] Hail
|faint|p1a: Togedemaru
|-damage|p2a: Arctozolt|63/100 psn|[from] psn
|upkeep
|
|t:|1628662796
|switch|p1a: Persian|Persian-Alola, M|20/100
|turn|28
|
|t:|1628662800
|move|p2a: Arctozolt|Blizzard|p1a: Persian
|-damage|p1a: Persian|0 fnt
|faint|p1a: Persian
|-damage|p2a: Arctozolt|53/100 psn|[from] item: Life Orb
|
|-weather|Hail|[upkeep]
|-damage|p2a: Arctozolt|41/100 psn|[from] psn
|upkeep
|
|t:|1628662803
|switch|p1a: Whimsicott|Whimsicott, F, shiny|88/100
|-damage|p1a: Whimsicott|76/100|[from] Stealth Rock
|turn|29
|
|t:|1628662806
|move|p1a: Whimsicott|Substitute|p1a: Whimsicott
|-start|p1a: Whimsicott|Substitute
|-damage|p1a: Whimsicott|51/100
|move|p2a: Arctozolt|Blizzard|p1a: Whimsicott
|-supereffective|p1a: Whimsicott
|-end|p1a: Whimsicott|Substitute
|-damage|p2a: Arctozolt|31/100 psn|[from] item: Life Orb
|
|-weather|none
|-heal|p1a: Whimsicott|57/100|[from] item: Leftovers
|-damage|p2a: Arctozolt|18/100 psn|[from] psn
|upkeep
|turn|30
|
|t:|1628662809
|move|p1a: Whimsicott|Substitute|p1a: Whimsicott
|-start|p1a: Whimsicott|Substitute
|-damage|p1a: Whimsicott|32/100
|move|p2a: Arctozolt|Freeze-Dry|p1a: Whimsicott
|-supereffective|p1a: Whimsicott
|-end|p1a: Whimsicott|Substitute
|-damage|p2a: Arctozolt|8/100 psn|[from] item: Life Orb
|
|-heal|p1a: Whimsicott|39/100|[from] item: Leftovers
|-damage|p2a: Arctozolt|0 fnt|[from] psn
|faint|p2a: Arctozolt
|
|win|Whimsy thot
|upkeep
|raw|Whimsy thot's rating: 1272 &rarr; <strong>1311</strong><br />(+39 for winning)
|raw|PULT94D Art's rating: 1492 &rarr; <strong>1461</strong><br />(-31 for losing)
|l| Pult94d dani
|l|☆PULT94D Art
|c|☆Whimsy thot|me encanta pokeaimd
|l|☆Whimsy thot
