|j|☆yassy slay
|j|☆cafay sukray
|t:|1642524241
|gametype|singles
|player|p1|yassy slay|clown|1534
|player|p2|cafay sukray|swimmer-gen4dp|1581
|teamsize|p1|6
|teamsize|p2|6
|gen|8
|tier|[Gen 8] PU
|rated|
|rule|Sleep Clause Mod: Limit one foe put to sleep
|rule|Species Clause: Limit one of each Pokémon
|rule|OHKO Clause: OHKO moves are banned
|rule|Evasion Moves Clause: Evasion moves are banned
|rule|Endless Battle Clause: Forcing endless battles is banned
|rule|HP Percentage Mod: HP is shown in percentages
|rule|Dynamax Clause: You cannot dynamax
|clearpoke
|poke|p1|Flapple, M|
|poke|p1|Archeops, M|
|poke|p1|Magneton|
|poke|p1|Accelgor, F|
|poke|p1|Runerigus, F|
|poke|p1|Scrafty, M|
|poke|p2|Perrserker, F|
|poke|p2|Aggron, F|
|poke|p2|Lurantis, F|
|poke|p2|Espeon, F|
|poke|p2|Wishiwashi, M|
|poke|p2|Weezing, M|
|teampreview
|
|t:|1642524274
|start
|switch|p1a: Magneton|Magneton|100/100
|switch|p2a: Perrserker|Perrserker, F|100/100
|turn|1
|
|t:|1642524279
|move|p1a: Magneton|Volt Switch|p2a: Perrserker
|-damage|p2a: Perrserker|72/100
|
|t:|1642524282
|switch|p1a: Runerigus|Runerigus, F|100/100|[from]move: Volt Switch
|move|p2a: Perrserker|U-turn|p1a: Runerigus
|-resisted|p1a: Runerigus
|-damage|p1a: Runerigus|93/100
|-activate|p1a: Runerigus|ability: Wandering Spirit|Tough Claws|Wandering Spirit|[of] p2a: Perrserker
|
|t:|1642524292
|switch|p2a: Lurantis|Lurantis, F|100/100|[from]move: U-turn
|
|-heal|p1a: Runerigus|99/100|[from] item: Leftovers
|upkeep
|turn|2
|
|t:|1642524299
|switch|p1a: Accelgor|Accelgor, F|100/100
|move|p2a: Lurantis|Knock Off|p1a: Accelgor
|-damage|p1a: Accelgor|50/100
|-activate|p1a: Accelgor|ability: Sticky Hold
|
|upkeep
|turn|3
|
|t:|1642524303
|switch|p2a: Aggron|Aggron, F|100/100
|move|p1a: Accelgor|Recover|p1a: Accelgor
|-heal|p1a: Accelgor|99/100
|
|upkeep
|turn|4
|
|t:|1642524308
|move|p1a: Accelgor|Focus Blast|p2a: Aggron
|-supereffective|p2a: Aggron
|-damage|p2a: Aggron|0 fnt
|faint|p2a: Aggron
|
|upkeep
|c|☆cafay sukray|dang
|
|t:|1642524324
|switch|p2a: Weezing|Weezing, M|100/100
|-ability|p2a: Weezing|Neutralizing Gas
|turn|5
|
|t:|1642524333
|move|p1a: Accelgor|Spikes|p2a: Weezing
|-sidestart|p2: cafay sukray|Spikes
|move|p2a: Weezing|Toxic Spikes|p1a: Accelgor
|-sidestart|p1: yassy slay|move: Toxic Spikes
|
|upkeep
|turn|6
|
|t:|1642524336
|switch|p1a: Magneton|Magneton|100/100
|move|p2a: Weezing|Sludge Bomb|p1a: Magneton
|-immune|p1a: Magneton
|
|upkeep
|turn|7
|
|t:|1642524340
|move|p1a: Magneton|Flash Cannon|p2a: Weezing
|-damage|p2a: Weezing|42/100
|move|p2a: Weezing|Pain Split|p1a: Magneton
|-sethp|p1a: Magneton|75/100|[from] move: Pain Split|[silent]
|-sethp|p2a: Weezing|63/100|[from] move: Pain Split
|
|upkeep
|turn|8
|
|t:|1642524348
|-end|p2a: Weezing|ability: Neutralizing Gas
|switch|p2a: Wishiwashi|Wishiwashi, M|100/100
|-damage|p2a: Wishiwashi|88/100|[from] Spikes
|-formechange|p2a: Wishiwashi|Wishiwashi-School||[from] ability: Schooling
|move|p1a: Magneton|Thunder|p2a: Wishiwashi
|-supereffective|p2a: Wishiwashi
|-damage|p2a: Wishiwashi|0 fnt
|faint|p2a: Wishiwashi
|
|upkeep
|
|t:|1642524355
|switch|p2a: Lurantis|Lurantis, F|100/100
|-damage|p2a: Lurantis|88/100|[from] Spikes
|turn|9
|
|t:|1642524360
|move|p1a: Magneton|Volt Switch|p2a: Lurantis
|-resisted|p2a: Lurantis
|-damage|p2a: Lurantis|69/100
|
|t:|1642524361
|switch|p1a: Accelgor|Accelgor, F|99/100|[from]move: Volt Switch
|move|p2a: Lurantis|Superpower|p1a: Accelgor
|-resisted|p1a: Accelgor
|-damage|p1a: Accelgor|67/100
|-boost|p2a: Lurantis|atk|1
|-boost|p2a: Lurantis|def|1
|
|-heal|p2a: Lurantis|75/100|[from] item: Leftovers
|upkeep
|turn|10
|
|t:|1642524367
|move|p1a: Accelgor|Bug Buzz|p2a: Lurantis
|-supereffective|p2a: Lurantis
|-damage|p2a: Lurantis|0 fnt
|faint|p2a: Lurantis
|
|upkeep
|c|☆cafay sukray|gg
|-message|cafay sukray forfeited.
|
|win|yassy slay
|raw|yassy slay's rating: 1534 &rarr; <strong>1557</strong><br />(+23 for winning)
|raw|cafay sukray's rating: 1581 &rarr; <strong>1558</strong><br />(-23 for losing)
|c|☆yassy slay|gg
|l|☆cafay sukray
