|j|☆Johto the kid
|j|☆adhadda
|player|p1|Johto the kid|ethan-gen2|
|player|p2|adhadda|265|
|teamsize|p1|6
|teamsize|p2|6
|gametype|singles
|gen|8
|tier|[Gen 8] PU
|clearpoke
|poke|p1|Meowstic, M|
|poke|p1|Grapploct, M|
|poke|p1|Dubwool, F|
|poke|p1|Mawile, F|
|poke|p1|Manectric, M|
|poke|p1|Falinks|
|poke|p2|Pincurchin, F|
|poke|p2|Manectric, M|
|poke|p2|Thievul, F|
|poke|p2|Dusknoir, M|
|poke|p2|Roselia, M|
|poke|p2|Mr. Rime, F|
|rule|Sleep Clause Mod: Limit one foe put to sleep
|rule|Species Clause: Limit one of each Pokémon
|rule|OHKO Clause: OHKO moves are banned
|rule|Evasion Moves Clause: Evasion moves are banned
|rule|Endless Battle Clause: Forcing endless battles is banned
|rule|HP Percentage Mod: HP is shown in percentages
|rule|Dynamax Clause: You cannot dynamax
|teampreview
|
|start
|switch|p1a: Meow|Meowstic, M|100/100
|switch|p2a: Pincurchin|Pincurchin, F|100/100
|-fieldstart|move: Electric Terrain|[from] ability: Electric Surge|[of] p2a: Pincurchin
|turn|1
|
|move|p1a: Meow|Light Screen|p1a: Meow
|-sidestart|p1: Johto the kid|move: Light Screen
|move|p2a: Pincurchin|Rising Voltage|p1a: Meow
|-damage|p1a: Meow|54/100
|
|upkeep
|turn|2
|
|move|p1a: Meow|Psychic|p2a: Pincurchin
|-crit|p2a: Pincurchin
|-damage|p2a: Pincurchin|46/100
|move|p2a: Pincurchin|Rising Voltage|p1a: Meow
|-damage|p1a: Meow|8/100
|
|upkeep
|turn|3
|
|switch|p2a: Thievul|Thievul, F|100/100
|-enditem|p2a: Thievul|Electric Seed
|-boost|p2a: Thievul|def|1|[from] item: Electric Seed
|move|p1a: Meow|Psychic|p2a: Thievul
|-immune|p2a: Thievul
|
|upkeep
|turn|4
|
|switch|p1a: Bolt|Manectric, M|100/100
|move|p2a: Thievul|Psychic|p1a: Bolt
|-damage|p1a: Bolt|76/100
|
|upkeep
|turn|5
|
|switch|p2a: Manectric|Manectric, M|100/100
|move|p1a: Bolt|Rising Voltage|p2a: Manectric
|-ability|p2a: Manectric|Lightning Rod|boost
|-boost|p2a: Manectric|spa|1
|
|upkeep
|turn|6
|
|switch|p1a: Meow|Meowstic, M|8/100
|move|p2a: Manectric|Overheat|p1a: Meow
|-damage|p1a: Meow|0 fnt
|-unboost|p2a: Manectric|spa|2
|faint|p1a: Meow
|
|upkeep
|
|switch|p1a: Spartans|Falinks|100/100
|turn|7
|
|switch|p2a: Roselia|Roselia, M|100/100
|move|p1a: Spartans|No Retreat|p1a: Spartans
|-boost|p1a: Spartans|atk|1
|-boost|p1a: Spartans|def|1
|-boost|p1a: Spartans|spa|1
|-boost|p1a: Spartans|spd|1
|-boost|p1a: Spartans|spe|1
|-start|p1a: Spartans|move: No Retreat
|
|upkeep
|turn|8
|
|move|p1a: Spartans|Iron Head|p2a: Roselia
|-damage|p2a: Roselia|62/100
|move|p2a: Roselia|Toxic|p1a: Spartans
|-status|p1a: Spartans|tox
|-enditem|p1a: Spartans|Lum Berry|[eat]
|-curestatus|p1a: Spartans|tox|[msg]
|
|-sideend|p1: Johto the kid|move: Light Screen
|-fieldend|move: Electric Terrain
|upkeep
|turn|9
|c|☆adhadda|you just put manectric to  counter me
|
|move|p1a: Spartans|Iron Head|p2a: Roselia
|-damage|p2a: Roselia|24/100
|move|p2a: Roselia|Toxic|p1a: Spartans
|-status|p1a: Spartans|tox
|
|-damage|p1a: Spartans|95/100 tox|[from] psn
|upkeep
|turn|10
|
|switch|p2a: Dusknoir|Dusknoir, M|100/100
|move|p1a: Spartans|Throat Chop|p2a: Dusknoir
|-supereffective|p2a: Dusknoir
|-damage|p2a: Dusknoir|32/100
|-start|p2a: Dusknoir|Throat Chop|[silent]
|
|-heal|p2a: Dusknoir|38/100|[from] item: Leftovers
|-damage|p1a: Spartans|83/100 tox|[from] psn
|upkeep
|turn|11
|c|☆Johto the kid|it wasnt for you team dude
|
|switch|p2a: Pincurchin|Pincurchin, F|46/100
|-fieldstart|move: Electric Terrain|[from] ability: Electric Surge|[of] p2a: Pincurchin
|move|p1a: Spartans|Throat Chop|p2a: Pincurchin
|-damage|p2a: Pincurchin|3/100
|-start|p2a: Pincurchin|Throat Chop|[silent]
|
|-damage|p1a: Spartans|65/100 tox|[from] psn
|upkeep
|turn|12
|
|switch|p2a: Roselia|Roselia, M|24/100
|move|p1a: Spartans|Iron Head|p2a: Roselia
|-damage|p2a: Roselia|0 fnt
|faint|p2a: Roselia
|
|-damage|p1a: Spartans|41/100 tox|[from] psn
|upkeep
|
|switch|p2a: Thievul|Thievul, F|100/100
|turn|13
|
|move|p1a: Spartans|Close Combat|p2a: Thievul
|-supereffective|p2a: Thievul
|-damage|p2a: Thievul|0 fnt
|-unboost|p1a: Spartans|def|1
|-unboost|p1a: Spartans|spd|1
|faint|p2a: Thievul
|
|-damage|p1a: Spartans|12/100 tox|[from] psn
|upkeep
|
|switch|p2a: Mr. Rime|Mr. Rime, F|100/100
|turn|14
|
|move|p1a: Spartans|Throat Chop|p2a: Mr. Rime
|-supereffective|p2a: Mr. Rime
|-damage|p2a: Mr. Rime|14/100
|-start|p2a: Mr. Rime|Throat Chop|[silent]
|move|p2a: Mr. Rime|Rapid Spin|p1a: Spartans
|-damage|p1a: Spartans|2/100 tox
|-boost|p2a: Mr. Rime|spe|1
|
|-damage|p1a: Spartans|0 fnt|[from] psn
|faint|p1a: Spartans
|upkeep
|
|switch|p1a: Bolt|Manectric, M|76/100
|turn|15
|
|move|p1a: Bolt|Flamethrower|p2a: Mr. Rime
|-supereffective|p2a: Mr. Rime
|-damage|p2a: Mr. Rime|0 fnt
|faint|p2a: Mr. Rime
|
|upkeep
|
|switch|p2a: Manectric|Manectric, M|100/100
|turn|16
|
|move|p1a: Bolt|Flamethrower|p2a: Manectric
|-damage|p2a: Manectric|50/100
|move|p2a: Manectric|Overheat|p1a: Bolt
|-crit|p1a: Bolt
|-damage|p1a: Bolt|0 fnt
|-unboost|p2a: Manectric|spa|2
|faint|p1a: Bolt
|
|upkeep
|
|switch|p1a: Octorok|Grapploct, M|100/100
|turn|17
|
|switch|p2a: Dusknoir|Dusknoir, M|38/100
|-item|p1a: Octorok|Assault Vest|[from] ability: Frisk|[of] p2a: Dusknoir|[identify]
|move|p1a: Octorok|Payback|p2a: Dusknoir
|-supereffective|p2a: Dusknoir
|-damage|p2a: Dusknoir|0 fnt
|faint|p2a: Dusknoir
|
|upkeep
|
|switch|p2a: Manectric|Manectric, M|50/100
|turn|18
|c|☆Johto the kid|gg gotcha
|
|move|p1a: Octorok|Sucker Punch|p2a: Manectric
|-damage|p2a: Manectric|8/100
|move|p2a: Manectric|Rising Voltage|p1a: Octorok
|-damage|p1a: Octorok|1/100
|
|-fieldend|move: Electric Terrain
|upkeep
|turn|19
|c|☆adhadda|yeah
|c|☆adhadda|i think you put it in just for me
|
|move|p1a: Octorok|Sucker Punch|p2a: Manectric
|-damage|p2a: Manectric|0 fnt
|faint|p2a: Manectric
|
|upkeep
|c|☆Johto the kid|no dude
|
|switch|p2a: Pincurchin|Pincurchin, F|3/100
|-fieldstart|move: Electric Terrain|[from] ability: Electric Surge|[of] p2a: Pincurchin
|turn|20
|c|☆adhadda|youre running rising voltage without terrain
|
|move|p1a: Octorok|Power-Up Punch|p2a: Pincurchin
|-damage|p2a: Pincurchin|0 fnt
|-boost|p1a: Octorok|atk|1
|faint|p2a: Pincurchin
|
|win|Johto the kid
|c|☆adhadda|gg
