|j|☆Lambovino
|j|☆yandaud
|t:|1664132686
|gametype|singles
|player|p1|Lambovino|#scl2spartans|
|player|p2|yandaud|swimmer-gen4dp|
|teamsize|p1|6
|teamsize|p2|6
|gen|8
|tier|[Gen 8] PU
|rule|Sleep Clause Mod: Limit one foe put to sleep
|rule|Species Clause: Limit one of each Pokémon
|rule|OHKO Clause: OHKO moves are banned
|rule|Evasion Items Clause: Evasion items are banned
|rule|Evasion Moves Clause: Evasion moves are banned
|rule|Endless Battle Clause: Forcing endless battles is banned
|rule|HP Percentage Mod: HP is shown in percentages
|rule|Dynamax Clause: You cannot dynamax
|clearpoke
|poke|p1|Sneasel, F|
|poke|p1|Clefairy, F|
|poke|p1|Wishiwashi, F|
|poke|p1|Articuno-Galar|
|poke|p1|Eldegoss, F|
|poke|p1|Doublade, M|
|poke|p2|Silvally-*|
|poke|p2|Eldegoss, F|
|poke|p2|Gigalith, M|
|poke|p2|Quagsire, F|
|poke|p2|Weezing, F|
|poke|p2|Centiskorch, F|
|teampreview
|c|☆yandaud|hf
|c|☆Lambovino|hf
|j| Uxilon
|j| RoiDadadou
|j| Bilou68
|l| Uxilon
|
|t:|1664132731
|start
|switch|p1a: Clefairy|Clefairy, F|100/100
|switch|p2a: Eldegoss|Eldegoss, F|100/100
|turn|1
|j| Uxilon
|j| Phxo'
|
|t:|1664132738
|switch|p2a: Weezing|Weezing, F|100/100
|-ability|p2a: Weezing|Neutralizing Gas
|move|p1a: Clefairy|Knock Off|p2a: Weezing
|-damage|p2a: Weezing|93/100
|-enditem|p2a: Weezing|Black Sludge|[from] move: Knock Off|[of] p1a: Clefairy
|
|upkeep
|turn|2
|j| BlessyZ
|c| Phxo'|LAMBO
|c| Bilou68|YANDAUD
|j|+Tuthur
|c| BlessyZ|HL ?
|j| mimilimi ♫☯
|j| DL Ecca
|c| Bilou68|hl.
|j| toadow haine
|c| DL Ecca|LAMBO
|j| Pedransu ☀
|c| BlessyZ|Phxo
|j| Beka ❤
|j| Micciu20250
|c| Phxo'|oui
|c| Phxo'|quoi
|c| BlessyZ|Phxo
|c| Micciu20250|LAMBO
|j| Hyss
|c| Bilou68|feur Phxo
|c| Bilou68|:xd:
|j| wertsd26
|
|t:|1664132779
|switch|p1a: Wishiwashi|Wishiwashi, F|100/100
|-formechange|p1a: Wishiwashi|Wishiwashi-School||[from] ability: Schooling
|move|p2a: Weezing|Toxic Spikes|p1a: Wishiwashi
|-sidestart|p1: Lambovino|move: Toxic Spikes
|
|upkeep
|turn|3
|
|t:|1664132785
|-end|p2a: Weezing|ability: Neutralizing Gas
|switch|p2a: Eldegoss|Eldegoss, F|100/100
|move|p1a: Wishiwashi|Scald|p2a: Eldegoss
|-resisted|p2a: Eldegoss
|-damage|p2a: Eldegoss|84/100
|
|upkeep
|turn|4
|c| Phxo'|bon Bilou68
|
|t:|1664132794
|switch|p1a: Clefairy|Clefairy, F|100/100
|-status|p1a: Clefairy|psn
|move|p2a: Eldegoss|Giga Drain|p1a: Clefairy
|-damage|p1a: Clefairy|87/100 psn
|-heal|p2a: Eldegoss|92/100|[from] drain|[of] p1a: Clefairy
|
|upkeep
|turn|5
|j|+daki
|c| Phxo'|toi et moi on va pas s'entendre
|c| Bilou68|le ptit Bilou68
|j| Menacce17
|c| DL Ecca|tu t'entends avec personne toi
|c| DL Ecca|arrete
|
|t:|1664132809
|switch|p2a: Weezing|Weezing, F|93/100
|-ability|p2a: Weezing|Neutralizing Gas
|switch|p1a: Articuno|Articuno-Galar|100/100
|
|upkeep
|turn|6
|j|@ironwater
|
|t:|1664132814
|-end|p2a: Weezing|ability: Neutralizing Gas
|switch|p2a: Gigalith|Gigalith, M|100/100
|-weather|Sandstorm|[from] ability: Sand Stream|[of] p2a: Gigalith
|move|p1a: Articuno|Psyshock|p2a: Gigalith
|-damage|p2a: Gigalith|59/100
|
|-weather|Sandstorm|[upkeep]
|-damage|p1a: Articuno|94/100|[from] Sandstorm
|-heal|p2a: Gigalith|65/100|[from] item: Leftovers
|upkeep
|turn|7
|j| Mimilucha
|l| Uxilon
|
|t:|1664132838
|switch|p1a: Doublade|Doublade, M|100/100
|move|p2a: Gigalith|Stealth Rock|p1a: Doublade
|-sidestart|p1: Lambovino|move: Stealth Rock
|
|-weather|Sandstorm|[upkeep]
|-heal|p2a: Gigalith|71/100|[from] item: Leftovers
|upkeep
|turn|8
|
|t:|1664132847
|switch|p2a: Quagsire|Quagsire, F|100/100
|move|p1a: Doublade|Shadow Claw|p2a: Quagsire
|-damage|p2a: Quagsire|74/100
|
|-weather|Sandstorm|[upkeep]
|-heal|p2a: Quagsire|80/100|[from] item: Leftovers
|upkeep
|turn|9
|l| mimilimi ♫☯
|j| Dflo
|l| Dflo
|
|t:|1664132859
|switch|p1a: Eldegoss|Eldegoss, F|100/100
|-status|p1a: Eldegoss|psn
|-damage|p1a: Eldegoss|88/100 psn|[from] Stealth Rock
|switch|p2a: Centiskorch|Centiskorch, F|100/100
|
|-weather|Sandstorm|[upkeep]
|-damage|p2a: Centiskorch|94/100|[from] Sandstorm
|-damage|p1a: Eldegoss|82/100 psn|[from] Sandstorm
|-damage|p1a: Eldegoss|70/100 psn|[from] psn
|upkeep
|turn|10
|l| Micciu20250
|c| Mimilucha|Bilou68 le vrai bilou ??
|j| ChaFouu
|j| Portos2Seconds
|j| Uxilon
|c| Bilou68|en personne
|c| ChaFouu|Lgi Lambo
|j|+kino
|l| wertsd26
|j| Micciu20250
|
|t:|1664132927
|switch|p1a: Wishiwashi|Wishiwashi, F|100/100
|-status|p1a: Wishiwashi|psn
|-damage|p1a: Wishiwashi|88/100 psn|[from] Stealth Rock
|-formechange|p1a: Wishiwashi|Wishiwashi-School||[from] ability: Schooling
|move|p2a: Centiskorch|Knock Off|p1a: Wishiwashi
|-crit|p1a: Wishiwashi
|-damage|p1a: Wishiwashi|54/100 psn
|-enditem|p1a: Wishiwashi|Leftovers|[from] move: Knock Off|[of] p2a: Centiskorch
|
|-weather|none
|-damage|p1a: Wishiwashi|42/100 psn|[from] psn
|upkeep
|turn|11
|j| vcreate espeon
|c| Bilou68|BilouforFCL
|j| wertsd26
|
|t:|1664132947
|switch|p1a: Eldegoss|Eldegoss, F|100/100 psn
|-damage|p1a: Eldegoss|88/100 psn|[from] Stealth Rock
|move|p2a: Centiskorch|Power Whip|p1a: Eldegoss
|-resisted|p1a: Eldegoss
|-damage|p1a: Eldegoss|68/100 psn
|-enditem|p1a: Eldegoss|Eject Button
|j| Chose Truc
|j| Profdesinnoh
|
|t:|1664132954
|switch|p1a: Articuno|Articuno-Galar|94/100
|-damage|p1a: Articuno|69/100|[from] Stealth Rock
|
|upkeep
|turn|12
|l| Uxilon
|j| Uxilon
|j| h4g
|l| h4g
|j| Shimosa
|j|+SFG
|
|t:|1664132997
|move|p1a: Articuno|Psyshock|p2a: Centiskorch
|-damage|p2a: Centiskorch|15/100
|move|p2a: Centiskorch|Knock Off|p1a: Articuno
|-supereffective|p1a: Articuno
|-damage|p1a: Articuno|0 fnt
|-enditem|p1a: Articuno|Choice Specs|[from] move: Knock Off|[of] p2a: Centiskorch
|faint|p1a: Articuno
|
|upkeep
|l| wertsd26
|
|t:|1664133004
|switch|p1a: Sneasel|Sneasel, F|100/100
|turn|13
|l| ChaFouu
|
|t:|1664133015
|switch|p2a: Weezing|Weezing, F|93/100
|-ability|p2a: Weezing|Neutralizing Gas
|move|p1a: Sneasel|Knock Off|p2a: Weezing
|-crit|p2a: Weezing
|-damage|p2a: Weezing|65/100
|
|upkeep
|turn|14
|j| ChaFouu
|l| Micciu20250
|
|t:|1664133030
|-end|p2a: Weezing|ability: Neutralizing Gas
|switch|p2a: Quagsire|Quagsire, F|80/100
|move|p1a: Sneasel|Triple Axel|p2a: Quagsire
|-damage|p2a: Quagsire|73/100
|-damage|p2a: Quagsire|60/100
|-damage|p2a: Quagsire|39/100
|-hitcount|p2a: Quagsire|3
|
|-heal|p2a: Quagsire|45/100|[from] item: Leftovers
|upkeep
|turn|15
|j| Antares
|
|t:|1664133040
|switch|p1a: Eldegoss|Eldegoss, F|100/100 psn
|-damage|p1a: Eldegoss|88/100 psn|[from] Stealth Rock
|move|p2a: Quagsire|Recover|p2a: Quagsire
|-heal|p2a: Quagsire|95/100
|
|-heal|p2a: Quagsire|100/100|[from] item: Leftovers
|-damage|p1a: Eldegoss|76/100 psn|[from] psn
|upkeep
|turn|16
|
|t:|1664133046
|switch|p2a: Silvally|Silvally-Ghost|100/100
|move|p1a: Eldegoss|Leech Seed|p2a: Silvally|[miss]
|-miss|p1a: Eldegoss|p2a: Silvally
|
|-damage|p1a: Eldegoss|63/100 psn|[from] psn
|upkeep
|turn|17
|j| wertsd26
|
|t:|1664133082
|move|p2a: Silvally|Swords Dance|p2a: Silvally
|-boost|p2a: Silvally|atk|2
|move|p1a: Eldegoss|Leech Seed|p2a: Silvally
|-start|p2a: Silvally|move: Leech Seed
|
|-damage|p2a: Silvally|88/100|[from] Leech Seed|[of] p1a: Eldegoss
|-heal|p1a: Eldegoss|76/100 psn|[silent]
|-damage|p1a: Eldegoss|64/100 psn|[from] psn
|upkeep
|turn|18
|
|t:|1664133089
|switch|p1a: Wishiwashi|Wishiwashi, F|42/100 psn
|-damage|p1a: Wishiwashi|30/100 psn|[from] Stealth Rock
|-formechange|p1a: Wishiwashi|Wishiwashi-School||[from] ability: Schooling
|move|p2a: Silvally|Multi-Attack|p1a: Wishiwashi
|-damage|p1a: Wishiwashi|0 fnt
|faint|p1a: Wishiwashi
|
|upkeep
|
|t:|1664133095
|switch|p1a: Sneasel|Sneasel, F|100/100
|turn|19
|
|t:|1664133103
|move|p1a: Sneasel|Knock Off|p2a: Silvally
|-supereffective|p2a: Silvally
|-damage|p2a: Silvally|25/100
|move|p2a: Silvally|Flame Charge|p1a: Sneasel
|-supereffective|p1a: Sneasel
|-damage|p1a: Sneasel|0 fnt
|-boost|p2a: Silvally|spe|1
|faint|p1a: Sneasel
|
|upkeep
|
|t:|1664133109
|switch|p1a: Doublade|Doublade, M|100/100
|-damage|p1a: Doublade|94/100|[from] Stealth Rock
|turn|20
|l|+SFG
|
|t:|1664133120
|switch|p2a: Quagsire|Quagsire, F|100/100
|move|p1a: Doublade|Shadow Sneak|p2a: Quagsire
|-damage|p2a: Quagsire|86/100
|
|-heal|p2a: Quagsire|92/100|[from] item: Leftovers
|upkeep
|turn|21
|j| iNastyy
|j| Micciu20250
|
|t:|1664133128
|switch|p1a: Clefairy|Clefairy, F|87/100 psn
|switch|p2a: Eldegoss|Eldegoss, F|100/100
|
|upkeep
|turn|22
|j| PokemonCestDur
|
|t:|1664133142
|switch|p2a: Weezing|Weezing, F|65/100
|-ability|p2a: Weezing|Neutralizing Gas
|move|p1a: Clefairy|Stealth Rock|p2a: Weezing
|-sidestart|p2: yandaud|move: Stealth Rock
|
|-damage|p1a: Clefairy|74/100 psn|[from] psn
|upkeep
|turn|23
|
|t:|1664133149
|switch|p1a: Doublade|Doublade, M|94/100
|-damage|p1a: Doublade|88/100|[from] Stealth Rock
|move|p2a: Weezing|Sludge Bomb|p1a: Doublade
|-immune|p1a: Doublade
|
|upkeep
|turn|24
|j|+Dragonillis
|
|t:|1664133156
|move|p2a: Weezing|Flamethrower|p1a: Doublade
|-supereffective|p1a: Doublade
|-damage|p1a: Doublade|33/100
|move|p1a: Doublade|Shadow Claw|p2a: Weezing
|-damage|p2a: Weezing|38/100
|
|upkeep
|turn|25
|l| wertsd26
|
|t:|1664133164
|switch|p1a: Eldegoss|Eldegoss, F|97/100 psn
|-damage|p1a: Eldegoss|84/100 psn|[from] Stealth Rock
|move|p2a: Weezing|Flamethrower|p1a: Eldegoss
|-supereffective|p1a: Eldegoss
|-damage|p1a: Eldegoss|52/100 psn
|
|-damage|p1a: Eldegoss|40/100 psn|[from] psn
|upkeep
|turn|26
|l| Micciu20250
|l| ChaFouu
|
|t:|1664133167
|move|p1a: Eldegoss|Leaf Storm|p2a: Weezing
|-resisted|p2a: Weezing
|-damage|p2a: Weezing|6/100
|-unboost|p1a: Eldegoss|spa|2
|move|p2a: Weezing|Sludge Bomb|p1a: Eldegoss
|-supereffective|p1a: Eldegoss
|-damage|p1a: Eldegoss|0 fnt
|faint|p1a: Eldegoss
|
|upkeep
|
|t:|1664133170
|switch|p1a: Doublade|Doublade, M|33/100
|-damage|p1a: Doublade|27/100|[from] Stealth Rock
|turn|27
|
|t:|1664133173
|-end|p2a: Weezing|ability: Neutralizing Gas
|switch|p2a: Quagsire|Quagsire, F|92/100
|-damage|p2a: Quagsire|86/100|[from] Stealth Rock
|move|p1a: Doublade|Shadow Sneak|p2a: Quagsire
|-damage|p2a: Quagsire|71/100
|
|-heal|p2a: Quagsire|77/100|[from] item: Leftovers
|upkeep
|turn|28
|
|t:|1664133180
|switch|p1a: Clefairy|Clefairy, F|74/100 psn
|move|p2a: Quagsire|Earthquake|p1a: Clefairy
|-damage|p1a: Clefairy|36/100 psn
|
|-heal|p2a: Quagsire|83/100|[from] item: Leftovers
|upkeep
|turn|29
|
|t:|1664133184
|move|p2a: Quagsire|Earthquake|p1a: Clefairy
|-damage|p1a: Clefairy|0 fnt
|faint|p1a: Clefairy
|
|-heal|p2a: Quagsire|89/100|[from] item: Leftovers
|upkeep
|
|t:|1664133186
|switch|p1a: Doublade|Doublade, M|27/100
|-damage|p1a: Doublade|21/100|[from] Stealth Rock
|turn|30
|c|☆yandaud|gg
|
|t:|1664133188
|move|p1a: Doublade|Shadow Claw|p2a: Quagsire
|-crit|p2a: Quagsire
|-damage|p2a: Quagsire|49/100
|move|p2a: Quagsire|Earthquake|p1a: Doublade
|-supereffective|p1a: Doublade
|-damage|p1a: Doublade|0 fnt
|faint|p1a: Doublade
|
|win|yandaud
|c|☆Lambovino|gg
|l|+Tuthur
|l| Uxilon
|j| doubledgedsword
|l| Antares
|l|☆Lambovino
