|j|☆sugar ovens
|j|☆Togkey
|inactive|Battle timer is ON: inactive players will automatically lose when time's up.
|t:|1630567180
|gametype|singles
|player|p1|sugar ovens|twins|
|player|p2|Togkey|burglar-gen1rb|
|teamsize|p1|6
|teamsize|p2|6
|gen|8
|tier|[Gen 8] PU
|rated|Tournament battle
|rule|Sleep Clause Mod: Limit one foe put to sleep
|rule|Species Clause: Limit one of each Pokémon
|rule|OHKO Clause: OHKO moves are banned
|rule|Evasion Moves Clause: Evasion moves are banned
|rule|Endless Battle Clause: Forcing endless battles is banned
|rule|HP Percentage Mod: HP is shown in percentages
|rule|Dynamax Clause: You cannot dynamax
|clearpoke
|poke|p1|Charizard, F|
|poke|p1|Scrafty, F|
|poke|p1|Gigalith, M|
|poke|p1|Weezing, M|
|poke|p1|Eldegoss, F|
|poke|p1|Poliwrath, F|
|poke|p2|Weezing, M|
|poke|p2|Arctovish|
|poke|p2|Archeops, M|
|poke|p2|Silvally-*|
|poke|p2|Aromatisse, M|
|poke|p2|Palossand, F|
|teampreview
|j|*Lady Monita
|j| DreadfulsReign
|j| Gryphono
|j| Arjun_OP
|j| PurpleBean REQUIEM
|j| TheGreat (OP)
|j| skierdude101
|j| shiny_scyther27
|c| skierdude101|lets go tog
|c| PurpleBean REQUIEM|aloha
|j| Frassloss
|c| TheGreat (OP)|Gl both
|inactive|sugar ovens has 120 seconds left.
|l| shiny_scyther27
|j| bodki✿くコ彡
|
|t:|1630567214
|start
|switch|p1a: Gigalith|Gigalith, M|100/100
|switch|p2a: Weezing|Weezing, M|100/100
|-ability|p2a: Weezing|Neutralizing Gas
|turn|1
|
|t:|1630567220
|move|p2a: Weezing|Will-O-Wisp|p1a: Gigalith
|-status|p1a: Gigalith|brn
|move|p1a: Gigalith|Stealth Rock|p2a: Weezing
|-sidestart|p2: Togkey|move: Stealth Rock
|
|-damage|p1a: Gigalith|94/100 brn|[from] brn
|upkeep
|turn|2
|j| Vexy123
|
|t:|1630567226
|switch|p1a: Charizard|Charizard, F|100/100
|move|p2a: Weezing|Toxic Spikes|p1a: Charizard
|-sidestart|p1: sugar ovens|move: Toxic Spikes
|
|upkeep
|turn|3
|l| Vexy123
|j| Windwalker475
|
|t:|1630567232
|-end|p2a: Weezing|ability: Neutralizing Gas
|switch|p2a: Archeops|Archeops, M|100/100
|move|p1a: Charizard|Toxic|p2a: Archeops
|-status|p2a: Archeops|tox
|
|-damage|p2a: Archeops|94/100 tox|[from] psn
|upkeep
|turn|4
|
|t:|1630567235
|switch|p1a: Weezing|Weezing, M|100/100
|-ability|p1a: Weezing|Neutralizing Gas
|-sideend|p1: sugar ovens|move: Toxic Spikes|[of] p1a: Weezing
|move|p2a: Archeops|U-turn|p1a: Weezing
|-resisted|p1a: Weezing
|-damage|p1a: Weezing|91/100
|
|t:|1630567238
|switch|p2a: Arctovish|Arctovish|100/100|[from]move: U-turn
|-damage|p2a: Arctovish|76/100|[from] Stealth Rock
|
|-heal|p2a: Arctovish|82/100|[from] item: Leftovers
|-heal|p1a: Weezing|97/100|[from] item: Black Sludge
|upkeep
|turn|5
|j| Arlo's Thighs
|
|t:|1630567240
|-end|p1a: Weezing|ability: Neutralizing Gas
|switch|p1a: Poliwrath|Poliwrath, F|100/100
|move|p2a: Arctovish|Substitute|p2a: Arctovish
|-start|p2a: Arctovish|Substitute
|-damage|p2a: Arctovish|57/100
|
|-heal|p2a: Arctovish|63/100|[from] item: Leftovers
|upkeep
|turn|6
|j| xxmubasherxx
|j| Sandygamer.yt
|c| xxmubasherxx|<.<
|
|t:|1630567263
|move|p1a: Poliwrath|Close Combat|p2a: Arctovish
|-supereffective|p2a: Arctovish
|-end|p2a: Arctovish|Substitute
|-unboost|p1a: Poliwrath|def|1
|-unboost|p1a: Poliwrath|spd|1
|move|p2a: Arctovish|Icicle Crash|p1a: Poliwrath
|-resisted|p1a: Poliwrath
|-damage|p1a: Poliwrath|72/100
|
|-heal|p2a: Arctovish|69/100|[from] item: Leftovers
|upkeep
|turn|7
|j| A Light of Ruin
|
|t:|1630567267
|switch|p2a: Weezing|Weezing, M|100/100
|-ability|p2a: Weezing|Neutralizing Gas
|-damage|p2a: Weezing|88/100|[from] Stealth Rock
|move|p1a: Poliwrath|Close Combat|p2a: Weezing
|-resisted|p2a: Weezing
|-damage|p2a: Weezing|71/100
|-unboost|p1a: Poliwrath|def|1
|-unboost|p1a: Poliwrath|spd|1
|
|-heal|p2a: Weezing|77/100|[from] item: Black Sludge
|upkeep
|turn|8
|j| shankingsnom
|
|t:|1630567271
|switch|p1a: Charizard|Charizard, F|100/100
|move|p2a: Weezing|Toxic Spikes|p1a: Charizard
|-sidestart|p1: sugar ovens|move: Toxic Spikes
|
|-heal|p2a: Weezing|83/100|[from] item: Black Sludge
|upkeep
|turn|9
|l| A Light of Ruin
|
|t:|1630567275
|-end|p2a: Weezing|ability: Neutralizing Gas
|switch|p2a: Aromatisse|Aromatisse, M|100/100
|-damage|p2a: Aromatisse|88/100|[from] Stealth Rock
|move|p1a: Charizard|Flamethrower|p2a: Aromatisse
|-damage|p2a: Aromatisse|50/100
|
|-heal|p2a: Aromatisse|57/100|[from] item: Leftovers
|upkeep
|turn|10
|
|t:|1630567278
|move|p2a: Aromatisse|Protect|p2a: Aromatisse
|-singleturn|p2a: Aromatisse|Protect
|move|p1a: Charizard|Toxic|p2a: Aromatisse
|-activate|p2a: Aromatisse|move: Protect
|
|-heal|p2a: Aromatisse|63/100|[from] item: Leftovers
|upkeep
|turn|11
|
|t:|1630567283
|switch|p1a: Weezing|Weezing, M|97/100
|-ability|p1a: Weezing|Neutralizing Gas
|-sideend|p1: sugar ovens|move: Toxic Spikes|[of] p1a: Weezing
|move|p2a: Aromatisse|Wish|p2a: Aromatisse
|
|-heal|p1a: Weezing|100/100|[from] item: Black Sludge
|-heal|p2a: Aromatisse|69/100|[from] item: Leftovers
|upkeep
|turn|12
|j| MenosPetit
|
|t:|1630567293
|switch|p2a: Weezing|Weezing, M|83/100
|-ability|p2a: Weezing|Neutralizing Gas
|-damage|p2a: Weezing|71/100|[from] Stealth Rock
|move|p1a: Weezing|Toxic Spikes|p2a: Weezing
|-sidestart|p2: Togkey|move: Toxic Spikes
|
|-heal|p2a: Weezing|100/100|[from] move: Wish|[wisher] Aromatisse
|upkeep
|turn|13
|
|t:|1630567300
|switch|p1a: Scrafty|Scrafty, F|100/100
|move|p2a: Weezing|Sludge Bomb|p1a: Scrafty
|-damage|p1a: Scrafty|81/100
|
|-heal|p1a: Scrafty|87/100|[from] item: Leftovers
|upkeep
|turn|14
|
|t:|1630567304
|-end|p2a: Weezing|ability: Neutralizing Gas
|switch|p2a: Aromatisse|Aromatisse, M|69/100
|-status|p2a: Aromatisse|psn
|-damage|p2a: Aromatisse|57/100 psn|[from] Stealth Rock
|move|p1a: Scrafty|Knock Off|p2a: Aromatisse
|-resisted|p2a: Aromatisse
|-damage|p2a: Aromatisse|45/100 psn
|-enditem|p2a: Aromatisse|Leftovers|[from] move: Knock Off|[of] p1a: Scrafty
|
|-heal|p1a: Scrafty|93/100|[from] item: Leftovers
|-damage|p2a: Aromatisse|33/100 psn|[from] psn
|upkeep
|turn|15
|
|t:|1630567315
|switch|p1a: Weezing|Weezing, M|100/100
|-ability|p1a: Weezing|Neutralizing Gas
|move|p2a: Aromatisse|Heal Bell|p2a: Aromatisse
|-activate|p2a: Aromatisse|move: Heal Bell
|-curestatus|p2a: Aromatisse|psn|[msg]
|-curestatus|p2: Archeops|tox|[msg]
|
|upkeep
|turn|16
|
|t:|1630567323
|move|p2a: Aromatisse|Protect|p2a: Aromatisse
|-singleturn|p2a: Aromatisse|Protect
|move|p1a: Weezing|Sludge Bomb|p2a: Aromatisse
|-activate|p2a: Aromatisse|move: Protect
|
|upkeep
|turn|17
|
|t:|1630567328
|move|p1a: Weezing|Sludge Bomb|p2a: Aromatisse
|-supereffective|p2a: Aromatisse
|-damage|p2a: Aromatisse|0 fnt
|faint|p2a: Aromatisse
|
|upkeep
|j| Emad7
|
|t:|1630567331
|switch|p2a: Weezing|Weezing, M|100/100
|-ability|p2a: Weezing|Neutralizing Gas
|-sideend|p2: Togkey|move: Toxic Spikes|[of] p2a: Weezing
|-damage|p2a: Weezing|88/100|[from] Stealth Rock
|turn|18
|
|t:|1630567334
|move|p1a: Weezing|Toxic Spikes|p2a: Weezing
|-sidestart|p2: Togkey|move: Toxic Spikes
|move|p2a: Weezing|Toxic Spikes|p1a: Weezing
|-sidestart|p1: sugar ovens|move: Toxic Spikes
|
|-heal|p2a: Weezing|94/100|[from] item: Black Sludge
|upkeep
|turn|19
|
|t:|1630567339
|move|p2a: Weezing|Sludge Bomb|p1a: Weezing
|-resisted|p1a: Weezing
|-damage|p1a: Weezing|83/100
|move|p1a: Weezing|Toxic Spikes|p2a: Weezing
|-sidestart|p2: Togkey|move: Toxic Spikes
|
|-heal|p2a: Weezing|99/100|[from] item: Black Sludge
|-heal|p1a: Weezing|89/100|[from] item: Black Sludge
|upkeep
|turn|20
|
|t:|1630567342
|move|p1a: Weezing|Will-O-Wisp|p2a: Weezing
|-status|p2a: Weezing|brn
|move|p2a: Weezing|Will-O-Wisp|p1a: Weezing|[miss]
|-miss|p2a: Weezing|p1a: Weezing
|
|-heal|p1a: Weezing|95/100|[from] item: Black Sludge
|-heal|p2a: Weezing|100/100 brn|[from] item: Black Sludge
|-damage|p2a: Weezing|95/100 brn|[from] brn
|upkeep
|turn|21
|c| PurpleBean REQUIEM|the fact that i use zard on my ou sun team and its chillin here in pu finals makes me reflect on my life choices.
|
|t:|1630567348
|switch|p1a: Charizard|Charizard, F|100/100
|move|p2a: Weezing|Will-O-Wisp|p1a: Charizard|[miss]
|-miss|p2a: Weezing|p1a: Charizard
|
|-heal|p2a: Weezing|100/100 brn|[from] item: Black Sludge
|-damage|p2a: Weezing|95/100 brn|[from] brn
|upkeep
|turn|22
|
|t:|1630567353
|-end|p2a: Weezing|ability: Neutralizing Gas
|switch|p2a: Archeops|Archeops, M|94/100
|move|p1a: Charizard|Flamethrower|p2a: Archeops
|-resisted|p2a: Archeops
|-damage|p2a: Archeops|63/100
|
|upkeep
|turn|23
|
|t:|1630567357
|switch|p1a: Weezing|Weezing, M|95/100
|-ability|p1a: Weezing|Neutralizing Gas
|-sideend|p1: sugar ovens|move: Toxic Spikes|[of] p1a: Weezing
|move|p2a: Archeops|Stone Edge|p1a: Weezing
|-damage|p1a: Weezing|58/100
|
|-heal|p1a: Weezing|64/100|[from] item: Black Sludge
|upkeep
|turn|24
|
|t:|1630567360
|move|p2a: Archeops|Earthquake|p1a: Weezing
|-supereffective|p1a: Weezing
|-damage|p1a: Weezing|15/100
|move|p1a: Weezing|Will-O-Wisp|p2a: Archeops
|-status|p2a: Archeops|brn
|
|-heal|p1a: Weezing|21/100|[from] item: Black Sludge
|-damage|p2a: Archeops|57/100 brn|[from] brn
|upkeep
|turn|25
|
|t:|1630567370
|-end|p1a: Weezing|ability: Neutralizing Gas
|switch|p1a: Eldegoss|Eldegoss, F|100/100
|move|p2a: Archeops|Earthquake|p1a: Eldegoss
|-resisted|p1a: Eldegoss
|-damage|p1a: Eldegoss|90/100
|
|-damage|p2a: Archeops|50/100 brn|[from] brn
|upkeep
|turn|26
|
|t:|1630567379
|move|p2a: Archeops|U-turn|p1a: Eldegoss
|-supereffective|p1a: Eldegoss
|-damage|p1a: Eldegoss|75/100
|
|t:|1630567381
|switch|p2a: Weezing|Weezing, M|95/100 brn|[from]move: U-turn
|-ability|p2a: Weezing|Neutralizing Gas
|-sideend|p2: Togkey|move: Toxic Spikes|[of] p2a: Weezing
|-damage|p2a: Weezing|82/100 brn|[from] Stealth Rock
|move|p1a: Eldegoss|Leaf Storm|p2a: Weezing
|-resisted|p2a: Weezing
|-damage|p2a: Weezing|47/100 brn
|-unboost|p1a: Eldegoss|spa|2
|
|-heal|p2a: Weezing|53/100 brn|[from] item: Black Sludge
|-damage|p2a: Weezing|47/100 brn|[from] brn
|upkeep
|turn|27
|
|t:|1630567385
|switch|p1a: Weezing|Weezing, M|21/100
|-ability|p1a: Weezing|Neutralizing Gas
|move|p2a: Weezing|Toxic Spikes|p1a: Weezing
|-sidestart|p1: sugar ovens|move: Toxic Spikes
|
|-heal|p1a: Weezing|27/100|[from] item: Black Sludge
|-heal|p2a: Weezing|53/100 brn|[from] item: Black Sludge
|-damage|p2a: Weezing|47/100 brn|[from] brn
|upkeep
|turn|28
|c| TheGreat (OP)|Also rip regigigas players seeing wheezing in pu
|
|t:|1630567388
|move|p2a: Weezing|Will-O-Wisp|p1a: Weezing
|-status|p1a: Weezing|brn
|move|p1a: Weezing|Toxic Spikes|p2a: Weezing
|-sidestart|p2: Togkey|move: Toxic Spikes
|
|-heal|p2a: Weezing|53/100 brn|[from] item: Black Sludge
|-heal|p1a: Weezing|33/100 brn|[from] item: Black Sludge
|-damage|p1a: Weezing|27/100 brn|[from] brn
|-damage|p2a: Weezing|47/100 brn|[from] brn
|upkeep
|turn|29
|
|t:|1630567397
|switch|p1a: Scrafty|Scrafty, F|93/100
|-status|p1a: Scrafty|psn
|move|p2a: Weezing|Sludge Bomb|p1a: Scrafty
|-damage|p1a: Scrafty|74/100 psn
|
|-heal|p1a: Scrafty|80/100 psn|[from] item: Leftovers
|-heal|p2a: Weezing|53/100 brn|[from] item: Black Sludge
|-damage|p1a: Scrafty|68/100 psn|[from] psn
|-damage|p2a: Weezing|47/100 brn|[from] brn
|upkeep
|turn|30
|c| PurpleBean REQUIEM|lol
|
|t:|1630567402
|-end|p2a: Weezing|ability: Neutralizing Gas
|switch|p2a: Silvally|Silvally-Steel|100/100
|-damage|p2a: Silvally|94/100|[from] Stealth Rock
|move|p1a: Scrafty|Knock Off|p2a: Silvally
|-damage|p2a: Silvally|74/100
|
|-activate|p1a: Scrafty|ability: Shed Skin
|-curestatus|p1a: Scrafty|psn|[msg]
|-heal|p1a: Scrafty|74/100|[from] item: Leftovers
|upkeep
|turn|31
|
|t:|1630567407
|move|p2a: Silvally|Parting Shot|p1a: Scrafty
|-unboost|p1a: Scrafty|atk|1
|-unboost|p1a: Scrafty|spa|1
|
|t:|1630567408
|switch|p2a: Weezing|Weezing, M|47/100 brn|[from]move: Parting Shot
|-ability|p2a: Weezing|Neutralizing Gas
|-damage|p2a: Weezing|35/100 brn|[from] Stealth Rock
|-sideend|p2: Togkey|move: Toxic Spikes|[of] p2a: Weezing
|move|p1a: Scrafty|Drain Punch|p2a: Weezing
|-resisted|p2a: Weezing
|-damage|p2a: Weezing|29/100 brn
|-heal|p1a: Scrafty|77/100|[from] drain|[of] p2a: Weezing
|
|-heal|p1a: Scrafty|83/100|[from] item: Leftovers
|-heal|p2a: Weezing|35/100 brn|[from] item: Black Sludge
|-damage|p2a: Weezing|29/100 brn|[from] brn
|upkeep
|turn|32
|
|t:|1630567411
|switch|p1a: Weezing|Weezing, M|27/100 brn
|-ability|p1a: Weezing|Neutralizing Gas
|-sideend|p1: sugar ovens|move: Toxic Spikes|[of] p1a: Weezing
|move|p2a: Weezing|Pain Split|p1a: Weezing
|-sethp|p1a: Weezing|28/100 brn|[from] move: Pain Split|[silent]
|-sethp|p2a: Weezing|28/100 brn|[from] move: Pain Split
|
|-heal|p2a: Weezing|34/100 brn|[from] item: Black Sludge
|-heal|p1a: Weezing|34/100 brn|[from] item: Black Sludge
|-damage|p2a: Weezing|28/100 brn|[from] brn
|-damage|p1a: Weezing|28/100 brn|[from] brn
|upkeep
|turn|33
|
|t:|1630567415
|switch|p1a: Charizard|Charizard, F|100/100
|move|p2a: Weezing|Toxic Spikes|p1a: Charizard
|-sidestart|p1: sugar ovens|move: Toxic Spikes
|
|-heal|p2a: Weezing|34/100 brn|[from] item: Black Sludge
|-damage|p2a: Weezing|28/100 brn|[from] brn
|upkeep
|turn|34
|
|t:|1630567420
|-end|p2a: Weezing|ability: Neutralizing Gas
|switch|p2a: Archeops|Archeops, M|50/100 brn
|move|p1a: Charizard|Flamethrower|p2a: Archeops
|-resisted|p2a: Archeops
|-damage|p2a: Archeops|19/100 brn
|
|-damage|p2a: Archeops|13/100 brn|[from] brn
|upkeep
|turn|35
|
|t:|1630567426
|switch|p1a: Weezing|Weezing, M|28/100 brn
|-ability|p1a: Weezing|Neutralizing Gas
|-sideend|p1: sugar ovens|move: Toxic Spikes|[of] p1a: Weezing
|move|p2a: Archeops|Stone Edge|p1a: Weezing
|-damage|p1a: Weezing|9/100 brn
|
|-heal|p1a: Weezing|15/100 brn|[from] item: Black Sludge
|-damage|p2a: Archeops|6/100 brn|[from] brn
|-damage|p1a: Weezing|9/100 brn|[from] brn
|upkeep
|turn|36
|
|t:|1630567430
|move|p2a: Archeops|Roost|p2a: Archeops
|-heal|p2a: Archeops|57/100 brn
|-singleturn|p2a: Archeops|move: Roost
|move|p1a: Weezing|Toxic Spikes|p2a: Archeops
|-sidestart|p2: Togkey|move: Toxic Spikes
|
|-heal|p1a: Weezing|15/100 brn|[from] item: Black Sludge
|-damage|p2a: Archeops|50/100 brn|[from] brn
|-damage|p1a: Weezing|9/100 brn|[from] brn
|upkeep
|turn|37
|j| Nyor345
|
|t:|1630567433
|-end|p1a: Weezing|ability: Neutralizing Gas
|switch|p1a: Poliwrath|Poliwrath, F|72/100
|move|p2a: Archeops|Earthquake|p1a: Poliwrath
|-damage|p1a: Poliwrath|63/100
|
|-damage|p2a: Archeops|44/100 brn|[from] brn
|upkeep
|turn|38
|j| Majushi
|
|t:|1630567443
|move|p1a: Poliwrath|Ice Punch|p2a: Archeops
|-supereffective|p2a: Archeops
|-damage|p2a: Archeops|0 fnt
|faint|p2a: Archeops
|
|upkeep
|
|t:|1630567445
|switch|p2a: Silvally|Silvally-Steel|74/100
|-damage|p2a: Silvally|68/100|[from] Stealth Rock
|turn|39
|
|t:|1630567448
|switch|p1a: Charizard|Charizard, F|100/100
|move|p2a: Silvally|Defog|p1a: Charizard
|-unboost|p1a: Charizard|evasion|1
|-sideend|p2: Togkey|Toxic Spikes|[from] move: Defog|[of] p2a: Silvally
|-sideend|p2: Togkey|Stealth Rock|[from] move: Defog|[of] p2a: Silvally
|
|upkeep
|turn|40
|
|t:|1630567455
|move|p1a: Charizard|Flamethrower|p2a: Silvally
|-supereffective|p2a: Silvally
|-damage|p2a: Silvally|0 fnt
|faint|p2a: Silvally
|
|upkeep
|
|t:|1630567456
|switch|p2a: Arctovish|Arctovish|69/100
|turn|41
|
|t:|1630567473
|move|p1a: Charizard|Flamethrower|p2a: Arctovish
|-damage|p2a: Arctovish|24/100
|move|p2a: Arctovish|Hail|p2a: Arctovish
|-weather|Hail
|
|-weather|Hail|[upkeep]
|-damage|p1a: Charizard|94/100|[from] Hail
|-heal|p2a: Arctovish|30/100|[from] item: Leftovers
|upkeep
|turn|42
|c| TheGreat (OP)|Congrats both
|
|t:|1630567480
|switch|p1a: Weezing|Weezing, M|9/100 brn
|-ability|p1a: Weezing|Neutralizing Gas
|move|p2a: Arctovish|Substitute|p2a: Arctovish
|-start|p2a: Arctovish|Substitute
|-damage|p2a: Arctovish|5/100
|
|-weather|Hail|[upkeep]
|-damage|p1a: Weezing|3/100 brn|[from] Hail
|-heal|p2a: Arctovish|11/100|[from] item: Leftovers
|-heal|p1a: Weezing|9/100 brn|[from] item: Black Sludge
|-damage|p1a: Weezing|3/100 brn|[from] brn
|upkeep
|turn|43
|
|t:|1630567484
|move|p2a: Arctovish|Fishious Rend|p1a: Weezing
|-crit|p1a: Weezing
|-damage|p1a: Weezing|0 fnt
|faint|p1a: Weezing
|-end|p1a: Weezing|ability: Neutralizing Gas
|
|-weather|Hail|[upkeep]
|-heal|p2a: Arctovish|17/100|[from] item: Leftovers
|upkeep
|
|t:|1630567486
|switch|p1a: Gigalith|Gigalith, M|94/100 brn
|-weather|Sandstorm|[from] ability: Sand Stream|[of] p1a: Gigalith
|turn|44
|
|t:|1630567493
|move|p2a: Arctovish|Hail|p2a: Arctovish
|-weather|Hail
|move|p1a: Gigalith|Rock Blast|p2a: Arctovish
|-supereffective|p2a: Arctovish
|-activate|p2a: Arctovish|move: Substitute|[damage]
|-supereffective|p2a: Arctovish
|-activate|p2a: Arctovish|move: Substitute|[damage]
|-supereffective|p2a: Arctovish
|-end|p2a: Arctovish|Substitute
|-hitcount|p2a: Arctovish|3
|
|-weather|Hail|[upkeep]
|-damage|p1a: Gigalith|88/100 brn|[from] Hail
|-heal|p2a: Arctovish|24/100|[from] item: Leftovers
|-heal|p1a: Gigalith|94/100 brn|[from] item: Leftovers
|-damage|p1a: Gigalith|88/100 brn|[from] brn
|upkeep
|turn|45
|
|t:|1630567512
|switch|p1a: Poliwrath|Poliwrath, F|63/100
|move|p2a: Arctovish|Icicle Crash|p1a: Poliwrath
|-resisted|p1a: Poliwrath
|-damage|p1a: Poliwrath|44/100
|
|-weather|Hail|[upkeep]
|-damage|p1a: Poliwrath|38/100|[from] Hail
|-heal|p2a: Arctovish|30/100|[from] item: Leftovers
|upkeep
|turn|46
|l| Windwalker475
|j| JahBoobeh‽
|
|t:|1630567523
|switch|p2a: Palossand|Palossand, F|100/100
|move|p1a: Poliwrath|Close Combat|p2a: Palossand
|-immune|p2a: Palossand
|
|-weather|Hail|[upkeep]
|-damage|p1a: Poliwrath|32/100|[from] Hail
|-damage|p2a: Palossand|94/100|[from] Hail
|upkeep
|turn|47
|c| JahBoobeh‽|Yu-Gi-Oh: Master Duel - Trading Card Battles
|
|t:|1630567526
|switch|p1a: Eldegoss|Eldegoss, F|75/100
|move|p2a: Palossand|Stealth Rock|p1a: Eldegoss
|-sidestart|p1: sugar ovens|move: Stealth Rock
|
|-weather|Hail|[upkeep]
|-damage|p1a: Eldegoss|69/100|[from] Hail
|-damage|p2a: Palossand|88/100|[from] Hail
|upkeep
|turn|48
|
|t:|1630567531
|switch|p2a: Weezing|Weezing, M|28/100 brn
|-ability|p2a: Weezing|Neutralizing Gas
|move|p1a: Eldegoss|Leaf Storm|p2a: Weezing
|-resisted|p2a: Weezing
|-crit|p2a: Weezing
|-damage|p2a: Weezing|0 fnt
|-unboost|p1a: Eldegoss|spa|2
|faint|p2a: Weezing
|-end|p2a: Weezing|ability: Neutralizing Gas
|
|-weather|none
|upkeep
|c| JahBoobeh‽|**Yu-Gi-Oh: Master Duel - Trading Card Battles**
|
|t:|1630567534
|switch|p2a: Arctovish|Arctovish|30/100
|turn|49
|
|t:|1630567537
|move|p2a: Arctovish|Icicle Crash|p1a: Eldegoss
|-supereffective|p1a: Eldegoss
|-damage|p1a: Eldegoss|0 fnt
|faint|p1a: Eldegoss
|
|-heal|p2a: Arctovish|36/100|[from] item: Leftovers
|upkeep
|c| bodki✿くコ彡|isn't out yet
|
|t:|1630567549
|switch|p1a: Charizard|Charizard, F|94/100
|turn|50
|c| bodki✿くコ彡|well the beta is for some people
|
|t:|1630567551
|move|p1a: Charizard|Flamethrower|p2a: Arctovish
|-damage|p2a: Arctovish|0 fnt
|faint|p2a: Arctovish
|
|upkeep
|c|☆Togkey|gg
|
|t:|1630567555
|switch|p2a: Palossand|Palossand, F|88/100
|turn|51
|c| JahBoobeh‽|This must be the team everyone talks baot
|c|☆sugar ovens|gg
|c| bodki✿くコ彡|but not in the uk ;-;
|
|t:|1630567560
|move|p1a: Charizard|Flamethrower|p2a: Palossand
|-damage|p2a: Palossand|43/100
|move|p2a: Palossand|Shadow Ball|p1a: Charizard
|-damage|p1a: Charizard|56/100
|
|upkeep
|turn|52
|c| TheGreat (OP)|Op
|c|☆Togkey|unfortunate MU for me
|c|☆Togkey|cool poliwrath
|c| bodki✿くコ彡|I want master duels out for ps4 already ;-;
|
|t:|1630567573
|move|p1a: Charizard|Flamethrower|p2a: Palossand
|-damage|p2a: Palossand|0 fnt
|faint|p2a: Palossand
|
|win|sugar ovens
|n|☆sugar ovens|sugarovens
|n|☆Togkey|togkey
|n|*Lady Monita|ladymonita
|n| DreadfulsReign|dreadfulsreign
|n| Gryphono|gryphono
|n| Arjun_OP|arjunop
|n| PurpleBean REQUIEM|purplebeanrequiem
|n| TheGreat (OP)|thegreatop
|n| skierdude101|skierdude101
|n| Frassloss|frassloss
|n| bodki✿くコ彡|bodki
|n| Arlo's Thighs|arlosthighs
|n| xxmubasherxx|xxmubasherxx
|n| Sandygamer.yt|sandygameryt
|n| shankingsnom|shankingsnom
|n| MenosPetit|menospetit
|n| Emad7|emad7
|n| Nyor345|nyor345
|n| Majushi|majushi
|n| JahBoobeh‽|jahboobeh
