|j|☆JonJonMaia
|j|☆one of the bouys
|t:|1637370197
|gametype|singles
|player|p1|JonJonMaia|ethan|1408
|player|p2|one of the bouys|clown|1606
|teamsize|p1|6
|teamsize|p2|6
|gen|8
|tier|[Gen 8] PU
|rated|
|rule|Sleep Clause Mod: Limit one foe put to sleep
|rule|Species Clause: Limit one of each Pokémon
|rule|OHKO Clause: OHKO moves are banned
|rule|Evasion Moves Clause: Evasion moves are banned
|rule|Endless Battle Clause: Forcing endless battles is banned
|rule|HP Percentage Mod: HP is shown in percentages
|rule|Dynamax Clause: You cannot dynamax
|clearpoke
|poke|p1|Swoobat, M|
|poke|p1|Audino, F|
|poke|p1|Lycanroc, M|
|poke|p1|Weezing, M|
|poke|p1|Accelgor, M|
|poke|p1|Tsareena, F|
|poke|p2|Gourgeist-*, F|
|poke|p2|Flapple, F|
|poke|p2|Lunatone|
|poke|p2|Stunfisk-Galar, M|
|poke|p2|Silvally-*|
|poke|p2|Cramorant, M|
|teampreview
|inactive|Battle timer is ON: inactive players will automatically lose when time's up. (requested by JonJonMaia)
|
|t:|1637370234
|start
|switch|p1a: Lycanroc|Lycanroc, M|100/100
|switch|p2a: Gourgeist|Gourgeist-Super, F|100/100
|-item|p1a: Lycanroc|Focus Sash|[from] ability: Frisk|[of] p2a: Gourgeist|[identify]
|turn|1
|
|t:|1637370249
|switch|p1a: Weezing|Weezing, M|100/100
|-ability|p1a: Weezing|Neutralizing Gas
|move|p2a: Gourgeist|Power Whip|p1a: Weezing
|-resisted|p1a: Weezing
|-damage|p1a: Weezing|83/100
|-damage|p2a: Gourgeist|84/100|[from] item: Rocky Helmet|[of] p1a: Weezing
|
|upkeep
|turn|2
|
|t:|1637370260
|switch|p2a: Lunatone|Lunatone|100/100
|move|p1a: Weezing|Flamethrower|p2a: Lunatone
|-resisted|p2a: Lunatone
|-damage|p2a: Lunatone|90/100
|
|upkeep
|turn|3
|
|t:|1637370268
|-end|p1a: Weezing|ability: Neutralizing Gas
|switch|p1a: Audino|Audino, F|100/100
|move|p2a: Lunatone|Future Sight|p1a: Audino
|-start|p2a: Lunatone|move: Future Sight
|
|upkeep
|turn|4
|
|t:|1637370275
|switch|p2a: Silvally|Silvally-Fairy|100/100
|move|p1a: Audino|Wish|p1a: Audino
|
|upkeep
|turn|5
|
|t:|1637370283
|move|p1a: Audino|Encore||[still]
|-fail|p1a: Audino
|move|p2a: Silvally|Roar|p1a: Audino
|drag|p1a: Tsareena|Tsareena, F|100/100
|
|-end|p1a: Tsareena|move: Future Sight
|-damage|p1a: Tsareena|48/100
|-heal|p1a: Tsareena|100/100|[from] move: Wish|[wisher] Audino
|upkeep
|turn|6
|
|t:|1637370294
|move|p2a: Silvally|Multi-Attack|p1a: Tsareena
|-damage|p1a: Tsareena|57/100
|move|p1a: Tsareena|U-turn|p2a: Silvally
|-resisted|p2a: Silvally
|-damage|p2a: Silvally|90/100
|
|t:|1637370302
|switch|p1a: Weezing|Weezing, M|83/100|[from]move: U-turn
|-ability|p1a: Weezing|Neutralizing Gas
|
|upkeep
|turn|7
|
|t:|1637370307
|switch|p2a: Lunatone|Lunatone|90/100
|move|p1a: Weezing|Toxic Spikes|p2a: Lunatone
|-sidestart|p2: one of the bouys|move: Toxic Spikes
|
|upkeep
|turn|8
|
|t:|1637370310
|-end|p1a: Weezing|ability: Neutralizing Gas
|switch|p1a: Audino|Audino, F|100/100
|move|p2a: Lunatone|Nasty Plot|p2a: Lunatone
|-boost|p2a: Lunatone|spa|2
|
|upkeep
|turn|9
|
|t:|1637370320
|move|p2a: Lunatone|Power Gem|p1a: Audino
|-damage|p1a: Audino|39/100
|move|p1a: Audino|Knock Off|p2a: Lunatone
|-supereffective|p2a: Lunatone
|-damage|p2a: Lunatone|41/100
|-enditem|p2a: Lunatone|Rock Incense|[from] move: Knock Off|[of] p1a: Audino
|
|upkeep
|turn|10
|
|t:|1637370329
|switch|p1a: Lycanroc|Lycanroc, M|100/100
|move|p2a: Lunatone|Power Gem|p1a: Lycanroc
|-enditem|p1a: Lycanroc|Focus Sash
|-damage|p1a: Lycanroc|1/100
|
|upkeep
|turn|11
|
|t:|1637370340
|switch|p2a: Stunfisk|Stunfisk-Galar, M|100/100
|move|p1a: Lycanroc|Stealth Rock|p2a: Stunfisk
|-sidestart|p2: one of the bouys|move: Stealth Rock
|
|upkeep
|turn|12
|
|t:|1637370349
|switch|p2a: Gourgeist|Gourgeist-Super, F|84/100
|-status|p2a: Gourgeist|psn
|-damage|p2a: Gourgeist|72/100 psn|[from] Stealth Rock
|move|p1a: Lycanroc|Endeavor|p2a: Gourgeist
|-immune|p2a: Gourgeist
|
|-damage|p2a: Gourgeist|59/100 psn|[from] psn
|upkeep
|turn|13
|
|t:|1637370359
|switch|p1a: Weezing|Weezing, M|83/100
|-ability|p1a: Weezing|Neutralizing Gas
|move|p2a: Gourgeist|Shadow Sneak|p1a: Weezing
|-damage|p1a: Weezing|69/100
|-damage|p2a: Gourgeist|43/100 psn|[from] item: Rocky Helmet|[of] p1a: Weezing
|
|-damage|p2a: Gourgeist|30/100 psn|[from] psn
|upkeep
|turn|14
|
|t:|1637370377
|-end|p1a: Weezing|ability: Neutralizing Gas
|-item|p1a: Weezing|Rocky Helmet|[from] ability: Frisk|[of] p2a: Gourgeist|[identify]
|switch|p1a: Audino|Audino, F|72/100
|move|p2a: Gourgeist|Synthesis|p2a: Gourgeist
|-heal|p2a: Gourgeist|80/100 psn
|
|-damage|p2a: Gourgeist|68/100 psn|[from] psn
|upkeep
|turn|15
|
|t:|1637370387
|switch|p2a: Cramorant|Cramorant, M|100/100
|switch|p1a: Weezing|Weezing, M|69/100
|-ability|p1a: Weezing|Neutralizing Gas
|
|upkeep
|turn|16
|
|t:|1637370415
|-end|p1a: Weezing|ability: Neutralizing Gas
|switch|p1a: Audino|Audino, F|100/100
|move|p2a: Cramorant|Defog|p1a: Audino
|-unboost|p1a: Audino|evasion|1
|-sideend|p2: one of the bouys|Toxic Spikes|[from] move: Defog|[of] p2a: Cramorant
|-sideend|p2: one of the bouys|Stealth Rock|[from] move: Defog|[of] p2a: Cramorant
|
|upkeep
|turn|17
|
|t:|1637370438
|move|p2a: Cramorant|Surf|p1a: Audino
|-formechange|p2a: Cramorant|Cramorant-Gulping|
|-damage|p1a: Audino|78/100
|move|p1a: Audino|Knock Off|p2a: Cramorant
|-damage|p2a: Cramorant|70/100
|-damage|p1a: Audino|53/100|[from] ability: Gulp Missile|[of] p2a: Cramorant
|-unboost|p1a: Audino|def|1
|-formechange|p2a: Cramorant|Cramorant|
|-enditem|p2a: Cramorant|Heavy-Duty Boots|[from] move: Knock Off|[of] p1a: Audino
|
|upkeep
|turn|18
|
|t:|1637370456
|move|p2a: Cramorant|Surf|p1a: Audino
|-formechange|p2a: Cramorant|Cramorant-Gulping|
|-damage|p1a: Audino|31/100
|move|p1a: Audino|Wish|p1a: Audino
|
|upkeep
|turn|19
|
|t:|1637370462
|move|p1a: Audino|Protect|p1a: Audino
|-singleturn|p1a: Audino|Protect
|move|p2a: Cramorant|Hurricane|p1a: Audino
|-activate|p1a: Audino|move: Protect
|
|-heal|p1a: Audino|81/100|[from] move: Wish|[wisher] Audino
|upkeep
|turn|20
|
|t:|1637370472
|move|p2a: Cramorant|Hurricane|p1a: Audino
|-damage|p1a: Audino|52/100
|move|p1a: Audino|Wish|p1a: Audino
|
|upkeep
|turn|21
|
|t:|1637370479
|move|p2a: Cramorant|Hurricane|p1a: Audino
|-damage|p1a: Audino|24/100
|-start|p1a: Audino|confusion
|-activate|p1a: Audino|confusion
|move|p1a: Audino|Encore|p2a: Cramorant
|-start|p2a: Cramorant|Encore
|
|-heal|p1a: Audino|74/100|[from] move: Wish|[wisher] Audino
|upkeep
|turn|22
|
|t:|1637370492
|move|p2a: Cramorant|Hurricane|p1a: Audino
|-damage|p1a: Audino|45/100
|-activate|p1a: Audino|confusion
|move|p1a: Audino|Wish|p1a: Audino
|
|upkeep
|turn|23
|
|t:|1637370500
|-activate|p1a: Audino|confusion
|move|p1a: Audino|Protect|p1a: Audino
|-singleturn|p1a: Audino|Protect
|move|p2a: Cramorant|Hurricane|p1a: Audino
|-activate|p1a: Audino|move: Protect
|
|-heal|p1a: Audino|95/100|[from] move: Wish|[wisher] Audino
|upkeep
|turn|24
|
|t:|1637370508
|move|p2a: Cramorant|Hurricane|p1a: Audino
|-damage|p1a: Audino|66/100
|-activate|p1a: Audino|confusion
|-damage|p1a: Audino|57/100|[from] confusion
|
|-end|p2a: Cramorant|Encore
|upkeep
|turn|25
|
|t:|1637370519
|move|p2a: Cramorant|Hurricane|p1a: Audino
|-damage|p1a: Audino|29/100
|-end|p1a: Audino|confusion
|move|p1a: Audino|Wish|p1a: Audino
|
|upkeep
|turn|26
|
|t:|1637370530
|move|p1a: Audino|Protect|p1a: Audino
|-singleturn|p1a: Audino|Protect
|move|p2a: Cramorant|Roost|p2a: Cramorant
|-heal|p2a: Cramorant|100/100
|-singleturn|p2a: Cramorant|move: Roost
|
|-heal|p1a: Audino|79/100|[from] move: Wish|[wisher] Audino
|upkeep
|turn|27
|
|t:|1637370543
|move|p2a: Cramorant|Hurricane|p1a: Audino|[miss]
|-miss|p2a: Cramorant|p1a: Audino
|move|p1a: Audino|Wish|p1a: Audino
|
|upkeep
|turn|28
|inactive|JonJonMaia has 120 seconds left.
|
|t:|1637370594
|move|p2a: Cramorant|Surf|p1a: Audino
|-damage|p1a: Audino|56/100
|move|p1a: Audino|Encore|p2a: Cramorant
|-start|p2a: Cramorant|Encore
|
|-heal|p1a: Audino|100/100|[from] move: Wish|[wisher] Audino
|upkeep
|turn|29
|inactive|one of the bouys has 120 seconds left.
|
|t:|1637370626
|switch|p2a: Flapple|Flapple, F|100/100
|switch|p1a: Tsareena|Tsareena, F|57/100
|
|upkeep
|turn|30
|inactive|one of the bouys has 120 seconds left.
|
|t:|1637370651
|switch|p1a: Weezing|Weezing, M|69/100
|-ability|p1a: Weezing|Neutralizing Gas
|move|p2a: Flapple|Draco Meteor|p1a: Weezing
|-damage|p1a: Weezing|0 fnt
|-unboost|p2a: Flapple|spa|2
|faint|p1a: Weezing
|-end|p1a: Weezing|ability: Neutralizing Gas
|-damage|p2a: Flapple|91/100|[from] item: Life Orb
|
|upkeep
|inactive|JonJonMaia has 90 seconds left.
|
|t:|1637370674
|switch|p1a: Accelgor|Accelgor, M|100/100
|turn|31
|inactive|JonJonMaia has 90 seconds left.
|
|t:|1637370681
|switch|p2a: Cramorant|Cramorant, M|100/100
|move|p1a: Accelgor|Bug Buzz|p2a: Cramorant
|-resisted|p2a: Cramorant
|-damage|p2a: Cramorant|78/100
|-enditem|p1a: Accelgor|Throat Spray
|-boost|p1a: Accelgor|spa|1|[from] item: Throat Spray
|
|upkeep
|turn|32
|inactive|JonJonMaia has 90 seconds left.
|
|t:|1637370692
|move|p1a: Accelgor|Acid Spray|p2a: Cramorant
|-crit|p2a: Cramorant
|-damage|p2a: Cramorant|47/100
|-unboost|p2a: Cramorant|spd|2
|move|p2a: Cramorant|Hurricane|p1a: Accelgor
|-supereffective|p1a: Accelgor
|-crit|p1a: Accelgor
|-damage|p1a: Accelgor|0 fnt
|faint|p1a: Accelgor
|
|upkeep
|inactive|JonJonMaia has 90 seconds left.
|
|t:|1637370699
|switch|p1a: Swoobat|Swoobat, M|100/100
|turn|33
|
|t:|1637370706
|switch|p2a: Silvally|Silvally-Fairy|90/100
|move|p1a: Swoobat|Calm Mind|p1a: Swoobat
|-boost|p1a: Swoobat|spa|2
|-boost|p1a: Swoobat|spd|2
|
|upkeep
|turn|34
|
|t:|1637370712
|move|p1a: Swoobat|Reflect|p1a: Swoobat
|-sidestart|p1: JonJonMaia|Reflect
|move|p2a: Silvally|Roar|p1a: Swoobat
|drag|p1a: Tsareena|Tsareena, F|57/100
|
|upkeep
|turn|35
|
|t:|1637370724
|move|p2a: Silvally|Multi-Attack|p1a: Tsareena
|-damage|p1a: Tsareena|34/100
|move|p1a: Tsareena|Power Whip|p2a: Silvally
|-damage|p2a: Silvally|42/100
|
|upkeep
|turn|36
|
|t:|1637370731
|move|p2a: Silvally|Rest|p2a: Silvally
|-status|p2a: Silvally|slp|[from] move: Rest
|-heal|p2a: Silvally|100/100 slp|[silent]
|move|p1a: Tsareena|U-turn|p2a: Silvally
|-resisted|p2a: Silvally
|-damage|p2a: Silvally|90/100 slp
|
|t:|1637370736
|switch|p1a: Swoobat|Swoobat, M|100/100|[from]move: U-turn
|
|upkeep
|turn|37
|inactive|one of the bouys has 120 seconds left.
|
|t:|1637370767
|switch|p2a: Stunfisk|Stunfisk-Galar, M|100/100
|move|p1a: Swoobat|Calm Mind|p1a: Swoobat
|-boost|p1a: Swoobat|spa|2
|-boost|p1a: Swoobat|spd|2
|
|upkeep
|turn|38
|
|t:|1637370777
|move|p1a: Swoobat|Calm Mind|p1a: Swoobat
|-boost|p1a: Swoobat|spa|2
|-boost|p1a: Swoobat|spd|2
|move|p2a: Stunfisk|Stone Edge|p1a: Swoobat
|-supereffective|p1a: Swoobat
|-damage|p1a: Swoobat|68/100
|-enditem|p1a: Swoobat|Kee Berry|[eat]
|-boost|p1a: Swoobat|def|2|[from] item: Kee Berry
|
|-sideend|p1: JonJonMaia|Reflect
|upkeep
|turn|39
|
|t:|1637370793
|move|p1a: Swoobat|Stored Power|p2a: Stunfisk
|-resisted|p2a: Stunfisk
|-damage|p2a: Stunfisk|17/100
|move|p2a: Stunfisk|Stone Edge|p1a: Swoobat
|-supereffective|p1a: Swoobat
|-damage|p1a: Swoobat|30/100
|
|-heal|p2a: Stunfisk|23/100|[from] item: Leftovers
|upkeep
|turn|40
|
|t:|1637370799
|move|p1a: Swoobat|Stored Power|p2a: Stunfisk
|-resisted|p2a: Stunfisk
|-crit|p2a: Stunfisk
|-damage|p2a: Stunfisk|0 fnt
|faint|p2a: Stunfisk
|
|upkeep
|
|t:|1637370814
|switch|p2a: Gourgeist|Gourgeist-Super, F|68/100 psn
|turn|41
|inactive|JonJonMaia has 120 seconds left.
|
|t:|1637370854
|switch|p1a: Audino|Audino, F|100/100
|move|p2a: Gourgeist|Shadow Sneak|p1a: Audino
|-immune|p1a: Audino
|
|-damage|p2a: Gourgeist|55/100 psn|[from] psn
|upkeep
|turn|42
|inactive|JonJonMaia has 120 seconds left.
|
|t:|1637370868
|switch|p2a: Flapple|Flapple, F|91/100
|move|p1a: Audino|Wish|p1a: Audino
|
|upkeep
|turn|43
|
|t:|1637370872
|move|p2a: Flapple|Grav Apple|p1a: Audino
|-damage|p1a: Audino|28/100
|-unboost|p1a: Audino|def|1
|-damage|p2a: Flapple|81/100|[from] item: Life Orb
|move|p1a: Audino|Knock Off|p2a: Flapple
|-damage|p2a: Flapple|58/100
|-enditem|p2a: Flapple|Life Orb|[from] move: Knock Off|[of] p1a: Audino
|
|-heal|p1a: Audino|78/100|[from] move: Wish|[wisher] Audino
|upkeep
|turn|44
|
|t:|1637370887
|switch|p1a: Swoobat|Swoobat, M|30/100
|move|p2a: Flapple|Grav Apple|p1a: Swoobat
|-resisted|p1a: Swoobat
|-damage|p1a: Swoobat|0 fnt
|faint|p1a: Swoobat
|
|upkeep
|inactive|JonJonMaia has 120 seconds left.
|
|t:|1637370910
|switch|p1a: Tsareena|Tsareena, F|34/100
|turn|45
|
|t:|1637370919
|switch|p1a: Audino|Audino, F|100/100
|move|p2a: Flapple|Draco Meteor|p1a: Audino
|-damage|p1a: Audino|68/100
|-unboost|p2a: Flapple|spa|2
|
|upkeep
|turn|46
|inactive|JonJonMaia has 120 seconds left.
|
|t:|1637370931
|move|p2a: Flapple|Grav Apple|p1a: Audino
|-damage|p1a: Audino|7/100
|-unboost|p1a: Audino|def|1
|move|p1a: Audino|Wish|p1a: Audino
|
|upkeep
|turn|47
|
|t:|1637370940
|switch|p1a: Tsareena|Tsareena, F|34/100
|move|p2a: Flapple|Outrage|p1a: Tsareena
|-damage|p1a: Tsareena|0 fnt
|faint|p1a: Tsareena
|
|upkeep
|
|t:|1637370945
|switch|p1a: Lycanroc|Lycanroc, M|1/100
|turn|48
|
|t:|1637370948
|move|p1a: Lycanroc|Accelerock|p2a: Flapple
|-damage|p2a: Flapple|29/100
|move|p2a: Flapple|Outrage|p1a: Lycanroc|[from]lockedmove
|-damage|p1a: Lycanroc|0 fnt
|faint|p1a: Lycanroc
|-start|p2a: Flapple|confusion|[fatigue]
|
|upkeep
|-message|JonJonMaia forfeited.
|
|win|one of the bouys
|raw|JonJonMaia's rating: 1408 &rarr; <strong>1398</strong><br />(-10 for losing)
|raw|one of the bouys's rating: 1606 &rarr; <strong>1616</strong><br />(+10 for winning)
|l|☆JonJonMaia
