|j|☆Vishoclock
|j|☆EduuBolado
|t:|1647863082
|gametype|singles
|player|p1|Vishoclock|cyrus|1230
|player|p2|EduuBolado|youngcouple-gen4dp|1159
|teamsize|p1|6
|teamsize|p2|6
|gen|8
|tier|[Gen 8] PU
|rated|
|rule|Sleep Clause Mod: Limit one foe put to sleep
|rule|Species Clause: Limit one of each Pokémon
|rule|OHKO Clause: OHKO moves are banned
|rule|Evasion Moves Clause: Evasion moves are banned
|rule|Endless Battle Clause: Forcing endless battles is banned
|rule|HP Percentage Mod: HP is shown in percentages
|rule|Dynamax Clause: You cannot dynamax
|clearpoke
|poke|p1|Arctovish|
|poke|p1|Togedemaru, M|
|poke|p1|Weezing, F|
|poke|p1|Eldegoss, F|
|poke|p1|Uxie|
|poke|p1|Scrafty, M|
|poke|p2|Scyther, M|
|poke|p2|Slowpoke, F|
|poke|p2|Hitmonlee, M|
|poke|p2|Jolteon, M|
|poke|p2|Charizard, M|
|poke|p2|Marowak, F|
|teampreview
|
|t:|1647863093
|start
|switch|p1a: Uxie|Uxie|100/100
|switch|p2a: Marowak|Marowak, F|100/100
|turn|1
|inactive|Battle timer is ON: inactive players will automatically lose when time's up. (requested by EduuBolado)
|
|t:|1647863099
|move|p1a: Uxie|Knock Off|p2a: Marowak
|-damage|p2a: Marowak|83/100
|-enditem|p2a: Marowak|Thick Club|[from] move: Knock Off|[of] p1a: Uxie
|move|p2a: Marowak|Knock Off|p1a: Uxie
|-supereffective|p1a: Uxie
|-enditem|p1a: Uxie|Colbur Berry|[eat]
|-enditem|p1a: Uxie|Colbur Berry|[weaken]
|-damage|p1a: Uxie|86/100
|
|upkeep
|turn|2
|
|t:|1647863108
|move|p1a: Uxie|Stealth Rock|p2a: Marowak
|-sidestart|p2: EduuBolado|move: Stealth Rock
|move|p2a: Marowak|Stealth Rock|p1a: Uxie
|-sidestart|p1: Vishoclock|move: Stealth Rock
|
|upkeep
|turn|3
|
|t:|1647863118
|switch|p2a: Slowpoke|Slowpoke, F|100/100
|-damage|p2a: Slowpoke|88/100|[from] Stealth Rock
|move|p1a: Uxie|U-turn|p2a: Slowpoke
|-supereffective|p2a: Slowpoke
|-damage|p2a: Slowpoke|73/100
|
|t:|1647863125
|switch|p1a: Scrafty|Scrafty, M|100/100|[from]move: U-turn
|-damage|p1a: Scrafty|95/100|[from] Stealth Rock
|
|-heal|p1a: Scrafty|100/100|[from] item: Leftovers
|upkeep
|turn|4
|
|t:|1647863134
|move|p1a: Scrafty|Knock Off|p2a: Slowpoke
|-supereffective|p2a: Slowpoke
|-damage|p2a: Slowpoke|22/100
|-enditem|p2a: Slowpoke|Eviolite|[from] move: Knock Off|[of] p1a: Scrafty
|move|p2a: Slowpoke|Yawn|p1a: Scrafty
|-start|p1a: Scrafty|move: Yawn|[of] p2a: Slowpoke
|
|upkeep
|turn|5
|
|t:|1647863149
|switch|p2a: Scyther|Scyther, M, shiny|100/100
|move|p1a: Scrafty|Knock Off|p2a: Scyther
|-damage|p2a: Scyther|33/100
|-enditem|p2a: Scyther|Heavy-Duty Boots|[from] move: Knock Off|[of] p1a: Scrafty
|
|-end|p1a: Scrafty|move: Yawn|[silent]
|-status|p1a: Scrafty|slp
|upkeep
|turn|6
|
|t:|1647863159
|switch|p1a: Weezing|Weezing, F|100/100
|-ability|p1a: Weezing|Neutralizing Gas
|-damage|p1a: Weezing|88/100|[from] Stealth Rock
|move|p2a: Scyther|U-turn|p1a: Weezing
|-resisted|p1a: Weezing
|-damage|p1a: Weezing|77/100
|
|t:|1647863168
|switch|p2a: Charizard|Charizard, M, shiny|100/100|[from]move: U-turn
|
|-heal|p1a: Weezing|83/100|[from] item: Black Sludge
|upkeep
|turn|7
|
|t:|1647863176
|move|p2a: Charizard|Air Slash|p1a: Weezing
|-crit|p1a: Weezing
|-damage|p1a: Weezing|12/100
|move|p1a: Weezing|Sludge Bomb|p2a: Charizard
|-damage|p2a: Charizard|63/100
|
|-heal|p1a: Weezing|18/100|[from] item: Black Sludge
|upkeep
|turn|8
|
|t:|1647863185
|move|p2a: Charizard|Flamethrower|p1a: Weezing
|-damage|p1a: Weezing|0 fnt
|faint|p1a: Weezing
|-end|p1a: Weezing|ability: Neutralizing Gas
|
|upkeep
|
|t:|1647863187
|switch|p1a: Arctovish|Arctovish|100/100
|-damage|p1a: Arctovish|76/100|[from] Stealth Rock
|turn|9
|
|t:|1647863196
|switch|p2a: Slowpoke|Slowpoke, F|55/100
|-damage|p2a: Slowpoke|43/100|[from] Stealth Rock
|move|p1a: Arctovish|Fishious Rend|p2a: Slowpoke
|-resisted|p2a: Slowpoke
|-damage|p2a: Slowpoke|0 fnt
|faint|p2a: Slowpoke
|
|upkeep
|
|t:|1647863205
|switch|p2a: Jolteon|Jolteon, M|100/100
|turn|10
|
|t:|1647863208
|switch|p1a: Togedemaru|Togedemaru, M|100/100
|-damage|p1a: Togedemaru|95/100|[from] Stealth Rock
|move|p2a: Jolteon|Volt Switch|p1a: Togedemaru
|-ability|p1a: Togedemaru|Lightning Rod|boost
|-boost|p1a: Togedemaru|spa|1
|
|upkeep
|turn|11
|
|t:|1647863219
|switch|p2a: Marowak|Marowak, F|83/100
|-damage|p2a: Marowak|77/100|[from] Stealth Rock
|move|p1a: Togedemaru|U-turn|p2a: Marowak
|-damage|p2a: Marowak|62/100
|
|t:|1647863221
|switch|p1a: Eldegoss|Eldegoss, F|100/100|[from]move: U-turn
|
|upkeep
|turn|12
|
|t:|1647863229
|move|p1a: Eldegoss|Rapid Spin|p2a: Marowak
|-damage|p2a: Marowak|56/100
|-boost|p1a: Eldegoss|spe|1
|-sideend|p1: Vishoclock|Stealth Rock|[from] move: Rapid Spin|[of] p1a: Eldegoss
|move|p2a: Marowak|Fire Punch|p1a: Eldegoss
|-supereffective|p1a: Eldegoss
|-damage|p1a: Eldegoss|68/100
|-status|p1a: Eldegoss|brn
|
|-damage|p1a: Eldegoss|62/100 brn|[from] brn
|upkeep
|turn|13
|
|t:|1647863240
|move|p1a: Eldegoss|Leech Seed|p2a: Marowak
|-start|p2a: Marowak|move: Leech Seed
|move|p2a: Marowak|Knock Off|p1a: Eldegoss
|-damage|p1a: Eldegoss|42/100 brn
|-enditem|p1a: Eldegoss|Heavy-Duty Boots|[from] move: Knock Off|[of] p2a: Marowak
|
|-damage|p2a: Marowak|43/100|[from] Leech Seed|[of] p1a: Eldegoss
|-heal|p1a: Eldegoss|54/100 brn|[silent]
|-damage|p1a: Eldegoss|48/100 brn|[from] brn
|upkeep
|turn|14
|
|t:|1647863250
|switch|p2a: Charizard|Charizard, M, shiny|63/100
|move|p1a: Eldegoss|Giga Drain|p2a: Charizard
|-resisted|p2a: Charizard
|-damage|p2a: Charizard|56/100
|-heal|p1a: Eldegoss|51/100 brn|[from] drain|[of] p2a: Charizard
|
|-damage|p1a: Eldegoss|45/100 brn|[from] brn
|upkeep
|turn|15
|
|t:|1647863260
|switch|p1a: Uxie|Uxie|86/100
|move|p2a: Charizard|Flamethrower|p1a: Uxie
|-damage|p1a: Uxie|55/100
|
|upkeep
|turn|16
|
|t:|1647863270
|switch|p2a: Marowak|Marowak, F|43/100
|-damage|p2a: Marowak|37/100|[from] Stealth Rock
|move|p1a: Uxie|U-turn|p2a: Marowak
|-damage|p2a: Marowak|24/100
|
|t:|1647863272
|switch|p1a: Arctovish|Arctovish|76/100|[from]move: U-turn
|
|upkeep
|turn|17
|
|t:|1647863281
|move|p1a: Arctovish|Fishious Rend|p2a: Marowak
|-supereffective|p2a: Marowak
|-damage|p2a: Marowak|0 fnt
|faint|p2a: Marowak
|
|upkeep
|
|t:|1647863286
|switch|p2a: Jolteon|Jolteon, M|100/100
|turn|18
|
|t:|1647863290
|switch|p1a: Togedemaru|Togedemaru, M|95/100
|move|p2a: Jolteon|Toxic|p1a: Togedemaru
|-immune|p1a: Togedemaru
|
|upkeep
|turn|19
|
|t:|1647863293
|move|p2a: Jolteon|Shadow Ball|p1a: Togedemaru
|-damage|p1a: Togedemaru|72/100
|move|p1a: Togedemaru|U-turn|p2a: Jolteon
|-damage|p2a: Jolteon|72/100
|
|t:|1647863298
|switch|p1a: Eldegoss|Eldegoss, F|78/100 brn|[from]move: U-turn
|
|-damage|p1a: Eldegoss|72/100 brn|[from] brn
|upkeep
|turn|20
|
|t:|1647863305
|switch|p1a: Togedemaru|Togedemaru, M|72/100
|move|p2a: Jolteon|Volt Switch|p1a: Togedemaru
|-ability|p1a: Togedemaru|Lightning Rod|boost
|-boost|p1a: Togedemaru|spa|1
|
|upkeep
|turn|21
|
|t:|1647863315
|switch|p2a: Hitmonlee|Hitmonlee, M|100/100
|-damage|p2a: Hitmonlee|94/100|[from] Stealth Rock
|move|p1a: Togedemaru|Wish|p1a: Togedemaru
|
|upkeep
|turn|22
|
|t:|1647863323
|switch|p1a: Uxie|Uxie|55/100
|move|p2a: Hitmonlee|Rapid Spin|p1a: Uxie
|-damage|p1a: Uxie|43/100
|-boost|p2a: Hitmonlee|spe|1
|-sideend|p2: EduuBolado|Stealth Rock|[from] move: Rapid Spin|[of] p2a: Hitmonlee
|
|-heal|p1a: Uxie|91/100|[from] move: Wish|[wisher] Togedemaru
|upkeep
|turn|23
|
|t:|1647863335
|move|p2a: Hitmonlee|Knock Off|p1a: Uxie
|-supereffective|p1a: Uxie
|-damage|p1a: Uxie|65/100
|move|p1a: Uxie|Stealth Rock|p2a: Hitmonlee
|-sidestart|p2: EduuBolado|move: Stealth Rock
|
|upkeep
|turn|24
|
|t:|1647863344
|switch|p2a: Scyther|Scyther, M, shiny|33/100
|-damage|p2a: Scyther|0 fnt|[from] Stealth Rock
|faint|p2a: Scyther
|move|p1a: Uxie|Dazzling Gleam|p2: Scyther|[notarget]
|-fail|p1a: Uxie
|
|upkeep
|
|t:|1647863352
|switch|p2a: Charizard|Charizard, M, shiny|56/100
|turn|25
|
|t:|1647863355
|move|p2a: Charizard|Air Slash|p1a: Uxie
|-damage|p1a: Uxie|39/100
|move|p1a: Uxie|Knock Off|p2a: Charizard
|-damage|p2a: Charizard|29/100
|-enditem|p2a: Charizard|Heavy-Duty Boots|[from] move: Knock Off|[of] p1a: Uxie
|
|upkeep
|turn|26
|
|t:|1647863362
|move|p2a: Charizard|Air Slash|p1a: Uxie
|-damage|p1a: Uxie|14/100
|move|p1a: Uxie|U-turn|p2a: Charizard
|-resisted|p2a: Charizard
|-damage|p2a: Charizard|25/100
|
|t:|1647863366
|switch|p1a: Arctovish|Arctovish|76/100|[from]move: U-turn
|
|upkeep
|turn|27
|
|t:|1647863371
|move|p2a: Charizard|Flamethrower|p1a: Arctovish
|-damage|p1a: Arctovish|0 fnt
|faint|p1a: Arctovish
|
|upkeep
|c|☆Vishoclock|Hmm
|
|t:|1647863394
|switch|p1a: Togedemaru|Togedemaru, M|72/100
|turn|28
|
|t:|1647863397
|move|p2a: Charizard|Flamethrower|p1a: Togedemaru
|-supereffective|p1a: Togedemaru
|-damage|p1a: Togedemaru|0 fnt
|faint|p1a: Togedemaru
|
|upkeep
|
|t:|1647863401
|switch|p1a: Uxie|Uxie|14/100
|turn|29
|c|☆Vishoclock|Sadedge
|
|t:|1647863411
|move|p2a: Charizard|Flamethrower|p1a: Uxie
|-damage|p1a: Uxie|0 fnt
|faint|p1a: Uxie
|
|upkeep
|
|t:|1647863413
|switch|p1a: Scrafty|Scrafty, M|100/100 slp
|turn|30
|
|t:|1647863418
|move|p2a: Charizard|Air Slash|p1a: Scrafty
|-supereffective|p1a: Scrafty
|-damage|p1a: Scrafty|21/100 slp
|cant|p1a: Scrafty|slp
|
|-heal|p1a: Scrafty|27/100 slp|[from] item: Leftovers
|upkeep
|turn|31
|
|t:|1647863426
|move|p2a: Charizard|Flamethrower|p1a: Scrafty
|-damage|p1a: Scrafty|0 fnt
|faint|p1a: Scrafty
|
|upkeep
|
|t:|1647863429
|switch|p1a: Eldegoss|Eldegoss, F|100/100 brn
|turn|32
|
|t:|1647863433
|move|p2a: Charizard|Flamethrower|p1a: Eldegoss
|-supereffective|p1a: Eldegoss
|-damage|p1a: Eldegoss|0 fnt
|faint|p1a: Eldegoss
|
|win|EduuBolado
|raw|Vishoclock's rating: 1230 &rarr; <strong>1200</strong><br />(-30 for losing)
|raw|EduuBolado's rating: 1159 &rarr; <strong>1189</strong><br />(+30 for winning)
|c|☆Vishoclock|Gg
|c|☆EduuBolado|GG
|c|☆Vishoclock|Are
|c|☆Vishoclock|You modest?
|c|☆EduuBolado|Nope
|l|☆EduuBolado
|c|☆Vishoclock|252 SpA Charizard Flamethrower vs. 0 HP / 4 SpD Arctovish: 142-168 (44.2 - 52.3%) -- 16.4% chance to 2HKO
|c|☆Vishoclock|Bruh
|c|☆Vishoclock|252 SpA Blaze Charizard Flamethrower vs. 0 HP / 4 SpD Arctovish: 211-250 (65.7 - 77.8%) -- 25% chance to OHKO
|c|☆Vishoclock|Actually robbed
