|j|☆Down2bdown
|j|☆Wellness11
|t:|1655421630
|gametype|singles
|player|p1|Down2bdown|102|1597
|player|p2|Wellness11|pokekid|1411
|teamsize|p1|6
|teamsize|p2|6
|gen|8
|tier|[Gen 8] PU
|rated|
|rule|Sleep Clause Mod: Limit one foe put to sleep
|rule|Species Clause: Limit one of each Pokémon
|rule|OHKO Clause: OHKO moves are banned
|rule|Evasion Moves Clause: Evasion moves are banned
|rule|Endless Battle Clause: Forcing endless battles is banned
|rule|HP Percentage Mod: HP is shown in percentages
|rule|Dynamax Clause: You cannot dynamax
|clearpoke
|poke|p1|Aromatisse, M|
|poke|p1|Glastrier|
|poke|p1|Mesprit|
|poke|p1|Ninetales, F|
|poke|p1|Silvally-*|
|poke|p1|Gallade, M|
|poke|p2|Dugtrio, M|
|poke|p2|Poliwrath, M|
|poke|p2|Klinklang|
|poke|p2|Charizard, F|
|poke|p2|Bellossom, M|
|poke|p2|Articuno-Galar|
|teampreview
|inactive|Battle timer is ON: inactive players will automatically lose when time's up. (requested by Down2bdown)
|
|t:|1655421633
|start
|switch|p1a: Glastrier|Glastrier|100/100
|switch|p2a: Dugtrio|Dugtrio, M|100/100
|turn|1
|
|t:|1655421640
|move|p2a: Dugtrio|Stealth Rock|p1a: Glastrier
|-sidestart|p1: Down2bdown|move: Stealth Rock
|move|p1a: Glastrier|Icicle Crash|p2a: Dugtrio
|-supereffective|p2a: Dugtrio
|-enditem|p2a: Dugtrio|Focus Sash
|-damage|p2a: Dugtrio|1/100
|
|upkeep
|turn|2
|
|t:|1655421648
|move|p2a: Dugtrio|Memento|p1a: Glastrier
|-unboost|p1a: Glastrier|atk|2
|-unboost|p1a: Glastrier|spa|2
|faint|p2a: Dugtrio
|move|p1a: Glastrier|High Horsepower|p2: Dugtrio|[notarget]
|-fail|p1a: Glastrier
|
|upkeep
|
|t:|1655421657
|switch|p2a: Poliwrath|Poliwrath, M|100/100
|turn|3
|
|t:|1655421662
|move|p2a: Poliwrath|Substitute|p2a: Poliwrath
|-start|p2a: Poliwrath|Substitute
|-damage|p2a: Poliwrath|76/100
|move|p1a: Glastrier|Swords Dance|p1a: Glastrier
|-boost|p1a: Glastrier|atk|2
|
|upkeep
|turn|4
|
|t:|1655421670
|move|p2a: Poliwrath|Belly Drum|p2a: Poliwrath
|-damage|p2a: Poliwrath|26/100
|-setboost|p2a: Poliwrath|atk|6|[from] move: Belly Drum
|move|p1a: Glastrier|High Horsepower|p2a: Poliwrath
|-end|p2a: Poliwrath|Substitute
|
|upkeep
|turn|5
|
|t:|1655421678
|move|p2a: Poliwrath|Substitute|p2a: Poliwrath
|-start|p2a: Poliwrath|Substitute
|-damage|p2a: Poliwrath|1/100
|-enditem|p2a: Poliwrath|Salac Berry|[eat]
|-boost|p2a: Poliwrath|spe|1|[from] item: Salac Berry
|move|p1a: Glastrier|Close Combat|p2a: Poliwrath
|-end|p2a: Poliwrath|Substitute
|-unboost|p1a: Glastrier|def|1
|-unboost|p1a: Glastrier|spd|1
|
|upkeep
|turn|6
|
|t:|1655421688
|move|p2a: Poliwrath|Drain Punch|p1a: Glastrier
|-supereffective|p1a: Glastrier
|-crit|p1a: Glastrier
|-damage|p1a: Glastrier|0 fnt
|-heal|p2a: Poliwrath|64/100|[from] drain|[of] p1a: Glastrier
|faint|p1a: Glastrier
|
|upkeep
|
|t:|1655421697
|switch|p1a: Aromatisse|Aromatisse, M|100/100
|-damage|p1a: Aromatisse|88/100|[from] Stealth Rock
|turn|7
|
|t:|1655421703
|move|p2a: Poliwrath|Liquidation|p1a: Aromatisse
|-damage|p1a: Aromatisse|0 fnt
|faint|p1a: Aromatisse
|
|upkeep
|
|t:|1655421708
|switch|p1a: Mesprit|Mesprit|100/100
|-damage|p1a: Mesprit|88/100|[from] Stealth Rock
|turn|8
|
|t:|1655421712
|move|p2a: Poliwrath|Liquidation|p1a: Mesprit
|-damage|p1a: Mesprit|0 fnt
|faint|p1a: Mesprit
|
|upkeep
|
|t:|1655421720
|switch|p1a: Ninetales|Ninetales, F|100/100
|-damage|p1a: Ninetales|76/100|[from] Stealth Rock
|turn|9
|
|t:|1655421724
|move|p2a: Poliwrath|Liquidation|p1a: Ninetales
|-supereffective|p1a: Ninetales
|-damage|p1a: Ninetales|0 fnt
|faint|p1a: Ninetales
|
|upkeep
|
|t:|1655421730
|switch|p1a: Gallade|Gallade, M|100/100
|-damage|p1a: Gallade|94/100|[from] Stealth Rock
|turn|10
|
|t:|1655421735
|move|p2a: Poliwrath|Liquidation|p1a: Gallade
|-damage|p1a: Gallade|0 fnt
|faint|p1a: Gallade
|
|upkeep
|
|t:|1655421740
|switch|p1a: Silvally|Silvally|100/100
|-damage|p1a: Silvally|88/100|[from] Stealth Rock
|turn|11
|
|t:|1655421744
|move|p2a: Poliwrath|Drain Punch|p1a: Silvally
|-supereffective|p1a: Silvally
|-damage|p1a: Silvally|0 fnt
|-heal|p2a: Poliwrath|100/100|[from] drain|[of] p1a: Silvally
|faint|p1a: Silvally
|
|win|Wellness11
|raw|Down2bdown's rating: 1597 &rarr; <strong>1567</strong><br />(-30 for losing)
|raw|Wellness11's rating: 1411 &rarr; <strong>1441</strong><br />(+30 for winning)
