|j|☆mefrog
|j|☆BubblegumKraken
|t:|1615851277
|player|p1|mefrog|veteran|1448
|player|p2|BubblegumKraken|ingo|1352
|teamsize|p1|6
|teamsize|p2|6
|gametype|singles
|gen|8
|tier|[Gen 8] PU
|rated|
|clearpoke
|poke|p1|Kingler, F|
|poke|p1|Thievul, M|
|poke|p1|Mesprit|
|poke|p1|Talonflame, M|
|poke|p1|Whimsicott, F|
|poke|p1|Togedemaru, M|
|poke|p2|Guzzlord|
|poke|p2|Aggron, M|
|poke|p2|Aromatisse, M|
|poke|p2|Cofagrigus, M|
|poke|p2|Braviary, M|
|poke|p2|Mesprit|
|rule|Sleep Clause Mod: Limit one foe put to sleep
|rule|Species Clause: Limit one of each Pokémon
|rule|OHKO Clause: OHKO moves are banned
|rule|Evasion Moves Clause: Evasion moves are banned
|rule|Endless Battle Clause: Forcing endless battles is banned
|rule|HP Percentage Mod: HP is shown in percentages
|rule|Dynamax Clause: You cannot dynamax
|teampreview
|
|t:|1615851298
|start
|switch|p1a: Kingler|Kingler, F|100/100
|switch|p2a: Bingo|Mesprit|100/100
|turn|1
|
|t:|1615851308
|switch|p1a: Togedemaru|Togedemaru, M|100/100
|move|p2a: Bingo|U-turn|p1a: Togedemaru
|-resisted|p1a: Togedemaru
|-damage|p1a: Togedemaru|89/100
|-damage|p2a: Bingo|88/100|[from] ability: Iron Barbs|[of] p1a: Togedemaru
|inactive|Battle timer is ON: inactive players will automatically lose when time's up. (requested by mefrog)
|
|t:|1615851321
|switch|p2a: Tefanitu|Cofagrigus, M|100/100|[from]move: U-turn
|
|-heal|p1a: Togedemaru|95/100|[from] item: Leftovers
|upkeep
|turn|2
|
|t:|1615851343
|move|p1a: Togedemaru|U-turn|p2a: Tefanitu
|-resisted|p2a: Tefanitu
|-damage|p2a: Tefanitu|96/100
|-activate|p2a: Tefanitu|ability: Mummy|Iron Barbs|[of] p1a: Togedemaru
|
|t:|1615851345
|switch|p1a: Thievul|Thievul, M|100/100|[from]move: U-turn
|move|p2a: Tefanitu|Trick Room|p2a: Tefanitu
|-fieldstart|move: Trick Room|[of] p2a: Tefanitu
|
|-heal|p2a: Tefanitu|100/100|[from] item: Leftovers
|upkeep
|turn|3
|
|t:|1615851353
|switch|p2a: Tonton|Aggron, M|100/100
|switch|p1a: Mesprit|Mesprit|100/100
|
|upkeep
|turn|4
|
|t:|1615851362
|move|p2a: Tonton|Head Smash|p1a: Mesprit
|-damage|p1a: Mesprit|25/100
|move|p1a: Mesprit|Thunder Wave|p2a: Tonton
|-status|p2a: Tonton|par
|
|upkeep
|turn|5
|
|t:|1615851370
|move|p2a: Tonton|Head Smash|p1a: Mesprit|[miss]
|-miss|p2a: Tonton|p1a: Mesprit
|move|p1a: Mesprit|Stealth Rock|p2a: Tonton
|-sidestart|p2: BubblegumKraken|move: Stealth Rock
|
|upkeep
|turn|6
|
|t:|1615851379
|move|p2a: Tonton|Head Smash|p1a: Mesprit
|-damage|p1a: Mesprit|0 fnt
|faint|p1a: Mesprit
|
|-fieldend|move: Trick Room
|upkeep
|
|t:|1615851386
|switch|p1a: Kingler|Kingler, F|100/100
|turn|7
|
|t:|1615851389
|move|p1a: Kingler|Liquidation|p2a: Tonton
|-supereffective|p2a: Tonton
|-damage|p2a: Tonton|9/100 par
|move|p2a: Tonton|Head Smash|p1a: Kingler
|-damage|p1a: Kingler|0 fnt
|faint|p1a: Kingler
|
|upkeep
|
|t:|1615851402
|switch|p1a: Thievul|Thievul, M|100/100
|turn|8
|
|t:|1615851408
|switch|p2a: Boulette|Aromatisse, M|100/100
|-damage|p2a: Boulette|88/100|[from] Stealth Rock
|move|p1a: Thievul|Dark Pulse|p2a: Boulette
|-resisted|p2a: Boulette
|-damage|p2a: Boulette|53/100
|
|-heal|p2a: Boulette|59/100|[from] item: Leftovers
|upkeep
|turn|9
|
|t:|1615851417
|switch|p1a: Togedemaru|Togedemaru, M|95/100
|move|p2a: Boulette|Wish|p2a: Boulette
|
|-heal|p1a: Togedemaru|100/100|[from] item: Leftovers
|-heal|p2a: Boulette|65/100|[from] item: Leftovers
|upkeep
|turn|10
|
|t:|1615851427
|move|p2a: Boulette|Protect|p2a: Boulette
|-singleturn|p2a: Boulette|Protect
|move|p1a: Togedemaru|Nuzzle|p2a: Boulette
|-activate|p2a: Boulette|move: Protect
|
|-heal|p2a: Boulette|100/100|[from] move: Wish|[wisher] Boulette
|upkeep
|turn|11
|
|t:|1615851437
|move|p1a: Togedemaru|U-turn|p2a: Boulette
|-resisted|p2a: Boulette
|-damage|p2a: Boulette|91/100
|
|t:|1615851442
|switch|p1a: Whimsicott|Whimsicott, F|100/100|[from]move: U-turn
|move|p2a: Boulette|Trick Room|p2a: Boulette
|-fieldstart|move: Trick Room|[of] p2a: Boulette
|
|-heal|p2a: Boulette|97/100|[from] item: Leftovers
|upkeep
|turn|12
|
|t:|1615851453
|move|p1a: Whimsicott|Encore|p2a: Boulette
|-block|p2a: Boulette|ability: Aroma Veil|[of] p2a: Boulette
|move|p2a: Boulette|Wish|p2a: Boulette
|
|-heal|p2a: Boulette|100/100|[from] item: Leftovers
|upkeep
|turn|13
|
|t:|1615851459
|switch|p2a: Tonton|Aggron, M|9/100 par
|-damage|p2a: Tonton|3/100 par|[from] Stealth Rock
|move|p1a: Whimsicott|Moonblast|p2a: Tonton
|-resisted|p2a: Tonton
|-damage|p2a: Tonton|0 fnt
|faint|p2a: Tonton
|
|upkeep
|
|t:|1615851468
|switch|p2a: Grimace|Guzzlord|100/100
|-damage|p2a: Grimace|88/100|[from] Stealth Rock
|turn|14
|
|t:|1615851473
|switch|p1a: Togedemaru|Togedemaru, M|100/100
|move|p2a: Grimace|Sludge Bomb|p1a: Togedemaru
|-immune|p1a: Togedemaru
|
|upkeep
|turn|15
|
|t:|1615851478
|move|p1a: Togedemaru|Protect|p1a: Togedemaru
|-singleturn|p1a: Togedemaru|Protect
|move|p2a: Grimace|Fire Blast|p1a: Togedemaru
|-activate|p1a: Togedemaru|move: Protect
|
|-fieldend|move: Trick Room
|upkeep
|turn|16
|
|t:|1615851488
|switch|p2a: Tefanitu|Cofagrigus, M|100/100
|-damage|p2a: Tefanitu|88/100|[from] Stealth Rock
|move|p1a: Togedemaru|U-turn|p2a: Tefanitu
|-resisted|p2a: Tefanitu
|-damage|p2a: Tefanitu|83/100
|-activate|p2a: Tefanitu|ability: Mummy|Iron Barbs|[of] p1a: Togedemaru
|
|t:|1615851498
|switch|p1a: Thievul|Thievul, M|100/100|[from]move: U-turn
|
|-heal|p2a: Tefanitu|90/100|[from] item: Leftovers
|upkeep
|turn|17
|
|t:|1615851508
|move|p1a: Thievul|Dark Pulse|p2a: Tefanitu
|-supereffective|p2a: Tefanitu
|-damage|p2a: Tefanitu|0 fnt
|faint|p2a: Tefanitu
|
|upkeep
|
|t:|1615851525
|switch|p2a: Bingo|Mesprit|88/100
|-damage|p2a: Bingo|76/100|[from] Stealth Rock
|turn|18
|
|t:|1615851537
|switch|p1a: Whimsicott|Whimsicott, F|100/100
|move|p2a: Bingo|Stealth Rock|p1a: Whimsicott
|-sidestart|p1: mefrog|move: Stealth Rock
|
|-heal|p2a: Bingo|82/100|[from] item: Leftovers
|upkeep
|turn|19
|
|t:|1615851545
|switch|p2a: Boulette|Aromatisse, M|100/100
|-damage|p2a: Boulette|88/100|[from] Stealth Rock
|move|p1a: Whimsicott|Encore|p2a: Boulette
|-block|p2a: Boulette|ability: Aroma Veil|[of] p2a: Boulette
|
|-heal|p2a: Boulette|94/100|[from] item: Leftovers
|upkeep
|turn|20
|
|t:|1615851553
|move|p1a: Whimsicott|Moonblast|p2a: Boulette
|-damage|p2a: Boulette|73/100
|move|p2a: Boulette|Wish|p2a: Boulette
|
|-heal|p2a: Boulette|79/100|[from] item: Leftovers
|upkeep
|turn|21
|
|t:|1615851563
|switch|p2a: Bingo|Mesprit|82/100
|-damage|p2a: Bingo|69/100|[from] Stealth Rock
|move|p1a: Whimsicott|U-turn|p2a: Bingo
|-supereffective|p2a: Bingo
|-damage|p2a: Bingo|51/100
|
|t:|1615851570
|switch|p1a: Thievul|Thievul, M|100/100|[from]move: U-turn
|-damage|p1a: Thievul|88/100|[from] Stealth Rock
|
|-heal|p2a: Bingo|100/100|[from] move: Wish|[wisher] Boulette
|upkeep
|turn|22
|
|t:|1615851577
|move|p1a: Thievul|Dark Pulse|p2a: Bingo
|-supereffective|p2a: Bingo
|-damage|p2a: Bingo|33/100
|move|p2a: Bingo|U-turn|p1a: Thievul
|-supereffective|p1a: Thievul
|-damage|p1a: Thievul|28/100
|
|t:|1615851597
|switch|p2a: Justice|Braviary, M, shiny|100/100|[from]move: U-turn
|-damage|p2a: Justice|76/100|[from] Stealth Rock
|
|upkeep
|turn|23
|
|t:|1615851605
|switch|p1a: Togedemaru|Togedemaru, M|100/100
|-damage|p1a: Togedemaru|95/100|[from] Stealth Rock
|move|p2a: Justice|U-turn|p1a: Togedemaru
|-resisted|p1a: Togedemaru
|-damage|p1a: Togedemaru|67/100
|-damage|p2a: Justice|63/100|[from] ability: Iron Barbs|[of] p1a: Togedemaru
|
|t:|1615851611
|switch|p2a: Grimace|Guzzlord|88/100|[from]move: U-turn
|-damage|p2a: Grimace|76/100|[from] Stealth Rock
|
|-heal|p1a: Togedemaru|73/100|[from] item: Leftovers
|upkeep
|turn|24
|
|t:|1615851618
|move|p1a: Togedemaru|U-turn|p2a: Grimace
|-supereffective|p2a: Grimace
|-damage|p2a: Grimace|46/100
|
|t:|1615851624
|switch|p1a: Whimsicott|Whimsicott, F|100/100|[from]move: U-turn
|move|p2a: Grimace|Fire Blast|p1a: Whimsicott
|-supereffective|p1a: Whimsicott
|-damage|p1a: Whimsicott|0 fnt
|faint|p1a: Whimsicott
|-ability|p2a: Grimace|Beast Boost|boost
|-boost|p2a: Grimace|spa|1
|
|upkeep
|
|t:|1615851636
|switch|p1a: Talonflame|Talonflame, M|100/100
|turn|25
|
|t:|1615851641
|move|p1a: Talonflame|Brave Bird|p2a: Grimace
|-damage|p2a: Grimace|9/100
|-damage|p1a: Talonflame|74/100|[from] Recoil
|move|p2a: Grimace|Sludge Bomb|p1a: Talonflame
|-damage|p1a: Talonflame|6/100
|
|upkeep
|turn|26
|
|t:|1615851648
|move|p1a: Talonflame|U-turn|p2a: Grimace
|-supereffective|p2a: Grimace
|-damage|p2a: Grimace|0 fnt
|faint|p2a: Grimace
|
|t:|1615851652
|switch|p1a: Togedemaru|Togedemaru, M|73/100|[from]move: U-turn
|-damage|p1a: Togedemaru|67/100|[from] Stealth Rock
|
|-heal|p1a: Togedemaru|73/100|[from] item: Leftovers
|upkeep
|
|t:|1615851659
|switch|p2a: Justice|Braviary, M, shiny|63/100
|-damage|p2a: Justice|38/100|[from] Stealth Rock
|turn|27
|
|t:|1615851665
|move|p1a: Togedemaru|Protect|p1a: Togedemaru
|-singleturn|p1a: Togedemaru|Protect
|move|p2a: Justice|Close Combat|p1a: Togedemaru
|-activate|p1a: Togedemaru|move: Protect
|
|-heal|p1a: Togedemaru|79/100|[from] item: Leftovers
|upkeep
|turn|28
|
|t:|1615851673
|move|p2a: Justice|Close Combat|p1a: Togedemaru
|-supereffective|p1a: Togedemaru
|-damage|p1a: Togedemaru|0 fnt
|-unboost|p2a: Justice|def|1
|-unboost|p2a: Justice|spd|1
|-damage|p2a: Justice|26/100|[from] ability: Iron Barbs|[of] p1a: Togedemaru
|faint|p1a: Togedemaru
|
|upkeep
|
|t:|1615851682
|switch|p1a: Talonflame|Talonflame, M|6/100
|turn|29
|
|t:|1615851685
|move|p1a: Talonflame|Brave Bird|p2a: Justice
|-damage|p2a: Justice|0 fnt
|-damage|p1a: Talonflame|0 fnt|[from] Recoil
|faint|p2a: Justice
|faint|p1a: Talonflame
|
|upkeep
|
|t:|1615851692
|switch|p1a: Thievul|Thievul, M|28/100
|switch|p2a: Boulette|Aromatisse, M|79/100
|-damage|p1a: Thievul|15/100|[from] Stealth Rock
|-damage|p2a: Boulette|67/100|[from] Stealth Rock
|turn|30
|
|t:|1615851699
|move|p2a: Boulette|Protect|p2a: Boulette
|-singleturn|p2a: Boulette|Protect
|move|p1a: Thievul|Psychic|p2a: Boulette
|-activate|p2a: Boulette|move: Protect
|
|-heal|p2a: Boulette|73/100|[from] item: Leftovers
|upkeep
|turn|31
|
|t:|1615851706
|move|p1a: Thievul|Psychic|p2a: Boulette
|-damage|p2a: Boulette|47/100
|move|p2a: Boulette|Dazzling Gleam|p1a: Thievul
|-supereffective|p1a: Thievul
|-damage|p1a: Thievul|0 fnt
|faint|p1a: Thievul
|
|win|BubblegumKraken
|raw|mefrog's rating: 1448 &rarr; <strong>1423</strong><br />(-25 for losing)
|raw|BubblegumKraken's rating: 1352 &rarr; <strong>1377</strong><br />(+25 for winning)
|l|☆mefrog
||Ladder (probably) updated, but score could not be retrieved (Request timeout).
