|j|☆cafay sukray
|j|☆MikroC
|t:|1650979561
|gametype|singles
|player|p1|cafay sukray|swimmer-gen4dp|1571
|player|p2|MikroC|steven|1461
|teamsize|p1|6
|teamsize|p2|6
|gen|8
|tier|[Gen 8] PU
|rated|
|rule|Sleep Clause Mod: Limit one foe put to sleep
|rule|Species Clause: Limit one of each Pokémon
|rule|OHKO Clause: OHKO moves are banned
|rule|Evasion Moves Clause: Evasion moves are banned
|rule|Endless Battle Clause: Forcing endless battles is banned
|rule|HP Percentage Mod: HP is shown in percentages
|rule|Dynamax Clause: You cannot dynamax
|clearpoke
|poke|p1|Silvally-*|
|poke|p1|Shiftry, F|
|poke|p1|Gigalith, F|
|poke|p1|Whimsicott, F|
|poke|p1|Sandaconda, F|
|poke|p1|Gallade, M|
|poke|p2|Regirock|
|poke|p2|Centiskorch, M|
|poke|p2|Ferroseed, M|
|poke|p2|Whimsicott, M|
|poke|p2|Scrafty, M|
|poke|p2|Scyther, M|
|teampreview
|
|t:|1650979583
|start
|switch|p1a: Sandaconda|Sandaconda, F|100/100
|switch|p2a: Scyther|Scyther, M|100/100
|turn|1
|inactive|Battle timer is ON: inactive players will automatically lose when time's up. (requested by MikroC)
|
|t:|1650979587
|move|p2a: Scyther|U-turn|p1a: Sandaconda
|-damage|p1a: Sandaconda|80/100
|
|t:|1650979597
|switch|p2a: Ferroseed|Ferroseed, M, shiny|100/100|[from]move: U-turn
|move|p1a: Sandaconda|Glare|p2a: Ferroseed
|-status|p2a: Ferroseed|par
|
|-heal|p1a: Sandaconda|86/100|[from] item: Leftovers
|upkeep
|turn|2
|
|t:|1650979607
|switch|p1a: Shiftry|Shiftry, F|100/100
|move|p2a: Ferroseed|Spikes|p1a: Shiftry
|-sidestart|p1: cafay sukray|Spikes
|
|upkeep
|turn|3
|
|t:|1650979614
|switch|p2a: Centiskorch|Centiskorch, M|100/100
|move|p1a: Shiftry|Dark Pulse|p2a: Centiskorch
|-damage|p2a: Centiskorch|38/100
|
|upkeep
|turn|4
|c|☆MikroC|ok, u have  a brain xD
|
|t:|1650979631
|switch|p1a: Silvally|Silvally-Poison|100/100
|-damage|p1a: Silvally|88/100|[from] Spikes
|switch|p2a: Whimsicott|Whimsicott, M, shiny|100/100
|
|upkeep
|turn|5
|
|t:|1650979640
|switch|p2a: Ferroseed|Ferroseed, M, shiny|100/100 par
|move|p1a: Silvally|Defog|p2a: Ferroseed
|-unboost|p2a: Ferroseed|evasion|1
|-sideend|p1: cafay sukray|Spikes|[from] move: Defog|[of] p1a: Silvally
|
|upkeep
|turn|6
|
|t:|1650979647
|move|p1a: Silvally|Flamethrower|p2a: Ferroseed
|-supereffective|p2a: Ferroseed
|-damage|p2a: Ferroseed|46/100 par
|move|p2a: Ferroseed|Spikes|p1a: Silvally
|-sidestart|p1: cafay sukray|Spikes
|
|upkeep
|turn|7
|
|t:|1650979654
|switch|p2a: Centiskorch|Centiskorch, M|38/100
|move|p1a: Silvally|Flamethrower|p2a: Centiskorch
|-start|p2a: Centiskorch|ability: Flash Fire
|
|upkeep
|turn|8
|
|t:|1650979662
|move|p2a: Centiskorch|Fire Lash|p1a: Silvally
|-damage|p1a: Silvally|47/100
|-unboost|p1a: Silvally|def|1
|move|p1a: Silvally|Multi-Attack|p2a: Centiskorch
|-damage|p2a: Centiskorch|0 fnt
|faint|p2a: Centiskorch
|
|upkeep
|
|t:|1650979671
|switch|p2a: Scyther|Scyther, M|100/100
|turn|9
|
|t:|1650979678
|switch|p1a: Gigalith|Gigalith, F|100/100
|-damage|p1a: Gigalith|88/100|[from] Spikes
|-weather|Sandstorm|[from] ability: Sand Stream|[of] p1a: Gigalith
|move|p2a: Scyther|Knock Off|p1a: Gigalith
|-damage|p1a: Gigalith|65/100
|-enditem|p1a: Gigalith|Leftovers|[from] move: Knock Off|[of] p2a: Scyther
|
|-weather|Sandstorm|[upkeep]
|-damage|p2a: Scyther|94/100|[from] Sandstorm
|upkeep
|turn|10
|
|t:|1650979688
|move|p2a: Scyther|U-turn|p1a: Gigalith
|-damage|p1a: Gigalith|42/100
|
|t:|1650979696
|switch|p2a: Ferroseed|Ferroseed, M, shiny|46/100 par|[from]move: U-turn
|move|p1a: Gigalith|Body Press|p2a: Ferroseed
|-supereffective|p2a: Ferroseed
|-damage|p2a: Ferroseed|19/100 par
|-damage|p1a: Gigalith|30/100|[from] ability: Iron Barbs|[of] p2a: Ferroseed
|
|-weather|Sandstorm|[upkeep]
|upkeep
|turn|11
|
|t:|1650979707
|move|p1a: Gigalith|Body Press|p2a: Ferroseed
|-supereffective|p2a: Ferroseed
|-damage|p2a: Ferroseed|0 fnt
|-damage|p1a: Gigalith|18/100|[from] ability: Iron Barbs|[of] p2a: Ferroseed
|faint|p2a: Ferroseed
|
|-weather|Sandstorm|[upkeep]
|upkeep
|
|t:|1650979719
|switch|p2a: Whimsicott|Whimsicott, M, shiny|100/100
|turn|12
|
|t:|1650979726
|move|p2a: Whimsicott|Energy Ball|p1a: Gigalith
|-supereffective|p1a: Gigalith
|-damage|p1a: Gigalith|0 fnt
|faint|p1a: Gigalith
|
|-weather|Sandstorm|[upkeep]
|-damage|p2a: Whimsicott|94/100|[from] Sandstorm
|upkeep
|
|t:|1650979730
|switch|p1a: Silvally|Silvally-Poison|47/100
|-damage|p1a: Silvally|35/100|[from] Spikes
|turn|13
|
|t:|1650979737
|move|p2a: Whimsicott|Moonblast|p1a: Silvally
|-resisted|p1a: Silvally
|-damage|p1a: Silvally|19/100
|move|p1a: Silvally|Multi-Attack|p2a: Whimsicott
|-supereffective|p2a: Whimsicott
|-damage|p2a: Whimsicott|0 fnt
|faint|p2a: Whimsicott
|
|-weather|none
|upkeep
|
|t:|1650979745
|switch|p2a: Scyther|Scyther, M|94/100
|turn|14
|
|t:|1650979749
|move|p2a: Scyther|Dual Wingbeat|p1a: Silvally
|-damage|p1a: Silvally|1/100
|-damage|p1a: Silvally|0 fnt
|faint|p1a: Silvally
|-hitcount|p1: Silvally|2
|
|upkeep
|
|t:|1650979752
|switch|p1a: Sandaconda|Sandaconda, F|86/100
|-damage|p1a: Sandaconda|73/100|[from] Spikes
|turn|15
|
|t:|1650979761
|move|p2a: Scyther|U-turn|p1a: Sandaconda
|-damage|p1a: Sandaconda|55/100
|
|t:|1650979765
|switch|p2a: Scrafty|Scrafty, M|100/100|[from]move: U-turn
|move|p1a: Sandaconda|Glare|p2a: Scrafty
|-status|p2a: Scrafty|par
|
|-heal|p1a: Sandaconda|61/100|[from] item: Leftovers
|upkeep
|turn|16
|
|t:|1650979776
|switch|p1a: Shiftry|Shiftry, F|100/100
|-damage|p1a: Shiftry|88/100|[from] Spikes
|switch|p2a: Scyther|Scyther, M|94/100
|
|upkeep
|turn|17
|
|t:|1650979788
|move|p2a: Scyther|Swords Dance|p2a: Scyther
|-boost|p2a: Scyther|atk|2
|move|p1a: Shiftry|Dark Pulse|p2a: Scyther
|-damage|p2a: Scyther|10/100
|
|upkeep
|turn|18
|
|t:|1650979796
|move|p2a: Scyther|Dual Wingbeat|p1a: Shiftry
|-supereffective|p1a: Shiftry
|-damage|p1a: Shiftry|0 fnt
|faint|p1a: Shiftry
|-hitcount|p1: Shiftry|1
|
|upkeep
|
|t:|1650979799
|switch|p1a: Whimsicott|Whimsicott, F|100/100
|-damage|p1a: Whimsicott|88/100|[from] Spikes
|turn|19
|
|t:|1650979806
|switch|p2a: Regirock|Regirock|100/100
|move|p1a: Whimsicott|Moonblast|p2a: Regirock
|-damage|p2a: Regirock|68/100
|
|-heal|p1a: Whimsicott|94/100|[from] item: Leftovers
|-heal|p2a: Regirock|74/100|[from] item: Leftovers
|upkeep
|turn|20
|
|t:|1650979817
|move|p1a: Whimsicott|Leech Seed|p2a: Regirock|[miss]
|-miss|p1a: Whimsicott|p2a: Regirock
|move|p2a: Regirock|Toxic|p1a: Whimsicott
|-status|p1a: Whimsicott|tox
|
|-heal|p1a: Whimsicott|100/100 tox|[from] item: Leftovers
|-heal|p2a: Regirock|80/100|[from] item: Leftovers
|-damage|p1a: Whimsicott|94/100 tox|[from] psn
|upkeep
|turn|21
|
|t:|1650979829
|move|p1a: Whimsicott|Giga Drain|p2a: Regirock
|-supereffective|p2a: Regirock
|-damage|p2a: Regirock|29/100
|-heal|p1a: Whimsicott|100/100 tox|[from] drain|[of] p2a: Regirock
|move|p2a: Regirock|Stone Edge|p1a: Whimsicott
|-damage|p1a: Whimsicott|48/100 tox
|
|-heal|p1a: Whimsicott|54/100 tox|[from] item: Leftovers
|-heal|p2a: Regirock|35/100|[from] item: Leftovers
|-damage|p1a: Whimsicott|41/100 tox|[from] psn
|upkeep
|turn|22
|
|t:|1650979839
|switch|p2a: Scyther|Scyther, M|10/100
|move|p1a: Whimsicott|Giga Drain|p2a: Scyther
|-resisted|p2a: Scyther
|-damage|p2a: Scyther|0 fnt
|-heal|p1a: Whimsicott|46/100 tox|[from] drain|[of] p2a: Scyther
|faint|p2a: Scyther
|
|-heal|p1a: Whimsicott|53/100 tox|[from] item: Leftovers
|-damage|p1a: Whimsicott|34/100 tox|[from] psn
|upkeep
|
|t:|1650979849
|switch|p2a: Scrafty|Scrafty, M|100/100 par
|turn|23
|
|t:|1650979852
|switch|p2a: Regirock|Regirock|35/100
|move|p1a: Whimsicott|Moonblast|p2a: Regirock
|-damage|p2a: Regirock|4/100
|
|-heal|p1a: Whimsicott|40/100 tox|[from] item: Leftovers
|-heal|p2a: Regirock|10/100|[from] item: Leftovers
|-damage|p1a: Whimsicott|16/100 tox|[from] psn
|upkeep
|turn|24
|
|t:|1650979861
|move|p1a: Whimsicott|Moonblast|p2a: Regirock
|-damage|p2a: Regirock|0 fnt
|faint|p2a: Regirock
|
|-heal|p1a: Whimsicott|22/100 tox|[from] item: Leftovers
|-damage|p1a: Whimsicott|0 fnt|[from] psn
|faint|p1a: Whimsicott
|upkeep
|
|t:|1650979868
|switch|p1a: Gallade|Gallade, M|100/100
|switch|p2a: Scrafty|Scrafty, M|100/100 par
|-damage|p1a: Gallade|88/100|[from] Spikes
|turn|25
|
|t:|1650979875
|move|p1a: Gallade|Close Combat|p2a: Scrafty
|-supereffective|p2a: Scrafty
|-damage|p2a: Scrafty|0 fnt
|-unboost|p1a: Gallade|def|1
|-unboost|p1a: Gallade|spd|1
|faint|p2a: Scrafty
|-damage|p1a: Gallade|78/100|[from] item: Life Orb
|
|win|cafay sukray
|raw|cafay sukray's rating: 1571 &rarr; <strong>1585</strong><br />(+14 for winning)
|raw|MikroC's rating: 1461 &rarr; <strong>1447</strong><br />(-14 for losing)
|c|☆cafay sukray|gg
