|j|☆Yogapants
|j|☆panned bomb
|t:|1644012416
|gametype|singles
|player|p1|Yogapants|juggler-gen2|1354
|player|p2|panned bomb|169|1529
|teamsize|p1|6
|teamsize|p2|6
|gen|8
|tier|[Gen 8] PU
|rated|
|rule|Sleep Clause Mod: Limit one foe put to sleep
|rule|Species Clause: Limit one of each Pokémon
|rule|OHKO Clause: OHKO moves are banned
|rule|Evasion Moves Clause: Evasion moves are banned
|rule|Endless Battle Clause: Forcing endless battles is banned
|rule|HP Percentage Mod: HP is shown in percentages
|rule|Dynamax Clause: You cannot dynamax
|clearpoke
|poke|p1|Turtonator, M|
|poke|p1|Mawile, F|
|poke|p1|Galvantula, F|
|poke|p1|Eldegoss, F|
|poke|p1|Silvally-*|
|poke|p1|Gigalith, M|
|poke|p2|Frosmoth, M|
|poke|p2|Lunatone|
|poke|p2|Charizard, M|
|poke|p2|Quagsire, F|
|poke|p2|Skuntank, M|
|poke|p2|Flapple, F|
|teampreview
|
|t:|1644012428
|start
|switch|p1a: Silvally|Silvally-Ghost|100/100
|switch|p2a: Skuntank|Skuntank, M|100/100
|turn|1
|
|t:|1644012434
|switch|p1a: Gigalith|Gigalith, M, shiny|100/100
|-weather|Sandstorm|[from] ability: Sand Stream|[of] p1a: Gigalith
|move|p2a: Skuntank|Substitute|p2a: Skuntank
|-start|p2a: Skuntank|Substitute
|-damage|p2a: Skuntank|75/100
|
|-weather|Sandstorm|[upkeep]
|-damage|p2a: Skuntank|69/100|[from] Sandstorm
|-heal|p2a: Skuntank|75/100|[from] item: Leftovers
|upkeep
|turn|2
|
|t:|1644012447
|move|p2a: Skuntank|Corrosive Gas|p1a: Gigalith
|-enditem|p1a: Gigalith|Leftovers|[from] move: Corrosive Gas|[of] p2a: Skuntank
|move|p1a: Gigalith|Earthquake|p2a: Skuntank
|-supereffective|p2a: Skuntank
|-end|p2a: Skuntank|Substitute
|
|-weather|Sandstorm|[upkeep]
|-damage|p2a: Skuntank|69/100|[from] Sandstorm
|-heal|p2a: Skuntank|75/100|[from] item: Leftovers
|upkeep
|turn|3
|
|t:|1644012460
|switch|p2a: Flapple|Flapple, F|100/100
|move|p1a: Gigalith|Stealth Rock|p2a: Flapple
|-sidestart|p2: panned bomb|move: Stealth Rock
|
|-weather|Sandstorm|[upkeep]
|-damage|p2a: Flapple|94/100|[from] Sandstorm
|upkeep
|turn|4
|
|t:|1644012469
|switch|p1a: Mawile|Mawile, F, shiny|100/100
|-ability|p1a: Mawile|Intimidate|boost
|-unboost|p2a: Flapple|atk|1
|move|p2a: Flapple|U-turn|p1a: Mawile
|-resisted|p1a: Mawile
|-crit|p1a: Mawile
|-damage|p1a: Mawile|89/100
|-damage|p2a: Flapple|78/100|[from] item: Rocky Helmet|[of] p1a: Mawile
|
|t:|1644012474
|switch|p2a: Charizard|Charizard, M|100/100|[from]move: U-turn
|
|-weather|Sandstorm|[upkeep]
|-damage|p2a: Charizard|94/100|[from] Sandstorm
|upkeep
|turn|5
|
|t:|1644012481
|switch|p1a: Gigalith|Gigalith, M, shiny|100/100
|move|p2a: Charizard|Toxic|p1a: Gigalith
|-status|p1a: Gigalith|tox
|
|-weather|none
|-damage|p1a: Gigalith|94/100 tox|[from] psn
|upkeep
|turn|6
|
|t:|1644012487
|switch|p2a: Quagsire|Quagsire, F|100/100
|move|p1a: Gigalith|Toxic|p2a: Quagsire
|-status|p2a: Quagsire|tox
|
|-damage|p2a: Quagsire|94/100 tox|[from] psn
|-damage|p1a: Gigalith|82/100 tox|[from] psn
|upkeep
|turn|7
|
|t:|1644012493
|switch|p2a: Skuntank|Skuntank, M|75/100
|-damage|p2a: Skuntank|63/100|[from] Stealth Rock
|switch|p1a: Eldegoss|Eldegoss, F, shiny|100/100
|
|-heal|p2a: Skuntank|69/100|[from] item: Leftovers
|upkeep
|turn|8
|j| aog0
|
|t:|1644012499
|move|p2a: Skuntank|Poison Jab|p1a: Eldegoss
|-supereffective|p1a: Eldegoss
|-damage|p1a: Eldegoss|48/100
|move|p1a: Eldegoss|Sleep Powder|p2a: Skuntank
|-status|p2a: Skuntank|slp|[from] move: Sleep Powder
|
|-heal|p2a: Skuntank|75/100 slp|[from] item: Leftovers
|-heal|p1a: Eldegoss|54/100|[from] item: Leftovers
|upkeep
|turn|9
|
|t:|1644012510
|switch|p2a: Lunatone|Lunatone|100/100
|-damage|p2a: Lunatone|88/100|[from] Stealth Rock
|move|p1a: Eldegoss|Aromatherapy|p1a: Eldegoss
|-activate|p1a: Eldegoss|move: Aromatherapy
|-curestatus|p1: Gigalith|tox|[msg]
|
|-heal|p2a: Lunatone|94/100|[from] item: Leftovers
|-heal|p1a: Eldegoss|60/100|[from] item: Leftovers
|upkeep
|turn|10
|
|t:|1644012516
|move|p2a: Lunatone|Stealth Rock|p1a: Eldegoss
|-sidestart|p1: Yogapants|move: Stealth Rock
|move|p1a: Eldegoss|Giga Drain|p2a: Lunatone
|-supereffective|p2a: Lunatone
|-damage|p2a: Lunatone|52/100
|-heal|p1a: Eldegoss|84/100|[from] drain|[of] p2a: Lunatone
|
|-heal|p2a: Lunatone|58/100|[from] item: Leftovers
|-heal|p1a: Eldegoss|91/100|[from] item: Leftovers
|upkeep
|turn|11
|
|t:|1644012524
|move|p2a: Lunatone|Moonlight|p2a: Lunatone
|-heal|p2a: Lunatone|100/100
|move|p1a: Eldegoss|Rapid Spin|p2a: Lunatone
|-resisted|p2a: Lunatone
|-damage|p2a: Lunatone|96/100
|-boost|p1a: Eldegoss|spe|1
|-sideend|p1: Yogapants|Stealth Rock|[from] move: Rapid Spin|[of] p1a: Eldegoss
|
|-heal|p1a: Eldegoss|97/100|[from] item: Leftovers
|-heal|p2a: Lunatone|100/100|[from] item: Leftovers
|upkeep
|turn|12
|
|t:|1644012532
|switch|p1a: Silvally|Silvally-Ghost|100/100
|switch|p2a: Frosmoth|Frosmoth, M|100/100
|
|upkeep
|turn|13
|
|t:|1644012544
|switch|p2a: Quagsire|Quagsire, F|94/100 tox
|move|p1a: Silvally|Flame Charge|p2a: Quagsire
|-resisted|p2a: Quagsire
|-damage|p2a: Quagsire|90/100 tox
|-boost|p1a: Silvally|spe|1
|
|-damage|p2a: Quagsire|84/100 tox|[from] psn
|upkeep
|turn|14
|
|t:|1644012551
|switch|p1a: Eldegoss|Eldegoss, F, shiny|100/100
|move|p2a: Quagsire|Earthquake|p1a: Eldegoss
|-resisted|p1a: Eldegoss
|-damage|p1a: Eldegoss|89/100
|
|-heal|p1a: Eldegoss|95/100|[from] item: Leftovers
|-damage|p2a: Quagsire|72/100 tox|[from] psn
|upkeep
|turn|15
|j| Meujeuh
|
|t:|1644012556
|switch|p2a: Charizard|Charizard, M|94/100
|move|p1a: Eldegoss|Giga Drain|p2a: Charizard
|-resisted|p2a: Charizard
|-damage|p2a: Charizard|88/100
|-heal|p1a: Eldegoss|98/100|[from] drain|[of] p2a: Charizard
|
|-heal|p1a: Eldegoss|100/100|[from] item: Leftovers
|upkeep
|turn|16
|
|t:|1644012562
|switch|p1a: Mawile|Mawile, F, shiny|89/100
|-ability|p1a: Mawile|Intimidate|boost
|-unboost|p2a: Charizard|atk|1
|move|p2a: Charizard|Defog|p1a: Mawile
|-unboost|p1a: Mawile|evasion|1
|-sideend|p2: panned bomb|Stealth Rock|[from] move: Defog|[of] p2a: Charizard
|
|upkeep
|turn|17
|
|t:|1644012565
|switch|p1a: Gigalith|Gigalith, M, shiny|82/100
|-weather|Sandstorm|[from] ability: Sand Stream|[of] p1a: Gigalith
|move|p2a: Charizard|Flamethrower|p1a: Gigalith
|-resisted|p1a: Gigalith
|-damage|p1a: Gigalith|72/100
|
|-weather|Sandstorm|[upkeep]
|-damage|p2a: Charizard|82/100|[from] Sandstorm
|upkeep
|turn|18
|
|t:|1644012570
|switch|p2a: Lunatone|Lunatone|100/100
|move|p1a: Gigalith|Stealth Rock|p2a: Lunatone
|-sidestart|p2: panned bomb|move: Stealth Rock
|
|-weather|Sandstorm|[upkeep]
|upkeep
|turn|19
|
|t:|1644012578
|switch|p1a: Silvally|Silvally-Ghost|100/100
|move|p2a: Lunatone|Stealth Rock|p1a: Silvally
|-sidestart|p1: Yogapants|move: Stealth Rock
|
|-weather|Sandstorm|[upkeep]
|-damage|p1a: Silvally|94/100|[from] Sandstorm
|upkeep
|turn|20
|
|t:|1644012586
|move|p1a: Silvally|Parting Shot|p2a: Lunatone
|-unboost|p2a: Lunatone|atk|1
|-unboost|p2a: Lunatone|spa|1
|
|t:|1644012593
|switch|p1a: Eldegoss|Eldegoss, F, shiny|100/100|[from]move: Parting Shot
|-damage|p1a: Eldegoss|88/100|[from] Stealth Rock
|move|p2a: Lunatone|Future Sight|p1a: Eldegoss
|-start|p2a: Lunatone|move: Future Sight
|
|-weather|Sandstorm|[upkeep]
|-damage|p1a: Eldegoss|82/100|[from] Sandstorm
|-heal|p1a: Eldegoss|88/100|[from] item: Leftovers
|upkeep
|turn|21
|
|t:|1644012603
|switch|p2a: Frosmoth|Frosmoth, M|100/100
|move|p1a: Eldegoss|Rapid Spin|p2a: Frosmoth
|-damage|p2a: Frosmoth|90/100
|-boost|p1a: Eldegoss|spe|1
|-sideend|p1: Yogapants|Stealth Rock|[from] move: Rapid Spin|[of] p1a: Eldegoss
|
|-weather|none
|-heal|p1a: Eldegoss|94/100|[from] item: Leftovers
|upkeep
|turn|22
|
|t:|1644012616
|switch|p1a: Gigalith|Gigalith, M, shiny|72/100
|-weather|Sandstorm|[from] ability: Sand Stream|[of] p1a: Gigalith
|move|p2a: Frosmoth|Ice Beam|p1a: Gigalith
|-damage|p1a: Gigalith|50/100
|
|-weather|Sandstorm|[upkeep]
|-damage|p2a: Frosmoth|84/100|[from] Sandstorm
|-end|p1a: Gigalith|move: Future Sight
|-damage|p1a: Gigalith|23/100
|upkeep
|turn|23
|
|t:|1644012622
|move|p2a: Frosmoth|Giga Drain|p1a: Gigalith
|-supereffective|p1a: Gigalith
|-damage|p1a: Gigalith|0 fnt
|-heal|p2a: Frosmoth|98/100|[from] drain|[of] p1a: Gigalith
|faint|p1a: Gigalith
|
|-weather|Sandstorm|[upkeep]
|-damage|p2a: Frosmoth|92/100|[from] Sandstorm
|upkeep
|
|t:|1644012626
|switch|p1a: Turtonator|Turtonator, M, shiny|100/100
|turn|24
|
|t:|1644012634
|switch|p2a: Lunatone|Lunatone|100/100
|-damage|p2a: Lunatone|88/100|[from] Stealth Rock
|move|p1a: Turtonator|Fire Blast|p2a: Lunatone
|-resisted|p2a: Lunatone
|-damage|p2a: Lunatone|73/100
|
|-weather|Sandstorm|[upkeep]
|-damage|p1a: Turtonator|94/100|[from] Sandstorm
|-heal|p2a: Lunatone|80/100|[from] item: Leftovers
|upkeep
|turn|25
|
|t:|1644012646
|switch|p1a: Mawile|Mawile, F, shiny|89/100
|-ability|p1a: Mawile|Intimidate|boost
|-unboost|p2a: Lunatone|atk|1
|move|p2a: Lunatone|Power Gem|p1a: Mawile
|-resisted|p1a: Mawile
|-damage|p1a: Mawile|58/100
|
|-weather|Sandstorm|[upkeep]
|-heal|p2a: Lunatone|86/100|[from] item: Leftovers
|upkeep
|turn|26
|
|t:|1644012657
|move|p2a: Lunatone|Stealth Rock|p1a: Mawile
|-sidestart|p1: Yogapants|move: Stealth Rock
|move|p1a: Mawile|Knock Off|p2a: Lunatone
|-supereffective|p2a: Lunatone
|-damage|p2a: Lunatone|37/100
|-enditem|p2a: Lunatone|Leftovers|[from] move: Knock Off|[of] p1a: Mawile
|
|-weather|none
|upkeep
|turn|27
|
|t:|1644012664
|move|p2a: Lunatone|Moonlight|p2a: Lunatone
|-heal|p2a: Lunatone|87/100
|move|p1a: Mawile|Toxic|p2a: Lunatone|[miss]
|-miss|p1a: Mawile|p2a: Lunatone
|
|upkeep
|turn|28
|
|t:|1644012665
|move|p2a: Lunatone|Future Sight|p1a: Mawile
|-start|p2a: Lunatone|move: Future Sight
|move|p1a: Mawile|Toxic|p2a: Lunatone
|-status|p2a: Lunatone|tox
|
|-damage|p2a: Lunatone|81/100 tox|[from] psn
|upkeep
|turn|29
|
|t:|1644012681
|switch|p2a: Charizard|Charizard, M|82/100
|move|p1a: Mawile|Knock Off|p2a: Charizard
|-damage|p2a: Charizard|57/100
|-enditem|p2a: Charizard|Heavy-Duty Boots|[from] move: Knock Off|[of] p1a: Mawile
|
|upkeep
|turn|30
|
|t:|1644012697
|switch|p1a: Turtonator|Turtonator, M, shiny|94/100
|-damage|p1a: Turtonator|69/100|[from] Stealth Rock
|move|p2a: Charizard|Defog|p1a: Turtonator
|-unboost|p1a: Turtonator|evasion|1
|-sideend|p1: Yogapants|Stealth Rock|[from] move: Defog|[of] p2a: Charizard
|-sideend|p2: panned bomb|Stealth Rock|[from] move: Defog|[of] p2a: Charizard
|
|-end|p1a: Turtonator|move: Future Sight
|-damage|p1a: Turtonator|0 fnt
|faint|p1a: Turtonator
|upkeep
|l| Meujeuh
|
|t:|1644012709
|switch|p1a: Silvally|Silvally-Ghost|94/100
|turn|31
|
|t:|1644012712
|move|p2a: Charizard|Flamethrower|p1a: Silvally
|-damage|p1a: Silvally|48/100
|move|p1a: Silvally|Swords Dance|p1a: Silvally
|-boost|p1a: Silvally|atk|2
|
|upkeep
|turn|32
|
|t:|1644012716
|move|p2a: Charizard|Flamethrower|p1a: Silvally
|-damage|p1a: Silvally|1/100
|move|p1a: Silvally|Flame Charge|p2a: Charizard
|-resisted|p2a: Charizard
|-damage|p2a: Charizard|36/100
|-boost|p1a: Silvally|spe|1
|
|upkeep
|turn|33
|
|t:|1644012729
|switch|p2a: Skuntank|Skuntank, M|75/100 slp
|move|p1a: Silvally|Multi-Attack|p2a: Skuntank
|-resisted|p2a: Skuntank
|-damage|p2a: Skuntank|8/100 slp
|
|-heal|p2a: Skuntank|14/100 slp|[from] item: Leftovers
|upkeep
|turn|34
|
|t:|1644012740
|move|p1a: Silvally|Flame Charge|p2a: Skuntank
|-damage|p2a: Skuntank|0 fnt
|-boost|p1a: Silvally|spe|1
|-damage|p1a: Silvally|0 fnt|[from] ability: Aftermath|[of] p2a: Skuntank
|faint|p2a: Skuntank
|faint|p1a: Silvally
|
|upkeep
|
|t:|1644012750
|switch|p1a: Galvantula|Galvantula, F, shiny|100/100
|switch|p2a: Frosmoth|Frosmoth, M|92/100
|turn|35
|
|t:|1644012754
|move|p1a: Galvantula|Thunder|p2a: Frosmoth
|-damage|p2a: Frosmoth|51/100
|move|p2a: Frosmoth|Quiver Dance|p2a: Frosmoth
|-boost|p2a: Frosmoth|spa|1
|-boost|p2a: Frosmoth|spd|1
|-boost|p2a: Frosmoth|spe|1
|
|upkeep
|turn|36
|c|☆Yogapants|Gg
|
|t:|1644012764
|move|p2a: Frosmoth|Ice Beam|p1a: Galvantula
|-crit|p1a: Galvantula
|-damage|p1a: Galvantula|0 fnt
|faint|p1a: Galvantula
|
|upkeep
|
|t:|1644012766
|switch|p1a: Eldegoss|Eldegoss, F, shiny|100/100
|turn|37
|c|☆panned bomb|GG
|
|t:|1644012774
|move|p2a: Frosmoth|Substitute|p2a: Frosmoth
|-start|p2a: Frosmoth|Substitute
|-damage|p2a: Frosmoth|26/100
|move|p1a: Eldegoss|Sleep Powder||[still]
|-fail|p1a: Eldegoss
|
|upkeep
|turn|38
|-message|Yogapants forfeited.
|
|win|panned bomb
|raw|Yogapants's rating: 1354 &rarr; <strong>1343</strong><br />(-11 for losing)
|raw|panned bomb's rating: 1529 &rarr; <strong>1540</strong><br />(+11 for winning)
|l|☆Yogapants
