|j|☆broken vullaby
|j|☆ZeReaTR4NYT
|player|p1|broken vullaby|hapu|
|player|p2|ZeReaTR4NYT|lusamine-nihilego|
|teamsize|p1|6
|teamsize|p2|6
|gametype|singles
|gen|8
|tier|[Gen 8] PU
|rated|Tournament battle
|clearpoke
|poke|p1|Grapploct, M|
|poke|p1|Leafeon, M|
|poke|p1|Mr. Mime, M|
|poke|p1|Musharna, M|
|poke|p1|Persian, F|
|poke|p1|Carkol, F|
|poke|p2|Liepard, F|
|poke|p2|Shedinja|
|poke|p2|Hattrem, F|
|poke|p2|Carkol, M|
|poke|p2|Manectric, F|
|poke|p2|Grapploct, M|
|rule|Sleep Clause Mod: Limit one foe put to sleep
|rule|Species Clause: Limit one of each Pokémon
|rule|OHKO Clause: OHKO moves are banned
|rule|Evasion Moves Clause: Evasion moves are banned
|rule|Endless Battle Clause: Forcing endless battles is banned
|rule|HP Percentage Mod: HP is shown in percentages
|rule|Dynamax Clause: You cannot dynamax
|teampreview
|j| Gastouche
|
|start
|switch|p1a: Persian|Persian, F|100/100
|switch|p2a: Manectric|Manectric, F|100/100
|turn|1
|j| Fathiryxi06
|c| Gastouche|broken vullaby is a tcheater
|l| Gastouche
|
|switch|p2a: Carkol|Carkol, M|100/100
|move|p1a: Persian|Fake Out|p2a: Carkol
|-resisted|p2a: Carkol
|-damage|p2a: Carkol|94/100
|
|upkeep
|turn|2
|c|☆broken vullaby|i made this team with randpoke
|c|☆broken vullaby|lol
|l| Fathiryxi06
|c|☆ZeReaTR4NYT|Quelle indignité
|c|☆ZeReaTR4NYT|Gastouche victme
|
|move|p1a: Persian|Water Pulse|p2a: Carkol
|-supereffective|p2a: Carkol
|-damage|p2a: Carkol|42/100
|move|p2a: Carkol|Stealth Rock|p1a: Persian
|-sidestart|p1: broken vullaby|move: Stealth Rock
|
|upkeep
|turn|3
|c|☆broken vullaby|thats why ihave both musharna and mr mime
|
|switch|p2a: Grapploct|Grapploct, M|100/100
|move|p1a: Persian|Water Pulse|p2a: Grapploct
|-damage|p2a: Grapploct|85/100
|
|-heal|p2a: Grapploct|91/100|[from] item: Leftovers
|upkeep
|turn|4
|c|☆ZeReaTR4NYT|rand was cool for you
|
|switch|p2a: Liepard|Liepard, F|100/100
|move|p1a: Persian|U-turn|p2a: Liepard
|-supereffective|p2a: Liepard
|-damage|p2a: Liepard|25/100
|
|switch|p1a: Grapploct|Grapploct, M|100/100|[from]move: U-turn
|-damage|p1a: Grapploct|94/100|[from] Stealth Rock
|
|-heal|p1a: Grapploct|100/100|[from] item: Leftovers
|upkeep
|turn|5
|
|move|p2a: Liepard|U-turn|p1a: Grapploct
|-resisted|p1a: Grapploct
|-damage|p1a: Grapploct|93/100
|
|switch|p2a: Grapploct|Grapploct, M|91/100|[from]move: U-turn
|move|p1a: Grapploct|Brutal Swing|p2a: Grapploct
|-resisted|p2a: Grapploct
|-damage|p2a: Grapploct|77/100
|
|-heal|p1a: Grapploct|99/100|[from] item: Leftovers
|-heal|p2a: Grapploct|83/100|[from] item: Leftovers
|upkeep
|turn|6
|
|switch|p1a: Musharna|Musharna, M|100/100
|-damage|p1a: Musharna|88/100|[from] Stealth Rock
|move|p2a: Grapploct|Bulk Up|p2a: Grapploct
|-boost|p2a: Grapploct|atk|1
|-boost|p2a: Grapploct|def|1
|
|-heal|p2a: Grapploct|89/100|[from] item: Leftovers
|upkeep
|turn|7
|
|switch|p2a: Shedinja|Shedinja|100/100
|move|p1a: Musharna|Moonblast|p2a: Shedinja
|-immune|p2a: Shedinja|[from] ability: Wonder Guard
|
|upkeep
|turn|8
|
|switch|p2a: Hattrem|Hattrem, F|100/100
|switch|p1a: Carkol|Carkol, F|100/100
|-damage|p1a: Carkol|76/100|[from] Stealth Rock
|
|upkeep
|turn|9
|
|move|p1a: Carkol|Rapid Spin|p2a: Hattrem
|-damage|p2a: Hattrem|95/100
|-boost|p1a: Carkol|spe|1
|-sideend|p1: broken vullaby|Stealth Rock|[from] move: Rapid Spin|[of] p1a: Carkol
|move|p2a: Hattrem|Calm Mind|p2a: Hattrem
|-boost|p2a: Hattrem|spa|1
|-boost|p2a: Hattrem|spd|1
|
|upkeep
|turn|10
|
|switch|p1a: Mr. Mime|Mr. Mime, M|100/100
|move|p2a: Hattrem|Psychic|p1a: Mr. Mime
|-resisted|p1a: Mr. Mime
|-damage|p1a: Mr. Mime|65/100
|
|upkeep
|turn|11
|
|move|p1a: Mr. Mime|Trick|p2a: Hattrem
|-activate|p1a: Mr. Mime|move: Trick|[of] p2a: Hattrem
|-item|p2a: Hattrem|Choice Scarf|[from] move: Trick
|-item|p1a: Mr. Mime|Eviolite|[from] move: Trick
|move|p2a: Hattrem|Giga Drain|p1a: Mr. Mime
|-damage|p1a: Mr. Mime|24/100
|-heal|p2a: Hattrem|100/100|[from] drain|[of] p1a: Mr. Mime
|
|upkeep
|turn|12
|
|switch|p1a: Leafeon|Leafeon, M|100/100
|switch|p2a: Shedinja|Shedinja|100/100
|
|upkeep
|turn|13
|
|move|p1a: Leafeon|Knock Off|p2a: Shedinja
|-supereffective|p2a: Shedinja
|-enditem|p2a: Shedinja|Focus Sash
|-damage|p2a: Shedinja|100/100
|move|p2a: Shedinja|Toxic|p1a: Leafeon
|-status|p1a: Leafeon|tox
|
|-damage|p1a: Leafeon|95/100 tox|[from] psn
|upkeep
|turn|14
|
|switch|p2a: Carkol|Carkol, M|42/100
|move|p1a: Leafeon|Knock Off|p2a: Carkol
|-damage|p2a: Carkol|21/100
|-enditem|p2a: Carkol|Eviolite|[from] move: Knock Off|[of] p1a: Leafeon
|
|-damage|p1a: Leafeon|83/100 tox|[from] psn
|upkeep
|turn|15
|
|switch|p1a: Carkol|Carkol, F|76/100
|move|p2a: Carkol|Stealth Rock|p1a: Carkol
|-sidestart|p1: broken vullaby|move: Stealth Rock
|
|upkeep
|turn|16
|j|+ashleysparkles
|
|move|p1a: Carkol|Stealth Rock|p2a: Carkol
|-sidestart|p2: ZeReaTR4NYT|move: Stealth Rock
|move|p2a: Carkol|Scald|p1a: Carkol
|-supereffective|p1a: Carkol
|-damage|p1a: Carkol|37/100
|
|upkeep
|turn|17
|
|move|p2a: Carkol|Rapid Spin|p1a: Carkol
|-resisted|p1a: Carkol
|-damage|p1a: Carkol|36/100
|-boost|p2a: Carkol|spe|1
|-sideend|p2: ZeReaTR4NYT|Stealth Rock|[from] move: Rapid Spin|[of] p2a: Carkol
|move|p1a: Carkol|Rapid Spin|p2a: Carkol
|-resisted|p2a: Carkol
|-damage|p2a: Carkol|20/100
|-boost|p1a: Carkol|spe|1
|-sideend|p1: broken vullaby|Stealth Rock|[from] move: Rapid Spin|[of] p1a: Carkol
|
|upkeep
|turn|18
|
|move|p1a: Carkol|Stealth Rock|p2a: Carkol
|-sidestart|p2: ZeReaTR4NYT|move: Stealth Rock
|move|p2a: Carkol|Rapid Spin|p1a: Carkol
|-resisted|p1a: Carkol
|-damage|p1a: Carkol|34/100
|-boost|p2a: Carkol|spe|1
|-sideend|p2: ZeReaTR4NYT|Stealth Rock|[from] move: Rapid Spin|[of] p2a: Carkol
|
|upkeep
|turn|19
|
|move|p2a: Carkol|Scald|p1a: Carkol
|-supereffective|p1a: Carkol
|-damage|p1a: Carkol|0 fnt
|faint|p1a: Carkol
|
|upkeep
|
|switch|p1a: Persian|Persian, F|100/100
|turn|20
|
|switch|p2a: Shedinja|Shedinja|100/100
|move|p1a: Persian|Water Pulse|p2a: Shedinja
|-immune|p2a: Shedinja|[from] ability: Wonder Guard
|
|upkeep
|turn|21
|
|switch|p1a: Leafeon|Leafeon, M|83/100 tox
|switch|p2a: Carkol|Carkol, M|20/100
|
|-damage|p1a: Leafeon|77/100 tox|[from] psn
|upkeep
|turn|22
|
|switch|p2a: Grapploct|Grapploct, M|89/100
|move|p1a: Leafeon|Leaf Blade|p2a: Grapploct
|-damage|p2a: Grapploct|22/100
|
|-heal|p2a: Grapploct|28/100|[from] item: Leftovers
|-damage|p1a: Leafeon|65/100 tox|[from] psn
|upkeep
|turn|23
|
|move|p2a: Grapploct|Sucker Punch|p1a: Leafeon
|-damage|p1a: Leafeon|40/100 tox
|move|p1a: Leafeon|Leaf Blade|p2a: Grapploct
|-damage|p2a: Grapploct|0 fnt
|faint|p2a: Grapploct
|
|-damage|p1a: Leafeon|22/100 tox|[from] psn
|upkeep
|
|switch|p2a: Manectric|Manectric, F|100/100
|turn|24
|
|switch|p1a: Musharna|Musharna, M|88/100
|move|p2a: Manectric|Volt Switch|p1a: Musharna
|-damage|p1a: Musharna|47/100
|
|switch|p2a: Liepard|Liepard, F|25/100|[from]move: Volt Switch
|
|upkeep
|turn|25
|
|move|p2a: Liepard|Knock Off|p1a: Musharna
|-supereffective|p1a: Musharna
|-enditem|p1a: Musharna|Colbur Berry|[eat]
|-enditem|p1a: Musharna|Colbur Berry|[weaken]
|-damage|p1a: Musharna|20/100
|move|p1a: Musharna|Moonblast|p2a: Liepard
|-supereffective|p2a: Liepard
|-damage|p2a: Liepard|0 fnt
|faint|p2a: Liepard
|
|upkeep
|
|switch|p2a: Manectric|Manectric, F|100/100
|turn|26
|
|move|p2a: Manectric|Volt Switch|p1a: Musharna
|-damage|p1a: Musharna|0 fnt
|faint|p1a: Musharna
|
|switch|p2a: Hattrem|Hattrem, F|100/100|[from]move: Volt Switch
|
|upkeep
|j| Forgis
|j| Sorgensamen
|
|switch|p1a: Grapploct|Grapploct, M|99/100
|turn|27
|
|move|p2a: Hattrem|Psychic|p1a: Grapploct
|-supereffective|p1a: Grapploct
|-damage|p1a: Grapploct|18/100
|move|p1a: Grapploct|Brutal Swing|p2a: Hattrem
|-supereffective|p2a: Hattrem
|-damage|p2a: Hattrem|21/100
|
|-heal|p1a: Grapploct|24/100|[from] item: Leftovers
|upkeep
|turn|28
|
|move|p1a: Grapploct|Sucker Punch|p2a: Hattrem
|-supereffective|p2a: Hattrem
|-damage|p2a: Hattrem|0 fnt
|faint|p2a: Hattrem
|
|-heal|p1a: Grapploct|30/100|[from] item: Leftovers
|upkeep
|
|switch|p2a: Manectric|Manectric, F|100/100
|turn|29
|
|move|p2a: Manectric|Volt Switch|p1a: Grapploct
|-damage|p1a: Grapploct|0 fnt
|faint|p1a: Grapploct
|
|switch|p2a: Shedinja|Shedinja|100/100|[from]move: Volt Switch
|
|upkeep
|
|switch|p1a: Mr. Mime|Mr. Mime, M|24/100
|turn|30
|l| Forgis
|
|move|p2a: Shedinja|Shadow Sneak|p1a: Mr. Mime
|-supereffective|p1a: Mr. Mime
|-damage|p1a: Mr. Mime|0 fnt
|faint|p1a: Mr. Mime
|
|upkeep
|j| ShwiftyShiftry
|c|☆broken vullaby|gg
|-message|broken vullaby forfeited.
|
|win|ZeReaTR4NYT
