|j|☆shnen
|j|☆pult72b z
|t:|1627674821
|gametype|singles
|player|p1|shnen|fantina|1515
|player|p2|pult72b z|erika|1474
|teamsize|p1|6
|teamsize|p2|6
|gen|8
|tier|[Gen 8] PU
|rated|
|rule|Sleep Clause Mod: Limit one foe put to sleep
|rule|Species Clause: Limit one of each Pokémon
|rule|OHKO Clause: OHKO moves are banned
|rule|Evasion Moves Clause: Evasion moves are banned
|rule|Endless Battle Clause: Forcing endless battles is banned
|rule|HP Percentage Mod: HP is shown in percentages
|rule|Dynamax Clause: You cannot dynamax
|clearpoke
|poke|p1|Lycanroc, M|
|poke|p1|Drampa, F|
|poke|p1|Passimian, F|
|poke|p1|Whimsicott, M|
|poke|p1|Aggron, M|
|poke|p1|Quagsire, F|
|poke|p2|Sandaconda, F|
|poke|p2|Togedemaru, M|
|poke|p2|Gigalith, M|
|poke|p2|Weezing, M|
|poke|p2|Whimsicott, M|
|poke|p2|Mesprit|
|teampreview
|inactive|Battle timer is ON: inactive players will automatically lose when time's up. (requested by shnen)
|
|t:|1627674845
|start
|switch|p1a: Whimsicott|Whimsicott, M|100/100
|switch|p2a: Whimsicott|Whimsicott, M|100/100
|turn|1
|
|t:|1627674851
|switch|p2a: Togedemaru|Togedemaru, M|100/100
|move|p1a: Whimsicott|U-turn|p2a: Togedemaru
|-resisted|p2a: Togedemaru
|-damage|p2a: Togedemaru|93/100
|-damage|p1a: Whimsicott|88/100|[from] ability: Iron Barbs|[of] p2a: Togedemaru
|
|t:|1627674869
|switch|p1a: Quagsire|Quagsire, F|100/100|[from]move: U-turn
|
|upkeep
|turn|2
|
|t:|1627674876
|move|p2a: Togedemaru|U-turn|p1a: Quagsire
|-damage|p1a: Quagsire|89/100
|
|t:|1627674880
|switch|p2a: Weezing|Weezing, M|100/100|[from]move: U-turn
|-ability|p2a: Weezing|Neutralizing Gas
|move|p1a: Quagsire|Earthquake|p2a: Weezing
|-supereffective|p2a: Weezing
|-damage|p2a: Weezing|60/100
|
|-heal|p1a: Quagsire|95/100|[from] item: Leftovers
|upkeep
|turn|3
|
|t:|1627674888
|move|p2a: Weezing|Will-O-Wisp|p1a: Quagsire
|-status|p1a: Quagsire|brn
|move|p1a: Quagsire|Earthquake|p2a: Weezing
|-supereffective|p2a: Weezing
|-damage|p2a: Weezing|40/100
|
|-heal|p1a: Quagsire|100/100 brn|[from] item: Leftovers
|-damage|p1a: Quagsire|94/100 brn|[from] brn
|upkeep
|turn|4
|
|t:|1627674892
|switch|p1a: Aggron|Aggron, M|100/100
|move|p2a: Weezing|Toxic Spikes|p1a: Aggron
|-sidestart|p1: shnen|move: Toxic Spikes
|
|upkeep
|turn|5
|
|t:|1627674897
|-end|p2a: Weezing|ability: Neutralizing Gas
|switch|p2a: Sandaconda|Sandaconda, F|100/100
|move|p1a: Aggron|Head Smash|p2a: Sandaconda|[miss]
|-miss|p1a: Aggron|p2a: Sandaconda
|
|upkeep
|turn|6
|
|t:|1627674909
|switch|p1a: Whimsicott|Whimsicott, M|88/100
|move|p2a: Sandaconda|Stone Edge|p1a: Whimsicott
|-damage|p1a: Whimsicott|43/100
|
|upkeep
|turn|7
|
|t:|1627674916
|switch|p2a: Togedemaru|Togedemaru, M|93/100
|move|p1a: Whimsicott|Defog|p2a: Togedemaru
|-unboost|p2a: Togedemaru|evasion|1
|-sideend|p1: shnen|Toxic Spikes|[from] move: Defog|[of] p1a: Whimsicott
|
|upkeep
|turn|8
|
|t:|1627674927
|move|p1a: Whimsicott|U-turn|p2a: Togedemaru
|-resisted|p2a: Togedemaru
|-damage|p2a: Togedemaru|85/100
|-damage|p1a: Whimsicott|30/100|[from] ability: Iron Barbs|[of] p2a: Togedemaru
|
|t:|1627674929
|switch|p1a: Quagsire|Quagsire, F|94/100 brn|[from]move: U-turn
|move|p2a: Togedemaru|Wish|p2a: Togedemaru
|
|-heal|p1a: Quagsire|100/100 brn|[from] item: Leftovers
|-damage|p1a: Quagsire|94/100 brn|[from] brn
|upkeep
|turn|9
|
|t:|1627674935
|switch|p1a: Drampa|Drampa, F|100/100
|move|p2a: Togedemaru|U-turn|p1a: Drampa
|-crit|p1a: Drampa
|-damage|p1a: Drampa|75/100
|
|t:|1627674938
|switch|p2a: Weezing|Weezing, M|40/100|[from]move: U-turn
|-ability|p2a: Weezing|Neutralizing Gas
|
|-heal|p2a: Weezing|90/100|[from] move: Wish|[wisher] Togedemaru
|upkeep
|turn|10
|
|t:|1627674943
|-end|p2a: Weezing|ability: Neutralizing Gas
|switch|p2a: Gigalith|Gigalith, M|100/100
|-weather|Sandstorm|[from] ability: Sand Stream|[of] p2a: Gigalith
|move|p1a: Drampa|Draco Meteor|p2a: Gigalith
|-damage|p2a: Gigalith|47/100
|-unboost|p1a: Drampa|spa|2
|
|-weather|Sandstorm|[upkeep]
|-damage|p1a: Drampa|69/100|[from] Sandstorm
|-heal|p2a: Gigalith|53/100|[from] item: Leftovers
|upkeep
|turn|11
|
|t:|1627674958
|switch|p1a: Quagsire|Quagsire, F|94/100 brn
|move|p2a: Gigalith|Stealth Rock|p1a: Quagsire
|-sidestart|p1: shnen|move: Stealth Rock
|
|-weather|Sandstorm|[upkeep]
|-heal|p1a: Quagsire|100/100 brn|[from] item: Leftovers
|-heal|p2a: Gigalith|59/100|[from] item: Leftovers
|-damage|p1a: Quagsire|94/100 brn|[from] brn
|upkeep
|turn|12
|
|t:|1627674963
|switch|p2a: Weezing|Weezing, M|90/100
|-ability|p2a: Weezing|Neutralizing Gas
|move|p1a: Quagsire|Scald|p2a: Weezing
|-damage|p2a: Weezing|64/100
|-status|p2a: Weezing|brn
|
|-weather|Sandstorm|[upkeep]
|-damage|p2a: Weezing|58/100 brn|[from] Sandstorm
|-heal|p1a: Quagsire|100/100 brn|[from] item: Leftovers
|-damage|p2a: Weezing|52/100 brn|[from] brn
|-damage|p1a: Quagsire|94/100 brn|[from] brn
|upkeep
|turn|13
|
|t:|1627674968
|switch|p1a: Drampa|Drampa, F|69/100
|-damage|p1a: Drampa|57/100|[from] Stealth Rock
|move|p2a: Weezing|Toxic Spikes|p1a: Drampa
|-sidestart|p1: shnen|move: Toxic Spikes
|
|-weather|Sandstorm|[upkeep]
|-damage|p2a: Weezing|46/100 brn|[from] Sandstorm
|-damage|p1a: Drampa|51/100|[from] Sandstorm
|-damage|p2a: Weezing|40/100 brn|[from] brn
|upkeep
|turn|14
|j|+tjay
|
|t:|1627674989
|-end|p2a: Weezing|ability: Neutralizing Gas
|switch|p2a: Gigalith|Gigalith, M|59/100
|move|p1a: Drampa|Hyper Voice|p2a: Gigalith
|-resisted|p2a: Gigalith
|-damage|p2a: Gigalith|40/100
|
|-weather|none
|-heal|p2a: Gigalith|47/100|[from] item: Leftovers
|upkeep
|turn|15
|
|t:|1627674998
|switch|p2a: Whimsicott|Whimsicott, M|100/100
|move|p1a: Drampa|Hyper Voice|p2a: Whimsicott
|-damage|p2a: Whimsicott|0 fnt
|faint|p2a: Whimsicott
|
|upkeep
|
|t:|1627675001
|switch|p2a: Togedemaru|Togedemaru, M|85/100
|turn|16
|
|t:|1627675017
|switch|p1a: Aggron|Aggron, M|100/100
|-damage|p1a: Aggron|94/100|[from] Stealth Rock
|move|p2a: Togedemaru|U-turn|p1a: Aggron
|-resisted|p1a: Aggron
|-damage|p1a: Aggron|89/100
|
|t:|1627675019
|switch|p2a: Sandaconda|Sandaconda, F|100/100|[from]move: U-turn
|
|-heal|p1a: Aggron|96/100|[from] item: Leftovers
|upkeep
|turn|17
|
|t:|1627675022
|move|p1a: Aggron|Protect|p1a: Aggron
|-singleturn|p1a: Aggron|Protect
|move|p2a: Sandaconda|Earthquake|p1a: Aggron
|-activate|p1a: Aggron|move: Protect
|
|-heal|p1a: Aggron|100/100|[from] item: Leftovers
|upkeep
|turn|18
|
|t:|1627675027
|switch|p1a: Quagsire|Quagsire, F|94/100 brn
|-damage|p1a: Quagsire|88/100 brn|[from] Stealth Rock
|move|p2a: Sandaconda|Earthquake|p1a: Quagsire
|-damage|p1a: Quagsire|59/100 brn
|
|-heal|p1a: Quagsire|65/100 brn|[from] item: Leftovers
|-damage|p1a: Quagsire|59/100 brn|[from] brn
|upkeep
|turn|19
|
|t:|1627675034
|switch|p2a: Mesprit|Mesprit|100/100
|move|p1a: Quagsire|Recover|p1a: Quagsire
|-heal|p1a: Quagsire|100/100 brn
|
|-damage|p1a: Quagsire|94/100 brn|[from] brn
|upkeep
|turn|20
|
|t:|1627675056
|switch|p1a: Aggron|Aggron, M|100/100
|-damage|p1a: Aggron|94/100|[from] Stealth Rock
|move|p2a: Mesprit|U-turn|p1a: Aggron
|-resisted|p1a: Aggron
|-damage|p1a: Aggron|90/100
|
|t:|1627675058
|switch|p2a: Sandaconda|Sandaconda, F|100/100|[from]move: U-turn
|
|-heal|p1a: Aggron|96/100|[from] item: Leftovers
|upkeep
|turn|21
|
|t:|1627675061
|move|p1a: Aggron|Protect|p1a: Aggron
|-singleturn|p1a: Aggron|Protect
|move|p2a: Sandaconda|Coil|p2a: Sandaconda
|-boost|p2a: Sandaconda|atk|1
|-boost|p2a: Sandaconda|def|1
|-boost|p2a: Sandaconda|accuracy|1
|
|-heal|p1a: Aggron|100/100|[from] item: Leftovers
|upkeep
|turn|22
|
|t:|1627675066
|switch|p1a: Quagsire|Quagsire, F|94/100 brn
|-damage|p1a: Quagsire|88/100 brn|[from] Stealth Rock
|move|p2a: Sandaconda|Earthquake|p1a: Quagsire
|-damage|p1a: Quagsire|60/100 brn
|
|-heal|p1a: Quagsire|66/100 brn|[from] item: Leftovers
|-damage|p1a: Quagsire|60/100 brn|[from] brn
|upkeep
|turn|23
|
|t:|1627675068
|switch|p2a: Mesprit|Mesprit|100/100
|move|p1a: Quagsire|Scald|p2a: Mesprit
|-damage|p2a: Mesprit|82/100
|
|-heal|p1a: Quagsire|66/100 brn|[from] item: Leftovers
|-damage|p1a: Quagsire|60/100 brn|[from] brn
|upkeep
|turn|24
|
|t:|1627675073
|switch|p1a: Aggron|Aggron, M|100/100
|-damage|p1a: Aggron|94/100|[from] Stealth Rock
|move|p2a: Mesprit|U-turn|p1a: Aggron
|-resisted|p1a: Aggron
|-damage|p1a: Aggron|90/100
|
|t:|1627675074
|switch|p2a: Sandaconda|Sandaconda, F|100/100|[from]move: U-turn
|
|-heal|p1a: Aggron|96/100|[from] item: Leftovers
|upkeep
|turn|25
|
|t:|1627675077
|switch|p1a: Whimsicott|Whimsicott, M|30/100
|move|p2a: Sandaconda|Earthquake|p1a: Whimsicott
|-resisted|p1a: Whimsicott
|-damage|p1a: Whimsicott|0 fnt
|faint|p1a: Whimsicott
|
|upkeep
|
|t:|1627675079
|switch|p1a: Quagsire|Quagsire, F|60/100 brn
|-damage|p1a: Quagsire|54/100 brn|[from] Stealth Rock
|turn|26
|
|t:|1627675082
|switch|p2a: Mesprit|Mesprit|82/100
|move|p1a: Quagsire|Recover|p1a: Quagsire
|-heal|p1a: Quagsire|100/100 brn
|
|-damage|p1a: Quagsire|94/100 brn|[from] brn
|upkeep
|turn|27
|
|t:|1627675086
|switch|p1a: Aggron|Aggron, M|96/100
|-damage|p1a: Aggron|90/100|[from] Stealth Rock
|move|p2a: Mesprit|Psychic|p1a: Aggron
|-resisted|p1a: Aggron
|-damage|p1a: Aggron|69/100
|
|-heal|p1a: Aggron|75/100|[from] item: Leftovers
|upkeep
|turn|28
|
|t:|1627675090
|switch|p2a: Sandaconda|Sandaconda, F|100/100
|move|p1a: Aggron|Stealth Rock|p2a: Sandaconda
|-sidestart|p2: pult72b z|move: Stealth Rock
|
|-heal|p1a: Aggron|81/100|[from] item: Leftovers
|upkeep
|turn|29
|
|t:|1627675105
|switch|p1a: Quagsire|Quagsire, F|94/100 brn
|-damage|p1a: Quagsire|88/100 brn|[from] Stealth Rock
|move|p2a: Sandaconda|Earthquake|p1a: Quagsire
|-crit|p1a: Quagsire
|-damage|p1a: Quagsire|39/100 brn
|
|-heal|p1a: Quagsire|45/100 brn|[from] item: Leftovers
|-damage|p1a: Quagsire|39/100 brn|[from] brn
|upkeep
|turn|30
|
|t:|1627675110
|switch|p2a: Mesprit|Mesprit|82/100
|-damage|p2a: Mesprit|70/100|[from] Stealth Rock
|move|p1a: Quagsire|Recover|p1a: Quagsire
|-heal|p1a: Quagsire|89/100 brn
|
|-heal|p1a: Quagsire|95/100 brn|[from] item: Leftovers
|-damage|p1a: Quagsire|89/100 brn|[from] brn
|upkeep
|turn|31
|
|t:|1627675118
|move|p2a: Mesprit|U-turn|p1a: Quagsire
|-damage|p1a: Quagsire|78/100 brn
|
|t:|1627675135
|switch|p2a: Togedemaru|Togedemaru, M|85/100|[from]move: U-turn
|-damage|p2a: Togedemaru|79/100|[from] Stealth Rock
|move|p1a: Quagsire|Scald|p2a: Togedemaru
|-damage|p2a: Togedemaru|62/100
|-status|p2a: Togedemaru|brn
|
|-heal|p1a: Quagsire|84/100 brn|[from] item: Leftovers
|-damage|p2a: Togedemaru|56/100 brn|[from] brn
|-damage|p1a: Quagsire|78/100 brn|[from] brn
|upkeep
|turn|32
|
|t:|1627675142
|move|p2a: Togedemaru|U-turn|p1a: Quagsire
|-damage|p1a: Quagsire|72/100 brn
|
|t:|1627675152
|switch|p2a: Mesprit|Mesprit|70/100|[from]move: U-turn
|-damage|p2a: Mesprit|58/100|[from] Stealth Rock
|move|p1a: Quagsire|Earthquake|p2a: Mesprit
|-immune|p2a: Mesprit|[from] ability: Levitate
|
|-heal|p1a: Quagsire|78/100 brn|[from] item: Leftovers
|-damage|p1a: Quagsire|72/100 brn|[from] brn
|upkeep
|turn|33
|
|t:|1627675157
|switch|p1a: Aggron|Aggron, M|81/100
|-damage|p1a: Aggron|75/100|[from] Stealth Rock
|move|p2a: Mesprit|Psychic|p1a: Aggron
|-resisted|p1a: Aggron
|-damage|p1a: Aggron|55/100
|
|-heal|p1a: Aggron|61/100|[from] item: Leftovers
|upkeep
|turn|34
|j| helpbatonpass
|
|t:|1627675163
|switch|p2a: Sandaconda|Sandaconda, F|100/100
|-damage|p2a: Sandaconda|94/100|[from] Stealth Rock
|switch|p1a: Quagsire|Quagsire, F|72/100 brn
|-damage|p1a: Quagsire|66/100 brn|[from] Stealth Rock
|
|-heal|p2a: Sandaconda|100/100|[from] item: Leftovers
|-heal|p1a: Quagsire|72/100 brn|[from] item: Leftovers
|-damage|p1a: Quagsire|66/100 brn|[from] brn
|upkeep
|turn|35
|
|t:|1627675174
|switch|p2a: Mesprit|Mesprit|58/100
|-damage|p2a: Mesprit|45/100|[from] Stealth Rock
|move|p1a: Quagsire|Recover|p1a: Quagsire
|-heal|p1a: Quagsire|100/100 brn
|
|-damage|p1a: Quagsire|94/100 brn|[from] brn
|upkeep
|turn|36
|
|t:|1627675179
|switch|p1a: Aggron|Aggron, M|61/100
|-damage|p1a: Aggron|55/100|[from] Stealth Rock
|move|p2a: Mesprit|Psychic|p1a: Aggron
|-resisted|p1a: Aggron
|-damage|p1a: Aggron|36/100
|
|-heal|p1a: Aggron|42/100|[from] item: Leftovers
|upkeep
|turn|37
|
|t:|1627675182
|switch|p2a: Sandaconda|Sandaconda, F|100/100
|-damage|p2a: Sandaconda|94/100|[from] Stealth Rock
|move|p1a: Aggron|Heavy Slam|p2a: Sandaconda
|-damage|p2a: Sandaconda|48/100
|
|-heal|p2a: Sandaconda|54/100|[from] item: Leftovers
|-heal|p1a: Aggron|48/100|[from] item: Leftovers
|upkeep
|turn|38
|
|t:|1627675189
|switch|p1a: Quagsire|Quagsire, F|94/100 brn
|-damage|p1a: Quagsire|88/100 brn|[from] Stealth Rock
|move|p2a: Sandaconda|Coil|p2a: Sandaconda
|-boost|p2a: Sandaconda|atk|1
|-boost|p2a: Sandaconda|def|1
|-boost|p2a: Sandaconda|accuracy|1
|
|-heal|p2a: Sandaconda|60/100|[from] item: Leftovers
|-heal|p1a: Quagsire|94/100 brn|[from] item: Leftovers
|-damage|p1a: Quagsire|88/100 brn|[from] brn
|upkeep
|turn|39
|
|t:|1627675193
|switch|p2a: Mesprit|Mesprit|45/100
|-damage|p2a: Mesprit|33/100|[from] Stealth Rock
|move|p1a: Quagsire|Scald|p2a: Mesprit
|-crit|p2a: Mesprit
|-damage|p2a: Mesprit|3/100
|
|-heal|p1a: Quagsire|94/100 brn|[from] item: Leftovers
|-damage|p1a: Quagsire|88/100 brn|[from] brn
|upkeep
|turn|40
|
|t:|1627675201
|switch|p1a: Aggron|Aggron, M|48/100
|-damage|p1a: Aggron|42/100|[from] Stealth Rock
|move|p2a: Mesprit|Healing Wish|p2a: Mesprit
|faint|p2a: Mesprit
|
|-heal|p1a: Aggron|48/100|[from] item: Leftovers
|upkeep
|
|t:|1627675203
|switch|p2a: Weezing|Weezing, M|40/100 brn
|-ability|p2a: Weezing|Neutralizing Gas
|-heal|p2a: Weezing|100/100|[from] move: Healing Wish
|-damage|p2a: Weezing|88/100|[from] Stealth Rock
|turn|41
|
|t:|1627675212
|switch|p1a: Quagsire|Quagsire, F|88/100 brn
|-damage|p1a: Quagsire|82/100 brn|[from] Stealth Rock
|move|p2a: Weezing|Will-O-Wisp|p1a: Quagsire
|-fail|p1a: Quagsire|brn
|
|-heal|p1a: Quagsire|88/100 brn|[from] item: Leftovers
|-damage|p1a: Quagsire|82/100 brn|[from] brn
|upkeep
|turn|42
|
|t:|1627675226
|move|p2a: Weezing|Sludge Bomb|p1a: Quagsire
|-resisted|p1a: Quagsire
|-damage|p1a: Quagsire|65/100 brn
|move|p1a: Quagsire|Scald|p2a: Weezing
|-damage|p2a: Weezing|65/100
|
|-heal|p1a: Quagsire|72/100 brn|[from] item: Leftovers
|-damage|p1a: Quagsire|65/100 brn|[from] brn
|upkeep
|turn|43
|
|t:|1627675228
|move|p2a: Weezing|Sludge Bomb|p1a: Quagsire
|-resisted|p1a: Quagsire
|-damage|p1a: Quagsire|48/100 brn
|move|p1a: Quagsire|Recover|p1a: Quagsire
|-heal|p1a: Quagsire|98/100 brn
|
|-heal|p1a: Quagsire|100/100 brn|[from] item: Leftovers
|-damage|p1a: Quagsire|94/100 brn|[from] brn
|upkeep
|turn|44
|
|t:|1627675230
|move|p2a: Weezing|Sludge Bomb|p1a: Quagsire
|-resisted|p1a: Quagsire
|-damage|p1a: Quagsire|77/100 brn
|move|p1a: Quagsire|Scald|p2a: Weezing
|-damage|p2a: Weezing|43/100
|
|-heal|p1a: Quagsire|83/100 brn|[from] item: Leftovers
|-damage|p1a: Quagsire|77/100 brn|[from] brn
|upkeep
|turn|45
|
|t:|1627675233
|move|p2a: Weezing|Sludge Bomb|p1a: Quagsire
|-resisted|p1a: Quagsire
|-damage|p1a: Quagsire|61/100 brn
|move|p1a: Quagsire|Scald|p2a: Weezing
|-damage|p2a: Weezing|20/100
|-status|p2a: Weezing|brn
|
|-heal|p1a: Quagsire|67/100 brn|[from] item: Leftovers
|-damage|p2a: Weezing|14/100 brn|[from] brn
|-damage|p1a: Quagsire|61/100 brn|[from] brn
|upkeep
|turn|46
|
|t:|1627675245
|move|p2a: Weezing|Pain Split|p1a: Quagsire
|-sethp|p1a: Quagsire|36/100 brn|[from] move: Pain Split|[silent]
|-sethp|p2a: Weezing|43/100 brn|[from] move: Pain Split
|move|p1a: Quagsire|Recover|p1a: Quagsire
|-heal|p1a: Quagsire|86/100 brn
|
|-heal|p1a: Quagsire|92/100 brn|[from] item: Leftovers
|-damage|p2a: Weezing|37/100 brn|[from] brn
|-damage|p1a: Quagsire|86/100 brn|[from] brn
|upkeep
|turn|47
|
|t:|1627675253
|switch|p1a: Drampa|Drampa, F|51/100
|-damage|p1a: Drampa|39/100|[from] Stealth Rock
|-status|p1a: Drampa|psn
|move|p2a: Weezing|Pain Split|p1a: Drampa
|-sethp|p1a: Drampa|36/100 psn|[from] move: Pain Split|[silent]
|-sethp|p2a: Weezing|39/100 brn|[from] move: Pain Split
|
|-damage|p1a: Drampa|24/100 psn|[from] psn
|-damage|p2a: Weezing|33/100 brn|[from] brn
|upkeep
|turn|48
|
|t:|1627675267
|move|p2a: Weezing|Sludge Bomb|p1a: Drampa
|-damage|p1a: Drampa|0 fnt
|faint|p1a: Drampa
|
|-damage|p2a: Weezing|27/100 brn|[from] brn
|upkeep
|
|t:|1627675282
|switch|p1a: Lycanroc|Lycanroc, M|100/100
|-status|p1a: Lycanroc|psn
|-damage|p1a: Lycanroc|88/100 psn|[from] Stealth Rock
|turn|49
|
|t:|1627675287
|-end|p2a: Weezing|ability: Neutralizing Gas
|switch|p2a: Togedemaru|Togedemaru, M|56/100 brn
|-damage|p2a: Togedemaru|50/100 brn|[from] Stealth Rock
|move|p1a: Lycanroc|Swords Dance|p1a: Lycanroc
|-boost|p1a: Lycanroc|atk|2
|
|-damage|p1a: Lycanroc|76/100 psn|[from] psn
|-damage|p2a: Togedemaru|45/100 brn|[from] brn
|upkeep
|turn|50
|
|t:|1627675291
|move|p2a: Togedemaru|Spiky Shield|p2a: Togedemaru
|-singleturn|p2a: Togedemaru|move: Protect
|move|p1a: Lycanroc|Close Combat|p2a: Togedemaru
|-activate|p2a: Togedemaru|move: Protect
|-damage|p1a: Lycanroc|63/100 psn|[from] Spiky Shield|[of] p2a: Togedemaru
|
|-damage|p1a: Lycanroc|51/100 psn|[from] psn
|-damage|p2a: Togedemaru|39/100 brn|[from] brn
|upkeep
|turn|51
|
|t:|1627675297
|switch|p2a: Weezing|Weezing, M|27/100 brn
|-ability|p2a: Weezing|Neutralizing Gas
|-damage|p2a: Weezing|15/100 brn|[from] Stealth Rock
|move|p1a: Lycanroc|Close Combat|p2a: Weezing
|-resisted|p2a: Weezing
|-damage|p2a: Weezing|0 fnt
|-unboost|p1a: Lycanroc|def|1
|-unboost|p1a: Lycanroc|spd|1
|-damage|p1a: Lycanroc|35/100 psn|[from] item: Rocky Helmet|[of] p2a: Weezing
|faint|p2a: Weezing
|-end|p2a: Weezing|ability: Neutralizing Gas
|-damage|p1a: Lycanroc|25/100 psn|[from] item: Life Orb
|
|-damage|p1a: Lycanroc|12/100 psn|[from] psn
|upkeep
|
|t:|1627675300
|switch|p2a: Togedemaru|Togedemaru, M|39/100 brn
|-damage|p2a: Togedemaru|33/100 brn|[from] Stealth Rock
|turn|52
|
|t:|1627675304
|switch|p1a: Quagsire|Quagsire, F|86/100 brn
|-damage|p1a: Quagsire|80/100 brn|[from] Stealth Rock
|move|p2a: Togedemaru|Spiky Shield||[still]
|-fail|p2a: Togedemaru
|
|-heal|p1a: Quagsire|86/100 brn|[from] item: Leftovers
|-damage|p2a: Togedemaru|27/100 brn|[from] brn
|-damage|p1a: Quagsire|80/100 brn|[from] brn
|upkeep
|turn|53
|
|t:|1627675321
|move|p2a: Togedemaru|Wish|p2a: Togedemaru
|move|p1a: Quagsire|Scald|p2a: Togedemaru
|-damage|p2a: Togedemaru|9/100 brn
|
|-heal|p1a: Quagsire|86/100 brn|[from] item: Leftovers
|-damage|p2a: Togedemaru|3/100 brn|[from] brn
|-damage|p1a: Quagsire|80/100 brn|[from] brn
|upkeep
|turn|54
|
|t:|1627675326
|move|p2a: Togedemaru|Spiky Shield|p2a: Togedemaru
|-singleturn|p2a: Togedemaru|move: Protect
|move|p1a: Quagsire|Scald|p2a: Togedemaru
|-activate|p2a: Togedemaru|move: Protect
|
|-heal|p2a: Togedemaru|53/100 brn|[from] move: Wish|[wisher] Togedemaru
|-heal|p1a: Quagsire|86/100 brn|[from] item: Leftovers
|-damage|p2a: Togedemaru|47/100 brn|[from] brn
|-damage|p1a: Quagsire|80/100 brn|[from] brn
|upkeep
|turn|55
|
|t:|1627675328
|move|p2a: Togedemaru|Wish|p2a: Togedemaru
|move|p1a: Quagsire|Earthquake|p2a: Togedemaru
|-supereffective|p2a: Togedemaru
|-damage|p2a: Togedemaru|0 fnt
|faint|p2a: Togedemaru
|
|-heal|p1a: Quagsire|86/100 brn|[from] item: Leftovers
|-damage|p1a: Quagsire|80/100 brn|[from] brn
|upkeep
|
|t:|1627675330
|switch|p2a: Gigalith|Gigalith, M|47/100
|-damage|p2a: Gigalith|34/100|[from] Stealth Rock
|-weather|Sandstorm|[from] ability: Sand Stream|[of] p2a: Gigalith
|turn|56
|
|t:|1627675334
|switch|p2a: Sandaconda|Sandaconda, F|60/100
|-damage|p2a: Sandaconda|54/100|[from] Stealth Rock
|move|p1a: Quagsire|Toxic|p2a: Sandaconda
|-status|p2a: Sandaconda|tox
|
|-weather|Sandstorm|[upkeep]
|-heal|p2a: Sandaconda|100/100 tox|[from] move: Wish|[wisher] Togedemaru
|-heal|p1a: Quagsire|86/100 brn|[from] item: Leftovers
|-damage|p2a: Sandaconda|94/100 tox|[from] psn
|-damage|p1a: Quagsire|80/100 brn|[from] brn
|upkeep
|turn|57
|
|t:|1627675344
|move|p2a: Sandaconda|Earthquake|p1a: Quagsire
|-damage|p1a: Quagsire|47/100 brn
|move|p1a: Quagsire|Scald|p2a: Sandaconda
|-supereffective|p2a: Sandaconda
|-damage|p2a: Sandaconda|42/100 tox
|
|-weather|Sandstorm|[upkeep]
|-activate|p2a: Sandaconda|ability: Shed Skin
|-curestatus|p2a: Sandaconda|tox|[msg]
|-heal|p2a: Sandaconda|48/100|[from] item: Leftovers
|-heal|p1a: Quagsire|53/100 brn|[from] item: Leftovers
|-damage|p1a: Quagsire|47/100 brn|[from] brn
|upkeep
|turn|58
|
|t:|1627675352
|move|p2a: Sandaconda|Earthquake|p1a: Quagsire
|-crit|p1a: Quagsire
|-damage|p1a: Quagsire|2/100 brn
|move|p1a: Quagsire|Scald|p2a: Sandaconda
|-supereffective|p2a: Sandaconda
|-damage|p2a: Sandaconda|0 fnt
|faint|p2a: Sandaconda
|
|-weather|Sandstorm|[upkeep]
|-heal|p1a: Quagsire|8/100 brn|[from] item: Leftovers
|-damage|p1a: Quagsire|2/100 brn|[from] brn
|upkeep
|
|t:|1627675355
|switch|p2a: Gigalith|Gigalith, M|34/100
|-damage|p2a: Gigalith|22/100|[from] Stealth Rock
|turn|59
|c|☆shnen|gg
|
|t:|1627675358
|move|p1a: Quagsire|Scald|p2a: Gigalith
|-supereffective|p2a: Gigalith
|-damage|p2a: Gigalith|3/100
|move|p2a: Gigalith|Earthquake|p1a: Quagsire
|-damage|p1a: Quagsire|0 fnt
|faint|p1a: Quagsire
|
|-weather|Sandstorm|[upkeep]
|-heal|p2a: Gigalith|9/100|[from] item: Leftovers
|upkeep
|
|t:|1627675360
|switch|p1a: Passimian|Passimian, F|100/100
|-damage|p1a: Passimian|94/100|[from] Stealth Rock
|-status|p1a: Passimian|psn
|turn|60
|
|t:|1627675382
|move|p1a: Passimian|Close Combat|p2a: Gigalith
|-supereffective|p2a: Gigalith
|-damage|p2a: Gigalith|0 fnt
|-unboost|p1a: Passimian|def|1
|-unboost|p1a: Passimian|spd|1
|faint|p2a: Gigalith
|
|win|shnen
|raw|shnen's rating: 1515 &rarr; <strong>1533</strong><br />(+18 for winning)
|raw|pult72b z's rating: 1474 &rarr; <strong>1456</strong><br />(-18 for losing)
|l|☆pult72b z
||Ladder isn't responding, score probably updated but might not have (Request timeout).
