|j|☆Goom3745
|j|☆kingqueso141
|t:|1667577547
|gametype|singles
|player|p1|Goom3745|cilan|1154
|player|p2|kingqueso141|rosa|1311
|teamsize|p1|6
|teamsize|p2|6
|gen|8
|tier|[Gen 8] PU
|rated|
|rule|Sleep Clause Mod: Limit one foe put to sleep
|rule|Species Clause: Limit one of each Pokémon
|rule|OHKO Clause: OHKO moves are banned
|rule|Evasion Items Clause: Evasion items are banned
|rule|Evasion Moves Clause: Evasion moves are banned
|rule|Endless Battle Clause: Forcing endless battles is banned
|rule|HP Percentage Mod: HP is shown in percentages
|rule|Dynamax Clause: You cannot dynamax
|clearpoke
|poke|p1|Comfey, F|
|poke|p1|Galvantula, F|
|poke|p1|Quagsire, F|
|poke|p1|Cryogonal|
|poke|p1|Boltund, M|
|poke|p1|Octillery, M|
|poke|p2|Ferroseed, M|
|poke|p2|Jellicent, F|
|poke|p2|Articuno-Galar|
|poke|p2|Gigalith, M|
|poke|p2|Sandslash, F|
|poke|p2|Weezing, M|
|teampreview
|
|t:|1667577566
|start
|switch|p1a: Rachnid|Galvantula, F, shiny|100/100
|switch|p2a: Gigalith|Gigalith, M|100/100
|-weather|Sandstorm|[from] ability: Sand Stream|[of] p2a: Gigalith
|turn|1
|
|t:|1667577571
|move|p1a: Rachnid|Energy Ball|p2a: Gigalith
|-supereffective|p2a: Gigalith
|-damage|p2a: Gigalith|67/100
|move|p2a: Gigalith|Rock Blast|p1a: Rachnid
|-supereffective|p1a: Rachnid
|-damage|p1a: Rachnid|60/100
|-supereffective|p1a: Rachnid
|-damage|p1a: Rachnid|21/100
|-supereffective|p1a: Rachnid
|-damage|p1a: Rachnid|0 fnt
|faint|p1a: Rachnid
|-hitcount|p1: Rachnid|3
|
|-weather|Sandstorm|[upkeep]
|-heal|p2a: Gigalith|73/100|[from] item: Leftovers
|upkeep
|
|t:|1667577574
|switch|p1a: ThumbHead|Quagsire, F, shiny|100/100
|turn|2
|
|t:|1667577584
|move|p1a: ThumbHead|Earth Power|p2a: Gigalith
|-supereffective|p2a: Gigalith
|-damage|p2a: Gigalith|45/100
|move|p2a: Gigalith|Toxic|p1a: ThumbHead|[miss]
|-miss|p2a: Gigalith|p1a: ThumbHead
|
|-weather|Sandstorm|[upkeep]
|-heal|p2a: Gigalith|52/100|[from] item: Leftovers
|upkeep
|turn|3
|
|t:|1667577593
|move|p1a: ThumbHead|Earth Power|p2a: Gigalith
|-supereffective|p2a: Gigalith
|-damage|p2a: Gigalith|25/100
|move|p2a: Gigalith|Stealth Rock|p1a: ThumbHead
|-sidestart|p1: Goom3745|move: Stealth Rock
|
|-weather|Sandstorm|[upkeep]
|-heal|p2a: Gigalith|32/100|[from] item: Leftovers
|upkeep
|turn|4
|
|t:|1667577599
|move|p1a: ThumbHead|Scald|p2a: Gigalith
|-supereffective|p2a: Gigalith
|-damage|p2a: Gigalith|9/100
|-status|p2a: Gigalith|brn
|move|p2a: Gigalith|Toxic|p1a: ThumbHead
|-status|p1a: ThumbHead|tox
|
|-weather|Sandstorm|[upkeep]
|-heal|p2a: Gigalith|15/100 brn|[from] item: Leftovers
|-damage|p1a: ThumbHead|94/100 tox|[from] psn
|-damage|p2a: Gigalith|9/100 brn|[from] brn
|upkeep
|turn|5
|
|t:|1667577609
|switch|p2a: Articuno|Articuno-Galar|100/100
|move|p1a: ThumbHead|Ancient Power|p2a: Articuno
|-supereffective|p2a: Articuno
|-damage|p2a: Articuno|76/100
|
|-weather|none
|-damage|p1a: ThumbHead|82/100 tox|[from] psn
|upkeep
|turn|6
|
|t:|1667577619
|move|p2a: Articuno|Hurricane|p1a: ThumbHead
|-damage|p1a: ThumbHead|14/100 tox
|move|p1a: ThumbHead|Ancient Power|p2a: Articuno
|-supereffective|p2a: Articuno
|-damage|p2a: Articuno|51/100
|
|-damage|p1a: ThumbHead|0 fnt|[from] psn
|faint|p1a: ThumbHead
|upkeep
|
|t:|1667577629
|switch|p1a: Global What Now?|Cryogonal, shiny|100/100
|-damage|p1a: Global What Now?|76/100|[from] Stealth Rock
|turn|7
|
|t:|1667577637
|switch|p2a: Jellicent|Jellicent, F|100/100
|move|p1a: Global What Now?|Freeze-Dry|p2a: Jellicent
|-supereffective|p2a: Jellicent
|-damage|p2a: Jellicent|47/100
|
|upkeep
|turn|8
|
|t:|1667577649
|switch|p2a: Ferroseed|Ferroseed, M|100/100
|move|p1a: Global What Now?|Freeze-Dry|p2a: Ferroseed
|-damage|p2a: Ferroseed|72/100
|
|upkeep
|turn|9
|
|t:|1667577657
|move|p1a: Global What Now?|Freeze-Dry|p2a: Ferroseed
|-damage|p2a: Ferroseed|44/100
|-status|p2a: Ferroseed|frz
|cant|p2a: Ferroseed|frz
|
|upkeep
|turn|10
|
|t:|1667577661
|move|p1a: Global What Now?|Freeze-Dry|p2a: Ferroseed
|-damage|p2a: Ferroseed|18/100 frz
|cant|p2a: Ferroseed|frz
|
|upkeep
|turn|11
|
|t:|1667577665
|move|p1a: Global What Now?|Rapid Spin|p2a: Ferroseed
|-resisted|p2a: Ferroseed
|-damage|p2a: Ferroseed|16/100 frz
|-boost|p1a: Global What Now?|spe|1
|-damage|p1a: Global What Now?|63/100|[from] ability: Iron Barbs|[of] p2a: Ferroseed
|-sideend|p1: Goom3745|Stealth Rock|[from] move: Rapid Spin|[of] p1a: Global What Now?
|cant|p2a: Ferroseed|frz
|
|upkeep
|turn|12
|
|t:|1667577667
|move|p1a: Global What Now?|Freeze-Dry|p2a: Ferroseed
|-crit|p2a: Ferroseed
|-damage|p2a: Ferroseed|0 fnt
|faint|p2a: Ferroseed
|
|upkeep
|
|t:|1667577670
|switch|p2a: Gigalith|Gigalith, M|9/100 brn
|-weather|Sandstorm|[from] ability: Sand Stream|[of] p2a: Gigalith
|turn|13
|
|t:|1667577674
|move|p1a: Global What Now?|Rapid Spin|p2a: Gigalith
|-resisted|p2a: Gigalith
|-damage|p2a: Gigalith|7/100 brn
|-boost|p1a: Global What Now?|spe|1
|move|p2a: Gigalith|Rock Blast|p1a: Global What Now?
|-supereffective|p1a: Global What Now?
|-damage|p1a: Global What Now?|43/100
|-supereffective|p1a: Global What Now?
|-damage|p1a: Global What Now?|22/100
|-hitcount|p1a: Global What Now?|2
|
|-weather|Sandstorm|[upkeep]
|-damage|p1a: Global What Now?|16/100|[from] Sandstorm
|-heal|p2a: Gigalith|13/100 brn|[from] item: Leftovers
|-damage|p2a: Gigalith|7/100 brn|[from] brn
|upkeep
|turn|14
|
|t:|1667577683
|move|p1a: Global What Now?|Freeze-Dry|p2a: Gigalith
|-damage|p2a: Gigalith|0 fnt
|faint|p2a: Gigalith
|
|-weather|Sandstorm|[upkeep]
|-damage|p1a: Global What Now?|9/100|[from] Sandstorm
|upkeep
|
|t:|1667577691
|switch|p2a: Weezing|Weezing, M|100/100
|turn|15
|
|t:|1667577697
|move|p1a: Global What Now?|Recover|p1a: Global What Now?
|-heal|p1a: Global What Now?|60/100
|move|p2a: Weezing|Flamethrower|p1a: Global What Now?
|-supereffective|p1a: Global What Now?
|-damage|p1a: Global What Now?|34/100
|
|-weather|Sandstorm|[upkeep]
|-damage|p1a: Global What Now?|28/100|[from] Sandstorm
|-damage|p2a: Weezing|95/100|[from] Sandstorm
|-heal|p2a: Weezing|100/100|[from] item: Black Sludge
|upkeep
|turn|16
|
|t:|1667577702
|move|p1a: Global What Now?|Recover|p1a: Global What Now?
|-heal|p1a: Global What Now?|78/100
|move|p2a: Weezing|Flamethrower|p1a: Global What Now?
|-supereffective|p1a: Global What Now?
|-damage|p1a: Global What Now?|50/100
|
|-weather|Sandstorm|[upkeep]
|-damage|p1a: Global What Now?|44/100|[from] Sandstorm
|-damage|p2a: Weezing|95/100|[from] Sandstorm
|-heal|p2a: Weezing|100/100|[from] item: Black Sludge
|upkeep
|turn|17
|
|t:|1667577707
|move|p1a: Global What Now?|Recover|p1a: Global What Now?
|-heal|p1a: Global What Now?|94/100
|move|p2a: Weezing|Flamethrower|p1a: Global What Now?
|-supereffective|p1a: Global What Now?
|-damage|p1a: Global What Now?|68/100
|
|-weather|none
|upkeep
|turn|18
|
|t:|1667577710
|move|p1a: Global What Now?|Freeze-Dry|p2a: Weezing
|-damage|p2a: Weezing|57/100
|move|p2a: Weezing|Flamethrower|p1a: Global What Now?
|-supereffective|p1a: Global What Now?
|-damage|p1a: Global What Now?|41/100
|
|-heal|p2a: Weezing|63/100|[from] item: Black Sludge
|upkeep
|turn|19
|
|t:|1667577714
|move|p1a: Global What Now?|Freeze-Dry|p2a: Weezing
|-damage|p2a: Weezing|21/100
|move|p2a: Weezing|Flamethrower|p1a: Global What Now?
|-supereffective|p1a: Global What Now?
|-damage|p1a: Global What Now?|15/100
|
|-heal|p2a: Weezing|27/100|[from] item: Black Sludge
|upkeep
|turn|20
|
|t:|1667577722
|switch|p2a: Articuno|Articuno-Galar|51/100
|move|p1a: Global What Now?|Recover|p1a: Global What Now?
|-heal|p1a: Global What Now?|65/100
|
|upkeep
|turn|21
|
|t:|1667577725
|move|p1a: Global What Now?|Freeze-Dry|p2a: Articuno
|-supereffective|p2a: Articuno
|-damage|p2a: Articuno|0 fnt
|faint|p2a: Articuno
|
|upkeep
|
|t:|1667577729
|switch|p2a: Sandslash|Sandslash, F|100/100
|turn|22
|
|t:|1667577731
|move|p1a: Global What Now?|Freeze-Dry|p2a: Sandslash
|-supereffective|p2a: Sandslash
|-damage|p2a: Sandslash|0 fnt
|faint|p2a: Sandslash
|
|upkeep
|-message|kingqueso141 forfeited.
|
|win|Goom3745
|raw|Goom3745's rating: 1154 &rarr; <strong>1190</strong><br />(+36 for winning)
|raw|kingqueso141's rating: 1311 &rarr; <strong>1283</strong><br />(-28 for losing)
|l|☆kingqueso141
||Ladder isn't responding, score probably updated but might not have (Request timeout).
