|j|☆JoJo Reference #11
|j|☆Ssfghbvx
|t:|1666732845
|gametype|singles
|player|p1|JoJo Reference #11|102|1334
|player|p2|Ssfghbvx|102|1295
|teamsize|p1|6
|teamsize|p2|6
|gen|8
|tier|[Gen 8] PU
|rated|
|rule|Sleep Clause Mod: Limit one foe put to sleep
|rule|Species Clause: Limit one of each Pokémon
|rule|OHKO Clause: OHKO moves are banned
|rule|Evasion Items Clause: Evasion items are banned
|rule|Evasion Moves Clause: Evasion moves are banned
|rule|Endless Battle Clause: Forcing endless battles is banned
|rule|HP Percentage Mod: HP is shown in percentages
|rule|Dynamax Clause: You cannot dynamax
|clearpoke
|poke|p1|Gallade, M|
|poke|p1|Charizard, F|
|poke|p1|Scrafty, M|
|poke|p1|Weezing, F|
|poke|p1|Sudowoodo, F|
|poke|p1|Malamar, F|
|poke|p2|Hattrem, F|
|poke|p2|Garbodor, F|
|poke|p2|Coalossal, M|
|poke|p2|Gigalith, M|
|poke|p2|Sandslash, M|
|poke|p2|Cramorant, M|
|teampreview
|inactive|Battle timer is ON: inactive players will automatically lose when time's up. (requested by Ssfghbvx)
|
|t:|1666732852
|start
|switch|p1a: Sudowoodo|Sudowoodo, F|100/100
|switch|p2a: Gigalith|Gigalith, M|100/100
|-weather|Sandstorm|[from] ability: Sand Stream|[of] p2a: Gigalith
|turn|1
|
|t:|1666732859
|move|p1a: Sudowoodo|Wood Hammer|p2a: Gigalith
|-supereffective|p2a: Gigalith
|-damage|p2a: Gigalith|57/100
|-damage|p1a: Sudowoodo|85/100|[from] Recoil
|move|p2a: Gigalith|Body Press|p1a: Sudowoodo
|-supereffective|p1a: Sudowoodo
|-damage|p1a: Sudowoodo|33/100
|
|-weather|Sandstorm|[upkeep]
|upkeep
|turn|2
|
|t:|1666732868
|move|p1a: Sudowoodo|Stealth Rock|p2a: Gigalith
|-sidestart|p2: Ssfghbvx|move: Stealth Rock
|move|p2a: Gigalith|Body Press|p1a: Sudowoodo
|-supereffective|p1a: Sudowoodo
|-damage|p1a: Sudowoodo|0 fnt
|faint|p1a: Sudowoodo
|
|-weather|Sandstorm|[upkeep]
|upkeep
|
|t:|1666732880
|switch|p1a: Malamar|Malamar, F|100/100
|turn|3
|
|t:|1666732883
|switch|p2a: Cramorant|Cramorant, M|100/100
|move|p1a: Malamar|Substitute|p1a: Malamar
|-start|p1a: Malamar|Substitute
|-damage|p1a: Malamar|75/100
|
|-weather|Sandstorm|[upkeep]
|-damage|p1a: Malamar|69/100|[from] Sandstorm
|-damage|p2a: Cramorant|94/100|[from] Sandstorm
|-heal|p1a: Malamar|75/100|[from] item: Leftovers
|upkeep
|turn|4
|
|t:|1666732885
|move|p1a: Malamar|Hypnosis|p2a: Cramorant
|-status|p2a: Cramorant|slp|[from] move: Hypnosis
|cant|p2a: Cramorant|slp
|
|-weather|Sandstorm|[upkeep]
|-damage|p1a: Malamar|69/100|[from] Sandstorm
|-damage|p2a: Cramorant|88/100 slp|[from] Sandstorm
|-heal|p1a: Malamar|75/100|[from] item: Leftovers
|upkeep
|turn|5
|
|t:|1666732887
|move|p1a: Malamar|Superpower|p2a: Cramorant
|-resisted|p2a: Cramorant
|-damage|p2a: Cramorant|73/100 slp
|-boost|p1a: Malamar|atk|1
|-boost|p1a: Malamar|def|1
|-curestatus|p2a: Cramorant|slp|[msg]
|move|p2a: Cramorant|Surf|p1a: Malamar
|-formechange|p2a: Cramorant|Cramorant-Gulping|
|-end|p1a: Malamar|Substitute
|
|-weather|Sandstorm|[upkeep]
|-damage|p1a: Malamar|69/100|[from] Sandstorm
|-damage|p2a: Cramorant|67/100|[from] Sandstorm
|-heal|p1a: Malamar|75/100|[from] item: Leftovers
|upkeep
|turn|6
|
|t:|1666732893
|switch|p2a: Hattrem|Hattrem, F|100/100
|-damage|p2a: Hattrem|88/100|[from] Stealth Rock
|move|p1a: Malamar|Hypnosis|p2a: Hattrem
|move|p2a: Hattrem|Hypnosis|p1a: Malamar|[from]ability: Magic Bounce|[miss]
|-miss|p2a: Hattrem|p1a: Malamar
|
|-weather|Sandstorm|[upkeep]
|-damage|p1a: Malamar|69/100|[from] Sandstorm
|-damage|p2a: Hattrem|82/100|[from] Sandstorm
|-heal|p1a: Malamar|75/100|[from] item: Leftovers
|upkeep
|turn|7
|inactive|Ssfghbvx has 120 seconds left.
|
|t:|1666732933
|move|p1a: Malamar|Substitute|p1a: Malamar
|-start|p1a: Malamar|Substitute
|-damage|p1a: Malamar|50/100
|move|p2a: Hattrem|Giga Drain|p1a: Malamar
|-activate|p1a: Malamar|move: Substitute|[damage]
|-heal|p2a: Hattrem|91/100|[from] drain|[of] p1a: Malamar
|
|-weather|Sandstorm|[upkeep]
|-damage|p1a: Malamar|44/100|[from] Sandstorm
|-damage|p2a: Hattrem|85/100|[from] Sandstorm
|-heal|p1a: Malamar|50/100|[from] item: Leftovers
|upkeep
|turn|8
|
|t:|1666732938
|move|p1a: Malamar|Superpower|p2a: Hattrem
|-resisted|p2a: Hattrem
|-damage|p2a: Hattrem|71/100
|-boost|p1a: Malamar|atk|1
|-boost|p1a: Malamar|def|1
|move|p2a: Hattrem|Giga Drain|p1a: Malamar
|-end|p1a: Malamar|Substitute
|-heal|p2a: Hattrem|75/100|[from] drain|[of] p1a: Malamar
|
|-weather|none
|-heal|p1a: Malamar|57/100|[from] item: Leftovers
|upkeep
|turn|9
|
|t:|1666732943
|move|p1a: Malamar|Substitute|p1a: Malamar
|-start|p1a: Malamar|Substitute
|-damage|p1a: Malamar|32/100
|move|p2a: Hattrem|Giga Drain|p1a: Malamar
|-activate|p1a: Malamar|move: Substitute|[damage]
|-heal|p2a: Hattrem|84/100|[from] drain|[of] p1a: Malamar
|
|-heal|p1a: Malamar|38/100|[from] item: Leftovers
|upkeep
|turn|10
|
|t:|1666732945
|move|p1a: Malamar|Superpower|p2a: Hattrem
|-resisted|p2a: Hattrem
|-damage|p2a: Hattrem|65/100
|-boost|p1a: Malamar|atk|1
|-boost|p1a: Malamar|def|1
|move|p2a: Hattrem|Giga Drain|p1a: Malamar
|-end|p1a: Malamar|Substitute
|-heal|p2a: Hattrem|69/100|[from] drain|[of] p1a: Malamar
|
|-heal|p1a: Malamar|44/100|[from] item: Leftovers
|upkeep
|turn|11
|
|t:|1666732949
|move|p1a: Malamar|Substitute|p1a: Malamar
|-start|p1a: Malamar|Substitute
|-damage|p1a: Malamar|19/100
|move|p2a: Hattrem|Giga Drain|p1a: Malamar
|-activate|p1a: Malamar|move: Substitute|[damage]
|-heal|p2a: Hattrem|77/100|[from] drain|[of] p1a: Malamar
|
|-heal|p1a: Malamar|25/100|[from] item: Leftovers
|upkeep
|turn|12
|
|t:|1666732951
|move|p1a: Malamar|Knock Off|p2a: Hattrem
|-supereffective|p2a: Hattrem
|-damage|p2a: Hattrem|0 fnt
|-enditem|p2a: Hattrem|Eviolite|[from] move: Knock Off|[of] p1a: Malamar
|faint|p2a: Hattrem
|
|-heal|p1a: Malamar|32/100|[from] item: Leftovers
|upkeep
|
|t:|1666732961
|switch|p2a: Cramorant|Cramorant, M|67/100
|turn|13
|
|t:|1666732966
|move|p1a: Malamar|Knock Off|p2a: Cramorant
|-damage|p2a: Cramorant|0 fnt
|-enditem|p2a: Cramorant|Heavy-Duty Boots|[from] move: Knock Off|[of] p1a: Malamar
|faint|p2a: Cramorant
|
|-heal|p1a: Malamar|38/100|[from] item: Leftovers
|upkeep
|c|☆Ssfghbvx|This set is actually insane
|c|☆Ssfghbvx|Gg
|c|☆JoJo Reference #11|gg
|-message|Ssfghbvx forfeited.
|
|win|JoJo Reference #11
|raw|JoJo Reference #11's rating: 1334 &rarr; <strong>1352</strong><br />(+18 for winning)
|raw|Ssfghbvx's rating: 1295 &rarr; <strong>1273</strong><br />(-22 for losing)
|l|☆Ssfghbvx
||Ladder isn't responding, score probably updated but might not have (Request timeout).
