|j|☆shalutianwang
|j|☆ThunderstorM520
|t:|1637982779
|gametype|singles
|player|p1|shalutianwang|scientist-gen4|1000
|player|p2|ThunderstorM520|hugh|1103
|teamsize|p1|6
|teamsize|p2|6
|gen|8
|tier|[Gen 8] PU
|rated|
|rule|Sleep Clause Mod: Limit one foe put to sleep
|rule|Species Clause: Limit one of each Pokémon
|rule|OHKO Clause: OHKO moves are banned
|rule|Evasion Moves Clause: Evasion moves are banned
|rule|Endless Battle Clause: Forcing endless battles is banned
|rule|HP Percentage Mod: HP is shown in percentages
|rule|Dynamax Clause: You cannot dynamax
|clearpoke
|poke|p1|Tsareena, F|
|poke|p1|Lanturn, M|
|poke|p1|Absol, M|
|poke|p1|Togedemaru, M|
|poke|p1|Charizard, F|
|poke|p1|Claydol|
|poke|p2|Scyther, M|
|poke|p2|Quagsire, M|
|poke|p2|Hitmontop, M|
|poke|p2|Weezing, M|
|poke|p2|Absol, F|
|poke|p2|Golbat, F|
|teampreview
|
|t:|1637982787
|start
|switch|p1a: 死亡如风常伴吾身|Absol, M|100/100
|switch|p2a: Absol|Absol, F|100/100
|turn|1
|
|t:|1637982796
|switch|p1a: 姐姐好腿我好爱|Tsareena, F|100/100
|move|p2a: Absol|Knock Off|p1a: 姐姐好腿我好爱
|-crit|p1a: 姐姐好腿我好爱
|-damage|p1a: 姐姐好腿我好爱|9/100
|-enditem|p1a: 姐姐好腿我好爱|Heavy-Duty Boots|[from] move: Knock Off|[of] p2a: Absol
|
|upkeep
|turn|2
|
|t:|1637982804
|move|p2a: Absol|Quick Attack||[still]
|cant|p1a: 姐姐好腿我好爱|ability: Queenly Majesty|Quick Attack|[of] p2a: Absol
|move|p1a: 姐姐好腿我好爱|Synthesis|p1a: 姐姐好腿我好爱
|-heal|p1a: 姐姐好腿我好爱|59/100
|
|upkeep
|turn|3
|
|t:|1637982810
|move|p2a: Absol|Night Slash|p1a: 姐姐好腿我好爱
|-crit|p1a: 姐姐好腿我好爱
|-damage|p1a: 姐姐好腿我好爱|0 fnt
|faint|p1a: 姐姐好腿我好爱
|
|upkeep
|
|t:|1637982818
|switch|p1a: 麻麻刺麻|Togedemaru, M|100/100
|turn|4
|
|t:|1637982823
|switch|p2a: Quagsire|Quagsire, M|100/100
|move|p1a: 麻麻刺麻|U-turn|p2a: Quagsire
|-damage|p2a: Quagsire|86/100
|
|t:|1637982825
|switch|p1a: 死亡如风常伴吾身|Absol, M|100/100|[from]move: U-turn
|
|-heal|p2a: Quagsire|92/100|[from] item: Leftovers
|upkeep
|turn|5
|
|t:|1637982832
|move|p1a: 死亡如风常伴吾身|Knock Off|p2a: Quagsire
|-damage|p2a: Quagsire|31/100
|-enditem|p2a: Quagsire|Leftovers|[from] move: Knock Off|[of] p1a: 死亡如风常伴吾身
|move|p2a: Quagsire|Scald|p1a: 死亡如风常伴吾身
|-damage|p1a: 死亡如风常伴吾身|66/100
|
|upkeep
|turn|6
|
|t:|1637982840
|move|p1a: 死亡如风常伴吾身|Knock Off|p2a: Quagsire
|-damage|p2a: Quagsire|0 fnt
|faint|p2a: Quagsire
|
|upkeep
|
|t:|1637982845
|switch|p2a: Hitmontop|Hitmontop, M|100/100
|turn|7
|
|t:|1637982849
|switch|p1a: 战斗暴龙兽|Charizard, F|100/100
|move|p2a: Hitmontop|Triple Axel|p1a: 战斗暴龙兽
|-damage|p1a: 战斗暴龙兽|87/100
|-hitcount|p1a: 战斗暴龙兽|1
|
|upkeep
|turn|8
|
|t:|1637982858
|switch|p2a: Golbat|Golbat, F|100/100
|move|p1a: 战斗暴龙兽|Fire Blast|p2a: Golbat
|-damage|p2a: Golbat|73/100
|
|upkeep
|turn|9
|
|t:|1637982864
|move|p1a: 战斗暴龙兽|Hurricane|p2a: Golbat
|-damage|p2a: Golbat|47/100
|-start|p2a: Golbat|confusion
|-activate|p2a: Golbat|confusion
|move|p2a: Golbat|Poison Fang|p1a: 战斗暴龙兽
|-damage|p1a: 战斗暴龙兽|68/100
|-status|p1a: 战斗暴龙兽|tox
|
|-damage|p1a: 战斗暴龙兽|62/100 tox|[from] psn
|upkeep
|turn|10
|
|t:|1637982874
|move|p1a: 战斗暴龙兽|Hurricane|p2a: Golbat
|-damage|p2a: Golbat|18/100
|-activate|p2a: Golbat|confusion
|move|p2a: Golbat|Roost|p2a: Golbat
|-heal|p2a: Golbat|68/100
|-singleturn|p2a: Golbat|move: Roost
|
|-damage|p1a: 战斗暴龙兽|50/100 tox|[from] psn
|upkeep
|turn|11
|
|t:|1637982883
|move|p1a: 战斗暴龙兽|Roost|p1a: 战斗暴龙兽
|-heal|p1a: 战斗暴龙兽|99/100 tox
|-singleturn|p1a: 战斗暴龙兽|move: Roost
|-activate|p2a: Golbat|confusion
|move|p2a: Golbat|Roost|p2a: Golbat
|-heal|p2a: Golbat|100/100
|-singleturn|p2a: Golbat|move: Roost
|
|-damage|p1a: 战斗暴龙兽|82/100 tox|[from] psn
|upkeep
|turn|12
|
|t:|1637982893
|switch|p1a: 仰泳信爸爸|Lanturn, M|100/100
|-end|p2a: Golbat|confusion
|move|p2a: Golbat|Poison Fang|p1a: 仰泳信爸爸
|-damage|p1a: 仰泳信爸爸|81/100
|
|upkeep
|turn|13
|
|t:|1637982901
|switch|p2a: Absol|Absol, F|100/100
|move|p1a: 仰泳信爸爸|Discharge|p2a: Absol
|-damage|p2a: Absol|43/100
|
|upkeep
|turn|14
|
|t:|1637982910
|move|p2a: Absol|Night Slash|p1a: 仰泳信爸爸
|-crit|p1a: 仰泳信爸爸
|-damage|p1a: 仰泳信爸爸|3/100
|move|p1a: 仰泳信爸爸|Discharge|p2a: Absol
|-damage|p2a: Absol|0 fnt
|faint|p2a: Absol
|
|upkeep
|
|t:|1637982918
|switch|p2a: Hitmontop|Hitmontop, M|100/100
|turn|15
|
|t:|1637982922
|switch|p1a: 战斗暴龙兽|Charizard, F|82/100 tox
|move|p2a: Hitmontop|Rapid Spin|p1a: 战斗暴龙兽
|-damage|p1a: 战斗暴龙兽|47/100 tox
|-boost|p2a: Hitmontop|spe|1
|
|-damage|p1a: 战斗暴龙兽|41/100 tox|[from] psn
|upkeep
|turn|16
|
|t:|1637982930
|move|p1a: 战斗暴龙兽|Hurricane|p2a: Hitmontop|[miss]
|-miss|p1a: 战斗暴龙兽|p2a: Hitmontop
|move|p2a: Hitmontop|Triple Axel|p1a: 战斗暴龙兽
|-damage|p1a: 战斗暴龙兽|28/100 tox
|-damage|p1a: 战斗暴龙兽|2/100 tox
|-damage|p1a: 战斗暴龙兽|0 fnt
|faint|p1a: 战斗暴龙兽
|-hitcount|p1: 战斗暴龙兽|3
|
|upkeep
|
|t:|1637982936
|switch|p1a: 我好硬呀呀呀呀呀呀|Claydol|100/100
|turn|17
|
|t:|1637982941
|move|p2a: Hitmontop|Triple Axel|p1a: 我好硬呀呀呀呀呀呀
|-supereffective|p1a: 我好硬呀呀呀呀呀呀
|-damage|p1a: 我好硬呀呀呀呀呀呀|86/100
|-supereffective|p1a: 我好硬呀呀呀呀呀呀
|-damage|p1a: 我好硬呀呀呀呀呀呀|56/100
|-supereffective|p1a: 我好硬呀呀呀呀呀呀
|-damage|p1a: 我好硬呀呀呀呀呀呀|15/100
|-hitcount|p1a: 我好硬呀呀呀呀呀呀|3
|move|p1a: 我好硬呀呀呀呀呀呀|Toxic|p2a: Hitmontop
|-status|p2a: Hitmontop|tox
|
|-heal|p1a: 我好硬呀呀呀呀呀呀|21/100|[from] item: Leftovers
|-damage|p2a: Hitmontop|95/100 tox|[from] psn
|upkeep
|turn|18
|c|☆shalutianwang|miss+2
|c|☆shalutianwang|crit➕4
|
|t:|1637982959
|move|p2a: Hitmontop|Triple Axel|p1a: 我好硬呀呀呀呀呀呀
|-supereffective|p1a: 我好硬呀呀呀呀呀呀
|-damage|p1a: 我好硬呀呀呀呀呀呀|9/100
|-supereffective|p1a: 我好硬呀呀呀呀呀呀
|-damage|p1a: 我好硬呀呀呀呀呀呀|0 fnt
|faint|p1a: 我好硬呀呀呀呀呀呀
|-hitcount|p1: 我好硬呀呀呀呀呀呀|2
|
|-damage|p2a: Hitmontop|83/100 tox|[from] psn
|upkeep
|
|t:|1637982967
|switch|p1a: 麻麻刺麻|Togedemaru, M|100/100
|turn|19
|
|t:|1637982972
|move|p1a: 麻麻刺麻|Zing Zap|p2a: Hitmontop
|-damage|p2a: Hitmontop|45/100 tox
|move|p2a: Hitmontop|Close Combat|p1a: 麻麻刺麻
|-supereffective|p1a: 麻麻刺麻
|-damage|p1a: 麻麻刺麻|0 fnt
|-unboost|p2a: Hitmontop|def|1
|-unboost|p2a: Hitmontop|spd|1
|-damage|p2a: Hitmontop|33/100 tox|[from] ability: Iron Barbs|[of] p1a: 麻麻刺麻
|-damage|p2a: Hitmontop|16/100 tox|[from] item: Rocky Helmet|[of] p1a: 麻麻刺麻
|faint|p1a: 麻麻刺麻
|
|-damage|p2a: Hitmontop|0 fnt|[from] psn
|faint|p2a: Hitmontop
|upkeep
|
|t:|1637982985
|switch|p1a: 死亡如风常伴吾身|Absol, M|66/100
|switch|p2a: Weezing|Weezing, M|100/100
|turn|20
|
|t:|1637982990
|move|p1a: 死亡如风常伴吾身|Knock Off|p2a: Weezing
|-damage|p2a: Weezing|43/100
|-enditem|p2a: Weezing|Black Sludge|[from] move: Knock Off|[of] p1a: 死亡如风常伴吾身
|move|p2a: Weezing|Sludge Bomb|p1a: 死亡如风常伴吾身
|-damage|p1a: 死亡如风常伴吾身|14/100
|
|upkeep
|turn|21
|
|t:|1637982997
|move|p1a: 死亡如风常伴吾身|Knock Off|p2a: Weezing
|-damage|p2a: Weezing|7/100
|move|p2a: Weezing|Sludge Bomb|p1a: 死亡如风常伴吾身
|-damage|p1a: 死亡如风常伴吾身|0 fnt
|faint|p1a: 死亡如风常伴吾身
|
|upkeep
|
|t:|1637983001
|switch|p1a: 仰泳信爸爸|Lanturn, M|3/100
|turn|22
|
|t:|1637983005
|move|p1a: 仰泳信爸爸|Volt Switch|p2a: Weezing
|-damage|p2a: Weezing|0 fnt
|faint|p2a: Weezing
|
|upkeep
|
|t:|1637983010
|switch|p2a: Scyther|Scyther, M|100/100
|turn|23
|inactive|Battle timer is ON: inactive players will automatically lose when time's up. (requested by ThunderstorM520)
|l|☆shalutianwang
|inactive|shalutianwang disconnected and has a minute to reconnect!
|player|p1|
|j|☆shalutianwang
|inactive|shalutianwang reconnected and has 125 seconds left.
|player|p1|shalutianwang|scientist-gen4
|
|t:|1637983059
|move|p2a: Scyther|Quick Attack|p1a: 仰泳信爸爸
|-damage|p1a: 仰泳信爸爸|0 fnt
|faint|p1a: 仰泳信爸爸
|
|win|ThunderstorM520
|raw|shalutianwang's rating: 1000 &rarr; <strong>1000</strong><br />(+0 for losing)
|raw|ThunderstorM520's rating: 1103 &rarr; <strong>1121</strong><br />(+18 for winning)
