|html|<div class="broadcast-blue"><strong>[Gen 8] PU is currently suspecting Virizion! For information on how to participate check out the <a href="https://www.smogon.com/forums/threads/np-pu-stage-4-and-justice-for-all-virizion-suspect-test.3676543/">suspect thread</a>.</strong></div>
|j|☆Auzt
|j|☆VST Rend
|t:|1611446125
|player|p1|Auzt|blue-gen1|1385
|player|p2|VST Rend|dragontamer|1334
|teamsize|p1|6
|teamsize|p2|6
|gametype|singles
|gen|8
|tier|[Gen 8] PU
|rated|
|clearpoke
|poke|p1|Vaporeon, M|
|poke|p1|Togedemaru, F|
|poke|p1|Toxicroak, F|
|poke|p1|Palossand, M|
|poke|p1|Articuno|
|poke|p1|Ribombee, M|
|poke|p2|Aurorus, F|
|poke|p2|Sandslash-Alola, M|
|poke|p2|Arctovish|
|poke|p2|Vanilluxe, F|
|poke|p2|Tsareena, F|
|poke|p2|Vikavolt, F|
|rule|Sleep Clause Mod: Limit one foe put to sleep
|rule|Species Clause: Limit one of each Pokémon
|rule|OHKO Clause: OHKO moves are banned
|rule|Evasion Moves Clause: Evasion moves are banned
|rule|Endless Battle Clause: Forcing endless battles is banned
|rule|HP Percentage Mod: HP is shown in percentages
|rule|Dynamax Clause: You cannot dynamax
|teampreview
|
|t:|1611446136
|start
|switch|p1a: Togedemaru|Togedemaru, F|100/100
|switch|p2a: Aurorus|Aurorus, F|100/100
|-weather|Hail|[from] ability: Snow Warning|[of] p2a: Aurorus
|turn|1
|
|t:|1611446144
|switch|p2a: Vikavolt|Vikavolt, F|100/100
|move|p1a: Togedemaru|U-turn|p2a: Vikavolt
|-damage|p2a: Vikavolt|83/100
|
|t:|1611446152
|switch|p1a: Ribombee|Ribombee, M|100/100|[from]move: U-turn
|
|-weather|Hail|[upkeep]
|-damage|p1a: Ribombee|94/100|[from] Hail
|-damage|p2a: Vikavolt|77/100|[from] Hail
|upkeep
|turn|2
|
|t:|1611446156
|move|p1a: Ribombee|Moonblast|p2a: Vikavolt
|-damage|p2a: Vikavolt|0 fnt
|faint|p2a: Vikavolt
|
|-weather|Hail|[upkeep]
|-damage|p1a: Ribombee|88/100|[from] Hail
|upkeep
|
|t:|1611446160
|switch|p2a: Sandslash|Sandslash-Alola, M|100/100
|turn|3
|
|t:|1611446167
|move|p2a: Sandslash|Swords Dance|p2a: Sandslash
|-boost|p2a: Sandslash|atk|2
|move|p1a: Ribombee|Moonblast|p2a: Sandslash
|-resisted|p2a: Sandslash
|-damage|p2a: Sandslash|47/100
|-unboost|p2a: Sandslash|spa|1
|
|-weather|Hail|[upkeep]
|-damage|p1a: Ribombee|82/100|[from] Hail
|upkeep
|turn|4
|
|t:|1611446190
|switch|p1a: Articuno|Articuno|100/100
|-ability|p1a: Articuno|Pressure
|move|p2a: Sandslash|Triple Axel|p1a: Articuno
|-damage|p1a: Articuno|82/100
|-damage|p1a: Articuno|48/100
|-damage|p1a: Articuno|0 fnt
|-hitcount|p1a: Articuno|3
|faint|p1a: Articuno
|
|-weather|Hail|[upkeep]
|upkeep
|
|t:|1611446202
|switch|p1a: Toxicroak|Toxicroak, F|100/100
|turn|5
|
|t:|1611446207
|move|p1a: Toxicroak|Vacuum Wave|p2a: Sandslash
|-supereffective|p2a: Sandslash
|-damage|p2a: Sandslash|0 fnt
|faint|p2a: Sandslash
|
|-weather|Hail|[upkeep]
|-damage|p1a: Toxicroak|94/100|[from] Hail
|-heal|p1a: Toxicroak|100/100|[from] item: Black Sludge
|upkeep
|
|t:|1611446210
|switch|p2a: Arctovish|Arctovish|100/100
|turn|6
|
|t:|1611446217
|switch|p1a: Vaporeon|Vaporeon, M|100/100
|move|p2a: Arctovish|Icicle Crash|p1a: Vaporeon
|-resisted|p1a: Vaporeon
|-damage|p1a: Vaporeon|87/100
|
|-weather|Hail|[upkeep]
|-damage|p1a: Vaporeon|81/100|[from] Hail
|-heal|p1a: Vaporeon|87/100|[from] item: Leftovers
|upkeep
|turn|7
|
|t:|1611446224
|move|p2a: Arctovish|Substitute|p2a: Arctovish
|-start|p2a: Arctovish|Substitute
|-damage|p2a: Arctovish|76/100
|move|p1a: Vaporeon|Toxic||[still]
|-fail|p1a: Vaporeon
|
|-weather|Hail|[upkeep]
|-damage|p1a: Vaporeon|81/100|[from] Hail
|-heal|p2a: Arctovish|82/100|[from] item: Leftovers
|-heal|p1a: Vaporeon|87/100|[from] item: Leftovers
|upkeep
|turn|8
|
|t:|1611446229
|move|p2a: Arctovish|Freeze-Dry|p1a: Vaporeon
|-supereffective|p1a: Vaporeon
|-damage|p1a: Vaporeon|55/100
|move|p1a: Vaporeon|Scald|p2a: Arctovish
|-resisted|p2a: Arctovish
|-activate|p2a: Arctovish|move: Substitute|[damage]
|
|-weather|none
|-heal|p2a: Arctovish|88/100|[from] item: Leftovers
|-heal|p1a: Vaporeon|61/100|[from] item: Leftovers
|upkeep
|turn|9
|
|t:|1611446235
|move|p2a: Arctovish|Freeze-Dry|p1a: Vaporeon
|-supereffective|p1a: Vaporeon
|-damage|p1a: Vaporeon|31/100
|move|p1a: Vaporeon|Wish|p1a: Vaporeon
|
|-heal|p2a: Arctovish|94/100|[from] item: Leftovers
|-heal|p1a: Vaporeon|37/100|[from] item: Leftovers
|upkeep
|turn|10
|
|t:|1611446239
|move|p1a: Vaporeon|Protect|p1a: Vaporeon
|-singleturn|p1a: Vaporeon|Protect
|move|p2a: Arctovish|Freeze-Dry|p1a: Vaporeon
|-activate|p1a: Vaporeon|move: Protect
|
|-heal|p1a: Vaporeon|87/100|[from] move: Wish|[wisher] Vaporeon
|-heal|p2a: Arctovish|100/100|[from] item: Leftovers
|-heal|p1a: Vaporeon|93/100|[from] item: Leftovers
|upkeep
|turn|11
|
|t:|1611446243
|move|p2a: Arctovish|Freeze-Dry|p1a: Vaporeon
|-supereffective|p1a: Vaporeon
|-damage|p1a: Vaporeon|61/100
|move|p1a: Vaporeon|Scald|p2a: Arctovish
|-resisted|p2a: Arctovish
|-end|p2a: Arctovish|Substitute
|
|-heal|p1a: Vaporeon|67/100|[from] item: Leftovers
|upkeep
|turn|12
|
|t:|1611446249
|switch|p1a: Ribombee|Ribombee, M|82/100
|move|p2a: Arctovish|Substitute|p2a: Arctovish
|-start|p2a: Arctovish|Substitute
|-damage|p2a: Arctovish|76/100
|
|-heal|p2a: Arctovish|82/100|[from] item: Leftovers
|upkeep
|turn|13
|
|t:|1611446252
|move|p1a: Ribombee|Bug Buzz|p2a: Arctovish
|-damage|p2a: Arctovish|16/100
|move|p2a: Arctovish|Icicle Crash|p1a: Ribombee
|-damage|p1a: Ribombee|12/100
|
|-heal|p2a: Arctovish|23/100|[from] item: Leftovers
|upkeep
|turn|14
|
|t:|1611446256
|switch|p2a: Vanilluxe|Vanilluxe, F|100/100
|-weather|Hail|[from] ability: Snow Warning|[of] p2a: Vanilluxe
|move|p1a: Ribombee|Bug Buzz|p2a: Vanilluxe
|-damage|p2a: Vanilluxe|23/100
|
|-weather|Hail|[upkeep]
|-damage|p1a: Ribombee|6/100|[from] Hail
|upkeep
|turn|15
|
|t:|1611446262
|move|p2a: Vanilluxe|Ice Shard|p1a: Ribombee
|-damage|p1a: Ribombee|0 fnt
|faint|p1a: Ribombee
|
|-weather|Hail|[upkeep]
|upkeep
|
|t:|1611446264
|switch|p1a: Toxicroak|Toxicroak, F|100/100
|turn|16
|
|t:|1611446270
|switch|p2a: Tsareena|Tsareena, F|100/100
|move|p1a: Toxicroak|Vacuum Wave||[still]
|cant|p2a: Tsareena|ability: Queenly Majesty|Vacuum Wave|[of] p1a: Toxicroak
|
|-weather|Hail|[upkeep]
|-damage|p1a: Toxicroak|94/100|[from] Hail
|-damage|p2a: Tsareena|95/100|[from] Hail
|-heal|p1a: Toxicroak|100/100|[from] item: Black Sludge
|upkeep
|turn|17
|
|t:|1611446278
|switch|p1a: Palossand|Palossand, M|100/100
|move|p2a: Tsareena|Power Whip|p1a: Palossand|[miss]
|-miss|p2a: Tsareena|p1a: Palossand
|
|-weather|Hail|[upkeep]
|-damage|p2a: Tsareena|89/100|[from] Hail
|-damage|p1a: Palossand|94/100|[from] Hail
|upkeep
|turn|18
|
|t:|1611446284
|move|p2a: Tsareena|Power Whip|p1a: Palossand
|-supereffective|p1a: Palossand
|-damage|p1a: Palossand|26/100
|-damage|p2a: Tsareena|72/100|[from] item: Rocky Helmet|[of] p1a: Palossand
|move|p1a: Palossand|Stealth Rock|p2a: Tsareena
|-sidestart|p2: VST Rend|move: Stealth Rock
|
|-weather|Hail|[upkeep]
|-damage|p2a: Tsareena|66/100|[from] Hail
|-damage|p1a: Palossand|20/100|[from] Hail
|upkeep
|turn|19
|
|t:|1611446290
|move|p2a: Tsareena|Power Whip|p1a: Palossand
|-supereffective|p1a: Palossand
|-damage|p1a: Palossand|0 fnt
|-damage|p2a: Tsareena|50/100|[from] item: Rocky Helmet|[of] p1a: Palossand
|faint|p1a: Palossand
|
|-weather|Hail|[upkeep]
|-damage|p2a: Tsareena|44/100|[from] Hail
|upkeep
|
|t:|1611446294
|switch|p1a: Toxicroak|Toxicroak, F|100/100
|turn|20
|
|t:|1611446296
|move|p1a: Toxicroak|Sludge Wave|p2a: Tsareena
|-supereffective|p2a: Tsareena
|-damage|p2a: Tsareena|0 fnt
|faint|p2a: Tsareena
|
|-weather|Hail|[upkeep]
|-damage|p1a: Toxicroak|94/100|[from] Hail
|-heal|p1a: Toxicroak|100/100|[from] item: Black Sludge
|upkeep
|
|t:|1611446301
|switch|p2a: Aurorus|Aurorus, F|100/100
|-damage|p2a: Aurorus|76/100|[from] Stealth Rock
|turn|21
|j| BBB papillon
|
|t:|1611446310
|switch|p1a: Vaporeon|Vaporeon, M|67/100
|move|p2a: Aurorus|Stealth Rock|p1a: Vaporeon
|-sidestart|p1: Auzt|move: Stealth Rock
|
|-weather|none
|-heal|p1a: Vaporeon|74/100|[from] item: Leftovers
|upkeep
|turn|22
|
|t:|1611446314
|move|p2a: Aurorus|Encore||[still]
|-fail|p2a: Aurorus
|move|p1a: Vaporeon|Scald|p2a: Aurorus
|-supereffective|p2a: Aurorus
|-damage|p2a: Aurorus|24/100
|-status|p2a: Aurorus|brn
|
|-heal|p1a: Vaporeon|80/100|[from] item: Leftovers
|-damage|p2a: Aurorus|18/100 brn|[from] brn
|upkeep
|turn|23
|-message|VST Rend forfeited.
|
|win|Auzt
|l|☆VST Rend
|c|☆Auzt|Lol
|l| BBB papillon
|raw|Auzt's rating: 1385 &rarr; <strong>1402</strong><br />(+17 for winning)
|raw|VST Rend's rating: 1334 &rarr; <strong>1317</strong><br />(-17 for losing)
