|j|☆marioblaze
|j|☆Haffling
|t:|1661621990
|gametype|singles
|player|p1|marioblaze|acetrainer-gen4dp|
|player|p2|Haffling|cyrus|
|teamsize|p1|6
|teamsize|p2|6
|gen|8
|tier|[Gen 8] PU
|rated|Tournament battle
|rule|Sleep Clause Mod: Limit one foe put to sleep
|rule|Species Clause: Limit one of each Pokémon
|rule|OHKO Clause: OHKO moves are banned
|rule|Evasion Items Clause: Evasion items are banned
|rule|Evasion Moves Clause: Evasion moves are banned
|rule|Endless Battle Clause: Forcing endless battles is banned
|rule|HP Percentage Mod: HP is shown in percentages
|rule|Dynamax Clause: You cannot dynamax
|clearpoke
|poke|p1|Pyukumuku, F|
|poke|p1|Musharna, M|
|poke|p1|Vullaby, F|
|poke|p1|Hippopotas, F|
|poke|p1|Pikachu-Alola, M|
|poke|p1|Glastrier|
|poke|p2|Absol, M|
|poke|p2|Sandslash, F|
|poke|p2|Comfey, F|
|poke|p2|Lanturn, F|
|poke|p2|Gourgeist-*, F|
|poke|p2|Garbodor, F|
|teampreview
|inactive|Battle timer is ON: inactive players will automatically lose when time's up. (requested by marioblaze)
|inactive|marioblaze has 120 seconds left.
|j| Darfoz testing
|j|@ShuckleDeath
|l| Darfoz testing
|inactive|marioblaze has 90 seconds left.
|c|@ShuckleDeath|where is the sneasle
|
|t:|1661622059
|start
|switch|p1a: Glastrier|Glastrier|100/100
|switch|p2a: Garbodor|Garbodor, F|100/100
|turn|1
|c|@ShuckleDeath|big f
|
|t:|1661622066
|move|p2a: Garbodor|Spikes|p1a: Glastrier
|-sidestart|p1: marioblaze|Spikes
|move|p1a: Glastrier|Icicle Crash|p2a: Garbodor
|-damage|p2a: Garbodor|57/100
|
|upkeep
|turn|2
|
|t:|1661622074
|move|p2a: Garbodor|Pain Split|p1a: Glastrier
|-sethp|p1a: Glastrier|75/100|[from] move: Pain Split|[silent]
|-sethp|p2a: Garbodor|86/100|[from] move: Pain Split
|move|p1a: Glastrier|Icicle Crash|p2a: Garbodor
|-damage|p2a: Garbodor|46/100
|
|upkeep
|turn|3
|inactive|Haffling has 120 seconds left.
|j| Maractus-4-UU
|l| Maractus-4-UU
|inactive|Haffling has 90 seconds left.
|
|t:|1661622156
|move|p2a: Garbodor|Pain Split|p1a: Glastrier
|-sethp|p1a: Glastrier|58/100|[from] move: Pain Split|[silent]
|-sethp|p2a: Garbodor|66/100|[from] move: Pain Split
|move|p1a: Glastrier|Icicle Crash|p2a: Garbodor
|-damage|p2a: Garbodor|28/100
|
|upkeep
|turn|4
|j| the PDB
|inactive|Haffling has 60 seconds left.
|
|t:|1661622187
|move|p2a: Garbodor|Pain Split|p1a: Glastrier
|-sethp|p1a: Glastrier|41/100|[from] move: Pain Split|[silent]
|-sethp|p2a: Garbodor|47/100|[from] move: Pain Split
|move|p1a: Glastrier|Icicle Crash|p2a: Garbodor
|-damage|p2a: Garbodor|7/100
|
|upkeep
|turn|5
|
|t:|1661622200
|move|p2a: Garbodor|Pain Split|p1a: Glastrier
|-sethp|p1a: Glastrier|23/100|[from] move: Pain Split|[silent]
|-sethp|p2a: Garbodor|27/100|[from] move: Pain Split
|move|p1a: Glastrier|Icicle Crash|p2a: Garbodor
|-damage|p2a: Garbodor|0 fnt
|faint|p2a: Garbodor
|-ability|p1a: Glastrier|Chilling Neigh|boost
|-boost|p1a: Glastrier|atk|1
|
|upkeep
|inactive|Haffling has 60 seconds left.
|
|t:|1661622205
|switch|p2a: Absol|Absol, M|100/100
|-ability|p2a: Absol|Pressure
|turn|6
|
|t:|1661622219
|move|p2a: Absol|Knock Off|p1a: Glastrier
|-damage|p1a: Glastrier|0 fnt
|-enditem|p1a: Glastrier|Weakness Policy|[from] move: Knock Off|[of] p2a: Absol
|faint|p1a: Glastrier
|
|upkeep
|
|t:|1661622223
|switch|p1a: Pyukumuku|Pyukumuku, F|100/100
|-damage|p1a: Pyukumuku|88/100|[from] Spikes
|turn|7
|j| Darfoz testing
|
|t:|1661622233
|switch|p2a: Gourgeist|Gourgeist-Super, F|100/100
|-item|p1a: Pyukumuku|Leftovers|[from] ability: Frisk|[of] p2a: Gourgeist|[identify]
|move|p1a: Pyukumuku|Toxic|p2a: Gourgeist
|-status|p2a: Gourgeist|tox
|
|-heal|p1a: Pyukumuku|94/100|[from] item: Leftovers
|-damage|p2a: Gourgeist|94/100 tox|[from] psn
|upkeep
|turn|8
|
|t:|1661622238
|switch|p1a: Vullaby|Vullaby, F|100/100
|move|p2a: Gourgeist|Power Whip|p1a: Vullaby
|-resisted|p1a: Vullaby
|-damage|p1a: Vullaby|84/100
|
|-damage|p2a: Gourgeist|82/100 tox|[from] psn
|upkeep
|turn|9
|
|t:|1661622243
|switch|p2a: Comfey|Comfey, F, shiny|100/100
|move|p1a: Vullaby|Defog|p2a: Comfey
|-unboost|p2a: Comfey|evasion|1
|-sideend|p1: marioblaze|Spikes|[from] move: Defog|[of] p1a: Vullaby
|
|upkeep
|turn|10
|l| Darfoz testing
|
|t:|1661622247
|switch|p1a: Pyukumuku|Pyukumuku, F|94/100
|move|p2a: Comfey|Draining Kiss|p1a: Pyukumuku
|-damage|p1a: Pyukumuku|70/100
|-damage|p2a: Comfey|91/100|[from] item: Life Orb
|
|-heal|p1a: Pyukumuku|77/100|[from] item: Leftovers
|upkeep
|turn|11
|
|t:|1661622256
|switch|p2a: Sandslash|Sandslash, F|100/100
|move|p1a: Pyukumuku|Toxic|p2a: Sandslash
|-status|p2a: Sandslash|tox
|
|-heal|p1a: Pyukumuku|83/100|[from] item: Leftovers
|-damage|p2a: Sandslash|94/100 tox|[from] psn
|upkeep
|turn|12
|
|t:|1661622262
|switch|p1a: Vullaby|Vullaby, F|84/100
|move|p2a: Sandslash|Knock Off|p1a: Vullaby
|-resisted|p1a: Vullaby
|-damage|p1a: Vullaby|78/100
|-enditem|p1a: Vullaby|Eviolite|[from] move: Knock Off|[of] p2a: Sandslash
|
|-heal|p2a: Sandslash|100/100 tox|[from] item: Leftovers
|-damage|p2a: Sandslash|88/100 tox|[from] psn
|upkeep
|turn|13
|
|t:|1661622267
|move|p2a: Sandslash|Stealth Rock|p1a: Vullaby
|-sidestart|p1: marioblaze|move: Stealth Rock
|move|p1a: Vullaby|Knock Off|p2a: Sandslash
|-damage|p2a: Sandslash|73/100 tox
|-enditem|p2a: Sandslash|Leftovers|[from] move: Knock Off|[of] p1a: Vullaby
|
|-damage|p2a: Sandslash|55/100 tox|[from] psn
|upkeep
|turn|14
|
|t:|1661622275
|switch|p2a: Comfey|Comfey, F, shiny|91/100
|move|p1a: Vullaby|Defog|p2a: Comfey
|-unboost|p2a: Comfey|evasion|1
|-sideend|p1: marioblaze|Stealth Rock|[from] move: Defog|[of] p1a: Vullaby
|
|upkeep
|turn|15
|
|t:|1661622293
|switch|p1a: Pyukumuku|Pyukumuku, F|83/100
|move|p2a: Comfey|Aromatherapy|p2a: Comfey
|-activate|p2a: Comfey|move: Aromatherapy
|-curestatus|p2: Sandslash|tox|[msg]
|-curestatus|p2: Gourgeist|tox|[msg]
|
|-heal|p1a: Pyukumuku|89/100|[from] item: Leftovers
|upkeep
|turn|16
|
|t:|1661622297
|switch|p2a: Lanturn|Lanturn, F|100/100
|move|p1a: Pyukumuku|Toxic|p2a: Lanturn
|-status|p2a: Lanturn|tox
|
|-heal|p1a: Pyukumuku|95/100|[from] item: Leftovers
|-damage|p2a: Lanturn|94/100 tox|[from] psn
|upkeep
|turn|17
|
|t:|1661622306
|switch|p1a: Pikachu|Pikachu-Alola, M|100/100
|move|p2a: Lanturn|Toxic|p1a: Pikachu
|-status|p1a: Pikachu|tox
|
|-heal|p2a: Lanturn|100/100 tox|[from] item: Leftovers
|-damage|p1a: Pikachu|94/100 tox|[from] psn
|-damage|p2a: Lanturn|88/100 tox|[from] psn
|upkeep
|turn|18
|
|t:|1661622312
|switch|p1a: Vullaby|Vullaby, F|78/100
|switch|p2a: Sandslash|Sandslash, F|55/100
|
|upkeep
|turn|19
|
|t:|1661622320
|move|p2a: Sandslash|Stealth Rock|p1a: Vullaby
|-sidestart|p1: marioblaze|move: Stealth Rock
|move|p1a: Vullaby|Defog|p2a: Sandslash
|-unboost|p2a: Sandslash|evasion|1
|-sideend|p1: marioblaze|Stealth Rock|[from] move: Defog|[of] p1a: Vullaby
|
|upkeep
|turn|20
|
|t:|1661622329
|move|p2a: Sandslash|Stealth Rock|p1a: Vullaby
|-sidestart|p1: marioblaze|move: Stealth Rock
|move|p1a: Vullaby|Heat Wave|p2a: Sandslash
|-damage|p2a: Sandslash|37/100
|
|upkeep
|turn|21
|
|t:|1661622334
|switch|p2a: Comfey|Comfey, F, shiny|91/100
|move|p1a: Vullaby|Defog|p2a: Comfey
|-unboost|p2a: Comfey|evasion|1
|-sideend|p1: marioblaze|Stealth Rock|[from] move: Defog|[of] p1a: Vullaby
|
|upkeep
|turn|22
|
|t:|1661622339
|switch|p1a: Pikachu|Pikachu-Alola, M|94/100 tox
|move|p2a: Comfey|Giga Drain|p1a: Pikachu
|-damage|p1a: Pikachu|18/100 tox
|-heal|p2a: Comfey|100/100|[from] drain|[of] p1a: Pikachu
|-damage|p2a: Comfey|91/100|[from] item: Life Orb
|
|-damage|p1a: Pikachu|11/100 tox|[from] psn
|upkeep
|turn|23
|
|t:|1661622344
|move|p2a: Comfey|Giga Drain|p1a: Pikachu
|-damage|p1a: Pikachu|0 fnt
|-heal|p2a: Comfey|95/100|[from] drain|[of] p1a: Pikachu
|faint|p1a: Pikachu
|-damage|p2a: Comfey|85/100|[from] item: Life Orb
|
|upkeep
|
|t:|1661622359
|switch|p1a: Musharna|Musharna, M|100/100
|turn|24
|
|t:|1661622363
|move|p2a: Comfey|Calm Mind|p2a: Comfey
|-boost|p2a: Comfey|spa|1
|-boost|p2a: Comfey|spd|1
|move|p1a: Musharna|Toxic|p2a: Comfey
|-status|p2a: Comfey|tox
|
|-damage|p2a: Comfey|79/100 tox|[from] psn
|upkeep
|turn|25
|
|t:|1661622367
|move|p2a: Comfey|Aromatherapy|p2a: Comfey
|-activate|p2a: Comfey|move: Aromatherapy
|-curestatus|p2a: Comfey|tox|[msg]
|-curestatus|p2: Lanturn|tox|[msg]
|move|p1a: Musharna|Psychic|p2a: Comfey
|-damage|p2a: Comfey|57/100
|
|upkeep
|turn|26
|
|t:|1661622373
|move|p2a: Comfey|Calm Mind|p2a: Comfey
|-boost|p2a: Comfey|spa|1
|-boost|p2a: Comfey|spd|1
|move|p1a: Musharna|Toxic|p2a: Comfey
|-status|p2a: Comfey|tox
|
|-damage|p2a: Comfey|50/100 tox|[from] psn
|upkeep
|turn|27
|
|t:|1661622391
|move|p2a: Comfey|Aromatherapy|p2a: Comfey
|-activate|p2a: Comfey|move: Aromatherapy
|-curestatus|p2a: Comfey|tox|[msg]
|move|p1a: Musharna|Toxic|p2a: Comfey
|-status|p2a: Comfey|tox
|
|-damage|p2a: Comfey|44/100 tox|[from] psn
|upkeep
|turn|28
|
|t:|1661622400
|switch|p2a: Absol|Absol, M|100/100
|-ability|p2a: Absol|Pressure
|move|p1a: Musharna|Toxic|p2a: Absol
|-status|p2a: Absol|tox
|
|-damage|p2a: Absol|95/100 tox|[from] psn
|upkeep
|turn|29
|
|t:|1661622405
|switch|p1a: Vullaby|Vullaby, F|78/100
|move|p2a: Absol|Knock Off|p1a: Vullaby
|-resisted|p1a: Vullaby
|-damage|p1a: Vullaby|58/100
|
|-damage|p2a: Absol|83/100 tox|[from] psn
|upkeep
|turn|30
|
|t:|1661622413
|switch|p2a: Lanturn|Lanturn, F|88/100
|move|p1a: Vullaby|Roost|p1a: Vullaby
|-heal|p1a: Vullaby|100/100
|-singleturn|p1a: Vullaby|move: Roost
|
|-heal|p2a: Lanturn|94/100|[from] item: Leftovers
|upkeep
|turn|31
|
|t:|1661622419
|move|p2a: Lanturn|Toxic|p1a: Vullaby|[miss]
|-miss|p2a: Lanturn|p1a: Vullaby
|move|p1a: Vullaby|Knock Off|p2a: Lanturn
|-damage|p2a: Lanturn|73/100
|-enditem|p2a: Lanturn|Leftovers|[from] move: Knock Off|[of] p1a: Vullaby
|
|upkeep
|turn|32
|
|t:|1661622423
|switch|p1a: Musharna|Musharna, M|100/100
|move|p2a: Lanturn|Toxic|p1a: Musharna|[miss]
|-miss|p2a: Lanturn|p1a: Musharna
|
|upkeep
|turn|33
|
|t:|1661622430
|move|p2a: Lanturn|Protect|p2a: Lanturn
|-singleturn|p2a: Lanturn|Protect
|move|p1a: Musharna|Psychic|p2a: Lanturn
|-activate|p2a: Lanturn|move: Protect
|
|upkeep
|turn|34
|
|t:|1661622435
|move|p2a: Lanturn|Volt Switch|p1a: Musharna
|-damage|p1a: Musharna|85/100
|
|t:|1661622438
|switch|p2a: Sandslash|Sandslash, F|37/100|[from]move: Volt Switch
|move|p1a: Musharna|Toxic|p2a: Sandslash|[miss]
|-miss|p1a: Musharna|p2a: Sandslash
|
|-heal|p1a: Musharna|91/100|[from] item: Leftovers
|upkeep
|turn|35
|
|t:|1661622453
|move|p2a: Sandslash|Knock Off|p1a: Musharna
|-supereffective|p1a: Musharna
|-damage|p1a: Musharna|61/100
|-enditem|p1a: Musharna|Leftovers|[from] move: Knock Off|[of] p2a: Sandslash
|move|p1a: Musharna|Psychic|p2a: Sandslash
|-damage|p2a: Sandslash|0 fnt
|faint|p2a: Sandslash
|
|upkeep
|
|t:|1661622457
|switch|p2a: Gourgeist|Gourgeist-Super, F|82/100
|turn|36
|
|t:|1661622471
|move|p2a: Gourgeist|Power Whip|p1a: Musharna
|-damage|p1a: Musharna|26/100
|move|p1a: Musharna|Toxic|p2a: Gourgeist
|-status|p2a: Gourgeist|tox
|
|-damage|p2a: Gourgeist|76/100 tox|[from] psn
|upkeep
|turn|37
|j| sooooft
|
|t:|1661622480
|switch|p2a: Lanturn|Lanturn, F|73/100
|move|p1a: Musharna|Moonlight|p1a: Musharna
|-heal|p1a: Musharna|76/100
|
|upkeep
|turn|38
|
|t:|1661622500
|move|p2a: Lanturn|Toxic|p1a: Musharna
|-status|p1a: Musharna|tox
|-activate|p1a: Musharna|ability: Synchronize
|-status|p2a: Lanturn|tox
|move|p1a: Musharna|Psychic|p2a: Lanturn
|-damage|p2a: Lanturn|49/100 tox
|
|-damage|p2a: Lanturn|43/100 tox|[from] psn
|-damage|p1a: Musharna|70/100 tox|[from] psn
|upkeep
|turn|39
|inactive|marioblaze has 120 seconds left.
|inactive|marioblaze has 90 seconds left.
|l| sooooft
|
|t:|1661622578
|move|p2a: Lanturn|Volt Switch|p1a: Musharna
|-damage|p1a: Musharna|55/100 tox
|
|t:|1661622581
|switch|p2a: Comfey|Comfey, F, shiny|44/100 tox|[from]move: Volt Switch
|move|p1a: Musharna|Psychic|p2a: Comfey
|-damage|p2a: Comfey|11/100 tox
|
|-damage|p2a: Comfey|4/100 tox|[from] psn
|-damage|p1a: Musharna|43/100 tox|[from] psn
|upkeep
|turn|40
|
|t:|1661622592
|move|p2a: Comfey|Aromatherapy|p2a: Comfey
|-activate|p2a: Comfey|move: Aromatherapy
|-curestatus|p2a: Comfey|tox|[msg]
|-curestatus|p2: Absol|tox|[msg]
|-curestatus|p2: Gourgeist|tox|[msg]
|-curestatus|p2: Lanturn|tox|[msg]
|move|p1a: Musharna|Psychic|p2a: Comfey
|-damage|p2a: Comfey|0 fnt
|faint|p2a: Comfey
|
|-damage|p1a: Musharna|24/100 tox|[from] psn
|upkeep
|
|t:|1661622594
|switch|p2a: Absol|Absol, M|83/100
|-ability|p2a: Absol|Pressure
|turn|41
|
|t:|1661622599
|switch|p1a: Vullaby|Vullaby, F|100/100
|move|p2a: Absol|Close Combat|p1a: Vullaby
|-damage|p1a: Vullaby|48/100
|-unboost|p2a: Absol|def|1
|-unboost|p2a: Absol|spd|1
|
|upkeep
|turn|42
|
|t:|1661622602
|move|p2a: Absol|Close Combat|p1a: Vullaby
|-damage|p1a: Vullaby|0 fnt
|-unboost|p2a: Absol|def|1
|-unboost|p2a: Absol|spd|1
|faint|p1a: Vullaby
|
|upkeep
|
|t:|1661622605
|switch|p1a: Hippopotas|Hippopotas, F|100/100
|-weather|Sandstorm|[from] ability: Sand Stream|[of] p1a: Hippopotas
|turn|43
|
|t:|1661622610
|switch|p2a: Lanturn|Lanturn, F|43/100
|move|p1a: Hippopotas|Toxic|p2a: Lanturn
|-status|p2a: Lanturn|tox
|
|-weather|Sandstorm|[upkeep]
|-damage|p2a: Lanturn|37/100 tox|[from] Sandstorm
|-damage|p2a: Lanturn|31/100 tox|[from] psn
|upkeep
|turn|44
|
|t:|1661622615
|switch|p1a: Musharna|Musharna, M|24/100 tox
|move|p2a: Lanturn|Scald|p1a: Musharna
|-damage|p1a: Musharna|7/100 tox
|
|-weather|Sandstorm|[upkeep]
|-damage|p2a: Lanturn|25/100 tox|[from] Sandstorm
|-damage|p1a: Musharna|0 fnt|[from] Sandstorm
|faint|p1a: Musharna
|-damage|p2a: Lanturn|13/100 tox|[from] psn
|upkeep
|
|t:|1661622618
|switch|p1a: Pyukumuku|Pyukumuku, F|95/100
|turn|45
|
|t:|1661622622
|switch|p1a: Hippopotas|Hippopotas, F|100/100
|move|p2a: Lanturn|Toxic|p1a: Hippopotas
|-status|p1a: Hippopotas|tox
|
|-weather|Sandstorm|[upkeep]
|-damage|p2a: Lanturn|7/100 tox|[from] Sandstorm
|-damage|p2a: Lanturn|0 fnt|[from] psn
|faint|p2a: Lanturn
|-damage|p1a: Hippopotas|94/100 tox|[from] psn
|upkeep
|
|t:|1661622625
|switch|p2a: Gourgeist|Gourgeist-Super, F|76/100
|-item|p1a: Hippopotas|Eviolite|[from] ability: Frisk|[of] p2a: Gourgeist|[identify]
|turn|46
|
|t:|1661622636
|switch|p2a: Absol|Absol, M|83/100
|-ability|p2a: Absol|Pressure
|move|p1a: Hippopotas|Toxic|p2a: Absol|[miss]
|-miss|p1a: Hippopotas|p2a: Absol
|
|-weather|Sandstorm|[upkeep]
|-damage|p2a: Absol|77/100|[from] Sandstorm
|-damage|p1a: Hippopotas|82/100 tox|[from] psn
|upkeep
|turn|47
|
|t:|1661622639
|move|p2a: Absol|Knock Off|p1a: Hippopotas
|-damage|p1a: Hippopotas|39/100 tox
|-enditem|p1a: Hippopotas|Eviolite|[from] move: Knock Off|[of] p2a: Absol
|move|p1a: Hippopotas|Earthquake|p2a: Absol
|-damage|p2a: Absol|23/100
|
|-weather|none
|-damage|p1a: Hippopotas|21/100 tox|[from] psn
|upkeep
|turn|48
|
|t:|1661622644
|move|p2a: Absol|Knock Off|p1a: Hippopotas
|-damage|p1a: Hippopotas|0 fnt
|faint|p1a: Hippopotas
|
|upkeep
|
|t:|1661622658
|switch|p1a: Pyukumuku|Pyukumuku, F|95/100
|turn|49
|
|t:|1661622660
|move|p2a: Absol|Knock Off|p1a: Pyukumuku
|-damage|p1a: Pyukumuku|40/100
|-enditem|p1a: Pyukumuku|Leftovers|[from] move: Knock Off|[of] p2a: Absol
|move|p1a: Pyukumuku|Toxic|p2a: Absol
|-status|p2a: Absol|tox
|
|-damage|p2a: Absol|17/100 tox|[from] psn
|upkeep
|turn|50
|
|t:|1661622664
|move|p2a: Absol|Knock Off|p1a: Pyukumuku
|-damage|p1a: Pyukumuku|3/100
|move|p1a: Pyukumuku|Recover|p1a: Pyukumuku
|-heal|p1a: Pyukumuku|54/100
|
|-damage|p2a: Absol|6/100 tox|[from] psn
|upkeep
|turn|51
|
|t:|1661622666
|move|p2a: Absol|Knock Off|p1a: Pyukumuku
|-damage|p1a: Pyukumuku|18/100
|move|p1a: Pyukumuku|Recover|p1a: Pyukumuku
|-heal|p1a: Pyukumuku|68/100
|
|-damage|p2a: Absol|0 fnt|[from] psn
|faint|p2a: Absol
|upkeep
|
|t:|1661622669
|switch|p2a: Gourgeist|Gourgeist-Super, F|76/100
|turn|52
|
|t:|1661622672
|move|p2a: Gourgeist|Power Whip|p1a: Pyukumuku
|-supereffective|p1a: Pyukumuku
|-damage|p1a: Pyukumuku|0 fnt
|faint|p1a: Pyukumuku
|
|win|Haffling
|n|☆marioblaze|marioblaze
|n|☆Haffling|haffling
|n|+ShuckleDeath|shuckledeath
|n| the PDB|thepdb
