|j|☆GammaGoGamma
|j|☆NotAnHacker
|inactive|Battle timer is ON: inactive players will automatically lose when time's up.
|t:|1666918211
|gametype|singles
|player|p1|GammaGoGamma|burglar|
|player|p2|NotAnHacker|volkner|
|teamsize|p1|6
|teamsize|p2|6
|gen|8
|tier|[Gen 8] PU
|rated|Tournament battle
|rule|Sleep Clause Mod: Limit one foe put to sleep
|rule|Species Clause: Limit one of each Pokémon
|rule|OHKO Clause: OHKO moves are banned
|rule|Evasion Items Clause: Evasion items are banned
|rule|Evasion Moves Clause: Evasion moves are banned
|rule|Endless Battle Clause: Forcing endless battles is banned
|rule|HP Percentage Mod: HP is shown in percentages
|rule|Dynamax Clause: You cannot dynamax
|clearpoke
|poke|p1|Cofagrigus, M|
|poke|p1|Ribombee, M|
|poke|p1|Ferroseed, M|
|poke|p1|Quagsire, F|
|poke|p1|Charizard, F|
|poke|p1|Archeops, F|
|poke|p2|Accelgor, M|
|poke|p2|Basculin, F|
|poke|p2|Archeops, M|
|poke|p2|Cinccino, M|
|poke|p2|Quagsire, M|
|poke|p2|Ninjask, F|
|teampreview
|inactive|NotAnHacker also wants the timer to be on.
|j|*Lady Monita ☽
|inactive|GammaGoGamma has 120 seconds left.
|
|t:|1666918248
|start
|switch|p1a: Ferroseed|Ferroseed, M, shiny|100/100
|switch|p2a: Ninjask|Ninjask, F|100/100
|turn|1
|
|t:|1666918252
|move|p2a: Ninjask|Final Gambit|p1a: Ferroseed
|-damage|p1a: Ferroseed|0 fnt
|faint|p2a: Ninjask
|faint|p1a: Ferroseed
|
|upkeep
|
|t:|1666918276
|switch|p2a: Basculin|Basculin, F|100/100
|switch|p1a: Ribombee|Ribombee, M, shiny|100/100
|-ability|p2a: Basculin|Mold Breaker
|turn|2
|
|t:|1666918285
|move|p2a: Basculin|Final Gambit|p1a: Ribombee
|-damage|p1a: Ribombee|0 fnt
|faint|p2a: Basculin
|faint|p1a: Ribombee
|
|upkeep
|
|t:|1666918305
|switch|p1a: Archeops|Archeops, F|100/100
|switch|p2a: Cinccino|Cinccino, M|100/100
|turn|3
|
|t:|1666918312
|switch|p1a: Cofagrigus|Cofagrigus, M|100/100
|move|p2a: Cinccino|Triple Axel|p1a: Cofagrigus
|-damage|p1a: Cofagrigus|91/100
|-activate|p1a: Cofagrigus|ability: Mummy|Technician|[of] p2a: Cinccino
|-damage|p1a: Cofagrigus|79/100
|-damage|p1a: Cofagrigus|61/100
|-hitcount|p1a: Cofagrigus|3
|
|upkeep
|turn|4
|
|t:|1666918322
|switch|p2a: Quagsire|Quagsire, M|100/100
|move|p1a: Cofagrigus|Iron Defense|p1a: Cofagrigus
|-boost|p1a: Cofagrigus|def|2
|
|upkeep
|turn|5
|
|t:|1666918325
|move|p1a: Cofagrigus|Iron Defense|p1a: Cofagrigus
|-boost|p1a: Cofagrigus|def|2
|move|p2a: Quagsire|Toxic|p1a: Cofagrigus
|-status|p1a: Cofagrigus|tox
|
|-damage|p1a: Cofagrigus|55/100 tox|[from] psn
|upkeep
|turn|6
|
|t:|1666918348
|switch|p2a: Archeops|Archeops, M|100/100
|move|p1a: Cofagrigus|Iron Defense|p1a: Cofagrigus
|-boost|p1a: Cofagrigus|def|2
|
|-damage|p1a: Cofagrigus|43/100 tox|[from] psn
|upkeep
|turn|7
|
|t:|1666918353
|move|p2a: Archeops|Meteor Beam||[still]
|-prepare|p2a: Archeops|Meteor Beam
|-boost|p2a: Archeops|spa|1
|-enditem|p2a: Archeops|Power Herb
|-anim|p2a: Archeops|Meteor Beam|p1a: Cofagrigus
|-damage|p1a: Cofagrigus|0 fnt
|faint|p1a: Cofagrigus
|
|upkeep
|
|t:|1666918357
|switch|p1a: Quagsire|Quagsire, F|100/100
|turn|8
|
|t:|1666918367
|move|p2a: Archeops|Air Slash|p1a: Quagsire
|-damage|p1a: Quagsire|63/100
|cant|p1a: Quagsire|flinch
|
|upkeep
|turn|9
|
|t:|1666918381
|switch|p2a: Accelgor|Accelgor, M|100/100
|move|p1a: Quagsire|Recover|p1a: Quagsire
|-heal|p1a: Quagsire|100/100
|
|upkeep
|turn|10
|
|t:|1666918390
|switch|p1a: Charizard|Charizard, F, shiny|100/100
|move|p2a: Accelgor|Knock Off|p1a: Charizard
|-damage|p1a: Charizard|78/100
|-enditem|p1a: Charizard|Heavy-Duty Boots|[from] move: Knock Off|[of] p2a: Accelgor
|
|upkeep
|turn|11
|
|t:|1666918395
|switch|p2a: Quagsire|Quagsire, M|100/100
|move|p1a: Charizard|Flamethrower|p2a: Quagsire
|-resisted|p2a: Quagsire
|-damage|p2a: Quagsire|76/100
|
|upkeep
|turn|12
|
|t:|1666918407
|switch|p1a: Quagsire|Quagsire, F|100/100
|move|p2a: Quagsire|Toxic|p1a: Quagsire
|-status|p1a: Quagsire|tox
|
|-damage|p1a: Quagsire|94/100 tox|[from] psn
|upkeep
|turn|13
|
|t:|1666918419
|switch|p2a: Accelgor|Accelgor, M|100/100
|move|p1a: Quagsire|Toxic|p2a: Accelgor|[miss]
|-miss|p1a: Quagsire|p2a: Accelgor
|
|-damage|p1a: Quagsire|82/100 tox|[from] psn
|upkeep
|turn|14
|
|t:|1666918426
|switch|p1a: Charizard|Charizard, F, shiny|78/100
|move|p2a: Accelgor|Final Gambit|p1a: Charizard
|-damage|p1a: Charizard|0 fnt
|faint|p2a: Accelgor
|faint|p1a: Charizard
|
|upkeep
|
|t:|1666918439
|switch|p2a: Cinccino|Cinccino, M|100/100
|switch|p1a: Archeops|Archeops, F|100/100
|turn|15
|
|t:|1666918444
|switch|p1a: Quagsire|Quagsire, F|82/100 tox
|move|p2a: Cinccino|Triple Axel|p1a: Quagsire
|-damage|p1a: Quagsire|72/100 tox
|-damage|p1a: Quagsire|50/100 tox
|-damage|p1a: Quagsire|20/100 tox
|-hitcount|p1a: Quagsire|3
|
|-damage|p1a: Quagsire|14/100 tox|[from] psn
|upkeep
|turn|16
|
|t:|1666918447
|move|p2a: Cinccino|Triple Axel|p1a: Quagsire
|-damage|p1a: Quagsire|5/100 tox
|-damage|p1a: Quagsire|0 fnt
|faint|p1a: Quagsire
|-hitcount|p1: Quagsire|2
|
|upkeep
|
|t:|1666918449
|switch|p1a: Archeops|Archeops, F|100/100
|turn|17
|
|t:|1666918452
|move|p2a: Cinccino|Triple Axel|p1a: Archeops
|-supereffective|p1a: Archeops
|-damage|p1a: Archeops|57/100
|-supereffective|p1a: Archeops
|-damage|p1a: Archeops|0 fnt
|faint|p1a: Archeops
|-hitcount|p1: Archeops|2
|
|win|NotAnHacker
|n|☆GammaGoGamma|gammagogamma
|n|☆NotAnHacker|notanhacker
|n|*Lady Monita ☽|ladymonita
|l|*Lady Monita ☽
|c|☆NotAnHacker|gg
|c|☆GammaGoGamma|gg
