|j|☆AwesomePU
|j|☆MauricioPerry
|t:|1656102871
|gametype|singles
|player|p1|AwesomePU|brycenman|1351
|player|p2|MauricioPerry|battlegirl|1341
|teamsize|p1|6
|teamsize|p2|6
|gen|8
|tier|[Gen 8] PU
|rated|
|rule|Sleep Clause Mod: Limit one foe put to sleep
|rule|Species Clause: Limit one of each Pokémon
|rule|OHKO Clause: OHKO moves are banned
|rule|Evasion Moves Clause: Evasion moves are banned
|rule|Endless Battle Clause: Forcing endless battles is banned
|rule|HP Percentage Mod: HP is shown in percentages
|rule|Dynamax Clause: You cannot dynamax
|clearpoke
|poke|p1|Frosmoth, F|
|poke|p1|Thwackey, M|
|poke|p1|Absol, M|
|poke|p1|Aggron, M|
|poke|p1|Lanturn, M|
|poke|p1|Hitmonlee, M|
|poke|p2|Magneton|
|poke|p2|Rhydon, F|
|poke|p2|Hitmonchan, M|
|poke|p2|Mesprit|
|poke|p2|Liepard, F|
|poke|p2|Roselia, F|
|teampreview
|inactive|Battle timer is ON: inactive players will automatically lose when time's up. (requested by AwesomePU)
|
|t:|1656102880
|start
|switch|p1a: Louie|Thwackey, M|100/100
|switch|p2a: Liepard|Liepard, F|100/100
|-fieldstart|move: Grassy Terrain|[from] ability: Grassy Surge|[of] p1a: Louie
|turn|1
|
|t:|1656102900
|switch|p2a: Roselia|Roselia, F|100/100
|move|p1a: Louie|U-turn|p2a: Roselia
|-damage|p2a: Roselia|76/100
|-status|p1a: Louie|psn|[from] ability: Poison Point|[of] p2a: Roselia
|
|t:|1656102906
|switch|p1a: IcePhoebe|Frosmoth, F|100/100|[from]move: U-turn
|
|-heal|p2a: Roselia|83/100|[from] Grassy Terrain
|upkeep
|turn|2
|inactive|MauricioPerry has 120 seconds left.
|
|t:|1656102947
|switch|p2a: Hitmonchan|Hitmonchan, M|100/100
|move|p1a: IcePhoebe|Quiver Dance|p1a: IcePhoebe
|-boost|p1a: IcePhoebe|spa|1
|-boost|p1a: IcePhoebe|spd|1
|-boost|p1a: IcePhoebe|spe|1
|
|upkeep
|turn|3
|
|t:|1656102955
|move|p1a: IcePhoebe|Ice Beam|p2a: Hitmonchan
|-damage|p2a: Hitmonchan|62/100
|move|p2a: Hitmonchan|Drain Punch|p1a: IcePhoebe
|-crit|p1a: IcePhoebe
|-damage|p1a: IcePhoebe|10/100
|-heal|p2a: Hitmonchan|100/100|[from] drain|[of] p1a: IcePhoebe
|
|-heal|p1a: IcePhoebe|17/100|[from] Grassy Terrain
|upkeep
|turn|4
|
|t:|1656102965
|switch|p1a: Bruce|Hitmonlee, M|100/100
|-enditem|p1a: Bruce|Grassy Seed
|-boost|p1a: Bruce|def|1|[from] item: Grassy Seed
|move|p2a: Hitmonchan|Mach Punch|p1a: Bruce
|-damage|p1a: Bruce|74/100
|
|-heal|p1a: Bruce|80/100|[from] Grassy Terrain
|upkeep
|turn|5
|
|t:|1656102980
|switch|p2a: Roselia|Roselia, F|83/100
|move|p1a: Bruce|Knock Off|p2a: Roselia
|-damage|p2a: Roselia|52/100
|-status|p1a: Bruce|psn|[from] ability: Poison Point|[of] p2a: Roselia
|-enditem|p2a: Roselia|Eviolite|[from] move: Knock Off|[of] p1a: Bruce
|
|-heal|p1a: Bruce|86/100 psn|[from] Grassy Terrain
|-heal|p2a: Roselia|58/100|[from] Grassy Terrain
|-damage|p1a: Bruce|74/100 psn|[from] psn
|-fieldend|move: Grassy Terrain
|upkeep
|turn|6
|
|t:|1656102991
|move|p1a: Bruce|Stone Edge|p2a: Roselia
|-damage|p2a: Roselia|13/100
|move|p2a: Roselia|Synthesis|p2a: Roselia
|-heal|p2a: Roselia|63/100
|
|-damage|p1a: Bruce|61/100 psn|[from] psn
|upkeep
|turn|7
|
|t:|1656103004
|switch|p1a: Reaper|Absol, M|100/100
|move|p2a: Roselia|Spikes|p1a: Reaper
|-sidestart|p1: AwesomePU|Spikes
|
|upkeep
|turn|8
|inactive|MauricioPerry has 120 seconds left.
|
|t:|1656103035
|move|p1a: Reaper|Swords Dance|p1a: Reaper
|-boost|p1a: Reaper|atk|2
|move|p2a: Roselia|Sludge Bomb|p1a: Reaper
|-damage|p1a: Reaper|47/100
|
|upkeep
|turn|9
|
|t:|1656103044
|move|p1a: Reaper|Knock Off|p2a: Roselia
|-damage|p2a: Roselia|0 fnt
|faint|p2a: Roselia
|
|upkeep
|
|t:|1656103052
|switch|p2a: Hitmonchan|Hitmonchan, M|100/100
|turn|10
|
|t:|1656103055
|move|p2a: Hitmonchan|Mach Punch|p1a: Reaper
|-supereffective|p1a: Reaper
|-damage|p1a: Reaper|0 fnt
|faint|p1a: Reaper
|
|upkeep
|
|t:|1656103064
|switch|p1a: Louie|Thwackey, M|100/100 psn
|-damage|p1a: Louie|88/100 psn|[from] Spikes
|-fieldstart|move: Grassy Terrain|[from] ability: Grassy Surge|[of] p1a: Louie
|turn|11
|
|t:|1656103071
|switch|p2a: Magneton|Magneton|100/100
|move|p1a: Louie|Wood Hammer|p2a: Magneton
|-resisted|p2a: Magneton
|-damage|p2a: Magneton|68/100
|-damage|p1a: Louie|76/100 psn|[from] Recoil
|
|-heal|p1a: Louie|82/100 psn|[from] Grassy Terrain
|-heal|p2a: Magneton|74/100|[from] Grassy Terrain
|-damage|p1a: Louie|70/100 psn|[from] psn
|upkeep
|turn|12
|
|t:|1656103085
|switch|p1a: Fish God|Lanturn, M|100/100
|-damage|p1a: Fish God|88/100|[from] Spikes
|move|p2a: Magneton|Tri Attack|p1a: Fish God
|-damage|p1a: Fish God|49/100
|-status|p1a: Fish God|brn
|
|-heal|p1a: Fish God|55/100 brn|[from] Grassy Terrain
|-heal|p2a: Magneton|80/100|[from] Grassy Terrain
|-damage|p1a: Fish God|49/100 brn|[from] brn
|upkeep
|turn|13
|
|t:|1656103094
|move|p1a: Fish God|Scald|p2a: Magneton
|-damage|p2a: Magneton|50/100
|move|p2a: Magneton|Tri Attack|p1a: Fish God
|-damage|p1a: Fish God|6/100 brn
|
|-heal|p1a: Fish God|12/100 brn|[from] Grassy Terrain
|-heal|p2a: Magneton|57/100|[from] Grassy Terrain
|-damage|p1a: Fish God|6/100 brn|[from] brn
|upkeep
|turn|14
|
|t:|1656103109
|switch|p2a: Mesprit|Mesprit|100/100
|move|p1a: Fish God|Scald|p2a: Mesprit
|-damage|p2a: Mesprit|67/100
|-status|p2a: Mesprit|brn
|
|-heal|p1a: Fish God|12/100 brn|[from] Grassy Terrain
|-damage|p2a: Mesprit|61/100 brn|[from] brn
|-damage|p1a: Fish God|6/100 brn|[from] brn
|upkeep
|turn|15
|
|t:|1656103122
|move|p2a: Mesprit|Psychic|p1a: Fish God
|-damage|p1a: Fish God|0 fnt
|faint|p1a: Fish God
|
|-damage|p2a: Mesprit|55/100 brn|[from] brn
|-fieldend|move: Grassy Terrain
|upkeep
|
|t:|1656103129
|switch|p1a: A GG ron|Aggron, M|100/100
|-damage|p1a: A GG ron|88/100|[from] Spikes
|turn|16
|
|t:|1656103137
|switch|p2a: Rhydon|Rhydon, F|100/100
|move|p1a: A GG ron|Body Press|p2a: Rhydon
|-supereffective|p2a: Rhydon
|-damage|p2a: Rhydon|65/100
|
|upkeep
|turn|17
|
|t:|1656103148
|switch|p1a: IcePhoebe|Frosmoth, F|17/100
|move|p2a: Rhydon|Earthquake|p1a: IcePhoebe
|-resisted|p1a: IcePhoebe
|-damage|p1a: IcePhoebe|0 fnt
|faint|p1a: IcePhoebe
|
|upkeep
|
|t:|1656103150
|switch|p1a: Louie|Thwackey, M|70/100 psn
|-damage|p1a: Louie|57/100 psn|[from] Spikes
|-fieldstart|move: Grassy Terrain|[from] ability: Grassy Surge|[of] p1a: Louie
|turn|18
|
|t:|1656103166
|move|p1a: Louie|Wood Hammer|p2a: Rhydon
|-supereffective|p2a: Rhydon
|-damage|p2a: Rhydon|0 fnt
|faint|p2a: Rhydon
|-damage|p1a: Louie|31/100 psn|[from] Recoil
|
|-heal|p1a: Louie|37/100 psn|[from] Grassy Terrain
|-damage|p1a: Louie|24/100 psn|[from] psn
|upkeep
|j| PUTITONTHECOUNTER
|inactive|MauricioPerry has 120 seconds left.
|
|t:|1656103192
|switch|p2a: Mesprit|Mesprit|55/100 brn
|turn|19
|
|t:|1656103195
|move|p2a: Mesprit|U-turn|p1a: Louie
|-supereffective|p1a: Louie
|-damage|p1a: Louie|2/100 psn
|
|t:|1656103199
|switch|p2a: Magneton|Magneton|57/100|[from]move: U-turn
|move|p1a: Louie|Wood Hammer|p2a: Magneton
|-resisted|p2a: Magneton
|-damage|p2a: Magneton|24/100
|-damage|p1a: Louie|0 fnt|[from] Recoil
|faint|p1a: Louie
|
|-heal|p2a: Magneton|30/100|[from] Grassy Terrain
|upkeep
|
|t:|1656103207
|switch|p1a: Bruce|Hitmonlee, M|61/100 psn
|-damage|p1a: Bruce|49/100 psn|[from] Spikes
|turn|20
|
|t:|1656103209
|move|p1a: Bruce|Close Combat|p2a: Magneton
|-supereffective|p2a: Magneton
|-damage|p2a: Magneton|0 fnt
|-unboost|p1a: Bruce|def|1
|-unboost|p1a: Bruce|spd|1
|faint|p2a: Magneton
|
|-heal|p1a: Bruce|55/100 psn|[from] Grassy Terrain
|-damage|p1a: Bruce|43/100 psn|[from] psn
|upkeep
|inactive|MauricioPerry has 120 seconds left.
|
|t:|1656103247
|switch|p2a: Liepard|Liepard, F|100/100
|turn|21
|
|t:|1656103251
|move|p2a: Liepard|Copycat|p2a: Liepard
|move|p2a: Liepard|Close Combat|p1a: Bruce|[from]move: Copycat
|-damage|p1a: Bruce|0 fnt
|-unboost|p2a: Liepard|def|1
|-unboost|p2a: Liepard|spd|1
|faint|p1a: Bruce
|
|upkeep
|
|t:|1656103254
|switch|p1a: A GG ron|Aggron, M|88/100
|-damage|p1a: A GG ron|76/100|[from] Spikes
|turn|22
|c|☆AwesomePU|gg'
|
|t:|1656103260
|move|p2a: Liepard|Copycat|p2a: Liepard
|move|p2a: Liepard|Close Combat|p1a: A GG ron|[from]move: Copycat
|-supereffective|p1a: A GG ron
|-damage|p1a: A GG ron|0 fnt
|-unboost|p2a: Liepard|def|1
|-unboost|p2a: Liepard|spd|1
|faint|p1a: A GG ron
|
|win|MauricioPerry
|raw|AwesomePU's rating: 1364 &rarr; <strong>1343</strong><br />(-21 for losing)
|raw|MauricioPerry's rating: 1341 &rarr; <strong>1362</strong><br />(+21 for winning)
|c|☆MauricioPerry|gg
|l|☆AwesomePU
||Ladder isn't responding, score probably updated but might not have (Request timeout).
