|j|☆mefrog
|j|☆Imnotgoodatthegame
|t:|1637278107
|gametype|singles
|player|p1|mefrog|volkner|1494
|player|p2|Imnotgoodatthegame|firebreather|1389
|teamsize|p1|6
|teamsize|p2|6
|gen|8
|tier|[Gen 8] PU
|rated|
|rule|Sleep Clause Mod: Limit one foe put to sleep
|rule|Species Clause: Limit one of each Pokémon
|rule|OHKO Clause: OHKO moves are banned
|rule|Evasion Moves Clause: Evasion moves are banned
|rule|Endless Battle Clause: Forcing endless battles is banned
|rule|HP Percentage Mod: HP is shown in percentages
|rule|Dynamax Clause: You cannot dynamax
|clearpoke
|poke|p1|Charizard, M|
|poke|p1|Liepard, F|
|poke|p1|Onix, M|
|poke|p1|Shiftry, F|
|poke|p1|Leafeon, M|
|poke|p1|Jolteon, M|
|poke|p2|Charizard, M|
|poke|p2|Onix, F|
|poke|p2|Shiftry, M|
|poke|p2|Jolteon, F|
|poke|p2|Exeggutor, M|
|poke|p2|Hitmontop, M|
|teampreview
|
|t:|1637278118
|start
|switch|p1a: Sunnyday|Leafeon, M|100/100
|switch|p2a: Onix|Onix, F|100/100
|turn|1
|
|t:|1637278125
|move|p2a: Onix|Sunny Day|p2a: Onix
|-weather|SunnyDay
|move|p1a: Sunnyday|Bullet Seed|p2a: Onix
|-supereffective|p2a: Onix
|-damage|p2a: Onix|44/100
|-supereffective|p2a: Onix
|-damage|p2a: Onix|0 fnt
|faint|p2a: Onix
|-hitcount|p2: Onix|2
|-damage|p1a: Sunnyday|91/100|[from] item: Life Orb
|
|-weather|SunnyDay|[upkeep]
|upkeep
|
|t:|1637278133
|switch|p2a: Jolteon|Jolteon, F|100/100
|turn|2
|
|t:|1637278138
|move|p1a: Sunnyday|Solar Blade||[still]
|-prepare|p1a: Sunnyday|Solar Blade
|-anim|p1a: Sunnyday|Solar Blade|p2a: Jolteon
|-damage|p2a: Jolteon|0 fnt
|faint|p2a: Jolteon
|-damage|p1a: Sunnyday|81/100|[from] item: Life Orb
|
|-weather|SunnyDay|[upkeep]
|upkeep
|
|t:|1637278143
|switch|p2a: Charizard|Charizard, M|100/100
|turn|3
|
|t:|1637278156
|switch|p1a: Coil|Onix, M|100/100
|move|p2a: Charizard|Weather Ball|p1a: Coil
|-resisted|p1a: Coil
|-ability|p1a: Coil|Sturdy
|-damage|p1a: Coil|1/100
|
|-weather|SunnyDay|[upkeep]
|-damage|p2a: Charizard|88/100|[from] ability: Solar Power|[of] p2a: Charizard
|upkeep
|turn|4
|
|t:|1637278160
|move|p2a: Charizard|Weather Ball|p1a: Coil
|-resisted|p1a: Coil
|-damage|p1a: Coil|0 fnt
|faint|p1a: Coil
|
|-weather|SunnyDay|[upkeep]
|-damage|p2a: Charizard|76/100|[from] ability: Solar Power|[of] p2a: Charizard
|upkeep
|
|t:|1637278162
|switch|p1a: Spark|Jolteon, M|100/100
|turn|5
|
|t:|1637278166
|switch|p2a: Exeggutor|Exeggutor, M|100/100
|move|p1a: Spark|Thunderbolt|p2a: Exeggutor
|-resisted|p2a: Exeggutor
|-damage|p2a: Exeggutor|75/100
|
|-weather|SunnyDay|[upkeep]
|upkeep
|turn|6
|
|t:|1637278170
|move|p2a: Exeggutor|Solar Beam||[still]
|-prepare|p2a: Exeggutor|Solar Beam
|-anim|p2a: Exeggutor|Solar Beam|p1a: Spark
|-damage|p1a: Spark|0 fnt
|faint|p1a: Spark
|-damage|p2a: Exeggutor|65/100|[from] item: Life Orb
|
|-weather|SunnyDay|[upkeep]
|upkeep
|inactive|Battle timer is ON: inactive players will automatically lose when time's up. (requested by mefrog)
|
|t:|1637278179
|switch|p1a: Sunnyday|Leafeon, M|81/100
|turn|7
|
|t:|1637278186
|switch|p2a: Hitmontop|Hitmontop, M|100/100
|move|p1a: Sunnyday|Knock Off|p2a: Hitmontop
|-resisted|p2a: Hitmontop
|-damage|p2a: Hitmontop|77/100
|-enditem|p2a: Hitmontop|Assault Vest|[from] move: Knock Off|[of] p1a: Sunnyday
|-damage|p1a: Sunnyday|71/100|[from] item: Life Orb
|
|-weather|SunnyDay|[upkeep]
|upkeep
|turn|8
|
|t:|1637278192
|move|p1a: Sunnyday|Solar Blade||[still]
|-prepare|p1a: Sunnyday|Solar Blade
|-anim|p1a: Sunnyday|Solar Blade|p2a: Hitmontop
|-damage|p2a: Hitmontop|0 fnt
|faint|p2a: Hitmontop
|-damage|p1a: Sunnyday|62/100|[from] item: Life Orb
|
|-weather|none
|upkeep
|
|t:|1637278198
|switch|p2a: Charizard|Charizard, M|76/100
|turn|9
|
|t:|1637278209
|switch|p1a: Overheat|Charizard, M|100/100
|move|p2a: Charizard|Air Slash|p1a: Overheat
|-damage|p1a: Overheat|34/100
|
|upkeep
|turn|10
|
|t:|1637278214
|move|p2a: Charizard|Air Slash|p1a: Overheat
|-damage|p1a: Overheat|0 fnt
|faint|p1a: Overheat
|
|upkeep
|
|t:|1637278216
|switch|p1a: Taunt|Liepard, F|100/100
|turn|11
|
|t:|1637278224
|switch|p2a: Shiftry|Shiftry, M|100/100
|move|p1a: Taunt|Sunny Day|p1a: Taunt
|-weather|SunnyDay
|
|-weather|SunnyDay|[upkeep]
|upkeep
|turn|12
|
|t:|1637278228
|move|p2a: Shiftry|Solar Blade||[still]
|-prepare|p2a: Shiftry|Solar Blade
|-anim|p2a: Shiftry|Solar Blade|p1a: Taunt
|-damage|p1a: Taunt|0 fnt
|faint|p1a: Taunt
|-damage|p2a: Shiftry|91/100|[from] item: Life Orb
|
|-weather|SunnyDay|[upkeep]
|upkeep
|
|t:|1637278242
|switch|p1a: Sunnyday|Leafeon, M|62/100
|turn|13
|
|t:|1637278250
|move|p2a: Shiftry|Heat Wave|p1a: Sunnyday
|-supereffective|p1a: Sunnyday
|-damage|p1a: Sunnyday|0 fnt
|faint|p1a: Sunnyday
|-damage|p2a: Shiftry|81/100|[from] item: Life Orb
|
|-weather|SunnyDay|[upkeep]
|upkeep
|
|t:|1637278252
|switch|p1a: Slash|Shiftry, F|100/100
|turn|14
|c|☆Imnotgoodatthegame|wait
|c|☆Imnotgoodatthegame|slower?
|
|t:|1637278258
|move|p2a: Shiftry|Heat Wave|p1a: Slash
|-supereffective|p1a: Slash
|-damage|p1a: Slash|0 fnt
|faint|p1a: Slash
|-damage|p2a: Shiftry|71/100|[from] item: Life Orb
|
|win|Imnotgoodatthegame
|raw|mefrog's rating: 1494 &rarr; <strong>1468</strong><br />(-26 for losing)
|raw|Imnotgoodatthegame's rating: 1389 &rarr; <strong>1415</strong><br />(+26 for winning)
|l|☆mefrog
|c|☆Imnotgoodatthegame|gg
