|j|☆one of the bouys
|j|☆ayo bb
|t:|1622730243
|gametype|singles
|player|p1|one of the bouys|266|
|player|p2|ayo bb|265|
|teamsize|p1|1
|teamsize|p2|6
|gen|8
|tier|[Gen 8] PU
|rule|Sleep Clause Mod: Limit one foe put to sleep
|rule|Species Clause: Limit one of each Pokémon
|rule|OHKO Clause: OHKO moves are banned
|rule|Evasion Moves Clause: Evasion moves are banned
|rule|Endless Battle Clause: Forcing endless battles is banned
|rule|HP Percentage Mod: HP is shown in percentages
|rule|Dynamax Clause: You cannot dynamax
|clearpoke
|poke|p1|Aromatisse, M|
|poke|p2|Stunfisk-Galar, M|
|poke|p2|Xatu, F|
|poke|p2|Cofagrigus, M|
|poke|p2|Coalossal, M|
|poke|p2|Aromatisse, F|
|poke|p2|Turtonator, F|
|teampreview
|
|t:|1622730249
|start
|switch|p1a: Aromatisse|Aromatisse, M|100/100
|switch|p2a: Stunfisk|Stunfisk-Galar, M|100/100
|turn|1
|j| Tomasoman
|
|t:|1622730261
|move|p2a: Stunfisk|Snap Trap|p1a: Aromatisse
|-damage|p1a: Aromatisse|96/100
|-activate|p1a: Aromatisse|move: Snap Trap|[of] p2a: Stunfisk
|move|p1a: Aromatisse|Wish|p1a: Aromatisse
|
|-heal|p1a: Aromatisse|100/100|[from] item: Leftovers
|-damage|p1a: Aromatisse|88/100|[from] move: Snap Trap|[partiallytrapped]
|upkeep
|turn|2
|
|t:|1622730275
|move|p2a: Stunfisk|Earthquake|p1a: Aromatisse
|-damage|p1a: Aromatisse|67/100
|move|p1a: Aromatisse|Moonblast|p2a: Stunfisk
|-resisted|p2a: Stunfisk
|-damage|p2a: Stunfisk|91/100
|
|-heal|p1a: Aromatisse|100/100|[from] move: Wish|[wisher] Aromatisse
|-heal|p2a: Stunfisk|97/100|[from] item: Leftovers
|-damage|p1a: Aromatisse|88/100|[from] move: Snap Trap|[partiallytrapped]
|upkeep
|turn|3
|
|t:|1622730286
|move|p2a: Stunfisk|Yawn|p1a: Aromatisse
|-start|p1a: Aromatisse|move: Yawn|[of] p2a: Stunfisk
|move|p1a: Aromatisse|Wish|p1a: Aromatisse
|
|-heal|p2a: Stunfisk|100/100|[from] item: Leftovers
|-heal|p1a: Aromatisse|94/100|[from] item: Leftovers
|-damage|p1a: Aromatisse|82/100|[from] move: Snap Trap|[partiallytrapped]
|upkeep
|turn|4
|
|t:|1622730292
|move|p2a: Stunfisk|Earthquake|p1a: Aromatisse
|-damage|p1a: Aromatisse|60/100
|move|p1a: Aromatisse|Moonblast|p2a: Stunfisk
|-resisted|p2a: Stunfisk
|-damage|p2a: Stunfisk|90/100
|-unboost|p2a: Stunfisk|spa|1
|
|-heal|p1a: Aromatisse|100/100|[from] move: Wish|[wisher] Aromatisse
|-heal|p2a: Stunfisk|96/100|[from] item: Leftovers
|-damage|p1a: Aromatisse|88/100|[from] move: Snap Trap|[partiallytrapped]
|-end|p1a: Aromatisse|move: Yawn|[silent]
|-status|p1a: Aromatisse|slp
|upkeep
|turn|5
|l| Tomasoman
|
|t:|1622730305
|move|p2a: Stunfisk|Earthquake|p1a: Aromatisse
|-damage|p1a: Aromatisse|66/100 slp
|cant|p1a: Aromatisse|slp
|
|-heal|p2a: Stunfisk|100/100|[from] item: Leftovers
|-heal|p1a: Aromatisse|72/100 slp|[from] item: Leftovers
|-damage|p1a: Aromatisse|60/100 slp|[from] move: Snap Trap|[partiallytrapped]
|upkeep
|turn|6
|
|t:|1622730309
|move|p2a: Stunfisk|Earthquake|p1a: Aromatisse
|-crit|p1a: Aromatisse
|-damage|p1a: Aromatisse|26/100 slp
|cant|p1a: Aromatisse|slp
|
|-heal|p1a: Aromatisse|33/100 slp|[from] item: Leftovers
|-end|p1a: Aromatisse|Snap Trap|[partiallytrapped]
|upkeep
|turn|7
|
|t:|1622730319
|move|p2a: Stunfisk|Earthquake|p1a: Aromatisse
|-damage|p1a: Aromatisse|9/100 slp
|cant|p1a: Aromatisse|slp
|
|-heal|p1a: Aromatisse|16/100 slp|[from] item: Leftovers
|upkeep
|turn|8
|
|t:|1622730324
|move|p2a: Stunfisk|Earthquake|p1a: Aromatisse
|-damage|p1a: Aromatisse|0 fnt
|faint|p1a: Aromatisse
|
|win|ayo bb
|l|☆ayo bb
