|j|☆BiggMommacita
|j|☆RealAmogh
|t:|1609980955
|player|p1|BiggMommacita|lenora|1407
|player|p2|RealAmogh|backpacker|1296
|teamsize|p1|6
|teamsize|p2|6
|gametype|singles
|gen|8
|tier|[Gen 8] PU
|rated|
|clearpoke
|poke|p1|Omastar, F|
|poke|p1|Ludicolo, F|
|poke|p1|Poliwrath, F|
|poke|p1|Persian-Alola, M|
|poke|p1|Uxie|
|poke|p1|Gurdurr, M|
|poke|p2|Gigalith, M|
|poke|p2|Lycanroc, M|
|poke|p2|Dugtrio-Alola, M|
|poke|p2|Stoutland, M|
|poke|p2|Crustle, M|
|poke|p2|Claydol|
|rule|Sleep Clause Mod: Limit one foe put to sleep
|rule|Species Clause: Limit one of each Pokémon
|rule|OHKO Clause: OHKO moves are banned
|rule|Evasion Moves Clause: Evasion moves are banned
|rule|Endless Battle Clause: Forcing endless battles is banned
|rule|HP Percentage Mod: HP is shown in percentages
|rule|Dynamax Clause: You cannot dynamax
|teampreview
|
|t:|1609980977
|start
|switch|p1a: Persian|Persian-Alola, M|100/100
|switch|p2a: Gigalith|Gigalith, M|100/100
|-weather|Sandstorm|[from] ability: Sand Stream|[of] p2a: Gigalith
|turn|1
|
|t:|1609980983
|move|p1a: Persian|Taunt|p2a: Gigalith
|-start|p2a: Gigalith|move: Taunt
|cant|p2a: Gigalith|move: Taunt|Stealth Rock
|
|-weather|Sandstorm|[upkeep]
|-damage|p1a: Persian|94/100|[from] Sandstorm
|upkeep
|turn|2
|
|t:|1609980988
|move|p1a: Persian|Knock Off|p2a: Gigalith
|-damage|p2a: Gigalith|88/100
|-enditem|p2a: Gigalith|Smooth Rock|[from] move: Knock Off|[of] p1a: Persian
|move|p2a: Gigalith|Body Press|p1a: Persian
|-supereffective|p1a: Persian
|-damage|p1a: Persian|58/100
|
|-weather|Sandstorm|[upkeep]
|-damage|p1a: Persian|52/100|[from] Sandstorm
|upkeep
|turn|3
|
|t:|1609981003
|move|p1a: Persian|Rain Dance|p1a: Persian
|-weather|RainDance
|move|p2a: Gigalith|Body Press|p1a: Persian
|-supereffective|p1a: Persian
|-damage|p1a: Persian|13/100
|
|-weather|RainDance|[upkeep]
|-end|p2a: Gigalith|move: Taunt
|upkeep
|turn|4
|
|t:|1609981009
|move|p1a: Persian|U-turn|p2a: Gigalith
|-damage|p2a: Gigalith|82/100
|
|t:|1609981013
|switch|p1a: Poliwrath|Poliwrath, F|100/100|[from]move: U-turn
|move|p2a: Gigalith|Stealth Rock|p1a: Poliwrath
|-sidestart|p1: BiggMommacita|move: Stealth Rock
|
|-weather|RainDance|[upkeep]
|upkeep
|turn|5
|
|t:|1609981036
|switch|p2a: Stoutland|Stoutland, M|100/100
|move|p1a: Poliwrath|Liquidation|p2a: Stoutland
|-damage|p2a: Stoutland|26/100
|
|-weather|RainDance|[upkeep]
|upkeep
|turn|6
|
|t:|1609981042
|move|p1a: Poliwrath|Liquidation|p2a: Stoutland
|-damage|p2a: Stoutland|0 fnt
|faint|p2a: Stoutland
|
|-weather|RainDance|[upkeep]
|upkeep
|
|t:|1609981044
|switch|p2a: Gigalith|Gigalith, M|82/100
|-weather|Sandstorm|[from] ability: Sand Stream|[of] p2a: Gigalith
|turn|7
|
|t:|1609981066
|move|p1a: Poliwrath|Close Combat|p2a: Gigalith
|-supereffective|p2a: Gigalith
|-damage|p2a: Gigalith|11/100
|-unboost|p1a: Poliwrath|def|1
|-unboost|p1a: Poliwrath|spd|1
|move|p2a: Gigalith|Toxic|p1a: Poliwrath
|-status|p1a: Poliwrath|tox
|
|-weather|Sandstorm|[upkeep]
|-damage|p1a: Poliwrath|94/100 tox|[from] Sandstorm
|-damage|p1a: Poliwrath|88/100 tox|[from] psn
|upkeep
|turn|8
|
|t:|1609981073
|move|p1a: Poliwrath|Liquidation|p2a: Gigalith
|-supereffective|p2a: Gigalith
|-damage|p2a: Gigalith|0 fnt
|faint|p2a: Gigalith
|
|-weather|Sandstorm|[upkeep]
|-damage|p1a: Poliwrath|82/100 tox|[from] Sandstorm
|-damage|p1a: Poliwrath|69/100 tox|[from] psn
|upkeep
|
|t:|1609981075
|switch|p2a: Claydol|Claydol|100/100
|turn|9
|
|t:|1609981080
|switch|p1a: Uxie|Uxie|100/100
|-damage|p1a: Uxie|88/100|[from] Stealth Rock
|move|p2a: Claydol|Reflect|p2a: Claydol
|-sidestart|p2: RealAmogh|Reflect
|
|-weather|Sandstorm|[upkeep]
|-damage|p1a: Uxie|82/100|[from] Sandstorm
|upkeep
|turn|10
|
|t:|1609981087
|move|p1a: Uxie|Stealth Rock|p2a: Claydol
|-sidestart|p2: RealAmogh|move: Stealth Rock
|move|p2a: Claydol|Light Screen|p2a: Claydol
|-sidestart|p2: RealAmogh|move: Light Screen
|
|-weather|Sandstorm|[upkeep]
|-damage|p1a: Uxie|76/100|[from] Sandstorm
|upkeep
|turn|11
|
|t:|1609981092
|switch|p2a: Crustle|Crustle, M|100/100
|move|p1a: Uxie|Rain Dance|p1a: Uxie
|-weather|RainDance
|
|-weather|RainDance|[upkeep]
|upkeep
|turn|12
|
|t:|1609981098
|move|p1a: Uxie|U-turn|p2a: Crustle
|-damage|p2a: Crustle|95/100
|
|t:|1609981104
|switch|p1a: Poliwrath|Poliwrath, F|69/100 tox|[from]move: U-turn
|-damage|p1a: Poliwrath|63/100 tox|[from] Stealth Rock
|move|p2a: Crustle|Shell Smash|p2a: Crustle
|-unboost|p2a: Crustle|def|1
|-unboost|p2a: Crustle|spd|1
|-boost|p2a: Crustle|atk|2
|-boost|p2a: Crustle|spa|2
|-boost|p2a: Crustle|spe|2
|
|-weather|RainDance|[upkeep]
|-damage|p1a: Poliwrath|57/100 tox|[from] psn
|upkeep
|turn|13
|
|t:|1609981125
|move|p1a: Poliwrath|Liquidation|p2a: Crustle
|-supereffective|p2a: Crustle
|-damage|p2a: Crustle|2/100
|-unboost|p2a: Crustle|def|1
|move|p2a: Crustle|Stone Edge|p1a: Poliwrath
|-resisted|p1a: Poliwrath
|-crit|p1a: Poliwrath
|-damage|p1a: Poliwrath|0 fnt
|faint|p1a: Poliwrath
|
|-weather|RainDance|[upkeep]
|upkeep
|
|t:|1609981151
|switch|p1a: Ludicolo|Ludicolo, F|100/100
|-damage|p1a: Ludicolo|88/100|[from] Stealth Rock
|turn|14
|
|t:|1609981156
|move|p1a: Ludicolo|Weather Ball|p2a: Crustle
|-supereffective|p2a: Crustle
|-damage|p2a: Crustle|0 fnt
|-damage|p1a: Ludicolo|78/100|[from] item: Life Orb
|faint|p2a: Crustle
|
|-weather|RainDance|[upkeep]
|upkeep
|
|t:|1609981165
|switch|p2a: Claydol|Claydol|100/100
|-damage|p2a: Claydol|94/100|[from] Stealth Rock
|turn|15
|
|t:|1609981170
|move|p1a: Ludicolo|Weather Ball|p2a: Claydol
|-supereffective|p2a: Claydol
|-damage|p2a: Claydol|30/100
|-damage|p1a: Ludicolo|68/100|[from] item: Life Orb
|move|p2a: Claydol|Sandstorm|p2a: Claydol
|-weather|Sandstorm
|
|-weather|Sandstorm|[upkeep]
|-damage|p1a: Ludicolo|62/100|[from] Sandstorm
|upkeep
|turn|16
|
|t:|1609981179
|switch|p2a: Dugtrio|Dugtrio-Alola, M|100/100
|-damage|p2a: Dugtrio|98/100|[from] Stealth Rock
|move|p1a: Ludicolo|Surf|p2a: Dugtrio
|-supereffective|p2a: Dugtrio
|-damage|p2a: Dugtrio|0 fnt
|-damage|p1a: Ludicolo|52/100|[from] item: Life Orb
|faint|p2a: Dugtrio
|
|-weather|Sandstorm|[upkeep]
|-damage|p1a: Ludicolo|46/100|[from] Sandstorm
|-sideend|p2: RealAmogh|Reflect
|upkeep
|
|t:|1609981182
|switch|p2a: Lycanroc|Lycanroc, M|100/100
|-damage|p2a: Lycanroc|88/100|[from] Stealth Rock
|turn|17
|
|t:|1609981189
|move|p2a: Lycanroc|Stone Edge|p1a: Ludicolo
|-damage|p1a: Ludicolo|0 fnt
|-damage|p2a: Lycanroc|78/100|[from] item: Life Orb
|faint|p1a: Ludicolo
|
|-weather|Sandstorm|[upkeep]
|-sideend|p2: RealAmogh|move: Light Screen
|upkeep
|
|t:|1609981194
|switch|p1a: Uxie|Uxie|76/100
|-damage|p1a: Uxie|64/100|[from] Stealth Rock
|turn|18
|
|t:|1609981230
|move|p2a: Lycanroc|Swords Dance|p2a: Lycanroc
|-boost|p2a: Lycanroc|atk|2
|move|p1a: Uxie|Rain Dance|p1a: Uxie
|-weather|RainDance
|
|-weather|RainDance|[upkeep]
|upkeep
|turn|19
|
|t:|1609981240
|move|p2a: Lycanroc|Accelerock|p1a: Uxie
|-damage|p1a: Uxie|29/100
|-damage|p2a: Lycanroc|68/100|[from] item: Life Orb
|move|p1a: Uxie|Psychic|p2a: Lycanroc
|-damage|p2a: Lycanroc|28/100
|-unboost|p2a: Lycanroc|spd|1
|
|-weather|RainDance|[upkeep]
|upkeep
|turn|20
|
|t:|1609981244
|move|p2a: Lycanroc|Accelerock|p1a: Uxie
|-damage|p1a: Uxie|0 fnt
|-damage|p2a: Lycanroc|18/100|[from] item: Life Orb
|faint|p1a: Uxie
|
|-weather|RainDance|[upkeep]
|upkeep
|
|t:|1609981251
|switch|p1a: Gurdurr|Gurdurr, M|100/100
|-damage|p1a: Gurdurr|94/100|[from] Stealth Rock
|turn|21
|
|t:|1609981255
|move|p1a: Gurdurr|Mach Punch|p2a: Lycanroc
|-supereffective|p2a: Lycanroc
|-damage|p2a: Lycanroc|0 fnt
|faint|p2a: Lycanroc
|
|-weather|RainDance|[upkeep]
|upkeep
|
|t:|1609981256
|switch|p2a: Claydol|Claydol|30/100
|-damage|p2a: Claydol|24/100|[from] Stealth Rock
|turn|22
|
|t:|1609981259
|move|p2a: Claydol|Rapid Spin|p1a: Gurdurr
|-damage|p1a: Gurdurr|90/100
|-boost|p2a: Claydol|spe|1
|-sideend|p2: RealAmogh|Stealth Rock|[from] move: Rapid Spin|[of] p2a: Claydol
|move|p1a: Gurdurr|Knock Off|p2a: Claydol
|-supereffective|p2a: Claydol
|-damage|p2a: Claydol|0 fnt
|-enditem|p2a: Claydol|Light Clay|[from] move: Knock Off|[of] p1a: Gurdurr
|faint|p2a: Claydol
|
|win|BiggMommacita
|l|☆RealAmogh
