|j|☆Rangino
|j|☆kingqueso141
|t:|1664578184
|gametype|singles
|player|p1|Rangino|169|1137
|player|p2|kingqueso141|rosa|1171
|teamsize|p1|6
|teamsize|p2|6
|gen|8
|tier|[Gen 8] PU
|rated|
|rule|Sleep Clause Mod: Limit one foe put to sleep
|rule|Species Clause: Limit one of each Pokémon
|rule|OHKO Clause: OHKO moves are banned
|rule|Evasion Items Clause: Evasion items are banned
|rule|Evasion Moves Clause: Evasion moves are banned
|rule|Endless Battle Clause: Forcing endless battles is banned
|rule|HP Percentage Mod: HP is shown in percentages
|rule|Dynamax Clause: You cannot dynamax
|clearpoke
|poke|p1|Lapras, M|
|poke|p1|Weezing, M|
|poke|p1|Stunfisk, M|
|poke|p1|Gallade, M|
|poke|p1|Ribombee, M|
|poke|p1|Persian-Alola, M|
|poke|p2|Scrafty, M|
|poke|p2|Comfey, M|
|poke|p2|Doublade, F|
|poke|p2|Charizard, M|
|poke|p2|Jellicent, F|
|poke|p2|Sandaconda, F|
|teampreview
|
|t:|1664578227
|start
|switch|p1a: Lief|Lapras, M|100/100
|switch|p2a: Doublade|Doublade, F|100/100
|turn|1
|
|t:|1664578258
|switch|p1a: Industry Baby|Weezing, M|100/100
|move|p2a: Doublade|Shadow Claw|p1a: Industry Baby
|-damage|p1a: Industry Baby|77/100
|-damage|p2a: Doublade|84/100|[from] item: Rocky Helmet|[of] p1a: Industry Baby
|
|upkeep
|turn|2
|
|t:|1664578289
|switch|p2a: Jellicent|Jellicent, F|100/100
|move|p1a: Industry Baby|Sludge Bomb|p2a: Jellicent
|-resisted|p2a: Jellicent
|-damage|p2a: Jellicent|89/100
|-status|p2a: Jellicent|psn
|
|-damage|p2a: Jellicent|77/100 psn|[from] psn
|upkeep
|turn|3
|
|t:|1664578304
|switch|p1a: Lief|Lapras, M|100/100
|move|p2a: Jellicent|Will-O-Wisp|p1a: Lief|[miss]
|-miss|p2a: Jellicent|p1a: Lief
|
|-damage|p2a: Jellicent|65/100 psn|[from] psn
|upkeep
|turn|4
|
|t:|1664578324
|switch|p2a: Charizard|Charizard, M|100/100
|move|p1a: Lief|Freeze-Dry|p2a: Charizard
|-damage|p2a: Charizard|75/100
|
|upkeep
|turn|5
|
|t:|1664578331
|move|p2a: Charizard|Toxic|p1a: Lief
|-status|p1a: Lief|tox
|move|p1a: Lief|Surf|p2a: Charizard
|-supereffective|p2a: Charizard
|-crit|p2a: Charizard
|-damage|p2a: Charizard|0 fnt
|faint|p2a: Charizard
|
|-damage|p1a: Lief|94/100 tox|[from] psn
|upkeep
|
|t:|1664578341
|switch|p2a: Scrafty|Scrafty, M|100/100
|turn|6
|
|t:|1664578349
|switch|p1a: Industry Baby|Weezing, M|77/100
|move|p2a: Scrafty|Dragon Dance|p2a: Scrafty
|-boost|p2a: Scrafty|atk|1
|-boost|p2a: Scrafty|spe|1
|
|upkeep
|turn|7
|
|t:|1664578354
|move|p2a: Scrafty|Dragon Dance|p2a: Scrafty
|-boost|p2a: Scrafty|atk|1
|-boost|p2a: Scrafty|spe|1
|move|p1a: Industry Baby|Haze|p1a: Industry Baby
|-clearallboost
|
|upkeep
|turn|8
|
|t:|1664578359
|move|p2a: Scrafty|Knock Off|p1a: Industry Baby
|-damage|p1a: Industry Baby|50/100
|-damage|p2a: Scrafty|84/100|[from] item: Rocky Helmet|[of] p1a: Industry Baby
|-enditem|p1a: Industry Baby|Rocky Helmet|[from] move: Knock Off|[of] p2a: Scrafty
|move|p1a: Industry Baby|Sludge Bomb|p2a: Scrafty
|-damage|p2a: Scrafty|52/100
|-status|p2a: Scrafty|psn
|-enditem|p2a: Scrafty|Lum Berry|[eat]
|-curestatus|p2a: Scrafty|psn|[msg]
|
|upkeep
|turn|9
|
|t:|1664578372
|switch|p2a: Doublade|Doublade, F|84/100
|move|p1a: Industry Baby|Sludge Bomb|p2a: Doublade
|-immune|p2a: Doublade
|
|upkeep
|turn|10
|
|t:|1664578377
|move|p1a: Industry Baby|Pain Split|p2a: Doublade
|-sethp|p2a: Doublade|68/100|[from] move: Pain Split|[silent]
|-sethp|p1a: Industry Baby|65/100|[from] move: Pain Split
|move|p2a: Doublade|Shadow Claw|p1a: Industry Baby
|-damage|p1a: Industry Baby|41/100
|
|upkeep
|turn|11
|
|t:|1664578384
|move|p1a: Industry Baby|Pain Split|p2a: Doublade
|-sethp|p2a: Doublade|55/100|[from] move: Pain Split|[silent]
|-sethp|p1a: Industry Baby|53/100|[from] move: Pain Split
|move|p2a: Doublade|Shadow Claw|p1a: Industry Baby
|-damage|p1a: Industry Baby|31/100
|
|upkeep
|turn|12
|
|t:|1664578390
|move|p1a: Industry Baby|Pain Split|p2a: Doublade
|-sethp|p2a: Doublade|44/100|[from] move: Pain Split|[silent]
|-sethp|p1a: Industry Baby|42/100|[from] move: Pain Split
|move|p2a: Doublade|Shadow Claw|p1a: Industry Baby
|-damage|p1a: Industry Baby|17/100
|
|upkeep
|turn|13
|
|t:|1664578397
|move|p1a: Industry Baby|Pain Split|p2a: Doublade
|-sethp|p2a: Doublade|30/100|[from] move: Pain Split|[silent]
|-sethp|p1a: Industry Baby|29/100|[from] move: Pain Split
|move|p2a: Doublade|Shadow Claw|p1a: Industry Baby
|-damage|p1a: Industry Baby|6/100
|
|upkeep
|turn|14
|
|t:|1664578404
|switch|p1a: lil Azteca|Stunfisk, M, shiny|100/100
|move|p2a: Doublade|Shadow Sneak|p1a: lil Azteca
|-damage|p1a: lil Azteca|85/100
|-status|p2a: Doublade|par|[from] ability: Static|[of] p1a: lil Azteca
|
|-heal|p1a: lil Azteca|91/100|[from] item: Leftovers
|upkeep
|turn|15
|
|t:|1664578416
|switch|p2a: Sandaconda|Sandaconda, F|100/100
|move|p1a: lil Azteca|Earth Power|p2a: Sandaconda
|-damage|p2a: Sandaconda|63/100
|
|-heal|p1a: lil Azteca|98/100|[from] item: Leftovers
|upkeep
|turn|16
|
|t:|1664578436
|switch|p1a: Gigabee|Ribombee, M, shiny|100/100
|move|p2a: Sandaconda|Stealth Rock|p1a: Gigabee
|-sidestart|p1: Rangino|move: Stealth Rock
|
|upkeep
|turn|17
|
|t:|1664578449
|move|p1a: Gigabee|Defog|p2a: Sandaconda
|-unboost|p2a: Sandaconda|evasion|1
|-sideend|p1: Rangino|Stealth Rock|[from] move: Defog|[of] p1a: Gigabee
|move|p2a: Sandaconda|Glare|p1a: Gigabee
|-status|p1a: Gigabee|par
|
|upkeep
|turn|18
|
|t:|1664578459
|move|p2a: Sandaconda|Earthquake|p1a: Gigabee
|-resisted|p1a: Gigabee
|-crit|p1a: Gigabee
|-damage|p1a: Gigabee|43/100 par
|cant|p1a: Gigabee|par
|
|upkeep
|turn|19
|
|t:|1664578469
|switch|p1a: Industry Baby|Weezing, M|6/100
|move|p2a: Sandaconda|Earthquake|p1a: Industry Baby
|-immune|p1a: Industry Baby|[from] ability: Levitate
|
|upkeep
|turn|20
|
|t:|1664578475
|switch|p2a: Doublade|Doublade, F|30/100 par
|move|p1a: Industry Baby|Pain Split|p2a: Doublade
|-sethp|p2a: Doublade|18/100 par|[from] move: Pain Split|[silent]
|-sethp|p1a: Industry Baby|18/100|[from] move: Pain Split
|
|upkeep
|turn|21
|
|t:|1664578482
|move|p1a: Industry Baby|Fire Blast|p2a: Doublade
|-supereffective|p2a: Doublade
|-damage|p2a: Doublade|0 fnt
|faint|p2a: Doublade
|
|upkeep
|
|t:|1664578486
|switch|p2a: Jellicent|Jellicent, F|65/100 psn
|turn|22
|
|t:|1664578492
|move|p2a: Jellicent|Scald|p1a: Industry Baby
|-damage|p1a: Industry Baby|0 fnt
|faint|p1a: Industry Baby
|
|-damage|p2a: Jellicent|52/100 psn|[from] psn
|upkeep
|
|t:|1664578510
|switch|p1a: Piper|Persian-Alola, M, shiny|100/100
|turn|23
|
|t:|1664578525
|move|p1a: Piper|Nasty Plot|p1a: Piper
|-boost|p1a: Piper|spa|2
|move|p2a: Jellicent|Taunt|p1a: Piper
|-start|p1a: Piper|move: Taunt
|
|-damage|p2a: Jellicent|40/100 psn|[from] psn
|upkeep
|turn|24
|
|t:|1664578537
|move|p1a: Piper|Thunderbolt|p2a: Jellicent
|-supereffective|p2a: Jellicent
|-damage|p2a: Jellicent|0 fnt
|faint|p2a: Jellicent
|
|upkeep
|
|t:|1664578540
|switch|p2a: Comfey|Comfey, M|100/100
|turn|25
|
|t:|1664578554
|switch|p1a: Lief|Lapras, M|94/100 tox
|move|p2a: Comfey|Calm Mind|p2a: Comfey
|-boost|p2a: Comfey|spa|1
|-boost|p2a: Comfey|spd|1
|
|-heal|p1a: Lief|100/100 tox|[from] item: Leftovers
|-damage|p1a: Lief|94/100 tox|[from] psn
|upkeep
|turn|26
|
|t:|1664578560
|move|p2a: Comfey|Substitute|p2a: Comfey
|-start|p2a: Comfey|Substitute
|-damage|p2a: Comfey|76/100
|move|p1a: Lief|Toxic||[still]
|-fail|p1a: Lief
|
|-heal|p2a: Comfey|82/100|[from] item: Leftovers
|-heal|p1a: Lief|100/100 tox|[from] item: Leftovers
|-damage|p1a: Lief|88/100 tox|[from] psn
|upkeep
|turn|27
|
|t:|1664578565
|switch|p1a: Crusader King|Gallade, M, shiny|100/100
|move|p2a: Comfey|Calm Mind|p2a: Comfey
|-boost|p2a: Comfey|spa|1
|-boost|p2a: Comfey|spd|1
|
|-heal|p2a: Comfey|88/100|[from] item: Leftovers
|upkeep
|turn|28
|
|t:|1664578570
|move|p2a: Comfey|Draining Kiss|p1a: Crusader King
|-supereffective|p1a: Crusader King
|-damage|p1a: Crusader King|33/100
|-heal|p2a: Comfey|100/100|[from] drain|[of] p1a: Crusader King
|move|p1a: Crusader King|Zen Headbutt|p2a: Comfey
|-end|p2a: Comfey|Substitute
|
|upkeep
|turn|29
|
|t:|1664578574
|move|p2a: Comfey|Draining Kiss|p1a: Crusader King
|-supereffective|p1a: Crusader King
|-damage|p1a: Crusader King|0 fnt
|faint|p1a: Crusader King
|
|upkeep
|
|t:|1664578579
|switch|p1a: Gigabee|Ribombee, M, shiny|43/100 par
|turn|30
|
|t:|1664578582
|move|p2a: Comfey|Draining Kiss|p1a: Gigabee
|-damage|p1a: Gigabee|0 fnt
|faint|p1a: Gigabee
|
|upkeep
|
|t:|1664578586
|switch|p1a: lil Azteca|Stunfisk, M, shiny|98/100
|turn|31
|
|t:|1664578591
|move|p2a: Comfey|Calm Mind|p2a: Comfey
|-boost|p2a: Comfey|spa|1
|-boost|p2a: Comfey|spd|1
|move|p1a: lil Azteca|Discharge|p2a: Comfey
|-damage|p2a: Comfey|90/100
|-status|p2a: Comfey|par
|
|-heal|p2a: Comfey|96/100 par|[from] item: Leftovers
|-heal|p1a: lil Azteca|100/100|[from] item: Leftovers
|upkeep
|turn|32
|
|t:|1664578599
|cant|p2a: Comfey|par
|move|p1a: lil Azteca|Stealth Rock|p2a: Comfey
|-sidestart|p2: kingqueso141|move: Stealth Rock
|
|-heal|p2a: Comfey|100/100 par|[from] item: Leftovers
|upkeep
|turn|33
|
|t:|1664578604
|move|p2a: Comfey|Substitute|p2a: Comfey
|-start|p2a: Comfey|Substitute
|-damage|p2a: Comfey|76/100 par
|move|p1a: lil Azteca|Earth Power|p2a: Comfey
|-activate|p2a: Comfey|move: Substitute|[damage]
|
|-heal|p2a: Comfey|82/100 par|[from] item: Leftovers
|upkeep
|turn|34
|
|t:|1664578606
|cant|p2a: Comfey|par
|move|p1a: lil Azteca|Earth Power|p2a: Comfey
|-activate|p2a: Comfey|move: Substitute|[damage]
|
|-heal|p2a: Comfey|88/100 par|[from] item: Leftovers
|upkeep
|turn|35
|
|t:|1664578610
|move|p2a: Comfey|Leech Seed|p1a: lil Azteca
|-start|p1a: lil Azteca|move: Leech Seed
|move|p1a: lil Azteca|Earth Power|p2a: Comfey
|-end|p2a: Comfey|Substitute
|
|-heal|p2a: Comfey|94/100 par|[from] item: Leftovers
|-damage|p1a: lil Azteca|88/100|[from] Leech Seed|[of] p2a: Comfey
|-heal|p2a: Comfey|100/100 par|[silent]
|upkeep
|turn|36
|
|t:|1664578617
|switch|p1a: Lief|Lapras, M|88/100 tox
|cant|p2a: Comfey|par
|
|-heal|p1a: Lief|94/100 tox|[from] item: Leftovers
|-damage|p1a: Lief|88/100 tox|[from] psn
|upkeep
|turn|37
|
|t:|1664578624
|move|p1a: Lief|Heal Bell|p1a: Lief
|-activate|p1a: Lief|move: Heal Bell
|-curestatus|p1a: Lief|tox|[msg]
|cant|p2a: Comfey|par
|
|-heal|p1a: Lief|94/100|[from] item: Leftovers
|upkeep
|turn|38
|
|t:|1664578632
|move|p1a: Lief|Surf|p2a: Comfey
|-damage|p2a: Comfey|90/100 par
|move|p2a: Comfey|Calm Mind|p2a: Comfey
|-boost|p2a: Comfey|spa|1
|-boost|p2a: Comfey|spd|1
|
|-heal|p1a: Lief|100/100|[from] item: Leftovers
|-heal|p2a: Comfey|96/100 par|[from] item: Leftovers
|upkeep
|turn|39
|
|t:|1664578636
|move|p1a: Lief|Surf|p2a: Comfey
|-damage|p2a: Comfey|86/100 par
|move|p2a: Comfey|Substitute|p2a: Comfey
|-start|p2a: Comfey|Substitute
|-damage|p2a: Comfey|61/100 par
|
|-heal|p2a: Comfey|67/100 par|[from] item: Leftovers
|upkeep
|turn|40
|
|t:|1664578640
|move|p1a: Lief|Surf|p2a: Comfey
|-activate|p2a: Comfey|move: Substitute|[damage]
|cant|p2a: Comfey|par
|
|-heal|p2a: Comfey|73/100 par|[from] item: Leftovers
|upkeep
|turn|41
|
|t:|1664578644
|move|p1a: Lief|Surf|p2a: Comfey
|-activate|p2a: Comfey|move: Substitute|[damage]
|move|p2a: Comfey|Leech Seed|p1a: Lief
|-start|p1a: Lief|move: Leech Seed
|
|-heal|p2a: Comfey|80/100 par|[from] item: Leftovers
|-damage|p1a: Lief|88/100|[from] Leech Seed|[of] p2a: Comfey
|-heal|p2a: Comfey|99/100 par|[silent]
|upkeep
|turn|42
|
|t:|1664578653
|switch|p1a: lil Azteca|Stunfisk, M, shiny|88/100
|move|p2a: Comfey|Calm Mind|p2a: Comfey
|-boost|p2a: Comfey|spa|1
|-boost|p2a: Comfey|spd|1
|
|-heal|p2a: Comfey|100/100 par|[from] item: Leftovers
|-heal|p1a: lil Azteca|94/100|[from] item: Leftovers
|upkeep
|turn|43
|
|t:|1664578660
|move|p2a: Comfey|Calm Mind|p2a: Comfey
|-boost|p2a: Comfey|spa|1
|-boost|p2a: Comfey|spd|1
|move|p1a: lil Azteca|Earth Power|p2a: Comfey
|-end|p2a: Comfey|Substitute
|
|-heal|p1a: lil Azteca|100/100|[from] item: Leftovers
|upkeep
|turn|44
|
|t:|1664578664
|move|p2a: Comfey|Draining Kiss|p1a: lil Azteca
|-damage|p1a: lil Azteca|59/100
|move|p1a: lil Azteca|Earth Power|p2a: Comfey
|-damage|p2a: Comfey|93/100 par
|
|-heal|p2a: Comfey|99/100 par|[from] item: Leftovers
|-heal|p1a: lil Azteca|65/100|[from] item: Leftovers
|upkeep
|turn|45
|
|t:|1664578670
|cant|p2a: Comfey|par
|move|p1a: lil Azteca|Earth Power|p2a: Comfey
|-damage|p2a: Comfey|92/100 par
|
|-heal|p2a: Comfey|98/100 par|[from] item: Leftovers
|-heal|p1a: lil Azteca|71/100|[from] item: Leftovers
|upkeep
|turn|46
|
|t:|1664578676
|cant|p2a: Comfey|par
|move|p1a: lil Azteca|Earth Power|p2a: Comfey
|-damage|p2a: Comfey|91/100 par
|
|-heal|p2a: Comfey|97/100 par|[from] item: Leftovers
|-heal|p1a: lil Azteca|77/100|[from] item: Leftovers
|upkeep
|turn|47
|
|t:|1664578678
|move|p2a: Comfey|Draining Kiss|p1a: lil Azteca
|-damage|p1a: lil Azteca|32/100
|-heal|p2a: Comfey|100/100 par|[from] drain|[of] p1a: lil Azteca
|move|p1a: lil Azteca|Earth Power|p2a: Comfey
|-damage|p2a: Comfey|93/100 par
|
|-heal|p2a: Comfey|99/100 par|[from] item: Leftovers
|-heal|p1a: lil Azteca|38/100|[from] item: Leftovers
|upkeep
|turn|48
|
|t:|1664578681
|cant|p2a: Comfey|par
|move|p1a: lil Azteca|Earth Power|p2a: Comfey
|-damage|p2a: Comfey|92/100 par
|
|-heal|p2a: Comfey|99/100 par|[from] item: Leftovers
|-heal|p1a: lil Azteca|44/100|[from] item: Leftovers
|upkeep
|turn|49
|
|t:|1664578683
|switch|p1a: Lief|Lapras, M|88/100
|move|p2a: Comfey|Draining Kiss|p1a: Lief
|-damage|p1a: Lief|55/100
|-heal|p2a: Comfey|100/100 par|[from] drain|[of] p1a: Lief
|
|-heal|p1a: Lief|61/100|[from] item: Leftovers
|upkeep
|turn|50
|
|t:|1664578690
|move|p2a: Comfey|Draining Kiss|p1a: Lief
|-damage|p1a: Lief|29/100
|move|p1a: Lief|Surf|p2a: Comfey
|-damage|p2a: Comfey|93/100 par
|
|-heal|p1a: Lief|35/100|[from] item: Leftovers
|-heal|p2a: Comfey|99/100 par|[from] item: Leftovers
|upkeep
|turn|51
|
|t:|1664578701
|move|p2a: Comfey|Draining Kiss|p1a: Lief
|-damage|p1a: Lief|3/100
|-heal|p2a: Comfey|100/100 par|[from] drain|[of] p1a: Lief
|move|p1a: Lief|Surf|p2a: Comfey
|-damage|p2a: Comfey|94/100 par
|
|-heal|p1a: Lief|9/100|[from] item: Leftovers
|-heal|p2a: Comfey|99/100 par|[from] item: Leftovers
|upkeep
|turn|52
|
|t:|1664578710
|move|p2a: Comfey|Draining Kiss|p1a: Lief
|-damage|p1a: Lief|0 fnt
|-heal|p2a: Comfey|100/100 par|[from] drain|[of] p1a: Lief
|faint|p1a: Lief
|
|upkeep
|-message|Rangino forfeited.
|
|win|kingqueso141
|raw|Rangino's rating: 1137 &rarr; <strong>1114</strong><br />(-23 for losing)
|raw|kingqueso141's rating: 1171 &rarr; <strong>1194</strong><br />(+23 for winning)
|l|☆Rangino
