|j|☆UberSkitty❤
|j|☆Yank My Funnybone
|t:|1608265090
|player|p1|UberSkitty❤|preschoolerf|
|player|p2|Yank My Funnybone|molayne|
|teamsize|p1|6
|teamsize|p2|6
|gametype|singles
|gen|8
|tier|[Gen 8] PU
|rated|Tournament battle
|clearpoke
|poke|p1|Basculin, M|
|poke|p1|Vikavolt, F|
|poke|p1|Palossand, F|
|poke|p1|Scrafty, M|
|poke|p1|Eldegoss, M|
|poke|p1|Togedemaru, M|
|poke|p2|Archeops, F|
|poke|p2|Indeedee-F, F|
|poke|p2|Silvally-*|
|poke|p2|Qwilfish, M|
|poke|p2|Cryogonal|
|poke|p2|Golurk|
|rule|Sleep Clause Mod: Limit one foe put to sleep
|rule|Species Clause: Limit one of each Pokémon
|rule|OHKO Clause: OHKO moves are banned
|rule|Evasion Moves Clause: Evasion moves are banned
|rule|Endless Battle Clause: Forcing endless battles is banned
|rule|HP Percentage Mod: HP is shown in percentages
|rule|Dynamax Clause: You cannot dynamax
|teampreview
|c|☆UberSkitty❤|hf
|j| ToRocky4u
|j|@Tone
|c|☆Yank My Funnybone|u2
|j|@MZ
|l|@MZ
|j| karrakarra
|
|t:|1608265107
|start
|switch|p1a: Big Scissors|Vikavolt, F|100/100
|switch|p2a: Cryogonal|Cryogonal|100/100
|turn|1
|j|+Mr.Aldo
|
|t:|1608265119
|move|p2a: Cryogonal|Knock Off|p1a: Big Scissors
|-damage|p1a: Big Scissors|86/100
|-enditem|p1a: Big Scissors|Heavy-Duty Boots|[from] move: Knock Off|[of] p2a: Cryogonal
|move|p1a: Big Scissors|Bug Buzz|p2a: Cryogonal
|-damage|p2a: Cryogonal|62/100
|
|upkeep
|turn|2
|j| BulbaBrain
|j| PUnyTest
|
|t:|1608265161
|move|p2a: Cryogonal|Knock Off|p1a: Big Scissors
|-damage|p1a: Big Scissors|77/100
|move|p1a: Big Scissors|Sticky Web|p2a: Cryogonal
|-sidestart|p2: Yank My Funnybone|move: Sticky Web
|
|upkeep
|turn|3
|
|t:|1608265165
|move|p2a: Cryogonal|Recover|p2a: Cryogonal
|-heal|p2a: Cryogonal|100/100
|move|p1a: Big Scissors|Volt Switch|p2a: Cryogonal
|-damage|p2a: Cryogonal|73/100
|
|t:|1608265169
|switch|p1a: Saggy Baggy|Scrafty, M|100/100|[from]move: Volt Switch
|
|upkeep
|turn|4
|
|t:|1608265180
|switch|p2a: Silvally|Silvally-Fairy|100/100
|-activate|p2a: Silvally|move: Sticky Web
|-unboost|p2a: Silvally|spe|1
|move|p1a: Saggy Baggy|Knock Off|p2a: Silvally
|-resisted|p2a: Silvally
|-damage|p2a: Silvally|89/100
|
|upkeep
|turn|5
|
|t:|1608265193
|switch|p2a: Golurk|Golurk|100/100
|-activate|p2a: Golurk|move: Sticky Web
|-unboost|p2a: Golurk|spe|1
|switch|p1a: Good Times|Togedemaru, M|100/100
|
|upkeep
|turn|6
|
|t:|1608265199
|move|p1a: Good Times|U-turn|p2a: Golurk
|-resisted|p2a: Golurk
|-crit|p2a: Golurk
|-damage|p2a: Golurk|81/100
|
|t:|1608265210
|switch|p1a: Saggy Baggy|Scrafty, M|100/100|[from]move: U-turn
|move|p2a: Golurk|Poltergeist|p1a: Saggy Baggy
|-activate|p1a: Saggy Baggy|move: Poltergeist|Leftovers
|-resisted|p1a: Saggy Baggy
|-damage|p1a: Saggy Baggy|76/100
|
|-heal|p1a: Saggy Baggy|82/100|[from] item: Leftovers
|upkeep
|turn|7
|
|t:|1608265243
|move|p1a: Saggy Baggy|Knock Off|p2a: Golurk
|-supereffective|p2a: Golurk
|-enditem|p2a: Golurk|Colbur Berry|[eat]
|-enditem|p2a: Golurk|Colbur Berry|[weaken]
|-damage|p2a: Golurk|44/100
|move|p2a: Golurk|Dynamic Punch|p1a: Saggy Baggy
|-supereffective|p1a: Saggy Baggy
|-damage|p1a: Saggy Baggy|21/100
|-start|p1a: Saggy Baggy|confusion
|
|-heal|p1a: Saggy Baggy|27/100|[from] item: Leftovers
|upkeep
|turn|8
|
|t:|1608265257
|switch|p1a: GLOSS ONCE A DAY|Eldegoss, M|100/100
|switch|p2a: Silvally|Silvally-Fairy|89/100
|-activate|p2a: Silvally|move: Sticky Web
|-unboost|p2a: Silvally|spe|1
|
|upkeep
|turn|9
|
|t:|1608265330
|switch|p2a: Cryogonal|Cryogonal|73/100
|move|p1a: GLOSS ONCE A DAY|Sleep Powder|p2a: Cryogonal
|-status|p2a: Cryogonal|slp|[from] move: Sleep Powder
|
|upkeep
|turn|10
|
|t:|1608265346
|switch|p2a: Golurk|Golurk|44/100
|-activate|p2a: Golurk|move: Sticky Web
|-unboost|p2a: Golurk|spe|1
|switch|p1a: Saggy Baggy|Scrafty, M|27/100
|
|-heal|p1a: Saggy Baggy|33/100|[from] item: Leftovers
|upkeep
|turn|11
|
|t:|1608265353
|switch|p2a: Silvally|Silvally-Fairy|89/100
|-activate|p2a: Silvally|move: Sticky Web
|-unboost|p2a: Silvally|spe|1
|move|p1a: Saggy Baggy|Rest|p1a: Saggy Baggy
|-status|p1a: Saggy Baggy|slp|[from] move: Rest
|-heal|p1a: Saggy Baggy|100/100 slp|[silent]
|
|upkeep
|turn|12
|
|t:|1608265357
|switch|p1a: Good Times|Togedemaru, M|100/100
|move|p2a: Silvally|Swords Dance|p2a: Silvally
|-boost|p2a: Silvally|atk|2
|
|upkeep
|turn|13
|
|t:|1608265363
|switch|p2a: Qwilfish|Qwilfish, M|100/100
|-activate|p2a: Qwilfish|move: Sticky Web
|-unboost|p2a: Qwilfish|spe|1
|-ability|p2a: Qwilfish|Intimidate|boost
|-unboost|p1a: Good Times|atk|1
|move|p1a: Good Times|U-turn|p2a: Qwilfish
|-resisted|p2a: Qwilfish
|-damage|p2a: Qwilfish|94/100
|
|t:|1608265367
|switch|p1a: Big Scissors|Vikavolt, F|77/100|[from]move: U-turn
|
|-heal|p2a: Qwilfish|99/100|[from] item: Black Sludge
|upkeep
|turn|14
|
|t:|1608265398
|move|p2a: Qwilfish|Spikes|p1a: Big Scissors
|-sidestart|p1: UberSkitty❤|Spikes
|move|p1a: Big Scissors|Thunderbolt|p2a: Qwilfish
|-supereffective|p2a: Qwilfish
|-damage|p2a: Qwilfish|0 fnt
|faint|p2a: Qwilfish
|
|upkeep
|
|t:|1608265400
|switch|p2a: Archeops|Archeops, F|100/100
|turn|15
|
|t:|1608265408
|move|p2a: Archeops|Meteor Beam||[still]
|-prepare|p2a: Archeops|Meteor Beam
|-boost|p2a: Archeops|spa|1
|-enditem|p2a: Archeops|Power Herb
|-anim|p2a: Archeops|Meteor Beam|p1a: Big Scissors
|-supereffective|p1a: Big Scissors
|-damage|p1a: Big Scissors|0 fnt
|faint|p1a: Big Scissors
|
|upkeep
|
|t:|1608265411
|switch|p1a: Good Times|Togedemaru, M|100/100
|-damage|p1a: Good Times|88/100|[from] Spikes
|turn|16
|c|+Mr.Aldo|thats SO fire
|c|☆UberSkitty❤|no its rock
|c|☆Yank My Funnybone|good coverage
|c|☆Yank My Funnybone|too
|c|☆Yank My Funnybone|gg tho
|-message|Yank My Funnybone forfeited.
|
|win|UberSkitty❤
|n|☆UberSkitty❤|uberskitty
|n|☆Yank My Funnybone|yankmyfunnybone
|n| ToRocky4u|torocky4u
|n|+Tone|tone
|n| karrakarra|karrakarra
|n|+Mr.Aldo|mraldo
|n| BulbaBrain|bulbabrain
|n| PUnyTest|punytest
