|html|<div class="broadcast-blue"><strong>[Gen 8] PU is currently suspecting Vanilluxe! For information on how to participate check out the <a href="https://www.smogon.com/forums/threads/np-ss-pu-stage-10-ice-cream-vanilluxe-suspect-test.3705646/">suspect thread</a>.</strong></div>
|j|☆Anorak0770
|j|☆Haffling
|t:|1659976635
|gametype|singles
|player|p1|Anorak0770|linebacker|
|player|p2|Haffling|cyrus|
|teamsize|p1|6
|teamsize|p2|6
|gen|8
|tier|[Gen 8] PU
|rated|Tournament battle
|rule|Sleep Clause Mod: Limit one foe put to sleep
|rule|Species Clause: Limit one of each Pokémon
|rule|OHKO Clause: OHKO moves are banned
|rule|Evasion Items Clause: Evasion items are banned
|rule|Evasion Moves Clause: Evasion moves are banned
|rule|Endless Battle Clause: Forcing endless battles is banned
|rule|HP Percentage Mod: HP is shown in percentages
|rule|Dynamax Clause: You cannot dynamax
|clearpoke
|poke|p1|Jolteon, F|
|poke|p1|Ninjask, M|
|poke|p1|Sandaconda, F|
|poke|p1|Cryogonal|
|poke|p1|Ferroseed, F|
|poke|p1|Jellicent, F|
|poke|p2|Audino, M|
|poke|p2|Eldegoss, M|
|poke|p2|Corsola, F|
|poke|p2|Duosion, M|
|poke|p2|Mareanie, M|
|poke|p2|Mienfoo, M|
|teampreview
|inactive|Battle timer is ON: inactive players will automatically lose when time's up. (requested by Anorak0770)
|j| PocketFan25
|j| Notmlg
|
|t:|1659976645
|start
|switch|p1a: Ninjask|Ninjask, M|100/100
|switch|p2a: Duosion|Duosion, M|100/100
|turn|1
|
|t:|1659976655
|switch|p2a: Corsola|Corsola, F|100/100
|move|p1a: Ninjask|Swords Dance|p1a: Ninjask
|-boost|p1a: Ninjask|atk|2
|
|-ability|p1a: Ninjask|Speed Boost|boost
|-boost|p1a: Ninjask|spe|1
|upkeep
|turn|2
|c|☆Haffling|rip its dig
|
|t:|1659976669
|move|p1a: Ninjask|U-turn|p2a: Corsola
|-damage|p2a: Corsola|51/100
|
|t:|1659976681
|switch|p1a: Ferroseed|Ferroseed, F|100/100|[from]move: U-turn
|move|p2a: Corsola|Scald|p1a: Ferroseed
|-resisted|p1a: Ferroseed
|-damage|p1a: Ferroseed|92/100
|
|upkeep
|turn|3
|
|t:|1659976685
|move|p2a: Corsola|Stealth Rock|p1a: Ferroseed
|-sidestart|p1: Anorak0770|move: Stealth Rock
|move|p1a: Ferroseed|Spikes|p2a: Corsola
|-sidestart|p2: Haffling|Spikes
|
|upkeep
|turn|4
|
|t:|1659976690
|switch|p2a: Mienfoo|Mienfoo, M, shiny|100/100
|-damage|p2a: Mienfoo|88/100|[from] Spikes
|move|p1a: Ferroseed|Knock Off|p2a: Mienfoo
|-resisted|p2a: Mienfoo
|-damage|p2a: Mienfoo|79/100
|-enditem|p2a: Mienfoo|Eviolite|[from] move: Knock Off|[of] p1a: Ferroseed
|
|upkeep
|turn|5
|
|t:|1659976694
|move|p1a: Ferroseed|Protect|p1a: Ferroseed
|-singleturn|p1a: Ferroseed|Protect
|move|p2a: Mienfoo|Knock Off|p1a: Ferroseed
|-activate|p1a: Ferroseed|move: Protect
|
|upkeep
|turn|6
|
|t:|1659976701
|switch|p1a: Sandaconda|Sandaconda, F|100/100
|-damage|p1a: Sandaconda|94/100|[from] Stealth Rock
|move|p2a: Mienfoo|Taunt|p1a: Sandaconda
|-start|p1a: Sandaconda|move: Taunt
|
|-heal|p1a: Sandaconda|100/100|[from] item: Leftovers
|upkeep
|turn|7
|
|t:|1659976707
|move|p2a: Mienfoo|Knock Off|p1a: Sandaconda
|-damage|p1a: Sandaconda|89/100
|-enditem|p1a: Sandaconda|Leftovers|[from] move: Knock Off|[of] p2a: Mienfoo
|move|p1a: Sandaconda|Earthquake|p2a: Mienfoo
|-damage|p2a: Mienfoo|5/100
|
|upkeep
|turn|8
|
|t:|1659976713
|move|p2a: Mienfoo|U-turn|p1a: Sandaconda
|-damage|p1a: Sandaconda|80/100
|
|t:|1659976715
|switch|p2a: Eldegoss|Eldegoss, M|100/100|[from]move: U-turn
|move|p1a: Sandaconda|Earthquake|p2a: Eldegoss
|-resisted|p2a: Eldegoss
|-damage|p2a: Eldegoss|85/100
|
|-end|p1a: Sandaconda|move: Taunt
|upkeep
|turn|9
|
|t:|1659976724
|switch|p1a: Ninjask|Ninjask, M|100/100
|move|p2a: Eldegoss|Rapid Spin|p1a: Ninjask
|-damage|p1a: Ninjask|87/100
|-boost|p2a: Eldegoss|spe|1
|-sideend|p2: Haffling|Spikes|[from] move: Rapid Spin|[of] p2a: Eldegoss
|
|upkeep
|turn|10
|
|t:|1659976734
|switch|p2a: Mareanie|Mareanie, M|100/100
|move|p1a: Ninjask|Leech Life|p2a: Mareanie
|-resisted|p2a: Mareanie
|-damage|p2a: Mareanie|87/100
|-heal|p1a: Ninjask|95/100|[from] drain|[of] p2a: Mareanie
|
|-ability|p1a: Ninjask|Speed Boost|boost
|-boost|p1a: Ninjask|spe|1
|upkeep
|turn|11
|
|t:|1659976743
|move|p1a: Ninjask|U-turn|p2a: Mareanie
|-resisted|p2a: Mareanie
|-damage|p2a: Mareanie|76/100
|
|t:|1659976750
|switch|p1a: Ferroseed|Ferroseed, F|92/100|[from]move: U-turn
|-damage|p1a: Ferroseed|86/100|[from] Stealth Rock
|move|p2a: Mareanie|Scald|p1a: Ferroseed
|-resisted|p1a: Ferroseed
|-damage|p1a: Ferroseed|80/100
|
|upkeep
|turn|12
|
|t:|1659976755
|switch|p2a: Mienfoo|Mienfoo, M, shiny|38/100
|move|p1a: Ferroseed|Knock Off|p2a: Mienfoo
|-resisted|p2a: Mienfoo
|-damage|p2a: Mienfoo|29/100
|
|upkeep
|turn|13
|
|t:|1659976762
|switch|p1a: Sandaconda|Sandaconda, F|80/100
|-damage|p1a: Sandaconda|74/100|[from] Stealth Rock
|move|p2a: Mienfoo|Taunt|p1a: Sandaconda
|-start|p1a: Sandaconda|move: Taunt
|
|upkeep
|turn|14
|
|t:|1659976769
|move|p2a: Mienfoo|U-turn|p1a: Sandaconda
|-damage|p1a: Sandaconda|65/100
|
|t:|1659976776
|switch|p2a: Eldegoss|Eldegoss, M|100/100|[from]move: U-turn
|move|p1a: Sandaconda|Earthquake|p2a: Eldegoss
|-resisted|p2a: Eldegoss
|-damage|p2a: Eldegoss|86/100
|
|upkeep
|turn|15
|
|t:|1659976783
|switch|p1a: Ferroseed|Ferroseed, F|80/100
|-damage|p1a: Ferroseed|73/100|[from] Stealth Rock
|move|p2a: Eldegoss|Sleep Powder|p1a: Ferroseed
|-immune|p1a: Ferroseed
|
|upkeep
|turn|16
|
|t:|1659976787
|switch|p2a: Mienfoo|Mienfoo, M, shiny|62/100
|move|p1a: Ferroseed|Spikes|p2a: Mienfoo
|-sidestart|p2: Haffling|Spikes
|
|upkeep
|turn|17
|
|t:|1659976804
|move|p1a: Ferroseed|Protect|p1a: Ferroseed
|-singleturn|p1a: Ferroseed|Protect
|move|p2a: Mienfoo|Knock Off|p1a: Ferroseed
|-activate|p1a: Ferroseed|move: Protect
|
|upkeep
|turn|18
|
|t:|1659976808
|move|p2a: Mienfoo|Knock Off|p1a: Ferroseed
|-damage|p1a: Ferroseed|61/100
|-damage|p2a: Mienfoo|50/100|[from] ability: Iron Barbs|[of] p1a: Ferroseed
|-enditem|p1a: Ferroseed|Eviolite|[from] move: Knock Off|[of] p2a: Mienfoo
|move|p1a: Ferroseed|Spikes|p2a: Mienfoo
|-sidestart|p2: Haffling|Spikes
|
|upkeep
|turn|19
|
|t:|1659976814
|switch|p1a: Ninjask|Ninjask, M|95/100
|move|p2a: Mienfoo|Close Combat|p1a: Ninjask
|-resisted|p1a: Ninjask
|-damage|p1a: Ninjask|74/100
|-unboost|p2a: Mienfoo|def|1
|-unboost|p2a: Mienfoo|spd|1
|
|upkeep
|turn|20
|
|t:|1659976824
|switch|p2a: Mareanie|Mareanie, M|100/100
|-damage|p2a: Mareanie|84/100|[from] Spikes
|move|p1a: Ninjask|Swords Dance|p1a: Ninjask
|-boost|p1a: Ninjask|atk|2
|
|-ability|p1a: Ninjask|Speed Boost|boost
|-boost|p1a: Ninjask|spe|1
|upkeep
|turn|21
|
|t:|1659976834
|move|p1a: Ninjask|Dual Wingbeat|p2a: Mareanie
|-damage|p2a: Mareanie|58/100
|-damage|p2a: Mareanie|30/100
|-hitcount|p2a: Mareanie|2
|move|p2a: Mareanie|Scald|p1a: Ninjask
|-damage|p1a: Ninjask|43/100
|-status|p1a: Ninjask|brn
|
|-damage|p1a: Ninjask|37/100 brn|[from] brn
|-ability|p1a: Ninjask|Speed Boost|boost
|-boost|p1a: Ninjask|spe|1
|upkeep
|turn|22
|
|t:|1659976840
|switch|p2a: Corsola|Corsola, F|84/100
|move|p1a: Ninjask|Dual Wingbeat|p2a: Corsola
|-resisted|p2a: Corsola
|-damage|p2a: Corsola|78/100
|-resisted|p2a: Corsola
|-crit|p2a: Corsola
|-damage|p2a: Corsola|67/100
|-hitcount|p2a: Corsola|2
|
|-damage|p1a: Ninjask|31/100 brn|[from] brn
|-ability|p1a: Ninjask|Speed Boost|boost
|-boost|p1a: Ninjask|spe|1
|upkeep
|turn|23
|
|t:|1659976852
|move|p1a: Ninjask|Leech Life|p2a: Corsola
|-damage|p2a: Corsola|40/100
|-heal|p1a: Ninjask|48/100 brn|[from] drain|[of] p2a: Corsola
|move|p2a: Corsola|Toxic||[still]
|-fail|p2a: Corsola
|
|-damage|p1a: Ninjask|42/100 brn|[from] brn
|-ability|p1a: Ninjask|Speed Boost|boost
|-boost|p1a: Ninjask|spe|1
|upkeep
|turn|24
|
|t:|1659976858
|move|p1a: Ninjask|Swords Dance|p1a: Ninjask
|-boost|p1a: Ninjask|atk|2
|move|p2a: Corsola|Recover|p2a: Corsola
|-heal|p2a: Corsola|90/100
|
|-damage|p1a: Ninjask|36/100 brn|[from] brn
|-ability|p1a: Ninjask|Speed Boost|boost
|-boost|p1a: Ninjask|spe|1
|upkeep
|turn|25
|
|t:|1659976862
|move|p1a: Ninjask|Leech Life|p2a: Corsola
|-damage|p2a: Corsola|48/100
|-heal|p1a: Ninjask|63/100 brn|[from] drain|[of] p2a: Corsola
|move|p2a: Corsola|Scald|p1a: Ninjask
|-damage|p1a: Ninjask|16/100 brn
|
|-damage|p1a: Ninjask|10/100 brn|[from] brn
|-ability|p1a: Ninjask|Speed Boost|boost
|-boost|p1a: Ninjask|spe|1
|upkeep
|turn|26
|
|t:|1659976867
|switch|p2a: Mareanie|Mareanie, M|63/100
|-damage|p2a: Mareanie|47/100|[from] Spikes
|move|p1a: Ninjask|Leech Life|p2a: Mareanie
|-resisted|p2a: Mareanie
|-damage|p2a: Mareanie|28/100
|-heal|p1a: Ninjask|21/100 brn|[from] drain|[of] p2a: Mareanie
|
|-damage|p1a: Ninjask|15/100 brn|[from] brn
|upkeep
|turn|27
|
|t:|1659976874
|move|p1a: Ninjask|Dual Wingbeat|p2a: Mareanie
|-damage|p2a: Mareanie|9/100
|-damage|p2a: Mareanie|0 fnt
|faint|p2a: Mareanie
|-hitcount|p2: Mareanie|2
|
|-damage|p1a: Ninjask|8/100 brn|[from] brn
|upkeep
|
|t:|1659976879
|switch|p2a: Corsola|Corsola, F|81/100
|turn|28
|
|t:|1659976882
|move|p1a: Ninjask|Leech Life|p2a: Corsola
|-damage|p2a: Corsola|44/100
|-heal|p1a: Ninjask|32/100 brn|[from] drain|[of] p2a: Corsola
|move|p2a: Corsola|Scald|p1a: Ninjask
|-damage|p1a: Ninjask|0 fnt
|faint|p1a: Ninjask
|
|upkeep
|
|t:|1659976888
|switch|p1a: Jolteon|Jolteon, F|100/100
|-damage|p1a: Jolteon|88/100|[from] Stealth Rock
|turn|29
|
|t:|1659976890
|switch|p2a: Eldegoss|Eldegoss, M|100/100
|move|p1a: Jolteon|Volt Switch|p2a: Eldegoss
|-resisted|p2a: Eldegoss
|-damage|p2a: Eldegoss|80/100
|inactive|Anorak0770 has 120 seconds left.
|
|t:|1659976926
|switch|p1a: Cryogonal|Cryogonal|100/100|[from]move: Volt Switch
|
|upkeep
|turn|30
|
|t:|1659976931
|move|p1a: Cryogonal|Freeze-Dry|p2a: Eldegoss
|-supereffective|p2a: Eldegoss
|-damage|p2a: Eldegoss|37/100
|move|p2a: Eldegoss|Rapid Spin|p1a: Cryogonal
|-damage|p1a: Cryogonal|90/100
|-boost|p2a: Eldegoss|spe|1
|-sideend|p2: Haffling|Spikes|[from] move: Rapid Spin|[of] p2a: Eldegoss
|
|upkeep
|turn|31
|
|t:|1659976937
|switch|p2a: Audino|Audino, M|100/100
|move|p1a: Cryogonal|Freeze-Dry|p2a: Audino
|-damage|p2a: Audino|84/100
|
|upkeep
|turn|32
|inactive|Anorak0770 has 120 seconds left.
|
|t:|1659976966
|move|p1a: Cryogonal|Toxic|p2a: Audino
|-status|p2a: Audino|tox
|move|p2a: Audino|Knock Off|p1a: Cryogonal
|-damage|p1a: Cryogonal|65/100
|-enditem|p1a: Cryogonal|Heavy-Duty Boots|[from] move: Knock Off|[of] p2a: Audino
|
|-damage|p2a: Audino|78/100 tox|[from] psn
|upkeep
|turn|33
|
|t:|1659976981
|switch|p2a: Duosion|Duosion, M|100/100
|move|p1a: Cryogonal|Rapid Spin|p2a: Duosion
|-damage|p2a: Duosion|93/100
|-boost|p1a: Cryogonal|spe|1
|-sideend|p1: Anorak0770|Stealth Rock|[from] move: Rapid Spin|[of] p1a: Cryogonal
|
|upkeep
|turn|34
|
|t:|1659976994
|move|p1a: Cryogonal|Toxic|p2a: Duosion
|-status|p2a: Duosion|tox
|move|p2a: Duosion|Future Sight|p1a: Cryogonal
|-start|p2a: Duosion|move: Future Sight
|
|-damage|p2a: Duosion|87/100 tox|[from] psn
|upkeep
|turn|35
|
|t:|1659977004
|switch|p2a: Audino|Audino, M|100/100 tox
|move|p1a: Cryogonal|Recover|p1a: Cryogonal
|-heal|p1a: Cryogonal|100/100
|
|-damage|p2a: Audino|94/100 tox|[from] psn
|upkeep
|turn|36
|j|%tlenit
|
|t:|1659977025
|switch|p1a: Ferroseed|Ferroseed, F|61/100
|move|p2a: Audino|Heal Bell|p2a: Audino
|-activate|p2a: Audino|move: Heal Bell
|-curestatus|p2a: Audino|tox|[msg]
|-curestatus|p2: Duosion|tox|[msg]
|
|-end|p1a: Ferroseed|move: Future Sight
|-resisted|p1a: Ferroseed
|-damage|p1a: Ferroseed|28/100
|upkeep
|turn|37
|
|t:|1659977031
|switch|p2a: Eldegoss|Eldegoss, M|70/100
|move|p1a: Ferroseed|Leech Seed|p2a: Eldegoss
|-immune|p2a: Eldegoss
|
|upkeep
|turn|38
|
|t:|1659977045
|switch|p2a: Mienfoo|Mienfoo, M, shiny|83/100
|move|p1a: Ferroseed|Spikes|p2a: Mienfoo
|-sidestart|p2: Haffling|Spikes
|
|upkeep
|turn|39
|
|t:|1659977052
|move|p2a: Mienfoo|Taunt|p1a: Ferroseed
|-start|p1a: Ferroseed|move: Taunt
|cant|p1a: Ferroseed|move: Taunt|Leech Seed
|
|upkeep
|turn|40
|inactive|Anorak0770 has 120 seconds left.
|
|t:|1659977082
|move|p2a: Mienfoo|Close Combat|p1a: Ferroseed
|-supereffective|p1a: Ferroseed
|-damage|p1a: Ferroseed|0 fnt
|-unboost|p2a: Mienfoo|def|1
|-unboost|p2a: Mienfoo|spd|1
|-damage|p2a: Mienfoo|70/100|[from] ability: Iron Barbs|[of] p1a: Ferroseed
|faint|p1a: Ferroseed
|
|upkeep
|
|t:|1659977085
|switch|p1a: Jolteon|Jolteon, F|88/100
|turn|41
|
|t:|1659977089
|switch|p2a: Eldegoss|Eldegoss, M|100/100
|move|p1a: Jolteon|Volt Switch|p2a: Eldegoss
|-resisted|p2a: Eldegoss
|-damage|p2a: Eldegoss|80/100
|
|t:|1659977100
|switch|p1a: Cryogonal|Cryogonal|100/100|[from]move: Volt Switch
|
|upkeep
|turn|42
|
|t:|1659977111
|move|p1a: Cryogonal|Freeze-Dry|p2a: Eldegoss
|-supereffective|p2a: Eldegoss
|-damage|p2a: Eldegoss|37/100
|move|p2a: Eldegoss|Rapid Spin|p1a: Cryogonal
|-damage|p1a: Cryogonal|91/100
|-boost|p2a: Eldegoss|spe|1
|-sideend|p2: Haffling|Spikes|[from] move: Rapid Spin|[of] p2a: Eldegoss
|
|upkeep
|turn|43
|
|t:|1659977119
|switch|p2a: Audino|Audino, M|100/100
|move|p1a: Cryogonal|Freeze-Dry|p2a: Audino
|-damage|p2a: Audino|85/100
|
|upkeep
|turn|44
|
|t:|1659977122
|move|p2a: Audino|Protect|p2a: Audino
|-singleturn|p2a: Audino|Protect
|move|p1a: Cryogonal|Toxic|p2a: Audino
|-activate|p2a: Audino|move: Protect
|
|upkeep
|turn|45
|
|t:|1659977132
|switch|p2a: Mienfoo|Mienfoo, M, shiny|100/100
|move|p1a: Cryogonal|Freeze-Dry|p2a: Mienfoo
|-damage|p2a: Mienfoo|55/100
|
|upkeep
|turn|46
|
|t:|1659977140
|switch|p1a: Sandaconda|Sandaconda, F|65/100
|move|p2a: Mienfoo|Close Combat|p1a: Sandaconda
|-damage|p1a: Sandaconda|42/100
|-unboost|p2a: Mienfoo|def|1
|-unboost|p2a: Mienfoo|spd|1
|
|upkeep
|turn|47
|
|t:|1659977145
|move|p2a: Mienfoo|U-turn|p1a: Sandaconda
|-crit|p1a: Sandaconda
|-damage|p1a: Sandaconda|30/100
|
|t:|1659977147
|switch|p2a: Eldegoss|Eldegoss, M|70/100|[from]move: U-turn
|move|p1a: Sandaconda|Rest|p1a: Sandaconda
|-status|p1a: Sandaconda|slp|[from] move: Rest
|-heal|p1a: Sandaconda|100/100 slp|[silent]
|
|-activate|p1a: Sandaconda|ability: Shed Skin
|-curestatus|p1a: Sandaconda|slp|[msg]
|upkeep
|turn|48
|
|t:|1659977155
|move|p1a: Sandaconda|Stealth Rock|p2a: Eldegoss
|-sidestart|p2: Haffling|move: Stealth Rock
|move|p2a: Eldegoss|Sleep Powder|p1a: Sandaconda
|-status|p1a: Sandaconda|slp|[from] move: Sleep Powder
|
|upkeep
|turn|49
|
|t:|1659977160
|switch|p1a: Cryogonal|Cryogonal|91/100
|move|p2a: Eldegoss|Rapid Spin|p1a: Cryogonal
|-damage|p1a: Cryogonal|82/100
|-boost|p2a: Eldegoss|spe|1
|-sideend|p2: Haffling|Stealth Rock|[from] move: Rapid Spin|[of] p2a: Eldegoss
|
|upkeep
|turn|50
|
|t:|1659977169
|switch|p2a: Duosion|Duosion, M|100/100
|move|p1a: Cryogonal|Toxic|p2a: Duosion
|-status|p2a: Duosion|tox
|
|-damage|p2a: Duosion|95/100 tox|[from] psn
|upkeep
|turn|51
|l|%tlenit
|
|t:|1659977180
|move|p1a: Cryogonal|Freeze-Dry|p2a: Duosion
|-damage|p2a: Duosion|79/100 tox
|move|p2a: Duosion|Future Sight|p1a: Cryogonal
|-start|p2a: Duosion|move: Future Sight
|
|-damage|p2a: Duosion|67/100 tox|[from] psn
|upkeep
|turn|52
|
|t:|1659977188
|move|p1a: Cryogonal|Freeze-Dry|p2a: Duosion
|-damage|p2a: Duosion|51/100 tox
|move|p2a: Duosion|Toxic|p1a: Cryogonal|[miss]
|-miss|p2a: Duosion|p1a: Cryogonal
|
|-damage|p2a: Duosion|33/100 tox|[from] psn
|upkeep
|turn|53
|
|t:|1659977194
|switch|p1a: Sandaconda|Sandaconda, F|100/100 slp
|switch|p2a: Audino|Audino, M|100/100
|
|-end|p1a: Sandaconda|move: Future Sight
|-damage|p1a: Sandaconda|33/100 slp
|upkeep
|turn|54
|
|t:|1659977202
|switch|p2a: Eldegoss|Eldegoss, M|100/100
|cant|p1a: Sandaconda|slp
|
|upkeep
|turn|55
|
|t:|1659977216
|switch|p1a: Cryogonal|Cryogonal|82/100
|move|p2a: Eldegoss|Leech Seed|p1a: Cryogonal
|-start|p1a: Cryogonal|move: Leech Seed
|
|-damage|p1a: Cryogonal|70/100|[from] Leech Seed|[of] p2a: Eldegoss
|upkeep
|turn|56
|
|t:|1659977228
|switch|p2a: Mienfoo|Mienfoo, M, shiny|89/100
|move|p1a: Cryogonal|Toxic|p2a: Mienfoo
|-status|p2a: Mienfoo|tox
|
|-damage|p1a: Cryogonal|58/100|[from] Leech Seed|[of] p2a: Mienfoo
|-heal|p2a: Mienfoo|100/100 tox|[silent]
|-damage|p2a: Mienfoo|94/100 tox|[from] psn
|upkeep
|turn|57
|
|t:|1659977232
|switch|p1a: Sandaconda|Sandaconda, F|33/100 slp
|move|p2a: Mienfoo|U-turn|p1a: Sandaconda
|-damage|p1a: Sandaconda|25/100 slp
|
|t:|1659977236
|switch|p2a: Eldegoss|Eldegoss, M|100/100|[from]move: U-turn
|
|upkeep
|turn|58
|
|t:|1659977239
|switch|p2a: Mienfoo|Mienfoo, M, shiny|100/100 tox
|cant|p1a: Sandaconda|slp
|
|-damage|p2a: Mienfoo|94/100 tox|[from] psn
|upkeep
|turn|59
|
|t:|1659977245
|move|p2a: Mienfoo|Close Combat|p1a: Sandaconda
|-damage|p1a: Sandaconda|3/100 slp
|-unboost|p2a: Mienfoo|def|1
|-unboost|p2a: Mienfoo|spd|1
|cant|p1a: Sandaconda|slp
|
|-activate|p1a: Sandaconda|ability: Shed Skin
|-curestatus|p1a: Sandaconda|slp|[msg]
|-damage|p2a: Mienfoo|82/100 tox|[from] psn
|upkeep
|turn|60
|
|t:|1659977249
|move|p2a: Mienfoo|U-turn|p1a: Sandaconda
|-damage|p1a: Sandaconda|0 fnt
|faint|p1a: Sandaconda
|
|t:|1659977256
|switch|p2a: Duosion|Duosion, M|67/100 tox|[from]move: U-turn
|
|-damage|p2a: Duosion|61/100 tox|[from] psn
|upkeep
|
|t:|1659977260
|switch|p1a: Jellicent|Jellicent, F|100/100
|turn|61
|
|t:|1659977269
|switch|p1a: Jolteon|Jolteon, F|88/100
|switch|p2a: Corsola|Corsola, F|77/100
|
|upkeep
|turn|62
|
|t:|1659977274
|switch|p2a: Eldegoss|Eldegoss, M|100/100
|move|p1a: Jolteon|Volt Switch|p2a: Eldegoss
|-resisted|p2a: Eldegoss
|-damage|p2a: Eldegoss|80/100
|
|t:|1659977276
|switch|p1a: Cryogonal|Cryogonal|58/100|[from]move: Volt Switch
|
|upkeep
|turn|63
|
|t:|1659977283
|move|p1a: Cryogonal|Freeze-Dry|p2a: Eldegoss
|-supereffective|p2a: Eldegoss
|-damage|p2a: Eldegoss|35/100
|move|p2a: Eldegoss|Sleep Powder|p1a: Cryogonal
|-status|p1a: Cryogonal|slp|[from] move: Sleep Powder
|
|upkeep
|turn|64
|
|t:|1659977289
|switch|p2a: Audino|Audino, M|100/100
|cant|p1a: Cryogonal|slp
|
|upkeep
|turn|65
|
|t:|1659977292
|-curestatus|p1a: Cryogonal|slp|[msg]
|move|p1a: Cryogonal|Toxic|p2a: Audino
|-status|p2a: Audino|tox
|move|p2a: Audino|Heal Bell|p2a: Audino
|-activate|p2a: Audino|move: Heal Bell
|-curestatus|p2a: Audino|tox|[msg]
|-curestatus|p2: Mienfoo|tox|[msg]
|-curestatus|p2: Duosion|tox|[msg]
|
|upkeep
|turn|66
|
|t:|1659977297
|move|p2a: Audino|Protect|p2a: Audino
|-singleturn|p2a: Audino|Protect
|move|p1a: Cryogonal|Toxic|p2a: Audino
|-activate|p2a: Audino|move: Protect
|
|upkeep
|turn|67
|
|t:|1659977302
|switch|p2a: Mienfoo|Mienfoo, M, shiny|100/100
|move|p1a: Cryogonal|Toxic|p2a: Mienfoo
|-status|p2a: Mienfoo|tox
|
|-damage|p2a: Mienfoo|94/100 tox|[from] psn
|upkeep
|turn|68
|
|t:|1659977306
|switch|p1a: Jellicent|Jellicent, F|100/100
|move|p2a: Mienfoo|U-turn|p1a: Jellicent
|-resisted|p1a: Jellicent
|-damage|p1a: Jellicent|93/100
|
|t:|1659977309
|switch|p2a: Eldegoss|Eldegoss, M|68/100|[from]move: U-turn
|
|-heal|p1a: Jellicent|99/100|[from] item: Leftovers
|upkeep
|turn|69
|
|t:|1659977313
|switch|p2a: Corsola|Corsola, F|100/100
|move|p1a: Jellicent|Will-O-Wisp|p2a: Corsola
|-status|p2a: Corsola|brn
|
|-heal|p1a: Jellicent|100/100|[from] item: Leftovers
|-damage|p2a: Corsola|95/100 brn|[from] brn
|upkeep
|turn|70
|
|t:|1659977317
|move|p1a: Jellicent|Hex|p2a: Corsola
|-damage|p2a: Corsola|55/100 brn
|move|p2a: Corsola|Stealth Rock|p1a: Jellicent
|-sidestart|p1: Anorak0770|move: Stealth Rock
|
|-damage|p2a: Corsola|49/100 brn|[from] brn
|upkeep
|turn|71
|
|t:|1659977323
|switch|p2a: Eldegoss|Eldegoss, M|100/100
|move|p1a: Jellicent|Hex|p2a: Eldegoss
|-damage|p2a: Eldegoss|84/100
|
|upkeep
|turn|72
|
|t:|1659977331
|switch|p1a: Cryogonal|Cryogonal|58/100
|-damage|p1a: Cryogonal|33/100|[from] Stealth Rock
|move|p2a: Eldegoss|Grass Knot|p1a: Cryogonal
|-damage|p1a: Cryogonal|18/100
|
|upkeep
|turn|73
|
|t:|1659977340
|move|p1a: Cryogonal|Recover|p1a: Cryogonal
|-heal|p1a: Cryogonal|68/100
|move|p2a: Eldegoss|Grass Knot|p1a: Cryogonal
|-damage|p1a: Cryogonal|51/100
|
|upkeep
|turn|74
|
|t:|1659977348
|move|p1a: Cryogonal|Rapid Spin|p2a: Eldegoss
|-damage|p2a: Eldegoss|78/100
|-boost|p1a: Cryogonal|spe|1
|-sideend|p1: Anorak0770|Stealth Rock|[from] move: Rapid Spin|[of] p1a: Cryogonal
|move|p2a: Eldegoss|Sleep Powder|p1a: Cryogonal
|-status|p1a: Cryogonal|slp|[from] move: Sleep Powder
|
|upkeep
|turn|75
|
|t:|1659977359
|switch|p2a: Duosion|Duosion, M|94/100
|cant|p1a: Cryogonal|slp
|
|upkeep
|turn|76
|
|t:|1659977368
|cant|p1a: Cryogonal|slp
|move|p2a: Duosion|Future Sight|p1a: Cryogonal
|-start|p2a: Duosion|move: Future Sight
|
|upkeep
|turn|77
|
|t:|1659977377
|cant|p1a: Cryogonal|slp
|move|p2a: Duosion|Toxic||[still]
|-fail|p2a: Duosion
|
|upkeep
|turn|78
|
|t:|1659977380
|-curestatus|p1a: Cryogonal|slp|[msg]
|move|p1a: Cryogonal|Recover|p1a: Cryogonal
|-heal|p1a: Cryogonal|100/100
|move|p2a: Duosion|Toxic|p1a: Cryogonal
|-status|p1a: Cryogonal|tox
|
|-end|p1a: Cryogonal|move: Future Sight
|-damage|p1a: Cryogonal|72/100 tox
|-damage|p1a: Cryogonal|66/100 tox|[from] psn
|upkeep
|turn|79
|
|t:|1659977385
|move|p1a: Cryogonal|Recover|p1a: Cryogonal
|-heal|p1a: Cryogonal|100/100 tox
|move|p2a: Duosion|Future Sight|p1a: Cryogonal
|-start|p2a: Duosion|move: Future Sight
|
|-damage|p1a: Cryogonal|88/100 tox|[from] psn
|upkeep
|turn|80
|
|t:|1659977389
|switch|p1a: Jellicent|Jellicent, F|100/100
|move|p2a: Duosion|Encore||[still]
|-fail|p2a: Duosion
|
|upkeep
|turn|81
|
|t:|1659977393
|move|p1a: Jellicent|Hex|p2a: Duosion
|-supereffective|p2a: Duosion
|-damage|p2a: Duosion|65/100
|move|p2a: Duosion|Toxic|p1a: Jellicent
|-status|p1a: Jellicent|tox
|
|-end|p1a: Jellicent|move: Future Sight
|-damage|p1a: Jellicent|72/100 tox
|-heal|p1a: Jellicent|78/100 tox|[from] item: Leftovers
|-damage|p1a: Jellicent|72/100 tox|[from] psn
|upkeep
|turn|82
|
|t:|1659977398
|move|p1a: Jellicent|Will-O-Wisp|p2a: Duosion
|-status|p2a: Duosion|brn
|move|p2a: Duosion|Future Sight|p1a: Jellicent
|-start|p2a: Duosion|move: Future Sight
|
|-heal|p1a: Jellicent|78/100 tox|[from] item: Leftovers
|-damage|p1a: Jellicent|65/100 tox|[from] psn
|-damage|p2a: Duosion|59/100 brn|[from] brn
|upkeep
|turn|83
|
|t:|1659977401
|switch|p2a: Audino|Audino, M|100/100
|move|p1a: Jellicent|Hex|p2a: Audino
|-immune|p2a: Audino
|
|-heal|p1a: Jellicent|72/100 tox|[from] item: Leftovers
|-damage|p1a: Jellicent|53/100 tox|[from] psn
|upkeep
|turn|84
|
|t:|1659977405
|switch|p1a: Jolteon|Jolteon, F|88/100
|switch|p2a: Eldegoss|Eldegoss, M|100/100
|
|-end|p1a: Jolteon|move: Future Sight
|-damage|p1a: Jolteon|25/100
|upkeep
|turn|85
|
|t:|1659977409
|move|p1a: Jolteon|Toxic|p2a: Eldegoss
|-status|p2a: Eldegoss|tox
|move|p2a: Eldegoss|Grass Knot|p1a: Jolteon
|-damage|p1a: Jolteon|10/100
|
|-damage|p2a: Eldegoss|94/100 tox|[from] psn
|upkeep
|turn|86
|
|t:|1659977415
|switch|p1a: Cryogonal|Cryogonal|88/100 tox
|move|p2a: Eldegoss|Grass Knot|p1a: Cryogonal
|-damage|p1a: Cryogonal|74/100 tox
|
|-damage|p1a: Cryogonal|68/100 tox|[from] psn
|-damage|p2a: Eldegoss|82/100 tox|[from] psn
|upkeep
|turn|87
|
|t:|1659977418
|switch|p2a: Audino|Audino, M|100/100
|move|p1a: Cryogonal|Freeze-Dry|p2a: Audino
|-damage|p2a: Audino|86/100
|
|-damage|p1a: Cryogonal|55/100 tox|[from] psn
|upkeep
|turn|88
|
|t:|1659977424
|move|p1a: Cryogonal|Toxic|p2a: Audino
|-status|p2a: Audino|tox
|move|p2a: Audino|Heal Bell|p2a: Audino
|-activate|p2a: Audino|move: Heal Bell
|-curestatus|p2a: Audino|tox|[msg]
|-curestatus|p2: Duosion|brn|[msg]
|-curestatus|p2: Mienfoo|tox|[msg]
|-curestatus|p2: Corsola|brn|[msg]
|-curestatus|p2: Eldegoss|tox|[msg]
|
|-damage|p1a: Cryogonal|37/100 tox|[from] psn
|upkeep
|turn|89
|
|t:|1659977428
|move|p2a: Audino|Protect|p2a: Audino
|-singleturn|p2a: Audino|Protect
|move|p1a: Cryogonal|Toxic|p2a: Audino
|-activate|p2a: Audino|move: Protect
|
|-damage|p1a: Cryogonal|13/100 tox|[from] psn
|upkeep
|turn|90
|-message|Anorak0770 forfeited.
|
|win|Haffling
|n|☆Anorak0770|anorak0770
|n|☆Haffling|haffling
|n| PocketFan25|pocketfan25
|n| Notmlg|notmlg
