|j|☆kingqueso141
|j|☆JoJo Reference #10
|t:|1661835140
|gametype|singles
|player|p1|kingqueso141|rosa|1359
|player|p2|JoJo Reference #10|169|1379
|teamsize|p1|6
|teamsize|p2|6
|gen|8
|tier|[Gen 8] PU
|rated|
|rule|Sleep Clause Mod: Limit one foe put to sleep
|rule|Species Clause: Limit one of each Pokémon
|rule|OHKO Clause: OHKO moves are banned
|rule|Evasion Items Clause: Evasion items are banned
|rule|Evasion Moves Clause: Evasion moves are banned
|rule|Endless Battle Clause: Forcing endless battles is banned
|rule|HP Percentage Mod: HP is shown in percentages
|rule|Dynamax Clause: You cannot dynamax
|clearpoke
|poke|p1|Magneton|
|poke|p1|Scrafty, M|
|poke|p1|Centiskorch, F|
|poke|p1|Cinccino, M|
|poke|p1|Ribombee, M|
|poke|p1|Basculin, M|
|poke|p2|Scyther, M|
|poke|p2|Coalossal, F|
|poke|p2|Cinccino, M|
|poke|p2|Thwackey, F|
|poke|p2|Weezing, F|
|poke|p2|Silvally-*|
|teampreview
|
|t:|1661835152
|start
|switch|p1a: Ribombee|Ribombee, M|100/100
|switch|p2a: Thwackey|Thwackey, F|100/100
|-fieldstart|move: Grassy Terrain|[from] ability: Grassy Surge|[of] p2a: Thwackey
|turn|1
|
|t:|1661835157
|switch|p2a: Coalossal|Coalossal, F|100/100
|move|p1a: Ribombee|Sticky Web|p2a: Coalossal
|-sidestart|p2: JoJo Reference #10|move: Sticky Web
|
|upkeep
|turn|2
|
|t:|1661835173
|move|p1a: Ribombee|Moonblast|p2a: Coalossal
|-resisted|p2a: Coalossal
|-damage|p2a: Coalossal|83/100
|-unboost|p2a: Coalossal|spa|1
|move|p2a: Coalossal|Rapid Spin|p1a: Ribombee
|-damage|p1a: Ribombee|82/100
|-boost|p2a: Coalossal|spe|1
|-sideend|p2: JoJo Reference #10|Sticky Web|[from] move: Rapid Spin|[of] p2a: Coalossal
|
|-heal|p1a: Ribombee|88/100|[from] Grassy Terrain
|-heal|p2a: Coalossal|89/100|[from] Grassy Terrain
|upkeep
|turn|3
|
|t:|1661835178
|move|p1a: Ribombee|Stun Spore|p2a: Coalossal|[miss]
|-miss|p1a: Ribombee|p2a: Coalossal
|move|p2a: Coalossal|Stealth Rock|p1a: Ribombee
|-sidestart|p1: kingqueso141|move: Stealth Rock
|
|-heal|p1a: Ribombee|94/100|[from] Grassy Terrain
|-heal|p2a: Coalossal|95/100|[from] Grassy Terrain
|upkeep
|turn|4
|
|t:|1661835180
|move|p1a: Ribombee|Stun Spore|p2a: Coalossal
|-status|p2a: Coalossal|par
|move|p2a: Coalossal|Heat Crash|p1a: Ribombee
|-supereffective|p1a: Ribombee
|-damage|p1a: Ribombee|0 fnt
|faint|p1a: Ribombee
|
|-heal|p2a: Coalossal|100/100 par|[from] Grassy Terrain
|upkeep
|
|t:|1661835186
|switch|p1a: Basculin|Basculin, M|100/100
|-damage|p1a: Basculin|88/100|[from] Stealth Rock
|turn|5
|
|t:|1661835203
|switch|p2a: Weezing|Weezing, F|100/100
|move|p1a: Basculin|Flip Turn|p2a: Weezing
|-damage|p2a: Weezing|69/100
|-damage|p1a: Basculin|78/100|[from] item: Life Orb
|
|t:|1661835215
|switch|p1a: Magneton|Magneton|100/100|[from]move: Flip Turn
|-damage|p1a: Magneton|94/100|[from] Stealth Rock
|
|-heal|p1a: Magneton|100/100|[from] Grassy Terrain
|-heal|p2a: Weezing|75/100|[from] item: Black Sludge
|-fieldend|move: Grassy Terrain
|upkeep
|turn|6
|
|t:|1661835225
|switch|p2a: Coalossal|Coalossal, F|100/100 par
|move|p1a: Magneton|Flash Cannon|p2a: Coalossal
|-damage|p2a: Coalossal|32/100 par
|
|upkeep
|turn|7
|
|t:|1661835230
|move|p1a: Magneton|Flash Cannon|p2a: Coalossal
|-damage|p2a: Coalossal|0 fnt
|faint|p2a: Coalossal
|
|upkeep
|
|t:|1661835241
|switch|p2a: Cinccino|Cinccino, M|100/100
|turn|8
|
|t:|1661835255
|switch|p1a: Basculin|Basculin, M|78/100
|-damage|p1a: Basculin|66/100|[from] Stealth Rock
|move|p2a: Cinccino|Knock Off|p1a: Basculin
|-damage|p1a: Basculin|0 fnt
|-enditem|p1a: Basculin|Life Orb|[from] move: Knock Off|[of] p2a: Cinccino
|faint|p1a: Basculin
|
|upkeep
|
|t:|1661835266
|switch|p1a: Cinccino|Cinccino, M|100/100
|-damage|p1a: Cinccino|88/100|[from] Stealth Rock
|turn|9
|
|t:|1661835270
|move|p1a: Cinccino|Tail Slap|p2a: Cinccino|[miss]
|-miss|p1a: Cinccino|p2a: Cinccino
|move|p2a: Cinccino|Knock Off|p1a: Cinccino
|-damage|p1a: Cinccino|15/100
|-enditem|p1a: Cinccino|Choice Band|[from] move: Knock Off|[of] p2a: Cinccino
|
|upkeep
|turn|10
|
|t:|1661835274
|move|p1a: Cinccino|Tail Slap|p2a: Cinccino
|-damage|p2a: Cinccino|81/100
|-damage|p2a: Cinccino|61/100
|-damage|p2a: Cinccino|43/100
|-damage|p2a: Cinccino|24/100
|-damage|p2a: Cinccino|5/100
|-hitcount|p2a: Cinccino|5
|move|p2a: Cinccino|Knock Off|p1a: Cinccino
|-damage|p1a: Cinccino|0 fnt
|faint|p1a: Cinccino
|
|upkeep
|
|t:|1661835283
|switch|p1a: Scrafty|Scrafty, M|100/100
|-damage|p1a: Scrafty|95/100|[from] Stealth Rock
|turn|11
|
|t:|1661835285
|switch|p2a: Silvally|Silvally-Fairy|100/100
|move|p1a: Scrafty|Dragon Dance|p1a: Scrafty
|-boost|p1a: Scrafty|atk|1
|-boost|p1a: Scrafty|spe|1
|
|upkeep
|turn|12
|
|t:|1661835290
|move|p1a: Scrafty|Iron Head|p2a: Silvally
|-supereffective|p2a: Silvally
|-damage|p2a: Silvally|35/100
|move|p2a: Silvally|Multi-Attack|p1a: Scrafty
|-supereffective|p1a: Scrafty
|-damage|p1a: Scrafty|0 fnt
|faint|p1a: Scrafty
|
|upkeep
|
|t:|1661835294
|switch|p1a: Magneton|Magneton|100/100
|-damage|p1a: Magneton|94/100|[from] Stealth Rock
|turn|13
|
|t:|1661835298
|move|p2a: Silvally|Flame Charge|p1a: Magneton
|-supereffective|p1a: Magneton
|-damage|p1a: Magneton|54/100
|-boost|p2a: Silvally|spe|1
|move|p1a: Magneton|Thunderbolt|p2a: Silvally
|-damage|p2a: Silvally|0 fnt
|faint|p2a: Silvally
|
|upkeep
|
|t:|1661835300
|switch|p2a: Cinccino|Cinccino, M|5/100
|turn|14
|
|t:|1661835303
|move|p2a: Cinccino|Knock Off|p1a: Magneton
|-damage|p1a: Magneton|0 fnt
|-enditem|p1a: Magneton|Choice Specs|[from] move: Knock Off|[of] p2a: Cinccino
|faint|p1a: Magneton
|
|upkeep
|
|t:|1661835304
|switch|p1a: Centiskorch|Centiskorch, F|100/100
|turn|15
|
|t:|1661835305
|move|p2a: Cinccino|Knock Off|p1a: Centiskorch
|-damage|p1a: Centiskorch|46/100
|-enditem|p1a: Centiskorch|Heavy-Duty Boots|[from] move: Knock Off|[of] p2a: Cinccino
|move|p1a: Centiskorch|Fire Lash|p2a: Cinccino
|-damage|p2a: Cinccino|0 fnt
|faint|p2a: Cinccino
|
|upkeep
|j| WhackyJackie
|
|t:|1661835310
|switch|p2a: Weezing|Weezing, F|75/100
|turn|16
|
|t:|1661835312
|move|p1a: Centiskorch|Fire Lash|p2a: Weezing
|-damage|p2a: Weezing|49/100
|-unboost|p2a: Weezing|def|1
|move|p2a: Weezing|Sludge Bomb|p1a: Centiskorch
|-damage|p1a: Centiskorch|19/100
|
|-heal|p2a: Weezing|55/100|[from] item: Black Sludge
|upkeep
|turn|17
|
|t:|1661835314
|move|p1a: Centiskorch|Fire Lash|p2a: Weezing
|-damage|p2a: Weezing|12/100
|-unboost|p2a: Weezing|def|1
|move|p2a: Weezing|Sludge Bomb|p1a: Centiskorch
|-damage|p1a: Centiskorch|0 fnt
|faint|p1a: Centiskorch
|
|win|JoJo Reference #10
|raw|kingqueso141's rating: 1359 &rarr; <strong>1340</strong><br />(-19 for losing)
|raw|JoJo Reference #10's rating: 1379 &rarr; <strong>1398</strong><br />(+19 for winning)
|l|☆kingqueso141
|c|☆JoJo Reference #10|gg
