|j|☆Allejo 07
|j|☆kacj2
|t:|1638060861
|gametype|singles
|player|p1|Allejo 07|li|1478
|player|p2|kacj2|266|1357
|teamsize|p1|6
|teamsize|p2|6
|gen|8
|tier|[Gen 8] PU
|rated|
|rule|Sleep Clause Mod: Limit one foe put to sleep
|rule|Species Clause: Limit one of each Pokémon
|rule|OHKO Clause: OHKO moves are banned
|rule|Evasion Moves Clause: Evasion moves are banned
|rule|Endless Battle Clause: Forcing endless battles is banned
|rule|HP Percentage Mod: HP is shown in percentages
|rule|Dynamax Clause: You cannot dynamax
|clearpoke
|poke|p1|Kangaskhan, F|
|poke|p1|Hitmonlee, M|
|poke|p1|Archeops, F|
|poke|p1|Froslass, F|
|poke|p1|Togedemaru, F|
|poke|p1|Silvally-*|
|poke|p2|Tsareena, F|
|poke|p2|Gigalith, F|
|poke|p2|Absol, M|
|poke|p2|Jolteon, F|
|poke|p2|Malamar, M|
|poke|p2|Lanturn, M|
|teampreview
|inactive|Battle timer is ON: inactive players will automatically lose when time's up. (requested by Allejo 07)
|
|t:|1638060867
|start
|switch|p1a: Ancient Power|Archeops, F|100/100
|switch|p2a: Gigalith|Gigalith, F|100/100
|-weather|Sandstorm|[from] ability: Sand Stream|[of] p2a: Gigalith
|turn|1
|inactive|Allejo 07 has 120 seconds left.
|
|t:|1638060905
|move|p1a: Ancient Power|Taunt|p2a: Gigalith
|-start|p2a: Gigalith|move: Taunt
|move|p2a: Gigalith|Rock Blast|p1a: Ancient Power
|-supereffective|p1a: Ancient Power
|-damage|p1a: Ancient Power|32/100
|-supereffective|p1a: Ancient Power
|-damage|p1a: Ancient Power|0 fnt
|faint|p1a: Ancient Power
|-hitcount|p1: Ancient Power|2
|
|-weather|Sandstorm|[upkeep]
|upkeep
|
|t:|1638060912
|switch|p1a: Reversal|Hitmonlee, M|100/100
|turn|2
|inactive|Allejo 07 has 120 seconds left.
|
|t:|1638060919
|switch|p2a: Tsareena|Tsareena, F|100/100
|move|p1a: Reversal|Curse|p1a: Reversal
|-unboost|p1a: Reversal|spe|1
|-boost|p1a: Reversal|atk|1
|-boost|p1a: Reversal|def|1
|-enditem|p1a: Reversal|White Herb
|-clearnegativeboost|p1a: Reversal|[silent]
|
|-weather|Sandstorm|[upkeep]
|-damage|p1a: Reversal|94/100|[from] Sandstorm
|-damage|p2a: Tsareena|94/100|[from] Sandstorm
|upkeep
|turn|3
|
|t:|1638060931
|move|p1a: Reversal|Close Combat|p2a: Tsareena
|-damage|p2a: Tsareena|0 fnt
|-unboost|p1a: Reversal|def|1
|-unboost|p1a: Reversal|spd|1
|faint|p2a: Tsareena
|
|-weather|Sandstorm|[upkeep]
|-damage|p1a: Reversal|88/100|[from] Sandstorm
|upkeep
|
|t:|1638060940
|switch|p2a: Malamar|Malamar, M|100/100
|turn|4
|
|t:|1638060953
|move|p1a: Reversal|Close Combat|p2a: Malamar
|-damage|p2a: Malamar|0 fnt
|-unboost|p1a: Reversal|def|1
|-unboost|p1a: Reversal|spd|1
|faint|p2a: Malamar
|
|-weather|Sandstorm|[upkeep]
|-damage|p1a: Reversal|82/100|[from] Sandstorm
|upkeep
|
|t:|1638060967
|switch|p2a: Absol|Absol, M|100/100
|turn|5
|
|t:|1638060974
|switch|p1a: Electroball|Togedemaru, F|100/100
|move|p2a: Absol|Sucker Punch||[still]
|-fail|p2a: Absol
|
|-weather|none
|upkeep
|turn|6
|
|t:|1638060981
|move|p2a: Absol|Sucker Punch|p1a: Electroball
|-damage|p1a: Electroball|0 fnt
|faint|p1a: Electroball
|
|upkeep
|
|t:|1638060984
|switch|p1a: Moonlight|Silvally-Fairy|100/100
|turn|7
|
|t:|1638060991
|switch|p2a: Gigalith|Gigalith, F|100/100
|-weather|Sandstorm|[from] ability: Sand Stream|[of] p2a: Gigalith
|move|p1a: Moonlight|Swords Dance|p1a: Moonlight
|-boost|p1a: Moonlight|atk|2
|
|-weather|Sandstorm|[upkeep]
|-damage|p1a: Moonlight|94/100|[from] Sandstorm
|upkeep
|turn|8
|
|t:|1638061000
|move|p1a: Moonlight|Multi-Attack|p2a: Gigalith
|-crit|p2a: Gigalith
|-damage|p2a: Gigalith|0 fnt
|faint|p2a: Gigalith
|
|-weather|Sandstorm|[upkeep]
|-damage|p1a: Moonlight|88/100|[from] Sandstorm
|upkeep
|
|t:|1638061008
|switch|p2a: Jolteon|Jolteon, F|100/100
|turn|9
|
|t:|1638061012
|move|p2a: Jolteon|Thunderbolt|p1a: Moonlight
|-damage|p1a: Moonlight|19/100
|move|p1a: Moonlight|Flame Charge|p2a: Jolteon
|-damage|p2a: Jolteon|46/100
|-boost|p1a: Moonlight|spe|1
|
|-weather|Sandstorm|[upkeep]
|-damage|p1a: Moonlight|13/100|[from] Sandstorm
|-damage|p2a: Jolteon|40/100|[from] Sandstorm
|upkeep
|turn|10
|
|t:|1638061023
|move|p1a: Moonlight|Multi-Attack|p2a: Jolteon
|-damage|p2a: Jolteon|0 fnt
|faint|p2a: Jolteon
|
|-weather|Sandstorm|[upkeep]
|-damage|p1a: Moonlight|7/100|[from] Sandstorm
|upkeep
|
|t:|1638061030
|switch|p2a: Absol|Absol, M|100/100
|turn|11
|
|t:|1638061035
|move|p1a: Moonlight|Multi-Attack|p2a: Absol
|-supereffective|p2a: Absol
|-damage|p2a: Absol|0 fnt
|faint|p2a: Absol
|
|-weather|none
|upkeep
|
|t:|1638061042
|switch|p2a: Lanturn|Lanturn, M|100/100
|turn|12
|
|t:|1638061045
|move|p1a: Moonlight|Multi-Attack|p2a: Lanturn
|-damage|p2a: Lanturn|0 fnt
|faint|p2a: Lanturn
|
|win|Allejo 07
|raw|Allejo 07's rating: 1478 &rarr; <strong>1491</strong><br />(+13 for winning)
|raw|kacj2's rating: 1357 &rarr; <strong>1344</strong><br />(-13 for losing)
|l|☆Allejo 07
