|j|☆Mutsuki Akitsu (PU
|j|☆Testpu12
|t:|1610257034
|player|p1|Mutsuki Akitsu (PU|aetherfoundation|1513
|player|p2|Testpu12|dawn|1255
|teamsize|p1|6
|teamsize|p2|6
|gametype|singles
|gen|8
|tier|[Gen 8] PU
|rated|
|clearpoke
|poke|p1|Absol, M|
|poke|p1|Trevenant, M|
|poke|p1|Passimian, M|
|poke|p1|Ribombee, M|
|poke|p1|Magmortar, M|
|poke|p1|Kabutops, M|
|poke|p2|Clawitzer, M|
|poke|p2|Orbeetle, F|
|poke|p2|Hitmonchan, M|
|poke|p2|Sandaconda, F|
|poke|p2|Silvally-*|
|poke|p2|Articuno|
|rule|Sleep Clause Mod: Limit one foe put to sleep
|rule|Species Clause: Limit one of each Pokémon
|rule|OHKO Clause: OHKO moves are banned
|rule|Evasion Moves Clause: Evasion moves are banned
|rule|Endless Battle Clause: Forcing endless battles is banned
|rule|HP Percentage Mod: HP is shown in percentages
|rule|Dynamax Clause: You cannot dynamax
|teampreview
|inactive|Battle timer is ON: inactive players will automatically lose when time's up. (requested by Mutsuki Akitsu (PU)
|
|t:|1610257052
|start
|switch|p1a: Amberette|Ribombee, M, shiny|100/100
|switch|p2a: Silvally|Silvally-Steel|100/100
|turn|1
|
|t:|1610257061
|move|p1a: Amberette|Sticky Web|p2a: Silvally
|-sidestart|p2: Testpu12|move: Sticky Web
|move|p2a: Silvally|Toxic|p1a: Amberette|[miss]
|-miss|p2a: Silvally|p1a: Amberette
|
|upkeep
|turn|2
|
|t:|1610257067
|move|p1a: Amberette|U-turn|p2a: Silvally
|-resisted|p2a: Silvally
|-damage|p2a: Silvally|94/100
|
|t:|1610257069
|switch|p1a: Simeon|Passimian, M, shiny|100/100|[from]move: U-turn
|move|p2a: Silvally|Toxic|p1a: Simeon
|-status|p1a: Simeon|tox
|
|-damage|p1a: Simeon|94/100 tox|[from] psn
|upkeep
|turn|3
|
|t:|1610257080
|switch|p2a: Sandaconda|Sandaconda, F|100/100
|-activate|p2a: Sandaconda|move: Sticky Web
|-unboost|p2a: Sandaconda|spe|1
|move|p1a: Simeon|U-turn|p2a: Sandaconda
|-damage|p2a: Sandaconda|87/100
|-damage|p1a: Simeon|78/100 tox|[from] item: Rocky Helmet|[of] p2a: Sandaconda
|
|t:|1610257086
|switch|p1a: Revenant|Trevenant, M, shiny|100/100|[from]move: U-turn
|
|upkeep
|turn|4
|
|t:|1610257096
|switch|p2a: Articuno|Articuno|100/100
|-ability|p2a: Articuno|Pressure
|move|p1a: Revenant|Poltergeist|p2a: Articuno|[miss]
|-miss|p1a: Revenant|p2a: Articuno
|
|upkeep
|turn|5
|
|t:|1610257108
|move|p2a: Articuno|Defog|p1a: Revenant
|-unboost|p1a: Revenant|evasion|1
|-sideend|p2: Testpu12|Sticky Web|[from] move: Defog|[of] p2a: Articuno
|move|p1a: Revenant|Poltergeist|p2a: Articuno
|-activate|p2a: Articuno|move: Poltergeist|Heavy-Duty Boots
|-damage|p2a: Articuno|5/100
|
|upkeep
|turn|6
|
|t:|1610257117
|switch|p1a: Vulcan|Magmortar, M, shiny|100/100
|move|p2a: Articuno|Hurricane|p1a: Vulcan
|-damage|p1a: Vulcan|40/100
|
|upkeep
|turn|7
|
|t:|1610257129
|switch|p2a: Hitmonchan|Hitmonchan, M|100/100
|move|p1a: Vulcan|Fire Blast|p2a: Hitmonchan
|-damage|p2a: Hitmonchan|46/100
|
|upkeep
|turn|8
|
|t:|1610257136
|switch|p1a: Amberette|Ribombee, M, shiny|100/100
|move|p2a: Hitmonchan|Mach Punch|p1a: Amberette
|-resisted|p1a: Amberette
|-damage|p1a: Amberette|91/100
|
|upkeep
|turn|9
|
|t:|1610257142
|switch|p2a: Silvally|Silvally-Steel|94/100
|move|p1a: Amberette|Sticky Web|p2a: Silvally
|-sidestart|p2: Testpu12|move: Sticky Web
|
|upkeep
|turn|10
|
|t:|1610257149
|move|p1a: Amberette|U-turn|p2a: Silvally
|-resisted|p2a: Silvally
|-damage|p2a: Silvally|87/100
|
|t:|1610257153
|switch|p1a: Vulcan|Magmortar, M, shiny|40/100|[from]move: U-turn
|move|p2a: Silvally|Multi-Attack|p1a: Vulcan
|-resisted|p1a: Vulcan
|-damage|p1a: Vulcan|7/100
|
|upkeep
|turn|11
|
|t:|1610257179
|switch|p2a: Hitmonchan|Hitmonchan, M|46/100
|-activate|p2a: Hitmonchan|move: Sticky Web
|-unboost|p2a: Hitmonchan|spe|1
|move|p1a: Vulcan|Fire Blast|p2a: Hitmonchan
|-damage|p2a: Hitmonchan|0 fnt
|faint|p2a: Hitmonchan
|
|upkeep
|
|t:|1610257182
|switch|p2a: Orbeetle|Orbeetle, F|100/100
|-activate|p2a: Orbeetle|move: Sticky Web
|-unboost|p2a: Orbeetle|spe|1
|turn|12
|
|t:|1610257188
|move|p2a: Orbeetle|U-turn|p1a: Vulcan
|-resisted|p1a: Vulcan
|-damage|p1a: Vulcan|0 fnt
|faint|p1a: Vulcan
|
|t:|1610257197
|switch|p2a: Silvally|Silvally-Steel|87/100|[from]move: U-turn
|-activate|p2a: Silvally|move: Sticky Web
|-unboost|p2a: Silvally|spe|1
|
|upkeep
|
|t:|1610257201
|switch|p1a: Abaddon|Absol, M|100/100
|turn|13
|
|t:|1610257214
|move|p1a: Abaddon|Swords Dance|p1a: Abaddon
|-boost|p1a: Abaddon|atk|2
|move|p2a: Silvally|Parting Shot|p1a: Abaddon
|-unboost|p1a: Abaddon|atk|1
|-unboost|p1a: Abaddon|spa|1
|
|t:|1610257221
|switch|p2a: Sandaconda|Sandaconda, F|87/100|[from]move: Parting Shot
|-activate|p2a: Sandaconda|move: Sticky Web
|-unboost|p2a: Sandaconda|spe|1
|
|upkeep
|turn|14
|
|t:|1610257223
|move|p1a: Abaddon|Swords Dance|p1a: Abaddon
|-boost|p1a: Abaddon|atk|2
|move|p2a: Sandaconda|Earthquake|p1a: Abaddon
|-damage|p1a: Abaddon|30/100
|
|upkeep
|turn|15
|
|t:|1610257228
|move|p1a: Abaddon|Knock Off|p2a: Sandaconda
|-damage|p2a: Sandaconda|0 fnt
|-damage|p1a: Abaddon|14/100|[from] item: Rocky Helmet|[of] p2a: Sandaconda
|-enditem|p2a: Sandaconda|Rocky Helmet|[from] move: Knock Off|[of] p1a: Abaddon
|faint|p2a: Sandaconda
|
|upkeep
|
|t:|1610257235
|switch|p2a: Articuno|Articuno|5/100
|-ability|p2a: Articuno|Pressure
|turn|16
|
|t:|1610257239
|move|p2a: Articuno|Defog|p1a: Abaddon
|-unboost|p1a: Abaddon|evasion|1
|-sideend|p2: Testpu12|Sticky Web|[from] move: Defog|[of] p2a: Articuno
|move|p1a: Abaddon|Knock Off|p2a: Articuno
|-damage|p2a: Articuno|0 fnt
|-enditem|p2a: Articuno|Heavy-Duty Boots|[from] move: Knock Off|[of] p1a: Abaddon
|faint|p2a: Articuno
|
|upkeep
|
|t:|1610257248
|switch|p2a: Silvally|Silvally-Steel|87/100
|turn|17
|
|t:|1610257251
|move|p1a: Abaddon|Sucker Punch|p2a: Silvally
|-damage|p2a: Silvally|0 fnt
|faint|p2a: Silvally
|
|upkeep
|
|t:|1610257255
|switch|p2a: Clawitzer|Clawitzer, M|100/100
|turn|18
|
|t:|1610257257
|move|p1a: Abaddon|Knock Off|p2a: Clawitzer
|-damage|p2a: Clawitzer|0 fnt
|-enditem|p2a: Clawitzer|Choice Specs|[from] move: Knock Off|[of] p1a: Abaddon
|faint|p2a: Clawitzer
|
|upkeep
|c|☆Testpu12|You always make the worst plays and get away with it
|c|☆Testpu12|it’s minds blowing
|inactive|Testpu12 has 120 seconds left.
|-message|Testpu12 forfeited.
|
|win|Mutsuki Akitsu (PU
|raw|Mutsuki Akitsu (PU's rating: 1513 &rarr; <strong>1520</strong><br />(+7 for winning)
|raw|Testpu12's rating: 1255 &rarr; <strong>1246</strong><br />(-9 for losing)
