|j|☆m3p0
|j|☆rgqfrqegadfv
|player|p1|m3p0|130|1380
|player|p2|rgqfrqegadfv|pokekid|1382
|teamsize|p1|6
|teamsize|p2|6
|gametype|singles
|gen|8
|tier|[Gen 8] PU
|rated|
|clearpoke
|poke|p1|Greedent, F|
|poke|p1|Wishiwashi, F|
|poke|p1|Musharna, M|
|poke|p1|Mr. Mime, M|
|poke|p1|Pawniard, M|
|poke|p1|Silvally-*|
|poke|p2|Throh, M|
|poke|p2|Ninjask, M|
|poke|p2|Silvally-*|
|poke|p2|Stonjourner, F|
|poke|p2|Wartortle, F|
|poke|p2|Hattrem, F|
|rule|Sleep Clause Mod: Limit one foe put to sleep
|rule|Species Clause: Limit one of each Pokémon
|rule|OHKO Clause: OHKO moves are banned
|rule|Evasion Moves Clause: Evasion moves are banned
|rule|Endless Battle Clause: Forcing endless battles is banned
|rule|HP Percentage Mod: HP is shown in percentages
|rule|Dynamax Clause: You cannot dynamax
|teampreview
|
|start
|switch|p1a: Pawniard|Pawniard, M|100/100
|switch|p2a: Throh|Throh, M|100/100
|turn|1
|
|switch|p1a: Mr. Mime|Mr. Mime, M|100/100
|move|p2a: Throh|Knock Off|p1a: Mr. Mime
|-damage|p1a: Mr. Mime|62/100
|-enditem|p1a: Mr. Mime|Heavy-Duty Boots|[from] move: Knock Off|[of] p2a: Throh
|
|-status|p2a: Throh|brn|[from] item: Flame Orb
|upkeep
|turn|2
|
|move|p1a: Mr. Mime|Dazzling Gleam|p2a: Throh
|-supereffective|p2a: Throh
|-damage|p2a: Throh|41/100 brn
|move|p2a: Throh|Poison Jab|p1a: Mr. Mime
|-supereffective|p1a: Mr. Mime
|-damage|p1a: Mr. Mime|0 fnt
|faint|p1a: Mr. Mime
|
|-damage|p2a: Throh|35/100 brn|[from] brn
|upkeep
|
|switch|p1a: Pawniard|Pawniard, M|100/100
|turn|3
|
|switch|p2a: Wartortle|Wartortle, F, shiny|100/100
|move|p1a: Pawniard|Iron Head|p2a: Wartortle
|-resisted|p2a: Wartortle
|-damage|p2a: Wartortle|91/100
|
|upkeep
|turn|4
|
|switch|p2a: Silvally|Silvally-Ground|100/100
|move|p1a: Pawniard|Stealth Rock|p2a: Silvally
|-sidestart|p2: rgqfrqegadfv|move: Stealth Rock
|
|upkeep
|turn|5
|
|move|p2a: Silvally|Multi-Attack|p1a: Pawniard
|-supereffective|p1a: Pawniard
|-enditem|p1a: Pawniard|Focus Sash
|-damage|p1a: Pawniard|1/100
|move|p1a: Pawniard|Iron Head|p2a: Silvally
|-damage|p2a: Silvally|68/100
|
|upkeep
|turn|6
|
|move|p1a: Pawniard|Sucker Punch||[still]
|-fail|p1a: Pawniard
|move|p2a: Silvally|Swords Dance|p2a: Silvally
|-boost|p2a: Silvally|atk|2
|
|upkeep
|turn|7
|
|move|p2a: Silvally|Flame Charge|p1a: Pawniard
|-supereffective|p1a: Pawniard
|-damage|p1a: Pawniard|0 fnt
|-boost|p2a: Silvally|spe|1
|faint|p1a: Pawniard
|
|upkeep
|
|switch|p1a: Musharna|Musharna, M|100/100
|turn|8
|
|move|p2a: Silvally|Multi-Attack|p1a: Musharna
|-damage|p1a: Musharna|15/100
|move|p1a: Musharna|Trick Room|p1a: Musharna
|-fieldstart|move: Trick Room|[of] p1a: Musharna
|
|upkeep
|turn|9
|
|move|p1a: Musharna|Healing Wish|p1a: Musharna
|faint|p1a: Musharna
|move|p2a: Silvally|Multi-Attack|p1: Musharna|[notarget]
|-fail|p2a: Silvally
|
|upkeep
|
|switch|p1a: Wishiwashi|Wishiwashi, F|100/100
|-formechange|p1a: Wishiwashi|Wishiwashi-School||[from] ability: Schooling
|turn|10
|
|switch|p2a: Wartortle|Wartortle, F, shiny|91/100
|-damage|p2a: Wartortle|79/100|[from] Stealth Rock
|move|p1a: Wishiwashi|Surf|p2a: Wartortle
|-resisted|p2a: Wartortle
|-damage|p2a: Wartortle|43/100
|
|upkeep
|turn|11
|
|move|p1a: Wishiwashi|Surf|p2a: Wartortle
|-resisted|p2a: Wartortle
|-damage|p2a: Wartortle|11/100
|move|p2a: Wartortle|Rapid Spin|p1a: Wishiwashi
|-damage|p1a: Wishiwashi|94/100
|-boost|p2a: Wartortle|spe|1
|-sideend|p2: rgqfrqegadfv|Stealth Rock|[from] move: Rapid Spin|[of] p2a: Wartortle
|
|upkeep
|turn|12
|
|move|p1a: Wishiwashi|Surf|p2a: Wartortle
|-resisted|p2a: Wartortle
|-damage|p2a: Wartortle|0 fnt
|faint|p2a: Wartortle
|
|-fieldend|move: Trick Room
|upkeep
|
|switch|p2a: Hattrem|Hattrem, F, shiny|100/100
|turn|13
|
|move|p2a: Hattrem|Psychic|p1a: Wishiwashi
|-damage|p1a: Wishiwashi|70/100
|move|p1a: Wishiwashi|Surf|p2a: Hattrem
|-damage|p2a: Hattrem|36/100
|
|upkeep
|turn|14
|
|move|p2a: Hattrem|Healing Wish|p2a: Hattrem
|faint|p2a: Hattrem
|move|p1a: Wishiwashi|Surf|p2: Hattrem|[notarget]
|-fail|p1a: Wishiwashi
|
|upkeep
|
|switch|p2a: Throh|Throh, M|35/100 brn
|-heal|p2a: Throh|100/100|[from] move: Healing Wish
|turn|15
|
|move|p2a: Throh|Knock Off|p1a: Wishiwashi
|-damage|p1a: Wishiwashi|39/100
|-enditem|p1a: Wishiwashi|Choice Specs|[from] move: Knock Off|[of] p2a: Throh
|move|p1a: Wishiwashi|Surf|p2a: Throh
|-damage|p2a: Throh|40/100
|
|-status|p2a: Throh|brn|[from] item: Flame Orb
|upkeep
|turn|16
|
|move|p2a: Throh|Storm Throw|p1a: Wishiwashi
|-crit|p1a: Wishiwashi
|-damage|p1a: Wishiwashi|0 fnt
|faint|p1a: Wishiwashi
|
|-damage|p2a: Throh|34/100 brn|[from] brn
|upkeep
|
|switch|p1a: Silvally|Silvally-Fire|100/100
|turn|17
|
|switch|p2a: Silvally|Silvally-Ground|68/100
|move|p1a: Silvally|Flamethrower|p2a: Silvally
|-damage|p2a: Silvally|30/100
|
|upkeep
|turn|18
|
|switch|p1a: Greedent|Greedent, F|100/100
|move|p2a: Silvally|Multi-Attack|p1a: Greedent
|-damage|p1a: Greedent|62/100
|
|upkeep
|turn|19
|
|move|p2a: Silvally|Swords Dance|p2a: Silvally
|-boost|p2a: Silvally|atk|2
|move|p1a: Greedent|Earthquake|p2a: Silvally
|-damage|p2a: Silvally|0 fnt
|faint|p2a: Silvally
|
|upkeep
|
|switch|p2a: Throh|Throh, M|34/100 brn
|turn|20
|
|switch|p1a: Silvally|Silvally-Fire|100/100
|move|p2a: Throh|Storm Throw|p1a: Silvally
|-crit|p1a: Silvally
|-damage|p1a: Silvally|27/100
|
|-damage|p2a: Throh|28/100 brn|[from] brn
|upkeep
|turn|21
|
|move|p1a: Silvally|Flamethrower|p2a: Throh
|-damage|p2a: Throh|0 fnt
|faint|p2a: Throh
|
|upkeep
|
|switch|p2a: Stonjourner|Stonjourner, F, shiny|100/100
|turn|22
|
|move|p2a: Stonjourner|Earthquake|p1a: Silvally
|-supereffective|p1a: Silvally
|-damage|p1a: Silvally|0 fnt
|faint|p1a: Silvally
|
|upkeep
|
|switch|p1a: Greedent|Greedent, F|62/100
|-heal|p1a: Greedent|100/100|[from] move: Healing Wish
|turn|23
|
|switch|p2a: Ninjask|Ninjask, M|100/100
|move|p1a: Greedent|Body Slam|p2a: Ninjask
|-crit|p2a: Ninjask
|-damage|p2a: Ninjask|0 fnt
|faint|p2a: Ninjask
|
|upkeep
|
|switch|p2a: Stonjourner|Stonjourner, F, shiny|100/100
|turn|24
|
|move|p2a: Stonjourner|Stone Edge|p1a: Greedent
|-damage|p1a: Greedent|59/100
|move|p1a: Greedent|Earthquake|p2a: Stonjourner
|-supereffective|p2a: Stonjourner
|-damage|p2a: Stonjourner|49/100
|
|upkeep
|turn|25
|
|move|p2a: Stonjourner|Stone Edge|p1a: Greedent
|-damage|p1a: Greedent|21/100
|-enditem|p1a: Greedent|Sitrus Berry|[eat]
|-heal|p1a: Greedent|46/100|[from] item: Sitrus Berry
|-heal|p1a: Greedent|79/100|[from] ability: Cheek Pouch
|move|p1a: Greedent|Earthquake|p2a: Stonjourner
|-supereffective|p2a: Stonjourner
|-damage|p2a: Stonjourner|0 fnt
|faint|p2a: Stonjourner
|
|win|m3p0
|l|☆rgqfrqegadfv
|raw|m3p0's rating: 1352 &rarr; <strong>1373</strong><br />(+21 for winning)
|raw|rgqfrqegadfv's rating: 1382 &rarr; <strong>1361</strong><br />(-21 for losing)
