|j|☆allstarapology
|j|☆priparap
|player|p1|allstarapology|misty|1428
|player|p2|priparap|45|1386
|teamsize|p1|6
|teamsize|p2|6
|gametype|singles
|gen|8
|tier|[Gen 8] PU
|rated|
|clearpoke
|poke|p1|Shuckle, M|
|poke|p1|Pawniard, M|
|poke|p1|Gastly, F|
|poke|p1|Fraxure, M|
|poke|p1|Manectric, M|
|poke|p1|Silvally-*|
|poke|p2|Gourgeist-*, M|
|poke|p2|Silvally-*|
|poke|p2|Basculin, M|
|poke|p2|Mr. Mime, F|
|poke|p2|Stonjourner, F|
|poke|p2|Machoke, M|
|rule|Sleep Clause Mod: Limit one foe put to sleep
|rule|Species Clause: Limit one of each Pokémon
|rule|OHKO Clause: OHKO moves are banned
|rule|Evasion Moves Clause: Evasion moves are banned
|rule|Endless Battle Clause: Forcing endless battles is banned
|rule|HP Percentage Mod: HP is shown in percentages
|rule|Dynamax Clause: You cannot dynamax
|teampreview
|c|☆priparap|glhfm
|c|☆allstarapology|u2
|inactive|Battle timer is ON: inactive players will automatically lose when time's up. (requested by allstarapology)
|
|start
|switch|p1a: Shuckle|Shuckle, M|100/100
|switch|p2a: Basculin|Basculin, M|100/100
|turn|1
|
|move|p2a: Basculin|Hydro Pump|p1a: Shuckle
|-supereffective|p1a: Shuckle
|-damage|p1a: Shuckle|28/100
|-damage|p2a: Basculin|91/100|[from] item: Life Orb
|move|p1a: Shuckle|Sticky Web|p2a: Basculin
|-sidestart|p2: priparap|move: Sticky Web
|
|upkeep
|turn|2
|
|move|p2a: Basculin|Hydro Pump|p1a: Shuckle
|-supereffective|p1a: Shuckle
|-damage|p1a: Shuckle|0 fnt
|-damage|p2a: Basculin|81/100|[from] item: Life Orb
|faint|p1a: Shuckle
|
|upkeep
|
|switch|p1a: Manectric|Manectric, M|100/100
|turn|3
|
|switch|p2a: Gourgeist|Gourgeist-Super, M|100/100
|-activate|p2a: Gourgeist|move: Sticky Web
|-unboost|p2a: Gourgeist|spe|1
|-item|p1a: Manectric|Choice Scarf|[from] ability: Frisk|[of] p2a: Gourgeist|[identify]
|move|p1a: Manectric|Volt Switch|p2a: Gourgeist
|-resisted|p2a: Gourgeist
|-damage|p2a: Gourgeist|82/100
|
|switch|p1a: Fraxure|Fraxure, M|100/100|[from]move: Volt Switch
|-ability|p1a: Fraxure|Mold Breaker
|
|upkeep
|turn|4
|
|switch|p2a: Mr. Mime|Mr. Mime, F|100/100
|-activate|p2a: Mr. Mime|move: Sticky Web
|-unboost|p2a: Mr. Mime|spe|1
|move|p1a: Fraxure|Taunt|p2a: Mr. Mime
|-start|p2a: Mr. Mime|move: Taunt
|
|upkeep
|turn|5
|
|move|p2a: Mr. Mime|Dazzling Gleam|p1a: Fraxure
|-supereffective|p1a: Fraxure
|-damage|p1a: Fraxure|0 fnt
|faint|p1a: Fraxure
|
|upkeep
|
|switch|p1a: Gastly|Gastly, F|100/100
|turn|6
|
|switch|p2a: Stonjourner|Stonjourner, F|100/100
|-activate|p2a: Stonjourner|move: Sticky Web
|-unboost|p2a: Stonjourner|spe|1
|move|p1a: Gastly|Sludge Wave|p2a: Stonjourner
|-resisted|p2a: Stonjourner
|-damage|p2a: Stonjourner|7/100
|-status|p2a: Stonjourner|psn
|
|-damage|p2a: Stonjourner|0 fnt|[from] psn
|faint|p2a: Stonjourner
|upkeep
|inactive|priparap has 120 seconds left.
|
|switch|p2a: Gourgeist|Gourgeist-Super, M|82/100
|-activate|p2a: Gourgeist|move: Sticky Web
|-unboost|p2a: Gourgeist|spe|1
|-item|p1a: Gastly|Choice Specs|[from] ability: Frisk|[of] p2a: Gourgeist|[identify]
|turn|7
|
|switch|p1a: Manectric|Manectric, M|100/100
|move|p2a: Gourgeist|Shadow Sneak|p1a: Manectric
|-damage|p1a: Manectric|49/100
|
|upkeep
|turn|8
|
|switch|p1a: Pawniard|Pawniard, M|100/100
|move|p2a: Gourgeist|Shadow Sneak|p1a: Pawniard
|-resisted|p1a: Pawniard
|-damage|p1a: Pawniard|81/100
|
|upkeep
|turn|9
|
|switch|p2a: Machoke|Machoke, M|100/100
|-activate|p2a: Machoke|move: Sticky Web
|-unboost|p2a: Machoke|spe|1
|move|p1a: Pawniard|Knock Off|p2a: Machoke
|-resisted|p2a: Machoke
|-damage|p2a: Machoke|83/100
|-enditem|p2a: Machoke|Eviolite|[from] move: Knock Off|[of] p1a: Pawniard
|
|upkeep
|turn|10
|
|switch|p1a: Silvally|Silvally-Fighting|100/100
|move|p2a: Machoke|Knock Off|p1a: Silvally
|-resisted|p1a: Silvally
|-damage|p1a: Silvally|88/100
|
|upkeep
|turn|11
|
|switch|p1a: Gastly|Gastly, F|100/100
|switch|p2a: Gourgeist|Gourgeist-Super, M|82/100
|-activate|p2a: Gourgeist|move: Sticky Web
|-unboost|p2a: Gourgeist|spe|1
|-item|p1a: Gastly|Choice Specs|[from] ability: Frisk|[of] p2a: Gourgeist|[identify]
|
|upkeep
|turn|12
|
|move|p2a: Gourgeist|Shadow Sneak|p1a: Gastly
|-supereffective|p1a: Gastly
|-damage|p1a: Gastly|0 fnt
|faint|p1a: Gastly
|
|upkeep
|
|switch|p1a: Pawniard|Pawniard, M|81/100
|turn|13
|
|switch|p2a: Machoke|Machoke, M|83/100
|-activate|p2a: Machoke|move: Sticky Web
|-unboost|p2a: Machoke|spe|1
|move|p1a: Pawniard|Swords Dance|p1a: Pawniard
|-boost|p1a: Pawniard|atk|2
|
|upkeep
|turn|14
|
|move|p1a: Pawniard|Iron Head|p2a: Machoke
|-damage|p2a: Machoke|0 fnt
|faint|p2a: Machoke
|
|upkeep
|
|switch|p2a: Mr. Mime|Mr. Mime, F|100/100
|-activate|p2a: Mr. Mime|move: Sticky Web
|-unboost|p2a: Mr. Mime|spe|1
|turn|15
|
|move|p2a: Mr. Mime|Trick|p1a: Pawniard
|-activate|p2a: Mr. Mime|move: Trick|[of] p1a: Pawniard
|-item|p1a: Pawniard|Choice Scarf|[from] move: Trick
|-item|p2a: Mr. Mime|Eviolite|[from] move: Trick
|move|p1a: Pawniard|Knock Off|p2a: Mr. Mime
|-damage|p2a: Mr. Mime|0 fnt
|-enditem|p2a: Mr. Mime|Eviolite|[from] move: Knock Off|[of] p1a: Pawniard
|faint|p2a: Mr. Mime
|
|upkeep
|
|switch|p2a: Silvally|Silvally-Ice|100/100
|-activate|p2a: Silvally|move: Sticky Web
|-unboost|p2a: Silvally|spe|1
|turn|16
|
|move|p1a: Pawniard|Knock Off|p2a: Silvally
|-damage|p2a: Silvally|31/100
|move|p2a: Silvally|Flamethrower|p1a: Pawniard
|-supereffective|p1a: Pawniard
|-damage|p1a: Pawniard|0 fnt
|faint|p1a: Pawniard
|
|upkeep
|
|switch|p1a: Silvally|Silvally-Fighting|88/100
|turn|17
|
|move|p1a: Silvally|Swords Dance|p1a: Silvally
|-boost|p1a: Silvally|atk|2
|move|p2a: Silvally|Multi-Attack|p1a: Silvally
|-damage|p1a: Silvally|30/100
|
|upkeep
|turn|18
|
|move|p1a: Silvally|Psychic Fangs|p2a: Silvally
|-damage|p2a: Silvally|0 fnt
|faint|p2a: Silvally
|
|upkeep
|inactive|priparap has 120 seconds left.
|inactive|priparap has 90 seconds left.
|
|switch|p2a: Basculin|Basculin, M|81/100
|-activate|p2a: Basculin|move: Sticky Web
|-unboost|p2a: Basculin|spe|1
|turn|19
|
|move|p2a: Basculin|Aqua Jet|p1a: Silvally
|-damage|p1a: Silvally|7/100
|-damage|p2a: Basculin|71/100|[from] item: Life Orb
|move|p1a: Silvally|Multi-Attack|p2a: Basculin
|-damage|p2a: Basculin|0 fnt
|faint|p2a: Basculin
|
|upkeep
|
|switch|p2a: Gourgeist|Gourgeist-Super, M|82/100
|-activate|p2a: Gourgeist|move: Sticky Web
|-unboost|p2a: Gourgeist|spe|1
|-item|p1a: Silvally|Fighting Memory|[from] ability: Frisk|[of] p2a: Gourgeist|[identify]
|turn|20
|
|move|p2a: Gourgeist|Shadow Sneak|p1a: Silvally
|-damage|p1a: Silvally|0 fnt
|faint|p1a: Silvally
|
|upkeep
|-message|allstarapology forfeited.
|
|win|priparap
|l|☆allstarapology
|raw|allstarapology's rating: 1440 &rarr; <strong>1417</strong><br />(-23 for losing)
|raw|priparap's rating: 1386 &rarr; <strong>1409</strong><br />(+23 for winning)
