|raw|<div class="broadcast-blue"><strong>This battle is required to be public due to a player having a name starting with 'pult4c1'.</div>
|j|☆pult4C1 ntr
|j|☆Parent Song
|t:|1660945713
|gametype|singles
|player|p1|pult4C1 ntr|galacticgrunt|1586
|player|p2|Parent Song|dawn|1547
|teamsize|p1|6
|teamsize|p2|6
|gen|8
|tier|[Gen 8] PU
|rated|
|rule|Sleep Clause Mod: Limit one foe put to sleep
|rule|Species Clause: Limit one of each Pokémon
|rule|OHKO Clause: OHKO moves are banned
|rule|Evasion Items Clause: Evasion items are banned
|rule|Evasion Moves Clause: Evasion moves are banned
|rule|Endless Battle Clause: Forcing endless battles is banned
|rule|HP Percentage Mod: HP is shown in percentages
|rule|Dynamax Clause: You cannot dynamax
|clearpoke
|poke|p1|Shuckle, F|
|poke|p1|Whimsicott, M|
|poke|p1|Silvally-*|
|poke|p1|Mesprit|
|poke|p1|Morpeko, F|
|poke|p1|Gallade, M|
|poke|p2|Carracosta, M|
|poke|p2|Scrafty, M|
|poke|p2|Archeops, M|
|poke|p2|Froslass, F|
|poke|p2|Doublade, M|
|poke|p2|Thwackey, F|
|teampreview
|
|t:|1660945723
|start
|switch|p1a: Shuckle|Shuckle, F|100/100
|switch|p2a: Froslass|Froslass, F|100/100
|turn|1
|j| Axeward
|inactive|Battle timer is ON: inactive players will automatically lose when time's up. (requested by Parent Song)
|
|t:|1660945726
|move|p2a: Froslass|Taunt|p1a: Shuckle
|-start|p1a: Shuckle|move: Taunt
|-enditem|p1a: Shuckle|Mental Herb
|-end|p1a: Shuckle|move: Taunt
|move|p1a: Shuckle|Sticky Web|p2a: Froslass
|-sidestart|p2: Parent Song|move: Sticky Web
|
|upkeep
|turn|2
|
|t:|1660945733
|move|p2a: Froslass|Spikes|p1a: Shuckle
|-sidestart|p1: pult4C1 ntr|Spikes
|move|p1a: Shuckle|Encore|p2a: Froslass
|-start|p2a: Froslass|Encore
|
|upkeep
|turn|3
|
|t:|1660945738
|move|p2a: Froslass|Spikes|p1a: Shuckle
|-sidestart|p1: pult4C1 ntr|Spikes
|move|p1a: Shuckle|Stealth Rock|p2a: Froslass
|-sidestart|p2: Parent Song|move: Stealth Rock
|
|upkeep
|turn|4
|
|t:|1660945742
|switch|p1a: Morpeko|Morpeko, F|100/100
|move|p2a: Froslass|Spikes|p1a: Morpeko
|-sidestart|p1: pult4C1 ntr|Spikes
|
|-formechange|p1a: Morpeko|Morpeko-Hangry||[from] ability: Hunger Switch
|upkeep
|turn|5
|
|t:|1660945745
|move|p2a: Froslass|Spikes||[still]
|-fail|p2a: Froslass
|move|p1a: Morpeko|Aura Wheel|p2a: Froslass
|-supereffective|p2a: Froslass
|-enditem|p2a: Froslass|Focus Sash
|-damage|p2a: Froslass|1/100
|-boost|p1a: Morpeko|spe|1
|
|-end|p2a: Froslass|Encore
|-formechange|p1a: Morpeko|Morpeko||[from] ability: Hunger Switch
|upkeep
|turn|6
|
|t:|1660945749
|move|p1a: Morpeko|Aura Wheel|p2a: Froslass
|-damage|p2a: Froslass|0 fnt
|-boost|p1a: Morpeko|spe|1
|-start|p1a: Morpeko|Disable|Aura Wheel|[from] ability: Cursed Body|[of] p2a: Froslass
|faint|p2a: Froslass
|
|-formechange|p1a: Morpeko|Morpeko-Hangry||[from] ability: Hunger Switch
|upkeep
|
|t:|1660945753
|switch|p2a: Doublade|Doublade, M|100/100
|-activate|p2a: Doublade|move: Sticky Web
|-unboost|p2a: Doublade|spe|1
|-damage|p2a: Doublade|94/100|[from] Stealth Rock
|turn|7
|
|t:|1660945758
|move|p1a: Morpeko|Parting Shot|p2a: Doublade
|-unboost|p2a: Doublade|atk|1
|-unboost|p2a: Doublade|spa|1
|
|t:|1660945761
|switch|p1a: Shuckle|Shuckle, F|100/100|[from]move: Parting Shot
|-damage|p1a: Shuckle|76/100|[from] Spikes
|move|p2a: Doublade|Swords Dance|p2a: Doublade
|-boost|p2a: Doublade|atk|2
|
|upkeep
|turn|8
|
|t:|1660945767
|move|p2a: Doublade|Shadow Claw|p1a: Shuckle
|-damage|p1a: Shuckle|39/100
|move|p1a: Shuckle|Encore|p2a: Doublade
|-start|p2a: Doublade|Encore
|
|upkeep
|turn|9
|
|t:|1660945771
|move|p2a: Doublade|Shadow Claw|p1a: Shuckle
|-damage|p1a: Shuckle|2/100
|move|p1a: Shuckle|Toxic|p2a: Doublade
|-immune|p2a: Doublade
|
|upkeep
|turn|10
|
|t:|1660945776
|move|p2a: Doublade|Shadow Claw|p1a: Shuckle
|-damage|p1a: Shuckle|0 fnt
|faint|p1a: Shuckle
|
|upkeep
|
|t:|1660945778
|switch|p1a: Morpeko|Morpeko, F|100/100
|turn|11
|
|t:|1660945782
|move|p1a: Morpeko|Aura Wheel|p2a: Doublade
|-damage|p2a: Doublade|70/100
|-boost|p1a: Morpeko|spe|1
|move|p2a: Doublade|Shadow Claw|p1a: Morpeko
|-resisted|p1a: Morpeko
|-damage|p1a: Morpeko|49/100
|
|-end|p2a: Doublade|Encore
|-formechange|p1a: Morpeko|Morpeko-Hangry||[from] ability: Hunger Switch
|upkeep
|turn|12
|
|t:|1660945792
|move|p1a: Morpeko|Aura Wheel|p2a: Doublade
|-supereffective|p2a: Doublade
|-damage|p2a: Doublade|23/100
|-boost|p1a: Morpeko|spe|1
|move|p2a: Doublade|Shadow Claw|p1a: Morpeko
|-resisted|p1a: Morpeko
|-damage|p1a: Morpeko|0 fnt
|faint|p1a: Morpeko
|
|upkeep
|
|t:|1660945799
|switch|p1a: Whimsicott|Whimsicott, M|100/100
|turn|13
|
|t:|1660945801
|move|p2a: Doublade|Shadow Sneak|p1a: Whimsicott
|-damage|p1a: Whimsicott|56/100
|move|p1a: Whimsicott|Moonblast|p2a: Doublade
|-resisted|p2a: Doublade
|-damage|p2a: Doublade|3/100
|-unboost|p2a: Doublade|spa|1
|
|upkeep
|turn|14
|
|t:|1660945805
|move|p2a: Doublade|Shadow Sneak|p1a: Whimsicott
|-damage|p1a: Whimsicott|11/100
|move|p1a: Whimsicott|Moonblast|p2a: Doublade
|-resisted|p2a: Doublade
|-damage|p2a: Doublade|0 fnt
|faint|p2a: Doublade
|
|upkeep
|
|t:|1660945808
|switch|p2a: Thwackey|Thwackey, F|100/100
|-activate|p2a: Thwackey|move: Sticky Web
|-unboost|p2a: Thwackey|spe|1
|-damage|p2a: Thwackey|88/100|[from] Stealth Rock
|-fieldstart|move: Grassy Terrain|[from] ability: Grassy Surge|[of] p2a: Thwackey
|-enditem|p2a: Thwackey|Grassy Seed
|-boost|p2a: Thwackey|def|1|[from] item: Grassy Seed
|turn|15
|
|t:|1660945823
|switch|p1a: Gallade|Gallade, M|100/100
|-damage|p1a: Gallade|76/100|[from] Spikes
|move|p2a: Thwackey|Swords Dance|p2a: Thwackey
|-boost|p2a: Thwackey|atk|2
|
|-heal|p1a: Gallade|82/100|[from] Grassy Terrain
|-heal|p2a: Thwackey|94/100|[from] Grassy Terrain
|upkeep
|turn|16
|
|t:|1660945827
|move|p2a: Thwackey|Grassy Glide|p1a: Gallade
|-damage|p1a: Gallade|0 fnt
|faint|p1a: Gallade
|
|-heal|p2a: Thwackey|100/100|[from] Grassy Terrain
|upkeep
|
|t:|1660945830
|switch|p1a: Mesprit|Mesprit|100/100
|turn|17
|
|t:|1660945833
|move|p1a: Mesprit|Psychic|p2a: Thwackey
|-damage|p2a: Thwackey|39/100
|move|p2a: Thwackey|Knock Off|p1a: Mesprit
|-supereffective|p1a: Mesprit
|-crit|p1a: Mesprit
|-damage|p1a: Mesprit|0 fnt
|-enditem|p1a: Mesprit|Leftovers|[from] move: Knock Off|[of] p2a: Thwackey
|faint|p1a: Mesprit
|
|-heal|p2a: Thwackey|45/100|[from] Grassy Terrain
|upkeep
|
|t:|1660945836
|switch|p1a: Silvally|Silvally-Ghost|100/100
|-damage|p1a: Silvally|76/100|[from] Spikes
|turn|18
|
|t:|1660945838
|move|p2a: Thwackey|Grassy Glide|p1a: Silvally
|-damage|p1a: Silvally|0 fnt
|faint|p1a: Silvally
|
|-heal|p2a: Thwackey|51/100|[from] Grassy Terrain
|upkeep
|
|t:|1660945841
|switch|p1a: Whimsicott|Whimsicott, M|11/100
|turn|19
|
|t:|1660945843
|move|p2a: Thwackey|Grassy Glide|p1a: Whimsicott
|-resisted|p1a: Whimsicott
|-damage|p1a: Whimsicott|0 fnt
|faint|p1a: Whimsicott
|
|win|Parent Song
|raw|pult4C1 ntr's rating: 1586 &rarr; <strong>1564</strong><br />(-22 for losing)
|raw|Parent Song's rating: 1547 &rarr; <strong>1569</strong><br />(+22 for winning)
|j| GaetaninoFresh
|l|☆pult4C1 ntr
|j| PULT4C1 Haffling
|l|☆Parent Song
