|raw|<div class="broadcast-blue"><strong>This battle is required to be public due to a player having a name starting with 'pult61a'.</div>
|j|☆sugar ovens
|j|☆pult61a p
|t:|1627264810
|gametype|singles
|player|p1|sugar ovens|265|1349
|player|p2|pult61a p|hilda-wonderlauncher|1648
|teamsize|p1|6
|teamsize|p2|6
|gen|8
|tier|[Gen 8] PU
|rated|
|rule|Sleep Clause Mod: Limit one foe put to sleep
|rule|Species Clause: Limit one of each Pokémon
|rule|OHKO Clause: OHKO moves are banned
|rule|Evasion Moves Clause: Evasion moves are banned
|rule|Endless Battle Clause: Forcing endless battles is banned
|rule|HP Percentage Mod: HP is shown in percentages
|rule|Dynamax Clause: You cannot dynamax
|clearpoke
|poke|p1|Charizard, F|
|poke|p1|Scrafty, M|
|poke|p1|Gigalith, M|
|poke|p1|Weezing, F|
|poke|p1|Lurantis, M|
|poke|p1|Poliwrath, M|
|poke|p2|Sableye, F|
|poke|p2|Quagsire, M|
|poke|p2|Weezing, F|
|poke|p2|Stunfisk-Galar, F|
|poke|p2|Clefairy, M|
|poke|p2|Gigalith, F|
|teampreview
|inactive|Battle timer is ON: inactive players will automatically lose when time's up. (requested by pult61a p)
|inactive|sugar ovens has 120 seconds left.
|
|t:|1627264863
|start
|switch|p1a: Lurantis|Lurantis, M|100/100
|switch|p2a: Clefairy|Clefairy, M|100/100
|turn|1
|
|t:|1627264867
|switch|p1a: Weezing|Weezing, F|100/100
|-ability|p1a: Weezing|Neutralizing Gas
|switch|p2a: Weezing|Weezing, F|100/100
|-ability|p2a: Weezing|Neutralizing Gas
|
|upkeep
|turn|2
|j| Slimy Escargot
|
|t:|1627264879
|move|p1a: Weezing|Toxic Spikes|p2a: Weezing
|-sidestart|p2: pult61a p|move: Toxic Spikes
|move|p2a: Weezing|Toxic Spikes|p1a: Weezing
|-sidestart|p1: sugar ovens|move: Toxic Spikes
|
|upkeep
|turn|3
|
|t:|1627264886
|switch|p2a: Clefairy|Clefairy, M|100/100
|-status|p2a: Clefairy|psn
|move|p1a: Weezing|Toxic Spikes|p2a: Clefairy
|-sidestart|p2: pult61a p|move: Toxic Spikes
|
|-damage|p2a: Clefairy|88/100 psn|[from] psn
|upkeep
|turn|4
|j| Fresh0regano
|
|t:|1627264893
|switch|p2a: Weezing|Weezing, F|100/100
|-ability|p2a: Weezing|Neutralizing Gas
|-sideend|p2: pult61a p|move: Toxic Spikes|[of] p2a: Weezing
|move|p1a: Weezing|Toxic Spikes|p2a: Weezing
|-sidestart|p2: pult61a p|move: Toxic Spikes
|
|upkeep
|turn|5
|
|t:|1627264905
|move|p1a: Weezing|Will-O-Wisp|p2a: Weezing
|-status|p2a: Weezing|brn
|move|p2a: Weezing|Flamethrower|p1a: Weezing
|-damage|p1a: Weezing|74/100
|
|-heal|p1a: Weezing|80/100|[from] item: Black Sludge
|-damage|p2a: Weezing|95/100 brn|[from] brn
|upkeep
|turn|6
|
|t:|1627264911
|move|p1a: Weezing|Toxic Spikes|p2a: Weezing
|-sidestart|p2: pult61a p|move: Toxic Spikes
|move|p2a: Weezing|Sludge Bomb|p1a: Weezing
|-resisted|p1a: Weezing
|-damage|p1a: Weezing|62/100
|
|-heal|p1a: Weezing|68/100|[from] item: Black Sludge
|-heal|p2a: Weezing|100/100 brn|[from] item: Black Sludge
|-damage|p2a: Weezing|95/100 brn|[from] brn
|upkeep
|turn|7
|
|t:|1627264922
|switch|p1a: Scrafty|Scrafty, M|100/100
|-status|p1a: Scrafty|psn
|-end|p2a: Weezing|ability: Neutralizing Gas
|switch|p2a: Stunfisk|Stunfisk-Galar, F|100/100
|
|-activate|p1a: Scrafty|ability: Shed Skin
|-curestatus|p1a: Scrafty|psn|[msg]
|upkeep
|turn|8
|
|t:|1627264934
|switch|p2a: Weezing|Weezing, F|95/100 brn
|-ability|p2a: Weezing|Neutralizing Gas
|-sideend|p2: pult61a p|move: Toxic Spikes|[of] p2a: Weezing
|move|p1a: Scrafty|Knock Off|p2a: Weezing
|-damage|p2a: Weezing|75/100 brn
|-enditem|p2a: Weezing|Black Sludge|[from] move: Knock Off|[of] p1a: Scrafty
|
|-damage|p2a: Weezing|69/100 brn|[from] brn
|upkeep
|turn|9
|
|t:|1627264944
|move|p2a: Weezing|Pain Split|p1a: Scrafty
|-sethp|p1a: Scrafty|85/100|[from] move: Pain Split|[silent]
|-sethp|p2a: Weezing|85/100 brn|[from] move: Pain Split
|move|p1a: Scrafty|Bulk Up|p1a: Scrafty
|-boost|p1a: Scrafty|atk|1
|-boost|p1a: Scrafty|def|1
|
|-heal|p1a: Scrafty|91/100|[from] item: Leftovers
|-damage|p2a: Weezing|79/100 brn|[from] brn
|upkeep
|turn|10
|
|t:|1627264949
|-end|p2a: Weezing|ability: Neutralizing Gas
|switch|p2a: Quagsire|Quagsire, M|100/100
|move|p1a: Scrafty|Knock Off|p2a: Quagsire
|-damage|p2a: Quagsire|87/100
|
|-heal|p1a: Scrafty|97/100|[from] item: Leftovers
|upkeep
|turn|11
|j|+chlo
|
|t:|1627264965
|move|p1a: Scrafty|Drain Punch|p2a: Quagsire
|-damage|p2a: Quagsire|69/100
|-heal|p1a: Scrafty|100/100|[from] drain|[of] p2a: Quagsire
|move|p2a: Quagsire|Toxic|p1a: Scrafty
|-status|p1a: Scrafty|tox
|
|-damage|p1a: Scrafty|95/100 tox|[from] psn
|upkeep
|turn|12
|
|t:|1627264974
|switch|p1a: Lurantis|Lurantis, M|100/100
|move|p2a: Quagsire|Toxic|p1a: Lurantis|[miss]
|-miss|p2a: Quagsire|p1a: Lurantis
|
|upkeep
|turn|13
|
|t:|1627264987
|switch|p2a: Weezing|Weezing, F|79/100 brn
|-ability|p2a: Weezing|Neutralizing Gas
|move|p1a: Lurantis|Leaf Storm|p2a: Weezing
|-resisted|p2a: Weezing
|-damage|p2a: Weezing|53/100 brn
|-unboost|p1a: Lurantis|spa|2
|
|-damage|p2a: Weezing|47/100 brn|[from] brn
|upkeep
|turn|14
|
|t:|1627264997
|switch|p1a: Weezing|Weezing, F|68/100
|-ability|p1a: Weezing|Neutralizing Gas
|-sideend|p1: sugar ovens|move: Toxic Spikes|[of] p1a: Weezing
|move|p2a: Weezing|Pain Split|p1a: Weezing
|-sethp|p1a: Weezing|58/100|[from] move: Pain Split|[silent]
|-sethp|p2a: Weezing|58/100 brn|[from] move: Pain Split
|
|-heal|p1a: Weezing|64/100|[from] item: Black Sludge
|-damage|p2a: Weezing|52/100 brn|[from] brn
|upkeep
|turn|15
|j| meri berry
|
|t:|1627265011
|move|p1a: Weezing|Toxic Spikes|p2a: Weezing
|-sidestart|p2: pult61a p|move: Toxic Spikes
|move|p2a: Weezing|Toxic Spikes|p1a: Weezing
|-sidestart|p1: sugar ovens|move: Toxic Spikes
|
|-heal|p1a: Weezing|70/100|[from] item: Black Sludge
|-damage|p2a: Weezing|46/100 brn|[from] brn
|upkeep
|turn|16
|
|t:|1627265016
|switch|p1a: Charizard|Charizard, F|100/100
|move|p2a: Weezing|Pain Split|p1a: Charizard
|-sethp|p1a: Charizard|76/100|[from] move: Pain Split|[silent]
|-sethp|p2a: Weezing|68/100 brn|[from] move: Pain Split
|
|-damage|p2a: Weezing|62/100 brn|[from] brn
|upkeep
|turn|17
|
|t:|1627265025
|-end|p2a: Weezing|ability: Neutralizing Gas
|switch|p2a: Clefairy|Clefairy, M|88/100 psn
|move|p1a: Charizard|Flamethrower|p2a: Clefairy
|-damage|p2a: Clefairy|64/100 psn
|
|upkeep
|turn|18
|
|t:|1627265032
|switch|p1a: Weezing|Weezing, F|70/100
|-ability|p1a: Weezing|Neutralizing Gas
|-sideend|p1: sugar ovens|move: Toxic Spikes|[of] p1a: Weezing
|move|p2a: Clefairy|Soft-Boiled|p2a: Clefairy
|-heal|p2a: Clefairy|100/100 psn
|
|-heal|p1a: Weezing|76/100|[from] item: Black Sludge
|-damage|p2a: Clefairy|88/100 psn|[from] psn
|upkeep
|turn|19
|
|t:|1627265055
|-end|p1a: Weezing|ability: Neutralizing Gas
|switch|p1a: Charizard|Charizard, F|76/100
|move|p2a: Clefairy|Heal Bell|p2a: Clefairy
|-activate|p2a: Clefairy|move: Heal Bell
|-curestatus|p2a: Clefairy|psn|[msg]
|-curestatus|p2: Weezing|brn|[msg]
|
|upkeep
|turn|20
|
|t:|1627265065
|switch|p1a: Weezing|Weezing, F|76/100
|-ability|p1a: Weezing|Neutralizing Gas
|move|p2a: Clefairy|Stealth Rock|p1a: Weezing
|-sidestart|p1: sugar ovens|move: Stealth Rock
|
|-heal|p1a: Weezing|82/100|[from] item: Black Sludge
|upkeep
|turn|21
|
|t:|1627265075
|move|p1a: Weezing|Sludge Bomb|p2a: Clefairy
|-supereffective|p2a: Clefairy
|-damage|p2a: Clefairy|54/100
|move|p2a: Clefairy|Seismic Toss|p1a: Weezing
|-damage|p1a: Weezing|52/100
|
|-heal|p1a: Weezing|58/100|[from] item: Black Sludge
|upkeep
|turn|22
|
|t:|1627265085
|-end|p1a: Weezing|ability: Neutralizing Gas
|switch|p1a: Lurantis|Lurantis, M|100/100
|move|p2a: Clefairy|Soft-Boiled|p2a: Clefairy
|-heal|p2a: Clefairy|100/100
|
|upkeep
|turn|23
|
|t:|1627265091
|switch|p2a: Weezing|Weezing, F|62/100
|-ability|p2a: Weezing|Neutralizing Gas
|-sideend|p2: pult61a p|move: Toxic Spikes|[of] p2a: Weezing
|move|p1a: Lurantis|Leaf Storm|p2a: Weezing
|-resisted|p2a: Weezing
|-damage|p2a: Weezing|36/100
|-unboost|p1a: Lurantis|spa|2
|
|upkeep
|turn|24
|
|t:|1627265099
|switch|p1a: Weezing|Weezing, F|58/100
|-ability|p1a: Weezing|Neutralizing Gas
|-damage|p1a: Weezing|45/100|[from] Stealth Rock
|move|p2a: Weezing|Pain Split|p1a: Weezing
|-sethp|p1a: Weezing|41/100|[from] move: Pain Split|[silent]
|-sethp|p2a: Weezing|41/100|[from] move: Pain Split
|
|-heal|p1a: Weezing|47/100|[from] item: Black Sludge
|upkeep
|turn|25
|
|t:|1627265107
|switch|p2a: Quagsire|Quagsire, M|69/100
|move|p1a: Weezing|Will-O-Wisp|p2a: Quagsire
|-status|p2a: Quagsire|brn
|
|-heal|p1a: Weezing|53/100|[from] item: Black Sludge
|-damage|p2a: Quagsire|62/100 brn|[from] brn
|upkeep
|turn|26
|
|t:|1627265115
|-end|p1a: Weezing|ability: Neutralizing Gas
|switch|p1a: Scrafty|Scrafty, M|95/100 tox
|-damage|p1a: Scrafty|89/100 tox|[from] Stealth Rock
|move|p2a: Quagsire|Scald|p1a: Scrafty
|-damage|p1a: Scrafty|77/100 tox
|
|-heal|p1a: Scrafty|83/100 tox|[from] item: Leftovers
|-damage|p1a: Scrafty|77/100 tox|[from] psn
|-damage|p2a: Quagsire|56/100 brn|[from] brn
|upkeep
|turn|27
|
|t:|1627265123
|switch|p1a: Lurantis|Lurantis, M|100/100
|switch|p2a: Weezing|Weezing, F|41/100
|-ability|p2a: Weezing|Neutralizing Gas
|
|upkeep
|turn|28
|
|t:|1627265132
|switch|p1a: Weezing|Weezing, F|53/100
|-ability|p1a: Weezing|Neutralizing Gas
|-damage|p1a: Weezing|40/100|[from] Stealth Rock
|move|p2a: Weezing|Pain Split|p1a: Weezing
|-sethp|p1a: Weezing|40/100|[from] move: Pain Split|[silent]
|-sethp|p2a: Weezing|40/100|[from] move: Pain Split
|
|-heal|p1a: Weezing|46/100|[from] item: Black Sludge
|upkeep
|turn|29
|
|t:|1627265135
|switch|p2a: Quagsire|Quagsire, M|56/100 brn
|move|p1a: Weezing|Will-O-Wisp|p2a: Quagsire
|-fail|p2a: Quagsire|brn
|
|-heal|p1a: Weezing|52/100|[from] item: Black Sludge
|-damage|p2a: Quagsire|50/100 brn|[from] brn
|upkeep
|turn|30
|
|t:|1627265143
|-end|p1a: Weezing|ability: Neutralizing Gas
|switch|p1a: Lurantis|Lurantis, M|100/100
|move|p2a: Quagsire|Toxic|p1a: Lurantis
|-status|p1a: Lurantis|tox
|
|-damage|p1a: Lurantis|94/100 tox|[from] psn
|-damage|p2a: Quagsire|44/100 brn|[from] brn
|upkeep
|turn|31
|
|t:|1627265149
|switch|p2a: Stunfisk|Stunfisk-Galar, F|100/100
|move|p1a: Lurantis|Defog|p2a: Stunfisk
|-unboost|p2a: Stunfisk|evasion|1
|-sideend|p1: sugar ovens|Stealth Rock|[from] move: Defog|[of] p1a: Lurantis
|
|-damage|p1a: Lurantis|82/100 tox|[from] psn
|upkeep
|turn|32
|
|t:|1627265154
|switch|p1a: Scrafty|Scrafty, M|77/100 tox
|switch|p2a: Clefairy|Clefairy, M|100/100
|
|-heal|p1a: Scrafty|83/100 tox|[from] item: Leftovers
|-damage|p1a: Scrafty|77/100 tox|[from] psn
|upkeep
|turn|33
|
|t:|1627265161
|move|p1a: Scrafty|Knock Off|p2a: Clefairy
|-resisted|p2a: Clefairy
|-damage|p2a: Clefairy|84/100
|-enditem|p2a: Clefairy|Eviolite|[from] move: Knock Off|[of] p1a: Scrafty
|move|p2a: Clefairy|Stealth Rock|p1a: Scrafty
|-sidestart|p1: sugar ovens|move: Stealth Rock
|
|-activate|p1a: Scrafty|ability: Shed Skin
|-curestatus|p1a: Scrafty|tox|[msg]
|-heal|p1a: Scrafty|83/100|[from] item: Leftovers
|upkeep
|turn|34
|
|t:|1627265176
|switch|p1a: Charizard|Charizard, F|76/100
|switch|p2a: Weezing|Weezing, F|40/100
|-ability|p2a: Weezing|Neutralizing Gas
|
|upkeep
|turn|35
|
|t:|1627265185
|-end|p2a: Weezing|ability: Neutralizing Gas
|switch|p2a: Gigalith|Gigalith, F|100/100
|-weather|Sandstorm|[from] ability: Sand Stream|[of] p2a: Gigalith
|move|p1a: Charizard|Toxic|p2a: Gigalith
|-status|p2a: Gigalith|tox
|
|-weather|Sandstorm|[upkeep]
|-damage|p1a: Charizard|70/100|[from] Sandstorm
|-damage|p2a: Gigalith|94/100 tox|[from] psn
|upkeep
|turn|36
|
|t:|1627265190
|switch|p1a: Scrafty|Scrafty, M|83/100
|-damage|p1a: Scrafty|77/100|[from] Stealth Rock
|switch|p2a: Clefairy|Clefairy, M|84/100
|
|-weather|Sandstorm|[upkeep]
|-damage|p1a: Scrafty|71/100|[from] Sandstorm
|-heal|p1a: Scrafty|77/100|[from] item: Leftovers
|upkeep
|turn|37
|
|t:|1627265205
|switch|p1a: Gigalith|Gigalith, M|100/100
|-damage|p1a: Gigalith|88/100|[from] Stealth Rock
|move|p2a: Clefairy|Heal Bell|p2a: Clefairy
|-activate|p2a: Clefairy|move: Heal Bell
|-curestatus|p2: Gigalith|tox|[msg]
|-curestatus|p2: Quagsire|brn|[msg]
|
|-weather|Sandstorm|[upkeep]
|-heal|p1a: Gigalith|94/100|[from] item: Leftovers
|upkeep
|turn|38
|
|t:|1627265211
|switch|p2a: Sableye|Sableye, F|100/100
|move|p1a: Gigalith|Stealth Rock|p2a: Sableye
|-sidestart|p2: pult61a p|move: Stealth Rock
|
|-weather|Sandstorm|[upkeep]
|-damage|p2a: Sableye|94/100|[from] Sandstorm
|-heal|p2a: Sableye|100/100|[from] item: Leftovers
|-heal|p1a: Gigalith|100/100|[from] item: Leftovers
|upkeep
|turn|39
|
|t:|1627265223
|switch|p1a: Scrafty|Scrafty, M|77/100
|-damage|p1a: Scrafty|71/100|[from] Stealth Rock
|move|p2a: Sableye|Knock Off|p1a: Scrafty
|-resisted|p1a: Scrafty
|-damage|p1a: Scrafty|65/100
|-enditem|p1a: Scrafty|Leftovers|[from] move: Knock Off|[of] p2a: Sableye
|
|-weather|none
|upkeep
|turn|40
|
|t:|1627265233
|move|p1a: Scrafty|Knock Off|p2a: Sableye
|-damage|p2a: Sableye|70/100
|-enditem|p2a: Sableye|Leftovers|[from] move: Knock Off|[of] p1a: Scrafty
|move|p2a: Sableye|Knock Off|p1a: Scrafty
|-resisted|p1a: Scrafty
|-damage|p1a: Scrafty|62/100
|
|upkeep
|turn|41
|
|t:|1627265253
|switch|p1a: Poliwrath|Poliwrath, M|100/100
|-damage|p1a: Poliwrath|94/100|[from] Stealth Rock
|move|p2a: Sableye|Recover|p2a: Sableye
|-heal|p2a: Sableye|100/100
|
|upkeep
|turn|42
|
|t:|1627265259
|switch|p1a: Scrafty|Scrafty, M|62/100
|-damage|p1a: Scrafty|56/100|[from] Stealth Rock
|move|p2a: Sableye|Will-O-Wisp|p1a: Scrafty
|-hint|Since gen 7, Dark is immune to Prankster moves.
|-immune|p1a: Scrafty
|
|upkeep
|turn|43
|
|t:|1627265277
|switch|p2a: Clefairy|Clefairy, M|84/100
|move|p1a: Scrafty|Knock Off|p2a: Clefairy
|-resisted|p2a: Clefairy
|-damage|p2a: Clefairy|66/100
|
|upkeep
|turn|44
|
|t:|1627265287
|switch|p1a: Poliwrath|Poliwrath, M|94/100
|-damage|p1a: Poliwrath|88/100|[from] Stealth Rock
|move|p2a: Clefairy|Soft-Boiled|p2a: Clefairy
|-heal|p2a: Clefairy|100/100
|
|upkeep
|turn|45
|
|t:|1627265294
|switch|p2a: Sableye|Sableye, F|100/100
|-damage|p2a: Sableye|88/100|[from] Stealth Rock
|move|p1a: Poliwrath|Liquidation|p2a: Sableye
|-damage|p2a: Sableye|51/100
|
|upkeep
|turn|46
|
|t:|1627265306
|switch|p1a: Scrafty|Scrafty, M|56/100
|-damage|p1a: Scrafty|50/100|[from] Stealth Rock
|move|p2a: Sableye|Recover|p2a: Sableye
|-heal|p2a: Sableye|100/100
|
|upkeep
|turn|47
|
|t:|1627265313
|switch|p2a: Clefairy|Clefairy, M|100/100
|move|p1a: Scrafty|Bulk Up|p1a: Scrafty
|-boost|p1a: Scrafty|atk|1
|-boost|p1a: Scrafty|def|1
|
|upkeep
|turn|48
|
|t:|1627265323
|move|p1a: Scrafty|Drain Punch|p2a: Clefairy
|-resisted|p2a: Clefairy
|-damage|p2a: Clefairy|69/100
|-heal|p1a: Scrafty|66/100|[from] drain|[of] p2a: Clefairy
|move|p2a: Clefairy|Seismic Toss|p1a: Scrafty
|-damage|p1a: Scrafty|36/100
|
|upkeep
|turn|49
|
|t:|1627265330
|move|p1a: Scrafty|Drain Punch|p2a: Clefairy
|-resisted|p2a: Clefairy
|-damage|p2a: Clefairy|36/100
|-heal|p1a: Scrafty|53/100|[from] drain|[of] p2a: Clefairy
|move|p2a: Clefairy|Seismic Toss|p1a: Scrafty
|-damage|p1a: Scrafty|23/100
|
|upkeep
|turn|50
|
|t:|1627265337
|move|p1a: Scrafty|Rest|p1a: Scrafty
|-status|p1a: Scrafty|slp|[from] move: Rest
|-heal|p1a: Scrafty|100/100 slp|[silent]
|move|p2a: Clefairy|Soft-Boiled|p2a: Clefairy
|-heal|p2a: Clefairy|86/100
|
|upkeep
|turn|51
|
|t:|1627265341
|switch|p2a: Quagsire|Quagsire, M|44/100
|-damage|p2a: Quagsire|38/100|[from] Stealth Rock
|cant|p1a: Scrafty|slp
|
|-activate|p1a: Scrafty|ability: Shed Skin
|-curestatus|p1a: Scrafty|slp|[msg]
|upkeep
|turn|52
|
|t:|1627265354
|move|p1a: Scrafty|Knock Off|p2a: Quagsire
|-damage|p2a: Quagsire|23/100
|move|p2a: Quagsire|Recover|p2a: Quagsire
|-heal|p2a: Quagsire|73/100
|
|upkeep
|turn|53
|
|t:|1627265359
|move|p1a: Scrafty|Bulk Up|p1a: Scrafty
|-boost|p1a: Scrafty|atk|1
|-boost|p1a: Scrafty|def|1
|move|p2a: Quagsire|Recover|p2a: Quagsire
|-heal|p2a: Quagsire|100/100
|
|upkeep
|turn|54
|
|t:|1627265365
|move|p1a: Scrafty|Bulk Up|p1a: Scrafty
|-boost|p1a: Scrafty|atk|1
|-boost|p1a: Scrafty|def|1
|move|p2a: Quagsire|Scald|p1a: Scrafty
|-damage|p1a: Scrafty|89/100
|
|upkeep
|turn|55
|
|t:|1627265372
|move|p1a: Scrafty|Knock Off|p2a: Quagsire
|-damage|p2a: Quagsire|86/100
|move|p2a: Quagsire|Scald|p1a: Scrafty
|-damage|p1a: Scrafty|77/100
|-status|p1a: Scrafty|brn
|
|-damage|p1a: Scrafty|71/100 brn|[from] brn
|upkeep
|turn|56
|j| pelipper great
|
|t:|1627265385
|switch|p2a: Sableye|Sableye, F|100/100
|-damage|p2a: Sableye|88/100|[from] Stealth Rock
|move|p1a: Scrafty|Bulk Up|p1a: Scrafty
|-boost|p1a: Scrafty|atk|1
|-boost|p1a: Scrafty|def|1
|
|-activate|p1a: Scrafty|ability: Shed Skin
|-curestatus|p1a: Scrafty|brn|[msg]
|upkeep
|turn|57
|
|t:|1627265392
|move|p2a: Sableye|Recover|p2a: Sableye
|-heal|p2a: Sableye|100/100
|move|p1a: Scrafty|Knock Off|p2a: Sableye
|-damage|p2a: Sableye|42/100
|
|upkeep
|turn|58
|
|t:|1627265398
|move|p2a: Sableye|Recover|p2a: Sableye
|-heal|p2a: Sableye|92/100
|move|p1a: Scrafty|Bulk Up|p1a: Scrafty
|-boost|p1a: Scrafty|atk|1
|-boost|p1a: Scrafty|def|1
|
|upkeep
|turn|59
|
|t:|1627265400
|switch|p2a: Quagsire|Quagsire, M|86/100
|-damage|p2a: Quagsire|80/100|[from] Stealth Rock
|move|p1a: Scrafty|Bulk Up|p1a: Scrafty
|-boost|p1a: Scrafty|atk|1
|-boost|p1a: Scrafty|def|1
|
|upkeep
|turn|60
|
|t:|1627265403
|move|p1a: Scrafty|Rest|p1a: Scrafty
|-status|p1a: Scrafty|slp|[from] move: Rest
|-heal|p1a: Scrafty|100/100 slp|[silent]
|move|p2a: Quagsire|Scald|p1a: Scrafty
|-damage|p1a: Scrafty|89/100 slp
|
|upkeep
|turn|61
|
|t:|1627265410
|switch|p2a: Gigalith|Gigalith, F|94/100
|-damage|p2a: Gigalith|82/100|[from] Stealth Rock
|-weather|Sandstorm|[from] ability: Sand Stream|[of] p2a: Gigalith
|cant|p1a: Scrafty|slp
|
|-weather|Sandstorm|[upkeep]
|-damage|p1a: Scrafty|83/100 slp|[from] Sandstorm
|-heal|p2a: Gigalith|88/100|[from] item: Leftovers
|upkeep
|turn|62
|
|t:|1627265420
|cant|p1a: Scrafty|slp
|move|p2a: Gigalith|Earthquake|p1a: Scrafty
|-damage|p1a: Scrafty|75/100 slp
|
|-weather|Sandstorm|[upkeep]
|-damage|p1a: Scrafty|69/100 slp|[from] Sandstorm
|-heal|p2a: Gigalith|94/100|[from] item: Leftovers
|upkeep
|turn|63
|
|t:|1627265437
|switch|p1a: Lurantis|Lurantis, M|82/100 tox
|move|p2a: Gigalith|Protect||[still]
|-fail|p2a: Gigalith
|
|-weather|Sandstorm|[upkeep]
|-damage|p1a: Lurantis|76/100 tox|[from] Sandstorm
|-heal|p2a: Gigalith|100/100|[from] item: Leftovers
|-damage|p1a: Lurantis|70/100 tox|[from] psn
|upkeep
|turn|64
|
|t:|1627265448
|move|p2a: Gigalith|Protect|p2a: Gigalith
|-singleturn|p2a: Gigalith|Protect
|move|p1a: Lurantis|Knock Off|p2a: Gigalith
|-activate|p2a: Gigalith|move: Protect
|
|-weather|Sandstorm|[upkeep]
|-damage|p1a: Lurantis|64/100 tox|[from] Sandstorm
|-damage|p1a: Lurantis|52/100 tox|[from] psn
|upkeep
|turn|65
|
|t:|1627265452
|move|p1a: Lurantis|Leaf Storm|p2a: Gigalith
|-supereffective|p2a: Gigalith
|-damage|p2a: Gigalith|63/100
|-boost|p1a: Lurantis|spa|2
|move|p2a: Gigalith|Stone Edge|p1a: Lurantis
|-damage|p1a: Lurantis|13/100 tox
|
|-weather|none
|-heal|p2a: Gigalith|69/100|[from] item: Leftovers
|-damage|p1a: Lurantis|0 fnt|[from] psn
|faint|p1a: Lurantis
|upkeep
|
|t:|1627265465
|switch|p1a: Poliwrath|Poliwrath, M|88/100
|-damage|p1a: Poliwrath|82/100|[from] Stealth Rock
|turn|66
|
|t:|1627265470
|switch|p2a: Sableye|Sableye, F|92/100
|-damage|p2a: Sableye|80/100|[from] Stealth Rock
|move|p1a: Poliwrath|Liquidation|p2a: Sableye
|-damage|p2a: Sableye|39/100
|
|upkeep
|turn|67
|
|t:|1627265484
|switch|p1a: Charizard|Charizard, F|70/100
|move|p2a: Sableye|Recover|p2a: Sableye
|-heal|p2a: Sableye|89/100
|
|upkeep
|turn|68
|
|t:|1627265493
|switch|p2a: Gigalith|Gigalith, F|69/100
|-damage|p2a: Gigalith|57/100|[from] Stealth Rock
|-weather|Sandstorm|[from] ability: Sand Stream|[of] p2a: Gigalith
|move|p1a: Charizard|Hurricane|p2a: Gigalith
|-resisted|p2a: Gigalith
|-damage|p2a: Gigalith|44/100
|
|-weather|Sandstorm|[upkeep]
|-damage|p1a: Charizard|64/100|[from] Sandstorm
|-heal|p2a: Gigalith|50/100|[from] item: Leftovers
|upkeep
|turn|69
|
|t:|1627265502
|switch|p1a: Scrafty|Scrafty, M|69/100 slp
|-damage|p1a: Scrafty|63/100 slp|[from] Stealth Rock
|move|p2a: Gigalith|Earthquake|p1a: Scrafty
|-damage|p1a: Scrafty|36/100 slp
|
|-weather|Sandstorm|[upkeep]
|-damage|p1a: Scrafty|30/100 slp|[from] Sandstorm
|-heal|p2a: Gigalith|56/100|[from] item: Leftovers
|upkeep
|turn|70
|
|t:|1627265513
|move|p2a: Gigalith|Protect|p2a: Gigalith
|-singleturn|p2a: Gigalith|Protect
|-curestatus|p1a: Scrafty|slp|[msg]
|move|p1a: Scrafty|Rest|p1a: Scrafty
|-status|p1a: Scrafty|slp|[from] move: Rest
|-heal|p1a: Scrafty|100/100 slp|[silent]
|
|-weather|Sandstorm|[upkeep]
|-damage|p1a: Scrafty|95/100 slp|[from] Sandstorm
|-heal|p2a: Gigalith|62/100|[from] item: Leftovers
|upkeep
|turn|71
|
|t:|1627265519
|cant|p1a: Scrafty|slp
|move|p2a: Gigalith|Earthquake|p1a: Scrafty
|-damage|p1a: Scrafty|69/100 slp
|
|-weather|Sandstorm|[upkeep]
|-damage|p1a: Scrafty|63/100 slp|[from] Sandstorm
|-heal|p2a: Gigalith|68/100|[from] item: Leftovers
|upkeep
|turn|72
|
|t:|1627265522
|cant|p1a: Scrafty|slp
|move|p2a: Gigalith|Earthquake|p1a: Scrafty
|-damage|p1a: Scrafty|34/100 slp
|
|-weather|none
|-heal|p2a: Gigalith|74/100|[from] item: Leftovers
|upkeep
|turn|73
|
|t:|1627265530
|switch|p2a: Sableye|Sableye, F|89/100
|-damage|p2a: Sableye|76/100|[from] Stealth Rock
|-curestatus|p1a: Scrafty|slp|[msg]
|move|p1a: Scrafty|Bulk Up|p1a: Scrafty
|-boost|p1a: Scrafty|atk|1
|-boost|p1a: Scrafty|def|1
|
|upkeep
|turn|74
|
|t:|1627265538
|move|p1a: Scrafty|Rest|p1a: Scrafty
|-status|p1a: Scrafty|slp|[from] move: Rest
|-heal|p1a: Scrafty|100/100 slp|[silent]
|move|p2a: Sableye|Knock Off|p1a: Scrafty
|-resisted|p1a: Scrafty
|-damage|p1a: Scrafty|98/100 slp
|
|upkeep
|turn|75
|
|t:|1627265552
|switch|p2a: Weezing|Weezing, F|40/100
|-ability|p2a: Weezing|Neutralizing Gas
|-damage|p2a: Weezing|28/100|[from] Stealth Rock
|cant|p1a: Scrafty|slp
|
|upkeep
|turn|76
|
|t:|1627265557
|switch|p1a: Weezing|Weezing, F|52/100
|-ability|p1a: Weezing|Neutralizing Gas
|-damage|p1a: Weezing|40/100|[from] Stealth Rock
|move|p2a: Weezing|Pain Split|p1a: Weezing
|-sethp|p1a: Weezing|34/100|[from] move: Pain Split|[silent]
|-sethp|p2a: Weezing|34/100|[from] move: Pain Split
|
|-heal|p1a: Weezing|40/100|[from] item: Black Sludge
|upkeep
|turn|77
|
|t:|1627265569
|move|p1a: Weezing|Toxic Spikes|p2a: Weezing
|-sidestart|p2: pult61a p|move: Toxic Spikes
|move|p2a: Weezing|Flamethrower|p1a: Weezing
|-damage|p1a: Weezing|15/100
|
|-heal|p1a: Weezing|21/100|[from] item: Black Sludge
|upkeep
|turn|78
|
|t:|1627265585
|switch|p1a: Charizard|Charizard, F|64/100
|move|p2a: Weezing|Flamethrower|p1a: Charizard
|-resisted|p1a: Charizard
|-damage|p1a: Charizard|53/100
|
|upkeep
|turn|79
|
|t:|1627265603
|-end|p2a: Weezing|ability: Neutralizing Gas
|switch|p2a: Stunfisk|Stunfisk-Galar, F|100/100
|-damage|p2a: Stunfisk|97/100|[from] Stealth Rock
|move|p1a: Charizard|Flamethrower|p2a: Stunfisk
|-supereffective|p2a: Stunfisk
|-damage|p2a: Stunfisk|40/100
|
|-heal|p2a: Stunfisk|46/100|[from] item: Leftovers
|upkeep
|turn|80
|
|t:|1627265612
|move|p2a: Stunfisk|Protect|p2a: Stunfisk
|-singleturn|p2a: Stunfisk|Protect
|move|p1a: Charizard|Flamethrower|p2a: Stunfisk
|-activate|p2a: Stunfisk|move: Protect
|
|-heal|p2a: Stunfisk|52/100|[from] item: Leftovers
|upkeep
|turn|81
|
|t:|1627265616
|switch|p2a: Gigalith|Gigalith, F|74/100
|-damage|p2a: Gigalith|62/100|[from] Stealth Rock
|-status|p2a: Gigalith|psn
|-weather|Sandstorm|[from] ability: Sand Stream|[of] p2a: Gigalith
|move|p1a: Charizard|Flamethrower|p2a: Gigalith
|-resisted|p2a: Gigalith
|-damage|p2a: Gigalith|51/100 psn
|
|-weather|Sandstorm|[upkeep]
|-damage|p1a: Charizard|47/100|[from] Sandstorm
|-heal|p2a: Gigalith|57/100 psn|[from] item: Leftovers
|-damage|p2a: Gigalith|45/100 psn|[from] psn
|upkeep
|turn|82
|
|t:|1627265638
|switch|p1a: Scrafty|Scrafty, M|98/100 slp
|-damage|p1a: Scrafty|92/100 slp|[from] Stealth Rock
|move|p2a: Gigalith|Stone Edge|p1a: Scrafty|[miss]
|-miss|p2a: Gigalith|p1a: Scrafty
|
|-weather|Sandstorm|[upkeep]
|-damage|p1a: Scrafty|86/100 slp|[from] Sandstorm
|-activate|p1a: Scrafty|ability: Shed Skin
|-curestatus|p1a: Scrafty|slp|[msg]
|-heal|p2a: Gigalith|51/100 psn|[from] item: Leftovers
|-damage|p2a: Gigalith|39/100 psn|[from] psn
|upkeep
|turn|83
|
|t:|1627265653
|switch|p2a: Clefairy|Clefairy, M|86/100
|-status|p2a: Clefairy|psn
|move|p1a: Scrafty|Knock Off|p2a: Clefairy
|-resisted|p2a: Clefairy
|-damage|p2a: Clefairy|68/100 psn
|
|-weather|Sandstorm|[upkeep]
|-damage|p1a: Scrafty|80/100|[from] Sandstorm
|upkeep
|turn|84
|
|t:|1627265661
|move|p1a: Scrafty|Bulk Up|p1a: Scrafty
|-boost|p1a: Scrafty|atk|1
|-boost|p1a: Scrafty|def|1
|move|p2a: Clefairy|Heal Bell|p2a: Clefairy
|-activate|p2a: Clefairy|move: Heal Bell
|-curestatus|p2a: Clefairy|psn|[msg]
|-curestatus|p2: Gigalith|psn|[msg]
|
|-weather|Sandstorm|[upkeep]
|-damage|p1a: Scrafty|74/100|[from] Sandstorm
|upkeep
|turn|85
|
|t:|1627265671
|move|p1a: Scrafty|Knock Off|p2a: Clefairy
|-resisted|p2a: Clefairy
|-damage|p2a: Clefairy|44/100
|move|p2a: Clefairy|Soft-Boiled|p2a: Clefairy
|-heal|p2a: Clefairy|94/100
|
|-weather|none
|upkeep
|turn|86
|
|t:|1627265677
|move|p1a: Scrafty|Knock Off|p2a: Clefairy
|-resisted|p2a: Clefairy
|-damage|p2a: Clefairy|64/100
|move|p2a: Clefairy|Seismic Toss|p1a: Scrafty
|-damage|p1a: Scrafty|44/100
|
|upkeep
|turn|87
|
|t:|1627265681
|move|p1a: Scrafty|Bulk Up|p1a: Scrafty
|-boost|p1a: Scrafty|atk|1
|-boost|p1a: Scrafty|def|1
|move|p2a: Clefairy|Soft-Boiled|p2a: Clefairy
|-heal|p2a: Clefairy|100/100
|
|upkeep
|turn|88
|
|t:|1627265686
|move|p1a: Scrafty|Drain Punch|p2a: Clefairy
|-resisted|p2a: Clefairy
|-damage|p2a: Clefairy|60/100
|-heal|p1a: Scrafty|65/100|[from] drain|[of] p2a: Clefairy
|move|p2a: Clefairy|Seismic Toss|p1a: Scrafty
|-damage|p1a: Scrafty|35/100
|
|upkeep
|turn|89
|
|t:|1627265694
|move|p1a: Scrafty|Bulk Up|p1a: Scrafty
|-boost|p1a: Scrafty|atk|1
|-boost|p1a: Scrafty|def|1
|move|p2a: Clefairy|Soft-Boiled|p2a: Clefairy
|-heal|p2a: Clefairy|100/100
|
|upkeep
|turn|90
|
|t:|1627265697
|move|p1a: Scrafty|Drain Punch|p2a: Clefairy
|-resisted|p2a: Clefairy
|-damage|p2a: Clefairy|44/100
|-heal|p1a: Scrafty|64/100|[from] drain|[of] p2a: Clefairy
|move|p2a: Clefairy|Seismic Toss|p1a: Scrafty
|-damage|p1a: Scrafty|34/100
|
|upkeep
|turn|91
|
|t:|1627265704
|switch|p2a: Weezing|Weezing, F|34/100
|-ability|p2a: Weezing|Neutralizing Gas
|-damage|p2a: Weezing|22/100|[from] Stealth Rock
|-sideend|p2: pult61a p|move: Toxic Spikes|[of] p2a: Weezing
|move|p1a: Scrafty|Drain Punch|p2a: Weezing
|-resisted|p2a: Weezing
|-damage|p2a: Weezing|4/100
|-heal|p1a: Scrafty|43/100|[from] drain|[of] p2a: Weezing
|
|upkeep
|turn|92
|
|t:|1627265716
|move|p2a: Weezing|Pain Split|p1a: Scrafty
|-sethp|p1a: Scrafty|24/100|[from] move: Pain Split|[silent]
|-sethp|p2a: Weezing|24/100|[from] move: Pain Split
|move|p1a: Scrafty|Knock Off|p2a: Weezing
|-damage|p2a: Weezing|0 fnt
|faint|p2a: Weezing
|-end|p2a: Weezing|ability: Neutralizing Gas
|
|upkeep
|
|t:|1627265723
|switch|p2a: Quagsire|Quagsire, M|80/100
|-damage|p2a: Quagsire|74/100|[from] Stealth Rock
|turn|93
|
|t:|1627265728
|move|p1a: Scrafty|Rest|p1a: Scrafty
|-status|p1a: Scrafty|slp|[from] move: Rest
|-heal|p1a: Scrafty|100/100 slp|[silent]
|move|p2a: Quagsire|Recover|p2a: Quagsire
|-heal|p2a: Quagsire|100/100
|
|-activate|p1a: Scrafty|ability: Shed Skin
|-curestatus|p1a: Scrafty|slp|[msg]
|upkeep
|turn|94
|
|t:|1627265741
|move|p1a: Scrafty|Bulk Up|p1a: Scrafty
|-boost|p1a: Scrafty|atk|1
|-boost|p1a: Scrafty|def|1
|move|p2a: Quagsire|Scald|p1a: Scrafty
|-damage|p1a: Scrafty|89/100
|
|upkeep
|turn|95
|
|t:|1627265746
|move|p1a: Scrafty|Bulk Up|p1a: Scrafty
|-boost|p1a: Scrafty|atk|1
|-boost|p1a: Scrafty|def|1
|move|p2a: Quagsire|Earthquake|p1a: Scrafty
|-damage|p1a: Scrafty|63/100
|
|upkeep
|turn|96
|
|t:|1627265752
|move|p1a: Scrafty|Rest|p1a: Scrafty
|-status|p1a: Scrafty|slp|[from] move: Rest
|-heal|p1a: Scrafty|100/100 slp|[silent]
|move|p2a: Quagsire|Earthquake|p1a: Scrafty
|-damage|p1a: Scrafty|71/100 slp
|
|upkeep
|turn|97
|
|t:|1627265758
|switch|p2a: Gigalith|Gigalith, F|39/100
|-damage|p2a: Gigalith|26/100|[from] Stealth Rock
|-weather|Sandstorm|[from] ability: Sand Stream|[of] p2a: Gigalith
|cant|p1a: Scrafty|slp
|
|-weather|Sandstorm|[upkeep]
|-damage|p1a: Scrafty|65/100 slp|[from] Sandstorm
|-activate|p1a: Scrafty|ability: Shed Skin
|-curestatus|p1a: Scrafty|slp|[msg]
|-heal|p2a: Gigalith|33/100|[from] item: Leftovers
|upkeep
|turn|98
|
|t:|1627265769
|move|p2a: Gigalith|Protect|p2a: Gigalith
|-singleturn|p2a: Gigalith|Protect
|move|p1a: Scrafty|Bulk Up|p1a: Scrafty
|-boost|p1a: Scrafty|atk|1
|-boost|p1a: Scrafty|def|1
|
|-weather|Sandstorm|[upkeep]
|-damage|p1a: Scrafty|59/100|[from] Sandstorm
|-heal|p2a: Gigalith|39/100|[from] item: Leftovers
|upkeep
|turn|99
|
|t:|1627265777
|switch|p2a: Quagsire|Quagsire, M|100/100
|-damage|p2a: Quagsire|94/100|[from] Stealth Rock
|move|p1a: Scrafty|Drain Punch|p2a: Quagsire
|-damage|p2a: Quagsire|79/100
|-heal|p1a: Scrafty|68/100|[from] drain|[of] p2a: Quagsire
|
|-weather|Sandstorm|[upkeep]
|-damage|p1a: Scrafty|62/100|[from] Sandstorm
|upkeep
|turn|100
|
|t:|1627265802
|move|p1a: Scrafty|Rest|p1a: Scrafty
|-status|p1a: Scrafty|slp|[from] move: Rest
|-heal|p1a: Scrafty|100/100 slp|[silent]
|move|p2a: Quagsire|Earthquake|p1a: Scrafty
|-damage|p1a: Scrafty|74/100 slp
|
|-weather|Sandstorm|[upkeep]
|-damage|p1a: Scrafty|68/100 slp|[from] Sandstorm
|upkeep
|turn|101
|j| tlenit
|inactive|sugar ovens has 120 seconds left.
|
|t:|1627265822
|switch|p2a: Clefairy|Clefairy, M|44/100
|cant|p1a: Scrafty|slp
|
|-weather|none
|upkeep
|turn|102
|
|t:|1627265827
|switch|p1a: Gigalith|Gigalith, M|100/100
|-damage|p1a: Gigalith|88/100|[from] Stealth Rock
|-weather|Sandstorm|[from] ability: Sand Stream|[of] p1a: Gigalith
|move|p2a: Clefairy|Soft-Boiled|p2a: Clefairy
|-heal|p2a: Clefairy|94/100
|
|-weather|Sandstorm|[upkeep]
|-heal|p1a: Gigalith|94/100|[from] item: Leftovers
|upkeep
|turn|103
|inactive|sugar ovens has 120 seconds left.
|
|t:|1627265850
|switch|p2a: Quagsire|Quagsire, M|79/100
|-damage|p2a: Quagsire|73/100|[from] Stealth Rock
|switch|p1a: Charizard|Charizard, F|47/100
|
|-weather|Sandstorm|[upkeep]
|-damage|p1a: Charizard|41/100|[from] Sandstorm
|upkeep
|turn|104
|inactive|sugar ovens has 90 seconds left.
|inactive|pult61a p has 120 seconds left.
|
|t:|1627265898
|switch|p1a: Gigalith|Gigalith, M|94/100
|-damage|p1a: Gigalith|82/100|[from] Stealth Rock
|switch|p2a: Stunfisk|Stunfisk-Galar, F|52/100
|-damage|p2a: Stunfisk|49/100|[from] Stealth Rock
|
|-weather|Sandstorm|[upkeep]
|-heal|p2a: Stunfisk|55/100|[from] item: Leftovers
|-heal|p1a: Gigalith|88/100|[from] item: Leftovers
|upkeep
|turn|105
|
|t:|1627265906
|switch|p1a: Poliwrath|Poliwrath, M|82/100
|-damage|p1a: Poliwrath|76/100|[from] Stealth Rock
|move|p2a: Stunfisk|Earthquake|p1a: Poliwrath
|-crit|p1a: Poliwrath
|-damage|p1a: Poliwrath|31/100
|
|-weather|Sandstorm|[upkeep]
|-damage|p1a: Poliwrath|24/100|[from] Sandstorm
|-heal|p2a: Stunfisk|62/100|[from] item: Leftovers
|upkeep
|turn|106
|
|t:|1627265914
|move|p2a: Stunfisk|Protect|p2a: Stunfisk
|-singleturn|p2a: Stunfisk|Protect
|move|p1a: Poliwrath|Liquidation|p2a: Stunfisk
|-activate|p2a: Stunfisk|move: Protect
|
|-weather|none
|-heal|p2a: Stunfisk|68/100|[from] item: Leftovers
|upkeep
|turn|107
|
|t:|1627265919
|switch|p2a: Sableye|Sableye, F|76/100
|-damage|p2a: Sableye|64/100|[from] Stealth Rock
|move|p1a: Poliwrath|Liquidation|p2a: Sableye
|-damage|p2a: Sableye|28/100
|
|upkeep
|turn|108
|
|t:|1627265938
|move|p2a: Sableye|Recover|p2a: Sableye
|-heal|p2a: Sableye|78/100
|move|p1a: Poliwrath|Liquidation|p2a: Sableye
|-damage|p2a: Sableye|37/100
|
|upkeep
|turn|109
|
|t:|1627265944
|switch|p1a: Scrafty|Scrafty, M|68/100 slp
|-damage|p1a: Scrafty|62/100 slp|[from] Stealth Rock
|move|p2a: Sableye|Recover|p2a: Sableye
|-heal|p2a: Sableye|87/100
|
|upkeep
|turn|110
|inactive|sugar ovens has 60 seconds left.
|
|t:|1627265966
|switch|p2a: Gigalith|Gigalith, F|39/100
|-damage|p2a: Gigalith|26/100|[from] Stealth Rock
|-weather|Sandstorm|[from] ability: Sand Stream|[of] p2a: Gigalith
|cant|p1a: Scrafty|slp
|
|-weather|Sandstorm|[upkeep]
|-damage|p1a: Scrafty|56/100 slp|[from] Sandstorm
|-heal|p2a: Gigalith|33/100|[from] item: Leftovers
|upkeep
|turn|111
|
|t:|1627265980
|switch|p1a: Poliwrath|Poliwrath, M|24/100
|-damage|p1a: Poliwrath|18/100|[from] Stealth Rock
|move|p2a: Gigalith|Protect||[still]
|-fail|p2a: Gigalith
|
|-weather|Sandstorm|[upkeep]
|-damage|p1a: Poliwrath|12/100|[from] Sandstorm
|-heal|p2a: Gigalith|39/100|[from] item: Leftovers
|upkeep
|turn|112
|
|t:|1627265986
|move|p2a: Gigalith|Protect|p2a: Gigalith
|-singleturn|p2a: Gigalith|Protect
|move|p1a: Poliwrath|Liquidation|p2a: Gigalith
|-activate|p2a: Gigalith|move: Protect
|
|-weather|Sandstorm|[upkeep]
|-damage|p1a: Poliwrath|6/100|[from] Sandstorm
|-heal|p2a: Gigalith|45/100|[from] item: Leftovers
|upkeep
|turn|113
|
|t:|1627265992
|switch|p1a: Scrafty|Scrafty, M|56/100 slp
|-damage|p1a: Scrafty|50/100 slp|[from] Stealth Rock
|switch|p2a: Sableye|Sableye, F|87/100
|-damage|p2a: Sableye|74/100|[from] Stealth Rock
|
|-weather|Sandstorm|[upkeep]
|-damage|p1a: Scrafty|45/100 slp|[from] Sandstorm
|-damage|p2a: Sableye|68/100|[from] Sandstorm
|upkeep
|turn|114
|
|t:|1627266004
|move|p2a: Sableye|Recover|p2a: Sableye
|-heal|p2a: Sableye|100/100
|-curestatus|p1a: Scrafty|slp|[msg]
|move|p1a: Scrafty|Rest|p1a: Scrafty
|-status|p1a: Scrafty|slp|[from] move: Rest
|-heal|p1a: Scrafty|100/100 slp|[silent]
|
|-weather|none
|-activate|p1a: Scrafty|ability: Shed Skin
|-curestatus|p1a: Scrafty|slp|[msg]
|upkeep
|turn|115
|
|t:|1627266018
|switch|p2a: Clefairy|Clefairy, M|94/100
|move|p1a: Scrafty|Bulk Up|p1a: Scrafty
|-boost|p1a: Scrafty|atk|1
|-boost|p1a: Scrafty|def|1
|
|upkeep
|turn|116
|
|t:|1627266022
|switch|p1a: Poliwrath|Poliwrath, M|6/100
|-damage|p1a: Poliwrath|0 fnt|[from] Stealth Rock
|faint|p1a: Poliwrath
|move|p2a: Clefairy|Seismic Toss|p1: Poliwrath|[notarget]
|-fail|p2a: Clefairy
|
|upkeep
|
|t:|1627266025
|switch|p1a: Weezing|Weezing, F|21/100
|-ability|p1a: Weezing|Neutralizing Gas
|-damage|p1a: Weezing|8/100|[from] Stealth Rock
|turn|117
|inactive|sugar ovens has 60 seconds left.
|
|t:|1627266032
|move|p1a: Weezing|Pain Split|p2a: Clefairy
|-sethp|p2a: Clefairy|51/100|[from] move: Pain Split|[silent]
|-sethp|p1a: Weezing|53/100|[from] move: Pain Split
|move|p2a: Clefairy|Seismic Toss|p1a: Weezing
|-damage|p1a: Weezing|23/100
|
|-heal|p1a: Weezing|29/100|[from] item: Black Sludge
|upkeep
|turn|118
|inactive|sugar ovens has 60 seconds left.
|inactive|sugar ovens has 30 seconds left.
|inactive|sugar ovens has 20 seconds left.
|inactive|sugar ovens has 15 seconds left.
|inactive|sugar ovens has 10 seconds left.
|inactive|sugar ovens has 5 seconds left.
|
|t:|1627266092
|switch|p2a: Quagsire|Quagsire, M|73/100
|-damage|p2a: Quagsire|67/100|[from] Stealth Rock
|move|p1a: Weezing|Pain Split|p2a: Quagsire
|-sethp|p2a: Quagsire|46/100|[from] move: Pain Split|[silent]
|-sethp|p1a: Weezing|54/100|[from] move: Pain Split
|
|-heal|p1a: Weezing|60/100|[from] item: Black Sludge
|upkeep
|turn|119
|inactive|sugar ovens has 10 seconds left this turn.
|
|t:|1627266096
|move|p1a: Weezing|Toxic Spikes|p2a: Quagsire
|-sidestart|p2: pult61a p|move: Toxic Spikes
|move|p2a: Quagsire|Recover|p2a: Quagsire
|-heal|p2a: Quagsire|96/100
|
|-heal|p1a: Weezing|66/100|[from] item: Black Sludge
|upkeep
|turn|120
|inactive|sugar ovens has 15 seconds left this turn.
|
|t:|1627266100
|move|p1a: Weezing|Toxic Spikes|p2a: Quagsire
|-sidestart|p2: pult61a p|move: Toxic Spikes
|move|p2a: Quagsire|Earthquake|p1a: Weezing
|-supereffective|p1a: Weezing
|-damage|p1a: Weezing|22/100
|
|-heal|p1a: Weezing|28/100|[from] item: Black Sludge
|upkeep
|turn|121
|inactive|sugar ovens has 20 seconds left this turn.
|
|t:|1627266104
|move|p1a: Weezing|Pain Split|p2a: Quagsire
|-sethp|p2a: Quagsire|60/100|[from] move: Pain Split|[silent]
|-sethp|p1a: Weezing|70/100|[from] move: Pain Split
|move|p2a: Quagsire|Earthquake|p1a: Weezing
|-supereffective|p1a: Weezing
|-damage|p1a: Weezing|29/100
|
|-heal|p1a: Weezing|35/100|[from] item: Black Sludge
|upkeep
|turn|122
|inactive|sugar ovens has 25 seconds left this turn.
|
|t:|1627266109
|move|p1a: Weezing|Pain Split|p2a: Quagsire
|-sethp|p2a: Quagsire|45/100|[from] move: Pain Split|[silent]
|-sethp|p1a: Weezing|53/100|[from] move: Pain Split
|move|p2a: Quagsire|Scald|p1a: Weezing
|-damage|p1a: Weezing|27/100
|
|-heal|p1a: Weezing|33/100|[from] item: Black Sludge
|upkeep
|turn|123
|inactive|sugar ovens has 30 seconds left this turn.
|
|t:|1627266113
|-end|p1a: Weezing|ability: Neutralizing Gas
|switch|p1a: Scrafty|Scrafty, M|100/100
|-damage|p1a: Scrafty|95/100|[from] Stealth Rock
|move|p2a: Quagsire|Scald|p1a: Scrafty
|-damage|p1a: Scrafty|83/100
|-status|p1a: Scrafty|brn
|
|-damage|p1a: Scrafty|77/100 brn|[from] brn
|upkeep
|turn|124
|
|t:|1627266116
|move|p1a: Scrafty|Bulk Up|p1a: Scrafty
|-boost|p1a: Scrafty|atk|1
|-boost|p1a: Scrafty|def|1
|move|p2a: Quagsire|Recover|p2a: Quagsire
|-heal|p2a: Quagsire|95/100
|
|-damage|p1a: Scrafty|71/100 brn|[from] brn
|upkeep
|turn|125
|
|t:|1627266125
|move|p1a: Scrafty|Bulk Up|p1a: Scrafty
|-boost|p1a: Scrafty|atk|1
|-boost|p1a: Scrafty|def|1
|move|p2a: Quagsire|Scald|p1a: Scrafty
|-damage|p1a: Scrafty|60/100 brn
|
|-damage|p1a: Scrafty|54/100 brn|[from] brn
|upkeep
|turn|126
|
|t:|1627266132
|move|p1a: Scrafty|Rest|p1a: Scrafty
|-status|p1a: Scrafty|slp|[from] move: Rest
|-heal|p1a: Scrafty|100/100 slp|[silent]
|move|p2a: Quagsire|Toxic||[still]
|-fail|p2a: Quagsire
|
|-activate|p1a: Scrafty|ability: Shed Skin
|-curestatus|p1a: Scrafty|slp|[msg]
|upkeep
|turn|127
|
|t:|1627266142
|move|p1a: Scrafty|Bulk Up|p1a: Scrafty
|-boost|p1a: Scrafty|atk|1
|-boost|p1a: Scrafty|def|1
|move|p2a: Quagsire|Earthquake|p1a: Scrafty
|-damage|p1a: Scrafty|71/100
|
|upkeep
|turn|128
|
|t:|1627266149
|switch|p1a: Gigalith|Gigalith, M|88/100
|-damage|p1a: Gigalith|76/100|[from] Stealth Rock
|-weather|Sandstorm|[from] ability: Sand Stream|[of] p1a: Gigalith
|move|p2a: Quagsire|Earthquake|p1a: Gigalith
|-supereffective|p1a: Gigalith
|-damage|p1a: Gigalith|30/100
|
|-weather|Sandstorm|[upkeep]
|-heal|p1a: Gigalith|36/100|[from] item: Leftovers
|upkeep
|turn|129
|
|t:|1627266154
|move|p1a: Gigalith|Protect|p1a: Gigalith
|-singleturn|p1a: Gigalith|Protect
|move|p2a: Quagsire|Earthquake|p1a: Gigalith
|-activate|p1a: Gigalith|move: Protect
|
|-weather|Sandstorm|[upkeep]
|-heal|p1a: Gigalith|43/100|[from] item: Leftovers
|upkeep
|turn|130
|
|t:|1627266164
|move|p2a: Quagsire|Scald|p1a: Gigalith
|-supereffective|p1a: Gigalith
|-damage|p1a: Gigalith|24/100
|move|p1a: Gigalith|Toxic|p2a: Quagsire
|-status|p2a: Quagsire|tox
|
|-weather|Sandstorm|[upkeep]
|-heal|p1a: Gigalith|31/100|[from] item: Leftovers
|-damage|p2a: Quagsire|89/100 tox|[from] psn
|upkeep
|turn|131
|
|t:|1627266169
|move|p1a: Gigalith|Protect|p1a: Gigalith
|-singleturn|p1a: Gigalith|Protect
|move|p2a: Quagsire|Recover|p2a: Quagsire
|-heal|p2a: Quagsire|100/100 tox
|
|-weather|Sandstorm|[upkeep]
|-heal|p1a: Gigalith|37/100|[from] item: Leftovers
|-damage|p2a: Quagsire|88/100 tox|[from] psn
|upkeep
|turn|132
|
|t:|1627266175
|switch|p1a: Scrafty|Scrafty, M|71/100
|-damage|p1a: Scrafty|65/100|[from] Stealth Rock
|move|p2a: Quagsire|Earthquake|p1a: Scrafty
|-damage|p1a: Scrafty|36/100
|
|-weather|none
|-damage|p2a: Quagsire|70/100 tox|[from] psn
|upkeep
|turn|133
|
|t:|1627266184
|switch|p2a: Clefairy|Clefairy, M|51/100
|-status|p2a: Clefairy|tox
|move|p1a: Scrafty|Rest|p1a: Scrafty
|-status|p1a: Scrafty|slp|[from] move: Rest
|-heal|p1a: Scrafty|100/100 slp|[silent]
|
|upkeep
|turn|134
|
|t:|1627266187
|cant|p1a: Scrafty|slp
|move|p2a: Clefairy|Seismic Toss|p1a: Scrafty
|-damage|p1a: Scrafty|71/100 slp
|
|upkeep
|turn|135
|
|t:|1627266192
|cant|p1a: Scrafty|slp
|move|p2a: Clefairy|Seismic Toss|p1a: Scrafty
|-damage|p1a: Scrafty|41/100 slp
|
|upkeep
|turn|136
|
|t:|1627266198
|-curestatus|p1a: Scrafty|slp|[msg]
|move|p1a: Scrafty|Bulk Up|p1a: Scrafty
|-boost|p1a: Scrafty|atk|1
|-boost|p1a: Scrafty|def|1
|move|p2a: Clefairy|Seismic Toss|p1a: Scrafty
|-damage|p1a: Scrafty|11/100
|
|upkeep
|turn|137
|
|t:|1627266202
|move|p1a: Scrafty|Rest|p1a: Scrafty
|-status|p1a: Scrafty|slp|[from] move: Rest
|-heal|p1a: Scrafty|100/100 slp|[silent]
|move|p2a: Clefairy|Heal Bell|p2a: Clefairy
|-activate|p2a: Clefairy|move: Heal Bell
|-curestatus|p2a: Clefairy|tox|[msg]
|-curestatus|p2: Quagsire|tox|[msg]
|
|upkeep
|turn|138
|j| mlt7b1 cem
|
|t:|1627266206
|cant|p1a: Scrafty|slp
|move|p2a: Clefairy|Soft-Boiled|p2a: Clefairy
|-heal|p2a: Clefairy|100/100
|
|-activate|p1a: Scrafty|ability: Shed Skin
|-curestatus|p1a: Scrafty|slp|[msg]
|upkeep
|turn|139
|
|t:|1627266219
|move|p1a: Scrafty|Bulk Up|p1a: Scrafty
|-boost|p1a: Scrafty|atk|1
|-boost|p1a: Scrafty|def|1
|move|p2a: Clefairy|Seismic Toss|p1a: Scrafty
|-damage|p1a: Scrafty|71/100
|
|upkeep
|turn|140
|
|t:|1627266222
|move|p1a: Scrafty|Bulk Up|p1a: Scrafty
|-boost|p1a: Scrafty|atk|1
|-boost|p1a: Scrafty|def|1
|move|p2a: Clefairy|Seismic Toss|p1a: Scrafty
|-damage|p1a: Scrafty|41/100
|
|upkeep
|turn|141
|
|t:|1627266224
|switch|p2a: Sableye|Sableye, F|100/100
|-damage|p2a: Sableye|88/100|[from] Stealth Rock
|-status|p2a: Sableye|tox
|move|p1a: Scrafty|Drain Punch|p2a: Sableye
|-immune|p2a: Sableye
|
|-damage|p2a: Sableye|82/100 tox|[from] psn
|upkeep
|turn|142
|
|t:|1627266231
|move|p1a: Scrafty|Knock Off|p2a: Sableye
|-damage|p2a: Sableye|32/100 tox
|move|p2a: Sableye|Knock Off|p1a: Scrafty
|-resisted|p1a: Scrafty
|-damage|p1a: Scrafty|39/100
|
|-damage|p2a: Sableye|20/100 tox|[from] psn
|upkeep
|turn|143
|
|t:|1627266238
|move|p2a: Sableye|Recover|p2a: Sableye
|-heal|p2a: Sableye|70/100 tox
|move|p1a: Scrafty|Knock Off|p2a: Sableye
|-damage|p2a: Sableye|17/100 tox
|
|-damage|p2a: Sableye|0 fnt|[from] psn
|faint|p2a: Sableye
|upkeep
|
|t:|1627266241
|switch|p2a: Quagsire|Quagsire, M|70/100
|-damage|p2a: Quagsire|64/100|[from] Stealth Rock
|-status|p2a: Quagsire|tox
|turn|144
|
|t:|1627266245
|move|p1a: Scrafty|Bulk Up|p1a: Scrafty
|-boost|p1a: Scrafty|atk|1
|-boost|p1a: Scrafty|def|1
|move|p2a: Quagsire|Earthquake|p1a: Scrafty
|-damage|p1a: Scrafty|12/100
|
|-damage|p2a: Quagsire|58/100 tox|[from] psn
|upkeep
|turn|145
|
|t:|1627266248
|move|p1a: Scrafty|Rest|p1a: Scrafty
|-status|p1a: Scrafty|slp|[from] move: Rest
|-heal|p1a: Scrafty|100/100 slp|[silent]
|move|p2a: Quagsire|Recover|p2a: Quagsire
|-heal|p2a: Quagsire|100/100 tox
|
|-damage|p2a: Quagsire|88/100 tox|[from] psn
|upkeep
|turn|146
|
|t:|1627266255
|cant|p1a: Scrafty|slp
|move|p2a: Quagsire|Earthquake|p1a: Scrafty
|-damage|p1a: Scrafty|71/100 slp
|
|-damage|p2a: Quagsire|70/100 tox|[from] psn
|upkeep
|turn|147
|
|t:|1627266257
|cant|p1a: Scrafty|slp
|move|p2a: Quagsire|Earthquake|p1a: Scrafty
|-damage|p1a: Scrafty|44/100 slp
|
|-activate|p1a: Scrafty|ability: Shed Skin
|-curestatus|p1a: Scrafty|slp|[msg]
|-damage|p2a: Quagsire|46/100 tox|[from] psn
|upkeep
|turn|148
|j| pult61a Zip
|
|t:|1627266265
|switch|p2a: Clefairy|Clefairy, M|100/100
|-status|p2a: Clefairy|tox
|move|p1a: Scrafty|Knock Off|p2a: Clefairy
|-resisted|p2a: Clefairy
|-crit|p2a: Clefairy
|-damage|p2a: Clefairy|22/100 tox
|
|upkeep
|turn|149
|
|t:|1627266275
|switch|p2a: Quagsire|Quagsire, M|46/100 tox
|-damage|p2a: Quagsire|40/100 tox|[from] Stealth Rock
|move|p1a: Scrafty|Drain Punch|p2a: Quagsire
|-damage|p2a: Quagsire|24/100 tox
|-heal|p1a: Scrafty|53/100|[from] drain|[of] p2a: Quagsire
|
|-damage|p2a: Quagsire|18/100 tox|[from] psn
|upkeep
|turn|150
|
|t:|1627266284
|move|p1a: Scrafty|Drain Punch|p2a: Quagsire
|-damage|p2a: Quagsire|2/100 tox
|-heal|p1a: Scrafty|62/100|[from] drain|[of] p2a: Quagsire
|move|p2a: Quagsire|Recover|p2a: Quagsire
|-heal|p2a: Quagsire|52/100 tox
|
|-damage|p2a: Quagsire|40/100 tox|[from] psn
|upkeep
|turn|151
|
|t:|1627266289
|move|p1a: Scrafty|Bulk Up|p1a: Scrafty
|-boost|p1a: Scrafty|atk|1
|-boost|p1a: Scrafty|def|1
|move|p2a: Quagsire|Recover|p2a: Quagsire
|-heal|p2a: Quagsire|90/100 tox
|
|-damage|p2a: Quagsire|71/100 tox|[from] psn
|upkeep
|turn|152
|
|t:|1627266293
|switch|p2a: Clefairy|Clefairy, M|22/100 tox
|move|p1a: Scrafty|Bulk Up|p1a: Scrafty
|-boost|p1a: Scrafty|atk|1
|-boost|p1a: Scrafty|def|1
|
|upkeep
|turn|153
|
|t:|1627266296
|switch|p2a: Quagsire|Quagsire, M|71/100 tox
|-damage|p2a: Quagsire|65/100 tox|[from] Stealth Rock
|move|p1a: Scrafty|Knock Off|p2a: Quagsire
|-damage|p2a: Quagsire|50/100 tox
|
|-damage|p2a: Quagsire|44/100 tox|[from] psn
|upkeep
|turn|154
|
|t:|1627266304
|move|p1a: Scrafty|Bulk Up|p1a: Scrafty
|-boost|p1a: Scrafty|atk|0
|-boost|p1a: Scrafty|def|0
|move|p2a: Quagsire|Recover|p2a: Quagsire
|-heal|p2a: Quagsire|94/100 tox
|
|-damage|p2a: Quagsire|82/100 tox|[from] psn
|upkeep
|turn|155
|
|t:|1627266311
|move|p1a: Scrafty|Bulk Up|p1a: Scrafty
|-boost|p1a: Scrafty|atk|0
|-boost|p1a: Scrafty|def|0
|move|p2a: Quagsire|Earthquake|p1a: Scrafty
|-damage|p1a: Scrafty|35/100
|
|-damage|p2a: Quagsire|64/100 tox|[from] psn
|upkeep
|turn|156
|
|t:|1627266318
|move|p1a: Scrafty|Rest|p1a: Scrafty
|-status|p1a: Scrafty|slp|[from] move: Rest
|-heal|p1a: Scrafty|100/100 slp|[silent]
|move|p2a: Quagsire|Earthquake|p1a: Scrafty
|-damage|p1a: Scrafty|75/100 slp
|
|-damage|p2a: Quagsire|40/100 tox|[from] psn
|upkeep
|turn|157
|
|t:|1627266321
|switch|p2a: Clefairy|Clefairy, M|22/100 tox
|cant|p1a: Scrafty|slp
|
|upkeep
|turn|158
|
|t:|1627266325
|cant|p1a: Scrafty|slp
|move|p2a: Clefairy|Soft-Boiled|p2a: Clefairy
|-heal|p2a: Clefairy|72/100 tox
|
|upkeep
|turn|159
|
|t:|1627266331
|-curestatus|p1a: Scrafty|slp|[msg]
|move|p1a: Scrafty|Drain Punch|p2a: Clefairy
|-resisted|p2a: Clefairy
|-damage|p2a: Clefairy|0 fnt
|-heal|p1a: Scrafty|100/100|[from] drain|[of] p2a: Clefairy
|faint|p2a: Clefairy
|
|upkeep
|
|t:|1627266334
|switch|p2a: Quagsire|Quagsire, M|40/100 tox
|-damage|p2a: Quagsire|33/100 tox|[from] Stealth Rock
|turn|160
|j| CDNThe3rd
|inactive|pult61a p has 120 seconds left.
|inactive|pult61a p has 90 seconds left.
|
|t:|1627266401
|move|p1a: Scrafty|Bulk Up|p1a: Scrafty
|-boost|p1a: Scrafty|atk|0
|-boost|p1a: Scrafty|def|0
|move|p2a: Quagsire|Recover|p2a: Quagsire
|-heal|p2a: Quagsire|83/100 tox
|
|-damage|p2a: Quagsire|77/100 tox|[from] psn
|upkeep
|turn|161
|inactive|pult61a p has 60 seconds left.
|
|t:|1627266432
|move|p1a: Scrafty|Knock Off|p2a: Quagsire
|-damage|p2a: Quagsire|62/100 tox
|move|p2a: Quagsire|Recover|p2a: Quagsire
|-heal|p2a: Quagsire|100/100 tox
|
|-damage|p2a: Quagsire|88/100 tox|[from] psn
|upkeep
|turn|162
|inactive|pult61a p has 60 seconds left.
|l| mlt7b1 cem
|j| MLT7B1 stan izone
|l| pult61a Zip
|inactive|pult61a p has 30 seconds left.
|inactive|pult61a p has 20 seconds left.
|inactive|pult61a p has 15 seconds left.
|inactive|pult61a p has 10 seconds left.
|inactive|pult61a p has 5 seconds left.
|
|t:|1627266495
|switch|p2a: Gigalith|Gigalith, F|45/100
|-damage|p2a: Gigalith|33/100|[from] Stealth Rock
|-status|p2a: Gigalith|tox
|-weather|Sandstorm|[from] ability: Sand Stream|[of] p2a: Gigalith
|move|p1a: Scrafty|Bulk Up|p1a: Scrafty
|-boost|p1a: Scrafty|atk|0
|-boost|p1a: Scrafty|def|0
|
|-weather|Sandstorm|[upkeep]
|-damage|p1a: Scrafty|95/100|[from] Sandstorm
|-heal|p2a: Gigalith|39/100 tox|[from] item: Leftovers
|-damage|p2a: Gigalith|33/100 tox|[from] psn
|upkeep
|turn|163
|inactive|pult61a p has 10 seconds left this turn.
|j| pult61a Zip
|
|t:|1627266500
|move|p2a: Gigalith|Protect|p2a: Gigalith
|-singleturn|p2a: Gigalith|Protect
|move|p1a: Scrafty|Knock Off|p2a: Gigalith
|-activate|p2a: Gigalith|move: Protect
|
|-weather|Sandstorm|[upkeep]
|-damage|p1a: Scrafty|89/100|[from] Sandstorm
|-heal|p2a: Gigalith|39/100 tox|[from] item: Leftovers
|-damage|p2a: Gigalith|26/100 tox|[from] psn
|upkeep
|turn|164
|inactive|pult61a p has 15 seconds left this turn.
|
|t:|1627266506
|switch|p2a: Quagsire|Quagsire, M|88/100 tox
|-damage|p2a: Quagsire|82/100 tox|[from] Stealth Rock
|move|p1a: Scrafty|Bulk Up|p1a: Scrafty
|-boost|p1a: Scrafty|atk|0
|-boost|p1a: Scrafty|def|0
|
|-weather|Sandstorm|[upkeep]
|-damage|p1a: Scrafty|83/100|[from] Sandstorm
|-damage|p2a: Quagsire|76/100 tox|[from] psn
|upkeep
|turn|165
|inactive|pult61a p has 20 seconds left this turn.
|
|t:|1627266511
|move|p1a: Scrafty|Bulk Up|p1a: Scrafty
|-boost|p1a: Scrafty|atk|0
|-boost|p1a: Scrafty|def|0
|move|p2a: Quagsire|Earthquake|p1a: Scrafty
|-damage|p1a: Scrafty|56/100
|
|-weather|Sandstorm|[upkeep]
|-damage|p1a: Scrafty|50/100|[from] Sandstorm
|-damage|p2a: Quagsire|64/100 tox|[from] psn
|upkeep
|turn|166
|inactive|pult61a p has 25 seconds left this turn.
|
|t:|1627266522
|move|p1a: Scrafty|Knock Off|p2a: Quagsire
|-damage|p2a: Quagsire|49/100 tox
|move|p2a: Quagsire|Recover|p2a: Quagsire
|-heal|p2a: Quagsire|99/100 tox
|
|-weather|none
|-damage|p2a: Quagsire|81/100 tox|[from] psn
|upkeep
|turn|167
|inactive|pult61a p has 30 seconds left this turn.
|
|t:|1627266528
|move|p1a: Scrafty|Knock Off|p2a: Quagsire
|-damage|p2a: Quagsire|68/100 tox
|move|p2a: Quagsire|Scald|p1a: Scrafty
|-damage|p1a: Scrafty|39/100
|
|-damage|p2a: Quagsire|43/100 tox|[from] psn
|upkeep
|turn|168
|
|t:|1627266534
|move|p1a: Scrafty|Knock Off|p2a: Quagsire
|-damage|p2a: Quagsire|28/100 tox
|move|p2a: Quagsire|Recover|p2a: Quagsire
|-heal|p2a: Quagsire|78/100 tox
|
|-damage|p2a: Quagsire|47/100 tox|[from] psn
|upkeep
|turn|169
|
|t:|1627266541
|switch|p2a: Gigalith|Gigalith, F|26/100 tox
|-damage|p2a: Gigalith|14/100 tox|[from] Stealth Rock
|-weather|Sandstorm|[from] ability: Sand Stream|[of] p2a: Gigalith
|move|p1a: Scrafty|Drain Punch|p2a: Gigalith
|-supereffective|p2a: Gigalith
|-damage|p2a: Gigalith|0 fnt
|-heal|p1a: Scrafty|47/100|[from] drain|[of] p2a: Gigalith
|faint|p2a: Gigalith
|
|-weather|Sandstorm|[upkeep]
|-damage|p1a: Scrafty|41/100|[from] Sandstorm
|upkeep
|
|t:|1627266542
|switch|p2a: Quagsire|Quagsire, M|47/100 tox
|-damage|p2a: Quagsire|41/100 tox|[from] Stealth Rock
|turn|170
|
|t:|1627266546
|move|p1a: Scrafty|Rest|p1a: Scrafty
|-status|p1a: Scrafty|slp|[from] move: Rest
|-heal|p1a: Scrafty|100/100 slp|[silent]
|move|p2a: Quagsire|Earthquake|p1a: Scrafty
|-damage|p1a: Scrafty|73/100 slp
|
|-weather|Sandstorm|[upkeep]
|-damage|p1a: Scrafty|67/100 slp|[from] Sandstorm
|-activate|p1a: Scrafty|ability: Shed Skin
|-curestatus|p1a: Scrafty|slp|[msg]
|-damage|p2a: Quagsire|35/100 tox|[from] psn
|upkeep
|turn|171
|
|t:|1627266558
|move|p1a: Scrafty|Knock Off|p2a: Quagsire
|-damage|p2a: Quagsire|20/100 tox
|move|p2a: Quagsire|Recover|p2a: Quagsire
|-heal|p2a: Quagsire|70/100 tox
|
|-weather|Sandstorm|[upkeep]
|-damage|p1a: Scrafty|61/100|[from] Sandstorm
|-damage|p2a: Quagsire|58/100 tox|[from] psn
|upkeep
|turn|172
|j| ASKOV
|inactive|pult61a p has 30 seconds left.
|
|t:|1627266591
|move|p1a: Scrafty|Drain Punch|p2a: Quagsire
|-damage|p2a: Quagsire|42/100 tox
|-heal|p1a: Scrafty|70/100|[from] drain|[of] p2a: Quagsire
|move|p2a: Quagsire|Scald|p1a: Scrafty
|-damage|p1a: Scrafty|59/100
|
|-weather|Sandstorm|[upkeep]
|-damage|p1a: Scrafty|53/100|[from] Sandstorm
|-damage|p2a: Quagsire|24/100 tox|[from] psn
|upkeep
|turn|173
|inactive|pult61a p has 30 seconds left this turn.
|
|t:|1627266601
|move|p1a: Scrafty|Drain Punch|p2a: Quagsire
|-damage|p2a: Quagsire|6/100 tox
|-heal|p1a: Scrafty|63/100|[from] drain|[of] p2a: Quagsire
|move|p2a: Quagsire|Recover|p2a: Quagsire
|-heal|p2a: Quagsire|56/100 tox
|
|-weather|none
|-damage|p2a: Quagsire|31/100 tox|[from] psn
|upkeep
|turn|174
|inactive|pult61a p has 30 seconds left this turn.
|
|t:|1627266609
|move|p1a: Scrafty|Drain Punch|p2a: Quagsire
|-damage|p2a: Quagsire|15/100 tox
|-heal|p1a: Scrafty|73/100|[from] drain|[of] p2a: Quagsire
|move|p2a: Quagsire|Scald|p1a: Scrafty
|-damage|p1a: Scrafty|61/100
|
|-damage|p2a: Quagsire|0 fnt|[from] psn
|faint|p2a: Quagsire
|upkeep
|inactive|pult61a p has 30 seconds left this turn.
|
|t:|1627266612
|switch|p2a: Stunfisk|Stunfisk-Galar, F|68/100
|-damage|p2a: Stunfisk|65/100|[from] Stealth Rock
|turn|175
|inactive|pult61a p has 30 seconds left.
|
|t:|1627266618
|move|p1a: Scrafty|Knock Off|p2a: Stunfisk
|-damage|p2a: Stunfisk|0 fnt
|-enditem|p2a: Stunfisk|Leftovers|[from] move: Knock Off|[of] p1a: Scrafty
|faint|p2a: Stunfisk
|
|win|sugar ovens
|raw|sugar ovens's rating: 1349 &rarr; <strong>1383</strong><br />(+34 for winning)
|raw|pult61a p's rating: 1648 &rarr; <strong>1614</strong><br />(-34 for losing)
|l|☆pult61a p
|c|☆sugar ovens|gg.
|l|☆sugar ovens
