|j|☆Mastervolg
|j|☆sassy ylay
|t:|1644877078
|gametype|singles
|player|p1|Mastervolg|iris-gen5bw2|1204
|player|p2|sassy ylay|clown|1489
|teamsize|p1|6
|teamsize|p2|6
|gen|8
|tier|[Gen 8] PU
|rated|
|rule|Sleep Clause Mod: Limit one foe put to sleep
|rule|Species Clause: Limit one of each Pokémon
|rule|OHKO Clause: OHKO moves are banned
|rule|Evasion Moves Clause: Evasion moves are banned
|rule|Endless Battle Clause: Forcing endless battles is banned
|rule|HP Percentage Mod: HP is shown in percentages
|rule|Dynamax Clause: You cannot dynamax
|clearpoke
|poke|p1|Ferroseed, M|
|poke|p1|Articuno-Galar|
|poke|p1|Lanturn, M|
|poke|p1|Whimsicott, M|
|poke|p1|Hitmontop, M|
|poke|p1|Centiskorch, M|
|poke|p2|Espeon, F|
|poke|p2|Scyther, M|
|poke|p2|Morpeko, F|
|poke|p2|Weezing, M|
|poke|p2|Wishiwashi, M|
|poke|p2|Mawile, M|
|teampreview
|inactive|Battle timer is ON: inactive players will automatically lose when time's up. (requested by Mastervolg)
|inactive|sassy ylay has 120 seconds left.
|
|t:|1644877160
|start
|switch|p1a: Lanturn|Lanturn, M|100/100
|switch|p2a: Scyther|Scyther, M|100/100
|turn|1
|inactive|Mastervolg has 120 seconds left.
|
|t:|1644877191
|move|p2a: Scyther|U-turn|p1a: Lanturn
|-damage|p1a: Lanturn|47/100
|
|t:|1644877195
|switch|p2a: Espeon|Espeon, F|100/100|[from]move: U-turn
|move|p1a: Lanturn|Volt Switch|p2a: Espeon
|-damage|p2a: Espeon|78/100
|
|t:|1644877203
|switch|p1a: Centiskorch|Centiskorch, M|100/100|[from]move: Volt Switch
|
|-heal|p2a: Espeon|84/100|[from] item: Leftovers
|upkeep
|turn|2
|
|t:|1644877210
|switch|p2a: Wishiwashi|Wishiwashi, M|100/100
|-formechange|p2a: Wishiwashi|Wishiwashi-School||[from] ability: Schooling
|move|p1a: Centiskorch|Knock Off|p2a: Wishiwashi
|-damage|p2a: Wishiwashi|71/100
|-enditem|p2a: Wishiwashi|Leftovers|[from] move: Knock Off|[of] p1a: Centiskorch
|
|upkeep
|turn|3
|
|t:|1644877217
|switch|p1a: Lanturn|Lanturn, M|47/100
|switch|p2a: Mawile|Mawile, M|100/100
|-ability|p2a: Mawile|Intimidate|boost
|-unboost|p1a: Lanturn|atk|1
|
|-heal|p1a: Lanturn|53/100|[from] item: Leftovers
|upkeep
|turn|4
|
|t:|1644877231
|move|p1a: Lanturn|Scald|p2a: Mawile
|-damage|p2a: Mawile|71/100
|-status|p2a: Mawile|brn
|move|p2a: Mawile|Stealth Rock|p1a: Lanturn
|-sidestart|p1: Mastervolg|move: Stealth Rock
|
|-heal|p1a: Lanturn|59/100|[from] item: Leftovers
|-heal|p2a: Mawile|77/100 brn|[from] item: Leftovers
|-damage|p2a: Mawile|71/100 brn|[from] brn
|upkeep
|turn|5
|
|t:|1644877242
|switch|p2a: Wishiwashi|Wishiwashi, M|71/100
|-formechange|p2a: Wishiwashi|Wishiwashi-School||[from] ability: Schooling
|move|p1a: Lanturn|Scald|p2a: Wishiwashi
|-resisted|p2a: Wishiwashi
|-damage|p2a: Wishiwashi|63/100
|-status|p2a: Wishiwashi|brn
|
|-heal|p1a: Lanturn|65/100|[from] item: Leftovers
|-damage|p2a: Wishiwashi|57/100 brn|[from] brn
|upkeep
|turn|6
|
|t:|1644877249
|move|p1a: Lanturn|Volt Switch|p2a: Wishiwashi
|-supereffective|p2a: Wishiwashi
|-damage|p2a: Wishiwashi|32/100 brn
|
|t:|1644877257
|switch|p1a: Hitmontop|Hitmontop, M|100/100|[from]move: Volt Switch
|-damage|p1a: Hitmontop|95/100|[from] Stealth Rock
|move|p2a: Wishiwashi|Rest|p2a: Wishiwashi
|-status|p2a: Wishiwashi|slp|[from] move: Rest
|-heal|p2a: Wishiwashi|100/100 slp|[silent]
|
|upkeep
|turn|7
|
|t:|1644877265
|switch|p2a: Weezing|Weezing, M|100/100
|-ability|p2a: Weezing|Neutralizing Gas
|move|p1a: Hitmontop|Rapid Spin|p2a: Weezing
|-damage|p2a: Weezing|91/100
|-boost|p1a: Hitmontop|spe|1
|-sideend|p1: Mastervolg|Stealth Rock|[from] move: Rapid Spin|[of] p1a: Hitmontop
|
|-heal|p2a: Weezing|97/100|[from] item: Black Sludge
|upkeep
|turn|8
|
|t:|1644877283
|switch|p1a: Lanturn|Lanturn, M|65/100
|move|p2a: Weezing|Toxic Spikes|p1a: Lanturn
|-sidestart|p1: Mastervolg|move: Toxic Spikes
|
|-heal|p1a: Lanturn|72/100|[from] item: Leftovers
|-heal|p2a: Weezing|100/100|[from] item: Black Sludge
|upkeep
|turn|9
|
|t:|1644877290
|-end|p2a: Weezing|ability: Neutralizing Gas
|switch|p2a: Wishiwashi|Wishiwashi, M|100/100 slp
|-formechange|p2a: Wishiwashi|Wishiwashi-School||[from] ability: Schooling
|move|p1a: Lanturn|Scald|p2a: Wishiwashi
|-resisted|p2a: Wishiwashi
|-damage|p2a: Wishiwashi|92/100 slp
|
|-heal|p1a: Lanturn|78/100|[from] item: Leftovers
|upkeep
|turn|10
|
|t:|1644877296
|move|p1a: Lanturn|Volt Switch|p2a: Wishiwashi
|-supereffective|p2a: Wishiwashi
|-damage|p2a: Wishiwashi|64/100 slp
|j| 47474747474O
|
|t:|1644877317
|switch|p1a: Ferroseed|Ferroseed, M, shiny|100/100|[from]move: Volt Switch
|cant|p2a: Wishiwashi|slp
|move|p2a: Wishiwashi|Sleep Talk|p2a: Wishiwashi
|move|p2a: Wishiwashi|Rest||[from]move: Sleep Talk|[still]
|-fail|p2a: Wishiwashi
|
|upkeep
|turn|11
|
|t:|1644877321
|switch|p2a: Espeon|Espeon, F|84/100
|move|p1a: Ferroseed|Stealth Rock|p2a: Espeon
|move|p2a: Espeon|Stealth Rock|p1a: Ferroseed|[from]ability: Magic Bounce
|-sidestart|p1: Mastervolg|move: Stealth Rock
|
|-heal|p2a: Espeon|90/100|[from] item: Leftovers
|upkeep
|turn|12
|
|t:|1644877331
|move|p2a: Espeon|Reflect|p2a: Espeon
|-sidestart|p2: sassy ylay|Reflect
|move|p1a: Ferroseed|Gyro Ball|p2a: Espeon
|-damage|p2a: Espeon|75/100
|
|-heal|p2a: Espeon|81/100|[from] item: Leftovers
|upkeep
|turn|13
|
|t:|1644877347
|switch|p1a: Lanturn|Lanturn, M|78/100
|-status|p1a: Lanturn|psn
|-damage|p1a: Lanturn|65/100 psn|[from] Stealth Rock
|move|p2a: Espeon|Wish|p2a: Espeon
|
|-heal|p2a: Espeon|87/100|[from] item: Leftovers
|-heal|p1a: Lanturn|72/100 psn|[from] item: Leftovers
|-damage|p1a: Lanturn|59/100 psn|[from] psn
|upkeep
|turn|14
|
|t:|1644877371
|switch|p2a: Wishiwashi|Wishiwashi, M|64/100 slp
|-formechange|p2a: Wishiwashi|Wishiwashi-School||[from] ability: Schooling
|move|p1a: Lanturn|Scald|p2a: Wishiwashi
|-resisted|p2a: Wishiwashi
|-damage|p2a: Wishiwashi|57/100 slp
|
|-heal|p2a: Wishiwashi|100/100 slp|[from] move: Wish|[wisher] Espeon
|-heal|p1a: Lanturn|65/100 psn|[from] item: Leftovers
|-damage|p1a: Lanturn|53/100 psn|[from] psn
|upkeep
|turn|15
|
|t:|1644877382
|move|p1a: Lanturn|Volt Switch|p2a: Wishiwashi
|-supereffective|p2a: Wishiwashi
|-damage|p2a: Wishiwashi|75/100 slp
|
|t:|1644877385
|switch|p1a: Hitmontop|Hitmontop, M|95/100|[from]move: Volt Switch
|-damage|p1a: Hitmontop|89/100|[from] Stealth Rock
|-status|p1a: Hitmontop|psn
|cant|p2a: Wishiwashi|slp
|move|p2a: Wishiwashi|Sleep Talk|p2a: Wishiwashi
|move|p2a: Wishiwashi|U-turn|p1a: Hitmontop|[from]move: Sleep Talk
|-resisted|p1a: Hitmontop
|-damage|p1a: Hitmontop|74/100 psn
|
|t:|1644877388
|switch|p2a: Scyther|Scyther, M|100/100|[from]move: U-turn
|
|-damage|p1a: Hitmontop|62/100 psn|[from] psn
|upkeep
|turn|16
|
|t:|1644877394
|switch|p1a: Ferroseed|Ferroseed, M, shiny|100/100
|-damage|p1a: Ferroseed|94/100|[from] Stealth Rock
|move|p2a: Scyther|Dual Wingbeat|p1a: Ferroseed
|-damage|p1a: Ferroseed|69/100
|-damage|p2a: Scyther|88/100|[from] ability: Iron Barbs|[of] p1a: Ferroseed
|-damage|p1a: Ferroseed|45/100
|-damage|p2a: Scyther|76/100|[from] ability: Iron Barbs|[of] p1a: Ferroseed
|-hitcount|p1a: Ferroseed|2
|
|-sideend|p2: sassy ylay|Reflect
|upkeep
|turn|17
|
|t:|1644877404
|move|p2a: Scyther|Dual Wingbeat|p1a: Ferroseed
|-damage|p1a: Ferroseed|22/100
|-damage|p2a: Scyther|63/100|[from] ability: Iron Barbs|[of] p1a: Ferroseed
|-damage|p1a: Ferroseed|0 fnt
|-damage|p2a: Scyther|51/100|[from] ability: Iron Barbs|[of] p1a: Ferroseed
|faint|p1a: Ferroseed
|-hitcount|p1: Ferroseed|2
|
|upkeep
|inactive|Mastervolg has 120 seconds left.
|
|t:|1644877441
|switch|p1a: Articuno|Articuno-Galar|100/100
|-damage|p1a: Articuno|76/100|[from] Stealth Rock
|turn|18
|
|t:|1644877450
|switch|p2a: Wishiwashi|Wishiwashi, M|75/100 slp
|-formechange|p2a: Wishiwashi|Wishiwashi-School||[from] ability: Schooling
|move|p1a: Articuno|Air Slash|p2a: Wishiwashi
|-damage|p2a: Wishiwashi|36/100 slp
|
|upkeep
|turn|19
|
|t:|1644877457
|switch|p2a: Morpeko|Morpeko, F|100/100
|move|p1a: Articuno|Air Slash|p2a: Morpeko
|-resisted|p2a: Morpeko
|-damage|p2a: Morpeko|43/100
|
|-formechange|p2a: Morpeko|Morpeko-Hangry||[from] ability: Hunger Switch
|upkeep
|turn|20
|inactive|Mastervolg has 120 seconds left.
|
|t:|1644877476
|switch|p1a: Whimsicott|Whimsicott, M|100/100
|-status|p1a: Whimsicott|psn
|-damage|p1a: Whimsicott|88/100 psn|[from] Stealth Rock
|move|p2a: Morpeko|Aura Wheel|p1a: Whimsicott
|-resisted|p1a: Whimsicott
|-damage|p1a: Whimsicott|44/100 psn
|-boost|p2a: Morpeko|spe|1
|-damage|p2a: Morpeko|33/100|[from] item: Life Orb
|
|-damage|p1a: Whimsicott|32/100 psn|[from] psn
|-formechange|p2a: Morpeko|Morpeko||[from] ability: Hunger Switch
|upkeep
|turn|21
|inactive|Mastervolg has 120 seconds left.
|
|t:|1644877491
|move|p2a: Morpeko|Aura Wheel|p1a: Whimsicott
|-resisted|p1a: Whimsicott
|-damage|p1a: Whimsicott|0 fnt
|-boost|p2a: Morpeko|spe|1
|faint|p1a: Whimsicott
|-damage|p2a: Morpeko|23/100|[from] item: Life Orb
|
|-formechange|p2a: Morpeko|Morpeko-Hangry||[from] ability: Hunger Switch
|upkeep
|inactive|Mastervolg has 120 seconds left.
|
|t:|1644877503
|switch|p1a: Hitmontop|Hitmontop, M|62/100 psn
|-damage|p1a: Hitmontop|56/100 psn|[from] Stealth Rock
|turn|22
|inactive|Mastervolg has 120 seconds left.
|
|t:|1644877515
|switch|p2a: Weezing|Weezing, M|100/100
|-ability|p2a: Weezing|Neutralizing Gas
|move|p1a: Hitmontop|Mach Punch|p2a: Weezing
|-resisted|p2a: Weezing
|-damage|p2a: Weezing|94/100
|
|-heal|p2a: Weezing|99/100|[from] item: Black Sludge
|-damage|p1a: Hitmontop|44/100 psn|[from] psn
|upkeep
|turn|23
|
|t:|1644877520
|move|p1a: Hitmontop|Rapid Spin|p2a: Weezing
|-damage|p2a: Weezing|89/100
|-boost|p1a: Hitmontop|spe|1
|-sideend|p1: Mastervolg|Toxic Spikes|[from] move: Rapid Spin|[of] p1a: Hitmontop
|-sideend|p1: Mastervolg|Stealth Rock|[from] move: Rapid Spin|[of] p1a: Hitmontop
|move|p2a: Weezing|Sludge Bomb|p1a: Hitmontop
|-damage|p1a: Hitmontop|23/100 psn
|
|-heal|p2a: Weezing|95/100|[from] item: Black Sludge
|-damage|p1a: Hitmontop|11/100 psn|[from] psn
|upkeep
|turn|24
|
|t:|1644877530
|switch|p1a: Articuno|Articuno-Galar|76/100
|move|p2a: Weezing|Toxic Spikes|p1a: Articuno
|-sidestart|p1: Mastervolg|move: Toxic Spikes
|
|-heal|p2a: Weezing|100/100|[from] item: Black Sludge
|upkeep
|turn|25
|
|t:|1644877546
|-end|p2a: Weezing|ability: Neutralizing Gas
|switch|p2a: Wishiwashi|Wishiwashi, M|36/100 slp
|-formechange|p2a: Wishiwashi|Wishiwashi-School||[from] ability: Schooling
|move|p1a: Articuno|Freezing Glare|p2a: Wishiwashi
|-damage|p2a: Wishiwashi|0 fnt
|faint|p2a: Wishiwashi
|
|upkeep
|
|t:|1644877549
|switch|p2a: Morpeko|Morpeko, F|23/100
|turn|26
|
|t:|1644877555
|switch|p1a: Centiskorch|Centiskorch, M|100/100
|move|p2a: Morpeko|Crunch|p1a: Centiskorch
|-damage|p1a: Centiskorch|37/100
|-damage|p2a: Morpeko|13/100|[from] item: Life Orb
|
|-formechange|p2a: Morpeko|Morpeko-Hangry||[from] ability: Hunger Switch
|upkeep
|turn|27
|
|t:|1644877564
|move|p2a: Morpeko|Aura Wheel|p1a: Centiskorch
|-crit|p1a: Centiskorch
|-damage|p1a: Centiskorch|0 fnt
|-boost|p2a: Morpeko|spe|1
|faint|p1a: Centiskorch
|-damage|p2a: Morpeko|4/100|[from] item: Life Orb
|
|-formechange|p2a: Morpeko|Morpeko||[from] ability: Hunger Switch
|upkeep
|
|t:|1644877570
|switch|p1a: Hitmontop|Hitmontop, M|11/100 psn
|turn|28
|
|t:|1644877575
|switch|p2a: Espeon|Espeon, F|87/100
|move|p1a: Hitmontop|Mach Punch|p2a: Espeon
|-resisted|p2a: Espeon
|-damage|p2a: Espeon|74/100
|
|-heal|p2a: Espeon|80/100|[from] item: Leftovers
|-damage|p1a: Hitmontop|0 fnt|[from] psn
|faint|p1a: Hitmontop
|upkeep
|
|t:|1644877580
|switch|p1a: Lanturn|Lanturn, M|53/100 psn
|turn|29
|
|t:|1644877587
|move|p2a: Espeon|Psychic|p1a: Lanturn
|-damage|p1a: Lanturn|24/100 psn
|move|p1a: Lanturn|Scald|p2a: Espeon
|-damage|p2a: Espeon|54/100
|-status|p2a: Espeon|brn
|
|-heal|p2a: Espeon|60/100 brn|[from] item: Leftovers
|-heal|p1a: Lanturn|31/100 psn|[from] item: Leftovers
|-damage|p1a: Lanturn|18/100 psn|[from] psn
|-damage|p2a: Espeon|54/100 brn|[from] brn
|upkeep
|turn|30
|
|t:|1644877600
|move|p2a: Espeon|Psychic|p1a: Lanturn
|-damage|p1a: Lanturn|0 fnt
|faint|p1a: Lanturn
|
|-heal|p2a: Espeon|60/100 brn|[from] item: Leftovers
|-damage|p2a: Espeon|54/100 brn|[from] brn
|upkeep
|
|t:|1644877603
|switch|p1a: Articuno|Articuno-Galar|76/100
|turn|31
|
|t:|1644877606
|move|p1a: Articuno|Shadow Ball|p2a: Espeon
|-supereffective|p2a: Espeon
|-damage|p2a: Espeon|0 fnt
|faint|p2a: Espeon
|
|upkeep
|
|t:|1644877610
|switch|p2a: Scyther|Scyther, M|51/100
|turn|32
|
|t:|1644877612
|move|p2a: Scyther|Knock Off|p1a: Articuno
|-supereffective|p1a: Articuno
|-damage|p1a: Articuno|0 fnt
|-enditem|p1a: Articuno|Choice Specs|[from] move: Knock Off|[of] p2a: Scyther
|faint|p1a: Articuno
|
|win|sassy ylay
|raw|Mastervolg's rating: 1204 &rarr; <strong>1196</strong><br />(-8 for losing)
|raw|sassy ylay's rating: 1489 &rarr; <strong>1495</strong><br />(+6 for winning)
|c|☆sassy ylay|gg
