|j|☆Vy8
|j|‽PULT83c yovan
|t:|1628340102
|gametype|singles
|player|p1|Vy8|blackbelt-gen4dp|1482
|player|p2|PULT83c yovan|ghetsis|1541
|teamsize|p1|6
|teamsize|p2|6
|gen|8
|tier|[Gen 8] PU
|rated|
|rule|Sleep Clause Mod: Limit one foe put to sleep
|rule|Species Clause: Limit one of each Pokémon
|rule|OHKO Clause: OHKO moves are banned
|rule|Evasion Moves Clause: Evasion moves are banned
|rule|Endless Battle Clause: Forcing endless battles is banned
|rule|HP Percentage Mod: HP is shown in percentages
|rule|Dynamax Clause: You cannot dynamax
|clearpoke
|poke|p1|Mesprit|
|poke|p1|Togedemaru, M|
|poke|p1|Sandaconda, F|
|poke|p1|Charizard, F|
|poke|p1|Aromatisse, F|
|poke|p1|Grapploct, F|
|poke|p2|Articuno|
|poke|p2|Silvally-*|
|poke|p2|Altaria, M|
|poke|p2|Pyukumuku, M|
|poke|p2|Ditto|
|poke|p2|Miltank, F|
|teampreview
|j| HotChiliPelippers
|inactive|Battle timer is ON: inactive players will automatically lose when time's up. (requested by PULT83c yovan)
|
|t:|1628340126
|start
|switch|p1a: Togedemaru|Togedemaru, M|100/100
|switch|p2a: Ditto|Ditto|100/100
|-transform|p2a: Ditto|p1a: Togedemaru|[from] ability: Imposter
|turn|1
|
|t:|1628340135
|switch|p2a: Miltank|Miltank, F|100/100
|move|p1a: Togedemaru|U-turn|p2a: Miltank
|-damage|p2a: Miltank|89/100
|-damage|p1a: Togedemaru|84/100|[from] item: Rocky Helmet|[of] p2a: Miltank
|
|t:|1628340140
|switch|p1a: Grapploct|Grapploct, F|100/100|[from]move: U-turn
|
|upkeep
|turn|2
|
|t:|1628340147
|switch|p2a: Pyukumuku|Pyukumuku, M|100/100
|move|p1a: Grapploct|Octolock|p2a: Pyukumuku
|-start|p2a: Pyukumuku|move: Octolock|[of] p1a: Grapploct
|
|-unboost|p2a: Pyukumuku|def|1
|-unboost|p2a: Pyukumuku|spd|1
|upkeep
|turn|3
|
|t:|1628340152
|move|p1a: Grapploct|Octolock||[still]
|-fail|p1a: Grapploct
|move|p2a: Pyukumuku|Toxic|p1a: Grapploct
|-status|p1a: Grapploct|tox
|
|-damage|p1a: Grapploct|94/100 tox|[from] psn
|-unboost|p2a: Pyukumuku|def|1
|-unboost|p2a: Pyukumuku|spd|1
|upkeep
|turn|4
|
|t:|1628340163
|switch|p2a: Silvally|Silvally-Ground|100/100
|move|p1a: Grapploct|Bulk Up|p1a: Grapploct
|-boost|p1a: Grapploct|atk|1
|-boost|p1a: Grapploct|def|1
|
|-damage|p1a: Grapploct|82/100 tox|[from] psn
|upkeep
|turn|5
|j| Meujeuh
|
|t:|1628340170
|switch|p2a: Pyukumuku|Pyukumuku, M|100/100
|move|p1a: Grapploct|Drain Punch|p2a: Pyukumuku
|-damage|p2a: Pyukumuku|79/100
|-heal|p1a: Grapploct|92/100 tox|[from] drain|[of] p2a: Pyukumuku
|
|-damage|p1a: Grapploct|74/100 tox|[from] psn
|upkeep
|turn|6
|
|t:|1628340181
|switch|p1a: Mesprit|Mesprit|100/100
|move|p2a: Pyukumuku|Toxic|p1a: Mesprit
|-status|p1a: Mesprit|tox
|
|-damage|p1a: Mesprit|94/100 tox|[from] psn
|upkeep
|turn|7
|
|t:|1628340186
|switch|p2a: Articuno|Articuno|100/100
|-ability|p2a: Articuno|Pressure
|move|p1a: Mesprit|Knock Off|p2a: Articuno
|-damage|p2a: Articuno|79/100
|-enditem|p2a: Articuno|Heavy-Duty Boots|[from] move: Knock Off|[of] p1a: Mesprit
|
|-damage|p1a: Mesprit|82/100 tox|[from] psn
|upkeep
|turn|8
|
|t:|1628340190
|switch|p1a: Aromatisse|Aromatisse, F|100/100
|move|p2a: Articuno|Freeze-Dry|p1a: Aromatisse
|-damage|p1a: Aromatisse|79/100
|
|-heal|p1a: Aromatisse|85/100|[from] item: Leftovers
|upkeep
|turn|9
|
|t:|1628340195
|switch|p2a: Miltank|Miltank, F|89/100
|move|p1a: Aromatisse|Aromatherapy|p1a: Aromatisse
|-activate|p1a: Aromatisse|move: Aromatherapy
|-curestatus|p1: Grapploct|tox|[msg]
|-curestatus|p1: Mesprit|tox|[msg]
|
|-heal|p1a: Aromatisse|91/100|[from] item: Leftovers
|upkeep
|turn|10
|
|t:|1628340199
|move|p2a: Miltank|Stealth Rock|p1a: Aromatisse
|-sidestart|p1: Vy8|move: Stealth Rock
|move|p1a: Aromatisse|Wish|p1a: Aromatisse
|
|-heal|p1a: Aromatisse|97/100|[from] item: Leftovers
|upkeep
|turn|11
|
|t:|1628340205
|switch|p1a: Sandaconda|Sandaconda, F|100/100
|-damage|p1a: Sandaconda|94/100|[from] Stealth Rock
|move|p2a: Miltank|Toxic|p1a: Sandaconda
|-status|p1a: Sandaconda|tox
|
|-heal|p1a: Sandaconda|100/100 tox|[from] move: Wish|[wisher] Aromatisse
|-activate|p1a: Sandaconda|ability: Shed Skin
|-curestatus|p1a: Sandaconda|tox|[msg]
|upkeep
|turn|12
|
|t:|1628340211
|switch|p2a: Ditto|Ditto|100/100
|-transform|p2a: Ditto|p1a: Sandaconda|[from] ability: Imposter
|move|p1a: Sandaconda|Stealth Rock|p2a: Ditto
|-sidestart|p2: PULT83c yovan|move: Stealth Rock
|
|upkeep
|turn|13
|
|t:|1628340228
|switch|p2a: Silvally|Silvally-Ground|100/100
|-damage|p2a: Silvally|94/100|[from] Stealth Rock
|move|p1a: Sandaconda|Earthquake|p2a: Silvally
|-damage|p2a: Silvally|59/100
|
|upkeep
|turn|14
|
|t:|1628340232
|move|p2a: Silvally|Defog|p1a: Sandaconda
|-unboost|p1a: Sandaconda|evasion|1
|-sideend|p1: Vy8|Stealth Rock|[from] move: Defog|[of] p2a: Silvally
|-sideend|p2: PULT83c yovan|Stealth Rock|[from] move: Defog|[of] p2a: Silvally
|move|p1a: Sandaconda|Earthquake|p2a: Silvally
|-damage|p2a: Silvally|27/100
|
|upkeep
|turn|15
|
|t:|1628340237
|move|p2a: Silvally|Rest|p2a: Silvally
|-status|p2a: Silvally|slp|[from] move: Rest
|-heal|p2a: Silvally|100/100 slp|[silent]
|move|p1a: Sandaconda|Stealth Rock|p2a: Silvally
|-sidestart|p2: PULT83c yovan|move: Stealth Rock
|
|upkeep
|turn|16
|
|t:|1628340244
|cant|p2a: Silvally|slp
|move|p1a: Sandaconda|Earthquake|p2a: Silvally
|-damage|p2a: Silvally|68/100 slp
|
|upkeep
|turn|17
|
|t:|1628340252
|cant|p2a: Silvally|slp
|move|p1a: Sandaconda|Earthquake|p2a: Silvally
|-damage|p2a: Silvally|32/100 slp
|
|upkeep
|turn|18
|
|t:|1628340260
|switch|p1a: Mesprit|Mesprit|82/100
|-curestatus|p2a: Silvally|slp|[msg]
|move|p2a: Silvally|Rest|p2a: Silvally
|-status|p2a: Silvally|slp|[from] move: Rest
|-heal|p2a: Silvally|100/100 slp|[silent]
|
|upkeep
|turn|19
|
|t:|1628340272
|move|p1a: Mesprit|Nasty Plot|p1a: Mesprit
|-boost|p1a: Mesprit|spa|2
|cant|p2a: Silvally|slp
|
|upkeep
|turn|20
|
|t:|1628340281
|switch|p2a: Pyukumuku|Pyukumuku, M|79/100
|-damage|p2a: Pyukumuku|67/100|[from] Stealth Rock
|move|p1a: Mesprit|Psychic|p2a: Pyukumuku
|-damage|p2a: Pyukumuku|40/100
|
|upkeep
|turn|21
|
|t:|1628340289
|move|p1a: Mesprit|Knock Off|p2a: Pyukumuku
|-damage|p2a: Pyukumuku|22/100
|-enditem|p2a: Pyukumuku|Shed Shell|[from] move: Knock Off|[of] p1a: Mesprit
|move|p2a: Pyukumuku|Recover|p2a: Pyukumuku
|-heal|p2a: Pyukumuku|72/100
|
|upkeep
|turn|22
|
|t:|1628340297
|switch|p1a: Togedemaru|Togedemaru, M|84/100
|move|p2a: Pyukumuku|Toxic|p1a: Togedemaru
|-immune|p1a: Togedemaru
|
|upkeep
|turn|23
|
|t:|1628340304
|move|p1a: Togedemaru|Toxic|p2a: Pyukumuku
|-status|p2a: Pyukumuku|tox
|move|p2a: Pyukumuku|Recover|p2a: Pyukumuku
|-heal|p2a: Pyukumuku|100/100 tox
|
|-damage|p2a: Pyukumuku|94/100 tox|[from] psn
|upkeep
|turn|24
|
|t:|1628340310
|switch|p1a: Charizard|Charizard, F|100/100
|switch|p2a: Altaria|Altaria, M|100/100
|
|upkeep
|turn|25
|
|t:|1628340317
|move|p1a: Charizard|Toxic|p2a: Altaria
|-status|p2a: Altaria|tox
|move|p2a: Altaria|Defog|p1a: Charizard
|-unboost|p1a: Charizard|evasion|1
|-sideend|p2: PULT83c yovan|Stealth Rock|[from] move: Defog|[of] p2a: Altaria
|
|-damage|p2a: Altaria|94/100 tox|[from] psn
|upkeep
|turn|26
|
|t:|1628340325
|switch|p1a: Grapploct|Grapploct, F|74/100
|move|p2a: Altaria|Heal Bell|p2a: Altaria
|-activate|p2a: Altaria|move: Heal Bell
|-curestatus|p2a: Altaria|tox|[msg]
|-curestatus|p2: Pyukumuku|tox|[msg]
|-curestatus|p2: Silvally|slp|[msg]
|
|upkeep
|turn|27
|j| playboy barbie
|
|t:|1628340329
|move|p2a: Altaria|Toxic|p1a: Grapploct
|-status|p1a: Grapploct|tox
|move|p1a: Grapploct|Bulk Up|p1a: Grapploct
|-boost|p1a: Grapploct|atk|1
|-boost|p1a: Grapploct|def|1
|
|-damage|p1a: Grapploct|67/100 tox|[from] psn
|upkeep
|turn|28
|
|t:|1628340339
|switch|p2a: Ditto|Ditto|100/100
|-transform|p2a: Ditto|p1a: Grapploct|[from] ability: Imposter
|move|p1a: Grapploct|Octolock|p2a: Ditto
|-start|p2a: Ditto|move: Octolock|[of] p1a: Grapploct
|
|-damage|p1a: Grapploct|55/100 tox|[from] psn
|-unboost|p2a: Ditto|def|1
|-unboost|p2a: Ditto|spd|1
|upkeep
|turn|29
|
|t:|1628340351
|move|p2a: Ditto|Drain Punch|p1a: Grapploct
|-damage|p1a: Grapploct|27/100 tox
|-damage|p2a: Ditto|84/100|[from] item: Rocky Helmet|[of] p1a: Grapploct
|move|p1a: Grapploct|Drain Punch|p2a: Ditto
|-crit|p2a: Ditto
|-damage|p2a: Ditto|6/100
|-heal|p1a: Grapploct|59/100 tox|[from] drain|[of] p2a: Ditto
|
|-damage|p1a: Grapploct|41/100 tox|[from] psn
|-unboost|p2a: Ditto|def|1
|-unboost|p2a: Ditto|spd|1
|upkeep
|turn|30
|
|t:|1628340365
|switch|p1a: Sandaconda|Sandaconda, F|100/100
|move|p2a: Ditto|Drain Punch|p1a: Sandaconda
|-damage|p1a: Sandaconda|63/100
|-heal|p2a: Ditto|29/100|[from] drain|[of] p1a: Sandaconda
|
|-heal|p1a: Sandaconda|69/100|[from] item: Leftovers
|-end|p2a: Ditto|Octolock|[partiallytrapped]|[silent]
|upkeep
|turn|31
|
|t:|1628340371
|switch|p2a: Silvally|Silvally-Ground|100/100
|move|p1a: Sandaconda|Stealth Rock|p2a: Silvally
|-sidestart|p2: PULT83c yovan|move: Stealth Rock
|
|-heal|p1a: Sandaconda|75/100|[from] item: Leftovers
|upkeep
|turn|32
|
|t:|1628340379
|switch|p1a: Aromatisse|Aromatisse, F|97/100
|move|p2a: Silvally|Defog|p1a: Aromatisse
|-unboost|p1a: Aromatisse|evasion|1
|-sideend|p2: PULT83c yovan|Stealth Rock|[from] move: Defog|[of] p2a: Silvally
|
|-heal|p1a: Aromatisse|100/100|[from] item: Leftovers
|upkeep
|turn|33
|
|t:|1628340382
|switch|p2a: Miltank|Miltank, F|89/100
|move|p1a: Aromatisse|Aromatherapy|p1a: Aromatisse
|-activate|p1a: Aromatisse|move: Aromatherapy
|-curestatus|p1: Grapploct|tox|[msg]
|
|upkeep
|turn|34
|
|t:|1628340386
|move|p2a: Miltank|Stealth Rock|p1a: Aromatisse
|-sidestart|p1: Vy8|move: Stealth Rock
|move|p1a: Aromatisse|Wish|p1a: Aromatisse
|
|upkeep
|turn|35
|
|t:|1628340390
|switch|p1a: Grapploct|Grapploct, F|41/100
|-damage|p1a: Grapploct|35/100|[from] Stealth Rock
|move|p2a: Miltank|Toxic|p1a: Grapploct
|-status|p1a: Grapploct|tox
|
|-heal|p1a: Grapploct|89/100 tox|[from] move: Wish|[wisher] Aromatisse
|-damage|p1a: Grapploct|83/100 tox|[from] psn
|upkeep
|turn|36
|
|t:|1628340395
|switch|p2a: Articuno|Articuno|79/100
|-ability|p2a: Articuno|Pressure
|switch|p1a: Sandaconda|Sandaconda, F|75/100
|-damage|p1a: Sandaconda|69/100|[from] Stealth Rock
|
|-heal|p1a: Sandaconda|75/100|[from] item: Leftovers
|upkeep
|turn|37
|
|t:|1628340404
|switch|p2a: Ditto|Ditto|29/100
|-transform|p2a: Ditto|p1a: Sandaconda|[from] ability: Imposter
|move|p1a: Sandaconda|Rock Blast|p2a: Ditto
|-resisted|p2a: Ditto
|-damage|p2a: Ditto|25/100
|-resisted|p2a: Ditto
|-damage|p2a: Ditto|22/100
|-hitcount|p2a: Ditto|2
|
|-heal|p1a: Sandaconda|81/100|[from] item: Leftovers
|upkeep
|turn|38
|
|t:|1628340408
|move|p2a: Ditto|Rest|p2a: Ditto
|-status|p2a: Ditto|slp|[from] move: Rest
|-heal|p2a: Ditto|100/100 slp|[silent]
|move|p1a: Sandaconda|Stealth Rock|p2a: Ditto
|-sidestart|p2: PULT83c yovan|move: Stealth Rock
|
|-heal|p1a: Sandaconda|87/100|[from] item: Leftovers
|upkeep
|turn|39
|
|t:|1628340418
|switch|p1a: Aromatisse|Aromatisse, F|100/100
|-damage|p1a: Aromatisse|88/100|[from] Stealth Rock
|cant|p2a: Ditto|slp
|
|-activate|p2a: Ditto|ability: Shed Skin
|-curestatus|p2a: Ditto|slp|[msg]
|-heal|p1a: Aromatisse|94/100|[from] item: Leftovers
|upkeep
|turn|40
|
|t:|1628340434
|switch|p2a: Miltank|Miltank, F|89/100
|-damage|p2a: Miltank|76/100|[from] Stealth Rock
|move|p1a: Aromatisse|Aromatherapy|p1a: Aromatisse
|-activate|p1a: Aromatisse|move: Aromatherapy
|-curestatus|p1: Grapploct|tox|[msg]
|
|-heal|p1a: Aromatisse|100/100|[from] item: Leftovers
|upkeep
|turn|41
|
|t:|1628340440
|move|p1a: Aromatisse|Protect|p1a: Aromatisse
|-singleturn|p1a: Aromatisse|Protect
|move|p2a: Miltank|Toxic|p1a: Aromatisse
|-activate|p1a: Aromatisse|move: Protect
|
|upkeep
|turn|42
|
|t:|1628340445
|switch|p1a: Sandaconda|Sandaconda, F|87/100
|-damage|p1a: Sandaconda|81/100|[from] Stealth Rock
|move|p2a: Miltank|Toxic|p1a: Sandaconda
|-status|p1a: Sandaconda|tox
|
|-heal|p1a: Sandaconda|87/100 tox|[from] item: Leftovers
|-damage|p1a: Sandaconda|81/100 tox|[from] psn
|upkeep
|turn|43
|
|t:|1628340455
|switch|p1a: Grapploct|Grapploct, F|83/100
|-damage|p1a: Grapploct|77/100|[from] Stealth Rock
|move|p2a: Miltank|Milk Drink|p2a: Miltank
|-heal|p2a: Miltank|100/100
|
|upkeep
|turn|44
|
|t:|1628340464
|move|p2a: Miltank|Toxic|p1a: Grapploct
|-status|p1a: Grapploct|tox
|move|p1a: Grapploct|Octolock|p2a: Miltank
|-start|p2a: Miltank|move: Octolock|[of] p1a: Grapploct
|
|-damage|p1a: Grapploct|70/100 tox|[from] psn
|-unboost|p2a: Miltank|def|1
|-unboost|p2a: Miltank|spd|1
|upkeep
|turn|45
|
|t:|1628340470
|move|p2a: Miltank|Seismic Toss|p1a: Grapploct
|-damage|p1a: Grapploct|43/100 tox
|-damage|p2a: Miltank|84/100|[from] item: Rocky Helmet|[of] p1a: Grapploct
|move|p1a: Grapploct|Bulk Up|p1a: Grapploct
|-boost|p1a: Grapploct|atk|1
|-boost|p1a: Grapploct|def|1
|
|-damage|p1a: Grapploct|31/100 tox|[from] psn
|-unboost|p2a: Miltank|def|1
|-unboost|p2a: Miltank|spd|1
|upkeep
|turn|46
|n| PULT83C surskit|hotchilipelippers
|
|t:|1628340476
|move|p2a: Miltank|Seismic Toss|p1a: Grapploct
|-damage|p1a: Grapploct|3/100 tox
|-damage|p2a: Miltank|68/100|[from] item: Rocky Helmet|[of] p1a: Grapploct
|move|p1a: Grapploct|Drain Punch|p2a: Miltank
|-supereffective|p2a: Miltank
|-damage|p2a: Miltank|0 fnt
|-heal|p1a: Grapploct|40/100 tox|[from] drain|[of] p2a: Miltank
|-damage|p1a: Grapploct|23/100 tox|[from] item: Rocky Helmet|[of] p2a: Miltank
|faint|p2a: Miltank
|
|-damage|p1a: Grapploct|5/100 tox|[from] psn
|upkeep
|
|t:|1628340483
|switch|p2a: Silvally|Silvally-Ground|100/100
|-damage|p2a: Silvally|94/100|[from] Stealth Rock
|turn|47
|
|t:|1628340489
|switch|p1a: Sandaconda|Sandaconda, F|81/100 tox
|-damage|p1a: Sandaconda|75/100 tox|[from] Stealth Rock
|move|p2a: Silvally|Flamethrower|p1a: Sandaconda
|-damage|p1a: Sandaconda|58/100 tox
|
|-heal|p1a: Sandaconda|64/100 tox|[from] item: Leftovers
|-damage|p1a: Sandaconda|58/100 tox|[from] psn
|upkeep
|turn|48
|
|t:|1628340495
|move|p2a: Silvally|Multi-Attack|p1a: Sandaconda
|-damage|p1a: Sandaconda|25/100 tox
|move|p1a: Sandaconda|Rest|p1a: Sandaconda
|-status|p1a: Sandaconda|slp|[from] move: Rest
|-heal|p1a: Sandaconda|100/100 slp|[silent]
|
|upkeep
|turn|49
|l| Meujeuh
|
|t:|1628340503
|move|p2a: Silvally|Multi-Attack|p1a: Sandaconda
|-damage|p1a: Sandaconda|67/100 slp
|cant|p1a: Sandaconda|slp
|
|-heal|p1a: Sandaconda|73/100 slp|[from] item: Leftovers
|upkeep
|turn|50
|
|t:|1628340506
|switch|p1a: Charizard|Charizard, F|100/100
|move|p2a: Silvally|Multi-Attack|p1a: Charizard
|-immune|p1a: Charizard
|
|upkeep
|turn|51
|
|t:|1628340512
|switch|p2a: Altaria|Altaria, M|94/100
|move|p1a: Charizard|Toxic|p2a: Altaria
|-status|p2a: Altaria|tox
|
|-damage|p2a: Altaria|88/100 tox|[from] psn
|upkeep
|turn|52
|
|t:|1628340524
|switch|p1a: Aromatisse|Aromatisse, F|100/100
|-damage|p1a: Aromatisse|88/100|[from] Stealth Rock
|switch|p2a: Ditto|Ditto|100/100
|-damage|p2a: Ditto|88/100|[from] Stealth Rock
|-transform|p2a: Ditto|p1a: Aromatisse|[from] ability: Imposter
|
|-heal|p1a: Aromatisse|94/100|[from] item: Leftovers
|upkeep
|turn|53
|
|t:|1628340534
|move|p2a: Ditto|Wish|p2a: Ditto
|move|p1a: Aromatisse|Aromatherapy|p1a: Aromatisse
|-activate|p1a: Aromatisse|move: Aromatherapy
|-curestatus|p1: Sandaconda|slp|[msg]
|-curestatus|p1: Grapploct|tox|[msg]
|
|-heal|p1a: Aromatisse|100/100|[from] item: Leftovers
|upkeep
|turn|54
|
|t:|1628340543
|switch|p2a: Silvally|Silvally-Ground|94/100
|-damage|p2a: Silvally|88/100|[from] Stealth Rock
|move|p1a: Aromatisse|Moonblast|p2a: Silvally
|-damage|p2a: Silvally|65/100
|-unboost|p2a: Silvally|spa|1
|
|-heal|p2a: Silvally|100/100|[from] move: Wish|[wisher] Ditto
|upkeep
|turn|55
|
|t:|1628340549
|move|p1a: Aromatisse|Protect|p1a: Aromatisse
|-singleturn|p1a: Aromatisse|Protect
|move|p2a: Silvally|Multi-Attack|p1a: Aromatisse
|-activate|p1a: Aromatisse|move: Protect
|
|upkeep
|turn|56
|
|t:|1628340555
|switch|p2a: Pyukumuku|Pyukumuku, M|94/100
|-damage|p2a: Pyukumuku|82/100|[from] Stealth Rock
|switch|p1a: Charizard|Charizard, F|100/100
|
|upkeep
|turn|57
|
|t:|1628340565
|switch|p1a: Togedemaru|Togedemaru, M|84/100
|-damage|p1a: Togedemaru|78/100|[from] Stealth Rock
|move|p2a: Pyukumuku|Toxic|p1a: Togedemaru
|-immune|p1a: Togedemaru
|
|upkeep
|turn|58
|
|t:|1628340569
|switch|p2a: Ditto|Ditto|88/100
|-damage|p2a: Ditto|76/100|[from] Stealth Rock
|-transform|p2a: Ditto|p1a: Togedemaru|[from] ability: Imposter
|move|p1a: Togedemaru|Zing Zap|p2a: Ditto
|-ability|p2a: Ditto|Lightning Rod|boost
|-boost|p2a: Ditto|spa|1
|
|upkeep
|turn|59
|
|t:|1628340575
|switch|p1a: Sandaconda|Sandaconda, F|73/100
|-damage|p1a: Sandaconda|67/100|[from] Stealth Rock
|move|p2a: Ditto|Iron Head|p1a: Sandaconda
|-damage|p1a: Sandaconda|41/100
|
|-heal|p1a: Sandaconda|47/100|[from] item: Leftovers
|upkeep
|turn|60
|
|t:|1628340580
|move|p2a: Ditto|Iron Head|p1a: Sandaconda
|-damage|p1a: Sandaconda|19/100
|cant|p1a: Sandaconda|flinch
|
|-heal|p1a: Sandaconda|25/100|[from] item: Leftovers
|upkeep
|turn|61
|
|t:|1628340587
|switch|p1a: Charizard|Charizard, F|100/100
|move|p2a: Ditto|Iron Head|p1a: Charizard
|-resisted|p1a: Charizard
|-damage|p1a: Charizard|80/100
|
|upkeep
|turn|62
|
|t:|1628340594
|switch|p2a: Pyukumuku|Pyukumuku, M|82/100
|-damage|p2a: Pyukumuku|70/100|[from] Stealth Rock
|move|p1a: Charizard|Flamethrower|p2a: Pyukumuku
|-resisted|p2a: Pyukumuku
|-damage|p2a: Pyukumuku|57/100
|
|upkeep
|turn|63
|
|t:|1628340601
|switch|p1a: Togedemaru|Togedemaru, M|78/100
|-damage|p1a: Togedemaru|72/100|[from] Stealth Rock
|move|p2a: Pyukumuku|Recover|p2a: Pyukumuku
|-heal|p2a: Pyukumuku|100/100
|
|upkeep
|turn|64
|
|t:|1628340609
|switch|p2a: Silvally|Silvally-Ground|100/100
|-damage|p2a: Silvally|94/100|[from] Stealth Rock
|move|p1a: Togedemaru|Zing Zap|p2a: Silvally
|-immune|p2a: Silvally
|
|upkeep
|turn|65
|
|t:|1628340614
|switch|p1a: Charizard|Charizard, F|80/100
|switch|p2a: Ditto|Ditto|76/100
|-damage|p2a: Ditto|63/100|[from] Stealth Rock
|-transform|p2a: Ditto|p1a: Charizard|[from] ability: Imposter
|
|upkeep
|turn|66
|
|t:|1628340624
|move|p2a: Ditto|Roost|p2a: Ditto
|-heal|p2a: Ditto|100/100
|-singleturn|p2a: Ditto|move: Roost
|move|p1a: Charizard|Toxic|p2a: Ditto
|-status|p2a: Ditto|tox
|
|-damage|p2a: Ditto|94/100 tox|[from] psn
|upkeep
|turn|67
|
|t:|1628340632
|switch|p2a: Altaria|Altaria, M|88/100
|move|p1a: Charizard|Toxic|p2a: Altaria
|-status|p2a: Altaria|tox
|
|-damage|p2a: Altaria|82/100 tox|[from] psn
|upkeep
|turn|68
|
|t:|1628340647
|switch|p1a: Aromatisse|Aromatisse, F|100/100
|-damage|p1a: Aromatisse|88/100|[from] Stealth Rock
|move|p2a: Altaria|Heal Bell|p2a: Altaria
|-activate|p2a: Altaria|move: Heal Bell
|-curestatus|p2a: Altaria|tox|[msg]
|-curestatus|p2: Ditto|tox|[msg]
|
|-heal|p1a: Aromatisse|94/100|[from] item: Leftovers
|upkeep
|turn|69
|
|t:|1628340651
|move|p2a: Altaria|Toxic|p1a: Aromatisse
|-status|p1a: Aromatisse|tox
|move|p1a: Aromatisse|Wish|p1a: Aromatisse
|
|-heal|p1a: Aromatisse|100/100 tox|[from] item: Leftovers
|-damage|p1a: Aromatisse|94/100 tox|[from] psn
|upkeep
|turn|70
|
|t:|1628340657
|switch|p2a: Pyukumuku|Pyukumuku, M|100/100
|-damage|p2a: Pyukumuku|88/100|[from] Stealth Rock
|move|p1a: Aromatisse|Moonblast|p2a: Pyukumuku
|-damage|p2a: Pyukumuku|61/100
|
|-heal|p1a: Aromatisse|100/100 tox|[from] move: Wish|[wisher] Aromatisse
|-damage|p1a: Aromatisse|88/100 tox|[from] psn
|upkeep
|turn|71
|
|t:|1628340666
|switch|p1a: Togedemaru|Togedemaru, M|72/100
|-damage|p1a: Togedemaru|66/100|[from] Stealth Rock
|move|p2a: Pyukumuku|Spite||[still]
|-fail|p2a: Pyukumuku
|
|upkeep
|turn|72
|
|t:|1628340672
|switch|p2a: Silvally|Silvally-Ground|94/100
|-damage|p2a: Silvally|88/100|[from] Stealth Rock
|move|p1a: Togedemaru|U-turn|p2a: Silvally
|-damage|p2a: Silvally|69/100
|
|t:|1628340676
|switch|p1a: Charizard|Charizard, F|80/100|[from]move: U-turn
|
|upkeep
|turn|73
|
|t:|1628340690
|switch|p1a: Mesprit|Mesprit|82/100
|-damage|p1a: Mesprit|70/100|[from] Stealth Rock
|switch|p2a: Pyukumuku|Pyukumuku, M|61/100
|-damage|p2a: Pyukumuku|49/100|[from] Stealth Rock
|
|upkeep
|turn|74
|
|t:|1628340696
|switch|p1a: Togedemaru|Togedemaru, M|66/100
|-damage|p1a: Togedemaru|60/100|[from] Stealth Rock
|move|p2a: Pyukumuku|Recover|p2a: Pyukumuku
|-heal|p2a: Pyukumuku|99/100
|
|upkeep
|turn|75
|
|t:|1628340701
|switch|p2a: Ditto|Ditto|94/100
|-damage|p2a: Ditto|82/100|[from] Stealth Rock
|-transform|p2a: Ditto|p1a: Togedemaru|[from] ability: Imposter
|move|p1a: Togedemaru|U-turn|p2a: Ditto
|-resisted|p2a: Ditto
|-damage|p2a: Ditto|64/100
|
|t:|1628340710
|switch|p1a: Mesprit|Mesprit|70/100|[from]move: U-turn
|-damage|p1a: Mesprit|58/100|[from] Stealth Rock
|
|upkeep
|turn|76
|
|t:|1628340714
|move|p2a: Ditto|U-turn|p1a: Mesprit
|-supereffective|p1a: Mesprit
|-crit|p1a: Mesprit
|-damage|p1a: Mesprit|0 fnt
|faint|p1a: Mesprit
|
|t:|1628340719
|switch|p2a: Silvally|Silvally-Ground|69/100|[from]move: U-turn
|-damage|p2a: Silvally|63/100|[from] Stealth Rock
|
|upkeep
|
|t:|1628340724
|switch|p1a: Charizard|Charizard, F|80/100
|turn|77
|
|t:|1628340728
|switch|p2a: Pyukumuku|Pyukumuku, M|99/100
|-damage|p2a: Pyukumuku|86/100|[from] Stealth Rock
|move|p1a: Charizard|Toxic|p2a: Pyukumuku
|-status|p2a: Pyukumuku|tox
|
|-damage|p2a: Pyukumuku|80/100 tox|[from] psn
|upkeep
|turn|78
|
|t:|1628340742
|switch|p1a: Togedemaru|Togedemaru, M|60/100
|-damage|p1a: Togedemaru|54/100|[from] Stealth Rock
|move|p2a: Pyukumuku|Rest|p2a: Pyukumuku
|-status|p2a: Pyukumuku|slp|[from] move: Rest
|-heal|p2a: Pyukumuku|100/100 slp|[silent]
|
|upkeep
|turn|79
|
|t:|1628340748
|move|p1a: Togedemaru|U-turn|p2a: Pyukumuku
|-damage|p2a: Pyukumuku|85/100 slp
|
|t:|1628340751
|switch|p1a: Aromatisse|Aromatisse, F|88/100 tox|[from]move: U-turn
|-damage|p1a: Aromatisse|76/100 tox|[from] Stealth Rock
|cant|p2a: Pyukumuku|slp
|
|-heal|p1a: Aromatisse|82/100 tox|[from] item: Leftovers
|-damage|p1a: Aromatisse|76/100 tox|[from] psn
|upkeep
|turn|80
|
|t:|1628340754
|move|p1a: Aromatisse|Aromatherapy|p1a: Aromatisse
|-activate|p1a: Aromatisse|move: Aromatherapy
|-curestatus|p1a: Aromatisse|tox|[msg]
|cant|p2a: Pyukumuku|slp
|
|-heal|p1a: Aromatisse|82/100|[from] item: Leftovers
|upkeep
|turn|81
|
|t:|1628340757
|move|p1a: Aromatisse|Wish|p1a: Aromatisse
|-curestatus|p2a: Pyukumuku|slp|[msg]
|move|p2a: Pyukumuku|Toxic|p1a: Aromatisse
|-status|p1a: Aromatisse|tox
|
|-heal|p1a: Aromatisse|88/100 tox|[from] item: Leftovers
|-damage|p1a: Aromatisse|82/100 tox|[from] psn
|upkeep
|turn|82
|
|t:|1628340771
|switch|p1a: Sandaconda|Sandaconda, F|25/100
|-damage|p1a: Sandaconda|19/100|[from] Stealth Rock
|move|p2a: Pyukumuku|Toxic|p1a: Sandaconda
|-status|p1a: Sandaconda|tox
|
|-heal|p1a: Sandaconda|75/100 tox|[from] move: Wish|[wisher] Aromatisse
|-activate|p1a: Sandaconda|ability: Shed Skin
|-curestatus|p1a: Sandaconda|tox|[msg]
|-heal|p1a: Sandaconda|81/100|[from] item: Leftovers
|upkeep
|turn|83
|
|t:|1628340781
|switch|p1a: Charizard|Charizard, F|80/100
|move|p2a: Pyukumuku|Spite||[still]
|-fail|p2a: Pyukumuku
|
|upkeep
|turn|84
|
|t:|1628340787
|switch|p2a: Altaria|Altaria, M|82/100
|move|p1a: Charizard|Defog|p2a: Altaria
|-unboost|p2a: Altaria|evasion|1
|-sideend|p2: PULT83c yovan|Stealth Rock|[from] move: Defog|[of] p1a: Charizard
|-sideend|p1: Vy8|Stealth Rock|[from] move: Defog|[of] p1a: Charizard
|
|upkeep
|turn|85
|
|t:|1628340794
|switch|p1a: Sandaconda|Sandaconda, F|81/100
|move|p2a: Altaria|Roost|p2a: Altaria
|-heal|p2a: Altaria|100/100
|-singleturn|p2a: Altaria|move: Roost
|
|-heal|p1a: Sandaconda|87/100|[from] item: Leftovers
|upkeep
|turn|86
|
|t:|1628340802
|switch|p2a: Silvally|Silvally-Ground|63/100
|move|p1a: Sandaconda|Stealth Rock|p2a: Silvally
|-sidestart|p2: PULT83c yovan|move: Stealth Rock
|
|-heal|p1a: Sandaconda|93/100|[from] item: Leftovers
|upkeep
|turn|87
|
|t:|1628340807
|move|p2a: Silvally|Defog|p1a: Sandaconda
|-unboost|p1a: Sandaconda|evasion|1
|-sideend|p2: PULT83c yovan|Stealth Rock|[from] move: Defog|[of] p2a: Silvally
|move|p1a: Sandaconda|Earthquake|p2a: Silvally
|-damage|p2a: Silvally|27/100
|
|-heal|p1a: Sandaconda|99/100|[from] item: Leftovers
|upkeep
|turn|88
|
|t:|1628340811
|move|p2a: Silvally|Rest|p2a: Silvally
|-status|p2a: Silvally|slp|[from] move: Rest
|-heal|p2a: Silvally|100/100 slp|[silent]
|move|p1a: Sandaconda|Stealth Rock|p2a: Silvally
|-sidestart|p2: PULT83c yovan|move: Stealth Rock
|
|-heal|p1a: Sandaconda|100/100|[from] item: Leftovers
|upkeep
|turn|89
|
|t:|1628340816
|switch|p1a: Charizard|Charizard, F|80/100
|cant|p2a: Silvally|slp
|
|upkeep
|turn|90
|
|t:|1628340819
|move|p1a: Charizard|Flamethrower|p2a: Silvally
|-damage|p2a: Silvally|78/100 slp
|cant|p2a: Silvally|slp
|
|upkeep
|turn|91
|
|t:|1628340826
|move|p1a: Charizard|Flamethrower|p2a: Silvally
|-damage|p2a: Silvally|53/100 slp
|-curestatus|p2a: Silvally|slp|[msg]
|move|p2a: Silvally|Defog|p1a: Charizard
|-unboost|p1a: Charizard|evasion|1
|-sideend|p2: PULT83c yovan|Stealth Rock|[from] move: Defog|[of] p2a: Silvally
|
|upkeep
|turn|92
|
|t:|1628340831
|switch|p1a: Sandaconda|Sandaconda, F|100/100
|switch|p2a: Ditto|Ditto|64/100
|-transform|p2a: Ditto|p1a: Sandaconda|[from] ability: Imposter
|
|upkeep
|turn|93
|
|t:|1628340840
|move|p2a: Ditto|Rest|p2a: Ditto
|-status|p2a: Ditto|slp|[from] move: Rest
|-heal|p2a: Ditto|100/100 slp|[silent]
|move|p1a: Sandaconda|Stealth Rock|p2a: Ditto
|-sidestart|p2: PULT83c yovan|move: Stealth Rock
|
|upkeep
|turn|94
|
|t:|1628340846
|switch|p2a: Silvally|Silvally-Ground|53/100
|-damage|p2a: Silvally|47/100|[from] Stealth Rock
|switch|p1a: Aromatisse|Aromatisse, F|82/100 tox
|
|-heal|p1a: Aromatisse|88/100 tox|[from] item: Leftovers
|-damage|p1a: Aromatisse|82/100 tox|[from] psn
|upkeep
|turn|95
|
|t:|1628340850
|move|p2a: Silvally|Defog|p1a: Aromatisse
|-unboost|p1a: Aromatisse|evasion|1
|-sideend|p2: PULT83c yovan|Stealth Rock|[from] move: Defog|[of] p2a: Silvally
|move|p1a: Aromatisse|Aromatherapy|p1a: Aromatisse
|-activate|p1a: Aromatisse|move: Aromatherapy
|-curestatus|p1a: Aromatisse|tox|[msg]
|
|-heal|p1a: Aromatisse|88/100|[from] item: Leftovers
|upkeep
|turn|96
|
|t:|1628340861
|switch|p2a: Articuno|Articuno|79/100
|-ability|p2a: Articuno|Pressure
|move|p1a: Aromatisse|Wish|p1a: Aromatisse
|
|-heal|p1a: Aromatisse|94/100|[from] item: Leftovers
|upkeep
|turn|97
|
|t:|1628340865
|switch|p1a: Togedemaru|Togedemaru, M|54/100
|move|p2a: Articuno|Freeze-Dry|p1a: Togedemaru
|-resisted|p1a: Togedemaru
|-damage|p1a: Togedemaru|36/100
|
|-heal|p1a: Togedemaru|100/100|[from] move: Wish|[wisher] Aromatisse
|upkeep
|turn|98
|
|t:|1628340880
|switch|p2a: Altaria|Altaria, M|100/100
|move|p1a: Togedemaru|Toxic|p2a: Altaria
|-status|p2a: Altaria|tox
|
|-damage|p2a: Altaria|94/100 tox|[from] psn
|upkeep
|turn|99
|
|t:|1628340883
|switch|p1a: Sandaconda|Sandaconda, F|100/100
|-curestatus|p2a: Altaria|tox|[from] ability: Natural Cure
|switch|p2a: Silvally|Silvally-Ground|47/100
|
|upkeep
|turn|100
|
|t:|1628340889
|move|p2a: Silvally|Flamethrower|p1a: Sandaconda
|-damage|p1a: Sandaconda|83/100
|move|p1a: Sandaconda|Stealth Rock|p2a: Silvally
|-sidestart|p2: PULT83c yovan|move: Stealth Rock
|
|-heal|p1a: Sandaconda|89/100|[from] item: Leftovers
|upkeep
|turn|101
|
|t:|1628340893
|move|p2a: Silvally|Defog|p1a: Sandaconda
|-unboost|p1a: Sandaconda|evasion|1
|-sideend|p2: PULT83c yovan|Stealth Rock|[from] move: Defog|[of] p2a: Silvally
|move|p1a: Sandaconda|Earthquake|p2a: Silvally
|-damage|p2a: Silvally|15/100
|
|-heal|p1a: Sandaconda|95/100|[from] item: Leftovers
|upkeep
|turn|102
|
|t:|1628340897
|move|p2a: Silvally|Rest|p2a: Silvally
|-status|p2a: Silvally|slp|[from] move: Rest
|-heal|p2a: Silvally|100/100 slp|[silent]
|move|p1a: Sandaconda|Stealth Rock|p2a: Silvally
|-sidestart|p2: PULT83c yovan|move: Stealth Rock
|
|-heal|p1a: Sandaconda|100/100|[from] item: Leftovers
|upkeep
|turn|103
|
|t:|1628340899
|switch|p1a: Aromatisse|Aromatisse, F|94/100
|cant|p2a: Silvally|slp
|
|-heal|p1a: Aromatisse|100/100|[from] item: Leftovers
|upkeep
|turn|104
|
|t:|1628340904
|switch|p1a: Charizard|Charizard, F|80/100
|cant|p2a: Silvally|slp
|
|upkeep
|turn|105
|
|t:|1628340911
|switch|p1a: Sandaconda|Sandaconda, F|100/100
|switch|p2a: Altaria|Altaria, M|94/100
|
|upkeep
|turn|106
|
|t:|1628340918
|move|p2a: Altaria|Roost|p2a: Altaria
|-heal|p2a: Altaria|100/100
|-singleturn|p2a: Altaria|move: Roost
|move|p1a: Sandaconda|Rock Blast|p2a: Altaria
|-damage|p2a: Altaria|94/100
|-damage|p2a: Altaria|87/100
|-damage|p2a: Altaria|81/100
|-hitcount|p2a: Altaria|3
|
|upkeep
|turn|107
|
|t:|1628340929
|move|p2a: Altaria|Defog|p1a: Sandaconda
|-unboost|p1a: Sandaconda|evasion|1
|-sideend|p2: PULT83c yovan|Stealth Rock|[from] move: Defog|[of] p2a: Altaria
|move|p1a: Sandaconda|Rock Blast|p2a: Altaria
|-supereffective|p2a: Altaria
|-damage|p2a: Altaria|68/100
|-supereffective|p2a: Altaria
|-damage|p2a: Altaria|54/100
|-hitcount|p2a: Altaria|2
|
|upkeep
|turn|108
|
|t:|1628340933
|move|p2a: Altaria|Roost|p2a: Altaria
|-heal|p2a: Altaria|100/100
|-singleturn|p2a: Altaria|move: Roost
|move|p1a: Sandaconda|Stealth Rock|p2a: Altaria
|-sidestart|p2: PULT83c yovan|move: Stealth Rock
|
|upkeep
|turn|109
|
|t:|1628340937
|switch|p1a: Aromatisse|Aromatisse, F|100/100
|move|p2a: Altaria|Defog|p1a: Aromatisse
|-unboost|p1a: Aromatisse|evasion|1
|-sideend|p2: PULT83c yovan|Stealth Rock|[from] move: Defog|[of] p2a: Altaria
|
|upkeep
|turn|110
|
|t:|1628340944
|switch|p2a: Articuno|Articuno|79/100
|-ability|p2a: Articuno|Pressure
|switch|p1a: Togedemaru|Togedemaru, M|100/100
|
|upkeep
|turn|111
|
|t:|1628340953
|switch|p2a: Silvally|Silvally-Ground|100/100 slp
|move|p1a: Togedemaru|Iron Head|p2a: Silvally
|-damage|p2a: Silvally|71/100 slp
|
|upkeep
|turn|112
|
|t:|1628340959
|switch|p1a: Charizard|Charizard, F|80/100
|-curestatus|p2a: Silvally|slp|[msg]
|move|p2a: Silvally|Multi-Attack|p1a: Charizard
|-immune|p1a: Charizard
|
|upkeep
|turn|113
|
|t:|1628340964
|move|p1a: Charizard|Toxic|p2a: Silvally
|-status|p2a: Silvally|tox
|move|p2a: Silvally|Multi-Attack|p1a: Charizard
|-immune|p1a: Charizard
|
|-damage|p2a: Silvally|65/100 tox|[from] psn
|upkeep
|turn|114
|
|t:|1628340969
|switch|p1a: Sandaconda|Sandaconda, F|100/100
|switch|p2a: Altaria|Altaria, M|100/100
|
|upkeep
|turn|115
|
|t:|1628340975
|move|p2a: Altaria|Heal Bell|p2a: Altaria
|-activate|p2a: Altaria|move: Heal Bell
|-curestatus|p2: Ditto|slp|[msg]
|-curestatus|p2: Silvally|tox|[msg]
|move|p1a: Sandaconda|Stealth Rock|p2a: Altaria
|-sidestart|p2: PULT83c yovan|move: Stealth Rock
|
|upkeep
|turn|116
|
|t:|1628340981
|switch|p1a: Aromatisse|Aromatisse, F|100/100
|move|p2a: Altaria|Defog|p1a: Aromatisse
|-unboost|p1a: Aromatisse|evasion|1
|-sideend|p2: PULT83c yovan|Stealth Rock|[from] move: Defog|[of] p2a: Altaria
|
|upkeep
|turn|117
|
|t:|1628340985
|switch|p2a: Articuno|Articuno|79/100
|-ability|p2a: Articuno|Pressure
|move|p1a: Aromatisse|Wish|p1a: Aromatisse
|
|upkeep
|turn|118
|
|t:|1628340992
|switch|p2a: Silvally|Silvally-Ground|65/100
|switch|p1a: Togedemaru|Togedemaru, M|100/100
|
|upkeep
|turn|119
|
|t:|1628340996
|move|p1a: Togedemaru|U-turn|p2a: Silvally
|-damage|p2a: Silvally|48/100
|
|t:|1628340998
|switch|p1a: Charizard|Charizard, F|80/100|[from]move: U-turn
|move|p2a: Silvally|Rest|p2a: Silvally
|-status|p2a: Silvally|slp|[from] move: Rest
|-heal|p2a: Silvally|100/100 slp|[silent]
|
|upkeep
|turn|120
|
|t:|1628341003
|switch|p1a: Aromatisse|Aromatisse, F|100/100
|switch|p2a: Altaria|Altaria, M|100/100
|
|upkeep
|turn|121
|
|t:|1628341006
|switch|p2a: Articuno|Articuno|79/100
|-ability|p2a: Articuno|Pressure
|move|p1a: Aromatisse|Wish|p1a: Aromatisse
|
|upkeep
|turn|122
|
|t:|1628341012
|switch|p1a: Togedemaru|Togedemaru, M|100/100
|move|p2a: Articuno|Freeze-Dry|p1a: Togedemaru
|-resisted|p1a: Togedemaru
|-damage|p1a: Togedemaru|83/100
|
|-heal|p1a: Togedemaru|100/100|[from] move: Wish|[wisher] Aromatisse
|upkeep
|turn|123
|
|t:|1628341019
|switch|p2a: Ditto|Ditto|100/100
|-transform|p2a: Ditto|p1a: Togedemaru|[from] ability: Imposter
|move|p1a: Togedemaru|U-turn|p2a: Ditto
|-resisted|p2a: Ditto
|-damage|p2a: Ditto|83/100
|
|t:|1628341024
|switch|p1a: Sandaconda|Sandaconda, F|100/100|[from]move: U-turn
|
|upkeep
|turn|124
|
|t:|1628341029
|move|p2a: Ditto|U-turn|p1a: Sandaconda
|-damage|p1a: Sandaconda|85/100
|
|t:|1628341033
|switch|p2a: Altaria|Altaria, M|100/100|[from]move: U-turn
|move|p1a: Sandaconda|Stealth Rock|p2a: Altaria
|-sidestart|p2: PULT83c yovan|move: Stealth Rock
|
|-heal|p1a: Sandaconda|91/100|[from] item: Leftovers
|upkeep
|turn|125
|
|t:|1628341038
|switch|p1a: Togedemaru|Togedemaru, M|100/100
|move|p2a: Altaria|Defog|p1a: Togedemaru
|-unboost|p1a: Togedemaru|evasion|1
|-sideend|p2: PULT83c yovan|Stealth Rock|[from] move: Defog|[of] p2a: Altaria
|
|upkeep
|turn|126
|
|t:|1628341043
|move|p1a: Togedemaru|U-turn|p2a: Altaria
|-resisted|p2a: Altaria
|-damage|p2a: Altaria|90/100
|
|t:|1628341045
|switch|p1a: Sandaconda|Sandaconda, F|91/100|[from]move: U-turn
|move|p2a: Altaria|Roost|p2a: Altaria
|-heal|p2a: Altaria|100/100
|-singleturn|p2a: Altaria|move: Roost
|
|-heal|p1a: Sandaconda|97/100|[from] item: Leftovers
|upkeep
|turn|127
|
|t:|1628341053
|switch|p1a: Togedemaru|Togedemaru, M|100/100
|move|p2a: Altaria|Toxic|p1a: Togedemaru
|-immune|p1a: Togedemaru
|
|upkeep
|turn|128
|
|t:|1628341063
|move|p1a: Togedemaru|U-turn|p2a: Altaria
|-resisted|p2a: Altaria
|-damage|p2a: Altaria|90/100
|
|t:|1628341065
|switch|p1a: Sandaconda|Sandaconda, F|97/100|[from]move: U-turn
|move|p2a: Altaria|Heal Bell|p2a: Altaria
|-activate|p2a: Altaria|move: Heal Bell
|-curestatus|p2: Silvally|slp|[msg]
|
|-heal|p1a: Sandaconda|100/100|[from] item: Leftovers
|upkeep
|turn|129
|
|t:|1628341071
|switch|p2a: Silvally|Silvally-Ground|100/100
|switch|p1a: Togedemaru|Togedemaru, M|100/100
|
|upkeep
|turn|130
|
|t:|1628341075
|move|p1a: Togedemaru|U-turn|p2a: Silvally
|-damage|p2a: Silvally|84/100
|
|t:|1628341077
|switch|p1a: Charizard|Charizard, F|80/100|[from]move: U-turn
|move|p2a: Silvally|Flamethrower|p1a: Charizard
|-resisted|p1a: Charizard
|-damage|p1a: Charizard|71/100
|
|upkeep
|turn|131
|
|t:|1628341084
|switch|p1a: Sandaconda|Sandaconda, F|100/100
|switch|p2a: Ditto|Ditto|83/100
|-transform|p2a: Ditto|p1a: Sandaconda|[from] ability: Imposter
|
|upkeep
|turn|132
|
|t:|1628341093
|move|p2a: Ditto|Stealth Rock|p1a: Sandaconda
|-sidestart|p1: Vy8|move: Stealth Rock
|move|p1a: Sandaconda|Stealth Rock|p2a: Ditto
|-sidestart|p2: PULT83c yovan|move: Stealth Rock
|
|upkeep
|turn|133
|
|t:|1628341104
|switch|p2a: Altaria|Altaria, M|90/100
|move|p1a: Sandaconda|Rock Blast|p2a: Altaria
|-supereffective|p2a: Altaria
|-damage|p2a: Altaria|77/100
|-supereffective|p2a: Altaria
|-crit|p2a: Altaria
|-damage|p2a: Altaria|56/100
|-hitcount|p2a: Altaria|2
|
|upkeep
|turn|134
|
|t:|1628341109
|switch|p1a: Togedemaru|Togedemaru, M|100/100
|-damage|p1a: Togedemaru|95/100|[from] Stealth Rock
|move|p2a: Altaria|Roost|p2a: Altaria
|-heal|p2a: Altaria|100/100
|-singleturn|p2a: Altaria|move: Roost
|
|upkeep
|turn|135
|
|t:|1628341115
|move|p1a: Togedemaru|Toxic|p2a: Altaria
|-status|p2a: Altaria|tox
|move|p2a: Altaria|Defog|p1a: Togedemaru
|-unboost|p1a: Togedemaru|evasion|1
|-sideend|p1: Vy8|Stealth Rock|[from] move: Defog|[of] p2a: Altaria
|-sideend|p2: PULT83c yovan|Stealth Rock|[from] move: Defog|[of] p2a: Altaria
|
|-damage|p2a: Altaria|94/100 tox|[from] psn
|upkeep
|turn|136
|
|t:|1628341121
|switch|p1a: Sandaconda|Sandaconda, F|100/100
|-curestatus|p2a: Altaria|tox|[from] ability: Natural Cure
|switch|p2a: Ditto|Ditto|83/100
|-transform|p2a: Ditto|p1a: Sandaconda|[from] ability: Imposter
|
|upkeep
|turn|137
|
|t:|1628341127
|move|p2a: Ditto|Stealth Rock|p1a: Sandaconda
|-sidestart|p1: Vy8|move: Stealth Rock
|move|p1a: Sandaconda|Stealth Rock|p2a: Ditto
|-sidestart|p2: PULT83c yovan|move: Stealth Rock
|
|upkeep
|turn|138
|
|t:|1628341133
|switch|p2a: Silvally|Silvally-Ground|84/100
|-damage|p2a: Silvally|78/100|[from] Stealth Rock
|switch|p1a: Togedemaru|Togedemaru, M|95/100
|-damage|p1a: Togedemaru|89/100|[from] Stealth Rock
|
|upkeep
|turn|139
|
|t:|1628341138
|move|p1a: Togedemaru|U-turn|p2a: Silvally
|-damage|p2a: Silvally|59/100
|
|t:|1628341141
|switch|p1a: Charizard|Charizard, F|71/100|[from]move: U-turn
|move|p2a: Silvally|Flamethrower|p1a: Charizard
|-resisted|p1a: Charizard
|-damage|p1a: Charizard|61/100
|
|upkeep
|turn|140
|
|t:|1628341145
|move|p1a: Charizard|Flamethrower|p2a: Silvally
|-damage|p2a: Silvally|37/100
|move|p2a: Silvally|Flamethrower|p1a: Charizard
|-resisted|p1a: Charizard
|-damage|p1a: Charizard|51/100
|
|upkeep
|turn|141
|
|t:|1628341151
|move|p1a: Charizard|Flamethrower|p2a: Silvally
|-damage|p2a: Silvally|11/100
|move|p2a: Silvally|Rest|p2a: Silvally
|-status|p2a: Silvally|slp|[from] move: Rest
|-heal|p2a: Silvally|100/100 slp|[silent]
|
|upkeep
|turn|142
|
|t:|1628341156
|move|p1a: Charizard|Roost|p1a: Charizard
|-heal|p1a: Charizard|100/100
|-singleturn|p1a: Charizard|move: Roost
|cant|p2a: Silvally|slp
|
|upkeep
|turn|143
|
|t:|1628341160
|move|p1a: Charizard|Defog|p2a: Silvally
|-unboost|p2a: Silvally|evasion|1
|-sideend|p2: PULT83c yovan|Stealth Rock|[from] move: Defog|[of] p1a: Charizard
|-sideend|p1: Vy8|Stealth Rock|[from] move: Defog|[of] p1a: Charizard
|cant|p2a: Silvally|slp
|
|upkeep
|turn|144
|
|t:|1628341167
|switch|p2a: Altaria|Altaria, M|94/100
|move|p1a: Charizard|Toxic|p2a: Altaria
|-status|p2a: Altaria|tox
|
|-damage|p2a: Altaria|88/100 tox|[from] psn
|upkeep
|turn|145
|
|t:|1628341173
|switch|p1a: Togedemaru|Togedemaru, M|89/100
|-curestatus|p2a: Altaria|tox|[from] ability: Natural Cure
|switch|p2a: Ditto|Ditto|83/100
|-transform|p2a: Ditto|p1a: Togedemaru|[from] ability: Imposter
|
|upkeep
|turn|146
|
|t:|1628341179
|move|p1a: Togedemaru|Iron Head|p2a: Ditto
|-resisted|p2a: Ditto
|-damage|p2a: Ditto|68/100
|move|p2a: Ditto|Iron Head|p1a: Togedemaru
|-resisted|p1a: Togedemaru
|-damage|p1a: Togedemaru|72/100
|
|upkeep
|turn|147
|
|t:|1628341186
|switch|p2a: Pyukumuku|Pyukumuku, M|85/100
|move|p1a: Togedemaru|Iron Head|p2a: Pyukumuku
|-resisted|p2a: Pyukumuku
|-damage|p2a: Pyukumuku|72/100
|
|upkeep
|turn|148
|
|t:|1628341196
|switch|p1a: Sandaconda|Sandaconda, F|100/100
|switch|p2a: Ditto|Ditto|68/100
|-transform|p2a: Ditto|p1a: Sandaconda|[from] ability: Imposter
|
|upkeep
|turn|149
|
|t:|1628341206
|move|p2a: Ditto|Stealth Rock|p1a: Sandaconda
|-sidestart|p1: Vy8|move: Stealth Rock
|move|p1a: Sandaconda|Stealth Rock|p2a: Ditto
|-sidestart|p2: PULT83c yovan|move: Stealth Rock
|
|upkeep
|turn|150
|
|t:|1628341212
|switch|p2a: Pyukumuku|Pyukumuku, M|72/100
|-damage|p2a: Pyukumuku|60/100|[from] Stealth Rock
|switch|p1a: Aromatisse|Aromatisse, F|100/100
|-damage|p1a: Aromatisse|88/100|[from] Stealth Rock
|
|-heal|p1a: Aromatisse|94/100|[from] item: Leftovers
|upkeep
|turn|151
|
|t:|1628341221
|move|p1a: Aromatisse|Protect|p1a: Aromatisse
|-singleturn|p1a: Aromatisse|Protect
|move|p2a: Pyukumuku|Recover|p2a: Pyukumuku
|-heal|p2a: Pyukumuku|100/100
|
|-heal|p1a: Aromatisse|100/100|[from] item: Leftovers
|upkeep
|turn|152
|
|t:|1628341226
|switch|p1a: Sandaconda|Sandaconda, F|100/100
|-damage|p1a: Sandaconda|94/100|[from] Stealth Rock
|move|p2a: Pyukumuku|Spite||[still]
|-fail|p2a: Pyukumuku
|
|-heal|p1a: Sandaconda|100/100|[from] item: Leftovers
|upkeep
|turn|153
|
|t:|1628341236
|switch|p1a: Togedemaru|Togedemaru, M|72/100
|-damage|p1a: Togedemaru|67/100|[from] Stealth Rock
|switch|p2a: Altaria|Altaria, M|88/100
|
|upkeep
|turn|154
|
|t:|1628341241
|switch|p2a: Silvally|Silvally-Ground|100/100 slp
|-damage|p2a: Silvally|94/100 slp|[from] Stealth Rock
|move|p1a: Togedemaru|Iron Head|p2a: Silvally
|-damage|p2a: Silvally|62/100 slp
|
|upkeep
|turn|155
|
|t:|1628341254
|switch|p1a: Charizard|Charizard, F|100/100
|-curestatus|p2a: Silvally|slp|[msg]
|move|p2a: Silvally|Flamethrower|p1a: Charizard
|-resisted|p1a: Charizard
|-crit|p1a: Charizard
|-damage|p1a: Charizard|86/100
|
|upkeep
|turn|156
|
|t:|1628341262
|switch|p2a: Altaria|Altaria, M|88/100
|move|p1a: Charizard|Defog|p2a: Altaria
|-unboost|p2a: Altaria|evasion|1
|-sideend|p2: PULT83c yovan|Stealth Rock|[from] move: Defog|[of] p1a: Charizard
|-sideend|p1: Vy8|Stealth Rock|[from] move: Defog|[of] p1a: Charizard
|
|upkeep
|turn|157
|
|t:|1628341268
|switch|p1a: Sandaconda|Sandaconda, F|100/100
|switch|p2a: Ditto|Ditto|68/100
|-transform|p2a: Ditto|p1a: Sandaconda|[from] ability: Imposter
|
|upkeep
|turn|158
|
|t:|1628341272
|move|p2a: Ditto|Rest|p2a: Ditto
|-status|p2a: Ditto|slp|[from] move: Rest
|-heal|p2a: Ditto|100/100 slp|[silent]
|move|p1a: Sandaconda|Earthquake|p2a: Ditto
|-damage|p2a: Ditto|66/100 slp
|
|upkeep
|turn|159
|
|t:|1628341277
|switch|p2a: Altaria|Altaria, M|88/100
|move|p1a: Sandaconda|Stealth Rock|p2a: Altaria
|-sidestart|p2: PULT83c yovan|move: Stealth Rock
|
|upkeep
|turn|160
|
|t:|1628341282
|switch|p1a: Aromatisse|Aromatisse, F|100/100
|move|p2a: Altaria|Defog|p1a: Aromatisse
|-unboost|p1a: Aromatisse|evasion|1
|-sideend|p2: PULT83c yovan|Stealth Rock|[from] move: Defog|[of] p2a: Altaria
|
|upkeep
|turn|161
|
|t:|1628341287
|switch|p2a: Articuno|Articuno|79/100
|-ability|p2a: Articuno|Pressure
|move|p1a: Aromatisse|Wish|p1a: Aromatisse
|
|upkeep
|turn|162
|
|t:|1628341289
|switch|p1a: Togedemaru|Togedemaru, M|67/100
|move|p2a: Articuno|Freeze-Dry|p1a: Togedemaru
|-resisted|p1a: Togedemaru
|-damage|p1a: Togedemaru|48/100
|
|-heal|p1a: Togedemaru|100/100|[from] move: Wish|[wisher] Aromatisse
|upkeep
|turn|163
|
|t:|1628341299
|switch|p2a: Pyukumuku|Pyukumuku, M|100/100
|move|p1a: Togedemaru|Iron Head|p2a: Pyukumuku
|-resisted|p2a: Pyukumuku
|-damage|p2a: Pyukumuku|88/100
|
|upkeep
|turn|164
|
|t:|1628341305
|switch|p1a: Sandaconda|Sandaconda, F|100/100
|move|p2a: Pyukumuku|Toxic|p1a: Sandaconda
|-status|p1a: Sandaconda|tox
|
|-activate|p1a: Sandaconda|ability: Shed Skin
|-curestatus|p1a: Sandaconda|tox|[msg]
|upkeep
|turn|165
|
|t:|1628341310
|switch|p1a: Togedemaru|Togedemaru, M|100/100
|switch|p2a: Altaria|Altaria, M|88/100
|
|upkeep
|turn|166
|
|t:|1628341322
|switch|p2a: Silvally|Silvally-Ground|62/100
|move|p1a: Togedemaru|Iron Head|p2a: Silvally
|-damage|p2a: Silvally|33/100
|
|upkeep
|turn|167
|
|t:|1628341329
|move|p1a: Togedemaru|Iron Head|p2a: Silvally
|-damage|p2a: Silvally|2/100
|cant|p2a: Silvally|flinch
|
|upkeep
|turn|168
|
|t:|1628341342
|switch|p1a: Sandaconda|Sandaconda, F|100/100
|switch|p2a: Pyukumuku|Pyukumuku, M|88/100
|
|upkeep
|turn|169
|
|t:|1628341346
|switch|p2a: Altaria|Altaria, M|88/100
|move|p1a: Sandaconda|Stealth Rock|p2a: Altaria
|-sidestart|p2: PULT83c yovan|move: Stealth Rock
|
|upkeep
|turn|170
|
|t:|1628341350
|switch|p1a: Aromatisse|Aromatisse, F|100/100
|move|p2a: Altaria|Defog|p1a: Aromatisse
|-unboost|p1a: Aromatisse|evasion|1
|-sideend|p2: PULT83c yovan|Stealth Rock|[from] move: Defog|[of] p2a: Altaria
|
|upkeep
|turn|171
|
|t:|1628341356
|switch|p2a: Articuno|Articuno|79/100
|-ability|p2a: Articuno|Pressure
|move|p1a: Aromatisse|Wish|p1a: Aromatisse
|
|upkeep
|turn|172
|
|t:|1628341362
|switch|p1a: Togedemaru|Togedemaru, M|100/100
|move|p2a: Articuno|Roost|p2a: Articuno
|-heal|p2a: Articuno|100/100
|-singleturn|p2a: Articuno|move: Roost
|
|upkeep
|turn|173
|
|t:|1628341369
|switch|p2a: Pyukumuku|Pyukumuku, M|88/100
|move|p1a: Togedemaru|U-turn|p2a: Pyukumuku
|-damage|p2a: Pyukumuku|72/100
|
|t:|1628341381
|switch|p1a: Sandaconda|Sandaconda, F|100/100|[from]move: U-turn
|
|upkeep
|turn|174
|
|t:|1628341386
|switch|p2a: Altaria|Altaria, M|88/100
|move|p1a: Sandaconda|Rock Blast|p2a: Altaria
|-supereffective|p2a: Altaria
|-damage|p2a: Altaria|75/100
|-supereffective|p2a: Altaria
|-damage|p2a: Altaria|62/100
|-supereffective|p2a: Altaria
|-damage|p2a: Altaria|49/100
|-supereffective|p2a: Altaria
|-damage|p2a: Altaria|35/100
|-supereffective|p2a: Altaria
|-damage|p2a: Altaria|22/100
|-hitcount|p2a: Altaria|5
|
|upkeep
|turn|175
|
|t:|1628341397
|move|p2a: Altaria|Roost|p2a: Altaria
|-heal|p2a: Altaria|72/100
|-singleturn|p2a: Altaria|move: Roost
|move|p1a: Sandaconda|Stealth Rock|p2a: Altaria
|-sidestart|p2: PULT83c yovan|move: Stealth Rock
|
|upkeep
|turn|176
|
|t:|1628341401
|switch|p1a: Aromatisse|Aromatisse, F|100/100
|move|p2a: Altaria|Defog|p1a: Aromatisse
|-unboost|p1a: Aromatisse|evasion|1
|-sideend|p2: PULT83c yovan|Stealth Rock|[from] move: Defog|[of] p2a: Altaria
|
|upkeep
|turn|177
|
|t:|1628341408
|switch|p2a: Articuno|Articuno|100/100
|-ability|p2a: Articuno|Pressure
|move|p1a: Aromatisse|Wish|p1a: Aromatisse
|
|upkeep
|turn|178
|
|t:|1628341416
|switch|p2a: Pyukumuku|Pyukumuku, M|72/100
|switch|p1a: Togedemaru|Togedemaru, M|100/100
|
|upkeep
|turn|179
|
|t:|1628341420
|move|p1a: Togedemaru|U-turn|p2a: Pyukumuku
|-damage|p2a: Pyukumuku|58/100
|
|t:|1628341423
|switch|p1a: Sandaconda|Sandaconda, F|100/100|[from]move: U-turn
|move|p2a: Pyukumuku|Recover|p2a: Pyukumuku
|-heal|p2a: Pyukumuku|100/100
|
|upkeep
|turn|180
|
|t:|1628341431
|switch|p2a: Altaria|Altaria, M|72/100
|move|p1a: Sandaconda|Stealth Rock|p2a: Altaria
|-sidestart|p2: PULT83c yovan|move: Stealth Rock
|
|upkeep
|turn|181
|
|t:|1628341435
|switch|p1a: Aromatisse|Aromatisse, F|100/100
|move|p2a: Altaria|Defog|p1a: Aromatisse
|-unboost|p1a: Aromatisse|evasion|1
|-sideend|p2: PULT83c yovan|Stealth Rock|[from] move: Defog|[of] p2a: Altaria
|
|upkeep
|turn|182
|
|t:|1628341439
|switch|p2a: Articuno|Articuno|100/100
|-ability|p2a: Articuno|Pressure
|move|p1a: Aromatisse|Wish|p1a: Aromatisse
|
|upkeep
|turn|183
|
|t:|1628341447
|switch|p1a: Togedemaru|Togedemaru, M|100/100
|move|p2a: Articuno|Freeze-Dry|p1a: Togedemaru
|-resisted|p1a: Togedemaru
|-damage|p1a: Togedemaru|83/100
|
|-heal|p1a: Togedemaru|100/100|[from] move: Wish|[wisher] Aromatisse
|upkeep
|turn|184
|
|t:|1628341449
|move|p1a: Togedemaru|U-turn|p2a: Articuno
|-resisted|p2a: Articuno
|-damage|p2a: Articuno|91/100
|
|t:|1628341453
|switch|p1a: Charizard|Charizard, F|86/100|[from]move: U-turn
|move|p2a: Articuno|Freeze-Dry|p1a: Charizard
|-damage|p1a: Charizard|61/100
|
|upkeep
|turn|185
|
|t:|1628341458
|switch|p1a: Togedemaru|Togedemaru, M|100/100
|switch|p2a: Altaria|Altaria, M|72/100
|
|upkeep
|turn|186
|
|t:|1628341465
|switch|p2a: Pyukumuku|Pyukumuku, M|100/100
|move|p1a: Togedemaru|Iron Head|p2a: Pyukumuku
|-resisted|p2a: Pyukumuku
|-damage|p2a: Pyukumuku|89/100
|
|upkeep
|turn|187
|
|t:|1628341470
|switch|p1a: Sandaconda|Sandaconda, F|100/100
|switch|p2a: Silvally|Silvally-Ground|2/100
|
|upkeep
|turn|188
|
|t:|1628341476
|switch|p1a: Grapploct|Grapploct, F|5/100
|move|p2a: Silvally|Rest|p2a: Silvally
|-status|p2a: Silvally|slp|[from] move: Rest
|-heal|p2a: Silvally|100/100 slp|[silent]
|
|upkeep
|turn|189
|
|t:|1628341485
|switch|p2a: Articuno|Articuno|91/100
|-ability|p2a: Articuno|Pressure
|move|p1a: Grapploct|Drain Punch|p2a: Articuno
|-damage|p2a: Articuno|66/100
|-heal|p1a: Grapploct|18/100|[from] drain|[of] p2a: Articuno
|
|upkeep
|turn|190
|
|t:|1628341494
|switch|p1a: Togedemaru|Togedemaru, M|100/100
|move|p2a: Articuno|Freeze-Dry|p1a: Togedemaru
|-resisted|p1a: Togedemaru
|-damage|p1a: Togedemaru|83/100
|
|upkeep
|turn|191
|
|t:|1628341498
|switch|p2a: Pyukumuku|Pyukumuku, M|89/100
|move|p1a: Togedemaru|U-turn|p2a: Pyukumuku
|-damage|p2a: Pyukumuku|74/100
|
|t:|1628341503
|switch|p1a: Sandaconda|Sandaconda, F|100/100|[from]move: U-turn
|
|upkeep
|turn|192
|
|t:|1628341507
|switch|p2a: Altaria|Altaria, M|72/100
|move|p1a: Sandaconda|Stealth Rock|p2a: Altaria
|-sidestart|p2: PULT83c yovan|move: Stealth Rock
|
|upkeep
|turn|193
|
|t:|1628341512
|switch|p1a: Aromatisse|Aromatisse, F|100/100
|move|p2a: Altaria|Defog|p1a: Aromatisse
|-unboost|p1a: Aromatisse|evasion|1
|-sideend|p2: PULT83c yovan|Stealth Rock|[from] move: Defog|[of] p2a: Altaria
|
|upkeep
|turn|194
|j| Antares
|
|t:|1628341521
|switch|p1a: Sandaconda|Sandaconda, F|100/100
|move|p2a: Altaria|Toxic|p1a: Sandaconda
|-status|p1a: Sandaconda|tox
|
|-activate|p1a: Sandaconda|ability: Shed Skin
|-curestatus|p1a: Sandaconda|tox|[msg]
|upkeep
|turn|195
|
|t:|1628341527
|move|p2a: Altaria|Heal Bell|p2a: Altaria
|-activate|p2a: Altaria|move: Heal Bell
|-curestatus|p2: Ditto|slp|[msg]
|-curestatus|p2: Silvally|slp|[msg]
|move|p1a: Sandaconda|Stealth Rock|p2a: Altaria
|-sidestart|p2: PULT83c yovan|move: Stealth Rock
|
|upkeep
|turn|196
|
|t:|1628341530
|move|p2a: Altaria|Defog|p1a: Sandaconda
|-unboost|p1a: Sandaconda|evasion|1
|-sideend|p2: PULT83c yovan|Stealth Rock|[from] move: Defog|[of] p2a: Altaria
|move|p1a: Sandaconda|Rock Blast|p2a: Altaria
|-supereffective|p2a: Altaria
|-damage|p2a: Altaria|59/100
|-supereffective|p2a: Altaria
|-crit|p2a: Altaria
|-damage|p2a: Altaria|40/100
|-hitcount|p2a: Altaria|2
|
|upkeep
|turn|197
|
|t:|1628341533
|move|p2a: Altaria|Roost|p2a: Altaria
|-heal|p2a: Altaria|90/100
|-singleturn|p2a: Altaria|move: Roost
|move|p1a: Sandaconda|Stealth Rock|p2a: Altaria
|-sidestart|p2: PULT83c yovan|move: Stealth Rock
|
|upkeep
|turn|198
|
|t:|1628341540
|switch|p1a: Grapploct|Grapploct, F|18/100
|move|p2a: Altaria|Defog|p1a: Grapploct
|-unboost|p1a: Grapploct|evasion|1
|-sideend|p2: PULT83c yovan|Stealth Rock|[from] move: Defog|[of] p2a: Altaria
|
|upkeep
|turn|199
|
|t:|1628341545
|move|p2a: Altaria|Toxic|p1a: Grapploct
|-status|p1a: Grapploct|tox
|move|p1a: Grapploct|Ice Punch|p2a: Altaria
|-supereffective|p2a: Altaria
|-damage|p2a: Altaria|11/100
|
|-damage|p1a: Grapploct|12/100 tox|[from] psn
|upkeep
|turn|200
|
|t:|1628341562
|move|p2a: Altaria|Roost|p2a: Altaria
|-heal|p2a: Altaria|61/100
|-singleturn|p2a: Altaria|move: Roost
|move|p1a: Grapploct|Drain Punch|p2a: Altaria
|-damage|p2a: Altaria|32/100
|-heal|p1a: Grapploct|27/100 tox|[from] drain|[of] p2a: Altaria
|
|-damage|p1a: Grapploct|15/100 tox|[from] psn
|upkeep
|turn|201
|
|t:|1628341567
|switch|p1a: Aromatisse|Aromatisse, F|100/100
|move|p2a: Altaria|Roost|p2a: Altaria
|-heal|p2a: Altaria|82/100
|-singleturn|p2a: Altaria|move: Roost
|
|upkeep
|turn|202
|
|t:|1628341573
|switch|p2a: Pyukumuku|Pyukumuku, M|74/100
|move|p1a: Aromatisse|Protect||[still]
|-fail|p1a: Aromatisse
|
|upkeep
|turn|203
|
|t:|1628341583
|switch|p2a: Ditto|Ditto|66/100
|-transform|p2a: Ditto|p1a: Aromatisse|[from] ability: Imposter
|move|p1a: Aromatisse|Wish|p1a: Aromatisse
|
|upkeep
|turn|204
|
|t:|1628341592
|move|p2a: Ditto|Wish|p2a: Ditto
|move|p1a: Aromatisse|Aromatherapy|p1a: Aromatisse
|-activate|p1a: Aromatisse|move: Aromatherapy
|-curestatus|p1: Grapploct|tox|[msg]
|
|upkeep
|turn|205
|
|t:|1628341597
|switch|p2a: Pyukumuku|Pyukumuku, M|74/100
|move|p1a: Aromatisse|Wish|p1a: Aromatisse
|
|-heal|p2a: Pyukumuku|100/100|[from] move: Wish|[wisher] Ditto
|upkeep
|turn|206
|
|t:|1628341600
|switch|p1a: Grapploct|Grapploct, F|15/100
|move|p2a: Pyukumuku|Toxic|p1a: Grapploct
|-status|p1a: Grapploct|tox
|
|-heal|p1a: Grapploct|69/100 tox|[from] move: Wish|[wisher] Aromatisse
|-damage|p1a: Grapploct|62/100 tox|[from] psn
|upkeep
|turn|207
|
|t:|1628341608
|switch|p2a: Articuno|Articuno|66/100
|-ability|p2a: Articuno|Pressure
|move|p1a: Grapploct|Octolock|p2a: Articuno
|-start|p2a: Articuno|move: Octolock|[of] p1a: Grapploct
|
|-damage|p1a: Grapploct|50/100 tox|[from] psn
|-unboost|p2a: Articuno|def|1
|-unboost|p2a: Articuno|spd|1
|upkeep
|turn|208
|
|t:|1628341612
|move|p2a: Articuno|Haze|p2a: Articuno
|-clearallboost
|move|p1a: Grapploct|Drain Punch|p2a: Articuno
|-damage|p2a: Articuno|41/100
|-heal|p1a: Grapploct|63/100 tox|[from] drain|[of] p2a: Articuno
|
|-damage|p1a: Grapploct|45/100 tox|[from] psn
|-unboost|p2a: Articuno|def|1
|-unboost|p2a: Articuno|spd|1
|upkeep
|turn|209
|
|t:|1628341618
|move|p2a: Articuno|Haze|p2a: Articuno
|-clearallboost
|move|p1a: Grapploct|Drain Punch|p2a: Articuno
|-damage|p2a: Articuno|14/100
|-heal|p1a: Grapploct|60/100 tox|[from] drain|[of] p2a: Articuno
|
|-damage|p1a: Grapploct|35/100 tox|[from] psn
|-unboost|p2a: Articuno|def|1
|-unboost|p2a: Articuno|spd|1
|upkeep
|turn|210
|
|t:|1628341623
|move|p2a: Articuno|Freeze-Dry|p1a: Grapploct
|-damage|p1a: Grapploct|17/100 tox
|move|p1a: Grapploct|Drain Punch|p2a: Articuno
|-damage|p2a: Articuno|0 fnt
|-heal|p1a: Grapploct|24/100 tox|[from] drain|[of] p2a: Articuno
|faint|p2a: Articuno
|
|-damage|p1a: Grapploct|0 fnt|[from] psn
|faint|p1a: Grapploct
|upkeep
|
|t:|1628341635
|switch|p2a: Ditto|Ditto|66/100
|switch|p1a: Sandaconda|Sandaconda, F|100/100
|-transform|p2a: Ditto|p1a: Sandaconda|[from] ability: Imposter
|turn|211
|
|t:|1628341641
|switch|p2a: Altaria|Altaria, M|82/100
|move|p1a: Sandaconda|Earthquake|p2a: Altaria
|-immune|p2a: Altaria
|
|upkeep
|turn|212
|
|t:|1628341652
|switch|p2a: Silvally|Silvally-Ground|100/100
|switch|p1a: Aromatisse|Aromatisse, F|100/100
|
|upkeep
|turn|213
|
|t:|1628341658
|switch|p2a: Ditto|Ditto|66/100
|-transform|p2a: Ditto|p1a: Aromatisse|[from] ability: Imposter
|switch|p1a: Charizard|Charizard, F|61/100
|
|upkeep
|turn|214
|
|t:|1628341665
|switch|p2a: Pyukumuku|Pyukumuku, M|100/100
|move|p1a: Charizard|Toxic|p2a: Pyukumuku
|-status|p2a: Pyukumuku|tox
|
|-damage|p2a: Pyukumuku|94/100 tox|[from] psn
|upkeep
|turn|215
|
|t:|1628341670
|switch|p1a: Sandaconda|Sandaconda, F|100/100
|switch|p2a: Ditto|Ditto|66/100
|-transform|p2a: Ditto|p1a: Sandaconda|[from] ability: Imposter
|
|upkeep
|turn|216
|
|t:|1628341677
|switch|p2a: Altaria|Altaria, M|82/100
|move|p1a: Sandaconda|Stealth Rock|p2a: Altaria
|-sidestart|p2: PULT83c yovan|move: Stealth Rock
|
|upkeep
|turn|217
|
|t:|1628341682
|switch|p1a: Togedemaru|Togedemaru, M|83/100
|move|p2a: Altaria|Defog|p1a: Togedemaru
|-unboost|p1a: Togedemaru|evasion|1
|-sideend|p2: PULT83c yovan|Stealth Rock|[from] move: Defog|[of] p2a: Altaria
|
|upkeep
|turn|218
|
|t:|1628341686
|switch|p2a: Ditto|Ditto|66/100
|-transform|p2a: Ditto|p1a: Togedemaru|[from] ability: Imposter
|move|p1a: Togedemaru|U-turn|p2a: Ditto
|-resisted|p2a: Ditto
|-crit|p2a: Ditto
|-damage|p2a: Ditto|43/100
|
|t:|1628341693
|switch|p1a: Charizard|Charizard, F|61/100|[from]move: U-turn
|
|upkeep
|turn|219
|
|t:|1628341696
|switch|p1a: Sandaconda|Sandaconda, F|100/100
|move|p2a: Ditto|U-turn|p1a: Sandaconda
|-damage|p1a: Sandaconda|86/100
|
|t:|1628341700
|switch|p2a: Altaria|Altaria, M|82/100|[from]move: U-turn
|
|-heal|p1a: Sandaconda|92/100|[from] item: Leftovers
|upkeep
|turn|220
|
|t:|1628341703
|switch|p2a: Silvally|Silvally-Ground|100/100
|switch|p1a: Aromatisse|Aromatisse, F|100/100
|
|upkeep
|turn|221
|j| Tlenit
|
|t:|1628341709
|switch|p2a: Altaria|Altaria, M|82/100
|switch|p1a: Charizard|Charizard, F|61/100
|
|upkeep
|turn|222
|
|t:|1628341715
|switch|p1a: Sandaconda|Sandaconda, F|92/100
|switch|p2a: Ditto|Ditto|43/100
|-transform|p2a: Ditto|p1a: Sandaconda|[from] ability: Imposter
|
|-heal|p1a: Sandaconda|98/100|[from] item: Leftovers
|upkeep
|turn|223
|
|t:|1628341719
|move|p2a: Ditto|Rest|p2a: Ditto
|-status|p2a: Ditto|slp|[from] move: Rest
|-heal|p2a: Ditto|100/100 slp|[silent]
|move|p1a: Sandaconda|Stealth Rock|p2a: Ditto
|-sidestart|p2: PULT83c yovan|move: Stealth Rock
|
|-activate|p2a: Ditto|ability: Shed Skin
|-curestatus|p2a: Ditto|slp|[msg]
|-heal|p1a: Sandaconda|100/100|[from] item: Leftovers
|upkeep
|turn|224
|
|t:|1628341722
|switch|p2a: Silvally|Silvally-Ground|100/100
|-damage|p2a: Silvally|94/100|[from] Stealth Rock
|switch|p1a: Aromatisse|Aromatisse, F|100/100
|
|upkeep
|turn|225
|
|t:|1628341726
|move|p2a: Silvally|Defog|p1a: Aromatisse
|-unboost|p1a: Aromatisse|evasion|1
|-sideend|p2: PULT83c yovan|Stealth Rock|[from] move: Defog|[of] p2a: Silvally
|move|p1a: Aromatisse|Moonblast|p2a: Silvally
|-damage|p2a: Silvally|73/100
|-unboost|p2a: Silvally|spa|1
|
|upkeep
|turn|226
|
|t:|1628341732
|switch|p2a: Pyukumuku|Pyukumuku, M|94/100 tox
|switch|p1a: Charizard|Charizard, F|61/100
|
|-damage|p2a: Pyukumuku|88/100 tox|[from] psn
|upkeep
|turn|227
|
|t:|1628341741
|switch|p1a: Sandaconda|Sandaconda, F|100/100
|switch|p2a: Ditto|Ditto|100/100
|-transform|p2a: Ditto|p1a: Sandaconda|[from] ability: Imposter
|
|upkeep
|turn|228
|
|t:|1628341749
|switch|p2a: Altaria|Altaria, M|82/100
|switch|p1a: Charizard|Charizard, F|61/100
|
|upkeep
|turn|229
|
|t:|1628341758
|switch|p1a: Togedemaru|Togedemaru, M|83/100
|switch|p2a: Ditto|Ditto|100/100
|-transform|p2a: Ditto|p1a: Togedemaru|[from] ability: Imposter
|
|upkeep
|turn|230
|
|t:|1628341762
|move|p1a: Togedemaru|Iron Head|p2a: Ditto
|-resisted|p2a: Ditto
|-crit|p2a: Ditto
|-damage|p2a: Ditto|79/100
|move|p2a: Ditto|Iron Head|p1a: Togedemaru
|-resisted|p1a: Togedemaru
|-damage|p1a: Togedemaru|66/100
|
|upkeep
|turn|231
|
|t:|1628341769
|switch|p2a: Pyukumuku|Pyukumuku, M|88/100 tox
|move|p1a: Togedemaru|Iron Head|p2a: Pyukumuku
|-resisted|p2a: Pyukumuku
|-damage|p2a: Pyukumuku|75/100 tox
|
|-damage|p2a: Pyukumuku|69/100 tox|[from] psn
|upkeep
|turn|232
|
|t:|1628341775
|switch|p1a: Sandaconda|Sandaconda, F|100/100
|switch|p2a: Ditto|Ditto|79/100
|-transform|p2a: Ditto|p1a: Sandaconda|[from] ability: Imposter
|
|upkeep
|turn|233
|
|t:|1628341783
|move|p2a: Ditto|Rock Blast|p1a: Sandaconda
|-resisted|p1a: Sandaconda
|-damage|p1a: Sandaconda|98/100
|-resisted|p1a: Sandaconda
|-damage|p1a: Sandaconda|96/100
|-hitcount|p1a: Sandaconda|2
|move|p1a: Sandaconda|Stealth Rock|p2a: Ditto
|-sidestart|p2: PULT83c yovan|move: Stealth Rock
|
|-heal|p1a: Sandaconda|100/100|[from] item: Leftovers
|upkeep
|turn|234
|
|t:|1628341787
|switch|p1a: Aromatisse|Aromatisse, F|100/100
|move|p2a: Ditto|Rock Blast|p1a: Aromatisse
|-damage|p1a: Aromatisse|96/100
|-crit|p1a: Aromatisse
|-damage|p1a: Aromatisse|88/100
|-damage|p1a: Aromatisse|83/100
|-damage|p1a: Aromatisse|79/100
|-hitcount|p1a: Aromatisse|4
|
|-heal|p1a: Aromatisse|85/100|[from] item: Leftovers
|upkeep
|turn|235
|
|t:|1628341795
|switch|p2a: Silvally|Silvally-Ground|73/100
|-damage|p2a: Silvally|67/100|[from] Stealth Rock
|move|p1a: Aromatisse|Moonblast|p2a: Silvally
|-damage|p2a: Silvally|44/100
|
|-heal|p1a: Aromatisse|91/100|[from] item: Leftovers
|upkeep
|turn|236
|
|t:|1628341805
|switch|p1a: Charizard|Charizard, F|61/100
|move|p2a: Silvally|Defog|p1a: Charizard
|-unboost|p1a: Charizard|evasion|1
|-sideend|p2: PULT83c yovan|Stealth Rock|[from] move: Defog|[of] p2a: Silvally
|
|upkeep
|turn|237
|
|t:|1628341814
|switch|p2a: Pyukumuku|Pyukumuku, M|69/100 tox
|move|p1a: Charizard|Toxic|p2a: Pyukumuku
|-fail|p2a: Pyukumuku|tox
|
|-damage|p2a: Pyukumuku|63/100 tox|[from] psn
|upkeep
|turn|238
|
|t:|1628341818
|switch|p1a: Togedemaru|Togedemaru, M|66/100
|move|p2a: Pyukumuku|Rest|p2a: Pyukumuku
|-status|p2a: Pyukumuku|slp|[from] move: Rest
|-heal|p2a: Pyukumuku|100/100 slp|[silent]
|
|upkeep
|turn|239
|
|t:|1628341822
|move|p1a: Togedemaru|U-turn|p2a: Pyukumuku
|-damage|p2a: Pyukumuku|86/100 slp
|
|t:|1628341826
|switch|p1a: Sandaconda|Sandaconda, F|100/100|[from]move: U-turn
|cant|p2a: Pyukumuku|slp
|
|upkeep
|turn|240
|
|t:|1628341830
|switch|p2a: Altaria|Altaria, M|82/100
|move|p1a: Sandaconda|Stealth Rock|p2a: Altaria
|-sidestart|p2: PULT83c yovan|move: Stealth Rock
|
|upkeep
|turn|241
|l| Antares
|
|t:|1628341832
|switch|p1a: Aromatisse|Aromatisse, F|91/100
|move|p2a: Altaria|Defog|p1a: Aromatisse
|-unboost|p1a: Aromatisse|evasion|1
|-sideend|p2: PULT83c yovan|Stealth Rock|[from] move: Defog|[of] p2a: Altaria
|
|-heal|p1a: Aromatisse|97/100|[from] item: Leftovers
|upkeep
|turn|242
|
|t:|1628341838
|switch|p2a: Silvally|Silvally-Ground|44/100
|switch|p1a: Togedemaru|Togedemaru, M|66/100
|
|upkeep
|turn|243
|
|t:|1628341843
|move|p1a: Togedemaru|U-turn|p2a: Silvally
|-damage|p2a: Silvally|26/100
|
|t:|1628341847
|switch|p1a: Sandaconda|Sandaconda, F|100/100|[from]move: U-turn
|move|p2a: Silvally|Multi-Attack|p1a: Sandaconda
|-damage|p1a: Sandaconda|67/100
|
|-heal|p1a: Sandaconda|73/100|[from] item: Leftovers
|upkeep
|turn|244
|
|t:|1628341850
|move|p2a: Silvally|Rest|p2a: Silvally
|-status|p2a: Silvally|slp|[from] move: Rest
|-heal|p2a: Silvally|100/100 slp|[silent]
|move|p1a: Sandaconda|Stealth Rock|p2a: Silvally
|-sidestart|p2: PULT83c yovan|move: Stealth Rock
|
|-heal|p1a: Sandaconda|79/100|[from] item: Leftovers
|upkeep
|turn|245
|
|t:|1628341853
|switch|p1a: Aromatisse|Aromatisse, F|97/100
|cant|p2a: Silvally|slp
|
|-heal|p1a: Aromatisse|100/100|[from] item: Leftovers
|upkeep
|turn|246
|
|t:|1628341857
|cant|p2a: Silvally|slp
|move|p1a: Aromatisse|Moonblast|p2a: Silvally
|-damage|p2a: Silvally|76/100 slp
|
|upkeep
|turn|247
|
|t:|1628341859
|-curestatus|p2a: Silvally|slp|[msg]
|move|p2a: Silvally|Defog|p1a: Aromatisse
|-unboost|p1a: Aromatisse|evasion|1
|-sideend|p2: PULT83c yovan|Stealth Rock|[from] move: Defog|[of] p2a: Silvally
|move|p1a: Aromatisse|Moonblast|p2a: Silvally
|-damage|p2a: Silvally|54/100
|
|upkeep
|turn|248
|
|t:|1628341866
|switch|p2a: Ditto|Ditto|79/100
|-transform|p2a: Ditto|p1a: Aromatisse|[from] ability: Imposter
|switch|p1a: Charizard|Charizard, F|61/100
|
|upkeep
|turn|249
|
|t:|1628341873
|move|p2a: Ditto|Protect|p2a: Ditto
|-singleturn|p2a: Ditto|Protect
|move|p1a: Charizard|Toxic|p2a: Ditto
|-activate|p2a: Ditto|move: Protect
|
|upkeep
|turn|250
|
|t:|1628341877
|switch|p2a: Pyukumuku|Pyukumuku, M|86/100 slp
|move|p1a: Charizard|Flamethrower|p2a: Pyukumuku
|-resisted|p2a: Pyukumuku
|-damage|p2a: Pyukumuku|73/100 slp
|
|upkeep
|turn|251
|
|t:|1628341883
|switch|p1a: Togedemaru|Togedemaru, M|66/100
|cant|p2a: Pyukumuku|slp
|
|upkeep
|turn|252
|
|t:|1628341890
|switch|p2a: Ditto|Ditto|79/100
|-transform|p2a: Ditto|p1a: Togedemaru|[from] ability: Imposter
|move|p1a: Togedemaru|Zing Zap|p2a: Ditto
|-ability|p2a: Ditto|Lightning Rod|boost
|-boost|p2a: Ditto|spa|1
|
|upkeep
|turn|253
|
|t:|1628341896
|switch|p1a: Sandaconda|Sandaconda, F|79/100
|move|p2a: Ditto|U-turn|p1a: Sandaconda
|-damage|p1a: Sandaconda|62/100
|
|t:|1628341906
|switch|p2a: Silvally|Silvally-Ground|54/100|[from]move: U-turn
|
|-heal|p1a: Sandaconda|68/100|[from] item: Leftovers
|upkeep
|turn|254
|
|t:|1628341920
|move|p2a: Silvally|Flamethrower|p1a: Sandaconda
|-damage|p1a: Sandaconda|52/100
|move|p1a: Sandaconda|Rest|p1a: Sandaconda
|-status|p1a: Sandaconda|slp|[from] move: Rest
|-heal|p1a: Sandaconda|100/100 slp|[silent]
|
|upkeep
|turn|255
|
|t:|1628341926
|switch|p2a: Pyukumuku|Pyukumuku, M|73/100 slp
|cant|p1a: Sandaconda|slp
|
|-activate|p1a: Sandaconda|ability: Shed Skin
|-curestatus|p1a: Sandaconda|slp|[msg]
|upkeep
|turn|256
|
|t:|1628341938
|switch|p1a: Togedemaru|Togedemaru, M|66/100
|switch|p2a: Altaria|Altaria, M|82/100
|
|upkeep
|turn|257
|
|t:|1628341944
|switch|p2a: Pyukumuku|Pyukumuku, M|73/100 slp
|move|p1a: Togedemaru|U-turn|p2a: Pyukumuku
|-damage|p2a: Pyukumuku|58/100 slp
|
|t:|1628341948
|switch|p1a: Aromatisse|Aromatisse, F|100/100|[from]move: U-turn
|
|upkeep
|turn|258
|
|t:|1628341951
|switch|p1a: Togedemaru|Togedemaru, M|66/100
|-curestatus|p2a: Pyukumuku|slp|[msg]
|move|p2a: Pyukumuku|Recover|p2a: Pyukumuku
|-heal|p2a: Pyukumuku|100/100
|
|upkeep
|turn|259
|inactive|Vy8 has 120 seconds left.
|c|☆Vy8|Why this shed shell what I’m missing what can trap in this tier ?
|inactive|Vy8 has 90 seconds left.
|n| HotChiliPelippers|pult83csurskit
|
|t:|1628342007
|move|p1a: Togedemaru|U-turn|p2a: Pyukumuku
|-damage|p2a: Pyukumuku|85/100
|
|t:|1628342009
|switch|p1a: Sandaconda|Sandaconda, F|100/100|[from]move: U-turn
|move|p2a: Pyukumuku|Toxic|p1a: Sandaconda
|-status|p1a: Sandaconda|tox
|
|-damage|p1a: Sandaconda|94/100 tox|[from] psn
|upkeep
|turn|260
|
|t:|1628342013
|switch|p1a: Togedemaru|Togedemaru, M|66/100
|switch|p2a: Ditto|Ditto|79/100
|-transform|p2a: Ditto|p1a: Togedemaru|[from] ability: Imposter
|
|upkeep
|turn|261
|inactive|Vy8 has 90 seconds left.
|
|t:|1628342022
|move|p1a: Togedemaru|Iron Head|p2a: Ditto
|-resisted|p2a: Ditto
|-damage|p2a: Ditto|66/100
|move|p2a: Ditto|U-turn|p1a: Togedemaru
|-resisted|p1a: Togedemaru
|-damage|p1a: Togedemaru|49/100
|
|t:|1628342027
|switch|p2a: Silvally|Silvally-Ground|54/100|[from]move: U-turn
|
|upkeep
|turn|262
|inactive|Vy8 has 90 seconds left.
|
|t:|1628342032
|switch|p1a: Charizard|Charizard, F|61/100
|move|p2a: Silvally|Flamethrower|p1a: Charizard
|-resisted|p1a: Charizard
|-damage|p1a: Charizard|51/100
|
|upkeep
|turn|263
|
|t:|1628342037
|switch|p2a: Ditto|Ditto|66/100
|-transform|p2a: Ditto|p1a: Charizard|[from] ability: Imposter
|move|p1a: Charizard|Flamethrower|p2a: Ditto
|-resisted|p2a: Ditto
|-damage|p2a: Ditto|43/100
|
|upkeep
|turn|264
|inactive|Vy8 has 90 seconds left.
|
|t:|1628342045
|move|p2a: Ditto|Roost|p2a: Ditto
|-heal|p2a: Ditto|93/100
|-singleturn|p2a: Ditto|move: Roost
|move|p1a: Charizard|Flamethrower|p2a: Ditto
|-resisted|p2a: Ditto
|-damage|p2a: Ditto|72/100
|
|upkeep
|turn|265
|
|t:|1628342050
|switch|p2a: Pyukumuku|Pyukumuku, M|85/100
|move|p1a: Charizard|Flamethrower|p2a: Pyukumuku
|-resisted|p2a: Pyukumuku
|-damage|p2a: Pyukumuku|73/100
|-status|p2a: Pyukumuku|brn
|
|-damage|p2a: Pyukumuku|67/100 brn|[from] brn
|upkeep
|turn|266
|inactive|Vy8 has 90 seconds left.
|
|t:|1628342056
|switch|p1a: Togedemaru|Togedemaru, M|49/100
|move|p2a: Pyukumuku|Rest|p2a: Pyukumuku
|-status|p2a: Pyukumuku|slp|[from] move: Rest
|-heal|p2a: Pyukumuku|100/100 slp|[silent]
|
|upkeep
|turn|267
|
|t:|1628342063
|move|p1a: Togedemaru|Iron Head|p2a: Pyukumuku
|-resisted|p2a: Pyukumuku
|-damage|p2a: Pyukumuku|87/100 slp
|cant|p2a: Pyukumuku|slp
|
|upkeep
|turn|268
|
|t:|1628342066
|switch|p1a: Sandaconda|Sandaconda, F|94/100 tox
|cant|p2a: Pyukumuku|slp
|
|-heal|p1a: Sandaconda|100/100 tox|[from] item: Leftovers
|-damage|p1a: Sandaconda|94/100 tox|[from] psn
|upkeep
|turn|269
|inactive|Vy8 has 90 seconds left.
|c|☆Vy8|And the fact that he u turn Crit my mesprit
|inactive|Vy8 has 60 seconds left.
|c|☆Vy8|I have never seen someone play stall and get this lucky
|
|t:|1628342108
|switch|p2a: Altaria|Altaria, M|82/100
|move|p1a: Sandaconda|Stealth Rock|p2a: Altaria
|-sidestart|p2: PULT83c yovan|move: Stealth Rock
|
|-heal|p1a: Sandaconda|100/100 tox|[from] item: Leftovers
|-damage|p1a: Sandaconda|88/100 tox|[from] psn
|upkeep
|turn|270
|
|t:|1628342126
|switch|p1a: Aromatisse|Aromatisse, F|100/100
|move|p2a: Altaria|Defog|p1a: Aromatisse
|-unboost|p1a: Aromatisse|evasion|1
|-sideend|p2: PULT83c yovan|Stealth Rock|[from] move: Defog|[of] p2a: Altaria
|
|upkeep
|turn|271
|
|t:|1628342131
|switch|p2a: Silvally|Silvally-Ground|54/100
|switch|p1a: Sandaconda|Sandaconda, F|88/100 tox
|
|-heal|p1a: Sandaconda|94/100 tox|[from] item: Leftovers
|-damage|p1a: Sandaconda|88/100 tox|[from] psn
|upkeep
|turn|272
|
|t:|1628342136
|switch|p1a: Charizard|Charizard, F|51/100
|move|p2a: Silvally|Flamethrower|p1a: Charizard
|-resisted|p1a: Charizard
|-damage|p1a: Charizard|42/100
|
|upkeep
|turn|273
|
|t:|1628342140
|move|p1a: Charizard|Flamethrower|p2a: Silvally
|-damage|p2a: Silvally|31/100
|-status|p2a: Silvally|brn
|move|p2a: Silvally|Multi-Attack|p1a: Charizard
|-immune|p1a: Charizard
|
|-damage|p2a: Silvally|25/100 brn|[from] brn
|upkeep
|turn|274
|
|t:|1628342149
|switch|p2a: Pyukumuku|Pyukumuku, M|87/100 slp
|move|p1a: Charizard|Flamethrower|p2a: Pyukumuku
|-resisted|p2a: Pyukumuku
|-damage|p2a: Pyukumuku|74/100 slp
|
|upkeep
|turn|275
|inactive|Vy8 has 60 seconds left.
|
|t:|1628342159
|switch|p1a: Togedemaru|Togedemaru, M|49/100
|switch|p2a: Ditto|Ditto|72/100
|-transform|p2a: Ditto|p1a: Togedemaru|[from] ability: Imposter
|
|upkeep
|turn|276
|
|t:|1628342162
|move|p1a: Togedemaru|U-turn|p2a: Ditto
|-resisted|p2a: Ditto
|-damage|p2a: Ditto|56/100
|inactive|Vy8 has 60 seconds left.
|
|t:|1628342168
|switch|p1a: Sandaconda|Sandaconda, F|88/100 tox|[from]move: U-turn
|move|p2a: Ditto|Iron Head|p1a: Sandaconda
|-damage|p1a: Sandaconda|62/100 tox
|
|-activate|p1a: Sandaconda|ability: Shed Skin
|-curestatus|p1a: Sandaconda|tox|[msg]
|-heal|p1a: Sandaconda|68/100|[from] item: Leftovers
|upkeep
|turn|277
|
|t:|1628342173
|switch|p2a: Altaria|Altaria, M|82/100
|switch|p1a: Togedemaru|Togedemaru, M|49/100
|
|upkeep
|turn|278
|inactive|Vy8 has 60 seconds left.
|inactive|PULT83c yovan has 120 seconds left.
|
|t:|1628342190
|move|p1a: Togedemaru|Zing Zap|p2a: Altaria
|-damage|p2a: Altaria|46/100
|cant|p2a: Altaria|flinch
|
|upkeep
|turn|279
|inactive|Vy8 has 60 seconds left.
|inactive|PULT83c yovan has 120 seconds left.
|
|t:|1628342198
|switch|p1a: Charizard|Charizard, F|42/100
|move|p2a: Altaria|Roost|p2a: Altaria
|-heal|p2a: Altaria|96/100
|-singleturn|p2a: Altaria|move: Roost
|
|upkeep
|turn|280
|
|t:|1628342205
|switch|p1a: Togedemaru|Togedemaru, M|49/100
|switch|p2a: Ditto|Ditto|56/100
|-transform|p2a: Ditto|p1a: Togedemaru|[from] ability: Imposter
|
|upkeep
|turn|281
|
|t:|1628342210
|move|p1a: Togedemaru|U-turn|p2a: Ditto
|-resisted|p2a: Ditto
|-damage|p2a: Ditto|38/100
|
|t:|1628342213
|switch|p1a: Sandaconda|Sandaconda, F|68/100|[from]move: U-turn
|move|p2a: Ditto|Iron Head|p1a: Sandaconda
|-damage|p1a: Sandaconda|38/100
|
|-heal|p1a: Sandaconda|44/100|[from] item: Leftovers
|upkeep
|turn|282
|inactive|PULT83c yovan has 120 seconds left.
|inactive|Vy8 has 60 seconds left.
|
|t:|1628342225
|move|p2a: Ditto|Iron Head|p1a: Sandaconda
|-damage|p1a: Sandaconda|17/100
|move|p1a: Sandaconda|Earthquake|p2a: Ditto
|-supereffective|p2a: Ditto
|-damage|p2a: Ditto|0 fnt
|faint|p2a: Ditto
|
|-heal|p1a: Sandaconda|23/100|[from] item: Leftovers
|upkeep
|
|t:|1628342228
|switch|p2a: Silvally|Silvally-Ground|25/100 brn
|turn|283
|inactive|Vy8 has 60 seconds left.
|
|t:|1628342234
|move|p2a: Silvally|Rest|p2a: Silvally
|-status|p2a: Silvally|slp|[from] move: Rest
|-heal|p2a: Silvally|100/100 slp|[silent]
|move|p1a: Sandaconda|Rest|p1a: Sandaconda
|-status|p1a: Sandaconda|slp|[from] move: Rest
|-heal|p1a: Sandaconda|100/100 slp|[silent]
|
|upkeep
|turn|284
|
|t:|1628342239
|switch|p1a: Charizard|Charizard, F|42/100
|cant|p2a: Silvally|slp
|
|upkeep
|turn|285
|
|t:|1628342251
|switch|p1a: Aromatisse|Aromatisse, F|100/100
|cant|p2a: Silvally|slp
|
|upkeep
|turn|286
|inactive|PULT83c yovan has 120 seconds left.
|
|t:|1628342267
|switch|p2a: Pyukumuku|Pyukumuku, M|74/100 slp
|switch|p1a: Charizard|Charizard, F|42/100
|
|upkeep
|turn|287
|
|t:|1628342273
|switch|p1a: Sandaconda|Sandaconda, F|100/100 slp
|switch|p2a: Silvally|Silvally-Ground|100/100 slp
|
|upkeep
|turn|288
|
|t:|1628342280
|switch|p2a: Altaria|Altaria, M|96/100
|cant|p1a: Sandaconda|slp
|
|upkeep
|turn|289
|
|t:|1628342287
|switch|p2a: Pyukumuku|Pyukumuku, M|74/100 slp
|cant|p1a: Sandaconda|slp
|
|upkeep
|turn|290
|
|t:|1628342294
|switch|p1a: Togedemaru|Togedemaru, M|49/100
|switch|p2a: Silvally|Silvally-Ground|100/100 slp
|
|upkeep
|turn|291
|
|t:|1628342298
|switch|p2a: Pyukumuku|Pyukumuku, M|74/100 slp
|move|p1a: Togedemaru|U-turn|p2a: Pyukumuku
|-damage|p2a: Pyukumuku|59/100 slp
|
|t:|1628342305
|switch|p1a: Aromatisse|Aromatisse, F|100/100|[from]move: U-turn
|
|upkeep
|turn|292
|
|t:|1628342308
|switch|p1a: Togedemaru|Togedemaru, M|49/100
|-curestatus|p2a: Pyukumuku|slp|[msg]
|move|p2a: Pyukumuku|Recover|p2a: Pyukumuku
|-heal|p2a: Pyukumuku|100/100
|
|upkeep
|turn|293
|
|t:|1628342316
|switch|p2a: Silvally|Silvally-Ground|100/100 slp
|move|p1a: Togedemaru|Zing Zap|p2a: Silvally
|-immune|p2a: Silvally
|
|upkeep
|turn|294
|
|t:|1628342322
|switch|p1a: Charizard|Charizard, F|42/100
|switch|p2a: Altaria|Altaria, M|96/100
|
|upkeep
|turn|295
|
|t:|1628342328
|switch|p1a: Sandaconda|Sandaconda, F|100/100 slp
|switch|p2a: Pyukumuku|Pyukumuku, M|100/100
|
|-activate|p1a: Sandaconda|ability: Shed Skin
|-curestatus|p1a: Sandaconda|slp|[msg]
|upkeep
|turn|296
|
|t:|1628342336
|switch|p1a: Togedemaru|Togedemaru, M|49/100
|switch|p2a: Altaria|Altaria, M|96/100
|
|upkeep
|turn|297
|
|t:|1628342340
|switch|p2a: Silvally|Silvally-Ground|100/100 slp
|move|p1a: Togedemaru|U-turn|p2a: Silvally
|-damage|p2a: Silvally|83/100 slp
|
|t:|1628342343
|switch|p1a: Charizard|Charizard, F|42/100|[from]move: U-turn
|
|upkeep
|turn|298
|
|t:|1628342349
|move|p1a: Charizard|Flamethrower|p2a: Silvally
|-damage|p2a: Silvally|61/100 slp
|-curestatus|p2a: Silvally|slp|[msg]
|move|p2a: Silvally|Multi-Attack|p1a: Charizard
|-immune|p1a: Charizard
|
|upkeep
|turn|299
|
|t:|1628342353
|switch|p2a: Altaria|Altaria, M|96/100
|move|p1a: Charizard|Flamethrower|p2a: Altaria
|-resisted|p2a: Altaria
|-damage|p2a: Altaria|84/100
|
|upkeep
|turn|300
|
|t:|1628342356
|switch|p1a: Togedemaru|Togedemaru, M|49/100
|switch|p2a: Pyukumuku|Pyukumuku, M|100/100
|
|upkeep
|turn|301
|
|t:|1628342361
|move|p1a: Togedemaru|U-turn|p2a: Pyukumuku
|-damage|p2a: Pyukumuku|86/100
|
|t:|1628342365
|switch|p1a: Sandaconda|Sandaconda, F|100/100|[from]move: U-turn
|move|p2a: Pyukumuku|Toxic|p1a: Sandaconda
|-status|p1a: Sandaconda|tox
|
|-damage|p1a: Sandaconda|94/100 tox|[from] psn
|upkeep
|turn|302
|
|t:|1628342369
|switch|p1a: Togedemaru|Togedemaru, M|49/100
|switch|p2a: Silvally|Silvally-Ground|61/100
|
|upkeep
|turn|303
|
|t:|1628342376
|switch|p2a: Altaria|Altaria, M|84/100
|move|p1a: Togedemaru|U-turn|p2a: Altaria
|-resisted|p2a: Altaria
|-damage|p2a: Altaria|74/100
|
|t:|1628342379
|switch|p1a: Aromatisse|Aromatisse, F|100/100|[from]move: U-turn
|
|upkeep
|turn|304
|
|t:|1628342383
|move|p2a: Altaria|Toxic|p1a: Aromatisse
|-status|p1a: Aromatisse|tox
|move|p1a: Aromatisse|Moonblast|p2a: Altaria
|-supereffective|p2a: Altaria
|-damage|p2a: Altaria|31/100
|
|-damage|p1a: Aromatisse|94/100 tox|[from] psn
|upkeep
|turn|305
|
|t:|1628342388
|move|p2a: Altaria|Roost|p2a: Altaria
|-heal|p2a: Altaria|81/100
|-singleturn|p2a: Altaria|move: Roost
|move|p1a: Aromatisse|Moonblast|p2a: Altaria
|-supereffective|p2a: Altaria
|-crit|p2a: Altaria
|-damage|p2a: Altaria|17/100
|-unboost|p2a: Altaria|spa|1
|
|-heal|p1a: Aromatisse|100/100 tox|[from] item: Leftovers
|-damage|p1a: Aromatisse|88/100 tox|[from] psn
|upkeep
|turn|306
|
|t:|1628342393
|move|p2a: Altaria|Roost|p2a: Altaria
|-heal|p2a: Altaria|67/100
|-singleturn|p2a: Altaria|move: Roost
|move|p1a: Aromatisse|Moonblast|p2a: Altaria
|-supereffective|p2a: Altaria
|-damage|p2a: Altaria|21/100
|
|-heal|p1a: Aromatisse|94/100 tox|[from] item: Leftovers
|-damage|p1a: Aromatisse|76/100 tox|[from] psn
|upkeep
|turn|307
|
|t:|1628342398
|move|p2a: Altaria|Roost|p2a: Altaria
|-heal|p2a: Altaria|71/100
|-singleturn|p2a: Altaria|move: Roost
|move|p1a: Aromatisse|Moonblast|p2a: Altaria
|-supereffective|p2a: Altaria
|-damage|p2a: Altaria|25/100
|-unboost|p2a: Altaria|spa|1
|
|-heal|p1a: Aromatisse|82/100 tox|[from] item: Leftovers
|-damage|p1a: Aromatisse|58/100 tox|[from] psn
|upkeep
|turn|308
|
|t:|1628342403
|move|p2a: Altaria|Roost|p2a: Altaria
|-heal|p2a: Altaria|75/100
|-singleturn|p2a: Altaria|move: Roost
|move|p1a: Aromatisse|Aromatherapy|p1a: Aromatisse
|-activate|p1a: Aromatisse|move: Aromatherapy
|-curestatus|p1a: Aromatisse|tox|[msg]
|-curestatus|p1: Sandaconda|tox|[msg]
|
|-heal|p1a: Aromatisse|64/100|[from] item: Leftovers
|upkeep
|turn|309
|
|t:|1628342408
|move|p1a: Aromatisse|Protect|p1a: Aromatisse
|-singleturn|p1a: Aromatisse|Protect
|move|p2a: Altaria|Toxic|p1a: Aromatisse
|-activate|p1a: Aromatisse|move: Protect
|
|-heal|p1a: Aromatisse|70/100|[from] item: Leftovers
|upkeep
|turn|310
|
|t:|1628342413
|switch|p2a: Silvally|Silvally-Ground|61/100
|switch|p1a: Sandaconda|Sandaconda, F|94/100
|
|-heal|p1a: Sandaconda|100/100|[from] item: Leftovers
|upkeep
|turn|311
|
|t:|1628342418
|switch|p2a: Pyukumuku|Pyukumuku, M|86/100
|switch|p1a: Charizard|Charizard, F|42/100
|
|upkeep
|turn|312
|
|t:|1628342423
|switch|p1a: Togedemaru|Togedemaru, M|49/100
|switch|p2a: Altaria|Altaria, M|75/100
|
|upkeep
|turn|313
|
|t:|1628342429
|switch|p2a: Pyukumuku|Pyukumuku, M|86/100
|move|p1a: Togedemaru|Toxic|p2a: Pyukumuku
|-status|p2a: Pyukumuku|tox
|
|-damage|p2a: Pyukumuku|80/100 tox|[from] psn
|upkeep
|turn|314
|
|t:|1628342432
|switch|p1a: Sandaconda|Sandaconda, F|100/100
|move|p2a: Pyukumuku|Rest|p2a: Pyukumuku
|-status|p2a: Pyukumuku|slp|[from] move: Rest
|-heal|p2a: Pyukumuku|100/100 slp|[silent]
|
|upkeep
|turn|315
|
|t:|1628342435
|switch|p1a: Togedemaru|Togedemaru, M|49/100
|switch|p2a: Silvally|Silvally-Ground|61/100
|
|upkeep
|turn|316
|
|t:|1628342442
|switch|p2a: Altaria|Altaria, M|75/100
|move|p1a: Togedemaru|U-turn|p2a: Altaria
|-resisted|p2a: Altaria
|-damage|p2a: Altaria|64/100
|
|t:|1628342447
|switch|p1a: Sandaconda|Sandaconda, F|100/100|[from]move: U-turn
|
|upkeep
|turn|317
|
|t:|1628342451
|switch|p2a: Silvally|Silvally-Ground|61/100
|switch|p1a: Togedemaru|Togedemaru, M|49/100
|
|upkeep
|turn|318
|
|t:|1628342456
|move|p1a: Togedemaru|U-turn|p2a: Silvally
|-damage|p2a: Silvally|42/100
|
|t:|1628342460
|switch|p1a: Charizard|Charizard, F|42/100|[from]move: U-turn
|move|p2a: Silvally|Rest|p2a: Silvally
|-status|p2a: Silvally|slp|[from] move: Rest
|-heal|p2a: Silvally|100/100 slp|[silent]
|
|upkeep
|turn|319
|
|t:|1628342465
|switch|p1a: Sandaconda|Sandaconda, F|100/100
|switch|p2a: Pyukumuku|Pyukumuku, M|100/100 slp
|
|upkeep
|turn|320
|
|t:|1628342470
|switch|p1a: Aromatisse|Aromatisse, F|70/100
|cant|p2a: Pyukumuku|slp
|
|-heal|p1a: Aromatisse|76/100|[from] item: Leftovers
|upkeep
|turn|321
|
|t:|1628342479
|move|p1a: Aromatisse|Moonblast|p2a: Pyukumuku
|-damage|p2a: Pyukumuku|75/100 slp
|cant|p2a: Pyukumuku|slp
|
|-heal|p1a: Aromatisse|82/100|[from] item: Leftovers
|upkeep
|turn|322
|
|t:|1628342485
|switch|p2a: Silvally|Silvally-Ground|100/100 slp
|move|p1a: Aromatisse|Protect||[still]
|-fail|p1a: Aromatisse
|
|-heal|p1a: Aromatisse|88/100|[from] item: Leftovers
|upkeep
|turn|323
|
|t:|1628342490
|switch|p2a: Pyukumuku|Pyukumuku, M|75/100 slp
|move|p1a: Aromatisse|Moonblast|p2a: Pyukumuku
|-damage|p2a: Pyukumuku|49/100 slp
|
|-heal|p1a: Aromatisse|94/100|[from] item: Leftovers
|upkeep
|turn|324
|
|t:|1628342498
|switch|p1a: Togedemaru|Togedemaru, M|49/100
|-curestatus|p2a: Pyukumuku|slp|[msg]
|move|p2a: Pyukumuku|Recover|p2a: Pyukumuku
|-heal|p2a: Pyukumuku|99/100
|
|upkeep
|turn|325
|
|t:|1628342507
|move|p1a: Togedemaru|U-turn|p2a: Pyukumuku
|-damage|p2a: Pyukumuku|85/100
|
|t:|1628342509
|switch|p1a: Sandaconda|Sandaconda, F|100/100|[from]move: U-turn
|move|p2a: Pyukumuku|Spite||[still]
|-fail|p2a: Pyukumuku
|
|upkeep
|turn|326
|
|t:|1628342513
|switch|p1a: Togedemaru|Togedemaru, M|49/100
|switch|p2a: Silvally|Silvally-Ground|100/100 slp
|
|upkeep
|turn|327
|
|t:|1628342519
|switch|p2a: Pyukumuku|Pyukumuku, M|85/100
|move|p1a: Togedemaru|U-turn|p2a: Pyukumuku
|-damage|p2a: Pyukumuku|70/100
|
|t:|1628342525
|switch|p1a: Aromatisse|Aromatisse, F|94/100|[from]move: U-turn
|
|-heal|p1a: Aromatisse|100/100|[from] item: Leftovers
|upkeep
|turn|328
|
|t:|1628342530
|switch|p1a: Sandaconda|Sandaconda, F|100/100
|switch|p2a: Silvally|Silvally-Ground|100/100 slp
|
|upkeep
|turn|329
|
|t:|1628342538
|cant|p2a: Silvally|slp
|move|p1a: Sandaconda|Stealth Rock|p2a: Silvally
|-sidestart|p2: PULT83c yovan|move: Stealth Rock
|
|upkeep
|turn|330
|
|t:|1628342545
|switch|p1a: Charizard|Charizard, F|42/100
|cant|p2a: Silvally|slp
|
|upkeep
|turn|331
|
|t:|1628342553
|switch|p2a: Pyukumuku|Pyukumuku, M|70/100
|-damage|p2a: Pyukumuku|58/100|[from] Stealth Rock
|move|p1a: Charizard|Flamethrower|p2a: Pyukumuku
|-resisted|p2a: Pyukumuku
|-damage|p2a: Pyukumuku|44/100
|
|upkeep
|turn|332
|inactive|Vy8 has 90 seconds left.
|
|t:|1628342558
|switch|p1a: Togedemaru|Togedemaru, M|49/100
|move|p2a: Pyukumuku|Rest|p2a: Pyukumuku
|-status|p2a: Pyukumuku|slp|[from] move: Rest
|-heal|p2a: Pyukumuku|100/100 slp|[silent]
|
|upkeep
|turn|333
|inactive|Vy8 has 90 seconds left.
|
|t:|1628342564
|move|p1a: Togedemaru|U-turn|p2a: Pyukumuku
|-damage|p2a: Pyukumuku|86/100 slp
|
|t:|1628342566
|switch|p1a: Sandaconda|Sandaconda, F|100/100|[from]move: U-turn
|cant|p2a: Pyukumuku|slp
|
|upkeep
|turn|334
|
|t:|1628342572
|switch|p1a: Togedemaru|Togedemaru, M|49/100
|switch|p2a: Silvally|Silvally-Ground|100/100 slp
|-damage|p2a: Silvally|94/100 slp|[from] Stealth Rock
|
|upkeep
|turn|335
|
|t:|1628342577
|move|p1a: Togedemaru|U-turn|p2a: Silvally
|-damage|p2a: Silvally|77/100 slp
|
|t:|1628342579
|switch|p1a: Sandaconda|Sandaconda, F|100/100|[from]move: U-turn
|-curestatus|p2a: Silvally|slp|[msg]
|move|p2a: Silvally|Defog|p1a: Sandaconda
|-unboost|p1a: Sandaconda|evasion|1
|-sideend|p2: PULT83c yovan|Stealth Rock|[from] move: Defog|[of] p2a: Silvally
|
|upkeep
|turn|336
|
|t:|1628342587
|switch|p2a: Pyukumuku|Pyukumuku, M|86/100 slp
|switch|p1a: Charizard|Charizard, F|42/100
|
|upkeep
|turn|337
|
|t:|1628342593
|switch|p1a: Togedemaru|Togedemaru, M|49/100
|switch|p2a: Silvally|Silvally-Ground|77/100
|
|upkeep
|turn|338
|
|t:|1628342602
|switch|p1a: Charizard|Charizard, F|42/100
|move|p2a: Silvally|Multi-Attack|p1a: Charizard
|-immune|p1a: Charizard
|
|upkeep
|turn|339
|
|t:|1628342608
|switch|p2a: Pyukumuku|Pyukumuku, M|86/100 slp
|move|p1a: Charizard|Flamethrower|p2a: Pyukumuku
|-resisted|p2a: Pyukumuku
|-damage|p2a: Pyukumuku|73/100 slp
|
|upkeep
|turn|340
|
|t:|1628342613
|switch|p1a: Togedemaru|Togedemaru, M|49/100
|cant|p2a: Pyukumuku|slp
|
|upkeep
|turn|341
|
|t:|1628342616
|switch|p2a: Silvally|Silvally-Ground|77/100
|move|p1a: Togedemaru|Iron Head|p2a: Silvally
|-damage|p2a: Silvally|48/100
|
|upkeep
|turn|342
|
|t:|1628342619
|switch|p1a: Charizard|Charizard, F|42/100
|move|p2a: Silvally|Rest|p2a: Silvally
|-status|p2a: Silvally|slp|[from] move: Rest
|-heal|p2a: Silvally|100/100 slp|[silent]
|
|upkeep
|turn|343
|
|t:|1628342629
|switch|p2a: Pyukumuku|Pyukumuku, M|73/100 slp
|move|p1a: Charizard|Roost|p1a: Charizard
|-heal|p1a: Charizard|92/100
|-singleturn|p1a: Charizard|move: Roost
|
|upkeep
|turn|344
|
|t:|1628342637
|switch|p1a: Togedemaru|Togedemaru, M|49/100
|switch|p2a: Silvally|Silvally-Ground|100/100 slp
|
|upkeep
|turn|345
|
|t:|1628342646
|move|p1a: Togedemaru|Iron Head|p2a: Silvally
|-damage|p2a: Silvally|71/100 slp
|cant|p2a: Silvally|slp
|
|upkeep
|turn|346
|
|t:|1628342651
|switch|p2a: Pyukumuku|Pyukumuku, M|73/100 slp
|move|p1a: Togedemaru|Iron Head|p2a: Pyukumuku
|-resisted|p2a: Pyukumuku
|-damage|p2a: Pyukumuku|61/100 slp
|
|upkeep
|turn|347
|
|t:|1628342657
|switch|p1a: Sandaconda|Sandaconda, F|100/100
|-curestatus|p2a: Pyukumuku|slp|[msg]
|move|p2a: Pyukumuku|Recover|p2a: Pyukumuku
|-heal|p2a: Pyukumuku|100/100
|
|upkeep
|turn|348
|inactive|Vy8 has 90 seconds left.
|
|t:|1628342664
|switch|p1a: Togedemaru|Togedemaru, M|49/100
|switch|p2a: Altaria|Altaria, M|64/100
|
|upkeep
|turn|349
|
|t:|1628342668
|switch|p2a: Silvally|Silvally-Ground|71/100 slp
|move|p1a: Togedemaru|Toxic||[still]
|-fail|p1a: Togedemaru
|
|upkeep
|turn|350
|
|t:|1628342671
|switch|p1a: Charizard|Charizard, F|92/100
|cant|p2a: Silvally|slp
|
|upkeep
|turn|351
|
|t:|1628342679
|switch|p2a: Pyukumuku|Pyukumuku, M|100/100
|move|p1a: Charizard|Defog|p2a: Pyukumuku
|-unboost|p2a: Pyukumuku|evasion|1
|
|upkeep
|turn|352
|
|t:|1628342685
|switch|p1a: Sandaconda|Sandaconda, F|100/100
|switch|p2a: Altaria|Altaria, M|64/100
|
|upkeep
|turn|353
|
|t:|1628342687
|switch|p2a: Silvally|Silvally-Ground|71/100 slp
|switch|p1a: Togedemaru|Togedemaru, M|49/100
|
|upkeep
|turn|354
|
|t:|1628342693
|switch|p1a: Charizard|Charizard, F|92/100
|switch|p2a: Altaria|Altaria, M|64/100
|
|upkeep
|turn|355
|
|t:|1628342696
|switch|p1a: Sandaconda|Sandaconda, F|100/100
|switch|p2a: Pyukumuku|Pyukumuku, M|100/100
|
|upkeep
|turn|356
|
|t:|1628342702
|switch|p1a: Togedemaru|Togedemaru, M|49/100
|switch|p2a: Silvally|Silvally-Ground|71/100 slp
|
|upkeep
|turn|357
|
|t:|1628342707
|switch|p1a: Charizard|Charizard, F|92/100
|switch|p2a: Pyukumuku|Pyukumuku, M|100/100
|
|upkeep
|turn|358
|
|t:|1628342714
|switch|p1a: Sandaconda|Sandaconda, F|100/100
|switch|p2a: Silvally|Silvally-Ground|71/100 slp
|
|upkeep
|turn|359
|
|t:|1628342719
|switch|p2a: Pyukumuku|Pyukumuku, M|100/100
|switch|p1a: Charizard|Charizard, F|92/100
|
|upkeep
|turn|360
|
|t:|1628342723
|switch|p1a: Sandaconda|Sandaconda, F|100/100
|switch|p2a: Altaria|Altaria, M|64/100
|
|upkeep
|turn|361
|
|t:|1628342726
|switch|p2a: Silvally|Silvally-Ground|71/100 slp
|switch|p1a: Togedemaru|Togedemaru, M|49/100
|
|upkeep
|turn|362
|
|t:|1628342729
|switch|p1a: Charizard|Charizard, F|92/100
|switch|p2a: Altaria|Altaria, M|64/100
|
|upkeep
|turn|363
|
|t:|1628342734
|switch|p1a: Togedemaru|Togedemaru, M|49/100
|switch|p2a: Pyukumuku|Pyukumuku, M|100/100
|
|upkeep
|turn|364
|
|t:|1628342739
|switch|p1a: Sandaconda|Sandaconda, F|100/100
|switch|p2a: Altaria|Altaria, M|64/100
|
|upkeep
|turn|365
|
|t:|1628342742
|switch|p2a: Silvally|Silvally-Ground|71/100 slp
|switch|p1a: Togedemaru|Togedemaru, M|49/100
|
|upkeep
|turn|366
|
|t:|1628342745
|switch|p1a: Charizard|Charizard, F|92/100
|switch|p2a: Altaria|Altaria, M|64/100
|
|upkeep
|turn|367
|
|t:|1628342750
|switch|p1a: Sandaconda|Sandaconda, F|100/100
|switch|p2a: Silvally|Silvally-Ground|71/100 slp
|
|upkeep
|turn|368
|
|t:|1628342753
|switch|p2a: Altaria|Altaria, M|64/100
|switch|p1a: Charizard|Charizard, F|92/100
|
|upkeep
|turn|369
|
|t:|1628342757
|switch|p1a: Sandaconda|Sandaconda, F|100/100
|switch|p2a: Pyukumuku|Pyukumuku, M|100/100
|
|upkeep
|turn|370
|inactive|Vy8 has 120 seconds left.
PULT83c yovan is offering a tie.
|
|t:|1628342786
|switch|p1a: Togedemaru|Togedemaru, M|49/100
|switch|p2a: Silvally|Silvally-Ground|71/100 slp
|
|upkeep
|turn|371
|inactive|Vy8 has 120 seconds left.
|c|☆Vy8|Just for your info I win this I wish to my toge and I win cause more mons
|c|☆Vy8|But take the tie
|inactive|Vy8 has 90 seconds left.
|
|t:|1628342826
|switch|p1a: Charizard|Charizard, F|92/100
|switch|p2a: Pyukumuku|Pyukumuku, M|100/100
|
|upkeep
|turn|372
|inactive|PULT83c yovan has 120 seconds left.
|
|t:|1628342844
|switch|p1a: Sandaconda|Sandaconda, F|100/100
|switch|p2a: Altaria|Altaria, M|64/100
|
|upkeep
|turn|373
|
|t:|1628342858
|switch|p2a: Silvally|Silvally-Ground|71/100 slp
|move|p1a: Sandaconda|Stealth Rock|p2a: Silvally
|-sidestart|p2: PULT83c yovan|move: Stealth Rock
|
|upkeep
|turn|374
|
|t:|1628342863
|switch|p1a: Charizard|Charizard, F|92/100
|-curestatus|p2a: Silvally|slp|[msg]
|move|p2a: Silvally|Defog|p1a: Charizard
|-unboost|p1a: Charizard|evasion|1
|-sideend|p2: PULT83c yovan|Stealth Rock|[from] move: Defog|[of] p2a: Silvally
|
|upkeep
|turn|375
|
|t:|1628342868
|switch|p2a: Pyukumuku|Pyukumuku, M|100/100
|move|p1a: Charizard|Defog|p2a: Pyukumuku
|-unboost|p2a: Pyukumuku|evasion|1
|
|upkeep
|turn|376
|
|t:|1628342877
|switch|p1a: Sandaconda|Sandaconda, F|100/100
|switch|p2a: Altaria|Altaria, M|64/100
|
|upkeep
|turn|377
|
|t:|1628342881
|switch|p2a: Silvally|Silvally-Ground|71/100
|switch|p1a: Togedemaru|Togedemaru, M|49/100
|
|upkeep
|turn|378
|
|t:|1628342885
|switch|p1a: Charizard|Charizard, F|92/100
|switch|p2a: Pyukumuku|Pyukumuku, M|100/100
|
|upkeep
|turn|379
|
|t:|1628342889
|switch|p1a: Sandaconda|Sandaconda, F|100/100
|switch|p2a: Altaria|Altaria, M|64/100
|
|upkeep
|turn|380
|inactive|PULT83c yovan has 120 seconds left.
|
|t:|1628342895
|switch|p2a: Silvally|Silvally-Ground|71/100
|switch|p1a: Togedemaru|Togedemaru, M|49/100
|
|upkeep
|turn|381
|
|t:|1628342898
|switch|p1a: Charizard|Charizard, F|92/100
|switch|p2a: Altaria|Altaria, M|64/100
|
|upkeep
|turn|382
|
|t:|1628342901
|switch|p1a: Togedemaru|Togedemaru, M|49/100
|switch|p2a: Pyukumuku|Pyukumuku, M|100/100
|
|upkeep
|turn|383
|
|t:|1628342904
|switch|p1a: Sandaconda|Sandaconda, F|100/100
|switch|p2a: Silvally|Silvally-Ground|71/100
|
|upkeep
|turn|384
|
|t:|1628342909
|switch|p2a: Pyukumuku|Pyukumuku, M|100/100
|switch|p1a: Charizard|Charizard, F|92/100
|
|upkeep
|turn|385
|
|t:|1628342913
|switch|p1a: Togedemaru|Togedemaru, M|49/100
|switch|p2a: Altaria|Altaria, M|64/100
|
|upkeep
|turn|386
|
|t:|1628342921
|switch|p1a: Sandaconda|Sandaconda, F|100/100
|switch|p2a: Pyukumuku|Pyukumuku, M|100/100
|
|upkeep
|turn|387
|
|t:|1628342926
|switch|p1a: Togedemaru|Togedemaru, M|49/100
|switch|p2a: Silvally|Silvally-Ground|71/100
|
|upkeep
|turn|388
|
|t:|1628342933
|switch|p1a: Charizard|Charizard, F|92/100
|switch|p2a: Pyukumuku|Pyukumuku, M|100/100
|
|upkeep
|turn|389
|
|t:|1628342939
|switch|p1a: Sandaconda|Sandaconda, F|100/100
|switch|p2a: Altaria|Altaria, M|64/100
|
|upkeep
|turn|390
|
|t:|1628342948
|switch|p2a: Silvally|Silvally-Ground|71/100
|switch|p1a: Togedemaru|Togedemaru, M|49/100
|
|upkeep
|turn|391
|
|t:|1628342952
|switch|p1a: Charizard|Charizard, F|92/100
|switch|p2a: Altaria|Altaria, M|64/100
|
|upkeep
|turn|392
|
|t:|1628342956
|switch|p1a: Togedemaru|Togedemaru, M|49/100
|switch|p2a: Pyukumuku|Pyukumuku, M|100/100
|
|upkeep
|turn|393
|
|t:|1628342962
|switch|p1a: Sandaconda|Sandaconda, F|100/100
|switch|p2a: Silvally|Silvally-Ground|71/100
|
|upkeep
|turn|394
|
|t:|1628342967
|switch|p2a: Altaria|Altaria, M|64/100
|switch|p1a: Charizard|Charizard, F|92/100
|
|upkeep
|turn|395
|
|t:|1628342970
|switch|p1a: Togedemaru|Togedemaru, M|49/100
|switch|p2a: Pyukumuku|Pyukumuku, M|100/100
|
|upkeep
|turn|396
|
|t:|1628342982
|switch|p2a: Silvally|Silvally-Ground|71/100
|move|p1a: Togedemaru|Zing Zap|p2a: Silvally
|-immune|p2a: Silvally
|
|upkeep
|turn|397
|
|t:|1628342987
|switch|p1a: Charizard|Charizard, F|92/100
|move|p2a: Silvally|Flamethrower|p1a: Charizard
|-resisted|p1a: Charizard
|-damage|p1a: Charizard|83/100
|
|upkeep
|turn|398
|inactive|Vy8 has 120 seconds left.
|
|t:|1628342995
|switch|p2a: Altaria|Altaria, M|64/100
|move|p1a: Charizard|Flamethrower|p2a: Altaria
|-resisted|p2a: Altaria
|-crit|p2a: Altaria
|-damage|p2a: Altaria|46/100
|
|upkeep
|turn|399
|
|t:|1628343002
|switch|p1a: Togedemaru|Togedemaru, M|49/100
|move|p2a: Altaria|Roost|p2a: Altaria
|-heal|p2a: Altaria|96/100
|-singleturn|p2a: Altaria|move: Roost
|
|upkeep
|turn|400
|
|t:|1628343005
|switch|p2a: Pyukumuku|Pyukumuku, M|100/100
|move|p1a: Togedemaru|Toxic|p2a: Pyukumuku
|-status|p2a: Pyukumuku|tox
|
|-damage|p2a: Pyukumuku|94/100 tox|[from] psn
|upkeep
|turn|401
|
|t:|1628343011
|switch|p1a: Sandaconda|Sandaconda, F|100/100
|switch|p2a: Silvally|Silvally-Ground|71/100
|
|upkeep
|turn|402
|
|t:|1628343017
|switch|p2a: Pyukumuku|Pyukumuku, M|94/100 tox
|switch|p1a: Charizard|Charizard, F|83/100
|
|-damage|p2a: Pyukumuku|88/100 tox|[from] psn
|upkeep
|turn|403
|inactive|PULT83c yovan has 120 seconds left.
|
|t:|1628343028
|switch|p1a: Togedemaru|Togedemaru, M|49/100
|switch|p2a: Silvally|Silvally-Ground|71/100
|
|upkeep
|turn|404
|
|t:|1628343033
|switch|p1a: Charizard|Charizard, F|83/100
|move|p2a: Silvally|Flamethrower|p1a: Charizard
|-resisted|p1a: Charizard
|-damage|p1a: Charizard|74/100
|
|upkeep
|turn|405
|
|t:|1628343038
|switch|p2a: Pyukumuku|Pyukumuku, M|88/100 tox
|move|p1a: Charizard|Defog|p2a: Pyukumuku
|-unboost|p2a: Pyukumuku|evasion|1
|
|-damage|p2a: Pyukumuku|82/100 tox|[from] psn
|upkeep
|turn|406
|inactive|PULT83c yovan has 120 seconds left.
|
|t:|1628343045
|switch|p1a: Togedemaru|Togedemaru, M|49/100
|switch|p2a: Altaria|Altaria, M|96/100
|
|upkeep
|turn|407
|
|t:|1628343051
|switch|p1a: Sandaconda|Sandaconda, F|100/100
|switch|p2a: Silvally|Silvally-Ground|71/100
|
|upkeep
|turn|408
|inactive|PULT83c yovan has 120 seconds left.
|
|t:|1628343064
|switch|p2a: Altaria|Altaria, M|96/100
|switch|p1a: Charizard|Charizard, F|74/100
|
|upkeep
|turn|409
|
|t:|1628343070
|switch|p1a: Togedemaru|Togedemaru, M|49/100
|switch|p2a: Pyukumuku|Pyukumuku, M|82/100 tox
|
|-damage|p2a: Pyukumuku|76/100 tox|[from] psn
|upkeep
|turn|410
|
|t:|1628343077
|switch|p2a: Silvally|Silvally-Ground|71/100
|move|p1a: Togedemaru|Iron Head|p2a: Silvally
|-damage|p2a: Silvally|39/100
|
|upkeep
|turn|411
|
|t:|1628343083
|switch|p1a: Aromatisse|Aromatisse, F|100/100
|move|p2a: Silvally|Rest|p2a: Silvally
|-status|p2a: Silvally|slp|[from] move: Rest
|-heal|p2a: Silvally|100/100 slp|[silent]
|
|upkeep
|turn|412
|
|t:|1628343087
|switch|p2a: Pyukumuku|Pyukumuku, M|76/100 tox
|move|p1a: Aromatisse|Wish|p1a: Aromatisse
|
|-damage|p2a: Pyukumuku|70/100 tox|[from] psn
|upkeep
|turn|413
|
|t:|1628343092
|switch|p1a: Togedemaru|Togedemaru, M|49/100
|move|p2a: Pyukumuku|Rest|p2a: Pyukumuku
|-status|p2a: Pyukumuku|slp|[from] move: Rest
|-heal|p2a: Pyukumuku|100/100 slp|[silent]
|
|-heal|p1a: Togedemaru|100/100|[from] move: Wish|[wisher] Aromatisse
|upkeep
|turn|414
|
|t:|1628343098
|move|p1a: Togedemaru|Zing Zap|p2a: Pyukumuku
|-supereffective|p2a: Pyukumuku
|-damage|p2a: Pyukumuku|48/100 slp
|cant|p2a: Pyukumuku|slp
|
|upkeep
|turn|415
|
|t:|1628343103
|switch|p1a: Charizard|Charizard, F|74/100
|switch|p2a: Silvally|Silvally-Ground|100/100 slp
|
|upkeep
|turn|416
|
|t:|1628343107
|switch|p2a: Pyukumuku|Pyukumuku, M|48/100 slp
|move|p1a: Charizard|Flamethrower|p2a: Pyukumuku
|-resisted|p2a: Pyukumuku
|-damage|p2a: Pyukumuku|36/100 slp
|
|upkeep
|turn|417
|
|t:|1628343111
|move|p1a: Charizard|Flamethrower|p2a: Pyukumuku
|-resisted|p2a: Pyukumuku
|-damage|p2a: Pyukumuku|23/100 slp
|cant|p2a: Pyukumuku|slp
|
|upkeep
|turn|418
|inactive|PULT83c yovan has 120 seconds left.
|
|t:|1628343123
|switch|p1a: Togedemaru|Togedemaru, M|100/100
|-curestatus|p2a: Pyukumuku|slp|[msg]
|move|p2a: Pyukumuku|Rest|p2a: Pyukumuku
|-status|p2a: Pyukumuku|slp|[from] move: Rest
|-heal|p2a: Pyukumuku|100/100 slp|[silent]
|
|upkeep
|turn|419
|
|t:|1628343126
|move|p1a: Togedemaru|Zing Zap|p2a: Pyukumuku
|-supereffective|p2a: Pyukumuku
|-damage|p2a: Pyukumuku|47/100 slp
|cant|p2a: Pyukumuku|slp
|
|upkeep
|turn|420
|
|t:|1628343132
|switch|p1a: Sandaconda|Sandaconda, F|100/100
|switch|p2a: Silvally|Silvally-Ground|100/100 slp
|
|upkeep
|turn|421
|
|t:|1628343135
|cant|p2a: Silvally|slp
|move|p1a: Sandaconda|Stealth Rock|p2a: Silvally
|-sidestart|p2: PULT83c yovan|move: Stealth Rock
|
|upkeep
|turn|422
|
|t:|1628343139
|switch|p2a: Altaria|Altaria, M|96/100
|switch|p1a: Charizard|Charizard, F|74/100
|
|upkeep
|turn|423
|
|t:|1628343142
|switch|p1a: Togedemaru|Togedemaru, M|100/100
|move|p2a: Altaria|Defog|p1a: Togedemaru
|-unboost|p1a: Togedemaru|evasion|1
|-sideend|p2: PULT83c yovan|Stealth Rock|[from] move: Defog|[of] p2a: Altaria
|
|upkeep
|turn|424
|
|t:|1628343149
|switch|p2a: Silvally|Silvally-Ground|100/100 slp
|move|p1a: Togedemaru|Iron Head|p2a: Silvally
|-damage|p2a: Silvally|68/100 slp
|
|upkeep
|turn|425
|
|t:|1628343154
|move|p1a: Togedemaru|Iron Head|p2a: Silvally
|-damage|p2a: Silvally|39/100 slp
|cant|p2a: Silvally|slp
|
|upkeep
|turn|426
|
|t:|1628343159
|switch|p1a: Charizard|Charizard, F|74/100
|-curestatus|p2a: Silvally|slp|[msg]
|move|p2a: Silvally|Multi-Attack|p1a: Charizard
|-immune|p1a: Charizard
|
|upkeep
|turn|427
|
|t:|1628343164
|switch|p2a: Pyukumuku|Pyukumuku, M|47/100 slp
|move|p1a: Charizard|Flamethrower|p2a: Pyukumuku
|-resisted|p2a: Pyukumuku
|-damage|p2a: Pyukumuku|34/100 slp
|
|upkeep
|turn|428
|
|t:|1628343170
|move|p1a: Charizard|Flamethrower|p2a: Pyukumuku
|-resisted|p2a: Pyukumuku
|-damage|p2a: Pyukumuku|21/100 slp
|cant|p2a: Pyukumuku|slp
|
|upkeep
|turn|429
|
|t:|1628343179
|switch|p1a: Togedemaru|Togedemaru, M|100/100
|-curestatus|p2a: Pyukumuku|slp|[msg]
|move|p2a: Pyukumuku|Recover|p2a: Pyukumuku
|-heal|p2a: Pyukumuku|71/100
|
|upkeep
|turn|430
|
|t:|1628343189
|move|p1a: Togedemaru|Toxic|p2a: Pyukumuku
|-status|p2a: Pyukumuku|tox
|move|p2a: Pyukumuku|Spite|p1a: Togedemaru
|-activate|p1a: Togedemaru|move: Spite|Toxic|4
|
|-damage|p2a: Pyukumuku|65/100 tox|[from] psn
|upkeep
|turn|431
|
|t:|1628343194
|switch|p1a: Sandaconda|Sandaconda, F|100/100
|switch|p2a: Silvally|Silvally-Ground|39/100
|
|upkeep
|turn|432
|
|t:|1628343200
|switch|p2a: Pyukumuku|Pyukumuku, M|65/100 tox
|move|p1a: Sandaconda|Earthquake|p2a: Pyukumuku
|-damage|p2a: Pyukumuku|36/100 tox
|
|-damage|p2a: Pyukumuku|30/100 tox|[from] psn
|upkeep
|turn|433
|
|t:|1628343211
|switch|p2a: Silvally|Silvally-Ground|39/100
|move|p1a: Sandaconda|Earthquake|p2a: Silvally
|-damage|p2a: Silvally|3/100
|
|upkeep
|turn|434
|
|t:|1628343218
|move|p2a: Silvally|Rest|p2a: Silvally
|-status|p2a: Silvally|slp|[from] move: Rest
|-heal|p2a: Silvally|100/100 slp|[silent]
|move|p1a: Sandaconda|Stealth Rock|p2a: Silvally
|-sidestart|p2: PULT83c yovan|move: Stealth Rock
|
|upkeep
|turn|435
|
|t:|1628343223
|switch|p1a: Charizard|Charizard, F|74/100
|cant|p2a: Silvally|slp
|
|upkeep
|turn|436
|
|t:|1628343225
|switch|p2a: Altaria|Altaria, M|96/100
|move|p1a: Charizard|Flamethrower|p2a: Altaria
|-resisted|p2a: Altaria
|-damage|p2a: Altaria|85/100
|
|upkeep
|turn|437
|
|t:|1628343230
|switch|p1a: Sandaconda|Sandaconda, F|100/100
|move|p2a: Altaria|Defog|p1a: Sandaconda
|-unboost|p1a: Sandaconda|evasion|1
|-sideend|p2: PULT83c yovan|Stealth Rock|[from] move: Defog|[of] p2a: Altaria
|
|upkeep
|turn|438
|
|t:|1628343236
|switch|p2a: Silvally|Silvally-Ground|100/100 slp
|move|p1a: Sandaconda|Rock Blast|p2a: Silvally
|-resisted|p2a: Silvally
|-damage|p2a: Silvally|98/100 slp
|-resisted|p2a: Silvally
|-damage|p2a: Silvally|95/100 slp
|-hitcount|p2a: Silvally|2
|
|upkeep
|turn|439
|
|t:|1628343241
|switch|p1a: Charizard|Charizard, F|74/100
|cant|p2a: Silvally|slp
|
|upkeep
|turn|440
|
|t:|1628343249
|switch|p2a: Pyukumuku|Pyukumuku, M|30/100 tox
|move|p1a: Charizard|Defog|p2a: Pyukumuku
|-unboost|p2a: Pyukumuku|evasion|1
|
|-damage|p2a: Pyukumuku|24/100 tox|[from] psn
|upkeep
|turn|441
|
|t:|1628343256
|switch|p1a: Togedemaru|Togedemaru, M|100/100
|move|p2a: Pyukumuku|Rest|p2a: Pyukumuku
|-status|p2a: Pyukumuku|slp|[from] move: Rest
|-heal|p2a: Pyukumuku|100/100 slp|[silent]
|
|upkeep
|turn|442
|
|t:|1628343266
|switch|p1a: Charizard|Charizard, F|74/100
|switch|p2a: Silvally|Silvally-Ground|95/100 slp
|
|upkeep
|turn|443
|
|t:|1628343271
|switch|p2a: Pyukumuku|Pyukumuku, M|100/100 slp
|move|p1a: Charizard|Defog|p2a: Pyukumuku
|-unboost|p2a: Pyukumuku|evasion|1
|
|upkeep
|turn|444
|
|t:|1628343277
|switch|p1a: Togedemaru|Togedemaru, M|100/100
|switch|p2a: Altaria|Altaria, M|85/100
|
|upkeep
|turn|445
|
|t:|1628343279
|switch|p1a: Charizard|Charizard, F|74/100
|switch|p2a: Silvally|Silvally-Ground|95/100 slp
|
|upkeep
|turn|446
|
|t:|1628343285
|switch|p1a: Sandaconda|Sandaconda, F|100/100
|switch|p2a: Pyukumuku|Pyukumuku, M|100/100 slp
|
|upkeep
|turn|447
|
|t:|1628343289
|switch|p1a: Togedemaru|Togedemaru, M|100/100
|switch|p2a: Silvally|Silvally-Ground|95/100 slp
|
|upkeep
|turn|448
|
|t:|1628343292
|switch|p1a: Sandaconda|Sandaconda, F|100/100
|switch|p2a: Pyukumuku|Pyukumuku, M|100/100 slp
|
|upkeep
|turn|449
|
|t:|1628343297
|switch|p1a: Togedemaru|Togedemaru, M|100/100
|cant|p2a: Pyukumuku|slp
|
|upkeep
|turn|450
|
|t:|1628343304
|switch|p1a: Sandaconda|Sandaconda, F|100/100
|cant|p2a: Pyukumuku|slp
|
|upkeep
|turn|451
|
|t:|1628343308
|switch|p1a: Togedemaru|Togedemaru, M|100/100
|switch|p2a: Silvally|Silvally-Ground|95/100 slp
|
|upkeep
|turn|452
|
|t:|1628343320
|switch|p1a: Charizard|Charizard, F|74/100
|switch|p2a: Pyukumuku|Pyukumuku, M|100/100 slp
|
|upkeep
|turn|453
|
|t:|1628343326
|switch|p1a: Sandaconda|Sandaconda, F|100/100
|switch|p2a: Silvally|Silvally-Ground|95/100 slp
|
|upkeep
|turn|454
|
|t:|1628343330
|switch|p2a: Pyukumuku|Pyukumuku, M|100/100 slp
|switch|p1a: Charizard|Charizard, F|74/100
|
|upkeep
|turn|455
|
|t:|1628343334
|switch|p1a: Togedemaru|Togedemaru, M|100/100
|switch|p2a: Altaria|Altaria, M|85/100
|
|upkeep
|turn|456
|
|t:|1628343338
|switch|p1a: Sandaconda|Sandaconda, F|100/100
|switch|p2a: Silvally|Silvally-Ground|95/100 slp
|
|upkeep
|turn|457
|
|t:|1628343344
|switch|p2a: Pyukumuku|Pyukumuku, M|100/100 slp
|switch|p1a: Charizard|Charizard, F|74/100
|
|upkeep
|turn|458
|
|t:|1628343348
|switch|p1a: Togedemaru|Togedemaru, M|100/100
|switch|p2a: Altaria|Altaria, M|85/100
|
|upkeep
|turn|459
|
|t:|1628343352
|switch|p1a: Sandaconda|Sandaconda, F|100/100
|switch|p2a: Pyukumuku|Pyukumuku, M|100/100 slp
|
|upkeep
|turn|460
|
|t:|1628343355
|switch|p1a: Togedemaru|Togedemaru, M|100/100
|switch|p2a: Silvally|Silvally-Ground|95/100 slp
|
|upkeep
|turn|461
|
|t:|1628343362
|switch|p1a: Sandaconda|Sandaconda, F|100/100
|switch|p2a: Pyukumuku|Pyukumuku, M|100/100 slp
|
|upkeep
|turn|462
|
|t:|1628343365
|switch|p1a: Togedemaru|Togedemaru, M|100/100
|switch|p2a: Silvally|Silvally-Ground|95/100 slp
|
|upkeep
|turn|463
|
|t:|1628343368
|switch|p1a: Sandaconda|Sandaconda, F|100/100
|switch|p2a: Pyukumuku|Pyukumuku, M|100/100 slp
|
|upkeep
|turn|464
|
|t:|1628343372
|switch|p1a: Togedemaru|Togedemaru, M|100/100
|switch|p2a: Silvally|Silvally-Ground|95/100 slp
|
|upkeep
|turn|465
|
|t:|1628343376
|switch|p1a: Sandaconda|Sandaconda, F|100/100
|switch|p2a: Pyukumuku|Pyukumuku, M|100/100 slp
|
|upkeep
|turn|466
|
|t:|1628343378
|switch|p1a: Togedemaru|Togedemaru, M|100/100
|switch|p2a: Silvally|Silvally-Ground|95/100 slp
|
|upkeep
|turn|467
|
|t:|1628343381
|switch|p1a: Sandaconda|Sandaconda, F|100/100
|switch|p2a: Pyukumuku|Pyukumuku, M|100/100 slp
|
|upkeep
|turn|468
|
|t:|1628343385
|switch|p1a: Togedemaru|Togedemaru, M|100/100
|switch|p2a: Silvally|Silvally-Ground|95/100 slp
|
|upkeep
|turn|469
|
|t:|1628343388
|switch|p1a: Sandaconda|Sandaconda, F|100/100
|switch|p2a: Pyukumuku|Pyukumuku, M|100/100 slp
|
|upkeep
|turn|470
|
|t:|1628343391
|switch|p1a: Togedemaru|Togedemaru, M|100/100
|switch|p2a: Silvally|Silvally-Ground|95/100 slp
|
|upkeep
|turn|471
|
|t:|1628343395
|switch|p1a: Sandaconda|Sandaconda, F|100/100
|switch|p2a: Pyukumuku|Pyukumuku, M|100/100 slp
|
|upkeep
|turn|472
|
|t:|1628343397
|switch|p1a: Togedemaru|Togedemaru, M|100/100
|switch|p2a: Silvally|Silvally-Ground|95/100 slp
|
|upkeep
|turn|473
|
|t:|1628343399
|switch|p1a: Sandaconda|Sandaconda, F|100/100
|switch|p2a: Pyukumuku|Pyukumuku, M|100/100 slp
|
|upkeep
|turn|474
|
|t:|1628343402
|switch|p1a: Togedemaru|Togedemaru, M|100/100
|switch|p2a: Silvally|Silvally-Ground|95/100 slp
|
|upkeep
|turn|475
|
|t:|1628343405
|switch|p1a: Sandaconda|Sandaconda, F|100/100
|switch|p2a: Pyukumuku|Pyukumuku, M|100/100 slp
|
|upkeep
|turn|476
|
|t:|1628343409
|switch|p1a: Togedemaru|Togedemaru, M|100/100
|switch|p2a: Silvally|Silvally-Ground|95/100 slp
|
|upkeep
|turn|477
|
|t:|1628343411
|switch|p1a: Charizard|Charizard, F|74/100
|switch|p2a: Pyukumuku|Pyukumuku, M|100/100 slp
|
|upkeep
|turn|478
|
|t:|1628343415
|switch|p1a: Sandaconda|Sandaconda, F|100/100
|switch|p2a: Silvally|Silvally-Ground|95/100 slp
|
|upkeep
|turn|479
|
|t:|1628343417
|switch|p2a: Pyukumuku|Pyukumuku, M|100/100 slp
|switch|p1a: Charizard|Charizard, F|74/100
|
|upkeep
|turn|480
|
|t:|1628343420
|switch|p1a: Sandaconda|Sandaconda, F|100/100
|switch|p2a: Altaria|Altaria, M|85/100
|
|upkeep
|turn|481
|
|t:|1628343423
|switch|p2a: Pyukumuku|Pyukumuku, M|100/100 slp
|switch|p1a: Togedemaru|Togedemaru, M|100/100
|
|upkeep
|turn|482
|
|t:|1628343426
|switch|p1a: Sandaconda|Sandaconda, F|100/100
|switch|p2a: Silvally|Silvally-Ground|95/100 slp
|
|upkeep
|turn|483
|
|t:|1628343429
|switch|p2a: Pyukumuku|Pyukumuku, M|100/100 slp
|switch|p1a: Togedemaru|Togedemaru, M|100/100
|
|upkeep
|turn|484
|
|t:|1628343432
|switch|p1a: Sandaconda|Sandaconda, F|100/100
|switch|p2a: Silvally|Silvally-Ground|95/100 slp
|
|upkeep
|turn|485
|
|t:|1628343437
|switch|p2a: Pyukumuku|Pyukumuku, M|100/100 slp
|switch|p1a: Charizard|Charizard, F|74/100
|
|upkeep
|turn|486
|
|t:|1628343440
|switch|p1a: Togedemaru|Togedemaru, M|100/100
|switch|p2a: Altaria|Altaria, M|85/100
|
|upkeep
|turn|487
|
|t:|1628343443
|switch|p1a: Sandaconda|Sandaconda, F|100/100
|switch|p2a: Silvally|Silvally-Ground|95/100 slp
|
|upkeep
|turn|488
|
|t:|1628343447
|switch|p2a: Pyukumuku|Pyukumuku, M|100/100 slp
|switch|p1a: Charizard|Charizard, F|74/100
|
|upkeep
|turn|489
|
|t:|1628343451
|switch|p1a: Togedemaru|Togedemaru, M|100/100
|switch|p2a: Altaria|Altaria, M|85/100
|
|upkeep
|turn|490
|
|t:|1628343457
|switch|p1a: Sandaconda|Sandaconda, F|100/100
|switch|p2a: Silvally|Silvally-Ground|95/100 slp
|
|upkeep
|turn|491
|
|t:|1628343461
|switch|p2a: Pyukumuku|Pyukumuku, M|100/100 slp
|switch|p1a: Charizard|Charizard, F|74/100
|
|upkeep
|turn|492
|
|t:|1628343470
|switch|p1a: Togedemaru|Togedemaru, M|100/100
|switch|p2a: Altaria|Altaria, M|85/100
|
|upkeep
|turn|493
|
|t:|1628343473
|switch|p1a: Sandaconda|Sandaconda, F|100/100
|switch|p2a: Silvally|Silvally-Ground|95/100 slp
|
|upkeep
|turn|494
|
|t:|1628343476
|switch|p2a: Pyukumuku|Pyukumuku, M|100/100 slp
|switch|p1a: Charizard|Charizard, F|74/100
|
|upkeep
|turn|495
|
|t:|1628343482
|switch|p1a: Togedemaru|Togedemaru, M|100/100
|switch|p2a: Altaria|Altaria, M|85/100
|
|upkeep
|turn|496
|
|t:|1628343486
|switch|p1a: Sandaconda|Sandaconda, F|100/100
|switch|p2a: Pyukumuku|Pyukumuku, M|100/100 slp
|
|upkeep
|turn|497
|
|t:|1628343491
|switch|p1a: Togedemaru|Togedemaru, M|100/100
|switch|p2a: Silvally|Silvally-Ground|95/100 slp
|
|upkeep
|turn|498
|
|t:|1628343495
|switch|p1a: Sandaconda|Sandaconda, F|100/100
|switch|p2a: Altaria|Altaria, M|85/100
|
|upkeep
|turn|499
|
|t:|1628343498
|switch|p2a: Pyukumuku|Pyukumuku, M|100/100 slp
|switch|p1a: Togedemaru|Togedemaru, M|100/100
|
|upkeep
|bigerror|You will auto-tie if the battle doesn't end in 500 turns (on turn 1000).
|-hint|If you want to tie earlier, consider using `/offertie`.
|turn|500
|
|t:|1628343501
|switch|p1a: Sandaconda|Sandaconda, F|100/100
|switch|p2a: Silvally|Silvally-Ground|95/100 slp
|
|upkeep
|turn|501
|
|t:|1628343505
|switch|p2a: Altaria|Altaria, M|85/100
|switch|p1a: Charizard|Charizard, F|74/100
|
|upkeep
|turn|502
|
|t:|1628343508
|switch|p1a: Togedemaru|Togedemaru, M|100/100
|move|p2a: Altaria|Toxic|p1a: Togedemaru
|-immune|p1a: Togedemaru
|
|upkeep
|turn|503
|
|t:|1628343511
|switch|p1a: Sandaconda|Sandaconda, F|100/100
|move|p2a: Altaria|Toxic|p1a: Sandaconda
|-status|p1a: Sandaconda|tox
|
|-damage|p1a: Sandaconda|94/100 tox|[from] psn
|upkeep
|turn|504
|
|t:|1628343517
|switch|p2a: Pyukumuku|Pyukumuku, M|100/100 slp
|switch|p1a: Togedemaru|Togedemaru, M|100/100
|
|upkeep
|turn|505
|
|t:|1628343522
|switch|p1a: Sandaconda|Sandaconda, F|94/100 tox
|switch|p2a: Altaria|Altaria, M|85/100
|
|-heal|p1a: Sandaconda|100/100 tox|[from] item: Leftovers
|-damage|p1a: Sandaconda|94/100 tox|[from] psn
|upkeep
|turn|506
|
|t:|1628343525
|switch|p2a: Silvally|Silvally-Ground|95/100 slp
|switch|p1a: Togedemaru|Togedemaru, M|100/100
|
|upkeep
|turn|507
|
|t:|1628343530
|switch|p1a: Sandaconda|Sandaconda, F|94/100 tox
|switch|p2a: Altaria|Altaria, M|85/100
|
|-activate|p1a: Sandaconda|ability: Shed Skin
|-curestatus|p1a: Sandaconda|tox|[msg]
|-heal|p1a: Sandaconda|100/100|[from] item: Leftovers
|upkeep
|turn|508
|
|t:|1628343534
|switch|p2a: Pyukumuku|Pyukumuku, M|100/100 slp
|switch|p1a: Togedemaru|Togedemaru, M|100/100
|
|upkeep
|turn|509
|
|t:|1628343541
|switch|p1a: Sandaconda|Sandaconda, F|100/100
|switch|p2a: Silvally|Silvally-Ground|95/100 slp
|
|upkeep
|turn|510
|
|t:|1628343549
|switch|p2a: Pyukumuku|Pyukumuku, M|100/100 slp
|switch|p1a: Charizard|Charizard, F|74/100
|
|upkeep
|turn|511
|
|t:|1628343555
|switch|p1a: Togedemaru|Togedemaru, M|100/100
|switch|p2a: Altaria|Altaria, M|85/100
|
|upkeep
|turn|512
|
|t:|1628343559
|switch|p1a: Sandaconda|Sandaconda, F|100/100
|switch|p2a: Silvally|Silvally-Ground|95/100 slp
|
|upkeep
|turn|513
|
|t:|1628343563
|switch|p2a: Pyukumuku|Pyukumuku, M|100/100 slp
|switch|p1a: Charizard|Charizard, F|74/100
|
|upkeep
|turn|514
|
|t:|1628343566
|switch|p1a: Togedemaru|Togedemaru, M|100/100
|switch|p2a: Altaria|Altaria, M|85/100
|
|upkeep
|turn|515
|
|t:|1628343570
|switch|p1a: Sandaconda|Sandaconda, F|100/100
|switch|p2a: Silvally|Silvally-Ground|95/100 slp
|
|upkeep
|turn|516
|
|t:|1628343574
|switch|p2a: Pyukumuku|Pyukumuku, M|100/100 slp
|switch|p1a: Charizard|Charizard, F|74/100
|
|upkeep
|turn|517
|
|t:|1628343577
|switch|p1a: Togedemaru|Togedemaru, M|100/100
|switch|p2a: Silvally|Silvally-Ground|95/100 slp
|
|upkeep
|turn|518
|
|t:|1628343579
|switch|p1a: Sandaconda|Sandaconda, F|100/100
|switch|p2a: Pyukumuku|Pyukumuku, M|100/100 slp
|
|upkeep
|turn|519
|
|t:|1628343583
|switch|p1a: Togedemaru|Togedemaru, M|100/100
|switch|p2a: Silvally|Silvally-Ground|95/100 slp
|
|upkeep
|turn|520
|
|t:|1628343585
|switch|p1a: Sandaconda|Sandaconda, F|100/100
|switch|p2a: Pyukumuku|Pyukumuku, M|100/100 slp
|
|upkeep
|turn|521
|
|t:|1628343590
|switch|p1a: Togedemaru|Togedemaru, M|100/100
|switch|p2a: Silvally|Silvally-Ground|95/100 slp
|
|upkeep
|turn|522
|
|t:|1628343596
|switch|p1a: Charizard|Charizard, F|74/100
|switch|p2a: Pyukumuku|Pyukumuku, M|100/100 slp
|
|upkeep
|turn|523
|
|t:|1628343601
|switch|p1a: Togedemaru|Togedemaru, M|100/100
|switch|p2a: Silvally|Silvally-Ground|95/100 slp
|
|upkeep
|turn|524
|
|t:|1628343603
|switch|p1a: Sandaconda|Sandaconda, F|100/100
|switch|p2a: Pyukumuku|Pyukumuku, M|100/100 slp
|
|upkeep
|turn|525
|
|t:|1628343611
|switch|p1a: Togedemaru|Togedemaru, M|100/100
|switch|p2a: Silvally|Silvally-Ground|95/100 slp
|
|upkeep
|turn|526
|
|t:|1628343615
|switch|p1a: Charizard|Charizard, F|74/100
|switch|p2a: Pyukumuku|Pyukumuku, M|100/100 slp
|
|upkeep
|turn|527
|
|t:|1628343619
|switch|p1a: Togedemaru|Togedemaru, M|100/100
|switch|p2a: Altaria|Altaria, M|85/100
|
|upkeep
|turn|528
|
|t:|1628343623
|switch|p1a: Sandaconda|Sandaconda, F|100/100
|switch|p2a: Silvally|Silvally-Ground|95/100 slp
|
|upkeep
|turn|529
|
|t:|1628343629
|switch|p2a: Pyukumuku|Pyukumuku, M|100/100 slp
|move|p1a: Sandaconda|Rock Blast|p2a: Pyukumuku|[miss]
|-miss|p1a: Sandaconda|p2a: Pyukumuku
|
|upkeep
|turn|530
|
|t:|1628343634
|switch|p1a: Togedemaru|Togedemaru, M|100/100
|switch|p2a: Silvally|Silvally-Ground|95/100 slp
|
|upkeep
|turn|531
|
|t:|1628343637
|switch|p1a: Sandaconda|Sandaconda, F|100/100
|switch|p2a: Pyukumuku|Pyukumuku, M|100/100 slp
|
|upkeep
|turn|532
|
|t:|1628343640
|switch|p1a: Togedemaru|Togedemaru, M|100/100
|switch|p2a: Silvally|Silvally-Ground|95/100 slp
|
|upkeep
|turn|533
|
|t:|1628343644
|switch|p1a: Sandaconda|Sandaconda, F|100/100
|switch|p2a: Pyukumuku|Pyukumuku, M|100/100 slp
|
|upkeep
|turn|534
|
|t:|1628343646
|switch|p1a: Togedemaru|Togedemaru, M|100/100
|switch|p2a: Silvally|Silvally-Ground|95/100 slp
|
|upkeep
|turn|535
|
|t:|1628343649
|switch|p1a: Charizard|Charizard, F|74/100
|switch|p2a: Pyukumuku|Pyukumuku, M|100/100 slp
|
|upkeep
|turn|536
|
|t:|1628343654
|switch|p1a: Sandaconda|Sandaconda, F|100/100
|switch|p2a: Altaria|Altaria, M|85/100
|
|upkeep
|turn|537
|
|t:|1628343661
|switch|p2a: Silvally|Silvally-Ground|95/100 slp
|switch|p1a: Togedemaru|Togedemaru, M|100/100
|
|upkeep
|turn|538
|
|t:|1628343666
|switch|p1a: Charizard|Charizard, F|74/100
|switch|p2a: Pyukumuku|Pyukumuku, M|100/100 slp
|
|upkeep
|turn|539
|
|t:|1628343672
|switch|p1a: Togedemaru|Togedemaru, M|100/100
|switch|p2a: Altaria|Altaria, M|85/100
|
|upkeep
|turn|540
|
|t:|1628343675
|switch|p2a: Pyukumuku|Pyukumuku, M|100/100 slp
|move|p1a: Togedemaru|Toxic||[still]
|-fail|p1a: Togedemaru
|
|upkeep
|turn|541
|
|t:|1628343681
|switch|p2a: Silvally|Silvally-Ground|95/100 slp
|move|p1a: Togedemaru|Toxic||[still]
|-fail|p1a: Togedemaru
|
|upkeep
|turn|542
|
|t:|1628343684
|switch|p1a: Charizard|Charizard, F|74/100
|switch|p2a: Pyukumuku|Pyukumuku, M|100/100 slp
|
|upkeep
|turn|543
|
|t:|1628343689
|switch|p1a: Togedemaru|Togedemaru, M|100/100
|switch|p2a: Altaria|Altaria, M|85/100
|
|upkeep
|turn|544
|
|t:|1628343692
|switch|p1a: Sandaconda|Sandaconda, F|100/100
|switch|p2a: Silvally|Silvally-Ground|95/100 slp
|
|upkeep
|turn|545
|
|t:|1628343699
|switch|p2a: Pyukumuku|Pyukumuku, M|100/100 slp
|switch|p1a: Charizard|Charizard, F|74/100
|
|upkeep
|turn|546
|
|t:|1628343702
|switch|p1a: Togedemaru|Togedemaru, M|100/100
|switch|p2a: Silvally|Silvally-Ground|95/100 slp
|
|upkeep
|turn|547
|
|t:|1628343705
|switch|p1a: Sandaconda|Sandaconda, F|100/100
|switch|p2a: Pyukumuku|Pyukumuku, M|100/100 slp
|
|upkeep
|turn|548
|
|t:|1628343711
|switch|p1a: Togedemaru|Togedemaru, M|100/100
|switch|p2a: Silvally|Silvally-Ground|95/100 slp
|
|upkeep
|turn|549
|
|t:|1628343719
|switch|p1a: Aromatisse|Aromatisse, F|100/100
|switch|p2a: Pyukumuku|Pyukumuku, M|100/100 slp
|
|upkeep
|turn|550
|
|t:|1628343725
|switch|p2a: Silvally|Silvally-Ground|95/100 slp
|move|p1a: Aromatisse|Protect||[still]
|-fail|p1a: Aromatisse
|
|upkeep
|turn|551
|
|t:|1628343728
|switch|p2a: Pyukumuku|Pyukumuku, M|100/100 slp
|move|p1a: Aromatisse|Moonblast|p2a: Pyukumuku
|-damage|p2a: Pyukumuku|77/100 slp
|-unboost|p2a: Pyukumuku|spa|1
|
|upkeep
|turn|552
|
|t:|1628343732
|switch|p1a: Togedemaru|Togedemaru, M|100/100
|switch|p2a: Silvally|Silvally-Ground|95/100 slp
|
|upkeep
|turn|553
|
|t:|1628343738
|switch|p1a: Sandaconda|Sandaconda, F|100/100
|-curestatus|p2a: Silvally|slp|[msg]
|move|p2a: Silvally|Multi-Attack|p1a: Sandaconda
|-damage|p1a: Sandaconda|71/100
|
|-heal|p1a: Sandaconda|77/100|[from] item: Leftovers
|upkeep
|turn|554
|
|t:|1628343742
|switch|p2a: Pyukumuku|Pyukumuku, M|77/100 slp
|switch|p1a: Charizard|Charizard, F|74/100
|
|upkeep
|turn|555
|
|t:|1628343747
|switch|p1a: Sandaconda|Sandaconda, F|77/100
|switch|p2a: Altaria|Altaria, M|85/100
|
|-heal|p1a: Sandaconda|83/100|[from] item: Leftovers
|upkeep
|turn|556
|
|t:|1628343751
|switch|p2a: Silvally|Silvally-Ground|95/100
|move|p1a: Sandaconda|Rest|p1a: Sandaconda
|-status|p1a: Sandaconda|slp|[from] move: Rest
|-heal|p1a: Sandaconda|100/100 slp|[silent]
|
|upkeep
|turn|557
|
|t:|1628343756
|switch|p2a: Altaria|Altaria, M|85/100
|switch|p1a: Charizard|Charizard, F|74/100
|
|upkeep
|turn|558
|
|t:|1628343760
|switch|p1a: Sandaconda|Sandaconda, F|100/100 slp
|switch|p2a: Pyukumuku|Pyukumuku, M|77/100 slp
|
|-activate|p1a: Sandaconda|ability: Shed Skin
|-curestatus|p1a: Sandaconda|slp|[msg]
|upkeep
|turn|559
|
|t:|1628343766
|switch|p1a: Togedemaru|Togedemaru, M|100/100
|switch|p2a: Silvally|Silvally-Ground|95/100
|
|upkeep
|turn|560
|
|t:|1628343772
|switch|p1a: Sandaconda|Sandaconda, F|100/100
|switch|p2a: Pyukumuku|Pyukumuku, M|77/100 slp
|
|upkeep
|turn|561
|
|t:|1628343774
|switch|p1a: Togedemaru|Togedemaru, M|100/100
|switch|p2a: Silvally|Silvally-Ground|95/100
|
|upkeep
|turn|562
|
|t:|1628343778
|switch|p1a: Charizard|Charizard, F|74/100
|switch|p2a: Altaria|Altaria, M|85/100
|
|upkeep
|turn|563
|
|t:|1628343783
|switch|p1a: Sandaconda|Sandaconda, F|100/100
|switch|p2a: Pyukumuku|Pyukumuku, M|77/100 slp
|
|upkeep
|turn|564
|
|t:|1628343798
|switch|p1a: Togedemaru|Togedemaru, M|100/100
|switch|p2a: Silvally|Silvally-Ground|95/100
|
|upkeep
|turn|565
|
|t:|1628343801
|switch|p1a: Charizard|Charizard, F|74/100
|switch|p2a: Pyukumuku|Pyukumuku, M|77/100 slp
|
|upkeep
|turn|566
|
|t:|1628343812
|switch|p1a: Togedemaru|Togedemaru, M|100/100
|switch|p2a: Altaria|Altaria, M|85/100
|
|upkeep
|turn|567
|
|t:|1628343826
|switch|p2a: Silvally|Silvally-Ground|95/100
|move|p1a: Togedemaru|Iron Head|p2a: Silvally
|-damage|p2a: Silvally|65/100
|
|upkeep
|turn|568
|
|t:|1628343832
|switch|p1a: Charizard|Charizard, F|74/100
|switch|p2a: Pyukumuku|Pyukumuku, M|77/100 slp
|
|upkeep
|turn|569
|
|t:|1628343834
|switch|p1a: Togedemaru|Togedemaru, M|100/100
|switch|p2a: Altaria|Altaria, M|85/100
|
|upkeep
|turn|570
|
|t:|1628343839
|switch|p1a: Sandaconda|Sandaconda, F|100/100
|switch|p2a: Silvally|Silvally-Ground|65/100
|
|upkeep
|turn|571
|
|t:|1628343845
|switch|p2a: Pyukumuku|Pyukumuku, M|77/100 slp
|switch|p1a: Charizard|Charizard, F|74/100
|
|upkeep
|turn|572
|
|t:|1628343850
|switch|p1a: Togedemaru|Togedemaru, M|100/100
|switch|p2a: Altaria|Altaria, M|85/100
|
|upkeep
|turn|573
|
|t:|1628343854
|switch|p1a: Sandaconda|Sandaconda, F|100/100
|switch|p2a: Pyukumuku|Pyukumuku, M|77/100 slp
|
|upkeep
|turn|574
|
|t:|1628343857
|switch|p1a: Togedemaru|Togedemaru, M|100/100
|switch|p2a: Silvally|Silvally-Ground|65/100
|
|upkeep
|turn|575
|
|t:|1628343862
|switch|p1a: Sandaconda|Sandaconda, F|100/100
|switch|p2a: Pyukumuku|Pyukumuku, M|77/100 slp
|
|upkeep
|turn|576
|
|t:|1628343865
|switch|p1a: Togedemaru|Togedemaru, M|100/100
|switch|p2a: Silvally|Silvally-Ground|65/100
|
|upkeep
|turn|577
|
|t:|1628343869
|switch|p1a: Sandaconda|Sandaconda, F|100/100
|switch|p2a: Pyukumuku|Pyukumuku, M|77/100 slp
|
|upkeep
|turn|578
|
|t:|1628343872
|switch|p1a: Togedemaru|Togedemaru, M|100/100
|switch|p2a: Altaria|Altaria, M|85/100
|
|upkeep
|turn|579
|
|t:|1628343877
|switch|p1a: Sandaconda|Sandaconda, F|100/100
|switch|p2a: Pyukumuku|Pyukumuku, M|77/100 slp
|
|upkeep
|turn|580
|
|t:|1628343881
|switch|p1a: Togedemaru|Togedemaru, M|100/100
|switch|p2a: Altaria|Altaria, M|85/100
|
|upkeep
|turn|581
|
|t:|1628343884
|switch|p1a: Sandaconda|Sandaconda, F|100/100
|switch|p2a: Pyukumuku|Pyukumuku, M|77/100 slp
|
|upkeep
|turn|582
|
|t:|1628343887
|switch|p1a: Togedemaru|Togedemaru, M|100/100
|switch|p2a: Silvally|Silvally-Ground|65/100
|
|upkeep
|turn|583
|
|t:|1628343891
|switch|p1a: Sandaconda|Sandaconda, F|100/100
|switch|p2a: Pyukumuku|Pyukumuku, M|77/100 slp
|
|upkeep
|turn|584
|
|t:|1628343893
|switch|p1a: Togedemaru|Togedemaru, M|100/100
|switch|p2a: Silvally|Silvally-Ground|65/100
|
|upkeep
|turn|585
|
|t:|1628343896
|switch|p1a: Charizard|Charizard, F|74/100
|switch|p2a: Altaria|Altaria, M|85/100
|
|upkeep
|turn|586
|
|t:|1628343899
|switch|p1a: Togedemaru|Togedemaru, M|100/100
|switch|p2a: Pyukumuku|Pyukumuku, M|77/100 slp
|
|upkeep
|turn|587
|
|t:|1628343902
|switch|p1a: Sandaconda|Sandaconda, F|100/100
|switch|p2a: Silvally|Silvally-Ground|65/100
|
|upkeep
|turn|588
|
|t:|1628343905
|switch|p2a: Pyukumuku|Pyukumuku, M|77/100 slp
|switch|p1a: Charizard|Charizard, F|74/100
|
|upkeep
|turn|589
|
|t:|1628343909
|switch|p1a: Togedemaru|Togedemaru, M|100/100
|switch|p2a: Altaria|Altaria, M|85/100
|
|upkeep
|turn|590
|
|t:|1628343914
|switch|p1a: Sandaconda|Sandaconda, F|100/100
|switch|p2a: Pyukumuku|Pyukumuku, M|77/100 slp
|
|upkeep
|turn|591
|
|t:|1628343918
|switch|p1a: Togedemaru|Togedemaru, M|100/100
|switch|p2a: Silvally|Silvally-Ground|65/100
|
|upkeep
|turn|592
|
|t:|1628343921
|switch|p1a: Charizard|Charizard, F|74/100
|switch|p2a: Pyukumuku|Pyukumuku, M|77/100 slp
|
|upkeep
|turn|593
|
|t:|1628343926
|switch|p1a: Sandaconda|Sandaconda, F|100/100
|switch|p2a: Altaria|Altaria, M|85/100
|
|upkeep
|turn|594
|
|t:|1628343930
|switch|p2a: Pyukumuku|Pyukumuku, M|77/100 slp
|switch|p1a: Togedemaru|Togedemaru, M|100/100
|
|upkeep
|turn|595
|
|t:|1628343935
|switch|p1a: Sandaconda|Sandaconda, F|100/100
|switch|p2a: Silvally|Silvally-Ground|65/100
|
|upkeep
|turn|596
|
|t:|1628343939
|switch|p2a: Altaria|Altaria, M|85/100
|switch|p1a: Charizard|Charizard, F|74/100
|
|upkeep
|turn|597
|
|t:|1628343943
|switch|p1a: Togedemaru|Togedemaru, M|100/100
|switch|p2a: Pyukumuku|Pyukumuku, M|77/100 slp
|
|upkeep
|turn|598
|
|t:|1628343948
|switch|p1a: Sandaconda|Sandaconda, F|100/100
|switch|p2a: Silvally|Silvally-Ground|65/100
|
|upkeep
|turn|599
|
|t:|1628343951
|switch|p2a: Pyukumuku|Pyukumuku, M|77/100 slp
|switch|p1a: Charizard|Charizard, F|74/100
|
|upkeep
|bigerror|You will auto-tie if the battle doesn't end in 400 turns (on turn 1000).
|-hint|If you want to tie earlier, consider using `/offertie`.
|turn|600
PULT83c yovan is offering a tie.
|
|t:|1628343970
|switch|p1a: Togedemaru|Togedemaru, M|100/100
|switch|p2a: Altaria|Altaria, M|85/100
|
|upkeep
|turn|601
|
|t:|1628343977
|switch|p1a: Sandaconda|Sandaconda, F|100/100
|switch|p2a: Pyukumuku|Pyukumuku, M|77/100 slp
|
|upkeep
|turn|602
|
|t:|1628343980
|switch|p1a: Togedemaru|Togedemaru, M|100/100
|switch|p2a: Silvally|Silvally-Ground|65/100
|
|upkeep
|turn|603
|
|t:|1628343986
|switch|p1a: Sandaconda|Sandaconda, F|100/100
|switch|p2a: Pyukumuku|Pyukumuku, M|77/100 slp
|
|upkeep
|turn|604
|
|t:|1628343991
|switch|p1a: Togedemaru|Togedemaru, M|100/100
|switch|p2a: Altaria|Altaria, M|85/100
|
|upkeep
|turn|605
|
|t:|1628343994
|switch|p1a: Sandaconda|Sandaconda, F|100/100
|switch|p2a: Silvally|Silvally-Ground|65/100
|
|upkeep
|turn|606
|
|t:|1628343999
|switch|p2a: Pyukumuku|Pyukumuku, M|77/100 slp
|switch|p1a: Charizard|Charizard, F|74/100
|
|upkeep
|turn|607
|j| jirachis desire
|
|t:|1628344002
|switch|p1a: Togedemaru|Togedemaru, M|100/100
|switch|p2a: Altaria|Altaria, M|85/100
|
|upkeep
|turn|608
|l| jirachis desire
|
|t:|1628344014
|switch|p1a: Sandaconda|Sandaconda, F|100/100
|switch|p2a: Silvally|Silvally-Ground|65/100
|
|upkeep
|turn|609
|
|t:|1628344022
|switch|p2a: Pyukumuku|Pyukumuku, M|77/100 slp
|switch|p1a: Charizard|Charizard, F|74/100
|
|upkeep
|turn|610
|j| jirachis desire
|
|t:|1628344033
|switch|p1a: Togedemaru|Togedemaru, M|100/100
|switch|p2a: Altaria|Altaria, M|85/100
|
|upkeep
|turn|611
|
|t:|1628344045
|switch|p1a: Sandaconda|Sandaconda, F|100/100
|switch|p2a: Pyukumuku|Pyukumuku, M|77/100 slp
|
|upkeep
|turn|612
|
|t:|1628344049
|switch|p1a: Togedemaru|Togedemaru, M|100/100
|switch|p2a: Silvally|Silvally-Ground|65/100
|
|upkeep
|turn|613
|
|t:|1628344061
|switch|p1a: Charizard|Charizard, F|74/100
|switch|p2a: Pyukumuku|Pyukumuku, M|77/100 slp
|
|upkeep
|turn|614
|
|t:|1628344065
|switch|p1a: Togedemaru|Togedemaru, M|100/100
|switch|p2a: Altaria|Altaria, M|85/100
|
|upkeep
|turn|615
|
|t:|1628344079
|switch|p1a: Sandaconda|Sandaconda, F|100/100
|switch|p2a: Pyukumuku|Pyukumuku, M|77/100 slp
|
|upkeep
|turn|616
|
|t:|1628344085
|switch|p1a: Togedemaru|Togedemaru, M|100/100
|switch|p2a: Silvally|Silvally-Ground|65/100
|
|upkeep
|turn|617
|inactive|PULT83c yovan has 120 seconds left.
|
|t:|1628344097
|switch|p1a: Charizard|Charizard, F|74/100
|switch|p2a: Pyukumuku|Pyukumuku, M|77/100 slp
|
|upkeep
|turn|618
|
|t:|1628344101
|switch|p1a: Togedemaru|Togedemaru, M|100/100
|switch|p2a: Altaria|Altaria, M|85/100
|
|upkeep
|turn|619
|inactive|PULT83c yovan has 120 seconds left.
|
|t:|1628344110
|switch|p1a: Sandaconda|Sandaconda, F|100/100
|switch|p2a: Pyukumuku|Pyukumuku, M|77/100 slp
|
|upkeep
|turn|620
|j| zS
|l| jirachis desire
|
|t:|1628344117
|switch|p1a: Togedemaru|Togedemaru, M|100/100
|switch|p2a: Silvally|Silvally-Ground|65/100
|
|upkeep
|turn|621
|
|t:|1628344120
|switch|p1a: Sandaconda|Sandaconda, F|100/100
|switch|p2a: Pyukumuku|Pyukumuku, M|77/100 slp
|
|upkeep
|turn|622
|
|t:|1628344122
|switch|p1a: Togedemaru|Togedemaru, M|100/100
|switch|p2a: Silvally|Silvally-Ground|65/100
|
|upkeep
|turn|623
|
|t:|1628344125
|switch|p1a: Charizard|Charizard, F|74/100
|switch|p2a: Pyukumuku|Pyukumuku, M|77/100 slp
|
|upkeep
|turn|624
|
|t:|1628344128
|switch|p1a: Sandaconda|Sandaconda, F|100/100
|switch|p2a: Altaria|Altaria, M|85/100
|
|upkeep
|turn|625
|
|t:|1628344132
|switch|p2a: Silvally|Silvally-Ground|65/100
|switch|p1a: Togedemaru|Togedemaru, M|100/100
|
|upkeep
|turn|626
|
|t:|1628344140
|switch|p1a: Charizard|Charizard, F|74/100
|switch|p2a: Pyukumuku|Pyukumuku, M|77/100 slp
|
|upkeep
|turn|627
|
|t:|1628344149
|switch|p1a: Togedemaru|Togedemaru, M|100/100
|switch|p2a: Altaria|Altaria, M|85/100
|
|upkeep
|turn|628
|
|t:|1628344153
|switch|p1a: Sandaconda|Sandaconda, F|100/100
|switch|p2a: Silvally|Silvally-Ground|65/100
|
|upkeep
|turn|629
|
|t:|1628344156
|switch|p2a: Pyukumuku|Pyukumuku, M|77/100 slp
|switch|p1a: Charizard|Charizard, F|74/100
|
|upkeep
|turn|630
|
|t:|1628344160
|switch|p1a: Aromatisse|Aromatisse, F|100/100
|switch|p2a: Altaria|Altaria, M|85/100
|
|upkeep
|turn|631
|
|t:|1628344168
|switch|p1a: Togedemaru|Togedemaru, M|100/100
|move|p2a: Altaria|Toxic|p1a: Togedemaru
|-immune|p1a: Togedemaru
|
|upkeep
|turn|632
|l| zS
|
|t:|1628344174
|switch|p1a: Sandaconda|Sandaconda, F|100/100
|move|p2a: Altaria|Toxic|p1a: Sandaconda
|-status|p1a: Sandaconda|tox
|
|-damage|p1a: Sandaconda|94/100 tox|[from] psn
|upkeep
|turn|633
|
|t:|1628344183
|switch|p2a: Pyukumuku|Pyukumuku, M|77/100 slp
|switch|p1a: Togedemaru|Togedemaru, M|100/100
|
|upkeep
|turn|634
|
|t:|1628344188
|switch|p1a: Sandaconda|Sandaconda, F|94/100 tox
|switch|p2a: Silvally|Silvally-Ground|65/100
|
|-heal|p1a: Sandaconda|100/100 tox|[from] item: Leftovers
|-damage|p1a: Sandaconda|94/100 tox|[from] psn
|upkeep
|turn|635
|
|t:|1628344197
|switch|p2a: Pyukumuku|Pyukumuku, M|77/100 slp
|move|p1a: Sandaconda|Rest|p1a: Sandaconda
|-status|p1a: Sandaconda|slp|[from] move: Rest
|-heal|p1a: Sandaconda|100/100 slp|[silent]
|
|-activate|p1a: Sandaconda|ability: Shed Skin
|-curestatus|p1a: Sandaconda|slp|[msg]
|upkeep
|turn|636
|
|t:|1628344203
|switch|p1a: Togedemaru|Togedemaru, M|100/100
|switch|p2a: Silvally|Silvally-Ground|65/100
|
|upkeep
|turn|637
|
|t:|1628344210
|switch|p1a: Charizard|Charizard, F|74/100
|switch|p2a: Pyukumuku|Pyukumuku, M|77/100 slp
|
|upkeep
|turn|638
|
|t:|1628344219
|switch|p1a: Togedemaru|Togedemaru, M|100/100
|switch|p2a: Altaria|Altaria, M|85/100
|
|upkeep
|turn|639
|
|t:|1628344228
|switch|p1a: Sandaconda|Sandaconda, F|100/100
|switch|p2a: Silvally|Silvally-Ground|65/100
|
|upkeep
|turn|640
|
|t:|1628344234
|switch|p2a: Pyukumuku|Pyukumuku, M|77/100 slp
|switch|p1a: Charizard|Charizard, F|74/100
|
|upkeep
|turn|641
|
|t:|1628344239
|switch|p2a: Altaria|Altaria, M|85/100
|move|p1a: Charizard|Roost|p1a: Charizard
|-heal|p1a: Charizard|100/100
|-singleturn|p1a: Charizard|move: Roost
|
|upkeep
|turn|642
|
|t:|1628344245
|switch|p1a: Togedemaru|Togedemaru, M|100/100
|switch|p2a: Pyukumuku|Pyukumuku, M|77/100 slp
|
|upkeep
|turn|643
|
|t:|1628344248
|switch|p1a: Sandaconda|Sandaconda, F|100/100
|switch|p2a: Silvally|Silvally-Ground|65/100
|
|upkeep
|turn|644
|
|t:|1628344257
|switch|p2a: Pyukumuku|Pyukumuku, M|77/100 slp
|switch|p1a: Charizard|Charizard, F|100/100
|
|upkeep
|turn|645
|
|t:|1628344268
|switch|p1a: Togedemaru|Togedemaru, M|100/100
|switch|p2a: Altaria|Altaria, M|85/100
|
|upkeep
|turn|646
|
|t:|1628344274
|switch|p1a: Sandaconda|Sandaconda, F|100/100
|switch|p2a: Silvally|Silvally-Ground|65/100
|
|upkeep
|turn|647
|
|t:|1628344278
|switch|p2a: Pyukumuku|Pyukumuku, M|77/100 slp
|switch|p1a: Charizard|Charizard, F|100/100
|
|upkeep
|turn|648
|
|t:|1628344284
|switch|p1a: Togedemaru|Togedemaru, M|100/100
|switch|p2a: Altaria|Altaria, M|85/100
|
|upkeep
|turn|649
|
|t:|1628344288
|switch|p1a: Sandaconda|Sandaconda, F|100/100
|switch|p2a: Silvally|Silvally-Ground|65/100
|
|upkeep
|turn|650
|
|t:|1628344292
|switch|p2a: Pyukumuku|Pyukumuku, M|77/100 slp
|switch|p1a: Charizard|Charizard, F|100/100
|
|upkeep
|turn|651
|
|t:|1628344296
|switch|p1a: Togedemaru|Togedemaru, M|100/100
|switch|p2a: Altaria|Altaria, M|85/100
|
|upkeep
|turn|652
|
|t:|1628344307
|switch|p1a: Sandaconda|Sandaconda, F|100/100
|switch|p2a: Pyukumuku|Pyukumuku, M|77/100 slp
|
|upkeep
|turn|653
|
|t:|1628344310
|switch|p1a: Togedemaru|Togedemaru, M|100/100
|switch|p2a: Silvally|Silvally-Ground|65/100
|
|upkeep
|turn|654
|
|t:|1628344314
|switch|p1a: Charizard|Charizard, F|100/100
|switch|p2a: Pyukumuku|Pyukumuku, M|77/100 slp
|
|upkeep
|turn|655
|
|t:|1628344319
|switch|p1a: Togedemaru|Togedemaru, M|100/100
|switch|p2a: Altaria|Altaria, M|85/100
|
|upkeep
|turn|656
|
|t:|1628344323
|switch|p1a: Sandaconda|Sandaconda, F|100/100
|switch|p2a: Silvally|Silvally-Ground|65/100
|
|upkeep
|turn|657
|
|t:|1628344326
|switch|p2a: Pyukumuku|Pyukumuku, M|77/100 slp
|switch|p1a: Charizard|Charizard, F|100/100
|
|upkeep
|turn|658
|
|t:|1628344330
|switch|p1a: Aromatisse|Aromatisse, F|100/100
|switch|p2a: Altaria|Altaria, M|85/100
|
|upkeep
|turn|659
|
|t:|1628344334
|switch|p2a: Pyukumuku|Pyukumuku, M|77/100 slp
|switch|p1a: Togedemaru|Togedemaru, M|100/100
|
|upkeep
|turn|660
|
|t:|1628344340
|switch|p1a: Sandaconda|Sandaconda, F|100/100
|switch|p2a: Silvally|Silvally-Ground|65/100
|
|upkeep
|turn|661
|
|t:|1628344344
|switch|p2a: Pyukumuku|Pyukumuku, M|77/100 slp
|switch|p1a: Charizard|Charizard, F|100/100
|
|upkeep
|turn|662
|
|t:|1628344348
|switch|p1a: Togedemaru|Togedemaru, M|100/100
|switch|p2a: Silvally|Silvally-Ground|65/100
|
|upkeep
|turn|663
|
|t:|1628344352
|switch|p1a: Charizard|Charizard, F|100/100
|switch|p2a: Pyukumuku|Pyukumuku, M|77/100 slp
|
|upkeep
|turn|664
|
|t:|1628344356
|switch|p1a: Aromatisse|Aromatisse, F|100/100
|switch|p2a: Altaria|Altaria, M|85/100
|
|upkeep
|turn|665
|
|t:|1628344364
|switch|p2a: Pyukumuku|Pyukumuku, M|77/100 slp
|switch|p1a: Togedemaru|Togedemaru, M|100/100
|
|upkeep
|turn|666
|
|t:|1628344369
|switch|p1a: Sandaconda|Sandaconda, F|100/100
|switch|p2a: Silvally|Silvally-Ground|65/100
|
|upkeep
|turn|667
|
|t:|1628344373
|switch|p2a: Pyukumuku|Pyukumuku, M|77/100 slp
|switch|p1a: Charizard|Charizard, F|100/100
|
|upkeep
|turn|668
|
|t:|1628344381
|switch|p1a: Togedemaru|Togedemaru, M|100/100
|switch|p2a: Altaria|Altaria, M|85/100
|
|upkeep
|turn|669
|
|t:|1628344387
|switch|p1a: Sandaconda|Sandaconda, F|100/100
|switch|p2a: Pyukumuku|Pyukumuku, M|77/100 slp
|
|upkeep
|turn|670
|
|t:|1628344391
|switch|p1a: Togedemaru|Togedemaru, M|100/100
|switch|p2a: Silvally|Silvally-Ground|65/100
|
|upkeep
|turn|671
|
|t:|1628344394
|switch|p1a: Sandaconda|Sandaconda, F|100/100
|switch|p2a: Altaria|Altaria, M|85/100
|
|upkeep
|turn|672
|
|t:|1628344398
|switch|p2a: Silvally|Silvally-Ground|65/100
|switch|p1a: Togedemaru|Togedemaru, M|100/100
|
|upkeep
|turn|673
|
|t:|1628344401
|switch|p1a: Charizard|Charizard, F|100/100
|switch|p2a: Pyukumuku|Pyukumuku, M|77/100 slp
|
|upkeep
|turn|674
|
|t:|1628344405
|switch|p1a: Sandaconda|Sandaconda, F|100/100
|switch|p2a: Altaria|Altaria, M|85/100
|
|upkeep
|turn|675
|
|t:|1628344409
|switch|p2a: Pyukumuku|Pyukumuku, M|77/100 slp
|switch|p1a: Togedemaru|Togedemaru, M|100/100
|
|upkeep
|turn|676
|
|t:|1628344413
|switch|p1a: Sandaconda|Sandaconda, F|100/100
|switch|p2a: Silvally|Silvally-Ground|65/100
|
|upkeep
|turn|677
|
|t:|1628344417
|switch|p2a: Pyukumuku|Pyukumuku, M|77/100 slp
|switch|p1a: Charizard|Charizard, F|100/100
|
|upkeep
|turn|678
|
|t:|1628344421
|switch|p1a: Togedemaru|Togedemaru, M|100/100
|switch|p2a: Altaria|Altaria, M|85/100
|
|upkeep
|turn|679
|
|t:|1628344424
|switch|p1a: Sandaconda|Sandaconda, F|100/100
|switch|p2a: Pyukumuku|Pyukumuku, M|77/100 slp
|
|upkeep
|turn|680
|
|t:|1628344429
|switch|p1a: Togedemaru|Togedemaru, M|100/100
|switch|p2a: Altaria|Altaria, M|85/100
|
|upkeep
|turn|681
|
|t:|1628344433
|switch|p1a: Sandaconda|Sandaconda, F|100/100
|switch|p2a: Silvally|Silvally-Ground|65/100
|
|upkeep
|turn|682
|
|t:|1628344436
|switch|p2a: Pyukumuku|Pyukumuku, M|77/100 slp
|switch|p1a: Togedemaru|Togedemaru, M|100/100
|
|upkeep
|turn|683
|
|t:|1628344439
|switch|p1a: Sandaconda|Sandaconda, F|100/100
|switch|p2a: Silvally|Silvally-Ground|65/100
|
|upkeep
|turn|684
|
|t:|1628344442
|switch|p2a: Pyukumuku|Pyukumuku, M|77/100 slp
|switch|p1a: Togedemaru|Togedemaru, M|100/100
|
|upkeep
|turn|685
|
|t:|1628344445
|switch|p1a: Sandaconda|Sandaconda, F|100/100
|switch|p2a: Silvally|Silvally-Ground|65/100
|
|upkeep
|turn|686
|
|t:|1628344449
|switch|p2a: Pyukumuku|Pyukumuku, M|77/100 slp
|switch|p1a: Togedemaru|Togedemaru, M|100/100
|
|upkeep
|turn|687
|
|t:|1628344452
|switch|p1a: Sandaconda|Sandaconda, F|100/100
|switch|p2a: Altaria|Altaria, M|85/100
|
|upkeep
|turn|688
|
|t:|1628344455
|switch|p2a: Silvally|Silvally-Ground|65/100
|switch|p1a: Togedemaru|Togedemaru, M|100/100
|
|upkeep
|turn|689
|
|t:|1628344459
|switch|p1a: Charizard|Charizard, F|100/100
|switch|p2a: Pyukumuku|Pyukumuku, M|77/100 slp
|
|upkeep
|turn|690
|
|t:|1628344462
|switch|p1a: Togedemaru|Togedemaru, M|100/100
|switch|p2a: Altaria|Altaria, M|85/100
|
|upkeep
|turn|691
|
|t:|1628344468
|switch|p1a: Sandaconda|Sandaconda, F|100/100
|switch|p2a: Pyukumuku|Pyukumuku, M|77/100 slp
|
|upkeep
|turn|692
|
|t:|1628344471
|switch|p1a: Togedemaru|Togedemaru, M|100/100
|switch|p2a: Silvally|Silvally-Ground|65/100
|
|upkeep
|turn|693
|
|t:|1628344482
|switch|p1a: Charizard|Charizard, F|100/100
|switch|p2a: Pyukumuku|Pyukumuku, M|77/100 slp
|
|upkeep
|turn|694
|
|t:|1628344497
|switch|p1a: Togedemaru|Togedemaru, M|100/100
|switch|p2a: Altaria|Altaria, M|85/100
|
|upkeep
|turn|695
|
|t:|1628344506
|switch|p1a: Sandaconda|Sandaconda, F|100/100
|switch|p2a: Pyukumuku|Pyukumuku, M|77/100 slp
|
|upkeep
|turn|696
|
|t:|1628344508
|switch|p1a: Togedemaru|Togedemaru, M|100/100
|switch|p2a: Silvally|Silvally-Ground|65/100
|
|upkeep
|turn|697
|
|t:|1628344512
|switch|p1a: Charizard|Charizard, F|100/100
|switch|p2a: Pyukumuku|Pyukumuku, M|77/100 slp
|
|upkeep
|turn|698
|
|t:|1628344515
|switch|p1a: Togedemaru|Togedemaru, M|100/100
|switch|p2a: Altaria|Altaria, M|85/100
|
|upkeep
|turn|699
|
|t:|1628344521
|switch|p1a: Sandaconda|Sandaconda, F|100/100
|switch|p2a: Silvally|Silvally-Ground|65/100
|
|upkeep
|bigerror|You will auto-tie if the battle doesn't end in 300 turns (on turn 1000).
|-hint|If you want to tie earlier, consider using `/offertie`.
|turn|700
PULT83c yovan is offering a tie.
|
|t:|1628344531
|switch|p2a: Altaria|Altaria, M|85/100
|switch|p1a: Charizard|Charizard, F|100/100
|
|upkeep
|turn|701
|
|t:|1628344535
|switch|p1a: Togedemaru|Togedemaru, M|100/100
|switch|p2a: Pyukumuku|Pyukumuku, M|77/100 slp
|
|upkeep
|turn|702
|
|t:|1628344540
|switch|p1a: Sandaconda|Sandaconda, F|100/100
|switch|p2a: Silvally|Silvally-Ground|65/100
|
|upkeep
|turn|703
|
|t:|1628344544
|switch|p2a: Pyukumuku|Pyukumuku, M|77/100 slp
|switch|p1a: Charizard|Charizard, F|100/100
|
|upkeep
|turn|704
|
|t:|1628344549
|switch|p1a: Togedemaru|Togedemaru, M|100/100
|switch|p2a: Altaria|Altaria, M|85/100
|
|upkeep
|turn|705
|
|t:|1628344558
|switch|p1a: Sandaconda|Sandaconda, F|100/100
|switch|p2a: Silvally|Silvally-Ground|65/100
|
|upkeep
|turn|706
|
|t:|1628344562
|switch|p2a: Pyukumuku|Pyukumuku, M|77/100 slp
|switch|p1a: Charizard|Charizard, F|100/100
|
|upkeep
|turn|707
|
|t:|1628344565
|switch|p1a: Togedemaru|Togedemaru, M|100/100
|switch|p2a: Altaria|Altaria, M|85/100
|
|upkeep
|turn|708
|
|t:|1628344571
|switch|p1a: Sandaconda|Sandaconda, F|100/100
|switch|p2a: Silvally|Silvally-Ground|65/100
|
|upkeep
|turn|709
|
|t:|1628344580
|switch|p2a: Pyukumuku|Pyukumuku, M|77/100 slp
|switch|p1a: Charizard|Charizard, F|100/100
|
|upkeep
|turn|710
|
|t:|1628344584
|switch|p1a: Togedemaru|Togedemaru, M|100/100
|switch|p2a: Altaria|Altaria, M|85/100
|
|upkeep
|turn|711
|
|t:|1628344587
|switch|p1a: Sandaconda|Sandaconda, F|100/100
|switch|p2a: Silvally|Silvally-Ground|65/100
|
|upkeep
|turn|712
|
|t:|1628344591
|switch|p2a: Pyukumuku|Pyukumuku, M|77/100 slp
|switch|p1a: Charizard|Charizard, F|100/100
|
|upkeep
|turn|713
|
|t:|1628344597
|switch|p1a: Togedemaru|Togedemaru, M|100/100
|switch|p2a: Altaria|Altaria, M|85/100
|
|upkeep
|turn|714
|
|t:|1628344600
|switch|p1a: Sandaconda|Sandaconda, F|100/100
|switch|p2a: Silvally|Silvally-Ground|65/100
|
|upkeep
|turn|715
|j| pepper bobo
|
|t:|1628344603
|switch|p2a: Pyukumuku|Pyukumuku, M|77/100 slp
|switch|p1a: Charizard|Charizard, F|100/100
|
|upkeep
|turn|716
|
|t:|1628344606
|switch|p1a: Togedemaru|Togedemaru, M|100/100
|switch|p2a: Altaria|Altaria, M|85/100
|
|upkeep
|turn|717
|
|t:|1628344612
|switch|p1a: Sandaconda|Sandaconda, F|100/100
|switch|p2a: Silvally|Silvally-Ground|65/100
|
|upkeep
|turn|718
|
|t:|1628344616
|switch|p2a: Pyukumuku|Pyukumuku, M|77/100 slp
|switch|p1a: Charizard|Charizard, F|100/100
|
|upkeep
|turn|719
|l| pepper bobo
|
|t:|1628344621
|switch|p1a: Togedemaru|Togedemaru, M|100/100
|switch|p2a: Altaria|Altaria, M|85/100
|
|upkeep
|turn|720
|
|t:|1628344624
|switch|p1a: Sandaconda|Sandaconda, F|100/100
|move|p2a: Altaria|Defog|p1a: Sandaconda
|-unboost|p1a: Sandaconda|evasion|1
|
|upkeep
|turn|721
|
|t:|1628344637
|switch|p2a: Pyukumuku|Pyukumuku, M|77/100 slp
|switch|p1a: Togedemaru|Togedemaru, M|100/100
|
|upkeep
|turn|722
|
|t:|1628344644
|switch|p1a: Charizard|Charizard, F|100/100
|switch|p2a: Silvally|Silvally-Ground|65/100
|
|upkeep
|turn|723
|
|t:|1628344652
|switch|p1a: Sandaconda|Sandaconda, F|100/100
|switch|p2a: Altaria|Altaria, M|85/100
|
|upkeep
|turn|724
|
|t:|1628344656
|switch|p2a: Silvally|Silvally-Ground|65/100
|switch|p1a: Togedemaru|Togedemaru, M|100/100
|
|upkeep
|turn|725
|
|t:|1628344660
|switch|p1a: Charizard|Charizard, F|100/100
|switch|p2a: Pyukumuku|Pyukumuku, M|77/100 slp
|
|upkeep
|turn|726
|
|t:|1628344667
|switch|p1a: Togedemaru|Togedemaru, M|100/100
|switch|p2a: Altaria|Altaria, M|85/100
|
|upkeep
|turn|727
|
|t:|1628344675
|switch|p2a: Silvally|Silvally-Ground|65/100
|move|p1a: Togedemaru|Iron Head|p2a: Silvally
|-damage|p2a: Silvally|35/100
|
|upkeep
|turn|728
|
|t:|1628344686
|switch|p1a: Charizard|Charizard, F|100/100
|switch|p2a: Pyukumuku|Pyukumuku, M|77/100 slp
|
|upkeep
|turn|729
|
|t:|1628344692
|switch|p1a: Togedemaru|Togedemaru, M|100/100
|switch|p2a: Altaria|Altaria, M|85/100
|
|upkeep
|turn|730
|inactive|Vy8 has 120 seconds left.
|
|t:|1628344699
|switch|p2a: Pyukumuku|Pyukumuku, M|77/100 slp
|move|p1a: Togedemaru|Zing Zap|p2a: Pyukumuku
|-supereffective|p2a: Pyukumuku
|-damage|p2a: Pyukumuku|30/100 slp
|
|upkeep
|turn|731
|inactive|Vy8 has 120 seconds left.
|
|t:|1628344705
|switch|p1a: Charizard|Charizard, F|100/100
|-curestatus|p2a: Pyukumuku|slp|[msg]
|move|p2a: Pyukumuku|Recover|p2a: Pyukumuku
|-heal|p2a: Pyukumuku|80/100
|
|upkeep
|turn|732
|
|t:|1628344710
|switch|p1a: Togedemaru|Togedemaru, M|100/100
|switch|p2a: Silvally|Silvally-Ground|35/100
|
|upkeep
|turn|733
|
|t:|1628344714
|switch|p1a: Charizard|Charizard, F|100/100
|switch|p2a: Pyukumuku|Pyukumuku, M|80/100
|
|upkeep
|turn|734
|
|t:|1628344719
|switch|p1a: Togedemaru|Togedemaru, M|100/100
|switch|p2a: Altaria|Altaria, M|85/100
|
|upkeep
|turn|735
|
|t:|1628344724
|switch|p1a: Sandaconda|Sandaconda, F|100/100
|switch|p2a: Pyukumuku|Pyukumuku, M|80/100
|
|upkeep
|turn|736
|
|t:|1628344730
|switch|p1a: Togedemaru|Togedemaru, M|100/100
|switch|p2a: Silvally|Silvally-Ground|35/100
|
|upkeep
|turn|737
|
|t:|1628344737
|switch|p1a: Charizard|Charizard, F|100/100
|move|p2a: Silvally|Rest|p2a: Silvally
|-status|p2a: Silvally|slp|[from] move: Rest
|-heal|p2a: Silvally|100/100 slp|[silent]
|
|upkeep
|turn|738
|
|t:|1628344743
|switch|p1a: Sandaconda|Sandaconda, F|100/100
|switch|p2a: Altaria|Altaria, M|85/100
|
|upkeep
|turn|739
|
|t:|1628344748
|switch|p2a: Pyukumuku|Pyukumuku, M|80/100
|switch|p1a: Togedemaru|Togedemaru, M|100/100
|
|upkeep
|turn|740
|
|t:|1628344756
|switch|p1a: Sandaconda|Sandaconda, F|100/100
|switch|p2a: Altaria|Altaria, M|85/100
|
|upkeep
|turn|741
|
|t:|1628344761
|switch|p2a: Silvally|Silvally-Ground|100/100 slp
|switch|p1a: Togedemaru|Togedemaru, M|100/100
|
|upkeep
|turn|742
|j| pepper bobo
|inactive|Vy8 has 120 seconds left.
|
|t:|1628344774
|switch|p1a: Aromatisse|Aromatisse, F|100/100
|cant|p2a: Silvally|slp
|
|upkeep
|turn|743
|inactive|Vy8 has 120 seconds left.
|
|t:|1628344779
|switch|p2a: Pyukumuku|Pyukumuku, M|80/100
|move|p1a: Aromatisse|Moonblast|p2a: Pyukumuku
|-damage|p2a: Pyukumuku|53/100
|
|upkeep
|turn|744
|
|t:|1628344784
|switch|p1a: Togedemaru|Togedemaru, M|100/100
|move|p2a: Pyukumuku|Toxic|p1a: Togedemaru
|-immune|p1a: Togedemaru
|
|upkeep
|turn|745
|inactive|Vy8 has 120 seconds left.
|
|t:|1628344789
|switch|p2a: Silvally|Silvally-Ground|100/100 slp
|move|p1a: Togedemaru|Toxic|p2a: Silvally|[miss]
|-miss|p1a: Togedemaru|p2a: Silvally
|
|upkeep
|turn|746
|l| pepper bobo
|
|t:|1628344794
|switch|p1a: Charizard|Charizard, F|100/100
|switch|p2a: Pyukumuku|Pyukumuku, M|53/100
|
|upkeep
|turn|747
|
|t:|1628344797
|switch|p1a: Togedemaru|Togedemaru, M|100/100
|switch|p2a: Altaria|Altaria, M|85/100
|
|upkeep
|turn|748
|inactive|Vy8 has 120 seconds left.
|
|t:|1628344803
|switch|p1a: Sandaconda|Sandaconda, F|100/100
|switch|p2a: Silvally|Silvally-Ground|100/100 slp
|
|upkeep
|turn|749
|
|t:|1628344809
|cant|p2a: Silvally|slp
|move|p1a: Sandaconda|Earthquake|p2a: Silvally
|-damage|p2a: Silvally|70/100 slp
|
|upkeep
|turn|750
|inactive|Vy8 has 120 seconds left.
|
|t:|1628344815
|switch|p2a: Altaria|Altaria, M|85/100
|switch|p1a: Charizard|Charizard, F|100/100
|
|upkeep
|turn|751
|inactive|Vy8 has 120 seconds left.
|
|t:|1628344823
|switch|p1a: Togedemaru|Togedemaru, M|100/100
|switch|p2a: Pyukumuku|Pyukumuku, M|53/100
|
|upkeep
|turn|752
|
|t:|1628344829
|switch|p2a: Silvally|Silvally-Ground|70/100 slp
|move|p1a: Togedemaru|Iron Head|p2a: Silvally
|-damage|p2a: Silvally|36/100 slp
|
|upkeep
|turn|753
|
|t:|1628344837
|switch|p1a: Charizard|Charizard, F|100/100
|switch|p2a: Pyukumuku|Pyukumuku, M|53/100
|
|upkeep
|turn|754
|
|t:|1628344844
|switch|p1a: Togedemaru|Togedemaru, M|100/100
|move|p2a: Pyukumuku|Rest|p2a: Pyukumuku
|-status|p2a: Pyukumuku|slp|[from] move: Rest
|-heal|p2a: Pyukumuku|100/100 slp|[silent]
|
|upkeep
|turn|755
|
|t:|1628344847
|move|p1a: Togedemaru|Zing Zap|p2a: Pyukumuku
|-supereffective|p2a: Pyukumuku
|-damage|p2a: Pyukumuku|46/100 slp
|cant|p2a: Pyukumuku|slp
|
|upkeep
|turn|756
|
|t:|1628344856
|switch|p1a: Charizard|Charizard, F|100/100
|switch|p2a: Silvally|Silvally-Ground|36/100 slp
|
|upkeep
|turn|757
|
|t:|1628344859
|switch|p2a: Altaria|Altaria, M|85/100
|move|p1a: Charizard|Flamethrower|p2a: Altaria
|-resisted|p2a: Altaria
|-damage|p2a: Altaria|74/100
|
|upkeep
|turn|758
|
|t:|1628344863
|switch|p1a: Togedemaru|Togedemaru, M|100/100
|switch|p2a: Pyukumuku|Pyukumuku, M|46/100 slp
|
|upkeep
|turn|759
|
|t:|1628344870
|switch|p2a: Altaria|Altaria, M|74/100
|move|p1a: Togedemaru|Zing Zap|p2a: Altaria
|-damage|p2a: Altaria|39/100
|
|upkeep
|turn|760
|
|t:|1628344875
|switch|p1a: Charizard|Charizard, F|100/100
|switch|p2a: Silvally|Silvally-Ground|36/100 slp
|
|upkeep
|turn|761
|
|t:|1628344881
|switch|p2a: Altaria|Altaria, M|39/100
|move|p1a: Charizard|Flamethrower|p2a: Altaria
|-resisted|p2a: Altaria
|-damage|p2a: Altaria|27/100
|
|upkeep
|turn|762
|
|t:|1628344890
|switch|p1a: Togedemaru|Togedemaru, M|100/100
|switch|p2a: Silvally|Silvally-Ground|36/100 slp
|
|upkeep
|turn|763
|
|t:|1628344895
|switch|p1a: Sandaconda|Sandaconda, F|100/100
|-curestatus|p2a: Silvally|slp|[msg]
|move|p2a: Silvally|Multi-Attack|p1a: Sandaconda
|-damage|p1a: Sandaconda|67/100
|
|-heal|p1a: Sandaconda|73/100|[from] item: Leftovers
|upkeep
|turn|764
|
|t:|1628344903
|switch|p1a: Charizard|Charizard, F|100/100
|move|p2a: Silvally|Flamethrower|p1a: Charizard
|-resisted|p1a: Charizard
|-damage|p1a: Charizard|91/100
|
|upkeep
|turn|765
|
|t:|1628344917
|move|p1a: Charizard|Defog|p2a: Silvally
|-unboost|p2a: Silvally|evasion|1
|move|p2a: Silvally|Multi-Attack|p1a: Charizard
|-immune|p1a: Charizard
|
|upkeep
|turn|766
|
|t:|1628344925
|switch|p2a: Altaria|Altaria, M|27/100
|move|p1a: Charizard|Flamethrower|p2a: Altaria
|-resisted|p2a: Altaria
|-damage|p2a: Altaria|16/100
|
|upkeep
|turn|767
|
|t:|1628344934
|switch|p1a: Sandaconda|Sandaconda, F|73/100
|move|p2a: Altaria|Roost|p2a: Altaria
|-heal|p2a: Altaria|66/100
|-singleturn|p2a: Altaria|move: Roost
|
|-heal|p1a: Sandaconda|79/100|[from] item: Leftovers
|upkeep
|turn|768
|
|t:|1628344943
|switch|p2a: Silvally|Silvally-Ground|36/100
|move|p1a: Sandaconda|Rock Blast|p2a: Silvally|[miss]
|-miss|p1a: Sandaconda|p2a: Silvally
|
|-heal|p1a: Sandaconda|85/100|[from] item: Leftovers
|upkeep
|turn|769
|
|t:|1628344952
|switch|p2a: Pyukumuku|Pyukumuku, M|46/100 slp
|switch|p1a: Charizard|Charizard, F|91/100
|
|upkeep
|turn|770
|
|t:|1628344955
|switch|p1a: Togedemaru|Togedemaru, M|100/100
|cant|p2a: Pyukumuku|slp
|
|upkeep
|turn|771
|
|t:|1628344960
|switch|p2a: Silvally|Silvally-Ground|36/100
|move|p1a: Togedemaru|Zing Zap|p2a: Silvally
|-immune|p2a: Silvally
|
|upkeep
|turn|772
|
|t:|1628344966
|switch|p1a: Charizard|Charizard, F|91/100
|move|p2a: Silvally|Defog|p1a: Charizard
|-unboost|p1a: Charizard|evasion|1
|
|upkeep
|turn|773
|
|t:|1628344971
|switch|p2a: Pyukumuku|Pyukumuku, M|46/100 slp
|move|p1a: Charizard|Toxic||[still]
|-fail|p1a: Charizard
|
|upkeep
|turn|774
|
|t:|1628344978
|switch|p1a: Togedemaru|Togedemaru, M|100/100
|-curestatus|p2a: Pyukumuku|slp|[msg]
|move|p2a: Pyukumuku|Rest|p2a: Pyukumuku
|-status|p2a: Pyukumuku|slp|[from] move: Rest
|-heal|p2a: Pyukumuku|100/100 slp|[silent]
|
|upkeep
|turn|775
|
|t:|1628344983
|switch|p1a: Sandaconda|Sandaconda, F|85/100
|cant|p2a: Pyukumuku|slp
|
|-heal|p1a: Sandaconda|91/100|[from] item: Leftovers
|upkeep
|turn|776
|
|t:|1628344986
|switch|p1a: Togedemaru|Togedemaru, M|100/100
|cant|p2a: Pyukumuku|slp
|
|upkeep
|turn|777
|
|t:|1628344990
|switch|p1a: Sandaconda|Sandaconda, F|91/100
|switch|p2a: Silvally|Silvally-Ground|36/100
|
|-heal|p1a: Sandaconda|97/100|[from] item: Leftovers
|upkeep
|turn|778
|
|t:|1628344993
|switch|p2a: Pyukumuku|Pyukumuku, M|100/100 slp
|switch|p1a: Charizard|Charizard, F|91/100
|
|upkeep
|turn|779
|
|t:|1628344996
|switch|p1a: Togedemaru|Togedemaru, M|100/100
|switch|p2a: Altaria|Altaria, M|66/100
|
|upkeep
|turn|780
|
|t:|1628345001
|switch|p2a: Pyukumuku|Pyukumuku, M|100/100 slp
|move|p1a: Togedemaru|Iron Head|p2a: Pyukumuku
|-resisted|p2a: Pyukumuku
|-damage|p2a: Pyukumuku|87/100 slp
|
|upkeep
|turn|781
|
|t:|1628345012
|switch|p1a: Sandaconda|Sandaconda, F|97/100
|switch|p2a: Silvally|Silvally-Ground|36/100
|
|-heal|p1a: Sandaconda|100/100|[from] item: Leftovers
|upkeep
|turn|782
|
|t:|1628345018
|switch|p2a: Pyukumuku|Pyukumuku, M|87/100 slp
|switch|p1a: Charizard|Charizard, F|91/100
|
|upkeep
|turn|783
|
|t:|1628345021
|switch|p1a: Togedemaru|Togedemaru, M|100/100
|switch|p2a: Altaria|Altaria, M|66/100
|
|upkeep
|turn|784
|
|t:|1628345025
|switch|p2a: Pyukumuku|Pyukumuku, M|87/100 slp
|move|p1a: Togedemaru|Zing Zap|p2a: Pyukumuku
|-supereffective|p2a: Pyukumuku
|-damage|p2a: Pyukumuku|31/100 slp
|
|upkeep
|turn|785
|
|t:|1628345032
|switch|p1a: Sandaconda|Sandaconda, F|100/100
|switch|p2a: Silvally|Silvally-Ground|36/100
|
|upkeep
|turn|786
|
|t:|1628345039
|switch|p1a: Charizard|Charizard, F|91/100
|move|p2a: Silvally|Rest|p2a: Silvally
|-status|p2a: Silvally|slp|[from] move: Rest
|-heal|p2a: Silvally|100/100 slp|[silent]
|
|upkeep
|turn|787
|
|t:|1628345046
|switch|p1a: Aromatisse|Aromatisse, F|100/100
|cant|p2a: Silvally|slp
|
|upkeep
|turn|788
|
|t:|1628345059
|switch|p1a: Togedemaru|Togedemaru, M|100/100
|cant|p2a: Silvally|slp
|
|upkeep
|turn|789
|
|t:|1628345063
|switch|p1a: Charizard|Charizard, F|91/100
|switch|p2a: Pyukumuku|Pyukumuku, M|31/100 slp
|
|upkeep
|turn|790
|
|t:|1628345070
|switch|p1a: Sandaconda|Sandaconda, F|100/100
|-curestatus|p2a: Pyukumuku|slp|[msg]
|move|p2a: Pyukumuku|Recover|p2a: Pyukumuku
|-heal|p2a: Pyukumuku|81/100
|
|upkeep
|turn|791
|
|t:|1628345074
|switch|p1a: Togedemaru|Togedemaru, M|100/100
|switch|p2a: Altaria|Altaria, M|66/100
|
|upkeep
|turn|792
|
|t:|1628345079
|switch|p2a: Silvally|Silvally-Ground|100/100 slp
|move|p1a: Togedemaru|Toxic|p2a: Silvally|[miss]
|-miss|p1a: Togedemaru|p2a: Silvally
|
|upkeep
|turn|793
|
|t:|1628345082
|switch|p1a: Charizard|Charizard, F|91/100
|switch|p2a: Pyukumuku|Pyukumuku, M|81/100
|
|upkeep
|turn|794
|
|t:|1628345085
|switch|p1a: Togedemaru|Togedemaru, M|100/100
|switch|p2a: Altaria|Altaria, M|66/100
|
|upkeep
|turn|795
|
|t:|1628345090
|switch|p1a: Charizard|Charizard, F|91/100
|switch|p2a: Silvally|Silvally-Ground|100/100 slp
|
|upkeep
|turn|796
|
|t:|1628345094
|switch|p1a: Sandaconda|Sandaconda, F|100/100
|switch|p2a: Altaria|Altaria, M|66/100
|
|upkeep
|turn|797
|
|t:|1628345097
|switch|p2a: Pyukumuku|Pyukumuku, M|81/100
|switch|p1a: Togedemaru|Togedemaru, M|100/100
|
|upkeep
|turn|798
|
|t:|1628345102
|switch|p1a: Sandaconda|Sandaconda, F|100/100
|switch|p2a: Silvally|Silvally-Ground|100/100 slp
|
|upkeep
|turn|799
|
|t:|1628345105
|switch|p2a: Altaria|Altaria, M|66/100
|switch|p1a: Charizard|Charizard, F|91/100
|
|upkeep
|bigerror|You will auto-tie if the battle doesn't end in 200 turns (on turn 1000).
|-hint|If you want to tie earlier, consider using `/offertie`.
|turn|800
|
|t:|1628345109
|switch|p1a: Togedemaru|Togedemaru, M|100/100
|switch|p2a: Silvally|Silvally-Ground|100/100 slp
|
|upkeep
|turn|801
PULT83c yovan is offering a tie.
|
|t:|1628345118
|switch|p1a: Charizard|Charizard, F|91/100
|switch|p2a: Pyukumuku|Pyukumuku, M|81/100
|
|upkeep
|turn|802
|
|t:|1628345122
|switch|p1a: Togedemaru|Togedemaru, M|100/100
|switch|p2a: Silvally|Silvally-Ground|100/100 slp
|
|upkeep
|turn|803
|
|t:|1628345125
|switch|p1a: Charizard|Charizard, F|91/100
|switch|p2a: Pyukumuku|Pyukumuku, M|81/100
|
|upkeep
|turn|804
|n| playboy barbie@!|playboybarbie
|
|t:|1628345131
|switch|p1a: Togedemaru|Togedemaru, M|100/100
|switch|p2a: Silvally|Silvally-Ground|100/100 slp
|
|upkeep
|turn|805
|
|t:|1628345136
|switch|p1a: Charizard|Charizard, F|91/100
|switch|p2a: Pyukumuku|Pyukumuku, M|81/100
|
|upkeep
|turn|806
|
|t:|1628345139
|switch|p1a: Togedemaru|Togedemaru, M|100/100
|switch|p2a: Altaria|Altaria, M|66/100
|
|upkeep
|turn|807
|
|t:|1628345149
|switch|p1a: Sandaconda|Sandaconda, F|100/100
|switch|p2a: Silvally|Silvally-Ground|100/100 slp
|
|upkeep
|turn|808
|
|t:|1628345156
|switch|p2a: Altaria|Altaria, M|66/100
|switch|p1a: Charizard|Charizard, F|91/100
|
|upkeep
|turn|809
|
|t:|1628345164
|switch|p1a: Aromatisse|Aromatisse, F|100/100
|switch|p2a: Silvally|Silvally-Ground|100/100 slp
|
|upkeep
|turn|810
|
|t:|1628345168
|switch|p2a: Pyukumuku|Pyukumuku, M|81/100
|move|p1a: Aromatisse|Moonblast|p2a: Pyukumuku
|-damage|p2a: Pyukumuku|55/100
|-unboost|p2a: Pyukumuku|spa|1
|
|upkeep
|turn|811
|
|t:|1628345175
|switch|p1a: Togedemaru|Togedemaru, M|100/100
|switch|p2a: Silvally|Silvally-Ground|100/100 slp
|
|upkeep
|turn|812
|
|t:|1628345179
|switch|p1a: Charizard|Charizard, F|91/100
|switch|p2a: Pyukumuku|Pyukumuku, M|55/100
|
|upkeep
|turn|813
|
|t:|1628345183
|switch|p1a: Togedemaru|Togedemaru, M|100/100
|switch|p2a: Altaria|Altaria, M|66/100
|
|upkeep
|turn|814
|
|t:|1628345190
|switch|p1a: Charizard|Charizard, F|91/100
|move|p2a: Altaria|Toxic|p1a: Charizard
|-status|p1a: Charizard|tox
|
|-damage|p1a: Charizard|85/100 tox|[from] psn
|upkeep
|turn|815
|
|t:|1628345195
|switch|p1a: Togedemaru|Togedemaru, M|100/100
|switch|p2a: Silvally|Silvally-Ground|100/100 slp
|
|upkeep
|turn|816
|
|t:|1628345202
|switch|p1a: Sandaconda|Sandaconda, F|100/100
|switch|p2a: Altaria|Altaria, M|66/100
|
|upkeep
|turn|817
|
|t:|1628345211
|switch|p2a: Pyukumuku|Pyukumuku, M|55/100
|move|p1a: Sandaconda|Rock Blast|p2a: Pyukumuku
|-damage|p2a: Pyukumuku|51/100
|-damage|p2a: Pyukumuku|46/100
|-damage|p2a: Pyukumuku|41/100
|-damage|p2a: Pyukumuku|36/100
|-damage|p2a: Pyukumuku|32/100
|-hitcount|p2a: Pyukumuku|5
|
|upkeep
|turn|818
|
|t:|1628345220
|move|p1a: Sandaconda|Earthquake|p2a: Pyukumuku
|-damage|p2a: Pyukumuku|4/100
|move|p2a: Pyukumuku|Rest|p2a: Pyukumuku
|-status|p2a: Pyukumuku|slp|[from] move: Rest
|-heal|p2a: Pyukumuku|100/100 slp|[silent]
|
|upkeep
|turn|819
|
|t:|1628345224
|switch|p1a: Togedemaru|Togedemaru, M|100/100
|cant|p2a: Pyukumuku|slp
|
|upkeep
|turn|820
|
|t:|1628345231
|switch|p1a: Aromatisse|Aromatisse, F|100/100
|switch|p2a: Silvally|Silvally-Ground|100/100 slp
|
|upkeep
|turn|821
|
|t:|1628345235
|switch|p2a: Pyukumuku|Pyukumuku, M|100/100 slp
|switch|p1a: Sandaconda|Sandaconda, F|100/100
|
|upkeep
|turn|822
|
|t:|1628345240
|switch|p1a: Togedemaru|Togedemaru, M|100/100
|cant|p2a: Pyukumuku|slp
|
|upkeep
|turn|823
|
|t:|1628345244
|switch|p1a: Sandaconda|Sandaconda, F|100/100
|switch|p2a: Silvally|Silvally-Ground|100/100 slp
|
|upkeep
|turn|824
|
|t:|1628345248
|switch|p2a: Pyukumuku|Pyukumuku, M|100/100 slp
|switch|p1a: Charizard|Charizard, F|85/100 tox
|
|-damage|p1a: Charizard|79/100 tox|[from] psn
|upkeep
|turn|825
|
|t:|1628345252
|switch|p2a: Silvally|Silvally-Ground|100/100 slp
|move|p1a: Charizard|Roost|p1a: Charizard
|-heal|p1a: Charizard|100/100 tox
|-singleturn|p1a: Charizard|move: Roost
|
|-damage|p1a: Charizard|88/100 tox|[from] psn
|upkeep
|turn|826
|
|t:|1628345255
|switch|p1a: Sandaconda|Sandaconda, F|100/100
|switch|p2a: Pyukumuku|Pyukumuku, M|100/100 slp
|
|upkeep
|turn|827
|
|t:|1628345261
|switch|p1a: Togedemaru|Togedemaru, M|100/100
|switch|p2a: Silvally|Silvally-Ground|100/100 slp
|
|upkeep
|turn|828
|inactive|PULT83c yovan has 120 seconds left.
|
|t:|1628345294
|switch|p1a: Sandaconda|Sandaconda, F|100/100
|switch|p2a: Pyukumuku|Pyukumuku, M|100/100 slp
|
|upkeep
|turn|829
|
|t:|1628345299
|switch|p1a: Togedemaru|Togedemaru, M|100/100
|switch|p2a: Silvally|Silvally-Ground|100/100 slp
|
|upkeep
|turn|830
|
|t:|1628345303
|switch|p1a: Sandaconda|Sandaconda, F|100/100
|switch|p2a: Pyukumuku|Pyukumuku, M|100/100 slp
|
|upkeep
|turn|831
|
|t:|1628345308
|switch|p1a: Togedemaru|Togedemaru, M|100/100
|switch|p2a: Silvally|Silvally-Ground|100/100 slp
|
|upkeep
|turn|832
|
|t:|1628345316
|switch|p1a: Sandaconda|Sandaconda, F|100/100
|switch|p2a: Pyukumuku|Pyukumuku, M|100/100 slp
|
|upkeep
|turn|833
|
|t:|1628345319
|switch|p1a: Togedemaru|Togedemaru, M|100/100
|switch|p2a: Silvally|Silvally-Ground|100/100 slp
|
|upkeep
|turn|834
|
|t:|1628345324
|switch|p1a: Sandaconda|Sandaconda, F|100/100
|switch|p2a: Pyukumuku|Pyukumuku, M|100/100 slp
|
|upkeep
|turn|835
|
|t:|1628345327
|switch|p1a: Togedemaru|Togedemaru, M|100/100
|switch|p2a: Silvally|Silvally-Ground|100/100 slp
|
|upkeep
|turn|836
|
|t:|1628345329
|switch|p1a: Sandaconda|Sandaconda, F|100/100
|switch|p2a: Pyukumuku|Pyukumuku, M|100/100 slp
|
|upkeep
|turn|837
|
|t:|1628345333
|switch|p1a: Togedemaru|Togedemaru, M|100/100
|switch|p2a: Silvally|Silvally-Ground|100/100 slp
|
|upkeep
|turn|838
|
|t:|1628345339
|switch|p1a: Sandaconda|Sandaconda, F|100/100
|switch|p2a: Pyukumuku|Pyukumuku, M|100/100 slp
|
|upkeep
|turn|839
|
|t:|1628345342
|switch|p1a: Togedemaru|Togedemaru, M|100/100
|switch|p2a: Silvally|Silvally-Ground|100/100 slp
|
|upkeep
|turn|840
|
|t:|1628345345
|switch|p1a: Sandaconda|Sandaconda, F|100/100
|switch|p2a: Pyukumuku|Pyukumuku, M|100/100 slp
|
|upkeep
|turn|841
|
|t:|1628345353
|switch|p1a: Togedemaru|Togedemaru, M|100/100
|switch|p2a: Silvally|Silvally-Ground|100/100 slp
|
|upkeep
|turn|842
|
|t:|1628345355
|switch|p1a: Sandaconda|Sandaconda, F|100/100
|switch|p2a: Pyukumuku|Pyukumuku, M|100/100 slp
|
|upkeep
|turn|843
|
|t:|1628345358
|switch|p1a: Togedemaru|Togedemaru, M|100/100
|switch|p2a: Silvally|Silvally-Ground|100/100 slp
|
|upkeep
|turn|844
|
|t:|1628345361
|switch|p1a: Sandaconda|Sandaconda, F|100/100
|switch|p2a: Pyukumuku|Pyukumuku, M|100/100 slp
|
|upkeep
|turn|845
|
|t:|1628345364
|switch|p1a: Togedemaru|Togedemaru, M|100/100
|switch|p2a: Silvally|Silvally-Ground|100/100 slp
|
|upkeep
|turn|846
|
|t:|1628345371
|switch|p1a: Sandaconda|Sandaconda, F|100/100
|switch|p2a: Pyukumuku|Pyukumuku, M|100/100 slp
|
|upkeep
|turn|847
|
|t:|1628345375
|switch|p1a: Togedemaru|Togedemaru, M|100/100
|switch|p2a: Silvally|Silvally-Ground|100/100 slp
|
|upkeep
|turn|848
|
|t:|1628345377
|switch|p1a: Sandaconda|Sandaconda, F|100/100
|switch|p2a: Pyukumuku|Pyukumuku, M|100/100 slp
|
|upkeep
|turn|849
|
|t:|1628345381
|switch|p1a: Togedemaru|Togedemaru, M|100/100
|switch|p2a: Silvally|Silvally-Ground|100/100 slp
|
|upkeep
|turn|850
|
|t:|1628345384
|switch|p1a: Sandaconda|Sandaconda, F|100/100
|switch|p2a: Pyukumuku|Pyukumuku, M|100/100 slp
|
|upkeep
|turn|851
|
|t:|1628345387
|switch|p1a: Togedemaru|Togedemaru, M|100/100
|switch|p2a: Altaria|Altaria, M|66/100
|
|upkeep
|turn|852
|
|t:|1628345391
|switch|p1a: Sandaconda|Sandaconda, F|100/100
|switch|p2a: Silvally|Silvally-Ground|100/100 slp
|
|upkeep
|turn|853
|
|t:|1628345395
|switch|p2a: Pyukumuku|Pyukumuku, M|100/100 slp
|switch|p1a: Charizard|Charizard, F|88/100 tox
|
|-damage|p1a: Charizard|82/100 tox|[from] psn
|upkeep
|turn|854
|
|t:|1628345398
|switch|p1a: Togedemaru|Togedemaru, M|100/100
|switch|p2a: Silvally|Silvally-Ground|100/100 slp
|
|upkeep
|turn|855
|
|t:|1628345404
|switch|p1a: Sandaconda|Sandaconda, F|100/100
|switch|p2a: Altaria|Altaria, M|66/100
|
|upkeep
|turn|856
|
|t:|1628345410
|switch|p2a: Pyukumuku|Pyukumuku, M|100/100 slp
|switch|p1a: Togedemaru|Togedemaru, M|100/100
|
|upkeep
|turn|857
|
|t:|1628345414
|switch|p1a: Sandaconda|Sandaconda, F|100/100
|switch|p2a: Altaria|Altaria, M|66/100
|
|upkeep
|turn|858
|
|t:|1628345419
|switch|p2a: Silvally|Silvally-Ground|100/100 slp
|switch|p1a: Togedemaru|Togedemaru, M|100/100
|
|upkeep
|turn|859
|
|t:|1628345422
|switch|p1a: Sandaconda|Sandaconda, F|100/100
|switch|p2a: Pyukumuku|Pyukumuku, M|100/100 slp
|
|upkeep
|turn|860
|
|t:|1628345425
|switch|p1a: Togedemaru|Togedemaru, M|100/100
|switch|p2a: Silvally|Silvally-Ground|100/100 slp
|
|upkeep
|turn|861
|j| PUnyTest
|
|t:|1628345436
|switch|p1a: Sandaconda|Sandaconda, F|100/100
|switch|p2a: Altaria|Altaria, M|66/100
|
|upkeep
|turn|862
|
|t:|1628345439
|switch|p2a: Pyukumuku|Pyukumuku, M|100/100 slp
|switch|p1a: Togedemaru|Togedemaru, M|100/100
|
|upkeep
|turn|863
|
|t:|1628345443
|switch|p1a: Sandaconda|Sandaconda, F|100/100
|switch|p2a: Silvally|Silvally-Ground|100/100 slp
|
|upkeep
|turn|864
|
|t:|1628345448
|switch|p2a: Pyukumuku|Pyukumuku, M|100/100 slp
|switch|p1a: Charizard|Charizard, F|82/100 tox
|
|-damage|p1a: Charizard|76/100 tox|[from] psn
|upkeep
|turn|865
|
|t:|1628345452
|switch|p1a: Togedemaru|Togedemaru, M|100/100
|switch|p2a: Silvally|Silvally-Ground|100/100 slp
|
|upkeep
|turn|866
|
|t:|1628345456
|switch|p1a: Sandaconda|Sandaconda, F|100/100
|switch|p2a: Altaria|Altaria, M|66/100
|
|upkeep
|turn|867
|
|t:|1628345464
|switch|p2a: Pyukumuku|Pyukumuku, M|100/100 slp
|switch|p1a: Togedemaru|Togedemaru, M|100/100
|
|upkeep
|turn|868
|
|t:|1628345468
|switch|p1a: Sandaconda|Sandaconda, F|100/100
|switch|p2a: Altaria|Altaria, M|66/100
|
|upkeep
|turn|869
|
|t:|1628345473
|switch|p2a: Silvally|Silvally-Ground|100/100 slp
|switch|p1a: Togedemaru|Togedemaru, M|100/100
|
|upkeep
|turn|870
|
|t:|1628345485
|switch|p1a: Sandaconda|Sandaconda, F|100/100
|switch|p2a: Altaria|Altaria, M|66/100
|
|upkeep
|turn|871
|
|t:|1628345497
|switch|p2a: Pyukumuku|Pyukumuku, M|100/100 slp
|switch|p1a: Togedemaru|Togedemaru, M|100/100
|
|upkeep
|turn|872
|
|t:|1628345503
|switch|p1a: Sandaconda|Sandaconda, F|100/100
|switch|p2a: Silvally|Silvally-Ground|100/100 slp
|
|upkeep
|turn|873
|
|t:|1628345513
|switch|p2a: Pyukumuku|Pyukumuku, M|100/100 slp
|switch|p1a: Aromatisse|Aromatisse, F|100/100
|
|upkeep
|turn|874
|
|t:|1628345522
|switch|p1a: Charizard|Charizard, F|76/100 tox
|-curestatus|p2a: Pyukumuku|slp|[msg]
|move|p2a: Pyukumuku|Toxic|p1a: Charizard
|-fail|p1a: Charizard|tox
|
|-damage|p1a: Charizard|70/100 tox|[from] psn
|upkeep
|turn|875
|
|t:|1628345527
|switch|p1a: Togedemaru|Togedemaru, M|100/100
|switch|p2a: Silvally|Silvally-Ground|100/100 slp
|
|upkeep
|turn|876
|
|t:|1628345534
|switch|p1a: Sandaconda|Sandaconda, F|100/100
|switch|p2a: Pyukumuku|Pyukumuku, M|100/100
|
|upkeep
|turn|877
|
|t:|1628345537
|switch|p1a: Togedemaru|Togedemaru, M|100/100
|switch|p2a: Silvally|Silvally-Ground|100/100 slp
|
|upkeep
|turn|878
|
|t:|1628345541
|switch|p1a: Sandaconda|Sandaconda, F|100/100
|switch|p2a: Pyukumuku|Pyukumuku, M|100/100
|
|upkeep
|turn|879
|
|t:|1628345543
|switch|p1a: Togedemaru|Togedemaru, M|100/100
|switch|p2a: Silvally|Silvally-Ground|100/100 slp
|
|upkeep
|turn|880
|
|t:|1628345547
|switch|p1a: Sandaconda|Sandaconda, F|100/100
|switch|p2a: Pyukumuku|Pyukumuku, M|100/100
|
|upkeep
|turn|881
|
|t:|1628345551
|switch|p1a: Togedemaru|Togedemaru, M|100/100
|switch|p2a: Silvally|Silvally-Ground|100/100 slp
|
|upkeep
|turn|882
|
|t:|1628345554
|switch|p1a: Sandaconda|Sandaconda, F|100/100
|switch|p2a: Pyukumuku|Pyukumuku, M|100/100
|
|upkeep
|turn|883
|
|t:|1628345557
|switch|p1a: Togedemaru|Togedemaru, M|100/100
|switch|p2a: Silvally|Silvally-Ground|100/100 slp
|
|upkeep
|turn|884
|
|t:|1628345561
|switch|p1a: Sandaconda|Sandaconda, F|100/100
|switch|p2a: Altaria|Altaria, M|66/100
|
|upkeep
|turn|885
|
|t:|1628345569
|switch|p2a: Pyukumuku|Pyukumuku, M|100/100
|switch|p1a: Togedemaru|Togedemaru, M|100/100
|
|upkeep
|turn|886
|
|t:|1628345574
|switch|p1a: Sandaconda|Sandaconda, F|100/100
|switch|p2a: Silvally|Silvally-Ground|100/100 slp
|
|upkeep
|turn|887
|
|t:|1628345581
|switch|p2a: Pyukumuku|Pyukumuku, M|100/100
|switch|p1a: Aromatisse|Aromatisse, F|100/100
|
|upkeep
|turn|888
|
|t:|1628345585
|switch|p1a: Togedemaru|Togedemaru, M|100/100
|switch|p2a: Silvally|Silvally-Ground|100/100 slp
|
|upkeep
|turn|889
|
|t:|1628345587
|switch|p1a: Sandaconda|Sandaconda, F|100/100
|switch|p2a: Pyukumuku|Pyukumuku, M|100/100
|
|upkeep
|turn|890
|
|t:|1628345590
|switch|p1a: Togedemaru|Togedemaru, M|100/100
|switch|p2a: Altaria|Altaria, M|66/100
|
|upkeep
|turn|891
|
|t:|1628345593
|switch|p1a: Sandaconda|Sandaconda, F|100/100
|switch|p2a: Silvally|Silvally-Ground|100/100 slp
|
|upkeep
|turn|892
|
|t:|1628345598
|switch|p2a: Pyukumuku|Pyukumuku, M|100/100
|switch|p1a: Aromatisse|Aromatisse, F|100/100
|
|upkeep
|turn|893
|
|t:|1628345608
|switch|p1a: Togedemaru|Togedemaru, M|100/100
|move|p2a: Pyukumuku|Spite||[still]
|-fail|p2a: Pyukumuku
|
|upkeep
|turn|894
|
|t:|1628345611
|switch|p1a: Sandaconda|Sandaconda, F|100/100
|switch|p2a: Silvally|Silvally-Ground|100/100 slp
|
|upkeep
|turn|895
|
|t:|1628345618
|switch|p2a: Pyukumuku|Pyukumuku, M|100/100
|switch|p1a: Charizard|Charizard, F|70/100 tox
|
|-damage|p1a: Charizard|64/100 tox|[from] psn
|upkeep
|turn|896
|
|t:|1628345622
|switch|p2a: Silvally|Silvally-Ground|100/100 slp
|move|p1a: Charizard|Roost|p1a: Charizard
|-heal|p1a: Charizard|100/100 tox
|-singleturn|p1a: Charizard|move: Roost
|
|-damage|p1a: Charizard|88/100 tox|[from] psn
|upkeep
|turn|897
|
|t:|1628345627
|switch|p1a: Sandaconda|Sandaconda, F|100/100
|switch|p2a: Pyukumuku|Pyukumuku, M|100/100
|
|upkeep
|turn|898
|
|t:|1628345630
|switch|p1a: Togedemaru|Togedemaru, M|100/100
|switch|p2a: Silvally|Silvally-Ground|100/100 slp
|
|upkeep
|turn|899
|
|t:|1628345639
|switch|p1a: Sandaconda|Sandaconda, F|100/100
|switch|p2a: Pyukumuku|Pyukumuku, M|100/100
|
|upkeep
|bigerror|You will auto-tie if the battle doesn't end in 100 turns (on turn 1000).
|-hint|If you want to tie earlier, consider using `/offertie`.
|turn|900
PULT83c yovan is offering a tie.
|
|t:|1628345651
|switch|p1a: Togedemaru|Togedemaru, M|100/100
|switch|p2a: Silvally|Silvally-Ground|100/100 slp
|
|upkeep
|turn|901
|
|t:|1628345661
|switch|p1a: Sandaconda|Sandaconda, F|100/100
|switch|p2a: Altaria|Altaria, M|66/100
|
|upkeep
|turn|902
|
|t:|1628345666
|switch|p2a: Pyukumuku|Pyukumuku, M|100/100
|switch|p1a: Togedemaru|Togedemaru, M|100/100
|
|upkeep
|turn|903
|c|☆Vy8|no 1000 looks cool
|c|☆Vy8|Win or lose idgf
|
|t:|1628345689
|switch|p1a: Sandaconda|Sandaconda, F|100/100
|switch|p2a: Silvally|Silvally-Ground|100/100 slp
|
|upkeep
|turn|904
|inactive|Vy8 has 120 seconds left.
|
|t:|1628345695
|switch|p2a: Pyukumuku|Pyukumuku, M|100/100
|switch|p1a: Charizard|Charizard, F|88/100 tox
|
|-damage|p1a: Charizard|82/100 tox|[from] psn
|upkeep
|turn|905
|
|t:|1628345698
|switch|p1a: Togedemaru|Togedemaru, M|100/100
|switch|p2a: Silvally|Silvally-Ground|100/100 slp
|
|upkeep
|turn|906
|inactive|Vy8 has 120 seconds left.
|
|t:|1628345703
|switch|p1a: Sandaconda|Sandaconda, F|100/100
|switch|p2a: Pyukumuku|Pyukumuku, M|100/100
|
|upkeep
|turn|907
|
|t:|1628345707
|switch|p1a: Togedemaru|Togedemaru, M|100/100
|switch|p2a: Silvally|Silvally-Ground|100/100 slp
|
|upkeep
|turn|908
|
|t:|1628345710
|switch|p1a: Sandaconda|Sandaconda, F|100/100
|switch|p2a: Pyukumuku|Pyukumuku, M|100/100
|
|upkeep
|turn|909
|
|t:|1628345715
|switch|p1a: Togedemaru|Togedemaru, M|100/100
|switch|p2a: Silvally|Silvally-Ground|100/100 slp
|
|upkeep
|bigerror|You will auto-tie if the battle doesn't end in 90 turns (on turn 1000).
|-hint|If you want to tie earlier, consider using `/offertie`.
|turn|910
|
|t:|1628345720
|switch|p1a: Sandaconda|Sandaconda, F|100/100
|switch|p2a: Pyukumuku|Pyukumuku, M|100/100
|
|upkeep
|turn|911
|
|t:|1628345722
|switch|p1a: Togedemaru|Togedemaru, M|100/100
|switch|p2a: Silvally|Silvally-Ground|100/100 slp
|
|upkeep
|turn|912
|
|t:|1628345727
|switch|p1a: Sandaconda|Sandaconda, F|100/100
|switch|p2a: Altaria|Altaria, M|66/100
|
|upkeep
|turn|913
|
|t:|1628345730
|switch|p2a: Pyukumuku|Pyukumuku, M|100/100
|switch|p1a: Togedemaru|Togedemaru, M|100/100
|
|upkeep
|turn|914
|
|t:|1628345736
|switch|p1a: Sandaconda|Sandaconda, F|100/100
|switch|p2a: Silvally|Silvally-Ground|100/100 slp
|
|upkeep
|turn|915
|
|t:|1628345739
|switch|p2a: Pyukumuku|Pyukumuku, M|100/100
|switch|p1a: Aromatisse|Aromatisse, F|100/100
|
|upkeep
|turn|916
|
|t:|1628345745
|switch|p1a: Togedemaru|Togedemaru, M|100/100
|switch|p2a: Silvally|Silvally-Ground|100/100 slp
|
|upkeep
|turn|917
|
|t:|1628345747
|switch|p1a: Sandaconda|Sandaconda, F|100/100
|-curestatus|p2a: Silvally|slp|[msg]
|move|p2a: Silvally|Rest|p2a: Silvally
|-fail|p2a: Silvally|heal
|
|upkeep
|turn|918
|
|t:|1628345757
|switch|p2a: Pyukumuku|Pyukumuku, M|100/100
|move|p1a: Sandaconda|Rock Blast|p2a: Pyukumuku|[miss]
|-miss|p1a: Sandaconda|p2a: Pyukumuku
|
|upkeep
|turn|919
|
|t:|1628345765
|switch|p1a: Togedemaru|Togedemaru, M|100/100
|switch|p2a: Silvally|Silvally-Ground|100/100
|
|upkeep
|bigerror|You will auto-tie if the battle doesn't end in 80 turns (on turn 1000).
|-hint|If you want to tie earlier, consider using `/offertie`.
|turn|920
|
|t:|1628345768
|switch|p1a: Sandaconda|Sandaconda, F|100/100
|switch|p2a: Pyukumuku|Pyukumuku, M|100/100
|
|upkeep
|turn|921
|
|t:|1628345770
|switch|p1a: Togedemaru|Togedemaru, M|100/100
|switch|p2a: Silvally|Silvally-Ground|100/100
|
|upkeep
|turn|922
|
|t:|1628345774
|switch|p1a: Sandaconda|Sandaconda, F|100/100
|switch|p2a: Pyukumuku|Pyukumuku, M|100/100
|
|upkeep
|turn|923
|
|t:|1628345783
|switch|p1a: Togedemaru|Togedemaru, M|100/100
|switch|p2a: Silvally|Silvally-Ground|100/100
|
|upkeep
|turn|924
|
|t:|1628345792
|switch|p1a: Sandaconda|Sandaconda, F|100/100
|switch|p2a: Pyukumuku|Pyukumuku, M|100/100
|
|upkeep
|turn|925
|
|t:|1628345794
|switch|p1a: Togedemaru|Togedemaru, M|100/100
|switch|p2a: Silvally|Silvally-Ground|100/100
|
|upkeep
|turn|926
|
|t:|1628345797
|switch|p1a: Sandaconda|Sandaconda, F|100/100
|switch|p2a: Pyukumuku|Pyukumuku, M|100/100
|
|upkeep
|turn|927
|
|t:|1628345799
|switch|p1a: Togedemaru|Togedemaru, M|100/100
|switch|p2a: Silvally|Silvally-Ground|100/100
|
|upkeep
|turn|928
|
|t:|1628345802
|switch|p1a: Sandaconda|Sandaconda, F|100/100
|switch|p2a: Altaria|Altaria, M|66/100
|
|upkeep
|turn|929
|
|t:|1628345805
|switch|p2a: Pyukumuku|Pyukumuku, M|100/100
|switch|p1a: Togedemaru|Togedemaru, M|100/100
|
|upkeep
|bigerror|You will auto-tie if the battle doesn't end in 70 turns (on turn 1000).
|-hint|If you want to tie earlier, consider using `/offertie`.
|turn|930
|
|t:|1628345809
|switch|p1a: Sandaconda|Sandaconda, F|100/100
|switch|p2a: Silvally|Silvally-Ground|100/100
|
|upkeep
|turn|931
|
|t:|1628345815
|switch|p2a: Pyukumuku|Pyukumuku, M|100/100
|switch|p1a: Aromatisse|Aromatisse, F|100/100
|
|upkeep
|turn|932
|
|t:|1628345819
|switch|p1a: Togedemaru|Togedemaru, M|100/100
|switch|p2a: Silvally|Silvally-Ground|100/100
|
|upkeep
|turn|933
|
|t:|1628345824
|switch|p1a: Sandaconda|Sandaconda, F|100/100
|switch|p2a: Pyukumuku|Pyukumuku, M|100/100
|
|upkeep
|turn|934
|
|t:|1628345827
|switch|p1a: Togedemaru|Togedemaru, M|100/100
|switch|p2a: Silvally|Silvally-Ground|100/100
|
|upkeep
|turn|935
|
|t:|1628345830
|switch|p1a: Sandaconda|Sandaconda, F|100/100
|switch|p2a: Altaria|Altaria, M|66/100
|
|upkeep
|turn|936
|
|t:|1628345837
|switch|p2a: Silvally|Silvally-Ground|100/100
|switch|p1a: Togedemaru|Togedemaru, M|100/100
|
|upkeep
|turn|937
|
|t:|1628345839
|switch|p1a: Sandaconda|Sandaconda, F|100/100
|switch|p2a: Pyukumuku|Pyukumuku, M|100/100
|
|upkeep
|turn|938
|
|t:|1628345844
|switch|p1a: Togedemaru|Togedemaru, M|100/100
|switch|p2a: Silvally|Silvally-Ground|100/100
|
|upkeep
|turn|939
|
|t:|1628345847
|switch|p1a: Sandaconda|Sandaconda, F|100/100
|switch|p2a: Pyukumuku|Pyukumuku, M|100/100
|
|upkeep
|bigerror|You will auto-tie if the battle doesn't end in 60 turns (on turn 1000).
|-hint|If you want to tie earlier, consider using `/offertie`.
|turn|940
|
|t:|1628345849
|switch|p1a: Togedemaru|Togedemaru, M|100/100
|switch|p2a: Silvally|Silvally-Ground|100/100
|
|upkeep
|turn|941
|
|t:|1628345851
|switch|p1a: Sandaconda|Sandaconda, F|100/100
|switch|p2a: Pyukumuku|Pyukumuku, M|100/100
|
|upkeep
|turn|942
|
|t:|1628345854
|switch|p1a: Togedemaru|Togedemaru, M|100/100
|switch|p2a: Silvally|Silvally-Ground|100/100
|
|upkeep
|turn|943
|
|t:|1628345858
|switch|p1a: Sandaconda|Sandaconda, F|100/100
|switch|p2a: Pyukumuku|Pyukumuku, M|100/100
|
|upkeep
|turn|944
|
|t:|1628345862
|switch|p1a: Togedemaru|Togedemaru, M|100/100
|switch|p2a: Silvally|Silvally-Ground|100/100
|
|upkeep
|turn|945
|
|t:|1628345865
|switch|p1a: Sandaconda|Sandaconda, F|100/100
|switch|p2a: Pyukumuku|Pyukumuku, M|100/100
|
|upkeep
|turn|946
|
|t:|1628345868
|switch|p1a: Togedemaru|Togedemaru, M|100/100
|switch|p2a: Silvally|Silvally-Ground|100/100
|
|upkeep
|turn|947
|
|t:|1628345870
|switch|p1a: Sandaconda|Sandaconda, F|100/100
|switch|p2a: Pyukumuku|Pyukumuku, M|100/100
|
|upkeep
|turn|948
|
|t:|1628345874
|switch|p1a: Togedemaru|Togedemaru, M|100/100
|switch|p2a: Silvally|Silvally-Ground|100/100
|
|upkeep
|turn|949
|
|t:|1628345876
|switch|p1a: Sandaconda|Sandaconda, F|100/100
|switch|p2a: Pyukumuku|Pyukumuku, M|100/100
|
|upkeep
|bigerror|You will auto-tie if the battle doesn't end in 50 turns (on turn 1000).
|-hint|If you want to tie earlier, consider using `/offertie`.
|turn|950
|
|t:|1628345879
|switch|p1a: Togedemaru|Togedemaru, M|100/100
|switch|p2a: Silvally|Silvally-Ground|100/100
|
|upkeep
|turn|951
|
|t:|1628345882
|switch|p1a: Sandaconda|Sandaconda, F|100/100
|switch|p2a: Pyukumuku|Pyukumuku, M|100/100
|
|upkeep
|turn|952
|
|t:|1628345884
|switch|p1a: Togedemaru|Togedemaru, M|100/100
|switch|p2a: Silvally|Silvally-Ground|100/100
|
|upkeep
|turn|953
|
|t:|1628345887
|switch|p1a: Sandaconda|Sandaconda, F|100/100
|switch|p2a: Pyukumuku|Pyukumuku, M|100/100
|
|upkeep
|turn|954
|
|t:|1628345890
|switch|p1a: Togedemaru|Togedemaru, M|100/100
|switch|p2a: Silvally|Silvally-Ground|100/100
|
|upkeep
|turn|955
|
|t:|1628345893
|switch|p1a: Sandaconda|Sandaconda, F|100/100
|switch|p2a: Pyukumuku|Pyukumuku, M|100/100
|
|upkeep
|turn|956
|
|t:|1628345895
|switch|p1a: Togedemaru|Togedemaru, M|100/100
|switch|p2a: Silvally|Silvally-Ground|100/100
|
|upkeep
|turn|957
|
|t:|1628345897
|switch|p1a: Sandaconda|Sandaconda, F|100/100
|switch|p2a: Pyukumuku|Pyukumuku, M|100/100
|
|upkeep
|turn|958
|
|t:|1628345899
|switch|p1a: Togedemaru|Togedemaru, M|100/100
|switch|p2a: Silvally|Silvally-Ground|100/100
|
|upkeep
|turn|959
|
|t:|1628345901
|switch|p1a: Sandaconda|Sandaconda, F|100/100
|switch|p2a: Pyukumuku|Pyukumuku, M|100/100
|
|upkeep
|bigerror|You will auto-tie if the battle doesn't end in 40 turns (on turn 1000).
|-hint|If you want to tie earlier, consider using `/offertie`.
|turn|960
|
|t:|1628345904
|switch|p1a: Togedemaru|Togedemaru, M|100/100
|switch|p2a: Silvally|Silvally-Ground|100/100
|
|upkeep
|turn|961
|
|t:|1628345907
|switch|p1a: Sandaconda|Sandaconda, F|100/100
|switch|p2a: Pyukumuku|Pyukumuku, M|100/100
|
|upkeep
|turn|962
|
|t:|1628345909
|switch|p1a: Togedemaru|Togedemaru, M|100/100
|switch|p2a: Silvally|Silvally-Ground|100/100
|
|upkeep
|turn|963
|
|t:|1628345915
|switch|p1a: Sandaconda|Sandaconda, F|100/100
|switch|p2a: Pyukumuku|Pyukumuku, M|100/100
|
|upkeep
|turn|964
|
|t:|1628345927
|switch|p1a: Togedemaru|Togedemaru, M|100/100
|switch|p2a: Silvally|Silvally-Ground|100/100
|
|upkeep
|turn|965
|
|t:|1628345933
|switch|p1a: Sandaconda|Sandaconda, F|100/100
|switch|p2a: Pyukumuku|Pyukumuku, M|100/100
|
|upkeep
|turn|966
|
|t:|1628345936
|switch|p1a: Togedemaru|Togedemaru, M|100/100
|switch|p2a: Silvally|Silvally-Ground|100/100
|
|upkeep
|turn|967
|
|t:|1628345941
|switch|p1a: Sandaconda|Sandaconda, F|100/100
|switch|p2a: Altaria|Altaria, M|66/100
|
|upkeep
|turn|968
|
|t:|1628345948
|switch|p2a: Pyukumuku|Pyukumuku, M|100/100
|switch|p1a: Togedemaru|Togedemaru, M|100/100
|
|upkeep
|turn|969
|
|t:|1628345952
|switch|p1a: Aromatisse|Aromatisse, F|100/100
|switch|p2a: Silvally|Silvally-Ground|100/100
|
|upkeep
|bigerror|You will auto-tie if the battle doesn't end in 30 turns (on turn 1000).
|-hint|If you want to tie earlier, consider using `/offertie`.
|turn|970
|
|t:|1628345956
|switch|p2a: Pyukumuku|Pyukumuku, M|100/100
|switch|p1a: Sandaconda|Sandaconda, F|100/100
|
|upkeep
|turn|971
|
|t:|1628345958
|switch|p1a: Togedemaru|Togedemaru, M|100/100
|switch|p2a: Silvally|Silvally-Ground|100/100
|
|upkeep
|turn|972
|
|t:|1628345963
|switch|p1a: Sandaconda|Sandaconda, F|100/100
|switch|p2a: Altaria|Altaria, M|66/100
|
|upkeep
|turn|973
|
|t:|1628345966
|switch|p2a: Silvally|Silvally-Ground|100/100
|switch|p1a: Togedemaru|Togedemaru, M|100/100
|
|upkeep
|turn|974
|
|t:|1628345976
|switch|p1a: Sandaconda|Sandaconda, F|100/100
|switch|p2a: Pyukumuku|Pyukumuku, M|100/100
|
|upkeep
|turn|975
|
|t:|1628345980
|switch|p1a: Togedemaru|Togedemaru, M|100/100
|switch|p2a: Silvally|Silvally-Ground|100/100
|
|upkeep
|turn|976
|
|t:|1628345984
|switch|p1a: Sandaconda|Sandaconda, F|100/100
|switch|p2a: Altaria|Altaria, M|66/100
|
|upkeep
|turn|977
|
|t:|1628345987
|switch|p2a: Pyukumuku|Pyukumuku, M|100/100
|switch|p1a: Togedemaru|Togedemaru, M|100/100
|
|upkeep
|turn|978
|
|t:|1628345993
|switch|p1a: Sandaconda|Sandaconda, F|100/100
|switch|p2a: Silvally|Silvally-Ground|100/100
|
|upkeep
|turn|979
|
|t:|1628345998
|switch|p2a: Pyukumuku|Pyukumuku, M|100/100
|switch|p1a: Charizard|Charizard, F|82/100 tox
|
|-damage|p1a: Charizard|76/100 tox|[from] psn
|upkeep
|bigerror|You will auto-tie if the battle doesn't end in 20 turns (on turn 1000).
|-hint|If you want to tie earlier, consider using `/offertie`.
|turn|980
|
|t:|1628346001
|switch|p1a: Togedemaru|Togedemaru, M|100/100
|move|p2a: Pyukumuku|Spite||[still]
|-fail|p2a: Pyukumuku
|
|upkeep
|turn|981
|
|t:|1628346006
|switch|p1a: Sandaconda|Sandaconda, F|100/100
|move|p2a: Pyukumuku|Spite||[still]
|-fail|p2a: Pyukumuku
|
|upkeep
|turn|982
|
|t:|1628346011
|switch|p1a: Togedemaru|Togedemaru, M|100/100
|move|p2a: Pyukumuku|Spite||[still]
|-fail|p2a: Pyukumuku
|
|upkeep
|turn|983
|
|t:|1628346013
|switch|p1a: Sandaconda|Sandaconda, F|100/100
|move|p2a: Pyukumuku|Spite||[still]
|-fail|p2a: Pyukumuku
|
|upkeep
|turn|984
|
|t:|1628346017
|switch|p1a: Togedemaru|Togedemaru, M|100/100
|move|p2a: Pyukumuku|Spite||[still]
|-fail|p2a: Pyukumuku
|
|upkeep
|turn|985
|
|t:|1628346020
|switch|p1a: Sandaconda|Sandaconda, F|100/100
|move|p2a: Pyukumuku|Spite||[still]
|-fail|p2a: Pyukumuku
|
|upkeep
|turn|986
|
|t:|1628346023
|switch|p1a: Togedemaru|Togedemaru, M|100/100
|move|p2a: Pyukumuku|Spite||[still]
|-fail|p2a: Pyukumuku
|
|upkeep
|turn|987
|
|t:|1628346028
|switch|p1a: Sandaconda|Sandaconda, F|100/100
|switch|p2a: Silvally|Silvally-Ground|100/100
|
|upkeep
|turn|988
|
|t:|1628346037
|move|p2a: Silvally|Defog|p1a: Sandaconda
|-unboost|p1a: Sandaconda|evasion|1
|move|p1a: Sandaconda|Rock Blast|p2a: Silvally
|-resisted|p2a: Silvally
|-damage|p2a: Silvally|97/100
|-resisted|p2a: Silvally
|-damage|p2a: Silvally|95/100
|-hitcount|p2a: Silvally|2
|
|upkeep
|turn|989
|
|t:|1628346048
|move|p2a: Silvally|Defog|p1a: Sandaconda
|-unboost|p1a: Sandaconda|evasion|1
|move|p1a: Sandaconda|Earthquake|p2a: Silvally
|-damage|p2a: Silvally|63/100
|
|upkeep
|bigerror|You will auto-tie if the battle doesn't end in 10 turns (on turn 1000).
|-hint|If you want to tie earlier, consider using `/offertie`.
|turn|990
|
|t:|1628346054
|move|p2a: Silvally|Defog|p1a: Sandaconda
|-unboost|p1a: Sandaconda|evasion|1
|move|p1a: Sandaconda|Rock Blast|p2a: Silvally
|-resisted|p2a: Silvally
|-damage|p2a: Silvally|60/100
|-resisted|p2a: Silvally
|-damage|p2a: Silvally|58/100
|-resisted|p2a: Silvally
|-damage|p2a: Silvally|55/100
|-resisted|p2a: Silvally
|-damage|p2a: Silvally|52/100
|-hitcount|p2a: Silvally|4
|
|upkeep
|bigerror|You will auto-tie if the battle doesn't end in 9 turns (on turn 1000).
|-hint|If you want to tie earlier, consider using `/offertie`.
|turn|991
|
|t:|1628346061
|switch|p1a: Aromatisse|Aromatisse, F|100/100
|move|p2a: Silvally|Defog|p1a: Aromatisse
|-unboost|p1a: Aromatisse|evasion|1
|
|upkeep
|bigerror|You will auto-tie if the battle doesn't end in 8 turns (on turn 1000).
|-hint|If you want to tie earlier, consider using `/offertie`.
|turn|992
|
|t:|1628346064
|switch|p2a: Pyukumuku|Pyukumuku, M|100/100
|switch|p1a: Sandaconda|Sandaconda, F|100/100
|
|upkeep
|bigerror|You will auto-tie if the battle doesn't end in 7 turns (on turn 1000).
|-hint|If you want to tie earlier, consider using `/offertie`.
|turn|993
|
|t:|1628346067
|switch|p1a: Togedemaru|Togedemaru, M|100/100
|switch|p2a: Silvally|Silvally-Ground|52/100
|
|upkeep
|bigerror|You will auto-tie if the battle doesn't end in 6 turns (on turn 1000).
|-hint|If you want to tie earlier, consider using `/offertie`.
|turn|994
|
|t:|1628346071
|switch|p1a: Sandaconda|Sandaconda, F|100/100
|switch|p2a: Pyukumuku|Pyukumuku, M|100/100
|
|upkeep
|bigerror|You will auto-tie if the battle doesn't end in 5 turns (on turn 1000).
|-hint|If you want to tie earlier, consider using `/offertie`.
|turn|995
|
|t:|1628346075
|switch|p1a: Togedemaru|Togedemaru, M|100/100
|switch|p2a: Silvally|Silvally-Ground|52/100
|
|upkeep
|bigerror|You will auto-tie if the battle doesn't end in 4 turns (on turn 1000).
|-hint|If you want to tie earlier, consider using `/offertie`.
|turn|996
|
|t:|1628346078
|switch|p1a: Sandaconda|Sandaconda, F|100/100
|move|p2a: Silvally|Multi-Attack|p1a: Sandaconda
|-damage|p1a: Sandaconda|69/100
|
|-heal|p1a: Sandaconda|75/100|[from] item: Leftovers
|upkeep
|bigerror|You will auto-tie if the battle doesn't end in 3 turns (on turn 1000).
|-hint|If you want to tie earlier, consider using `/offertie`.
|turn|997
|
|t:|1628346082
|move|p2a: Silvally|Multi-Attack|p1a: Sandaconda
|-damage|p1a: Sandaconda|43/100
|move|p1a: Sandaconda|Rest|p1a: Sandaconda
|-status|p1a: Sandaconda|slp|[from] move: Rest
|-heal|p1a: Sandaconda|100/100 slp|[silent]
|
|-activate|p1a: Sandaconda|ability: Shed Skin
|-curestatus|p1a: Sandaconda|slp|[msg]
|upkeep
|bigerror|You will auto-tie if the battle doesn't end in 2 turns (on turn 1000).
|-hint|If you want to tie earlier, consider using `/offertie`.
|turn|998
|
|t:|1628346087
|move|p2a: Silvally|Flamethrower|p1a: Sandaconda
|-damage|p1a: Sandaconda|85/100
|move|p1a: Sandaconda|Earthquake|p2a: Silvally
|-damage|p2a: Silvally|20/100
|
|-heal|p1a: Sandaconda|91/100|[from] item: Leftovers
|upkeep
|bigerror|You will auto-tie if the battle doesn't end in 1 turn (on turn 1000).
|-hint|If you want to tie earlier, consider using `/offertie`.
|turn|999
PULT83c yovan is offering a tie.
|
|t:|1628346106
|move|p2a: Silvally|Flamethrower|p1a: Sandaconda
|-damage|p1a: Sandaconda|75/100
|-status|p1a: Sandaconda|brn
|move|p1a: Sandaconda|Rock Blast|p2a: Silvally
|-resisted|p2a: Silvally
|-damage|p2a: Silvally|19/100
|-resisted|p2a: Silvally
|-damage|p2a: Silvally|17/100
|-resisted|p2a: Silvally
|-damage|p2a: Silvally|16/100
|-resisted|p2a: Silvally
|-damage|p2a: Silvally|14/100
|-hitcount|p2a: Silvally|4
|
|-activate|p1a: Sandaconda|ability: Shed Skin
|-curestatus|p1a: Sandaconda|brn|[msg]
|-heal|p1a: Sandaconda|81/100|[from] item: Leftovers
|upkeep
|message|It is turn 1000. You have hit the turn limit!
|
|tie
|raw|Vy8's rating: 1482 &rarr; <strong>1485</strong><br />(+3 for tying)
|raw|PULT83c yovan's rating: 1541 &rarr; <strong>1538</strong><br />(-3 for tying)
|c|☆Vy8|No you win just go to 1000
|l|‽PULT83c yovan
|c|☆Vy8|Dude playing your and Sabotage his own time on the last hours
|l| Tlenit
