|j|☆holydaysacc
|j|☆Vishoclock
|t:|1648115184
|gametype|singles
|player|p1|holydaysacc|clown|1616
|player|p2|Vishoclock|cyrus|1362
|teamsize|p1|6
|teamsize|p2|6
|gen|8
|tier|[Gen 8] PU
|rated|
|rule|Sleep Clause Mod: Limit one foe put to sleep
|rule|Species Clause: Limit one of each Pokémon
|rule|OHKO Clause: OHKO moves are banned
|rule|Evasion Moves Clause: Evasion moves are banned
|rule|Endless Battle Clause: Forcing endless battles is banned
|rule|HP Percentage Mod: HP is shown in percentages
|rule|Dynamax Clause: You cannot dynamax
|clearpoke
|poke|p1|Vikavolt, F|
|poke|p1|Scrafty, F|
|poke|p1|Whimsicott, M|
|poke|p1|Regirock|
|poke|p1|Togedemaru, F|
|poke|p1|Charizard, M|
|poke|p2|Arctovish|
|poke|p2|Weezing, M|
|poke|p2|Eldegoss, M|
|poke|p2|Scrafty, F|
|poke|p2|Gigalith, M|
|poke|p2|Mesprit|
|teampreview
|
|t:|1648115208
|start
|switch|p1a: Whimsicott|Whimsicott, M|100/100
|switch|p2a: Eldegoss|Eldegoss, M|100/100
|turn|1
|
|t:|1648115214
|move|p1a: Whimsicott|Moonblast|p2a: Eldegoss
|-damage|p2a: Eldegoss|49/100
|move|p2a: Eldegoss|Giga Drain|p1a: Whimsicott
|-resisted|p1a: Whimsicott
|-damage|p1a: Whimsicott|84/100
|-heal|p2a: Eldegoss|56/100|[from] drain|[of] p1a: Whimsicott
|
|upkeep
|turn|2
|
|t:|1648115221
|switch|p2a: Weezing|Weezing, M|100/100
|-ability|p2a: Weezing|Neutralizing Gas
|move|p1a: Whimsicott|Moonblast|p2a: Weezing
|-resisted|p2a: Weezing
|-damage|p2a: Weezing|67/100
|
|-heal|p2a: Weezing|73/100|[from] item: Black Sludge
|upkeep
|turn|3
|
|t:|1648115227
|switch|p1a: Scrafty|Scrafty, F|100/100
|move|p2a: Weezing|Flamethrower|p1a: Scrafty
|-damage|p1a: Scrafty|88/100
|-status|p1a: Scrafty|brn
|
|-heal|p2a: Weezing|79/100|[from] item: Black Sludge
|-heal|p1a: Scrafty|94/100 brn|[from] item: Leftovers
|-damage|p1a: Scrafty|88/100 brn|[from] brn
|upkeep
|turn|4
|
|t:|1648115233
|move|p2a: Weezing|Toxic Spikes|p1a: Scrafty
|-sidestart|p1: holydaysacc|move: Toxic Spikes
|move|p1a: Scrafty|Knock Off|p2a: Weezing
|-damage|p2a: Weezing|68/100
|-enditem|p2a: Weezing|Black Sludge|[from] move: Knock Off|[of] p1a: Scrafty
|
|-heal|p1a: Scrafty|94/100 brn|[from] item: Leftovers
|-damage|p1a: Scrafty|88/100 brn|[from] brn
|upkeep
|turn|5
|
|t:|1648115240
|switch|p1a: Vikavolt|Vikavolt, F|100/100
|move|p2a: Weezing|Toxic Spikes|p1a: Vikavolt
|-sidestart|p1: holydaysacc|move: Toxic Spikes
|
|upkeep
|turn|6
|
|t:|1648115248
|-end|p2a: Weezing|ability: Neutralizing Gas
|switch|p2a: Gigalith|Gigalith, M|100/100
|-weather|Sandstorm|[from] ability: Sand Stream|[of] p2a: Gigalith
|move|p1a: Vikavolt|Mud Shot|p2a: Gigalith|[miss]
|-miss|p1a: Vikavolt|p2a: Gigalith
|
|-weather|Sandstorm|[upkeep]
|-damage|p1a: Vikavolt|94/100|[from] Sandstorm
|upkeep
|turn|7
|
|t:|1648115256
|move|p1a: Vikavolt|Volt Switch|p2a: Gigalith
|-damage|p2a: Gigalith|79/100
|
|t:|1648115259
|switch|p1a: Scrafty|Scrafty, F|88/100 brn|[from]move: Volt Switch
|move|p2a: Gigalith|Stealth Rock|p1a: Scrafty
|-sidestart|p1: holydaysacc|move: Stealth Rock
|
|-weather|Sandstorm|[upkeep]
|-damage|p1a: Scrafty|82/100 brn|[from] Sandstorm
|-heal|p1a: Scrafty|88/100 brn|[from] item: Leftovers
|-heal|p2a: Gigalith|86/100|[from] item: Leftovers
|-damage|p1a: Scrafty|82/100 brn|[from] brn
|upkeep
|turn|8
|
|t:|1648115270
|switch|p2a: Weezing|Weezing, M|68/100
|-ability|p2a: Weezing|Neutralizing Gas
|move|p1a: Scrafty|Knock Off|p2a: Weezing
|-damage|p2a: Weezing|61/100
|
|-weather|Sandstorm|[upkeep]
|-damage|p2a: Weezing|55/100|[from] Sandstorm
|-damage|p1a: Scrafty|76/100 brn|[from] Sandstorm
|-heal|p1a: Scrafty|82/100 brn|[from] item: Leftovers
|-damage|p1a: Scrafty|76/100 brn|[from] brn
|upkeep
|turn|9
|
|t:|1648115275
|switch|p1a: Vikavolt|Vikavolt, F|94/100
|move|p2a: Weezing|Flamethrower|p1a: Vikavolt
|-supereffective|p1a: Vikavolt
|-damage|p1a: Vikavolt|39/100
|
|-weather|Sandstorm|[upkeep]
|-damage|p1a: Vikavolt|33/100|[from] Sandstorm
|-damage|p2a: Weezing|49/100|[from] Sandstorm
|upkeep
|turn|10
|
|t:|1648115285
|move|p1a: Vikavolt|Volt Switch|p2a: Weezing
|-damage|p2a: Weezing|0 fnt
|faint|p2a: Weezing
|-end|p2a: Weezing|ability: Neutralizing Gas
|
|t:|1648115296
|switch|p1a: Charizard|Charizard, M|100/100|[from]move: Volt Switch
|
|-weather|none
|upkeep
|
|t:|1648115300
|switch|p2a: Gigalith|Gigalith, M|86/100
|-weather|Sandstorm|[from] ability: Sand Stream|[of] p2a: Gigalith
|turn|11
|
|t:|1648115306
|move|p1a: Charizard|Defog|p2a: Gigalith
|-unboost|p2a: Gigalith|evasion|1
|-sideend|p1: holydaysacc|Toxic Spikes|[from] move: Defog|[of] p1a: Charizard
|-sideend|p1: holydaysacc|Stealth Rock|[from] move: Defog|[of] p1a: Charizard
|move|p2a: Gigalith|Rock Blast|p1a: Charizard
|-supereffective|p1a: Charizard
|-damage|p1a: Charizard|47/100
|-supereffective|p1a: Charizard
|-damage|p1a: Charizard|0 fnt
|faint|p1a: Charizard
|-hitcount|p1: Charizard|2
|
|-weather|Sandstorm|[upkeep]
|-heal|p2a: Gigalith|92/100|[from] item: Leftovers
|upkeep
|
|t:|1648115312
|switch|p1a: Regirock|Regirock|100/100
|turn|12
|
|t:|1648115317
|switch|p2a: Eldegoss|Eldegoss, M|89/100
|move|p1a: Regirock|Body Press|p2a: Eldegoss
|-damage|p2a: Eldegoss|55/100
|
|-weather|Sandstorm|[upkeep]
|-damage|p2a: Eldegoss|49/100|[from] Sandstorm
|upkeep
|turn|13
|
|t:|1648115320
|switch|p1a: Whimsicott|Whimsicott, M|84/100
|move|p2a: Eldegoss|Giga Drain|p1a: Whimsicott
|-resisted|p1a: Whimsicott
|-damage|p1a: Whimsicott|66/100
|-heal|p2a: Eldegoss|57/100|[from] drain|[of] p1a: Whimsicott
|
|-weather|Sandstorm|[upkeep]
|-damage|p1a: Whimsicott|60/100|[from] Sandstorm
|-damage|p2a: Eldegoss|50/100|[from] Sandstorm
|upkeep
|turn|14
|
|t:|1648115332
|switch|p2a: Mesprit|Mesprit|100/100
|move|p1a: Whimsicott|Moonblast|p2a: Mesprit
|-damage|p2a: Mesprit|46/100
|
|-weather|Sandstorm|[upkeep]
|-damage|p1a: Whimsicott|54/100|[from] Sandstorm
|-damage|p2a: Mesprit|40/100|[from] Sandstorm
|upkeep
|turn|15
|
|t:|1648115340
|switch|p2a: Eldegoss|Eldegoss, M|84/100
|move|p1a: Whimsicott|Moonblast|p2a: Eldegoss
|-damage|p2a: Eldegoss|34/100
|-unboost|p2a: Eldegoss|spa|1
|
|-weather|none
|upkeep
|turn|16
|
|t:|1648115342
|switch|p2a: Gigalith|Gigalith, M|92/100
|-weather|Sandstorm|[from] ability: Sand Stream|[of] p2a: Gigalith
|move|p1a: Whimsicott|Moonblast|p2a: Gigalith
|-damage|p2a: Gigalith|67/100
|
|-weather|Sandstorm|[upkeep]
|-damage|p1a: Whimsicott|48/100|[from] Sandstorm
|-heal|p2a: Gigalith|73/100|[from] item: Leftovers
|upkeep
|turn|17
|
|t:|1648115346
|switch|p1a: Regirock|Regirock|100/100
|move|p2a: Gigalith|Stealth Rock|p1a: Regirock
|-sidestart|p1: holydaysacc|move: Stealth Rock
|
|-weather|Sandstorm|[upkeep]
|-heal|p2a: Gigalith|80/100|[from] item: Leftovers
|upkeep
|turn|18
|
|t:|1648115357
|switch|p2a: Mesprit|Mesprit|40/100
|move|p1a: Regirock|Body Press|p2a: Mesprit
|-resisted|p2a: Mesprit
|-damage|p2a: Mesprit|18/100
|
|-weather|Sandstorm|[upkeep]
|-damage|p2a: Mesprit|12/100|[from] Sandstorm
|upkeep
|turn|19
|
|t:|1648115363
|move|p2a: Mesprit|Energy Ball|p1a: Regirock
|-supereffective|p1a: Regirock
|-damage|p1a: Regirock|70/100
|move|p1a: Regirock|Stealth Rock|p2a: Mesprit
|-sidestart|p2: Vishoclock|move: Stealth Rock
|
|-weather|Sandstorm|[upkeep]
|-damage|p2a: Mesprit|6/100|[from] Sandstorm
|-heal|p1a: Regirock|76/100|[from] item: Leftovers
|upkeep
|turn|20
|
|t:|1648115368
|switch|p1a: Togedemaru|Togedemaru, F|100/100
|-damage|p1a: Togedemaru|95/100|[from] Stealth Rock
|move|p2a: Mesprit|Psychic|p1a: Togedemaru
|-resisted|p1a: Togedemaru
|-damage|p1a: Togedemaru|78/100
|
|-weather|none
|-heal|p1a: Togedemaru|84/100|[from] item: Leftovers
|upkeep
|turn|21
|
|t:|1648115373
|move|p2a: Mesprit|U-turn|p1a: Togedemaru
|-resisted|p1a: Togedemaru
|-damage|p1a: Togedemaru|72/100
|
|t:|1648115376
|switch|p2a: Eldegoss|Eldegoss, M|68/100|[from]move: U-turn
|move|p1a: Togedemaru|U-turn|p2a: Eldegoss
|-supereffective|p2a: Eldegoss
|-damage|p2a: Eldegoss|44/100
|
|t:|1648115380
|switch|p1a: Whimsicott|Whimsicott, M|48/100|[from]move: U-turn
|-damage|p1a: Whimsicott|35/100|[from] Stealth Rock
|
|upkeep
|turn|22
|
|t:|1648115389
|switch|p2a: Mesprit|Mesprit|6/100
|-damage|p2a: Mesprit|0 fnt|[from] Stealth Rock
|faint|p2a: Mesprit
|move|p1a: Whimsicott|Moonblast|p2: Mesprit|[notarget]
|-fail|p1a: Whimsicott
|
|upkeep
|
|t:|1648115394
|switch|p2a: Gigalith|Gigalith, M|80/100
|-damage|p2a: Gigalith|67/100|[from] Stealth Rock
|-weather|Sandstorm|[from] ability: Sand Stream|[of] p2a: Gigalith
|turn|23
|
|t:|1648115403
|switch|p1a: Regirock|Regirock|76/100
|-damage|p1a: Regirock|63/100|[from] Stealth Rock
|move|p2a: Gigalith|Rock Blast|p1a: Regirock
|-damage|p1a: Regirock|59/100
|-damage|p1a: Regirock|55/100
|-hitcount|p1a: Regirock|2
|
|-weather|Sandstorm|[upkeep]
|-heal|p1a: Regirock|61/100|[from] item: Leftovers
|-heal|p2a: Gigalith|73/100|[from] item: Leftovers
|upkeep
|turn|24
|
|t:|1648115411
|switch|p2a: Eldegoss|Eldegoss, M|77/100
|move|p1a: Regirock|Body Press|p2a: Eldegoss
|-damage|p2a: Eldegoss|42/100
|
|-weather|Sandstorm|[upkeep]
|-damage|p2a: Eldegoss|36/100|[from] Sandstorm
|-heal|p1a: Regirock|67/100|[from] item: Leftovers
|upkeep
|turn|25
|
|t:|1648115416
|move|p2a: Eldegoss|Giga Drain|p1a: Regirock
|-supereffective|p1a: Regirock
|-damage|p1a: Regirock|37/100
|-heal|p2a: Eldegoss|53/100|[from] drain|[of] p1a: Regirock
|move|p1a: Regirock|Body Press|p2a: Eldegoss
|-damage|p2a: Eldegoss|20/100
|
|-weather|Sandstorm|[upkeep]
|-damage|p2a: Eldegoss|13/100|[from] Sandstorm
|-heal|p1a: Regirock|43/100|[from] item: Leftovers
|upkeep
|turn|26
|
|t:|1648115425
|switch|p1a: Vikavolt|Vikavolt, F|33/100
|move|p2a: Eldegoss|Rapid Spin|p1a: Vikavolt
|-damage|p1a: Vikavolt|25/100
|-boost|p2a: Eldegoss|spe|1
|-sideend|p2: Vishoclock|Stealth Rock|[from] move: Rapid Spin|[of] p2a: Eldegoss
|
|-weather|Sandstorm|[upkeep]
|-damage|p2a: Eldegoss|7/100|[from] Sandstorm
|-damage|p1a: Vikavolt|19/100|[from] Sandstorm
|upkeep
|turn|27
|
|t:|1648115435
|switch|p2a: Scrafty|Scrafty, F|100/100
|move|p1a: Vikavolt|Roost|p1a: Vikavolt
|-heal|p1a: Vikavolt|69/100
|-singleturn|p1a: Vikavolt|move: Roost
|
|-weather|none
|upkeep
|turn|28
|
|t:|1648115443
|move|p2a: Scrafty|Knock Off|p1a: Vikavolt
|-damage|p1a: Vikavolt|16/100
|-enditem|p1a: Vikavolt|Heavy-Duty Boots|[from] move: Knock Off|[of] p2a: Scrafty
|move|p1a: Vikavolt|Bug Buzz|p2a: Scrafty
|-damage|p2a: Scrafty|43/100
|
|-heal|p2a: Scrafty|48/100|[from] item: Leftovers
|upkeep
|turn|29
|
|t:|1648115452
|move|p2a: Scrafty|Knock Off|p1a: Vikavolt
|-damage|p1a: Vikavolt|0 fnt
|faint|p1a: Vikavolt
|
|-heal|p2a: Scrafty|54/100|[from] item: Leftovers
|upkeep
|
|t:|1648115454
|switch|p1a: Whimsicott|Whimsicott, M|35/100
|-damage|p1a: Whimsicott|23/100|[from] Stealth Rock
|turn|30
|
|t:|1648115463
|switch|p2a: Eldegoss|Eldegoss, M|41/100
|move|p1a: Whimsicott|Energy Ball|p2a: Eldegoss
|-resisted|p2a: Eldegoss
|-damage|p2a: Eldegoss|18/100
|
|upkeep
|turn|31
|
|t:|1648115482
|switch|p2a: Gigalith|Gigalith, M|73/100
|-weather|Sandstorm|[from] ability: Sand Stream|[of] p2a: Gigalith
|move|p1a: Whimsicott|Energy Ball|p2a: Gigalith
|-supereffective|p2a: Gigalith
|-crit|p2a: Gigalith
|-damage|p2a: Gigalith|0 fnt
|faint|p2a: Gigalith
|
|-weather|Sandstorm|[upkeep]
|-damage|p1a: Whimsicott|17/100|[from] Sandstorm
|upkeep
|
|t:|1648115492
|switch|p2a: Eldegoss|Eldegoss, M|52/100
|turn|32
|
|t:|1648115496
|switch|p1a: Togedemaru|Togedemaru, F|72/100
|-damage|p1a: Togedemaru|66/100|[from] Stealth Rock
|move|p2a: Eldegoss|Giga Drain|p1a: Togedemaru
|-resisted|p1a: Togedemaru
|-damage|p1a: Togedemaru|56/100
|-heal|p2a: Eldegoss|57/100|[from] drain|[of] p1a: Togedemaru
|
|-weather|Sandstorm|[upkeep]
|-damage|p2a: Eldegoss|51/100|[from] Sandstorm
|-heal|p1a: Togedemaru|62/100|[from] item: Leftovers
|upkeep
|turn|33
|
|t:|1648115504
|move|p1a: Togedemaru|Wish|p1a: Togedemaru
|move|p2a: Eldegoss|Leech Seed|p1a: Togedemaru
|-start|p1a: Togedemaru|move: Leech Seed
|
|-weather|Sandstorm|[upkeep]
|-damage|p2a: Eldegoss|45/100|[from] Sandstorm
|-heal|p1a: Togedemaru|68/100|[from] item: Leftovers
|-damage|p1a: Togedemaru|56/100|[from] Leech Seed|[of] p2a: Eldegoss
|-heal|p2a: Eldegoss|58/100|[silent]
|upkeep
|turn|34
|
|t:|1648115515
|move|p1a: Togedemaru|Iron Head|p2a: Eldegoss
|-damage|p2a: Eldegoss|36/100
|move|p2a: Eldegoss|Giga Drain|p1a: Togedemaru
|-resisted|p1a: Togedemaru
|-damage|p1a: Togedemaru|47/100
|-heal|p2a: Eldegoss|41/100|[from] drain|[of] p1a: Togedemaru
|
|-weather|Sandstorm|[upkeep]
|-damage|p2a: Eldegoss|34/100|[from] Sandstorm
|-heal|p1a: Togedemaru|97/100|[from] move: Wish|[wisher] Togedemaru
|-heal|p1a: Togedemaru|100/100|[from] item: Leftovers
|-damage|p1a: Togedemaru|88/100|[from] Leech Seed|[of] p2a: Eldegoss
|-heal|p2a: Eldegoss|47/100|[silent]
|upkeep
|turn|35
|
|t:|1648115523
|switch|p2a: Scrafty|Scrafty, F|54/100
|move|p1a: Togedemaru|Wish|p1a: Togedemaru
|
|-weather|none
|-heal|p2a: Scrafty|60/100|[from] item: Leftovers
|-heal|p1a: Togedemaru|94/100|[from] item: Leftovers
|-damage|p1a: Togedemaru|82/100|[from] Leech Seed|[of] p2a: Scrafty
|-heal|p2a: Scrafty|75/100|[silent]
|upkeep
|turn|36
|
|t:|1648115530
|switch|p1a: Regirock|Regirock|43/100
|-damage|p1a: Regirock|31/100|[from] Stealth Rock
|move|p2a: Scrafty|Close Combat|p1a: Regirock
|-supereffective|p1a: Regirock
|-damage|p1a: Regirock|0 fnt
|-unboost|p2a: Scrafty|def|1
|-unboost|p2a: Scrafty|spd|1
|faint|p1a: Regirock
|
|-heal|p2a: Scrafty|81/100|[from] item: Leftovers
|upkeep
|
|t:|1648115533
|switch|p1a: Whimsicott|Whimsicott, M|17/100
|-damage|p1a: Whimsicott|5/100|[from] Stealth Rock
|turn|37
|
|t:|1648115549
|switch|p2a: Arctovish|Arctovish|100/100
|move|p1a: Whimsicott|Moonblast|p2a: Arctovish
|-damage|p2a: Arctovish|40/100
|-unboost|p2a: Arctovish|spa|1
|
|upkeep
|turn|38
|
|t:|1648115553
|move|p1a: Whimsicott|Moonblast|p2a: Arctovish
|-damage|p2a: Arctovish|0 fnt
|faint|p2a: Arctovish
|
|upkeep
|
|t:|1648115554
|switch|p2a: Eldegoss|Eldegoss, M|80/100
|turn|39
|
|t:|1648115558
|move|p1a: Whimsicott|Moonblast|p2a: Eldegoss
|-damage|p2a: Eldegoss|35/100
|move|p2a: Eldegoss|Giga Drain|p1a: Whimsicott
|-resisted|p1a: Whimsicott
|-damage|p1a: Whimsicott|0 fnt
|-heal|p2a: Eldegoss|37/100|[from] drain|[of] p1a: Whimsicott
|faint|p1a: Whimsicott
|
|upkeep
|
|t:|1648115560
|switch|p1a: Scrafty|Scrafty, F|76/100 brn
|-damage|p1a: Scrafty|70/100 brn|[from] Stealth Rock
|turn|40
|
|t:|1648115563
|move|p2a: Eldegoss|Leech Seed|p1a: Scrafty|[miss]
|-miss|p2a: Eldegoss|p1a: Scrafty
|move|p1a: Scrafty|Bulk Up|p1a: Scrafty
|-boost|p1a: Scrafty|atk|1
|-boost|p1a: Scrafty|def|1
|
|-heal|p1a: Scrafty|76/100 brn|[from] item: Leftovers
|-damage|p1a: Scrafty|70/100 brn|[from] brn
|upkeep
|turn|41
|
|t:|1648115565
|move|p2a: Eldegoss|Leech Seed|p1a: Scrafty
|-start|p1a: Scrafty|move: Leech Seed
|move|p1a: Scrafty|Bulk Up|p1a: Scrafty
|-boost|p1a: Scrafty|atk|1
|-boost|p1a: Scrafty|def|1
|
|-heal|p1a: Scrafty|76/100 brn|[from] item: Leftovers
|-damage|p1a: Scrafty|63/100 brn|[from] Leech Seed|[of] p2a: Eldegoss
|-heal|p2a: Eldegoss|49/100|[silent]
|-damage|p1a: Scrafty|57/100 brn|[from] brn
|upkeep
|turn|42
|
|t:|1648115568
|move|p2a: Eldegoss|Giga Drain|p1a: Scrafty
|-damage|p1a: Scrafty|41/100 brn
|-heal|p2a: Eldegoss|58/100|[from] drain|[of] p1a: Scrafty
|move|p1a: Scrafty|Bulk Up|p1a: Scrafty
|-boost|p1a: Scrafty|atk|1
|-boost|p1a: Scrafty|def|1
|
|-heal|p1a: Scrafty|47/100 brn|[from] item: Leftovers
|-damage|p1a: Scrafty|35/100 brn|[from] Leech Seed|[of] p2a: Eldegoss
|-heal|p2a: Eldegoss|70/100|[silent]
|-damage|p1a: Scrafty|29/100 brn|[from] brn
|upkeep
|turn|43
|
|t:|1648115574
|move|p2a: Eldegoss|Giga Drain|p1a: Scrafty
|-damage|p1a: Scrafty|15/100 brn
|-heal|p2a: Eldegoss|78/100|[from] drain|[of] p1a: Scrafty
|move|p1a: Scrafty|Rest|p1a: Scrafty
|-status|p1a: Scrafty|slp|[from] move: Rest
|-heal|p1a: Scrafty|100/100 slp|[silent]
|
|-activate|p1a: Scrafty|ability: Shed Skin
|-curestatus|p1a: Scrafty|slp|[msg]
|-damage|p1a: Scrafty|88/100|[from] Leech Seed|[of] p2a: Eldegoss
|-heal|p2a: Eldegoss|90/100|[silent]
|upkeep
|turn|44
|
|t:|1648115578
|move|p2a: Eldegoss|Giga Drain|p1a: Scrafty
|-damage|p1a: Scrafty|73/100
|-heal|p2a: Eldegoss|98/100|[from] drain|[of] p1a: Scrafty
|move|p1a: Scrafty|Bulk Up|p1a: Scrafty
|-boost|p1a: Scrafty|atk|1
|-boost|p1a: Scrafty|def|1
|
|-heal|p1a: Scrafty|79/100|[from] item: Leftovers
|-damage|p1a: Scrafty|66/100|[from] Leech Seed|[of] p2a: Eldegoss
|-heal|p2a: Eldegoss|100/100|[silent]
|upkeep
|turn|45
|
|t:|1648115581
|move|p2a: Eldegoss|Giga Drain|p1a: Scrafty
|-damage|p1a: Scrafty|52/100
|move|p1a: Scrafty|Drain Punch|p2a: Eldegoss
|-damage|p2a: Eldegoss|44/100
|-heal|p1a: Scrafty|79/100|[from] drain|[of] p2a: Eldegoss
|
|-heal|p1a: Scrafty|85/100|[from] item: Leftovers
|-damage|p1a: Scrafty|73/100|[from] Leech Seed|[of] p2a: Eldegoss
|-heal|p2a: Eldegoss|57/100|[silent]
|upkeep
|turn|46
|
|t:|1648115584
|move|p2a: Eldegoss|Giga Drain|p1a: Scrafty
|-crit|p1a: Scrafty
|-damage|p1a: Scrafty|50/100
|-heal|p2a: Eldegoss|68/100|[from] drain|[of] p1a: Scrafty
|move|p1a: Scrafty|Drain Punch|p2a: Eldegoss
|-damage|p2a: Eldegoss|12/100
|-heal|p1a: Scrafty|78/100|[from] drain|[of] p2a: Eldegoss
|
|-heal|p1a: Scrafty|84/100|[from] item: Leftovers
|-damage|p1a: Scrafty|72/100|[from] Leech Seed|[of] p2a: Eldegoss
|-heal|p2a: Eldegoss|25/100|[silent]
|upkeep
|turn|47
|
|t:|1648115589
|move|p2a: Eldegoss|Giga Drain|p1a: Scrafty
|-damage|p1a: Scrafty|56/100
|-heal|p2a: Eldegoss|33/100|[from] drain|[of] p1a: Scrafty
|move|p1a: Scrafty|Drain Punch|p2a: Eldegoss
|-damage|p2a: Eldegoss|0 fnt
|-heal|p1a: Scrafty|71/100|[from] drain|[of] p2a: Eldegoss
|faint|p2a: Eldegoss
|
|-heal|p1a: Scrafty|77/100|[from] item: Leftovers
|upkeep
|
|t:|1648115591
|switch|p2a: Scrafty|Scrafty, F|81/100
|turn|48
|
|t:|1648115594
|move|p2a: Scrafty|Close Combat|p1a: Scrafty
|-supereffective|p1a: Scrafty
|-damage|p1a: Scrafty|50/100
|-unboost|p2a: Scrafty|def|1
|-unboost|p2a: Scrafty|spd|1
|move|p1a: Scrafty|Drain Punch|p2a: Scrafty
|-supereffective|p2a: Scrafty
|-damage|p2a: Scrafty|0 fnt
|-heal|p1a: Scrafty|83/100|[from] drain|[of] p2a: Scrafty
|faint|p2a: Scrafty
|
|win|holydaysacc
|raw|holydaysacc's rating: 1616 &rarr; <strong>1624</strong><br />(+8 for winning)
|raw|Vishoclock's rating: 1362 &rarr; <strong>1354</strong><br />(-8 for losing)
|c|☆Vishoclock|Unfort
|c|☆holydaysacc|On whar?
|c|☆Vishoclock|Im playing p bad today
|c|☆holydaysacc|Happens
|c|☆Vishoclock|Gg
|c|☆holydaysacc|Gg nonethless
|l|☆holydaysacc
