|j|☆m3p0
|j|☆Windy sea
|player|p1|m3p0|130|1325
|player|p2|Windy sea|266|1093
|teamsize|p1|6
|teamsize|p2|6
|gametype|singles
|gen|8
|tier|[Gen 8] PU
|rated|
|clearpoke
|poke|p1|Persian, F|
|poke|p1|Vullaby, F|
|poke|p1|Clefairy, M|
|poke|p1|Silvally-*|
|poke|p1|Heatmor, F|
|poke|p1|Wishiwashi, F|
|poke|p2|Stonjourner, M|
|poke|p2|Greedent, F|
|poke|p2|Musharna, M|
|poke|p2|Silvally-*|
|poke|p2|Throh, M|
|poke|p2|Leafeon, M|
|rule|Sleep Clause Mod: Limit one foe put to sleep
|rule|Species Clause: Limit one of each Pokémon
|rule|OHKO Clause: OHKO moves are banned
|rule|Evasion Moves Clause: Evasion moves are banned
|rule|Endless Battle Clause: Forcing endless battles is banned
|rule|HP Percentage Mod: HP is shown in percentages
|rule|Dynamax Clause: You cannot dynamax
|teampreview
|
|start
|switch|p1a: Persian|Persian, F|100/100
|switch|p2a: Silvally|Silvally-Water|100/100
|turn|1
|
|move|p1a: Persian|Fake Out|p2a: Silvally
|-damage|p2a: Silvally|77/100
|cant|p2a: Silvally|flinch
|
|upkeep
|turn|2
|inactive|Battle timer is ON: inactive players will automatically lose when time's up. (requested by Windy sea)
|
|move|p1a: Persian|U-turn|p2a: Silvally
|-damage|p2a: Silvally|63/100
|
|switch|p1a: Wishiwashi|Wishiwashi, F|100/100|[from]move: U-turn
|-formechange|p1a: Wishiwashi|Wishiwashi-School||[from] ability: Schooling
|move|p2a: Silvally|U-turn|p1a: Wishiwashi
|-damage|p1a: Wishiwashi|89/100
|
|switch|p2a: Leafeon|Leafeon, M|100/100|[from]move: U-turn
|
|-heal|p1a: Wishiwashi|95/100|[from] item: Leftovers
|upkeep
|turn|3
|
|switch|p1a: Vullaby|Vullaby, F|100/100
|move|p2a: Leafeon|Knock Off|p1a: Vullaby
|-resisted|p1a: Vullaby
|-damage|p1a: Vullaby|92/100
|-enditem|p1a: Vullaby|Eviolite|[from] move: Knock Off|[of] p2a: Leafeon
|
|upkeep
|turn|4
|
|move|p2a: Leafeon|Swords Dance|p2a: Leafeon
|-boost|p2a: Leafeon|atk|2
|move|p1a: Vullaby|Knock Off|p2a: Leafeon
|-damage|p2a: Leafeon|81/100
|-enditem|p2a: Leafeon|Leftovers|[from] move: Knock Off|[of] p1a: Vullaby
|
|upkeep
|turn|5
|
|move|p2a: Leafeon|Leaf Blade|p1a: Vullaby
|-resisted|p1a: Vullaby
|-damage|p1a: Vullaby|56/100
|move|p1a: Vullaby|Whirlwind|p2a: Leafeon
|drag|p2a: Stonjourner|Stonjourner, M|100/100
|
|upkeep
|turn|6
|
|switch|p1a: Silvally|Silvally-Ground|100/100
|move|p2a: Stonjourner|Stealth Rock|p1a: Silvally
|-sidestart|p1: m3p0|move: Stealth Rock
|
|upkeep
|turn|7
|
|switch|p2a: Silvally|Silvally-Water|63/100
|move|p1a: Silvally|Defog|p2a: Silvally
|-unboost|p2a: Silvally|evasion|1
|-sideend|p1: m3p0|Stealth Rock|[from] move: Defog|[of] p1a: Silvally
|
|upkeep
|turn|8
|
|switch|p1a: Wishiwashi|Wishiwashi, F|95/100
|-formechange|p1a: Wishiwashi|Wishiwashi-School||[from] ability: Schooling
|move|p2a: Silvally|U-turn|p1a: Wishiwashi
|-damage|p1a: Wishiwashi|83/100
|
|switch|p2a: Leafeon|Leafeon, M|81/100|[from]move: U-turn
|
|-heal|p1a: Wishiwashi|89/100|[from] item: Leftovers
|upkeep
|turn|9
|
|switch|p1a: Heatmor|Heatmor, F|100/100
|move|p2a: Leafeon|Leaf Blade|p1a: Heatmor
|-resisted|p1a: Heatmor
|-damage|p1a: Heatmor|68/100
|
|upkeep
|turn|10
|
|move|p2a: Leafeon|Knock Off|p1a: Heatmor
|-damage|p1a: Heatmor|23/100
|-enditem|p1a: Heatmor|Choice Specs|[from] move: Knock Off|[of] p2a: Leafeon
|move|p1a: Heatmor|Flamethrower|p2a: Leafeon
|-supereffective|p2a: Leafeon
|-damage|p2a: Leafeon|0 fnt
|faint|p2a: Leafeon
|
|upkeep
|
|switch|p2a: Silvally|Silvally-Water|63/100
|turn|11
|
|switch|p1a: Wishiwashi|Wishiwashi, F|89/100
|-formechange|p1a: Wishiwashi|Wishiwashi-School||[from] ability: Schooling
|move|p2a: Silvally|Multi-Attack|p1a: Wishiwashi
|-resisted|p1a: Wishiwashi
|-damage|p1a: Wishiwashi|76/100
|
|-heal|p1a: Wishiwashi|82/100|[from] item: Leftovers
|upkeep
|turn|12
|
|move|p2a: Silvally|Multi-Attack|p1a: Wishiwashi
|-resisted|p1a: Wishiwashi
|-damage|p1a: Wishiwashi|67/100
|move|p1a: Wishiwashi|U-turn|p2a: Silvally
|-damage|p2a: Silvally|43/100
|
|switch|p1a: Persian|Persian, F|100/100|[from]move: U-turn
|
|upkeep
|turn|13
|
|switch|p2a: Stonjourner|Stonjourner, M|100/100
|move|p1a: Persian|Fake Out|p2a: Stonjourner
|-resisted|p2a: Stonjourner
|-damage|p2a: Stonjourner|91/100
|
|upkeep
|turn|14
|
|switch|p1a: Silvally|Silvally-Ground|100/100
|move|p2a: Stonjourner|Heat Crash|p1a: Silvally
|-damage|p1a: Silvally|64/100
|
|upkeep
|turn|15
|
|move|p2a: Stonjourner|Heat Crash|p1a: Silvally
|-damage|p1a: Silvally|27/100
|move|p1a: Silvally|Multi-Attack|p2a: Stonjourner
|-supereffective|p2a: Stonjourner
|-damage|p2a: Stonjourner|31/100
|
|upkeep
|turn|16
|
|switch|p1a: Heatmor|Heatmor, F|23/100
|move|p2a: Stonjourner|Heat Crash|p1a: Heatmor
|-start|p1a: Heatmor|ability: Flash Fire
|
|upkeep
|turn|17
|
|switch|p2a: Silvally|Silvally-Water|43/100
|move|p1a: Heatmor|Flamethrower|p2a: Silvally
|-resisted|p2a: Silvally
|-damage|p2a: Silvally|15/100
|
|upkeep
|turn|18
|
|-end|p1a: Heatmor|ability: Flash Fire|[silent]
|switch|p1a: Wishiwashi|Wishiwashi, F|67/100
|-formechange|p1a: Wishiwashi|Wishiwashi-School||[from] ability: Schooling
|move|p2a: Silvally|U-turn|p1a: Wishiwashi
|-damage|p1a: Wishiwashi|55/100
|
|switch|p2a: Greedent|Greedent, F|100/100|[from]move: U-turn
|
|-heal|p1a: Wishiwashi|62/100|[from] item: Leftovers
|upkeep
|turn|19
|
|move|p2a: Greedent|Swords Dance|p2a: Greedent
|-boost|p2a: Greedent|atk|2
|move|p1a: Wishiwashi|Scald|p2a: Greedent
|-damage|p2a: Greedent|65/100
|
|-heal|p1a: Wishiwashi|68/100|[from] item: Leftovers
|upkeep
|turn|20
|
|switch|p1a: Silvally|Silvally-Ground|27/100
|move|p2a: Greedent|Body Slam|p1a: Silvally
|-damage|p1a: Silvally|0 fnt
|faint|p1a: Silvally
|
|upkeep
|
|switch|p1a: Persian|Persian, F|100/100
|turn|21
|
|move|p1a: Persian|Fake Out|p2a: Greedent
|-damage|p2a: Greedent|47/100
|-enditem|p2a: Greedent|Sitrus Berry|[eat]
|-heal|p2a: Greedent|72/100|[from] item: Sitrus Berry
|-heal|p2a: Greedent|100/100|[from] ability: Cheek Pouch
|cant|p2a: Greedent|flinch
|
|upkeep
|turn|22
|
|move|p1a: Persian|U-turn|p2a: Greedent
|-damage|p2a: Greedent|87/100
|
|switch|p1a: Vullaby|Vullaby, F|56/100|[from]move: U-turn
|move|p2a: Greedent|Body Slam|p1a: Vullaby
|-damage|p1a: Vullaby|2/100
|-status|p1a: Vullaby|par
|
|upkeep
|turn|23
|
|move|p2a: Greedent|Body Slam|p1a: Vullaby
|-damage|p1a: Vullaby|0 fnt
|faint|p1a: Vullaby
|
|upkeep
|
|switch|p1a: Heatmor|Heatmor, F|23/100
|turn|24
|
|move|p1a: Heatmor|Flamethrower|p2a: Greedent
|-damage|p2a: Greedent|40/100
|move|p2a: Greedent|Body Slam|p1a: Heatmor
|-damage|p1a: Heatmor|0 fnt
|faint|p1a: Heatmor
|
|upkeep
|
|switch|p1a: Persian|Persian, F|100/100
|turn|25
|
|switch|p2a: Stonjourner|Stonjourner, M|31/100
|move|p1a: Persian|Fake Out|p2a: Stonjourner
|-resisted|p2a: Stonjourner
|-damage|p2a: Stonjourner|22/100
|
|upkeep
|turn|26
|
|move|p2a: Stonjourner|Stone Edge|p1a: Persian
|-damage|p1a: Persian|11/100
|move|p1a: Persian|Water Pulse|p2a: Stonjourner
|-supereffective|p2a: Stonjourner
|-damage|p2a: Stonjourner|0 fnt
|faint|p2a: Stonjourner
|
|upkeep
|
|switch|p2a: Throh|Throh, M|100/100
|turn|27
|
|move|p1a: Persian|Double-Edge|p2a: Throh
|-damage|p2a: Throh|63/100
|-damage|p1a: Persian|0 fnt|[from] Recoil
|faint|p1a: Persian
|move|p2a: Throh|Knock Off|p1: Persian|[notarget]
|-fail|p2a: Throh
|
|-heal|p2a: Throh|69/100|[from] item: Leftovers
|upkeep
|
|switch|p1a: Wishiwashi|Wishiwashi, F|68/100
|-formechange|p1a: Wishiwashi|Wishiwashi-School||[from] ability: Schooling
|turn|28
|
|move|p2a: Throh|Knock Off|p1a: Wishiwashi
|-damage|p1a: Wishiwashi|51/100
|-enditem|p1a: Wishiwashi|Leftovers|[from] move: Knock Off|[of] p2a: Throh
|move|p1a: Wishiwashi|Scald|p2a: Throh
|-damage|p2a: Throh|42/100
|
|-heal|p2a: Throh|48/100|[from] item: Leftovers
|upkeep
|turn|29
|
|move|p2a: Throh|Rest|p2a: Throh
|-status|p2a: Throh|slp|[from] move: Rest
|-heal|p2a: Throh|100/100 slp|[silent]
|move|p1a: Wishiwashi|Scald|p2a: Throh
|-damage|p2a: Throh|74/100 slp
|
|-heal|p2a: Throh|80/100 slp|[from] item: Leftovers
|upkeep
|turn|30
|
|cant|p2a: Throh|slp
|move|p2a: Throh|Sleep Talk|p2a: Throh
|move|p2a: Throh|Knock Off|p1a: Wishiwashi|[from]Sleep Talk
|-damage|p1a: Wishiwashi|35/100
|move|p1a: Wishiwashi|Scald|p2a: Throh
|-damage|p2a: Throh|54/100 slp
|
|-heal|p2a: Throh|60/100 slp|[from] item: Leftovers
|upkeep
|turn|31
|
|cant|p2a: Throh|slp
|move|p2a: Throh|Sleep Talk|p2a: Throh
|move|p2a: Throh|Circle Throw|p1a: Wishiwashi|[from]Sleep Talk
|-damage|p1a: Wishiwashi|13/100
|drag|p1a: Clefairy|Clefairy, M|100/100
|
|-heal|p2a: Throh|66/100 slp|[from] item: Leftovers
|upkeep
|turn|32
|
|-curestatus|p2a: Throh|slp|[msg]
|move|p2a: Throh|Knock Off|p1a: Clefairy
|-resisted|p1a: Clefairy
|-damage|p1a: Clefairy|88/100
|-enditem|p1a: Clefairy|Eviolite|[from] move: Knock Off|[of] p2a: Throh
|move|p1a: Clefairy|Stealth Rock|p2a: Throh
|-sidestart|p2: Windy sea|move: Stealth Rock
|
|-heal|p2a: Throh|72/100|[from] item: Leftovers
|upkeep
|turn|33
|
|move|p2a: Throh|Knock Off|p1a: Clefairy
|-resisted|p1a: Clefairy
|-damage|p1a: Clefairy|74/100
|move|p1a: Clefairy|Seismic Toss|p2a: Throh
|-damage|p2a: Throh|49/100
|
|-heal|p2a: Throh|56/100|[from] item: Leftovers
|upkeep
|turn|34
|
|move|p1a: Clefairy|Seismic Toss|p2a: Throh
|-damage|p2a: Throh|33/100
|move|p2a: Throh|Circle Throw|p1a: Clefairy
|-resisted|p1a: Clefairy
|-damage|p1a: Clefairy|56/100
|drag|p1a: Wishiwashi|Wishiwashi, F|13/100
|
|-heal|p2a: Throh|39/100|[from] item: Leftovers
|upkeep
|turn|35
|
|move|p2a: Throh|Knock Off|p1a: Wishiwashi
|-damage|p1a: Wishiwashi|0 fnt
|faint|p1a: Wishiwashi
|
|-heal|p2a: Throh|45/100|[from] item: Leftovers
|upkeep
|-message|m3p0 forfeited.
|
|win|Windy sea
|l|☆m3p0
