|html|<div class="broadcast-blue"><strong>[Gen 8] PU is currently suspecting Vanilluxe! For information on how to participate check out the <a href="https://www.smogon.com/forums/threads/np-ss-pu-stage-10-ice-cream-vanilluxe-suspect-test.3705646/">suspect thread</a>.</strong></div>
|j|☆That_ur_Best?
|j|☆Haffling
|t:|1659821938
|gametype|singles
|player|p1|That_ur_Best?|101|
|player|p2|Haffling|cyrus|
|teamsize|p1|6
|teamsize|p2|6
|gen|8
|tier|[Gen 8] PU
|rated|Tournament battle
|rule|Sleep Clause Mod: Limit one foe put to sleep
|rule|Species Clause: Limit one of each Pokémon
|rule|OHKO Clause: OHKO moves are banned
|rule|Evasion Items Clause: Evasion items are banned
|rule|Evasion Moves Clause: Evasion moves are banned
|rule|Endless Battle Clause: Forcing endless battles is banned
|rule|HP Percentage Mod: HP is shown in percentages
|rule|Dynamax Clause: You cannot dynamax
|clearpoke
|poke|p1|Gigalith, F|
|poke|p1|Ferroseed, M|
|poke|p1|Aromatisse, F|
|poke|p1|Jellicent, F|
|poke|p1|Doublade, F|
|poke|p1|Druddigon, M|
|poke|p2|Sableye, M|
|poke|p2|Mesprit|
|poke|p2|Ribombee, F|
|poke|p2|Togedemaru, F|
|poke|p2|Sandslash, M|
|poke|p2|Wishiwashi, F|
|teampreview
|inactive|Battle timer is ON: inactive players will automatically lose when time's up. (requested by That_ur_Best?)
|j| ItsMorbOrNothin
|c|☆That_ur_Best?|man scouted my game
|c|☆That_ur_Best?|how do u feel
|j| arcebaum500
|
|t:|1659821950
|start
|switch|p1a: Ferroseed|Ferroseed, M, shiny|100/100
|switch|p2a: Mesprit|Mesprit|100/100
|turn|1
|c|☆Haffling|like i waited for to long
|
|t:|1659821970
|move|p2a: Mesprit|Stealth Rock|p1a: Ferroseed
|-sidestart|p1: That_ur_Best?|move: Stealth Rock
|move|p1a: Ferroseed|Toxic|p2a: Mesprit
|-status|p2a: Mesprit|tox
|
|-damage|p2a: Mesprit|95/100 tox|[from] psn
|upkeep
|turn|2
|
|t:|1659821976
|switch|p2a: Sandslash|Sandslash, M|100/100
|move|p1a: Ferroseed|Spikes|p2a: Sandslash
|-sidestart|p2: Haffling|Spikes
|
|upkeep
|turn|3
|c|☆That_ur_Best?|u can blame my opponent for thart
|c|☆That_ur_Best?|that
|
|t:|1659821983
|move|p2a: Sandslash|Spikes|p1a: Ferroseed
|-sidestart|p1: That_ur_Best?|Spikes
|move|p1a: Ferroseed|Toxic|p2a: Sandslash
|-status|p2a: Sandslash|tox
|
|-damage|p2a: Sandslash|94/100 tox|[from] psn
|upkeep
|turn|4
|
|t:|1659821988
|move|p2a: Sandslash|Knock Off|p1a: Ferroseed
|-damage|p1a: Ferroseed|88/100
|-damage|p2a: Sandslash|82/100 tox|[from] ability: Iron Barbs|[of] p1a: Ferroseed
|-enditem|p1a: Ferroseed|Eviolite|[from] move: Knock Off|[of] p2a: Sandslash
|move|p1a: Ferroseed|Leech Seed|p2a: Sandslash
|-start|p2a: Sandslash|move: Leech Seed
|
|-heal|p2a: Sandslash|88/100 tox|[from] item: Leftovers
|-damage|p2a: Sandslash|76/100 tox|[from] Leech Seed|[of] p1a: Ferroseed
|-heal|p1a: Ferroseed|100/100|[silent]
|-damage|p2a: Sandslash|63/100 tox|[from] psn
|upkeep
|turn|5
|
|t:|1659821994
|move|p2a: Sandslash|Rapid Spin|p1a: Ferroseed
|-resisted|p1a: Ferroseed
|-damage|p1a: Ferroseed|96/100
|-boost|p2a: Sandslash|spe|1
|-damage|p2a: Sandslash|51/100 tox|[from] ability: Iron Barbs|[of] p1a: Ferroseed
|-end|p2a: Sandslash|Leech Seed|[from] move: Rapid Spin|[of] p2a: Sandslash
|-sideend|p2: Haffling|Spikes|[from] move: Rapid Spin|[of] p2a: Sandslash
|move|p1a: Ferroseed|Toxic|p2a: Sandslash
|-fail|p2a: Sandslash|tox
|
|-heal|p2a: Sandslash|57/100 tox|[from] item: Leftovers
|-damage|p2a: Sandslash|38/100 tox|[from] psn
|upkeep
|turn|6
|
|t:|1659822004
|switch|p2a: Togedemaru|Togedemaru, F|100/100
|move|p1a: Ferroseed|Toxic|p2a: Togedemaru|[miss]
|-miss|p1a: Ferroseed|p2a: Togedemaru
|
|upkeep
|turn|7
|
|t:|1659822012
|move|p2a: Togedemaru|Wish|p2a: Togedemaru
|move|p1a: Ferroseed|Leech Seed|p2a: Togedemaru
|-start|p2a: Togedemaru|move: Leech Seed
|
|-damage|p2a: Togedemaru|88/100|[from] Leech Seed|[of] p1a: Ferroseed
|-heal|p1a: Ferroseed|100/100|[silent]
|upkeep
|turn|8
|
|t:|1659822019
|move|p2a: Togedemaru|U-turn|p1a: Ferroseed
|-damage|p1a: Ferroseed|85/100
|-damage|p2a: Togedemaru|76/100|[from] ability: Iron Barbs|[of] p1a: Ferroseed
|
|t:|1659822024
|switch|p2a: Sandslash|Sandslash, M|38/100 tox|[from]move: U-turn
|move|p1a: Ferroseed|Leech Seed|p2a: Sandslash
|-start|p2a: Sandslash|move: Leech Seed
|
|-heal|p2a: Sandslash|85/100 tox|[from] move: Wish|[wisher] Togedemaru
|-heal|p2a: Sandslash|92/100 tox|[from] item: Leftovers
|-damage|p2a: Sandslash|79/100 tox|[from] Leech Seed|[of] p1a: Ferroseed
|-heal|p1a: Ferroseed|99/100|[silent]
|-damage|p2a: Sandslash|73/100 tox|[from] psn
|upkeep
|turn|9
|
|t:|1659822031
|switch|p2a: Sableye|Sableye, M|100/100
|move|p1a: Ferroseed|Spikes|p2a: Sableye
|-sidestart|p2: Haffling|Spikes
|
|upkeep
|turn|10
|
|t:|1659822037
|switch|p1a: Gigalith|Gigalith, F, shiny|100/100
|-damage|p1a: Gigalith|88/100|[from] Stealth Rock
|-damage|p1a: Gigalith|76/100|[from] Spikes
|-weather|Sandstorm|[from] ability: Sand Stream|[of] p1a: Gigalith
|move|p2a: Sableye|Will-O-Wisp|p1a: Gigalith|[miss]
|-miss|p2a: Sableye|p1a: Gigalith
|
|-weather|Sandstorm|[upkeep]
|-damage|p2a: Sableye|95/100|[from] Sandstorm
|-heal|p1a: Gigalith|82/100|[from] item: Leftovers
|upkeep
|turn|11
|
|t:|1659822042
|move|p2a: Sableye|Will-O-Wisp|p1a: Gigalith
|-status|p1a: Gigalith|brn
|move|p1a: Gigalith|Stealth Rock|p2a: Sableye
|-sidestart|p2: Haffling|move: Stealth Rock
|
|-weather|Sandstorm|[upkeep]
|-damage|p2a: Sableye|89/100|[from] Sandstorm
|-heal|p1a: Gigalith|88/100 brn|[from] item: Leftovers
|-damage|p1a: Gigalith|82/100 brn|[from] brn
|upkeep
|turn|12
|
|t:|1659822044
|move|p2a: Sableye|Knock Off|p1a: Gigalith
|-damage|p1a: Gigalith|68/100 brn
|-enditem|p1a: Gigalith|Leftovers|[from] move: Knock Off|[of] p2a: Sableye
|move|p1a: Gigalith|Toxic|p2a: Sableye
|-status|p2a: Sableye|tox
|
|-weather|Sandstorm|[upkeep]
|-damage|p2a: Sableye|83/100 tox|[from] Sandstorm
|-damage|p2a: Sableye|77/100 tox|[from] psn
|-damage|p1a: Gigalith|62/100 brn|[from] brn
|upkeep
|turn|13
|
|t:|1659822051
|switch|p2a: Wishiwashi|Wishiwashi, F|100/100
|-damage|p2a: Wishiwashi|88/100|[from] Spikes
|-damage|p2a: Wishiwashi|76/100|[from] Stealth Rock
|-formechange|p2a: Wishiwashi|Wishiwashi-School||[from] ability: Schooling
|switch|p1a: Ferroseed|Ferroseed, M, shiny|99/100
|-damage|p1a: Ferroseed|94/100|[from] Stealth Rock
|-damage|p1a: Ferroseed|82/100|[from] Spikes
|
|-weather|Sandstorm|[upkeep]
|-damage|p2a: Wishiwashi|70/100|[from] Sandstorm
|-heal|p2a: Wishiwashi|76/100|[from] item: Leftovers
|upkeep
|turn|14
|
|t:|1659822055
|move|p2a: Wishiwashi|Scald|p1a: Ferroseed
|-resisted|p1a: Ferroseed
|-damage|p1a: Ferroseed|59/100
|move|p1a: Ferroseed|Toxic|p2a: Wishiwashi
|-status|p2a: Wishiwashi|tox
|
|-weather|none
|-heal|p2a: Wishiwashi|82/100 tox|[from] item: Leftovers
|-damage|p2a: Wishiwashi|76/100 tox|[from] psn
|upkeep
|turn|15
|
|t:|1659822065
|move|p2a: Wishiwashi|U-turn|p1a: Ferroseed
|-damage|p1a: Ferroseed|39/100
|-damage|p2a: Wishiwashi|64/100 tox|[from] ability: Iron Barbs|[of] p1a: Ferroseed
|
|t:|1659822073
|switch|p2a: Ribombee|Ribombee, F|100/100|[from]move: U-turn
|move|p1a: Ferroseed|Leech Seed|p2a: Ribombee
|-start|p2a: Ribombee|move: Leech Seed
|
|-damage|p2a: Ribombee|88/100|[from] Leech Seed|[of] p1a: Ferroseed
|-heal|p1a: Ferroseed|50/100|[silent]
|upkeep
|turn|16
|
|t:|1659822079
|move|p2a: Ribombee|Aromatherapy|p2a: Ribombee
|-activate|p2a: Ribombee|move: Aromatherapy
|-curestatus|p2: Sandslash|tox|[msg]
|-curestatus|p2: Wishiwashi|tox|[msg]
|-curestatus|p2: Mesprit|tox|[msg]
|-curestatus|p2: Sableye|tox|[msg]
|move|p1a: Ferroseed|Toxic|p2a: Ribombee|[miss]
|-miss|p1a: Ferroseed|p2a: Ribombee
|
|-damage|p2a: Ribombee|76/100|[from] Leech Seed|[of] p1a: Ferroseed
|-heal|p1a: Ferroseed|61/100|[silent]
|upkeep
|turn|17
|
|t:|1659822086
|switch|p2a: Togedemaru|Togedemaru, F|76/100
|-damage|p2a: Togedemaru|64/100|[from] Spikes
|-damage|p2a: Togedemaru|58/100|[from] Stealth Rock
|move|p1a: Ferroseed|Toxic|p2a: Togedemaru
|-immune|p2a: Togedemaru
|
|-heal|p2a: Togedemaru|64/100|[from] item: Leftovers
|upkeep
|turn|18
|
|t:|1659822090
|move|p2a: Togedemaru|Spiky Shield|p2a: Togedemaru
|-singleturn|p2a: Togedemaru|move: Protect
|move|p1a: Ferroseed|Leech Seed|p2a: Togedemaru
|-activate|p2a: Togedemaru|move: Protect
|
|-heal|p2a: Togedemaru|70/100|[from] item: Leftovers
|upkeep
|turn|19
|
|t:|1659822093
|move|p2a: Togedemaru|Wish|p2a: Togedemaru
|move|p1a: Ferroseed|Leech Seed|p2a: Togedemaru
|-start|p2a: Togedemaru|move: Leech Seed
|
|-heal|p2a: Togedemaru|76/100|[from] item: Leftovers
|-damage|p2a: Togedemaru|63/100|[from] Leech Seed|[of] p1a: Ferroseed
|-heal|p1a: Ferroseed|75/100|[silent]
|upkeep
|turn|20
|
|t:|1659822100
|switch|p2a: Wishiwashi|Wishiwashi, F|64/100
|-damage|p2a: Wishiwashi|52/100|[from] Spikes
|-damage|p2a: Wishiwashi|39/100|[from] Stealth Rock
|-formechange|p2a: Wishiwashi|Wishiwashi-School||[from] ability: Schooling
|move|p1a: Ferroseed|Leech Seed|p2a: Wishiwashi
|-start|p2a: Wishiwashi|move: Leech Seed
|
|-heal|p2a: Wishiwashi|96/100|[from] move: Wish|[wisher] Togedemaru
|-heal|p2a: Wishiwashi|100/100|[from] item: Leftovers
|-damage|p2a: Wishiwashi|88/100|[from] Leech Seed|[of] p1a: Ferroseed
|-heal|p1a: Ferroseed|87/100|[silent]
|upkeep
|turn|21
|
|t:|1659822104
|move|p2a: Wishiwashi|U-turn|p1a: Ferroseed
|-damage|p1a: Ferroseed|66/100
|-damage|p2a: Wishiwashi|76/100|[from] ability: Iron Barbs|[of] p1a: Ferroseed
|
|t:|1659822108
|switch|p2a: Togedemaru|Togedemaru, F|63/100|[from]move: U-turn
|-damage|p2a: Togedemaru|51/100|[from] Spikes
|-damage|p2a: Togedemaru|45/100|[from] Stealth Rock
|move|p1a: Ferroseed|Spikes|p2a: Togedemaru
|-sidestart|p2: Haffling|Spikes
|
|-heal|p2a: Togedemaru|51/100|[from] item: Leftovers
|upkeep
|turn|22
|
|t:|1659822112
|move|p2a: Togedemaru|Wish|p2a: Togedemaru
|move|p1a: Ferroseed|Leech Seed|p2a: Togedemaru
|-start|p2a: Togedemaru|move: Leech Seed
|
|-heal|p2a: Togedemaru|57/100|[from] item: Leftovers
|-damage|p2a: Togedemaru|45/100|[from] Leech Seed|[of] p1a: Ferroseed
|-heal|p1a: Ferroseed|80/100|[silent]
|upkeep
|turn|23
|
|t:|1659822120
|move|p2a: Togedemaru|Spiky Shield|p2a: Togedemaru
|-singleturn|p2a: Togedemaru|move: Protect
|move|p1a: Ferroseed|Spikes|p2a: Togedemaru
|-sidestart|p2: Haffling|Spikes
|
|-heal|p2a: Togedemaru|95/100|[from] move: Wish|[wisher] Togedemaru
|-heal|p2a: Togedemaru|100/100|[from] item: Leftovers
|-damage|p2a: Togedemaru|88/100|[from] Leech Seed|[of] p1a: Ferroseed
|-heal|p1a: Ferroseed|94/100|[silent]
|upkeep
|turn|24
|
|t:|1659822134
|switch|p1a: Druddigon|Druddigon, M|100/100
|-damage|p1a: Druddigon|88/100|[from] Stealth Rock
|-damage|p1a: Druddigon|76/100|[from] Spikes
|move|p2a: Togedemaru|Wish|p2a: Togedemaru
|
|-heal|p2a: Togedemaru|94/100|[from] item: Leftovers
|-heal|p1a: Druddigon|82/100|[from] item: Leftovers
|-damage|p2a: Togedemaru|82/100|[from] Leech Seed|[of] p1a: Druddigon
|-heal|p1a: Druddigon|94/100|[silent]
|upkeep
|turn|25
|
|t:|1659822143
|switch|p2a: Ribombee|Ribombee, F|76/100
|move|p1a: Druddigon|Roar|p2a: Ribombee
|drag|p2a: Wishiwashi|Wishiwashi, F|76/100
|-damage|p2a: Wishiwashi|51/100|[from] Spikes
|-damage|p2a: Wishiwashi|39/100|[from] Stealth Rock
|-formechange|p2a: Wishiwashi|Wishiwashi-School||[from] ability: Schooling
|
|-heal|p2a: Wishiwashi|96/100|[from] move: Wish|[wisher] Togedemaru
|-heal|p1a: Druddigon|99/100|[from] item: Leftovers
|-heal|p2a: Wishiwashi|100/100|[from] item: Leftovers
|upkeep
|turn|26
|
|t:|1659822151
|move|p2a: Wishiwashi|Scald|p1a: Druddigon
|-resisted|p1a: Druddigon
|-damage|p1a: Druddigon|83/100
|move|p1a: Druddigon|Roar|p2a: Wishiwashi
|drag|p2a: Togedemaru|Togedemaru, F|82/100
|-damage|p2a: Togedemaru|57/100|[from] Spikes
|-damage|p2a: Togedemaru|51/100|[from] Stealth Rock
|
|-heal|p2a: Togedemaru|57/100|[from] item: Leftovers
|-heal|p1a: Druddigon|89/100|[from] item: Leftovers
|upkeep
|turn|27
|
|t:|1659822157
|move|p2a: Togedemaru|Wish|p2a: Togedemaru
|move|p1a: Druddigon|Roar|p2a: Togedemaru
|drag|p2a: Mesprit|Mesprit|95/100
|-damage|p2a: Mesprit|82/100|[from] Stealth Rock
|
|-heal|p1a: Druddigon|95/100|[from] item: Leftovers
|upkeep
|turn|28
|
|t:|1659822162
|move|p2a: Mesprit|Dazzling Gleam|p1a: Druddigon
|-supereffective|p1a: Druddigon
|-damage|p1a: Druddigon|53/100
|move|p1a: Druddigon|Toxic|p2a: Mesprit
|-status|p2a: Mesprit|tox
|
|-heal|p2a: Mesprit|100/100 tox|[from] move: Wish|[wisher] Togedemaru
|-heal|p1a: Druddigon|59/100|[from] item: Leftovers
|-damage|p2a: Mesprit|95/100 tox|[from] psn
|upkeep
|turn|29
|
|t:|1659822170
|move|p1a: Druddigon|Protect|p1a: Druddigon
|-singleturn|p1a: Druddigon|Protect
|move|p2a: Mesprit|U-turn|p1a: Druddigon
|-activate|p1a: Druddigon|move: Protect
|
|-heal|p1a: Druddigon|66/100|[from] item: Leftovers
|-damage|p2a: Mesprit|83/100 tox|[from] psn
|upkeep
|turn|30
|
|t:|1659822178
|switch|p1a: Jellicent|Jellicent, F|100/100
|-damage|p1a: Jellicent|88/100|[from] Stealth Rock
|-damage|p1a: Jellicent|76/100|[from] Spikes
|move|p2a: Mesprit|Dazzling Gleam|p1a: Jellicent
|-damage|p1a: Jellicent|62/100
|
|-heal|p1a: Jellicent|68/100|[from] item: Leftovers
|-damage|p2a: Mesprit|65/100 tox|[from] psn
|upkeep
|turn|31
|
|t:|1659822183
|switch|p2a: Wishiwashi|Wishiwashi, F|100/100
|-damage|p2a: Wishiwashi|76/100|[from] Spikes
|-damage|p2a: Wishiwashi|63/100|[from] Stealth Rock
|-formechange|p2a: Wishiwashi|Wishiwashi-School||[from] ability: Schooling
|move|p1a: Jellicent|Recover|p1a: Jellicent
|-heal|p1a: Jellicent|100/100
|
|-heal|p2a: Wishiwashi|70/100|[from] item: Leftovers
|upkeep
|turn|32
|
|t:|1659822189
|move|p1a: Jellicent|Toxic|p2a: Wishiwashi
|-status|p2a: Wishiwashi|tox
|move|p2a: Wishiwashi|U-turn|p1a: Jellicent
|-resisted|p1a: Jellicent
|-damage|p1a: Jellicent|88/100
|
|t:|1659822196
|switch|p2a: Ribombee|Ribombee, F|76/100|[from]move: U-turn
|
|-heal|p1a: Jellicent|94/100|[from] item: Leftovers
|upkeep
|turn|33
|
|t:|1659822201
|move|p2a: Ribombee|Aromatherapy|p2a: Ribombee
|-activate|p2a: Ribombee|move: Aromatherapy
|-curestatus|p2: Wishiwashi|tox|[msg]
|-curestatus|p2: Mesprit|tox|[msg]
|move|p1a: Jellicent|Scald|p2a: Ribombee
|-damage|p2a: Ribombee|30/100
|
|-heal|p1a: Jellicent|99/100|[from] item: Leftovers
|upkeep
|turn|34
|
|t:|1659822208
|move|p2a: Ribombee|Roost|p2a: Ribombee
|-heal|p2a: Ribombee|80/100
|-singleturn|p2a: Ribombee|move: Roost
|move|p1a: Jellicent|Scald|p2a: Ribombee
|-damage|p2a: Ribombee|40/100
|
|-heal|p1a: Jellicent|100/100|[from] item: Leftovers
|upkeep
|turn|35
|
|t:|1659822215
|move|p2a: Ribombee|Roost|p2a: Ribombee
|-heal|p2a: Ribombee|90/100
|-singleturn|p2a: Ribombee|move: Roost
|move|p1a: Jellicent|Toxic|p2a: Ribombee
|-status|p2a: Ribombee|tox
|
|-damage|p2a: Ribombee|84/100 tox|[from] psn
|upkeep
|turn|36
|
|t:|1659822221
|move|p2a: Ribombee|Quiver Dance|p2a: Ribombee
|-boost|p2a: Ribombee|spa|1
|-boost|p2a: Ribombee|spd|1
|-boost|p2a: Ribombee|spe|1
|move|p1a: Jellicent|Scald|p2a: Ribombee
|-damage|p2a: Ribombee|55/100 tox
|
|-damage|p2a: Ribombee|43/100 tox|[from] psn
|upkeep
|turn|37
|
|t:|1659822226
|move|p2a: Ribombee|Aromatherapy|p2a: Ribombee
|-activate|p2a: Ribombee|move: Aromatherapy
|-curestatus|p2a: Ribombee|tox|[msg]
|move|p1a: Jellicent|Scald|p2a: Ribombee
|-damage|p2a: Ribombee|14/100
|
|upkeep
|turn|38
|
|t:|1659822231
|switch|p1a: Doublade|Doublade, F|100/100
|-damage|p1a: Doublade|94/100|[from] Stealth Rock
|-damage|p1a: Doublade|82/100|[from] Spikes
|move|p2a: Ribombee|Roost|p2a: Ribombee
|-heal|p2a: Ribombee|64/100
|-singleturn|p2a: Ribombee|move: Roost
|
|upkeep
|turn|39
|
|t:|1659822239
|switch|p2a: Sableye|Sableye, M|77/100
|-damage|p2a: Sableye|52/100|[from] Spikes
|-damage|p2a: Sableye|40/100|[from] Stealth Rock
|move|p1a: Doublade|Iron Head|p2a: Sableye
|-damage|p2a: Sableye|8/100
|
|upkeep
|turn|40
|
|t:|1659822245
|move|p2a: Sableye|Recover|p2a: Sableye
|-heal|p2a: Sableye|58/100
|move|p1a: Doublade|Shadow Sneak|p2a: Sableye
|-damage|p2a: Sableye|44/100
|
|upkeep
|turn|41
|
|t:|1659822255
|move|p2a: Sableye|Recover|p2a: Sableye
|-heal|p2a: Sableye|94/100
|move|p1a: Doublade|Toxic|p2a: Sableye
|-status|p2a: Sableye|tox
|
|-damage|p2a: Sableye|88/100 tox|[from] psn
|upkeep
|turn|42
|
|t:|1659822263
|switch|p2a: Sandslash|Sandslash, M|73/100
|-damage|p2a: Sandslash|48/100|[from] Spikes
|-damage|p2a: Sandslash|42/100|[from] Stealth Rock
|switch|p1a: Aromatisse|Aromatisse, F|100/100
|-damage|p1a: Aromatisse|88/100|[from] Stealth Rock
|-damage|p1a: Aromatisse|76/100|[from] Spikes
|
|-heal|p2a: Sandslash|48/100|[from] item: Leftovers
|-heal|p1a: Aromatisse|82/100|[from] item: Leftovers
|upkeep
|turn|43
|
|t:|1659822266
|switch|p1a: Jellicent|Jellicent, F|100/100
|-damage|p1a: Jellicent|88/100|[from] Stealth Rock
|-damage|p1a: Jellicent|76/100|[from] Spikes
|move|p2a: Sandslash|Spikes|p1a: Jellicent
|-sidestart|p1: That_ur_Best?|Spikes
|
|-heal|p2a: Sandslash|54/100|[from] item: Leftovers
|-heal|p1a: Jellicent|82/100|[from] item: Leftovers
|upkeep
|turn|44
|
|t:|1659822275
|move|p2a: Sandslash|Spikes|p1a: Jellicent
|-sidestart|p1: That_ur_Best?|Spikes
|move|p1a: Jellicent|Scald|p2a: Sandslash
|-supereffective|p2a: Sandslash
|-damage|p2a: Sandslash|0 fnt
|faint|p2a: Sandslash
|
|-heal|p1a: Jellicent|88/100|[from] item: Leftovers
|upkeep
|
|t:|1659822280
|switch|p2a: Wishiwashi|Wishiwashi, F|70/100
|-damage|p2a: Wishiwashi|45/100|[from] Spikes
|-damage|p2a: Wishiwashi|32/100|[from] Stealth Rock
|-formechange|p2a: Wishiwashi|Wishiwashi-School||[from] ability: Schooling
|turn|45
|
|t:|1659822283
|move|p1a: Jellicent|Toxic|p2a: Wishiwashi|[miss]
|-miss|p1a: Jellicent|p2a: Wishiwashi
|move|p2a: Wishiwashi|Rest|p2a: Wishiwashi
|-status|p2a: Wishiwashi|slp|[from] move: Rest
|-heal|p2a: Wishiwashi|100/100 slp|[silent]
|
|-heal|p1a: Jellicent|94/100|[from] item: Leftovers
|upkeep
|turn|46
|
|t:|1659822287
|switch|p1a: Aromatisse|Aromatisse, F|82/100
|-damage|p1a: Aromatisse|70/100|[from] Stealth Rock
|-damage|p1a: Aromatisse|45/100|[from] Spikes
|cant|p2a: Wishiwashi|slp
|move|p2a: Wishiwashi|Sleep Talk|p2a: Wishiwashi
|move|p2a: Wishiwashi|U-turn|p1a: Aromatisse|[from]move: Sleep Talk
|-resisted|p1a: Aromatisse
|-damage|p1a: Aromatisse|33/100
|
|t:|1659822290
|switch|p2a: Togedemaru|Togedemaru, F|57/100|[from]move: U-turn
|-damage|p2a: Togedemaru|32/100|[from] Spikes
|-damage|p2a: Togedemaru|26/100|[from] Stealth Rock
|
|-heal|p2a: Togedemaru|32/100|[from] item: Leftovers
|-heal|p1a: Aromatisse|39/100|[from] item: Leftovers
|upkeep
|turn|47
|
|t:|1659822295
|move|p1a: Aromatisse|Protect|p1a: Aromatisse
|-singleturn|p1a: Aromatisse|Protect
|move|p2a: Togedemaru|Wish|p2a: Togedemaru
|
|-heal|p2a: Togedemaru|38/100|[from] item: Leftovers
|-heal|p1a: Aromatisse|46/100|[from] item: Leftovers
|upkeep
|turn|48
|c|☆That_ur_Best?|man is luckier than my last opponent
|
|t:|1659822301
|move|p2a: Togedemaru|Iron Head|p1a: Aromatisse
|-supereffective|p1a: Aromatisse
|-crit|p1a: Aromatisse
|-damage|p1a: Aromatisse|0 fnt
|faint|p1a: Aromatisse
|
|-heal|p2a: Togedemaru|88/100|[from] move: Wish|[wisher] Togedemaru
|-heal|p2a: Togedemaru|94/100|[from] item: Leftovers
|upkeep
|c|☆That_ur_Best?|and the crit
|
|t:|1659822308
|switch|p1a: Ferroseed|Ferroseed, M, shiny|94/100
|-damage|p1a: Ferroseed|88/100|[from] Stealth Rock
|-damage|p1a: Ferroseed|63/100|[from] Spikes
|turn|49
|j| Sharingan54
|c|☆Haffling|the crit was nice other wise id say im losing
|c|☆That_ur_Best?|man scouted
|c|☆That_ur_Best?|got lucky
|c|☆That_ur_Best?|and is about to hold the L
|c| Sharingan54|oh my god
|inactive|Haffling has 120 seconds left.
|c| ItsMorbOrNothin|XD
|c|☆Haffling|i used the same team i did in game 1 and 2
|
|t:|1659822353
|move|p2a: Togedemaru|Spiky Shield|p2a: Togedemaru
|-singleturn|p2a: Togedemaru|move: Protect
|move|p1a: Ferroseed|Leech Seed|p2a: Togedemaru
|-activate|p2a: Togedemaru|move: Protect
|
|-heal|p2a: Togedemaru|99/100|[from] item: Leftovers
|upkeep
|turn|50
|
|t:|1659822361
|move|p2a: Togedemaru|Wish|p2a: Togedemaru
|move|p1a: Ferroseed|Leech Seed|p2a: Togedemaru
|-start|p2a: Togedemaru|move: Leech Seed
|
|-heal|p2a: Togedemaru|100/100|[from] item: Leftovers
|-damage|p2a: Togedemaru|88/100|[from] Leech Seed|[of] p1a: Ferroseed
|-heal|p1a: Ferroseed|77/100|[silent]
|upkeep
|turn|51
|c| arcebaum500|wat'
|
|t:|1659822368
|switch|p2a: Mesprit|Mesprit|65/100
|-damage|p2a: Mesprit|52/100|[from] Stealth Rock
|move|p1a: Ferroseed|Toxic|p2a: Mesprit
|-status|p2a: Mesprit|tox
|
|-heal|p2a: Mesprit|100/100 tox|[from] move: Wish|[wisher] Togedemaru
|-damage|p2a: Mesprit|95/100 tox|[from] psn
|upkeep
|turn|52
|
|t:|1659822375
|move|p2a: Mesprit|U-turn|p1a: Ferroseed
|-damage|p1a: Ferroseed|63/100
|-damage|p2a: Mesprit|82/100 tox|[from] ability: Iron Barbs|[of] p1a: Ferroseed
|
|t:|1659822380
|switch|p2a: Togedemaru|Togedemaru, F|88/100|[from]move: U-turn
|-damage|p2a: Togedemaru|63/100|[from] Spikes
|-damage|p2a: Togedemaru|57/100|[from] Stealth Rock
|move|p1a: Ferroseed|Spikes||[still]
|-fail|p1a: Ferroseed
|
|-heal|p2a: Togedemaru|63/100|[from] item: Leftovers
|upkeep
|turn|53
|
|t:|1659822384
|move|p2a: Togedemaru|Spiky Shield|p2a: Togedemaru
|-singleturn|p2a: Togedemaru|move: Protect
|move|p1a: Ferroseed|Protect||[still]
|-fail|p1a: Ferroseed
|
|-heal|p2a: Togedemaru|69/100|[from] item: Leftovers
|upkeep
|turn|54
|c|☆Haffling|ah so you cant beat bee
|
|t:|1659822405
|move|p1a: Ferroseed|Protect|p1a: Ferroseed
|-singleturn|p1a: Ferroseed|Protect
|move|p2a: Togedemaru|Wish|p2a: Togedemaru
|
|-heal|p2a: Togedemaru|75/100|[from] item: Leftovers
|upkeep
|turn|55
|
|t:|1659822411
|switch|p1a: Doublade|Doublade, F|82/100
|-damage|p1a: Doublade|76/100|[from] Stealth Rock
|-damage|p1a: Doublade|51/100|[from] Spikes
|move|p2a: Togedemaru|U-turn|p1a: Doublade
|-resisted|p1a: Doublade
|-damage|p1a: Doublade|49/100
|
|t:|1659822415
|switch|p2a: Ribombee|Ribombee, F|64/100|[from]move: U-turn
|
|-heal|p2a: Ribombee|100/100|[from] move: Wish|[wisher] Togedemaru
|upkeep
|turn|56
|
|t:|1659822421
|switch|p2a: Togedemaru|Togedemaru, F|75/100
|-damage|p2a: Togedemaru|50/100|[from] Spikes
|-damage|p2a: Togedemaru|45/100|[from] Stealth Rock
|move|p1a: Doublade|Iron Head|p2a: Togedemaru
|-resisted|p2a: Togedemaru
|-damage|p2a: Togedemaru|33/100
|
|-heal|p2a: Togedemaru|39/100|[from] item: Leftovers
|upkeep
|turn|57
|
|t:|1659822425
|move|p2a: Togedemaru|Spiky Shield|p2a: Togedemaru
|-singleturn|p2a: Togedemaru|move: Protect
|move|p1a: Doublade|Shadow Sneak|p2a: Togedemaru
|-activate|p2a: Togedemaru|move: Protect
|-damage|p1a: Doublade|36/100|[from] Spiky Shield|[of] p2a: Togedemaru
|
|-heal|p2a: Togedemaru|45/100|[from] item: Leftovers
|upkeep
|turn|58
|
|t:|1659822449
|move|p1a: Doublade|Shadow Sneak|p2a: Togedemaru
|-damage|p2a: Togedemaru|20/100
|move|p2a: Togedemaru|Wish|p2a: Togedemaru
|
|-heal|p2a: Togedemaru|26/100|[from] item: Leftovers
|upkeep
|turn|59
|
|t:|1659822456
|move|p2a: Togedemaru|Spiky Shield|p2a: Togedemaru
|-singleturn|p2a: Togedemaru|move: Protect
|move|p1a: Doublade|Protect||[still]
|-fail|p1a: Doublade
|
|-heal|p2a: Togedemaru|76/100|[from] move: Wish|[wisher] Togedemaru
|-heal|p2a: Togedemaru|82/100|[from] item: Leftovers
|upkeep
|turn|60
|c|☆Haffling|wow
|c|☆Haffling|thats a set
|c|☆That_ur_Best?|wow what lmfao
|
|t:|1659822469
|move|p1a: Doublade|Shadow Sneak|p2a: Togedemaru
|-damage|p2a: Togedemaru|59/100
|move|p2a: Togedemaru|Wish|p2a: Togedemaru
|
|-heal|p2a: Togedemaru|65/100|[from] item: Leftovers
|upkeep
|turn|61
|
|t:|1659822485
|switch|p1a: Druddigon|Druddigon, M|66/100
|-damage|p1a: Druddigon|53/100|[from] Stealth Rock
|-damage|p1a: Druddigon|28/100|[from] Spikes
|move|p2a: Togedemaru|Iron Head|p1a: Druddigon
|-damage|p1a: Druddigon|6/100
|-damage|p2a: Togedemaru|52/100|[from] ability: Rough Skin|[of] p1a: Druddigon
|
|-heal|p2a: Togedemaru|100/100|[from] move: Wish|[wisher] Togedemaru
|-heal|p1a: Druddigon|12/100|[from] item: Leftovers
|upkeep
|turn|62
|c|☆That_ur_Best?|forfeit
|c| ItsMorbOrNothin|only truly the most toxic duoblade set
|
|t:|1659822491
|move|p2a: Togedemaru|Iron Head|p1a: Druddigon
|-damage|p1a: Druddigon|0 fnt
|-damage|p2a: Togedemaru|88/100|[from] ability: Rough Skin|[of] p1a: Druddigon
|faint|p1a: Druddigon
|
|-heal|p2a: Togedemaru|94/100|[from] item: Leftovers
|upkeep
|
|t:|1659822494
|switch|p1a: Jellicent|Jellicent, F|94/100
|-damage|p1a: Jellicent|82/100|[from] Stealth Rock
|-damage|p1a: Jellicent|57/100|[from] Spikes
|turn|63
|
|t:|1659822501
|move|p2a: Togedemaru|Wish|p2a: Togedemaru
|move|p1a: Jellicent|Recover|p1a: Jellicent
|-heal|p1a: Jellicent|100/100
|
|-heal|p2a: Togedemaru|99/100|[from] item: Leftovers
|upkeep
|turn|64
|
|t:|1659822508
|move|p2a: Togedemaru|U-turn|p1a: Jellicent
|-resisted|p1a: Jellicent
|-damage|p1a: Jellicent|92/100
|
|t:|1659822512
|switch|p2a: Ribombee|Ribombee, F|100/100|[from]move: U-turn
|move|p1a: Jellicent|Scald|p2a: Ribombee
|-damage|p2a: Ribombee|57/100
|
|-heal|p2a: Ribombee|100/100|[from] move: Wish|[wisher] Togedemaru
|-heal|p1a: Jellicent|99/100|[from] item: Leftovers
|upkeep
|turn|65
|
|t:|1659822515
|move|p2a: Ribombee|Quiver Dance|p2a: Ribombee
|-boost|p2a: Ribombee|spa|1
|-boost|p2a: Ribombee|spd|1
|-boost|p2a: Ribombee|spe|1
|move|p1a: Jellicent|Scald|p2a: Ribombee
|-damage|p2a: Ribombee|74/100
|
|-heal|p1a: Jellicent|100/100|[from] item: Leftovers
|upkeep
|turn|66
|
|t:|1659822518
|move|p2a: Ribombee|Quiver Dance|p2a: Ribombee
|-boost|p2a: Ribombee|spa|1
|-boost|p2a: Ribombee|spd|1
|-boost|p2a: Ribombee|spe|1
|move|p1a: Jellicent|Toxic|p2a: Ribombee
|-status|p2a: Ribombee|tox
|
|-damage|p2a: Ribombee|68/100 tox|[from] psn
|upkeep
|turn|67
|
|t:|1659822525
|move|p2a: Ribombee|Quiver Dance|p2a: Ribombee
|-boost|p2a: Ribombee|spa|1
|-boost|p2a: Ribombee|spd|1
|-boost|p2a: Ribombee|spe|1
|move|p1a: Jellicent|Scald|p2a: Ribombee
|-damage|p2a: Ribombee|50/100 tox
|
|-damage|p2a: Ribombee|38/100 tox|[from] psn
|upkeep
|turn|68
|
|t:|1659822531
|move|p2a: Ribombee|Aromatherapy|p2a: Ribombee
|-activate|p2a: Ribombee|move: Aromatherapy
|-curestatus|p2a: Ribombee|tox|[msg]
|-curestatus|p2: Sableye|tox|[msg]
|-curestatus|p2: Mesprit|tox|[msg]
|-curestatus|p2: Wishiwashi|slp|[msg]
|move|p1a: Jellicent|Scald|p2a: Ribombee
|-damage|p2a: Ribombee|20/100
|
|upkeep
|turn|69
|
|t:|1659822534
|move|p2a: Ribombee|Roost|p2a: Ribombee
|-heal|p2a: Ribombee|70/100
|-singleturn|p2a: Ribombee|move: Roost
|move|p1a: Jellicent|Toxic|p2a: Ribombee|[miss]
|-miss|p1a: Jellicent|p2a: Ribombee
|
|upkeep
|turn|70
|c|☆That_ur_Best?|HAHAHAHHAHAHHAA
|
|t:|1659822539
|move|p2a: Ribombee|Moonblast|p1a: Jellicent
|-damage|p1a: Jellicent|42/100
|-unboost|p1a: Jellicent|spa|1
|move|p1a: Jellicent|Toxic|p2a: Ribombee
|-status|p2a: Ribombee|tox
|
|-heal|p1a: Jellicent|48/100|[from] item: Leftovers
|-damage|p2a: Ribombee|64/100 tox|[from] psn
|upkeep
|turn|71
|c|☆That_ur_Best?|HAHAHHAHAHA
|c|☆That_ur_Best?|AHHAHHAHAH
|c|☆That_ur_Best?|HAHAHHAHAA
|c|☆That_ur_Best?|HHHAHAHHAHAHHAA
|
|t:|1659822545
|move|p1a: Jellicent|Protect|p1a: Jellicent
|-singleturn|p1a: Jellicent|Protect
|move|p2a: Ribombee|Aromatherapy|p2a: Ribombee
|-activate|p2a: Ribombee|move: Aromatherapy
|-curestatus|p2a: Ribombee|tox|[msg]
|
|-heal|p1a: Jellicent|54/100|[from] item: Leftovers
|upkeep
|turn|72
|c| ItsMorbOrNothin|bros the joker
|
|t:|1659822548
|move|p2a: Ribombee|Moonblast|p1a: Jellicent
|-damage|p1a: Jellicent|0 fnt
|faint|p1a: Jellicent
|
|upkeep
|
|t:|1659822551
|switch|p1a: Ferroseed|Ferroseed, M, shiny|63/100
|-damage|p1a: Ferroseed|57/100|[from] Stealth Rock
|-damage|p1a: Ferroseed|32/100|[from] Spikes
|turn|73
|c|☆That_ur_Best?|A TRUE MAN
|c|☆That_ur_Best?|WOULD RECOGNIZE
|c|☆That_ur_Best?|HOW LUCKY
|c|☆That_ur_Best?|u know whjat
|c|☆That_ur_Best?|nvm
|c|☆That_ur_Best?|lets see what kind of man u are
|c|☆Haffling|how was i lucky?
|c|☆That_ur_Best?|uh lets see
|c|☆That_ur_Best?|all my toxic misses
|c|☆That_ur_Best?|all ur crits
|inactive|That_ur_Best? has 120 seconds left.
|inactive|Haffling has 120 seconds left.
|c|☆That_ur_Best?|buddy
|c|☆Haffling|non of the toxic misses mattrd
|c|☆That_ur_Best?|dont plead ignorance
|c| arcebaum500|hehehe >:)
|c|☆That_ur_Best?|YES THEY DID
|c|☆Haffling|they did not
|c|☆That_ur_Best?|DAMAGE AND GOING THRU THE EFFORT TO PP STALL THE WISHES AND AROMAS?
|c| ItsMorbOrNothin|they did in my eyes too
|c|☆That_ur_Best?|HELLO?
|inactive|That_ur_Best? has 90 seconds left.
|j|+Oathkeeper
|c|☆That_ur_Best?|BUDDY U LUCKED OUT
|c|☆That_ur_Best?|tell u what
|c|☆That_ur_Best?|i have a proposition
|
|t:|1659822629
|move|p2a: Ribombee|Moonblast|p1a: Ferroseed
|-resisted|p1a: Ferroseed
|-damage|p1a: Ferroseed|0 fnt
|faint|p1a: Ferroseed
|
|upkeep
|
|t:|1659822635
|switch|p1a: Gigalith|Gigalith, F, shiny|62/100 brn
|-damage|p1a: Gigalith|50/100 brn|[from] Stealth Rock
|-damage|p1a: Gigalith|25/100 brn|[from] Spikes
|-weather|Sandstorm|[from] ability: Sand Stream|[of] p1a: Gigalith
|turn|74
|c|☆Haffling|i win?
|c|☆That_ur_Best?|i TRIPLE dog dare u to forfeit
|c| ItsMorbOrNothin|oh bro
|c| ItsMorbOrNothin|thats a triple dog
|l|+Oathkeeper
|c| arcebaum500|hyyyyyyyyyyyyyyyrule theme plays
|inactive|That_ur_Best? has 60 seconds left.
|c| ItsMorbOrNothin|you gotta do it
|c|☆That_ur_Best?|he gotta
|c|☆Haffling|nah
|c|☆That_ur_Best?|r u gonna do the dare
|c|☆That_ur_Best?|LOL
|c|☆That_ur_Best?|HE AINT A MNA
|c| ItsMorbOrNothin|LMAO
|c|☆That_ur_Best?|MAN
|c|☆Haffling|i rathr win
|inactive|That_ur_Best? has 30 seconds left.
|c|☆That_ur_Best?|MAN LOST THE WIN THAT MATTERS THO
|c| ItsMorbOrNothin|MANS SACRIFICED HIS MANHOOD FOR THE WIN
|c|☆That_ur_Best?|ALRIGHT LOL TAKE UR RNG PADDED DUB
|inactive|That_ur_Best? has 20 seconds left.
|c|☆That_ur_Best?|MAN AINT DOIN THE TRIPLE DOG DARE
|c|☆That_ur_Best?|LOOOOL
|
|t:|1659822704
|move|p1a: Gigalith|Protect|p1a: Gigalith
|-singleturn|p1a: Gigalith|Protect
|move|p2a: Ribombee|Moonblast|p1a: Gigalith
|-activate|p1a: Gigalith|move: Protect
|
|-weather|Sandstorm|[upkeep]
|-damage|p2a: Ribombee|58/100|[from] Sandstorm
|-damage|p1a: Gigalith|19/100 brn|[from] brn
|upkeep
|turn|75
|inactive|That_ur_Best? has 30 seconds left this turn.
|j| puvs lunafreya
|c|☆Haffling|ok
|c| arcebaum500|y     g
|c|☆That_ur_Best?|DO THE DARE
|c|☆That_ur_Best?|CHANT IT
|inactive|That_ur_Best? has 20 seconds left.
|c|☆That_ur_Best?|DO THE DARE
|c|☆That_ur_Best?|EVERYONE
|c| ItsMorbOrNothin|DO IT
|c|☆That_ur_Best?|DO THE DARE
|inactive|That_ur_Best? has 15 seconds left.
|c| ItsMorbOrNothin|DO IT
|c| arcebaum500|DO THE DARE
|c| ItsMorbOrNothin|DO IT
|inactive|That_ur_Best? has 10 seconds left.
|c| arcebaum500|DO THE DARE
|c| ItsMorbOrNothin|DO IT
|
|t:|1659822726
|move|p1a: Gigalith|Protect||[still]
|-fail|p1a: Gigalith
|move|p2a: Ribombee|Moonblast|p1a: Gigalith
|-damage|p1a: Gigalith|0 fnt
|faint|p1a: Gigalith
|
|-weather|Sandstorm|[upkeep]
|-damage|p2a: Ribombee|52/100|[from] Sandstorm
|upkeep
|inactive|That_ur_Best? has 15 seconds left this turn.
|c| ItsMorbOrNothin|DO IT
|c| arcebaum500|DO THE DARE !!!
|c|☆That_ur_Best?|DO THE DARE
|inactive|That_ur_Best? has 10 seconds left.
|c|☆That_ur_Best?|LETS GOOO
|c|☆That_ur_Best?|DO THE DARE
|c| ItsMorbOrNothin|DO THE DARE BRO
|c|☆That_ur_Best?|LOL MANS NOT DOING IT
|inactive|That_ur_Best? has 5 seconds left.
|c| ItsMorbOrNothin|DO IT
|
|t:|1659822738
|switch|p1a: Doublade|Doublade, F|36/100
|-damage|p1a: Doublade|30/100|[from] Stealth Rock
|-damage|p1a: Doublade|5/100|[from] Spikes
|turn|76
|inactive|That_ur_Best? has 15 seconds left this turn.
|c| arcebaum500|DO THE DARE
|c|☆That_ur_Best?|CMON MAN
|inactive|That_ur_Best? has 10 seconds left.
|c|☆That_ur_Best?|DO THE DARE
|c| ItsMorbOrNothin|DO THE DARE GOOFY
|
|t:|1659822746
|move|p1a: Doublade|Protect|p1a: Doublade
|-singleturn|p1a: Doublade|Protect
|move|p2a: Ribombee|Moonblast|p1a: Doublade
|-activate|p1a: Doublade|move: Protect
|
|-weather|Sandstorm|[upkeep]
|-damage|p2a: Ribombee|46/100|[from] Sandstorm
|upkeep
|turn|77
|inactive|That_ur_Best? has 20 seconds left this turn.
|c| ItsMorbOrNothin|DO IT
|c|☆That_ur_Best?|DO IT
|inactive|That_ur_Best? has 15 seconds left.
|c| ItsMorbOrNothin|DO IT
|c|☆That_ur_Best?|COME ON BRO
|inactive|That_ur_Best? has 10 seconds left.
|c|☆That_ur_Best?|R U REALLY NOT ABOUT TO
|c| arcebaum500|DO THE DARE
|c| arcebaum500|DO THE DARE
|c| arcebaum500|DO THE DARE
|c| arcebaum500|DO THE DARE
|c| arcebaum500|DO THE DARE
|inactive|That_ur_Best? has 5 seconds left.
|c| arcebaum500|DO THE DARE
|c| arcebaum500|DO THE DARE
|c| arcebaum500|DO THE DARE
|c| ItsMorbOrNothin|COME ON THERES 3 PEOPLE SAYIN DO IT
|c| ItsMorbOrNothin|DO IT
|c| Sharingan54|thank god for beating him haffling so I dont have to suffer through this
|c| arcebaum500|JUST DO IT HAFFLING
|c| ItsMorbOrNothin|DO IT
|c|☆That_ur_Best?|DO THE DARE
|c| ItsMorbOrNothin|DO IT
|inactive|Haffling has 120 seconds left.
|c| ItsMorbOrNothin|DO IT
|c| ItsMorbOrNothin|DO IT
|
|t:|1659822780
|move|p1a: Doublade|Shadow Sneak|p2a: Ribombee
|-damage|p2a: Ribombee|16/100
|move|p2a: Ribombee|Moonblast|p1a: Doublade
|-resisted|p1a: Doublade
|-damage|p1a: Doublade|0 fnt
|faint|p1a: Doublade
|
|win|Haffling
|inactive|That_ur_Best? has 10 seconds left this turn.
|n|☆That_ur_Best?|thaturbest
|n|☆Haffling|haffling
|n| ItsMorbOrNothin|itsmorbornothin
|n| arcebaum500|arcebaum500
|n| Sharingan54|sharingan54
|n| puvs lunafreya|puvslunafreya
|c|☆That_ur_Best?|WEENIE
|l| ItsMorbOrNothin
|c|☆That_ur_Best?|WEENIE HUT GENERAL
|c| Sharingan54|oh thank god
|c|☆Haffling|gg
