|j|☆critmonger
|j|☆panned bomb
|t:|1644875008
|gametype|singles
|player|p1|critmonger|norman|1421
|player|p2|panned bomb|clown|1628
|teamsize|p1|6
|teamsize|p2|6
|gen|8
|tier|[Gen 8] PU
|rated|
|rule|Sleep Clause Mod: Limit one foe put to sleep
|rule|Species Clause: Limit one of each Pokémon
|rule|OHKO Clause: OHKO moves are banned
|rule|Evasion Moves Clause: Evasion moves are banned
|rule|Endless Battle Clause: Forcing endless battles is banned
|rule|HP Percentage Mod: HP is shown in percentages
|rule|Dynamax Clause: You cannot dynamax
|clearpoke
|poke|p1|Lycanroc, F|
|poke|p1|Ferroseed, M|
|poke|p1|Audino, M|
|poke|p1|Gigalith, M|
|poke|p1|Sandaconda, F|
|poke|p1|Jellicent, F|
|poke|p2|Espeon, M|
|poke|p2|Scyther, F|
|poke|p2|Morpeko, F|
|poke|p2|Weezing, F|
|poke|p2|Wishiwashi, F|
|poke|p2|Mawile, F|
|teampreview
|inactive|Battle timer is ON: inactive players will automatically lose when time's up. (requested by critmonger)
|
|t:|1644875039
|start
|switch|p1a: Ferroseed|Ferroseed, M|100/100
|switch|p2a: Espeon|Espeon, M|100/100
|turn|1
|inactive|critmonger has 120 seconds left.
|
|t:|1644875072
|switch|p1a: Audino|Audino, M|100/100
|move|p2a: Espeon|Psychic|p1a: Audino
|-crit|p1a: Audino
|-damage|p1a: Audino|61/100
|
|upkeep
|turn|2
|inactive|critmonger has 120 seconds left.
|
|t:|1644875102
|switch|p2a: Weezing|Weezing, F|100/100
|-ability|p2a: Weezing|Neutralizing Gas
|move|p1a: Audino|Wish|p1a: Audino
|
|upkeep
|turn|3
|inactive|critmonger has 120 seconds left.
|
|t:|1644875112
|switch|p1a: Jellicent|Jellicent, F|100/100
|move|p2a: Weezing|Toxic Spikes|p1a: Jellicent
|-sidestart|p1: critmonger|move: Toxic Spikes
|
|upkeep
|turn|4
|
|t:|1644875119
|-end|p2a: Weezing|ability: Neutralizing Gas
|switch|p2a: Wishiwashi|Wishiwashi, F|100/100
|-formechange|p2a: Wishiwashi|Wishiwashi-School||[from] ability: Schooling
|move|p1a: Jellicent|Water Spout|p2a: Wishiwashi
|-resisted|p2a: Wishiwashi
|-damage|p2a: Wishiwashi|68/100
|
|-heal|p2a: Wishiwashi|74/100|[from] item: Leftovers
|upkeep
|turn|5
|
|t:|1644875129
|switch|p1a: Ferroseed|Ferroseed, M|100/100
|move|p2a: Wishiwashi|U-turn|p1a: Ferroseed
|-damage|p1a: Ferroseed|83/100
|-damage|p2a: Wishiwashi|62/100|[from] ability: Iron Barbs|[of] p1a: Ferroseed
|
|t:|1644875134
|switch|p2a: Scyther|Scyther, F|100/100|[from]move: U-turn
|
|upkeep
|turn|6
|
|t:|1644875141
|move|p2a: Scyther|U-turn|p1a: Ferroseed
|-damage|p1a: Ferroseed|45/100
|-damage|p2a: Scyther|88/100|[from] ability: Iron Barbs|[of] p1a: Ferroseed
|
|t:|1644875144
|switch|p2a: Espeon|Espeon, M|100/100|[from]move: U-turn
|move|p1a: Ferroseed|Knock Off|p2a: Espeon
|-supereffective|p2a: Espeon
|-damage|p2a: Espeon|75/100
|-enditem|p2a: Espeon|Leftovers|[from] move: Knock Off|[of] p1a: Ferroseed
|
|upkeep
|turn|7
|
|t:|1644875151
|switch|p1a: Gigalith|Gigalith, M|100/100
|-status|p1a: Gigalith|psn
|-weather|Sandstorm|[from] ability: Sand Stream|[of] p1a: Gigalith
|move|p2a: Espeon|Reflect|p2a: Espeon
|-sidestart|p2: panned bomb|Reflect
|
|-weather|Sandstorm|[upkeep]
|-damage|p2a: Espeon|69/100|[from] Sandstorm
|-damage|p1a: Gigalith|88/100 psn|[from] psn
|upkeep
|turn|8
|
|t:|1644875157
|move|p2a: Espeon|Wish|p2a: Espeon
|move|p1a: Gigalith|Stone Edge|p2a: Espeon|[miss]
|-miss|p1a: Gigalith|p2a: Espeon
|
|-weather|Sandstorm|[upkeep]
|-damage|p2a: Espeon|63/100|[from] Sandstorm
|-damage|p1a: Gigalith|76/100 psn|[from] psn
|upkeep
|turn|9
|
|t:|1644875163
|switch|p1a: Audino|Audino, M|61/100
|move|p2a: Espeon|Psychic|p1a: Audino
|-damage|p1a: Audino|37/100
|
|-weather|Sandstorm|[upkeep]
|-damage|p2a: Espeon|57/100|[from] Sandstorm
|-damage|p1a: Audino|31/100|[from] Sandstorm
|-heal|p2a: Espeon|100/100|[from] move: Wish|[wisher] Espeon
|upkeep
|turn|10
|
|t:|1644875171
|switch|p2a: Weezing|Weezing, F|100/100
|-ability|p2a: Weezing|Neutralizing Gas
|move|p1a: Audino|Wish|p1a: Audino
|
|-weather|Sandstorm|[upkeep]
|-damage|p2a: Weezing|95/100|[from] Sandstorm
|-damage|p1a: Audino|25/100|[from] Sandstorm
|-heal|p2a: Weezing|100/100|[from] item: Black Sludge
|upkeep
|turn|11
|
|t:|1644875179
|move|p2a: Weezing|Taunt|p1a: Audino
|-start|p1a: Audino|move: Taunt
|move|p1a: Audino|Knock Off|p2a: Weezing
|-damage|p2a: Weezing|96/100
|-enditem|p2a: Weezing|Black Sludge|[from] move: Knock Off|[of] p1a: Audino
|
|-weather|Sandstorm|[upkeep]
|-damage|p2a: Weezing|90/100|[from] Sandstorm
|-damage|p1a: Audino|19/100|[from] Sandstorm
|-heal|p1a: Audino|69/100|[from] move: Wish|[wisher] Audino
|-sideend|p2: panned bomb|Reflect
|upkeep
|turn|12
|
|t:|1644875187
|switch|p1a: Ferroseed|Ferroseed, M|45/100
|move|p2a: Weezing|Sludge Bomb|p1a: Ferroseed
|-immune|p1a: Ferroseed
|
|-weather|Sandstorm|[upkeep]
|-damage|p2a: Weezing|84/100|[from] Sandstorm
|upkeep
|turn|13
|
|t:|1644875199
|switch|p1a: Jellicent|Jellicent, F|100/100
|-status|p1a: Jellicent|psn
|move|p2a: Weezing|Taunt|p1a: Jellicent
|-start|p1a: Jellicent|move: Taunt
|
|-weather|Sandstorm|[upkeep]
|-damage|p1a: Jellicent|94/100 psn|[from] Sandstorm
|-damage|p2a: Weezing|78/100|[from] Sandstorm
|-damage|p1a: Jellicent|82/100 psn|[from] psn
|upkeep
|turn|14
|j| 038383747O
|
|t:|1644875210
|-end|p2a: Weezing|ability: Neutralizing Gas
|switch|p2a: Wishiwashi|Wishiwashi, F|62/100
|-formechange|p2a: Wishiwashi|Wishiwashi-School||[from] ability: Schooling
|move|p1a: Jellicent|Shadow Ball|p2a: Wishiwashi
|-damage|p2a: Wishiwashi|30/100
|
|-weather|none
|-heal|p2a: Wishiwashi|36/100|[from] item: Leftovers
|-damage|p1a: Jellicent|70/100 psn|[from] psn
|upkeep
|turn|15
|
|t:|1644875215
|move|p1a: Jellicent|Shadow Ball|p2a: Wishiwashi
|-damage|p2a: Wishiwashi|1/100
|-unboost|p2a: Wishiwashi|spd|1
|move|p2a: Wishiwashi|Rest|p2a: Wishiwashi
|-status|p2a: Wishiwashi|slp|[from] move: Rest
|-heal|p2a: Wishiwashi|100/100 slp|[silent]
|
|-damage|p1a: Jellicent|58/100 psn|[from] psn
|-end|p1a: Jellicent|move: Taunt
|upkeep
|turn|16
|
|t:|1644875222
|switch|p1a: Audino|Audino, M|69/100
|switch|p2a: Morpeko|Morpeko, F|100/100
|
|-formechange|p2a: Morpeko|Morpeko-Hangry||[from] ability: Hunger Switch
|upkeep
|turn|17
|
|t:|1644875234
|move|p2a: Morpeko|Aura Wheel|p1a: Audino
|-damage|p1a: Audino|14/100
|-boost|p2a: Morpeko|spe|1
|-damage|p2a: Morpeko|91/100|[from] item: Life Orb
|move|p1a: Audino|Wish|p1a: Audino
|
|-formechange|p2a: Morpeko|Morpeko||[from] ability: Hunger Switch
|upkeep
|turn|18
|
|t:|1644875241
|switch|p2a: Weezing|Weezing, F|78/100
|-ability|p2a: Weezing|Neutralizing Gas
|switch|p1a: Ferroseed|Ferroseed, M|45/100
|
|-heal|p1a: Ferroseed|100/100|[from] move: Wish|[wisher] Audino
|upkeep
|turn|19
|l| 038383747O
|
|t:|1644875255
|-end|p2a: Weezing|ability: Neutralizing Gas
|switch|p2a: Espeon|Espeon, M|100/100
|switch|p1a: Jellicent|Jellicent, F|58/100 psn
|
|-damage|p1a: Jellicent|45/100 psn|[from] psn
|upkeep
|turn|20
|
|t:|1644875260
|move|p2a: Espeon|Protect|p2a: Espeon
|-singleturn|p2a: Espeon|Protect
|move|p1a: Jellicent|Shadow Ball|p2a: Espeon
|-activate|p2a: Espeon|move: Protect
|
|-damage|p1a: Jellicent|33/100 psn|[from] psn
|upkeep
|turn|21
|j| 038383747O
|
|t:|1644875279
|switch|p2a: Morpeko|Morpeko, F|91/100
|switch|p1a: Gigalith|Gigalith, M|76/100 psn
|-weather|Sandstorm|[from] ability: Sand Stream|[of] p1a: Gigalith
|
|-weather|Sandstorm|[upkeep]
|-damage|p2a: Morpeko|85/100|[from] Sandstorm
|-damage|p1a: Gigalith|63/100 psn|[from] psn
|-formechange|p2a: Morpeko|Morpeko-Hangry||[from] ability: Hunger Switch
|upkeep
|turn|22
|l| 038383747O
|
|t:|1644875287
|switch|p2a: Espeon|Espeon, M|100/100
|move|p1a: Gigalith|Stealth Rock|p2a: Espeon
|move|p2a: Espeon|Stealth Rock|p1a: Gigalith|[from]ability: Magic Bounce
|-sidestart|p1: critmonger|move: Stealth Rock
|
|-weather|Sandstorm|[upkeep]
|-damage|p2a: Espeon|95/100|[from] Sandstorm
|-damage|p1a: Gigalith|51/100 psn|[from] psn
|upkeep
|turn|23
|
|t:|1644875295
|switch|p1a: Lycanroc|Lycanroc, F|100/100
|move|p2a: Espeon|Reflect|p2a: Espeon
|-sidestart|p2: panned bomb|Reflect
|
|-weather|Sandstorm|[upkeep]
|-damage|p2a: Espeon|89/100|[from] Sandstorm
|upkeep
|turn|24
|c|☆critmonger|Like that espy set
|
|t:|1644875316
|switch|p2a: Mawile|Mawile, F|100/100
|-ability|p2a: Mawile|Intimidate|boost
|-unboost|p1a: Lycanroc|atk|1
|move|p1a: Lycanroc|Swords Dance|p1a: Lycanroc
|-boost|p1a: Lycanroc|atk|2
|
|-weather|Sandstorm|[upkeep]
|upkeep
|turn|25
|c|☆panned bomb|ty :)
|
|t:|1644875325
|switch|p1a: Sandaconda|Sandaconda, F|100/100
|-damage|p1a: Sandaconda|94/100|[from] Stealth Rock
|-status|p1a: Sandaconda|psn
|move|p2a: Mawile|Iron Head|p1a: Sandaconda
|-damage|p1a: Sandaconda|80/100 psn
|
|-weather|Sandstorm|[upkeep]
|-heal|p1a: Sandaconda|86/100 psn|[from] item: Leftovers
|-damage|p1a: Sandaconda|73/100 psn|[from] psn
|upkeep
|turn|26
|
|t:|1644875338
|switch|p2a: Espeon|Espeon, M|89/100
|move|p1a: Sandaconda|Coil|p1a: Sandaconda
|-boost|p1a: Sandaconda|atk|1
|-boost|p1a: Sandaconda|def|1
|-boost|p1a: Sandaconda|accuracy|1
|
|-weather|Sandstorm|[upkeep]
|-damage|p2a: Espeon|83/100|[from] Sandstorm
|-activate|p1a: Sandaconda|ability: Shed Skin
|-curestatus|p1a: Sandaconda|psn|[msg]
|-heal|p1a: Sandaconda|80/100|[from] item: Leftovers
|upkeep
|turn|27
|
|t:|1644875351
|move|p2a: Espeon|Psychic|p1a: Sandaconda
|-damage|p1a: Sandaconda|28/100
|move|p1a: Sandaconda|Coil|p1a: Sandaconda
|-boost|p1a: Sandaconda|atk|1
|-boost|p1a: Sandaconda|def|1
|-boost|p1a: Sandaconda|accuracy|1
|
|-weather|Sandstorm|[upkeep]
|-damage|p2a: Espeon|77/100|[from] Sandstorm
|-heal|p1a: Sandaconda|34/100|[from] item: Leftovers
|-sideend|p2: panned bomb|Reflect
|upkeep
|turn|28
|
|t:|1644875361
|switch|p1a: Ferroseed|Ferroseed, M|100/100
|-damage|p1a: Ferroseed|94/100|[from] Stealth Rock
|move|p2a: Espeon|Psychic|p1a: Ferroseed
|-resisted|p1a: Ferroseed
|-damage|p1a: Ferroseed|82/100
|
|-weather|none
|upkeep
|turn|29
|
|t:|1644875373
|move|p2a: Espeon|Reflect|p2a: Espeon
|-sidestart|p2: panned bomb|Reflect
|move|p1a: Ferroseed|Gyro Ball|p2a: Espeon
|-damage|p2a: Espeon|62/100
|
|upkeep
|turn|30
|c|☆critmonger|I mean goddam
|c|☆critmonger|Psychic is hitting insanely hard
|inactive|critmonger has 120 seconds left.
|c|☆panned bomb|not even invested haha, just full phys def
|
|t:|1644875412
|switch|p1a: Audino|Audino, M|14/100
|move|p2a: Espeon|Psychic|p1a: Audino
|-damage|p1a: Audino|0 fnt
|faint|p1a: Audino
|
|upkeep
|
|t:|1644875417
|switch|p1a: Gigalith|Gigalith, M|51/100 psn
|-damage|p1a: Gigalith|38/100 psn|[from] Stealth Rock
|-weather|Sandstorm|[from] ability: Sand Stream|[of] p1a: Gigalith
|turn|31
|
|t:|1644875420
|move|p2a: Espeon|Wish|p2a: Espeon
|move|p1a: Gigalith|Explosion|p2a: Espeon
|-damage|p2a: Espeon|14/100
|faint|p1a: Gigalith
|
|-weather|Sandstorm|[upkeep]
|-damage|p2a: Espeon|8/100|[from] Sandstorm
|upkeep
|
|t:|1644875426
|switch|p1a: Lycanroc|Lycanroc, F|100/100
|turn|32
|
|t:|1644875443
|move|p1a: Lycanroc|Swords Dance|p1a: Lycanroc
|-boost|p1a: Lycanroc|atk|2
|move|p2a: Espeon|Psychic|p1a: Lycanroc
|-damage|p1a: Lycanroc|58/100
|
|-weather|Sandstorm|[upkeep]
|-damage|p2a: Espeon|2/100|[from] Sandstorm
|-heal|p2a: Espeon|52/100|[from] move: Wish|[wisher] Espeon
|upkeep
|turn|33
|
|t:|1644875456
|switch|p2a: Mawile|Mawile, F|100/100
|-ability|p2a: Mawile|Intimidate|boost
|-unboost|p1a: Lycanroc|atk|1
|move|p1a: Lycanroc|Crunch|p2a: Mawile
|-resisted|p2a: Mawile
|-crit|p2a: Mawile
|-damage|p2a: Mawile|70/100
|
|-weather|Sandstorm|[upkeep]
|-heal|p2a: Mawile|76/100|[from] item: Leftovers
|-sideend|p2: panned bomb|Reflect
|upkeep
|turn|34
|
|t:|1644875465
|move|p1a: Lycanroc|Close Combat|p2a: Mawile
|-damage|p2a: Mawile|8/100
|-unboost|p1a: Lycanroc|def|1
|-unboost|p1a: Lycanroc|spd|1
|move|p2a: Mawile|Iron Head|p1a: Lycanroc
|-supereffective|p1a: Lycanroc
|-damage|p1a: Lycanroc|0 fnt
|faint|p1a: Lycanroc
|
|-weather|Sandstorm|[upkeep]
|-heal|p2a: Mawile|14/100|[from] item: Leftovers
|upkeep
|c|☆critmonger|Close
|inactive|critmonger has 120 seconds left.
|c|☆critmonger|Goddam that Espeon has me shaken
|-message|critmonger forfeited.
|
|win|panned bomb
|raw|critmonger's rating: 1421 &rarr; <strong>1412</strong><br />(-9 for losing)
|raw|panned bomb's rating: 1628 &rarr; <strong>1637</strong><br />(+9 for winning)
|l|☆critmonger
|c|☆panned bomb|i stole the idea from someone else, can't take too much credit"
|c|☆panned bomb|gg
