|j|☆Specs Jigglypuff
|j|☆HJAD
|player|p1|Specs Jigglypuff|unknown|
|player|p2|HJAD|lance-gen2|
|teamsize|p1|6
|teamsize|p2|6
|gametype|singles
|gen|8
|tier|[Gen 8] PU
|clearpoke
|poke|p1|Glalie, M|
|poke|p1|Basculin-Blue-Striped, F|
|poke|p1|Beheeyem, F|
|poke|p1|Raichu, F|
|poke|p1|Mawile, M|
|poke|p1|Ludicolo, F|
|poke|p2|Arctovish|
|poke|p2|Basculin, M|
|poke|p2|Clefairy, M|
|poke|p2|Grapploct, M|
|poke|p2|Silvally-*|
|poke|p2|Drakloak, M|
|rule|Sleep Clause Mod: Limit one foe put to sleep
|rule|Species Clause: Limit one of each Pokémon
|rule|OHKO Clause: OHKO moves are banned
|rule|Evasion Moves Clause: Evasion moves are banned
|rule|Endless Battle Clause: Forcing endless battles is banned
|rule|HP Percentage Mod: HP is shown in percentages
|rule|Dynamax Clause: You cannot dynamax
|teampreview
|j|+tjay
|c|☆Specs Jigglypuff|hf bro
|j| forgis
|j| tlenit1
|j| royesk
|j|+ShuckleDeath
|c|☆HJAD|u2
|
|start
|switch|p1a: Glalie|Glalie, M|100/100
|switch|p2a: Drakloak|Drakloak, M|100/100
|turn|1
|l| forgis
|j| Epicc11
|
|move|p2a: Drakloak|Fire Blast|p1a: Glalie
|-supereffective|p1a: Glalie
|-damage|p1a: Glalie|33/100
|move|p1a: Glalie|Spikes|p2a: Drakloak
|-sidestart|p2: HJAD|Spikes
|
|upkeep
|turn|2
|j| kelly㋛kafka
|
|switch|p2a: Clefairy|Clefairy, M|100/100
|move|p1a: Glalie|Spikes|p2a: Clefairy
|-sidestart|p2: HJAD|Spikes
|
|upkeep
|turn|3
|j| forgis
|
|move|p1a: Glalie|Taunt|p2a: Clefairy
|-start|p2a: Clefairy|move: Taunt
|cant|p2a: Clefairy|move: Taunt|Stealth Rock
|
|upkeep
|turn|4
|j| wild drud
|l| wild drud
|
|move|p1a: Glalie|Explosion|p2a: Clefairy
|-damage|p2a: Clefairy|52/100
|faint|p1a: Glalie
|move|p2a: Clefairy|Moonblast|p1: Glalie|[notarget]
|-fail|p2a: Clefairy
|
|upkeep
|
|switch|p1a: Raichu|Raichu, F|100/100
|turn|5
|
|switch|p2a: Grapploct|Grapploct, M|100/100
|-damage|p2a: Grapploct|84/100|[from] Spikes
|move|p1a: Raichu|Thunderbolt|p2a: Grapploct
|-damage|p2a: Grapploct|54/100
|-damage|p1a: Raichu|91/100|[from] item: Life Orb
|
|upkeep
|turn|6
|
|switch|p1a: Mawile|Mawile, M|100/100
|-ability|p1a: Mawile|Intimidate|boost
|-unboost|p2a: Grapploct|atk|1
|move|p2a: Grapploct|Drain Punch|p1a: Mawile
|-damage|p1a: Mawile|79/100
|-heal|p2a: Grapploct|63/100|[from] drain|[of] p1a: Mawile
|-damage|p2a: Grapploct|46/100|[from] item: Rocky Helmet|[of] p1a: Mawile
|
|upkeep
|turn|7
|j| bartosz1
|
|switch|p2a: Silvally|Silvally-Poison|100/100
|-damage|p2a: Silvally|84/100|[from] Spikes
|move|p1a: Mawile|Stealth Rock|p2a: Silvally
|-sidestart|p2: HJAD|move: Stealth Rock
|
|upkeep
|turn|8
|
|switch|p1a: Beheeyem|Beheeyem, F|100/100
|move|p2a: Silvally|Defog|p1a: Beheeyem
|-unboost|p1a: Beheeyem|evasion|1
|-sideend|p2: HJAD|Spikes|[from] move: Defog|[of] p2a: Silvally
|-sideend|p2: HJAD|Stealth Rock|[from] move: Defog|[of] p2a: Silvally
|
|upkeep
|turn|9
|
|move|p2a: Silvally|Parting Shot|p1a: Beheeyem
|-unboost|p1a: Beheeyem|atk|1
|-unboost|p1a: Beheeyem|spa|1
|l| bartosz1
|j|%Akir
|
|switch|p2a: Arctovish|Arctovish|100/100|[from]move: Parting Shot
|move|p1a: Beheeyem|Trick Room|p1a: Beheeyem
|-fieldstart|move: Trick Room|[of] p1a: Beheeyem
|
|upkeep
|turn|10
|
|move|p1a: Beheeyem|Thunderbolt|p2a: Arctovish
|-supereffective|p2a: Arctovish
|-damage|p2a: Arctovish|53/100
|move|p2a: Arctovish|Crunch|p1a: Beheeyem
|-supereffective|p1a: Beheeyem
|-enditem|p1a: Beheeyem|Colbur Berry|[eat]
|-enditem|p1a: Beheeyem|Colbur Berry|[weaken]
|-damage|p1a: Beheeyem|58/100
|
|upkeep
|turn|11
|
|switch|p1a: Mawile|Mawile, M|79/100
|-ability|p1a: Mawile|Intimidate|boost
|-unboost|p2a: Arctovish|atk|1
|move|p2a: Arctovish|Crunch|p1a: Mawile
|-resisted|p1a: Mawile
|-damage|p1a: Mawile|70/100
|-damage|p2a: Arctovish|36/100|[from] item: Rocky Helmet|[of] p1a: Mawile
|
|upkeep
|turn|12
|
|switch|p2a: Silvally|Silvally-Poison|84/100
|move|p1a: Mawile|Stealth Rock|p2a: Silvally
|-sidestart|p2: HJAD|move: Stealth Rock
|
|upkeep
|turn|13
|j| Cash Fernandez
|l| kelly㋛kafka
|
|switch|p1a: Raichu|Raichu, F|91/100
|move|p2a: Silvally|Defog|p1a: Raichu
|-unboost|p1a: Raichu|evasion|1
|-sideend|p2: HJAD|Stealth Rock|[from] move: Defog|[of] p2a: Silvally
|
|-fieldend|move: Trick Room
|upkeep
|turn|14
|
|switch|p2a: Grapploct|Grapploct, M|46/100
|move|p1a: Raichu|Thunderbolt|p2a: Grapploct
|-damage|p2a: Grapploct|19/100
|-damage|p1a: Raichu|81/100|[from] item: Life Orb
|
|upkeep
|turn|15
|
|move|p1a: Raichu|Thunderbolt|p2a: Grapploct
|-crit|p2a: Grapploct
|-damage|p2a: Grapploct|0 fnt
|-damage|p1a: Raichu|71/100|[from] item: Life Orb
|faint|p2a: Grapploct
|
|upkeep
|
|switch|p2a: Drakloak|Drakloak, M|100/100
|turn|16
|c|+ShuckleDeath|crunch as 4th
|c|+ShuckleDeath|nice
|j| kelly㋛kafka
|j| asmirnov
|j| NekoNecross
|
|switch|p1a: Beheeyem|Beheeyem, F|58/100
|move|p2a: Drakloak|Shadow Ball|p1a: Beheeyem
|-supereffective|p1a: Beheeyem
|-damage|p1a: Beheeyem|7/100
|-unboost|p1a: Beheeyem|spd|1
|
|upkeep
|turn|17
|j|+galbia
|
|move|p2a: Drakloak|Shadow Ball|p1a: Beheeyem
|-supereffective|p1a: Beheeyem
|-damage|p1a: Beheeyem|0 fnt
|faint|p1a: Beheeyem
|
|upkeep
|l|+galbia
|l| Epicc11
|j| PU Fan Account
|
|switch|p1a: Ludicolo|Ludicolo, F|100/100
|turn|18
|l| tlenit1
|
|move|p2a: Drakloak|Shadow Ball|p1a: Ludicolo
|-damage|p1a: Ludicolo|71/100
|move|p1a: Ludicolo|Rain Dance|p1a: Ludicolo
|-weather|RainDance
|
|-weather|RainDance|[upkeep]
|upkeep
|turn|19
|
|switch|p2a: Arctovish|Arctovish|36/100
|move|p1a: Ludicolo|Ice Beam|p2a: Arctovish
|-resisted|p2a: Arctovish
|-damage|p2a: Arctovish|26/100
|-damage|p1a: Ludicolo|61/100|[from] item: Life Orb
|
|-weather|RainDance|[upkeep]
|upkeep
|turn|20
|
|switch|p2a: Drakloak|Drakloak, M|100/100
|move|p1a: Ludicolo|Giga Drain|p2a: Drakloak
|-resisted|p2a: Drakloak
|-damage|p2a: Drakloak|52/100
|-heal|p1a: Ludicolo|83/100|[from] drain|[of] p2a: Drakloak
|-damage|p1a: Ludicolo|73/100|[from] item: Life Orb
|
|-weather|RainDance|[upkeep]
|upkeep
|turn|21
|
|move|p2a: Drakloak|U-turn|p1a: Ludicolo
|-supereffective|p1a: Ludicolo
|-damage|p1a: Ludicolo|34/100
|
|switch|p2a: Arctovish|Arctovish|26/100|[from]move: U-turn
|move|p1a: Ludicolo|Ice Beam|p2a: Arctovish
|-resisted|p2a: Arctovish
|-crit|p2a: Arctovish
|-damage|p2a: Arctovish|12/100
|-damage|p1a: Ludicolo|24/100|[from] item: Life Orb
|
|-weather|RainDance|[upkeep]
|upkeep
|turn|22
|c| royesk|wow frail
|
|move|p1a: Ludicolo|Giga Drain|p2a: Arctovish
|-supereffective|p2a: Arctovish
|-damage|p2a: Arctovish|0 fnt
|-heal|p1a: Ludicolo|31/100|[from] drain|[of] p2a: Arctovish
|-damage|p1a: Ludicolo|21/100|[from] item: Life Orb
|faint|p2a: Arctovish
|
|-weather|none
|upkeep
|
|switch|p2a: Drakloak|Drakloak, M|52/100
|turn|23
|
|move|p2a: Drakloak|Shadow Ball|p1a: Ludicolo
|-damage|p1a: Ludicolo|0 fnt
|faint|p1a: Ludicolo
|
|upkeep
|
|switch|p1a: Basculin-Blue-Stri|Basculin-Blue-Striped, F|100/100
|turn|24
|
|switch|p2a: Clefairy|Clefairy, M|52/100
|move|p1a: Basculin-Blue-Stri|Ice Beam|p2a: Clefairy
|-damage|p2a: Clefairy|30/100
|-damage|p1a: Basculin-Blue-Stri|91/100|[from] item: Life Orb
|
|upkeep
|turn|25
|
|move|p1a: Basculin-Blue-Stri|Liquidation|p2a: Clefairy
|-damage|p2a: Clefairy|0 fnt
|-damage|p1a: Basculin-Blue-Stri|81/100|[from] item: Life Orb
|faint|p2a: Clefairy
|
|upkeep
|
|switch|p2a: Silvally|Silvally-Poison|84/100
|turn|26
|
|switch|p1a: Mawile|Mawile, M|70/100
|-ability|p1a: Mawile|Intimidate|boost
|-unboost|p2a: Silvally|atk|1
|move|p2a: Silvally|Multi-Attack|p1a: Mawile
|-immune|p1a: Mawile
|
|upkeep
|turn|27
|
|move|p2a: Silvally|Surf|p1a: Mawile
|-damage|p1a: Mawile|37/100
|move|p1a: Mawile|Stealth Rock|p2a: Silvally
|-sidestart|p2: HJAD|move: Stealth Rock
|
|upkeep
|turn|28
|
|switch|p1a: Raichu|Raichu, F|71/100
|move|p2a: Silvally|Surf|p1a: Raichu
|-damage|p1a: Raichu|44/100
|
|upkeep
|turn|29
|l| asmirnov
|l| forgis
|
|move|p1a: Raichu|Thunderbolt|p2a: Silvally
|-crit|p2a: Silvally
|-damage|p2a: Silvally|13/100
|-damage|p1a: Raichu|34/100|[from] item: Life Orb
|move|p2a: Silvally|Multi-Attack|p1a: Raichu
|-damage|p1a: Raichu|0 fnt
|faint|p1a: Raichu
|
|upkeep
|j| wild drud
|
|switch|p1a: Basculin-Blue-Stri|Basculin-Blue-Striped, F|81/100
|turn|30
|
|move|p1a: Basculin-Blue-Stri|Ice Beam|p2a: Silvally
|-damage|p2a: Silvally|0 fnt
|-damage|p1a: Basculin-Blue-Stri|71/100|[from] item: Life Orb
|faint|p2a: Silvally
|
|upkeep
|
|switch|p2a: Basculin|Basculin, M|100/100
|-damage|p2a: Basculin|88/100|[from] Stealth Rock
|turn|31
|
|switch|p1a: Mawile|Mawile, M|37/100
|-ability|p1a: Mawile|Intimidate|boost
|-unboost|p2a: Basculin|atk|1
|move|p2a: Basculin|Liquidation|p1a: Mawile
|-damage|p1a: Mawile|0 fnt
|-damage|p2a: Basculin|72/100|[from] item: Rocky Helmet|[of] p1a: Mawile
|faint|p1a: Mawile
|
|upkeep
|
|switch|p1a: Basculin-Blue-Stri|Basculin-Blue-Striped, F|71/100
|turn|32
|
|move|p2a: Basculin|Liquidation|p1a: Basculin-Blue-Stri
|-resisted|p1a: Basculin-Blue-Stri
|-damage|p1a: Basculin-Blue-Stri|31/100
|-unboost|p1a: Basculin-Blue-Stri|def|1
|move|p1a: Basculin-Blue-Stri|Superpower|p2a: Basculin
|-damage|p2a: Basculin|2/100
|-unboost|p1a: Basculin-Blue-Stri|atk|1
|-unboost|p1a: Basculin-Blue-Stri|def|1
|-damage|p1a: Basculin-Blue-Stri|21/100|[from] item: Life Orb
|
|upkeep
|turn|33
|
|move|p1a: Basculin-Blue-Stri|Aqua Jet|p2a: Basculin
|-resisted|p2a: Basculin
|-damage|p2a: Basculin|0 fnt
|-damage|p1a: Basculin-Blue-Stri|11/100|[from] item: Life Orb
|faint|p2a: Basculin
|
|upkeep
|
|switch|p2a: Drakloak|Drakloak, M|52/100
|-damage|p2a: Drakloak|40/100|[from] Stealth Rock
|turn|34
|c|☆Specs Jigglypuff|gg man
|
|move|p2a: Drakloak|Shadow Ball|p1a: Basculin-Blue-Stri
|-damage|p1a: Basculin-Blue-Stri|0 fnt
|faint|p1a: Basculin-Blue-Stri
|
|win|HJAD
|l|☆Specs Jigglypuff
|c|☆HJAD|gg
|l| kelly㋛kafka
|l| royesk
|l|+ShuckleDeath
|l| wild drud
|j| asmirnov
|l| asmirnov
