|html|<div class="broadcast-blue"><strong>[Gen 8] PU is currently suspecting Scyther! For information on how to participate check out the <a href="https://www.smogon.com/forums/threads/np-ss-pu-stage-11-turn-turn-turn-scyther-retest.3707179/">suspect thread</a>.</strong></div>
|raw|<div class="broadcast-blue"><strong>This battle is required to be public due to a player having a name starting with 'pult4v4'.</div>
|j|☆pult4v4 shane
|j|☆sugar ovens
|t:|1662935650
|gametype|singles
|player|p1|pult4v4 shane|veteran|1467
|player|p2|sugar ovens|#ssdivleviathans|1373
|teamsize|p1|6
|teamsize|p2|6
|gen|8
|tier|[Gen 8] PU
|rated|
|rule|Sleep Clause Mod: Limit one foe put to sleep
|rule|Species Clause: Limit one of each Pokémon
|rule|OHKO Clause: OHKO moves are banned
|rule|Evasion Items Clause: Evasion items are banned
|rule|Evasion Moves Clause: Evasion moves are banned
|rule|Endless Battle Clause: Forcing endless battles is banned
|rule|HP Percentage Mod: HP is shown in percentages
|rule|Dynamax Clause: You cannot dynamax
|clearpoke
|poke|p1|Articuno-Galar|
|poke|p1|Shiftry, M|
|poke|p1|Togedemaru, F|
|poke|p1|Sandaconda, M|
|poke|p1|Altaria, F|
|poke|p1|Alcremie, F|
|poke|p2|Gourgeist-*, F|
|poke|p2|Gigalith, F|
|poke|p2|Ferroseed, F|
|poke|p2|Sandslash, F|
|poke|p2|Poliwrath, M|
|poke|p2|Charizard, F|
|teampreview
|c|☆pult4v4 shane|sick avatar
|c|☆pult4v4 shane|is that from a team tour or your own custom?
|c|☆sugar ovens|its from a team tour
|c|☆sugar ovens|played a couple of matches with a friend before so.. had to flex it, you know
|
|t:|1662935711
|start
|switch|p1a: Altaria|Altaria, F|100/100
|switch|p2a: Gourgeist|Gourgeist-Super, F|100/100
|-item|p1a: Altaria|Heavy-Duty Boots|[from] ability: Frisk|[of] p2a: Gourgeist|[identify]
|turn|1
|c|☆pult4v4 shane|yea i respect that
|
|t:|1662935725
|switch|p2a: Gigalith|Gigalith, F|100/100
|-weather|Sandstorm|[from] ability: Sand Stream|[of] p2a: Gigalith
|move|p1a: Altaria|Fire Spin|p2a: Gigalith
|-resisted|p2a: Gigalith
|-damage|p2a: Gigalith|99/100
|-activate|p2a: Gigalith|move: Fire Spin|[of] p1a: Altaria
|
|-weather|Sandstorm|[upkeep]
|-damage|p1a: Altaria|94/100|[from] Sandstorm
|-heal|p2a: Gigalith|100/100|[from] item: Leftovers
|-damage|p2a: Gigalith|88/100|[from] move: Fire Spin|[partiallytrapped]
|upkeep
|turn|2
|
|t:|1662935732
|move|p1a: Altaria|Perish Song|p1a: Altaria
|-start|p1a: Altaria|perish3|[silent]
|-start|p2a: Gigalith|perish3|[silent]
|-fieldactivate|move: Perish Song
|move|p2a: Gigalith|Rock Blast|p1a: Altaria
|-supereffective|p1a: Altaria
|-damage|p1a: Altaria|77/100
|-supereffective|p1a: Altaria
|-crit|p1a: Altaria
|-damage|p1a: Altaria|51/100
|-supereffective|p1a: Altaria
|-damage|p1a: Altaria|34/100
|-hitcount|p1a: Altaria|3
|
|-weather|Sandstorm|[upkeep]
|-damage|p1a: Altaria|28/100|[from] Sandstorm
|-heal|p2a: Gigalith|94/100|[from] item: Leftovers
|-damage|p2a: Gigalith|82/100|[from] move: Fire Spin|[partiallytrapped]
|-start|p1a: Altaria|perish3
|-start|p2a: Gigalith|perish3
|upkeep
|turn|3
|
|t:|1662935746
|move|p1a: Altaria|Roost|p1a: Altaria
|-heal|p1a: Altaria|78/100
|-singleturn|p1a: Altaria|move: Roost
|move|p2a: Gigalith|Rock Blast|p1a: Altaria
|-damage|p1a: Altaria|70/100
|-damage|p1a: Altaria|61/100
|-hitcount|p1a: Altaria|2
|
|-weather|Sandstorm|[upkeep]
|-damage|p1a: Altaria|55/100|[from] Sandstorm
|-heal|p2a: Gigalith|88/100|[from] item: Leftovers
|-damage|p2a: Gigalith|76/100|[from] move: Fire Spin|[partiallytrapped]
|-start|p1a: Altaria|perish2
|-start|p2a: Gigalith|perish2
|upkeep
|turn|4
|
|t:|1662935756
|move|p1a: Altaria|Roost|p1a: Altaria
|-heal|p1a: Altaria|100/100
|-singleturn|p1a: Altaria|move: Roost
|move|p2a: Gigalith|Rock Blast|p1a: Altaria
|-damage|p1a: Altaria|92/100
|-damage|p1a: Altaria|84/100
|-hitcount|p1a: Altaria|2
|
|-weather|Sandstorm|[upkeep]
|-damage|p1a: Altaria|78/100|[from] Sandstorm
|-heal|p2a: Gigalith|82/100|[from] item: Leftovers
|-damage|p2a: Gigalith|70/100|[from] move: Fire Spin|[partiallytrapped]
|-start|p1a: Altaria|perish1
|-start|p2a: Gigalith|perish1
|upkeep
|turn|5
|
|t:|1662935777
|switch|p1a: Sandaconda|Sandaconda, M|100/100
|move|p2a: Gigalith|Stealth Rock|p1a: Sandaconda
|-sidestart|p1: pult4v4 shane|move: Stealth Rock
|
|-weather|none
|-heal|p2a: Gigalith|76/100|[from] item: Leftovers
|-end|p2a: Gigalith|Fire Spin|[partiallytrapped]
|-start|p2a: Gigalith|perish0
|upkeep
|faint|p2a: Gigalith
|
|t:|1662935787
|switch|p2a: Gourgeist|Gourgeist-Super, F|100/100
|-item|p1a: Sandaconda|Rocky Helmet|[from] ability: Frisk|[of] p2a: Gourgeist|[identify]
|turn|6
|
|t:|1662935794
|switch|p1a: Shiftry|Shiftry, M|100/100
|move|p2a: Gourgeist|Power Whip|p1a: Shiftry
|-resisted|p1a: Shiftry
|-damage|p1a: Shiftry|73/100
|
|upkeep
|turn|7
|
|t:|1662935813
|switch|p2a: Poliwrath|Poliwrath, M|100/100
|move|p1a: Shiftry|Defog|p2a: Poliwrath
|-unboost|p2a: Poliwrath|evasion|1
|-sideend|p1: pult4v4 shane|Stealth Rock|[from] move: Defog|[of] p1a: Shiftry
|
|upkeep
|turn|8
|
|t:|1662935842
|switch|p1a: Altaria|Altaria, F|78/100
|move|p2a: Poliwrath|Ice Punch|p1a: Altaria
|-supereffective|p1a: Altaria
|-damage|p1a: Altaria|18/100
|-status|p1a: Altaria|frz
|
|upkeep
|turn|9
|
|t:|1662935851
|-curestatus|p1a: Altaria|frz|[from] ability: Natural Cure
|switch|p1a: Alcremie|Alcremie, F|100/100
|move|p2a: Poliwrath|Ice Punch|p1a: Alcremie
|-damage|p1a: Alcremie|82/100
|
|-heal|p1a: Alcremie|88/100|[from] item: Leftovers
|upkeep
|turn|10
|
|t:|1662935861
|switch|p2a: Ferroseed|Ferroseed, F|100/100
|move|p1a: Alcremie|Calm Mind|p1a: Alcremie
|-boost|p1a: Alcremie|spa|1
|-boost|p1a: Alcremie|spd|1
|
|-heal|p1a: Alcremie|94/100|[from] item: Leftovers
|upkeep
|turn|11
|
|t:|1662935866
|move|p1a: Alcremie|Calm Mind|p1a: Alcremie
|-boost|p1a: Alcremie|spa|1
|-boost|p1a: Alcremie|spd|1
|move|p2a: Ferroseed|Leech Seed|p1a: Alcremie
|-start|p1a: Alcremie|move: Leech Seed
|
|-heal|p1a: Alcremie|99/100|[from] item: Leftovers
|-damage|p1a: Alcremie|88/100|[from] Leech Seed|[of] p2a: Ferroseed
|upkeep
|turn|12
|
|t:|1662935871
|move|p1a: Alcremie|Acid Armor|p1a: Alcremie
|-boost|p1a: Alcremie|def|2
|move|p2a: Ferroseed|Gyro Ball|p1a: Alcremie
|-supereffective|p1a: Alcremie
|-damage|p1a: Alcremie|59/100
|
|-heal|p1a: Alcremie|65/100|[from] item: Leftovers
|-damage|p1a: Alcremie|53/100|[from] Leech Seed|[of] p2a: Ferroseed
|upkeep
|turn|13
|
|t:|1662935877
|move|p1a: Alcremie|Acid Armor|p1a: Alcremie
|-boost|p1a: Alcremie|def|2
|move|p2a: Ferroseed|Toxic|p1a: Alcremie
|-status|p1a: Alcremie|tox
|
|-heal|p1a: Alcremie|59/100 tox|[from] item: Leftovers
|-damage|p1a: Alcremie|47/100 tox|[from] Leech Seed|[of] p2a: Ferroseed
|-damage|p1a: Alcremie|41/100 tox|[from] psn
|upkeep
|turn|14
|
|t:|1662935886
|move|p1a: Alcremie|Calm Mind|p1a: Alcremie
|-boost|p1a: Alcremie|spa|1
|-boost|p1a: Alcremie|spd|1
|move|p2a: Ferroseed|Gyro Ball|p1a: Alcremie
|-supereffective|p1a: Alcremie
|-damage|p1a: Alcremie|23/100 tox
|
|-heal|p1a: Alcremie|29/100 tox|[from] item: Leftovers
|-damage|p1a: Alcremie|16/100 tox|[from] Leech Seed|[of] p2a: Ferroseed
|-damage|p1a: Alcremie|4/100 tox|[from] psn
|upkeep
|turn|15
|
|t:|1662935895
|move|p1a: Alcremie|Rest|p1a: Alcremie
|-status|p1a: Alcremie|slp|[from] move: Rest
|-heal|p1a: Alcremie|100/100 slp|[silent]
|move|p2a: Ferroseed|Gyro Ball|p1a: Alcremie
|-supereffective|p1a: Alcremie
|-damage|p1a: Alcremie|84/100 slp
|
|-heal|p1a: Alcremie|90/100 slp|[from] item: Leftovers
|-damage|p1a: Alcremie|77/100 slp|[from] Leech Seed|[of] p2a: Ferroseed
|upkeep
|turn|16
|
|t:|1662935906
|switch|p2a: Sandslash|Sandslash, F|100/100
|cant|p1a: Alcremie|slp
|
|-heal|p1a: Alcremie|83/100 slp|[from] item: Leftovers
|-damage|p1a: Alcremie|71/100 slp|[from] Leech Seed|[of] p2a: Sandslash
|upkeep
|turn|17
|
|t:|1662935910
|move|p2a: Sandslash|Swords Dance|p2a: Sandslash
|-boost|p2a: Sandslash|atk|2
|cant|p1a: Alcremie|slp
|
|-heal|p1a: Alcremie|77/100 slp|[from] item: Leftovers
|-damage|p1a: Alcremie|65/100 slp|[from] Leech Seed|[of] p2a: Sandslash
|upkeep
|turn|18
|
|t:|1662935915
|move|p2a: Sandslash|Earthquake|p1a: Alcremie
|-damage|p1a: Alcremie|35/100 slp
|-curestatus|p1a: Alcremie|slp|[msg]
|move|p1a: Alcremie|Stored Power|p2a: Sandslash
|-damage|p2a: Sandslash|0 fnt
|faint|p2a: Sandslash
|
|-heal|p1a: Alcremie|41/100|[from] item: Leftovers
|upkeep
|
|t:|1662935927
|switch|p2a: Ferroseed|Ferroseed, F|100/100
|turn|19
|
|t:|1662935973
|move|p1a: Alcremie|Rest|p1a: Alcremie
|-status|p1a: Alcremie|slp|[from] move: Rest
|-heal|p1a: Alcremie|100/100 slp|[silent]
|move|p2a: Ferroseed|Gyro Ball|p1a: Alcremie
|-supereffective|p1a: Alcremie
|-damage|p1a: Alcremie|82/100 slp
|
|-heal|p1a: Alcremie|88/100 slp|[from] item: Leftovers
|-damage|p1a: Alcremie|76/100 slp|[from] Leech Seed|[of] p2a: Ferroseed
|upkeep
|turn|20
|
|t:|1662935994
|cant|p1a: Alcremie|slp
|move|p2a: Ferroseed|Gyro Ball|p1a: Alcremie
|-supereffective|p1a: Alcremie
|-damage|p1a: Alcremie|58/100 slp
|
|-heal|p1a: Alcremie|64/100 slp|[from] item: Leftovers
|-damage|p1a: Alcremie|51/100 slp|[from] Leech Seed|[of] p2a: Ferroseed
|upkeep
|turn|21
|
|t:|1662935999
|cant|p1a: Alcremie|slp
|move|p2a: Ferroseed|Gyro Ball|p1a: Alcremie
|-supereffective|p1a: Alcremie
|-damage|p1a: Alcremie|33/100 slp
|
|-heal|p1a: Alcremie|39/100 slp|[from] item: Leftovers
|-damage|p1a: Alcremie|27/100 slp|[from] Leech Seed|[of] p2a: Ferroseed
|upkeep
|turn|22
|
|t:|1662936005
|switch|p2a: Charizard|Charizard, F|100/100
|-curestatus|p1a: Alcremie|slp|[msg]
|move|p1a: Alcremie|Rest|p1a: Alcremie
|-status|p1a: Alcremie|slp|[from] move: Rest
|-heal|p1a: Alcremie|100/100 slp|[silent]
|
|-damage|p1a: Alcremie|88/100 slp|[from] Leech Seed|[of] p2a: Charizard
|upkeep
|turn|23
|
|t:|1662936009
|move|p2a: Charizard|Dragon Dance|p2a: Charizard
|-boost|p2a: Charizard|atk|1
|-boost|p2a: Charizard|spe|1
|cant|p1a: Alcremie|slp
|
|-heal|p1a: Alcremie|94/100 slp|[from] item: Leftovers
|-damage|p1a: Alcremie|82/100 slp|[from] Leech Seed|[of] p2a: Charizard
|upkeep
|turn|24
|
|t:|1662936014
|move|p2a: Charizard|Flare Blitz|p1a: Alcremie
|-damage|p1a: Alcremie|59/100 slp
|-damage|p2a: Charizard|92/100|[from] Recoil
|cant|p1a: Alcremie|slp
|
|-heal|p1a: Alcremie|65/100 slp|[from] item: Leftovers
|-damage|p1a: Alcremie|53/100 slp|[from] Leech Seed|[of] p2a: Charizard
|-heal|p2a: Charizard|100/100|[silent]
|upkeep
|turn|25
|
|t:|1662936019
|move|p2a: Charizard|Flare Blitz|p1a: Alcremie
|-damage|p1a: Alcremie|30/100 slp
|-damage|p2a: Charizard|92/100|[from] Recoil
|-curestatus|p1a: Alcremie|slp|[msg]
|move|p1a: Alcremie|Stored Power|p2a: Charizard
|-damage|p2a: Charizard|0 fnt
|faint|p2a: Charizard
|
|-heal|p1a: Alcremie|36/100|[from] item: Leftovers
|upkeep
|
|t:|1662936028
|switch|p2a: Gourgeist|Gourgeist-Super, F|100/100
|-item|p1a: Alcremie|Leftovers|[from] ability: Frisk|[of] p2a: Gourgeist|[identify]
|turn|26
|
|t:|1662936035
|move|p2a: Gourgeist|Power Whip|p1a: Alcremie|[miss]
|-miss|p2a: Gourgeist|p1a: Alcremie
|move|p1a: Alcremie|Stored Power|p2a: Gourgeist
|-damage|p2a: Gourgeist|0 fnt
|faint|p2a: Gourgeist
|
|-heal|p1a: Alcremie|42/100|[from] item: Leftovers
|upkeep
|c|☆sugar ovens|gg
|c|☆pult4v4 shane|gg
|-message|sugar ovens forfeited.
|
|win|pult4v4 shane
|raw|pult4v4 shane's rating: 1467 &rarr; <strong>1482</strong><br />(+15 for winning)
|raw|sugar ovens's rating: 1373 &rarr; <strong>1358</strong><br />(-15 for losing)
|l|☆sugar ovens
||Ladder isn't responding, score probably updated but might not have (Request timeout).
|j| Prodigezz
|l| Prodigezz
|j| ekekekekekekke
