|j|☆cafay sukray
|j|☆MAC1295
|t:|1652657559
|gametype|singles
|player|p1|cafay sukray|swimmer-gen4dp|1500
|player|p2|MAC1295|lucian|1401
|teamsize|p1|6
|teamsize|p2|6
|gen|8
|tier|[Gen 8] PU
|rated|
|rule|Sleep Clause Mod: Limit one foe put to sleep
|rule|Species Clause: Limit one of each Pokémon
|rule|OHKO Clause: OHKO moves are banned
|rule|Evasion Moves Clause: Evasion moves are banned
|rule|Endless Battle Clause: Forcing endless battles is banned
|rule|HP Percentage Mod: HP is shown in percentages
|rule|Dynamax Clause: You cannot dynamax
|clearpoke
|poke|p1|Charizard, F|
|poke|p1|Articuno-Galar|
|poke|p1|Gigalith, F|
|poke|p1|Jellicent, M|
|poke|p1|Scrafty, F|
|poke|p1|Sandslash, F|
|poke|p2|Sandaconda, F|
|poke|p2|Jellicent, M|
|poke|p2|Cryogonal|
|poke|p2|Gigalith, M|
|poke|p2|Ribombee, F|
|poke|p2|Togedemaru, M|
|teampreview
|
|t:|1652657583
|start
|switch|p1a: Scrafty|Scrafty, F|100/100
|switch|p2a: Togedemaru|Togedemaru, M|100/100
|turn|1
|
|t:|1652657591
|move|p2a: Togedemaru|U-turn|p1a: Scrafty
|-damage|p1a: Scrafty|77/100
|
|t:|1652657594
|switch|p2a: Sandaconda|Sandaconda, F|100/100|[from]move: U-turn
|move|p1a: Scrafty|Knock Off|p2a: Sandaconda
|-damage|p2a: Sandaconda|63/100
|-damage|p1a: Scrafty|60/100|[from] item: Rocky Helmet|[of] p2a: Sandaconda
|-enditem|p2a: Sandaconda|Rocky Helmet|[from] move: Knock Off|[of] p1a: Scrafty
|
|upkeep
|turn|2
|
|t:|1652657604
|switch|p1a: Jellicent|Jellicent, M|100/100
|move|p2a: Sandaconda|Glare|p1a: Jellicent
|-status|p1a: Jellicent|par
|
|upkeep
|turn|3
|
|t:|1652657611
|switch|p2a: Cryogonal|Cryogonal|100/100
|switch|p1a: Gigalith|Gigalith, F|100/100
|-weather|Sandstorm|[from] ability: Sand Stream|[of] p1a: Gigalith
|
|-weather|Sandstorm|[upkeep]
|-damage|p2a: Cryogonal|94/100|[from] Sandstorm
|upkeep
|turn|4
|
|t:|1652657620
|switch|p2a: Sandaconda|Sandaconda, F|63/100
|move|p1a: Gigalith|Stealth Rock|p2a: Sandaconda
|-sidestart|p2: MAC1295|move: Stealth Rock
|
|-weather|Sandstorm|[upkeep]
|upkeep
|turn|5
|
|t:|1652657626
|switch|p1a: Jellicent|Jellicent, M|100/100 par
|move|p2a: Sandaconda|Stealth Rock|p1a: Jellicent
|-sidestart|p1: cafay sukray|move: Stealth Rock
|
|-weather|Sandstorm|[upkeep]
|-damage|p1a: Jellicent|94/100 par|[from] Sandstorm
|upkeep
|turn|6
|
|t:|1652657633
|switch|p2a: Cryogonal|Cryogonal|94/100
|switch|p1a: Scrafty|Scrafty, F|60/100
|-damage|p1a: Scrafty|54/100|[from] Stealth Rock
|
|-weather|Sandstorm|[upkeep]
|-damage|p2a: Cryogonal|88/100|[from] Sandstorm
|-damage|p1a: Scrafty|48/100|[from] Sandstorm
|upkeep
|turn|7
|
|t:|1652657646
|switch|p2a: Sandaconda|Sandaconda, F|63/100
|-damage|p2a: Sandaconda|57/100|[from] Stealth Rock
|move|p1a: Scrafty|Close Combat|p2a: Sandaconda
|-damage|p2a: Sandaconda|13/100
|-unboost|p1a: Scrafty|def|1
|-unboost|p1a: Scrafty|spd|1
|
|-weather|Sandstorm|[upkeep]
|-damage|p1a: Scrafty|42/100|[from] Sandstorm
|upkeep
|turn|8
|
|t:|1652657656
|move|p1a: Scrafty|Close Combat|p2a: Sandaconda
|-damage|p2a: Sandaconda|0 fnt
|-unboost|p1a: Scrafty|def|1
|-unboost|p1a: Scrafty|spd|1
|faint|p2a: Sandaconda
|
|-weather|Sandstorm|[upkeep]
|-damage|p1a: Scrafty|35/100|[from] Sandstorm
|upkeep
|
|t:|1652657664
|switch|p2a: Togedemaru|Togedemaru, M|100/100
|-damage|p2a: Togedemaru|94/100|[from] Stealth Rock
|turn|9
|
|t:|1652657673
|switch|p1a: Charizard|Charizard, F|100/100
|move|p2a: Togedemaru|Iron Head|p1a: Charizard
|-resisted|p1a: Charizard
|-damage|p1a: Charizard|76/100
|
|-weather|Sandstorm|[upkeep]
|-damage|p1a: Charizard|70/100|[from] Sandstorm
|upkeep
|turn|10
|
|t:|1652657682
|switch|p2a: Jellicent|Jellicent, M|100/100
|-damage|p2a: Jellicent|88/100|[from] Stealth Rock
|switch|p1a: Jellicent|Jellicent, M|94/100 par
|-damage|p1a: Jellicent|82/100 par|[from] Stealth Rock
|
|-weather|none
|upkeep
|turn|11
|
|t:|1652657690
|switch|p1a: Gigalith|Gigalith, F|100/100
|-damage|p1a: Gigalith|88/100|[from] Stealth Rock
|-weather|Sandstorm|[from] ability: Sand Stream|[of] p1a: Gigalith
|move|p2a: Jellicent|Hex|p1a: Gigalith
|-damage|p1a: Gigalith|75/100
|
|-weather|Sandstorm|[upkeep]
|-damage|p2a: Jellicent|82/100|[from] Sandstorm
|upkeep
|turn|12
|
|t:|1652657705
|switch|p1a: Articuno|Articuno-Galar|100/100
|-damage|p1a: Articuno|76/100|[from] Stealth Rock
|move|p2a: Jellicent|Will-O-Wisp|p1a: Articuno|[miss]
|-miss|p2a: Jellicent|p1a: Articuno
|
|-weather|Sandstorm|[upkeep]
|-damage|p1a: Articuno|69/100|[from] Sandstorm
|-damage|p2a: Jellicent|76/100|[from] Sandstorm
|upkeep
|turn|13
|
|t:|1652657713
|switch|p2a: Cryogonal|Cryogonal|88/100
|move|p1a: Articuno|Psyshock|p2a: Cryogonal
|-damage|p2a: Cryogonal|0 fnt
|faint|p2a: Cryogonal
|
|-weather|Sandstorm|[upkeep]
|-damage|p1a: Articuno|63/100|[from] Sandstorm
|upkeep
|
|t:|1652657719
|switch|p2a: Togedemaru|Togedemaru, M|94/100
|-damage|p2a: Togedemaru|88/100|[from] Stealth Rock
|turn|14
|
|t:|1652657733
|switch|p1a: Charizard|Charizard, F|70/100
|move|p2a: Togedemaru|Zing Zap|p1a: Charizard
|-supereffective|p1a: Charizard
|-damage|p1a: Charizard|0 fnt
|faint|p1a: Charizard
|
|-weather|Sandstorm|[upkeep]
|upkeep
|
|t:|1652657737
|switch|p1a: Sandslash|Sandslash, F|100/100
|-damage|p1a: Sandslash|94/100|[from] Stealth Rock
|turn|15
|
|t:|1652657741
|switch|p2a: Jellicent|Jellicent, M|76/100
|-damage|p2a: Jellicent|63/100|[from] Stealth Rock
|move|p1a: Sandslash|Swords Dance|p1a: Sandslash
|-boost|p1a: Sandslash|atk|2
|
|-weather|Sandstorm|[upkeep]
|-damage|p2a: Jellicent|57/100|[from] Sandstorm
|upkeep
|turn|16
|
|t:|1652657748
|move|p1a: Sandslash|Earthquake|p2a: Jellicent
|-damage|p2a: Jellicent|0 fnt
|faint|p2a: Jellicent
|-damage|p1a: Sandslash|84/100|[from] item: Life Orb
|
|-weather|Sandstorm|[upkeep]
|upkeep
|
|t:|1652657760
|switch|p2a: Gigalith|Gigalith, M|100/100
|-damage|p2a: Gigalith|88/100|[from] Stealth Rock
|turn|17
|
|t:|1652657766
|move|p2a: Gigalith|Protect|p2a: Gigalith
|-singleturn|p2a: Gigalith|Protect
|move|p1a: Sandslash|Earthquake|p2a: Gigalith
|-activate|p2a: Gigalith|move: Protect
|
|-weather|Sandstorm|[upkeep]
|-heal|p2a: Gigalith|94/100|[from] item: Leftovers
|upkeep
|turn|18
|
|t:|1652657771
|move|p1a: Sandslash|Earthquake|p2a: Gigalith
|-supereffective|p2a: Gigalith
|-damage|p2a: Gigalith|0 fnt
|faint|p2a: Gigalith
|-damage|p1a: Sandslash|74/100|[from] item: Life Orb
|
|-weather|none
|upkeep
|
|t:|1652657776
|switch|p2a: Togedemaru|Togedemaru, M|88/100
|-damage|p2a: Togedemaru|82/100|[from] Stealth Rock
|turn|19
|
|t:|1652657792
|switch|p1a: Scrafty|Scrafty, F|35/100
|-damage|p1a: Scrafty|29/100|[from] Stealth Rock
|move|p2a: Togedemaru|Iron Head|p1a: Scrafty
|-damage|p1a: Scrafty|0 fnt
|faint|p1a: Scrafty
|
|upkeep
|
|t:|1652657795
|switch|p1a: Gigalith|Gigalith, F|75/100
|-damage|p1a: Gigalith|62/100|[from] Stealth Rock
|-weather|Sandstorm|[from] ability: Sand Stream|[of] p1a: Gigalith
|turn|20
|
|t:|1652657802
|switch|p1a: Articuno|Articuno-Galar|63/100
|-damage|p1a: Articuno|38/100|[from] Stealth Rock
|move|p2a: Togedemaru|Iron Head|p1a: Articuno
|-damage|p1a: Articuno|0 fnt
|faint|p1a: Articuno
|
|-weather|Sandstorm|[upkeep]
|upkeep
|
|t:|1652657805
|switch|p1a: Sandslash|Sandslash, F|74/100
|-damage|p1a: Sandslash|68/100|[from] Stealth Rock
|turn|21
|
|t:|1652657811
|move|p1a: Sandslash|Earthquake|p2a: Togedemaru
|-supereffective|p2a: Togedemaru
|-damage|p2a: Togedemaru|0 fnt
|faint|p2a: Togedemaru
|-damage|p1a: Sandslash|58/100|[from] item: Life Orb
|
|-weather|Sandstorm|[upkeep]
|upkeep
|
|t:|1652657814
|switch|p2a: Ribombee|Ribombee, F|100/100
|turn|22
|
|t:|1652657817
|move|p1a: Sandslash|Poison Jab|p2a: Ribombee
|-supereffective|p2a: Ribombee
|-damage|p2a: Ribombee|8/100
|-damage|p1a: Sandslash|48/100|[from] item: Life Orb
|move|p2a: Ribombee|Quiver Dance|p2a: Ribombee
|-boost|p2a: Ribombee|spa|1
|-boost|p2a: Ribombee|spd|1
|-boost|p2a: Ribombee|spe|1
|
|-weather|Sandstorm|[upkeep]
|-damage|p2a: Ribombee|2/100|[from] Sandstorm
|upkeep
|turn|23
|
|t:|1652657827
|move|p2a: Ribombee|Roost|p2a: Ribombee
|-heal|p2a: Ribombee|52/100
|-singleturn|p2a: Ribombee|move: Roost
|move|p1a: Sandslash|Poison Jab|p2a: Ribombee
|-supereffective|p2a: Ribombee
|-damage|p2a: Ribombee|0 fnt
|faint|p2a: Ribombee
|-damage|p1a: Sandslash|39/100|[from] item: Life Orb
|
|win|cafay sukray
|raw|cafay sukray's rating: 1500 &rarr; <strong>1514</strong><br />(+14 for winning)
|raw|MAC1295's rating: 1401 &rarr; <strong>1387</strong><br />(-14 for losing)
|l|☆MAC1295
