|j|☆Falix_levrai
|j|☆bassy gay
|t:|1668165937
|gametype|singles
|player|p1|Falix_levrai|265|1355
|player|p2|bassy gay|102|1642
|teamsize|p1|6
|teamsize|p2|6
|gen|8
|tier|[Gen 8] PU
|rated|
|rule|Sleep Clause Mod: Limit one foe put to sleep
|rule|Species Clause: Limit one of each Pokémon
|rule|OHKO Clause: OHKO moves are banned
|rule|Evasion Items Clause: Evasion items are banned
|rule|Evasion Moves Clause: Evasion moves are banned
|rule|Endless Battle Clause: Forcing endless battles is banned
|rule|HP Percentage Mod: HP is shown in percentages
|rule|Dynamax Clause: You cannot dynamax
|clearpoke
|poke|p1|Aggron, F|
|poke|p1|Corsola-Galar, M|
|poke|p1|Audino, M|
|poke|p1|Ferroseed, F|
|poke|p1|Quagsire, F|
|poke|p1|Altaria, F|
|poke|p2|Gourgeist-*, M|
|poke|p2|Comfey, M|
|poke|p2|Lunatone|
|poke|p2|Togedemaru, F|
|poke|p2|Scrafty, M|
|poke|p2|Charizard, M|
|teampreview
|inactive|Battle timer is ON: inactive players will automatically lose when time's up. (requested by Falix_levrai)
|inactive|bassy gay has 120 seconds left.
|inactive|bassy gay has 90 seconds left.
|
|t:|1668166000
|start
|switch|p1a: Audino|Audino, M|100/100
|switch|p2a: Lunatone|Lunatone|100/100
|turn|1
|
|t:|1668166009
|move|p2a: Lunatone|Stealth Rock|p1a: Audino
|-sidestart|p1: Falix_levrai|move: Stealth Rock
|move|p1a: Audino|Knock Off|p2a: Lunatone
|-supereffective|p2a: Lunatone
|-damage|p2a: Lunatone|65/100
|-enditem|p2a: Lunatone|Leftovers|[from] move: Knock Off|[of] p1a: Audino
|
|upkeep
|turn|2
|
|t:|1668166018
|move|p2a: Lunatone|Future Sight|p1a: Audino
|-start|p2a: Lunatone|move: Future Sight
|move|p1a: Audino|Toxic|p2a: Lunatone
|-status|p2a: Lunatone|tox
|
|-damage|p2a: Lunatone|58/100 tox|[from] psn
|upkeep
|turn|3
|
|t:|1668166031
|switch|p2a: Scrafty|Scrafty, M|100/100
|move|p1a: Audino|Wish|p1a: Audino
|
|upkeep
|turn|4
|
|t:|1668166038
|switch|p1a: Quagsire|Quagsire, F|100/100
|-damage|p1a: Quagsire|94/100|[from] Stealth Rock
|move|p2a: Scrafty|Roar|p1a: Quagsire
|drag|p1a: Ferroseed|Ferroseed, F|100/100
|-damage|p1a: Ferroseed|94/100|[from] Stealth Rock
|
|-end|p1a: Ferroseed|move: Future Sight
|-resisted|p1a: Ferroseed
|-damage|p1a: Ferroseed|70/100
|-heal|p1a: Ferroseed|100/100|[from] move: Wish|[wisher] Audino
|upkeep
|turn|5
|
|t:|1668166053
|move|p2a: Scrafty|Close Combat|p1a: Ferroseed
|-supereffective|p1a: Ferroseed
|-damage|p1a: Ferroseed|31/100
|-unboost|p2a: Scrafty|def|1
|-unboost|p2a: Scrafty|spd|1
|-damage|p2a: Scrafty|88/100|[from] ability: Iron Barbs|[of] p1a: Ferroseed
|move|p1a: Ferroseed|Leech Seed|p2a: Scrafty
|-start|p2a: Scrafty|move: Leech Seed
|
|-heal|p2a: Scrafty|94/100|[from] item: Leftovers
|-damage|p2a: Scrafty|82/100|[from] Leech Seed|[of] p1a: Ferroseed
|-heal|p1a: Ferroseed|43/100|[silent]
|upkeep
|turn|6
|
|t:|1668166066
|move|p1a: Ferroseed|Protect|p1a: Ferroseed
|-singleturn|p1a: Ferroseed|Protect
|move|p2a: Scrafty|Knock Off|p1a: Ferroseed
|-activate|p1a: Ferroseed|move: Protect
|
|-heal|p2a: Scrafty|88/100|[from] item: Leftovers
|-damage|p2a: Scrafty|76/100|[from] Leech Seed|[of] p1a: Ferroseed
|-heal|p1a: Ferroseed|55/100|[silent]
|upkeep
|turn|7
|
|t:|1668166079
|switch|p1a: Altaria|Altaria, F|100/100
|move|p2a: Scrafty|Knock Off|p1a: Altaria
|-damage|p1a: Altaria|65/100
|-enditem|p1a: Altaria|Heavy-Duty Boots|[from] move: Knock Off|[of] p2a: Scrafty
|
|-heal|p2a: Scrafty|82/100|[from] item: Leftovers
|-damage|p2a: Scrafty|69/100|[from] Leech Seed|[of] p1a: Altaria
|-heal|p1a: Altaria|75/100|[silent]
|upkeep
|turn|8
|
|t:|1668166086
|switch|p2a: Comfey|Comfey, M|100/100
|move|p1a: Altaria|Defog|p2a: Comfey
|-unboost|p2a: Comfey|evasion|1
|-sideend|p1: Falix_levrai|Stealth Rock|[from] move: Defog|[of] p1a: Altaria
|
|upkeep
|turn|9
|
|t:|1668166095
|switch|p1a: Ferroseed|Ferroseed, F|55/100
|move|p2a: Comfey|Heal Bell|p2a: Comfey
|-activate|p2a: Comfey|move: Heal Bell
|-curestatus|p2: Lunatone|tox|[msg]
|
|upkeep
|turn|10
|
|t:|1668166101
|switch|p2a: Gourgeist|Gourgeist-Super, M|100/100
|-item|p1a: Ferroseed|Eviolite|[from] ability: Frisk|[of] p2a: Gourgeist|[identify]
|move|p1a: Ferroseed|Spikes|p2a: Gourgeist
|-sidestart|p2: bassy gay|Spikes
|
|upkeep
|turn|11
|
|t:|1668166110
|switch|p1a: Audino|Audino, M|100/100
|move|p2a: Gourgeist|Power Whip|p1a: Audino
|-damage|p1a: Audino|50/100
|
|-heal|p1a: Audino|56/100|[from] item: Leftovers
|upkeep
|turn|12
|
|t:|1668166120
|move|p1a: Audino|Protect|p1a: Audino
|-singleturn|p1a: Audino|Protect
|move|p2a: Gourgeist|Power Whip|p1a: Audino
|-activate|p1a: Audino|move: Protect
|
|-heal|p1a: Audino|62/100|[from] item: Leftovers
|upkeep
|turn|13
|
|t:|1668166129
|move|p2a: Gourgeist|Power Whip|p1a: Audino
|-damage|p1a: Audino|12/100
|move|p1a: Audino|Wish|p1a: Audino
|
|-heal|p1a: Audino|18/100|[from] item: Leftovers
|upkeep
|turn|14
|
|t:|1668166140
|switch|p2a: Lunatone|Lunatone|58/100
|move|p1a: Audino|Protect||[still]
|-fail|p1a: Audino
|
|-heal|p1a: Audino|68/100|[from] move: Wish|[wisher] Audino
|-heal|p1a: Audino|74/100|[from] item: Leftovers
|upkeep
|turn|15
|
|t:|1668166149
|move|p2a: Lunatone|Stealth Rock|p1a: Audino
|-sidestart|p1: Falix_levrai|move: Stealth Rock
|move|p1a: Audino|Wish|p1a: Audino
|
|-heal|p1a: Audino|80/100|[from] item: Leftovers
|upkeep
|turn|16
|
|t:|1668166158
|switch|p1a: Ferroseed|Ferroseed, F|55/100
|-damage|p1a: Ferroseed|48/100|[from] Stealth Rock
|move|p2a: Lunatone|Future Sight|p1a: Ferroseed
|-start|p2a: Lunatone|move: Future Sight
|
|-heal|p1a: Ferroseed|100/100|[from] move: Wish|[wisher] Audino
|upkeep
|turn|17
|
|t:|1668166169
|switch|p2a: Scrafty|Scrafty, M|69/100
|-damage|p2a: Scrafty|57/100|[from] Spikes
|move|p1a: Ferroseed|Gyro Ball|p2a: Scrafty
|-damage|p2a: Scrafty|23/100
|
|-heal|p2a: Scrafty|29/100|[from] item: Leftovers
|upkeep
|turn|18
|
|t:|1668166184
|switch|p1a: Quagsire|Quagsire, F|94/100
|-damage|p1a: Quagsire|88/100|[from] Stealth Rock
|move|p2a: Scrafty|Rest|p2a: Scrafty
|-status|p2a: Scrafty|slp|[from] move: Rest
|-heal|p2a: Scrafty|100/100 slp|[silent]
|
|-end|p1a: Quagsire|move: Future Sight
|-damage|p1a: Quagsire|30/100
|-activate|p2a: Scrafty|ability: Shed Skin
|-curestatus|p2a: Scrafty|slp|[msg]
|-heal|p1a: Quagsire|36/100|[from] item: Leftovers
|upkeep
|turn|19
|
|t:|1668166201
|switch|p1a: Corsola|Corsola-Galar, M|100/100
|-damage|p1a: Corsola|88/100|[from] Stealth Rock
|move|p2a: Scrafty|Knock Off|p1a: Corsola
|-supereffective|p1a: Corsola
|-damage|p1a: Corsola|35/100
|-enditem|p1a: Corsola|Eviolite|[from] move: Knock Off|[of] p2a: Scrafty
|
|upkeep
|turn|20
|
|t:|1668166213
|move|p2a: Scrafty|Knock Off|p1a: Corsola
|-supereffective|p1a: Corsola
|-damage|p1a: Corsola|0 fnt
|-start|p2a: Scrafty|Disable|Knock Off|[from] ability: Cursed Body|[of] p1a: Corsola
|faint|p1a: Corsola
|
|upkeep
|
|t:|1668166222
|switch|p1a: Altaria|Altaria, F|75/100
|-damage|p1a: Altaria|50/100|[from] Stealth Rock
|turn|21
|
|t:|1668166224
|switch|p2a: Lunatone|Lunatone|58/100
|move|p1a: Altaria|Roost|p1a: Altaria
|-heal|p1a: Altaria|99/100
|-singleturn|p1a: Altaria|move: Roost
|
|upkeep
|turn|22
|
|t:|1668166237
|move|p1a: Altaria|Flamethrower|p2a: Lunatone
|-resisted|p2a: Lunatone
|-damage|p2a: Lunatone|49/100
|move|p2a: Lunatone|Power Gem|p1a: Altaria
|-supereffective|p1a: Altaria
|-damage|p1a: Altaria|34/100
|
|upkeep
|turn|23
|
|t:|1668166246
|move|p1a: Altaria|Roost|p1a: Altaria
|-heal|p1a: Altaria|84/100
|-singleturn|p1a: Altaria|move: Roost
|move|p2a: Lunatone|Future Sight|p1a: Altaria
|-start|p2a: Lunatone|move: Future Sight
|
|upkeep
|turn|24
|
|t:|1668166257
|switch|p1a: Ferroseed|Ferroseed, F|100/100
|-damage|p1a: Ferroseed|94/100|[from] Stealth Rock
|move|p2a: Lunatone|Moonlight|p2a: Lunatone
|-heal|p2a: Lunatone|99/100
|
|upkeep
|turn|25
|
|t:|1668166265
|switch|p2a: Gourgeist|Gourgeist-Super, M|100/100
|-damage|p2a: Gourgeist|88/100|[from] Spikes
|-item|p1a: Ferroseed|Eviolite|[from] ability: Frisk|[of] p2a: Gourgeist|[identify]
|move|p1a: Ferroseed|Leech Seed|p2a: Gourgeist
|-immune|p2a: Gourgeist
|
|-end|p1a: Ferroseed|move: Future Sight
|-resisted|p1a: Ferroseed
|-damage|p1a: Ferroseed|72/100
|upkeep
|turn|26
|
|t:|1668166277
|move|p2a: Gourgeist|Poltergeist|p1a: Ferroseed
|-activate|p1a: Ferroseed|move: Poltergeist|Eviolite
|-damage|p1a: Ferroseed|42/100
|move|p1a: Ferroseed|Spikes|p2a: Gourgeist
|-sidestart|p2: bassy gay|Spikes
|
|upkeep
|turn|27
|
|t:|1668166285
|move|p1a: Ferroseed|Protect|p1a: Ferroseed
|-singleturn|p1a: Ferroseed|Protect
|move|p2a: Gourgeist|Power Whip|p1a: Ferroseed
|-activate|p1a: Ferroseed|move: Protect
|
|upkeep
|turn|28
|
|t:|1668166300
|move|p2a: Gourgeist|Poltergeist|p1a: Ferroseed
|-activate|p1a: Ferroseed|move: Poltergeist|Eviolite
|-damage|p1a: Ferroseed|12/100
|move|p1a: Ferroseed|Spikes|p2a: Gourgeist
|-sidestart|p2: bassy gay|Spikes
|
|upkeep
|turn|29
|
|t:|1668166308
|switch|p1a: Audino|Audino, M|100/100
|-damage|p1a: Audino|88/100|[from] Stealth Rock
|move|p2a: Gourgeist|Power Whip|p1a: Audino
|-damage|p1a: Audino|30/100
|
|-heal|p1a: Audino|36/100|[from] item: Leftovers
|upkeep
|turn|30
|
|t:|1668166319
|move|p1a: Audino|Protect|p1a: Audino
|-singleturn|p1a: Audino|Protect
|move|p2a: Gourgeist|Power Whip|p1a: Audino
|-activate|p1a: Audino|move: Protect
|
|-heal|p1a: Audino|42/100|[from] item: Leftovers
|upkeep
|turn|31
|
|t:|1668166329
|switch|p1a: Altaria|Altaria, F|84/100
|-damage|p1a: Altaria|59/100|[from] Stealth Rock
|move|p2a: Gourgeist|Power Whip|p1a: Altaria
|-resisted|p1a: Altaria
|-damage|p1a: Altaria|49/100
|
|upkeep
|turn|32
|
|t:|1668166339
|switch|p2a: Lunatone|Lunatone|99/100
|move|p1a: Altaria|Roost|p1a: Altaria
|-heal|p1a: Altaria|99/100
|-singleturn|p1a: Altaria|move: Roost
|
|upkeep
|turn|33
|
|t:|1668166349
|switch|p1a: Aggron|Aggron, F|100/100
|-damage|p1a: Aggron|94/100|[from] Stealth Rock
|move|p2a: Lunatone|Future Sight|p1a: Aggron
|-start|p2a: Lunatone|move: Future Sight
|
|-heal|p1a: Aggron|100/100|[from] item: Leftovers
|upkeep
|turn|34
|
|t:|1668166356
|switch|p2a: Scrafty|Scrafty, M|100/100
|-damage|p2a: Scrafty|76/100|[from] Spikes
|move|p1a: Aggron|Stealth Rock|p2a: Scrafty
|-sidestart|p2: bassy gay|move: Stealth Rock
|
|-heal|p2a: Scrafty|82/100|[from] item: Leftovers
|upkeep
|turn|35
|
|t:|1668166365
|switch|p1a: Altaria|Altaria, F|99/100
|-damage|p1a: Altaria|74/100|[from] Stealth Rock
|move|p2a: Scrafty|Close Combat|p1a: Altaria
|-resisted|p1a: Altaria
|-damage|p1a: Altaria|53/100
|-unboost|p2a: Scrafty|def|1
|-unboost|p2a: Scrafty|spd|1
|
|-end|p1a: Altaria|move: Future Sight
|-damage|p1a: Altaria|6/100
|-heal|p2a: Scrafty|88/100|[from] item: Leftovers
|upkeep
|turn|36
|
|t:|1668166377
|switch|p2a: Lunatone|Lunatone|99/100
|-damage|p2a: Lunatone|87/100|[from] Stealth Rock
|move|p1a: Altaria|Roost|p1a: Altaria
|-heal|p1a: Altaria|56/100
|-singleturn|p1a: Altaria|move: Roost
|
|upkeep
|turn|37
|
|t:|1668166386
|move|p1a: Altaria|Roost|p1a: Altaria
|-heal|p1a: Altaria|100/100
|-singleturn|p1a: Altaria|move: Roost
|move|p2a: Lunatone|Future Sight|p1a: Altaria
|-start|p2a: Lunatone|move: Future Sight
|
|upkeep
|turn|38
|
|t:|1668166394
|switch|p1a: Aggron|Aggron, F|100/100
|-damage|p1a: Aggron|94/100|[from] Stealth Rock
|move|p2a: Lunatone|Power Gem|p1a: Aggron
|-resisted|p1a: Aggron
|-damage|p1a: Aggron|71/100
|
|-heal|p1a: Aggron|77/100|[from] item: Leftovers
|upkeep
|turn|39
|
|t:|1668166406
|switch|p2a: Gourgeist|Gourgeist-Super, M|88/100
|-damage|p2a: Gourgeist|63/100|[from] Spikes
|-damage|p2a: Gourgeist|51/100|[from] Stealth Rock
|-item|p1a: Aggron|Leftovers|[from] ability: Frisk|[of] p2a: Gourgeist|[identify]
|move|p1a: Aggron|Body Press|p2a: Gourgeist
|-immune|p2a: Gourgeist
|
|-end|p1a: Aggron|move: Future Sight
|-resisted|p1a: Aggron
|-damage|p1a: Aggron|43/100
|-heal|p1a: Aggron|49/100|[from] item: Leftovers
|upkeep
|turn|40
|
|t:|1668166421
|move|p1a: Aggron|Protect|p1a: Aggron
|-singleturn|p1a: Aggron|Protect
|move|p2a: Gourgeist|Synthesis|p2a: Gourgeist
|-heal|p2a: Gourgeist|100/100
|
|-heal|p1a: Aggron|55/100|[from] item: Leftovers
|upkeep
|turn|41
|
|t:|1668166434
|move|p2a: Gourgeist|Power Whip|p1a: Aggron
|-damage|p1a: Aggron|24/100
|move|p1a: Aggron|Head Smash|p2a: Gourgeist
|-damage|p2a: Gourgeist|55/100
|
|-heal|p1a: Aggron|30/100|[from] item: Leftovers
|upkeep
|turn|42
|
|t:|1668166443
|move|p2a: Gourgeist|Synthesis|p2a: Gourgeist
|-heal|p2a: Gourgeist|100/100
|move|p1a: Aggron|Head Smash|p2a: Gourgeist
|-damage|p2a: Gourgeist|49/100
|
|-heal|p1a: Aggron|37/100|[from] item: Leftovers
|upkeep
|turn|43
|
|t:|1668166453
|move|p2a: Gourgeist|Synthesis|p2a: Gourgeist
|-heal|p2a: Gourgeist|99/100
|move|p1a: Aggron|Head Smash|p2a: Gourgeist
|-damage|p2a: Gourgeist|55/100
|
|-heal|p1a: Aggron|43/100|[from] item: Leftovers
|upkeep
|turn|44
|
|t:|1668166462
|move|p2a: Gourgeist|Power Whip|p1a: Aggron
|-damage|p1a: Aggron|13/100
|move|p1a: Aggron|Head Smash|p2a: Gourgeist|[miss]
|-miss|p1a: Aggron|p2a: Gourgeist
|
|-heal|p1a: Aggron|19/100|[from] item: Leftovers
|upkeep
|turn|45
|
|t:|1668166469
|move|p1a: Aggron|Protect|p1a: Aggron
|-singleturn|p1a: Aggron|Protect
|move|p2a: Gourgeist|Power Whip|p1a: Aggron
|-activate|p1a: Aggron|move: Protect
|
|-heal|p1a: Aggron|25/100|[from] item: Leftovers
|upkeep
|turn|46
|
|t:|1668166480
|switch|p1a: Altaria|Altaria, F|100/100
|-damage|p1a: Altaria|75/100|[from] Stealth Rock
|move|p2a: Gourgeist|Power Whip|p1a: Altaria
|-resisted|p1a: Altaria
|-damage|p1a: Altaria|64/100
|
|upkeep
|turn|47
|
|t:|1668166488
|switch|p2a: Comfey|Comfey, M|100/100
|-damage|p2a: Comfey|75/100|[from] Spikes
|-damage|p2a: Comfey|63/100|[from] Stealth Rock
|move|p1a: Altaria|Roost|p1a: Altaria
|-heal|p1a: Altaria|100/100
|-singleturn|p1a: Altaria|move: Roost
|
|upkeep
|turn|48
|
|t:|1668166500
|switch|p1a: Audino|Audino, M|75/100
|-damage|p1a: Audino|62/100|[from] Stealth Rock
|move|p2a: Comfey|Calm Mind|p2a: Comfey
|-boost|p2a: Comfey|spa|1
|-boost|p2a: Comfey|spd|1
|
|-heal|p1a: Audino|69/100|[from] item: Leftovers
|upkeep
|turn|49
|
|t:|1668166508
|move|p2a: Comfey|Calm Mind|p2a: Comfey
|-boost|p2a: Comfey|spa|1
|-boost|p2a: Comfey|spd|1
|move|p1a: Audino|Toxic|p2a: Comfey
|-status|p2a: Comfey|tox
|
|-heal|p1a: Audino|75/100|[from] item: Leftovers
|-damage|p2a: Comfey|57/100 tox|[from] psn
|upkeep
|turn|50
|
|t:|1668166516
|move|p2a: Comfey|Draining Kiss|p1a: Audino
|-damage|p1a: Audino|41/100
|-heal|p2a: Comfey|95/100 tox|[from] drain|[of] p1a: Audino
|-damage|p2a: Comfey|85/100 tox|[from] item: Life Orb
|move|p1a: Audino|Wish|p1a: Audino
|
|-heal|p1a: Audino|47/100|[from] item: Leftovers
|-damage|p2a: Comfey|73/100 tox|[from] psn
|upkeep
|turn|51
|
|t:|1668166527
|move|p2a: Comfey|Draining Kiss|p1a: Audino
|-damage|p1a: Audino|9/100
|-heal|p2a: Comfey|100/100 tox|[from] drain|[of] p1a: Audino
|-damage|p2a: Comfey|91/100 tox|[from] item: Life Orb
|move|p1a: Audino|Knock Off|p2a: Comfey
|-resisted|p2a: Comfey
|-damage|p2a: Comfey|82/100 tox
|-enditem|p2a: Comfey|Life Orb|[from] move: Knock Off|[of] p1a: Audino
|
|-heal|p1a: Audino|59/100|[from] move: Wish|[wisher] Audino
|-heal|p1a: Audino|65/100|[from] item: Leftovers
|-damage|p2a: Comfey|64/100 tox|[from] psn
|upkeep
|turn|52
|
|t:|1668166543
|move|p1a: Audino|Protect|p1a: Audino
|-singleturn|p1a: Audino|Protect
|move|p2a: Comfey|Heal Bell|p2a: Comfey
|-activate|p2a: Comfey|move: Heal Bell
|-curestatus|p2a: Comfey|tox|[msg]
|
|-heal|p1a: Audino|71/100|[from] item: Leftovers
|upkeep
|turn|53
|j| judyishere
|-message|Falix_levrai forfeited.
|
|win|bassy gay
|raw|Falix_levrai's rating: 1355 &rarr; <strong>1349</strong><br />(-6 for losing)
|raw|bassy gay's rating: 1642 &rarr; <strong>1648</strong><br />(+6 for winning)
|l|☆Falix_levrai
