|j|☆Mudphlap
|j|☆Eesturn
|t:|1658278045
|gametype|singles
|player|p1|Mudphlap|doubleteam|1115
|player|p2|Eesturn|bellelba|1265
|teamsize|p1|6
|teamsize|p2|6
|gen|8
|tier|[Gen 8] PU
|rated|
|rule|Sleep Clause Mod: Limit one foe put to sleep
|rule|Species Clause: Limit one of each Pokémon
|rule|OHKO Clause: OHKO moves are banned
|rule|Evasion Moves Clause: Evasion moves are banned
|rule|Endless Battle Clause: Forcing endless battles is banned
|rule|HP Percentage Mod: HP is shown in percentages
|rule|Dynamax Clause: You cannot dynamax
|clearpoke
|poke|p1|Archeops, M|
|poke|p1|Araquanid, M|
|poke|p1|Guzzlord|
|poke|p1|Cinccino, F|
|poke|p1|Whimsicott, F|
|poke|p1|Regigigas|
|poke|p2|Accelgor, F|
|poke|p2|Archeops, M|
|poke|p2|Magmortar, M|
|poke|p2|Wishiwashi, F|
|poke|p2|Whimsicott, F|
|poke|p2|Articuno-Galar|
|teampreview
|inactive|Battle timer is ON: inactive players will automatically lose when time's up. (requested by Mudphlap)
|
|t:|1658278063
|start
|switch|p1a: Largeology|Regigigas|100/100
|switch|p2a: Accelgor|Accelgor, F|100/100
|-start|p1a: Largeology|ability: Slow Start
|turn|1
|
|t:|1658278074
|-end|p1a: Largeology|Slow Start|[silent]
|switch|p1a: Fossilology|Archeops, M|100/100
|move|p2a: Accelgor|Spikes|p1a: Fossilology
|-sidestart|p1: Mudphlap|Spikes
|
|upkeep
|turn|2
|
|t:|1658278081
|move|p2a: Accelgor|Final Gambit|p1a: Fossilology
|-damage|p1a: Fossilology|0 fnt
|faint|p2a: Accelgor
|faint|p1a: Fossilology
|
|upkeep
|
|t:|1658278091
|switch|p2a: Whimsicott|Whimsicott, F|100/100
|switch|p1a: Fluffology|Whimsicott, F|100/100
|-damage|p1a: Fluffology|88/100|[from] Spikes
|turn|3
|
|t:|1658278097
|move|p1a: Fluffology|Taunt|p2a: Whimsicott
|-start|p2a: Whimsicott|move: Taunt
|move|p2a: Whimsicott|Moonblast|p1a: Fluffology
|-damage|p1a: Fluffology|21/100
|-enditem|p1a: Fluffology|Sitrus Berry|[eat]
|-heal|p1a: Fluffology|46/100|[from] item: Sitrus Berry
|
|upkeep
|turn|4
|
|t:|1658278107
|switch|p2a: Articuno|Articuno-Galar|100/100
|move|p1a: Fluffology|Defog|p2a: Articuno
|-unboost|p2a: Articuno|evasion|1
|-ability|p2a: Articuno|Competitive
|-boost|p2a: Articuno|spa|2
|-sideend|p1: Mudphlap|Spikes|[from] move: Defog|[of] p1a: Fluffology
|
|upkeep
|turn|5
|
|t:|1658278119
|move|p1a: Fluffology|Leech Seed|p2a: Articuno
|-start|p2a: Articuno|move: Leech Seed
|move|p2a: Articuno|Hurricane|p1a: Fluffology
|-supereffective|p1a: Fluffology
|-damage|p1a: Fluffology|0 fnt
|faint|p1a: Fluffology
|
|upkeep
|
|t:|1658278132
|switch|p1a: Smallology|Cinccino, F|100/100
|turn|6
|
|t:|1658278136
|move|p2a: Articuno|Hurricane|p1a: Smallology
|-damage|p1a: Smallology|0 fnt
|faint|p1a: Smallology
|
|upkeep
|
|t:|1658278142
|switch|p1a: Largeology|Regigigas|100/100
|-start|p1a: Largeology|ability: Slow Start
|turn|7
|
|t:|1658278148
|switch|p2a: Whimsicott|Whimsicott, F|100/100
|move|p1a: Largeology|Toxic|p2a: Whimsicott
|-status|p2a: Whimsicott|tox
|
|-damage|p2a: Whimsicott|94/100 tox|[from] psn
|upkeep
|turn|8
|
|t:|1658278157
|move|p1a: Largeology|Protect|p1a: Largeology
|-singleturn|p1a: Largeology|Protect
|move|p2a: Whimsicott|Switcheroo|p1a: Largeology
|-activate|p1a: Largeology|move: Protect
|
|-damage|p2a: Whimsicott|82/100 tox|[from] psn
|upkeep
|turn|9
|
|t:|1658278166
|move|p2a: Whimsicott|Switcheroo|p1a: Largeology
|-activate|p2a: Whimsicott|move: Trick|[of] p1a: Largeology
|-item|p1a: Largeology|Choice Specs|[from] move: Switcheroo
|-item|p2a: Whimsicott|Leftovers|[from] move: Switcheroo
|move|p1a: Largeology|Substitute|p1a: Largeology
|-start|p1a: Largeology|Substitute
|-damage|p1a: Largeology|76/100
|
|-heal|p2a: Whimsicott|88/100 tox|[from] item: Leftovers
|-damage|p2a: Whimsicott|70/100 tox|[from] psn
|upkeep
|turn|10
|
|t:|1658278180
|-end|p1a: Largeology|Slow Start|[silent]
|switch|p1a: Bugology|Araquanid, M|100/100
|move|p2a: Whimsicott|U-turn|p1a: Bugology
|-damage|p1a: Bugology|90/100
|
|t:|1658278185
|switch|p2a: Archeops|Archeops, M|100/100|[from]move: U-turn
|
|upkeep
|turn|11
|
|t:|1658278193
|switch|p1a: Largeology|Regigigas|76/100
|-start|p1a: Largeology|ability: Slow Start
|move|p2a: Archeops|Dual Wingbeat|p1a: Largeology|[miss]
|-miss|p2a: Archeops|p1a: Largeology
|
|upkeep
|turn|12
|
|t:|1658278203
|move|p2a: Archeops|U-turn|p1a: Largeology
|-damage|p1a: Largeology|57/100
|
|t:|1658278206
|switch|p2a: Whimsicott|Whimsicott, F|70/100 tox|[from]move: U-turn
|move|p1a: Largeology|Toxic|p2a: Whimsicott
|-fail|p2a: Whimsicott|tox
|
|-heal|p2a: Whimsicott|76/100 tox|[from] item: Leftovers
|-damage|p2a: Whimsicott|70/100 tox|[from] psn
|upkeep
|turn|13
|
|t:|1658278218
|-end|p1a: Largeology|Slow Start|[silent]
|switch|p1a: Bugology|Araquanid, M|90/100
|move|p2a: Whimsicott|Moonblast|p1a: Bugology
|-damage|p1a: Bugology|73/100
|-unboost|p1a: Bugology|spa|1
|
|-heal|p2a: Whimsicott|76/100 tox|[from] item: Leftovers
|-damage|p2a: Whimsicott|64/100 tox|[from] psn
|upkeep
|turn|14
|
|t:|1658278228
|move|p2a: Whimsicott|U-turn|p1a: Bugology
|-damage|p1a: Bugology|61/100
|
|t:|1658278231
|switch|p2a: Wishiwashi|Wishiwashi, F|100/100|[from]move: U-turn
|-formechange|p2a: Wishiwashi|Wishiwashi-School||[from] ability: Schooling
|move|p1a: Bugology|Poison Jab|p2a: Wishiwashi
|-damage|p2a: Wishiwashi|81/100
|
|upkeep
|turn|15
|
|t:|1658278240
|move|p1a: Bugology|Infestation|p2a: Wishiwashi
|-damage|p2a: Wishiwashi|79/100
|-activate|p2a: Wishiwashi|move: Infestation|[of] p1a: Bugology
|move|p2a: Wishiwashi|U-turn|p1a: Bugology
|-damage|p1a: Bugology|16/100
|
|t:|1658278248
|switch|p2a: Archeops|Archeops, M|100/100|[from]move: U-turn
|
|upkeep
|turn|16
|
|t:|1658278253
|move|p2a: Archeops|U-turn|p1a: Bugology
|-damage|p1a: Bugology|0 fnt
|faint|p1a: Bugology
|
|t:|1658278261
|switch|p2a: Wishiwashi|Wishiwashi, F|79/100|[from]move: U-turn
|-formechange|p2a: Wishiwashi|Wishiwashi-School||[from] ability: Schooling
|
|upkeep
|
|t:|1658278268
|switch|p1a: Teethology|Guzzlord|100/100
|turn|17
|
|t:|1658278283
|move|p1a: Teethology|Dark Pulse|p2a: Wishiwashi
|-damage|p2a: Wishiwashi|32/100
|move|p2a: Wishiwashi|U-turn|p1a: Teethology
|-supereffective|p1a: Teethology
|-damage|p1a: Teethology|21/100
|
|t:|1658278289
|switch|p2a: Archeops|Archeops, M|100/100|[from]move: U-turn
|
|upkeep
|turn|18
|
|t:|1658278293
|move|p2a: Archeops|U-turn|p1a: Teethology
|-supereffective|p1a: Teethology
|-damage|p1a: Teethology|0 fnt
|faint|p1a: Teethology
|
|t:|1658278296
|switch|p2a: Magmortar|Magmortar, M|100/100|[from]move: U-turn
|
|upkeep
|
|t:|1658278301
|switch|p1a: Largeology|Regigigas|57/100
|-start|p1a: Largeology|ability: Slow Start
|turn|19
|
|t:|1658278306
|move|p2a: Magmortar|Overheat|p1a: Largeology
|-damage|p1a: Largeology|6/100
|-unboost|p2a: Magmortar|spa|2
|move|p1a: Largeology|Substitute|p1a: Largeology
|-fail|p1a: Largeology|move: Substitute|[weak]
|
|upkeep
|turn|20
|
|t:|1658278313
|move|p2a: Magmortar|Overheat|p1a: Largeology
|-damage|p1a: Largeology|0 fnt
|-unboost|p2a: Magmortar|spa|2
|faint|p1a: Largeology
|-end|p1a: Largeology|Slow Start|[silent]
|
|win|Eesturn
|raw|Mudphlap's rating: 1115 &rarr; <strong>1100</strong><br />(-15 for losing)
|raw|Eesturn's rating: 1265 &rarr; <strong>1280</strong><br />(+15 for winning)
|c|☆Eesturn|gg
|l|☆Mudphlap
