|j|☆Certified BoyLover
|j|☆zoowi
|t:|1629752564
|gametype|singles
|player|p1|Certified BoyLover|bruno-gen3|
|player|p2|zoowi|burglar-gen2|
|teamsize|p1|6
|teamsize|p2|6
|gen|8
|tier|[Gen 8] PU
|rule|Sleep Clause Mod: Limit one foe put to sleep
|rule|Species Clause: Limit one of each Pokémon
|rule|OHKO Clause: OHKO moves are banned
|rule|Evasion Moves Clause: Evasion moves are banned
|rule|Endless Battle Clause: Forcing endless battles is banned
|rule|HP Percentage Mod: HP is shown in percentages
|rule|Dynamax Clause: You cannot dynamax
|clearpoke
|poke|p1|Lycanroc, M|
|poke|p1|Articuno-Galar|
|poke|p1|Silvally-*|
|poke|p1|Absol, F|
|poke|p1|Dugtrio-Alola, M|
|poke|p1|Electivire, M|
|poke|p2|Galvantula, F|
|poke|p2|Scrafty, M|
|poke|p2|Sandaconda, M|
|poke|p2|Centiskorch, M|
|poke|p2|Cofagrigus, F|
|poke|p2|Sandslash-Alola, F|
|teampreview
|j| sugar ovens
|inactive|Battle timer is ON: inactive players will automatically lose when time's up. (requested by Certified BoyLover)
|c|☆Certified BoyLover|Hf
|j| hjkhj
|c|☆zoowi|u2
|j| devin
|c| hjkhj|Lets gooooo bryan
|c| sugar ovens|goooo zoowi
|j| keep larping
|j| Tlenit
|c|☆zoowi|wow a fan for me
|j| Cope + cry + larp
|inactive|Certified BoyLover has 270 seconds left.
|inactive|zoowi has 270 seconds left.
|j| go back to mexico
|c| keep larping|Lets go zoowi
|c| keep larping|Fuck pattek
|c| Cope + cry + larp|dude he has a sandslash without hail
|c| Cope + cry + larp|your done
|inactive|Certified BoyLover has 240 seconds left.
|j| termiii
|inactive|zoowi has 240 seconds left.
|
|t:|1629752662
|start
|switch|p1a: Lycanroc|Lycanroc, M|100/100
|switch|p2a: Cofagrigus|Cofagrigus, F|100/100
|turn|1
|
|t:|1629752670
|move|p1a: Lycanroc|Taunt|p2a: Cofagrigus
|-start|p2a: Cofagrigus|move: Taunt
|move|p2a: Cofagrigus|Body Press|p1a: Lycanroc
|-supereffective|p1a: Lycanroc
|-enditem|p1a: Lycanroc|Focus Sash
|-damage|p1a: Lycanroc|1/100
|
|upkeep
|turn|2
|j|+Greybaum
|
|t:|1629752677
|move|p1a: Lycanroc|Stealth Rock|p2a: Cofagrigus
|-sidestart|p2: zoowi|move: Stealth Rock
|move|p2a: Cofagrigus|Shadow Ball|p1a: Lycanroc
|-damage|p1a: Lycanroc|0 fnt
|faint|p1a: Lycanroc
|
|upkeep
|
|t:|1629752702
|switch|p1a: Articuno|Articuno-Galar|100/100
|turn|3
|j| atomic elbow drop
|
|t:|1629752717
|switch|p2a: Sandslash|Sandslash-Alola, F|100/100
|-damage|p2a: Sandslash|88/100|[from] Stealth Rock
|move|p1a: Articuno|Calm Mind|p1a: Articuno
|-boost|p1a: Articuno|spa|1
|-boost|p1a: Articuno|spd|1
|
|-heal|p2a: Sandslash|94/100|[from] item: Leftovers
|upkeep
|turn|4
|j| StannYBBBBBBBB
|
|t:|1629752723
|switch|p1a: Silvally|Silvally-Steel|100/100
|move|p2a: Sandslash|Rapid Spin|p1a: Silvally
|-resisted|p1a: Silvally
|-damage|p1a: Silvally|94/100
|-boost|p2a: Sandslash|spe|1
|-sideend|p2: zoowi|Stealth Rock|[from] move: Rapid Spin|[of] p2a: Sandslash
|
|-heal|p2a: Sandslash|100/100|[from] item: Leftovers
|upkeep
|turn|5
|l| StannYBBBBBBBB
|j| gglrg
|l| gglrg
|inactive|Certified BoyLover has 270 seconds left.
|inactive|zoowi has 270 seconds left.
|
|t:|1629752762
|switch|p1a: Dugtrio|Dugtrio-Alola, M|100/100
|switch|p2a: Sandaconda|Sandaconda, M|100/100
|
|upkeep
|turn|6
|inactive|Certified BoyLover has 270 seconds left.
|
|t:|1629752768
|switch|p1a: Articuno|Articuno-Galar|100/100
|move|p2a: Sandaconda|Coil|p2a: Sandaconda
|-boost|p2a: Sandaconda|atk|1
|-boost|p2a: Sandaconda|def|1
|-boost|p2a: Sandaconda|accuracy|1
|
|upkeep
|turn|7
|
|t:|1629752777
|move|p1a: Articuno|Hurricane|p2a: Sandaconda
|-damage|p2a: Sandaconda|50/100
|move|p2a: Sandaconda|Stone Edge|p1a: Articuno
|-supereffective|p1a: Articuno
|-damage|p1a: Articuno|7/100
|
|-heal|p2a: Sandaconda|56/100|[from] item: Leftovers
|upkeep
|turn|8
|
|t:|1629752785
|move|p1a: Articuno|Hurricane|p2a: Sandaconda|[miss]
|-miss|p1a: Articuno|p2a: Sandaconda
|move|p2a: Sandaconda|Stone Edge|p1a: Articuno
|-supereffective|p1a: Articuno
|-crit|p1a: Articuno
|-damage|p1a: Articuno|0 fnt
|faint|p1a: Articuno
|
|-heal|p2a: Sandaconda|62/100|[from] item: Leftovers
|upkeep
|c| Cope + cry + larp|sheesh
|inactive|Certified BoyLover has 270 seconds left.
|inactive|Certified BoyLover has 240 seconds left.
|j|+avarice
|
|t:|1629752863
|switch|p1a: Absol|Absol, F|100/100
|turn|9
|
|t:|1629752871
|move|p1a: Absol|Knock Off|p2a: Sandaconda
|-damage|p2a: Sandaconda|34/100
|-enditem|p2a: Sandaconda|Leftovers|[from] move: Knock Off|[of] p1a: Absol
|move|p2a: Sandaconda|Earthquake|p1a: Absol
|-crit|p1a: Absol
|-damage|p1a: Absol|0 fnt
|faint|p1a: Absol
|
|upkeep
|c| keep larping|.fm
|j| 85percent
|inactive|Certified BoyLover has 210 seconds left.
|j|+ez
|c| Cope + cry + larp|was a good run pattek.
|inactive|Certified BoyLover has 180 seconds left.
|l| hjkhj
|inactive|Certified BoyLover has 150 seconds left.
|j| hjkhj
|
|t:|1629752969
|switch|p1a: Dugtrio|Dugtrio-Alola, M|100/100
|turn|10
|c| hjkhj|F
|
|t:|1629752979
|move|p1a: Dugtrio|Earthquake|p2a: Sandaconda
|-damage|p2a: Sandaconda|0 fnt
|faint|p2a: Sandaconda
|
|upkeep
|
|t:|1629752987
|switch|p2a: Cofagrigus|Cofagrigus, F|100/100
|turn|11
|inactive|Certified BoyLover has 150 seconds left.
|
|t:|1629752999
|switch|p1a: devin irl|Electivire, M|100/100
|move|p2a: Cofagrigus|Body Press|p1a: devin irl
|-damage|p1a: devin irl|46/100
|
|upkeep
|turn|12
|
|t:|1629753013
|move|p1a: devin irl|Thunderbolt|p2a: Cofagrigus
|-damage|p2a: Cofagrigus|59/100
|-status|p2a: Cofagrigus|par
|move|p2a: Cofagrigus|Body Press|p1a: devin irl
|-damage|p1a: devin irl|0 fnt
|faint|p1a: devin irl
|
|upkeep
|c| hjkhj|Ooo
|
|t:|1629753026
|switch|p1a: Silvally|Silvally-Steel|94/100
|turn|13
|j| mom lover
|
|t:|1629753045
|move|p1a: Silvally|Swords Dance|p1a: Silvally
|-boost|p1a: Silvally|atk|2
|move|p2a: Cofagrigus|Body Press|p1a: Silvally
|-supereffective|p1a: Silvally
|-damage|p1a: Silvally|18/100
|
|upkeep
|turn|14
|inactive|Certified BoyLover has 150 seconds left.
|inactive|Certified BoyLover has 120 seconds left.
|inactive|Certified BoyLover has 90 seconds left.
|l|+ez
|
|t:|1629753156
|switch|p2a: Centiskorch|Centiskorch, M|100/100
|move|p1a: Silvally|Multi-Attack|p2a: Centiskorch
|-resisted|p2a: Centiskorch
|-damage|p2a: Centiskorch|37/100
|
|upkeep
|turn|15
|
|t:|1629753160
|move|p1a: Silvally|Multi-Attack|p2a: Centiskorch
|-resisted|p2a: Centiskorch
|-damage|p2a: Centiskorch|0 fnt
|faint|p2a: Centiskorch
|
|upkeep
|
|t:|1629753169
|switch|p2a: Galvantula|Galvantula, F|100/100
|turn|16
|inactive|Certified BoyLover has 60 seconds left.
|j| gglrg
|l| devin
|j| devin
|inactive|Certified BoyLover has 30 seconds left.
|inactive|Certified BoyLover has 20 seconds left.
|inactive|Certified BoyLover has 15 seconds left.
|
|t:|1629753245
|move|p2a: Galvantula|Bug Buzz|p1a: Silvally
|-resisted|p1a: Silvally
|-damage|p1a: Silvally|0 fnt
|faint|p1a: Silvally
|
|upkeep
|inactive|Certified BoyLover has 20 seconds left this turn.
|
|t:|1629753247
|switch|p1a: Dugtrio|Dugtrio-Alola, M|100/100
|turn|17
|inactive|Certified BoyLover has 30 seconds left this turn.
|
|t:|1629753253
|move|p1a: Dugtrio|Earthquake|p2a: Galvantula
|-enditem|p2a: Galvantula|Focus Sash
|-damage|p2a: Galvantula|1/100
|move|p2a: Galvantula|Energy Ball|p1a: Dugtrio
|-damage|p1a: Dugtrio|44/100
|
|upkeep
|turn|18
|
|t:|1629753259
|move|p1a: Dugtrio|Earthquake|p2a: Galvantula
|-damage|p2a: Galvantula|0 fnt
|faint|p2a: Galvantula
|
|upkeep
|
|t:|1629753261
|switch|p2a: Scrafty|Scrafty, M|100/100
|turn|19
|c| Cope + cry + larp|any critters
|
|t:|1629753263
|move|p1a: Dugtrio|Earthquake|p2a: Scrafty
|-damage|p2a: Scrafty|37/100
|move|p2a: Scrafty|Drain Punch|p1a: Dugtrio
|-supereffective|p1a: Dugtrio
|-crit|p1a: Dugtrio
|-damage|p1a: Dugtrio|0 fnt
|-heal|p2a: Scrafty|51/100|[from] drain|[of] p1a: Dugtrio
|-ability|p1a: Dugtrio|Tangling Hair
|-unboost|p2a: Scrafty|spe|1
|faint|p1a: Dugtrio
|
|win|zoowi
|c|☆Certified BoyLover|gg
|l|☆Certified BoyLover
|c|☆zoowi|gg
|l| go back to mexico
|l| devin
|l| gglrg
|l|+avarice
