|html|<div class="broadcast-blue"><strong>[Gen 8] PU is currently suspecting Vanilluxe! For information on how to participate check out the <a href="https://www.smogon.com/forums/threads/np-ss-pu-stage-10-ice-cream-vanilluxe-suspect-test.3705646/">suspect thread</a>.</strong></div>
|j|☆Troncher
|j|☆Eesturn
|t:|1659919736
|gametype|singles
|player|p1|Troncher|swimmer-gen4|1029
|player|p2|Eesturn|bellelba|1305
|teamsize|p1|6
|teamsize|p2|6
|gen|8
|tier|[Gen 8] PU
|rated|
|rule|Sleep Clause Mod: Limit one foe put to sleep
|rule|Species Clause: Limit one of each Pokémon
|rule|OHKO Clause: OHKO moves are banned
|rule|Evasion Items Clause: Evasion items are banned
|rule|Evasion Moves Clause: Evasion moves are banned
|rule|Endless Battle Clause: Forcing endless battles is banned
|rule|HP Percentage Mod: HP is shown in percentages
|rule|Dynamax Clause: You cannot dynamax
|clearpoke
|poke|p1|Lycanroc-Midnight, M|
|poke|p1|Basculin, M|
|poke|p1|Vikavolt, F|
|poke|p1|Dugtrio, M|
|poke|p1|Falinks|
|poke|p1|Silvally-*|
|poke|p2|Golduck, M|
|poke|p2|Togedemaru, M|
|poke|p2|Sandslash, M|
|poke|p2|Gigalith, M|
|poke|p2|Ferroseed, F|
|poke|p2|Charizard, F|
|teampreview
|
|t:|1659919742
|start
|switch|p1a: Dugtrio|Dugtrio, M|100/100
|switch|p2a: Togedemaru|Togedemaru, M|100/100
|turn|1
|
|t:|1659919749
|move|p1a: Dugtrio|Earthquake|p2a: Togedemaru
|-supereffective|p2a: Togedemaru
|-ability|p2a: Togedemaru|Sturdy
|-damage|p2a: Togedemaru|1/100
|move|p2a: Togedemaru|U-turn|p1a: Dugtrio
|-damage|p1a: Dugtrio|39/100
|
|t:|1659919755
|switch|p2a: Sandslash|Sandslash, M|100/100|[from]move: U-turn
|
|upkeep
|turn|2
|inactive|Battle timer is ON: inactive players will automatically lose when time's up. (requested by Eesturn)
|
|t:|1659919823
|move|p1a: Dugtrio|Stealth Rock|p2a: Sandslash
|-sidestart|p2: Eesturn|move: Stealth Rock
|move|p2a: Sandslash|Rapid Spin|p1a: Dugtrio
|-damage|p1a: Dugtrio|0 fnt
|-boost|p2a: Sandslash|spe|1
|-sideend|p2: Eesturn|Stealth Rock|[from] move: Rapid Spin|[of] p2a: Sandslash
|faint|p1a: Dugtrio
|
|upkeep
|
|t:|1659919839
|switch|p1a: Basculin|Basculin, M|100/100
|turn|3
|
|t:|1659919862
|switch|p2a: Ferroseed|Ferroseed, F|100/100
|move|p1a: Basculin|Flip Turn|p2a: Ferroseed
|-resisted|p2a: Ferroseed
|-damage|p2a: Ferroseed|90/100
|-damage|p1a: Basculin|88/100|[from] ability: Iron Barbs|[of] p2a: Ferroseed
|inactive|Troncher has 120 seconds left.
|
|t:|1659919879
|switch|p1a: Vikavolt|Vikavolt, F|100/100|[from]move: Flip Turn
|
|upkeep
|turn|4
|inactive|Troncher has 120 seconds left.
|
|t:|1659919892
|move|p1a: Vikavolt|Bug Buzz|p2a: Ferroseed
|-damage|p2a: Ferroseed|47/100
|move|p2a: Ferroseed|Spikes|p1a: Vikavolt
|-sidestart|p1: Troncher|Spikes
|
|upkeep
|turn|5
|
|t:|1659919897
|switch|p2a: Gigalith|Gigalith, M|100/100
|-weather|Sandstorm|[from] ability: Sand Stream|[of] p2a: Gigalith
|move|p1a: Vikavolt|Bug Buzz|p2a: Gigalith
|-crit|p2a: Gigalith
|-damage|p2a: Gigalith|64/100
|
|-weather|Sandstorm|[upkeep]
|-damage|p1a: Vikavolt|94/100|[from] Sandstorm
|-heal|p2a: Gigalith|70/100|[from] item: Leftovers
|upkeep
|turn|6
|inactive|Troncher has 120 seconds left.
|
|t:|1659919914
|switch|p1a: Falinks|Falinks|100/100
|-damage|p1a: Falinks|88/100|[from] Spikes
|move|p2a: Gigalith|Toxic|p1a: Falinks
|-status|p1a: Falinks|tox
|
|-weather|Sandstorm|[upkeep]
|-damage|p1a: Falinks|82/100 tox|[from] Sandstorm
|-heal|p1a: Falinks|88/100 tox|[from] item: Leftovers
|-heal|p2a: Gigalith|76/100|[from] item: Leftovers
|-damage|p1a: Falinks|82/100 tox|[from] psn
|upkeep
|turn|7
|inactive|Troncher has 120 seconds left.
|
|t:|1659919931
|switch|p2a: Sandslash|Sandslash, M|100/100
|move|p1a: Falinks|No Retreat|p1a: Falinks
|-boost|p1a: Falinks|atk|1
|-boost|p1a: Falinks|def|1
|-boost|p1a: Falinks|spa|1
|-boost|p1a: Falinks|spd|1
|-boost|p1a: Falinks|spe|1
|-start|p1a: Falinks|move: No Retreat
|
|-weather|Sandstorm|[upkeep]
|-damage|p1a: Falinks|77/100 tox|[from] Sandstorm
|-heal|p1a: Falinks|82/100 tox|[from] item: Leftovers
|-damage|p1a: Falinks|71/100 tox|[from] psn
|upkeep
|turn|8
|inactive|Troncher has 120 seconds left.
|
|t:|1659919944
|move|p2a: Sandslash|Earthquake|p1a: Falinks
|-damage|p1a: Falinks|34/100 tox
|move|p1a: Falinks|Close Combat|p2a: Sandslash
|-damage|p2a: Sandslash|11/100
|-unboost|p1a: Falinks|def|1
|-unboost|p1a: Falinks|spd|1
|
|-weather|Sandstorm|[upkeep]
|-damage|p1a: Falinks|28/100 tox|[from] Sandstorm
|-heal|p2a: Sandslash|17/100|[from] item: Leftovers
|-heal|p1a: Falinks|34/100 tox|[from] item: Leftovers
|-damage|p1a: Falinks|16/100 tox|[from] psn
|upkeep
|turn|9
|inactive|Troncher has 120 seconds left.
|
|t:|1659919966
|move|p2a: Sandslash|Rapid Spin|p1a: Falinks
|-damage|p1a: Falinks|0 fnt
|-boost|p2a: Sandslash|spe|1
|faint|p1a: Falinks
|
|-weather|none
|-heal|p2a: Sandslash|23/100|[from] item: Leftovers
|upkeep
|
|t:|1659919974
|switch|p1a: Basculin|Basculin, M|88/100
|-damage|p1a: Basculin|76/100|[from] Spikes
|turn|10
|inactive|Troncher has 120 seconds left.
|
|t:|1659919981
|switch|p2a: Golduck|Golduck, M|100/100
|-ability|p2a: Golduck|Cloud Nine
|move|p1a: Basculin|Flip Turn|p2a: Golduck
|-resisted|p2a: Golduck
|-damage|p2a: Golduck|75/100
|inactive|Troncher has 120 seconds left.
|
|t:|1659919995
|switch|p1a: Lycanroc|Lycanroc-Midnight, M|100/100|[from]move: Flip Turn
|-damage|p1a: Lycanroc|88/100|[from] Spikes
|
|-heal|p2a: Golduck|81/100|[from] item: Leftovers
|upkeep
|turn|11
|inactive|Troncher has 120 seconds left.
|
|t:|1659920006
|move|p2a: Golduck|Scald|p1a: Lycanroc
|-supereffective|p1a: Lycanroc
|-damage|p1a: Lycanroc|0 fnt
|faint|p1a: Lycanroc
|
|-heal|p2a: Golduck|87/100|[from] item: Leftovers
|upkeep
|
|t:|1659920012
|switch|p1a: Basculin|Basculin, M|76/100
|-damage|p1a: Basculin|63/100|[from] Spikes
|turn|12
|inactive|Troncher has 120 seconds left.
|
|t:|1659920036
|switch|p2a: Ferroseed|Ferroseed, F|47/100
|move|p1a: Basculin|Psychic Fangs|p2a: Ferroseed
|-resisted|p2a: Ferroseed
|-damage|p2a: Ferroseed|40/100
|-damage|p1a: Basculin|51/100|[from] ability: Iron Barbs|[of] p2a: Ferroseed
|
|upkeep
|turn|13
|inactive|Troncher has 120 seconds left.
|
|t:|1659920049
|switch|p1a: Vikavolt|Vikavolt, F|94/100
|move|p2a: Ferroseed|Leech Seed|p1a: Vikavolt
|-start|p1a: Vikavolt|move: Leech Seed
|
|-damage|p1a: Vikavolt|82/100|[from] Leech Seed|[of] p2a: Ferroseed
|-heal|p2a: Ferroseed|52/100|[silent]
|upkeep
|turn|14
|
|t:|1659920058
|switch|p2a: Gigalith|Gigalith, M|76/100
|-weather|Sandstorm|[from] ability: Sand Stream|[of] p2a: Gigalith
|move|p1a: Vikavolt|Bug Buzz|p2a: Gigalith
|-damage|p2a: Gigalith|48/100
|-unboost|p2a: Gigalith|spd|1
|
|-weather|Sandstorm|[upkeep]
|-damage|p1a: Vikavolt|76/100|[from] Sandstorm
|-heal|p2a: Gigalith|54/100|[from] item: Leftovers
|-damage|p1a: Vikavolt|64/100|[from] Leech Seed|[of] p2a: Gigalith
|-heal|p2a: Gigalith|64/100|[silent]
|upkeep
|turn|15
|
|t:|1659920071
|move|p1a: Vikavolt|Energy Ball|p2a: Gigalith
|-supereffective|p2a: Gigalith
|-damage|p2a: Gigalith|7/100
|move|p2a: Gigalith|Stealth Rock|p1a: Vikavolt
|-sidestart|p1: Troncher|move: Stealth Rock
|
|-weather|Sandstorm|[upkeep]
|-damage|p1a: Vikavolt|58/100|[from] Sandstorm
|-heal|p2a: Gigalith|14/100|[from] item: Leftovers
|-damage|p1a: Vikavolt|46/100|[from] Leech Seed|[of] p2a: Gigalith
|-heal|p2a: Gigalith|23/100|[silent]
|upkeep
|turn|16
|
|t:|1659920084
|switch|p2a: Ferroseed|Ferroseed, F|52/100
|move|p1a: Vikavolt|Energy Ball|p2a: Ferroseed
|-resisted|p2a: Ferroseed
|-crit|p2a: Ferroseed
|-damage|p2a: Ferroseed|40/100
|
|-weather|Sandstorm|[upkeep]
|-damage|p1a: Vikavolt|39/100|[from] Sandstorm
|-damage|p1a: Vikavolt|27/100|[from] Leech Seed|[of] p2a: Ferroseed
|-heal|p2a: Ferroseed|53/100|[silent]
|upkeep
|turn|17
|
|t:|1659920093
|switch|p2a: Charizard|Charizard, F|100/100
|move|p1a: Vikavolt|Bug Buzz|p2a: Charizard
|-resisted|p2a: Charizard
|-damage|p2a: Charizard|83/100
|
|-weather|Sandstorm|[upkeep]
|-damage|p2a: Charizard|77/100|[from] Sandstorm
|-damage|p1a: Vikavolt|21/100|[from] Sandstorm
|-damage|p1a: Vikavolt|9/100|[from] Leech Seed|[of] p2a: Charizard
|-heal|p2a: Charizard|89/100|[silent]
|upkeep
|turn|18
|
|t:|1659920104
|move|p2a: Charizard|Flamethrower|p1a: Vikavolt
|-supereffective|p1a: Vikavolt
|-damage|p1a: Vikavolt|0 fnt
|faint|p1a: Vikavolt
|
|-weather|none
|upkeep
|
|t:|1659920110
|switch|p1a: Basculin|Basculin, M|51/100
|-damage|p1a: Basculin|38/100|[from] Spikes
|-damage|p1a: Basculin|26/100|[from] Stealth Rock
|turn|19
|
|t:|1659920127
|move|p1a: Basculin|Liquidation|p2a: Charizard
|-supereffective|p2a: Charizard
|-damage|p2a: Charizard|0 fnt
|faint|p2a: Charizard
|
|upkeep
|
|t:|1659920132
|switch|p2a: Golduck|Golduck, M|87/100
|-ability|p2a: Golduck|Cloud Nine
|turn|20
|
|t:|1659920138
|switch|p1a: Silvally|Silvally-Ghost|100/100
|-damage|p1a: Silvally|88/100|[from] Spikes
|-damage|p1a: Silvally|76/100|[from] Stealth Rock
|move|p2a: Golduck|Scald|p1a: Silvally
|-damage|p1a: Silvally|48/100
|
|-heal|p2a: Golduck|93/100|[from] item: Leftovers
|upkeep
|turn|21
|
|t:|1659920156
|switch|p2a: Gigalith|Gigalith, M|23/100
|-weather|Sandstorm|[from] ability: Sand Stream|[of] p2a: Gigalith
|move|p1a: Silvally|Defog|p2a: Gigalith
|-unboost|p2a: Gigalith|evasion|1
|-sideend|p1: Troncher|Spikes|[from] move: Defog|[of] p1a: Silvally
|-sideend|p1: Troncher|Stealth Rock|[from] move: Defog|[of] p1a: Silvally
|
|-weather|Sandstorm|[upkeep]
|-damage|p1a: Silvally|42/100|[from] Sandstorm
|-heal|p2a: Gigalith|29/100|[from] item: Leftovers
|upkeep
|turn|22
|
|t:|1659920174
|move|p1a: Silvally|Multi-Attack|p2a: Gigalith
|-damage|p2a: Gigalith|0 fnt
|faint|p2a: Gigalith
|
|-weather|Sandstorm|[upkeep]
|-damage|p1a: Silvally|36/100|[from] Sandstorm
|upkeep
|
|t:|1659920182
|switch|p2a: Sandslash|Sandslash, M|23/100
|turn|23
|
|t:|1659920191
|move|p2a: Sandslash|Earthquake|p1a: Silvally
|-damage|p1a: Silvally|0 fnt
|faint|p1a: Silvally
|
|-weather|Sandstorm|[upkeep]
|-heal|p2a: Sandslash|29/100|[from] item: Leftovers
|upkeep
|
|t:|1659920197
|switch|p1a: Basculin|Basculin, M|26/100
|turn|24
|
|t:|1659920204
|move|p2a: Sandslash|Earthquake|p1a: Basculin
|-damage|p1a: Basculin|0 fnt
|faint|p1a: Basculin
|
|win|Eesturn
|raw|Troncher's rating: 1029 &rarr; <strong>1024</strong><br />(-5 for losing)
|raw|Eesturn's rating: 1305 &rarr; <strong>1312</strong><br />(+7 for winning)
|l|☆Eesturn
