|html|<div class="broadcast-blue"><strong>[Gen 8] PU is currently suspecting Espeon! For information on how to participate check out the <a href="https://www.smogon.com/forums/threads/np-pu-stage-8-magic-bounce.3697962/">suspect thread</a>.</strong></div>
|j|☆yugitoon
|j|☆MentalAdversity
|t:|1646328538
|gametype|singles
|player|p1|yugitoon|gentleman-gen4|1286
|player|p2|MentalAdversity|pokefanf-gen4|1578
|teamsize|p1|6
|teamsize|p2|6
|gen|8
|tier|[Gen 8] PU
|rated|
|rule|Sleep Clause Mod: Limit one foe put to sleep
|rule|Species Clause: Limit one of each Pokémon
|rule|OHKO Clause: OHKO moves are banned
|rule|Evasion Moves Clause: Evasion moves are banned
|rule|Endless Battle Clause: Forcing endless battles is banned
|rule|HP Percentage Mod: HP is shown in percentages
|rule|Dynamax Clause: You cannot dynamax
|clearpoke
|poke|p1|Golbat, M|
|poke|p1|Ferroseed, M|
|poke|p1|Sandaconda, M|
|poke|p1|Espeon, F|
|poke|p1|Hitmontop, M|
|poke|p1|Druddigon, M|
|poke|p2|Tangela, F|
|poke|p2|Articuno|
|poke|p2|Audino, M|
|poke|p2|Coalossal, M|
|poke|p2|Eldegoss, M|
|poke|p2|Quagsire, F|
|teampreview
|c|☆MentalAdversity|good morning sir
|
|t:|1646328562
|start
|switch|p1a: Ferroseed|Ferroseed, M|100/100
|switch|p2a: NURSE JOY|Audino, M, shiny|100/100
|turn|1
|c|☆yugitoon|good mornig
|
|t:|1646328572
|move|p2a: NURSE JOY|Knock Off|p1a: Ferroseed
|-damage|p1a: Ferroseed|91/100
|-damage|p2a: NURSE JOY|88/100|[from] ability: Iron Barbs|[of] p1a: Ferroseed
|-enditem|p1a: Ferroseed|Eviolite|[from] move: Knock Off|[of] p2a: NURSE JOY
|move|p1a: Ferroseed|Knock Off|p2a: NURSE JOY
|-damage|p2a: NURSE JOY|76/100
|-enditem|p2a: NURSE JOY|Heavy-Duty Boots|[from] move: Knock Off|[of] p1a: Ferroseed
|
|upkeep
|turn|2
|c|☆MentalAdversity|nooo my booties
|
|t:|1646328589
|switch|p2a: COTTONBALL|Eldegoss, M, shiny|100/100
|move|p1a: Ferroseed|Spikes|p2a: COTTONBALL
|-sidestart|p2: MentalAdversity|Spikes
|
|upkeep
|turn|3
|
|t:|1646328594
|move|p2a: COTTONBALL|Rapid Spin|p1a: Ferroseed
|-resisted|p1a: Ferroseed
|-damage|p1a: Ferroseed|89/100
|-boost|p2a: COTTONBALL|spe|1
|-damage|p2a: COTTONBALL|88/100|[from] ability: Iron Barbs|[of] p1a: Ferroseed
|-sideend|p2: MentalAdversity|Spikes|[from] move: Rapid Spin|[of] p2a: COTTONBALL
|move|p1a: Ferroseed|Knock Off|p2a: COTTONBALL
|-crit|p2a: COTTONBALL
|-damage|p2a: COTTONBALL|67/100
|-enditem|p2a: COTTONBALL|Heavy-Duty Boots|[from] move: Knock Off|[of] p1a: Ferroseed
|
|upkeep
|turn|4
|
|t:|1646328605
|switch|p2a: NURSE JOY|Audino, M, shiny|100/100
|switch|p1a: Golbat|Golbat, M|100/100
|
|upkeep
|turn|5
|
|t:|1646328612
|move|p1a: Golbat|U-turn|p2a: NURSE JOY
|-damage|p2a: NURSE JOY|87/100
|
|t:|1646328615
|switch|p1a: Hitmontop|Hitmontop, M|100/100|[from]move: U-turn
|-ability|p1a: Hitmontop|Intimidate|boost
|-unboost|p2a: NURSE JOY|atk|1
|move|p2a: NURSE JOY|Knock Off|p1a: Hitmontop
|-resisted|p1a: Hitmontop
|-damage|p1a: Hitmontop|95/100
|-enditem|p1a: Hitmontop|Assault Vest|[from] move: Knock Off|[of] p2a: NURSE JOY
|
|upkeep
|turn|6
|
|t:|1646328629
|switch|p2a: DREADLOCKPUBE|Tangela, F, shiny|100/100
|move|p1a: Hitmontop|Fake Out|p2a: DREADLOCKPUBE
|-damage|p2a: DREADLOCKPUBE|94/100
|
|upkeep
|turn|7
|
|t:|1646328635
|move|p1a: Hitmontop|Triple Axel|p2a: DREADLOCKPUBE
|-supereffective|p2a: DREADLOCKPUBE
|-damage|p2a: DREADLOCKPUBE|89/100
|-hitcount|p2a: DREADLOCKPUBE|1
|move|p2a: DREADLOCKPUBE|Toxic|p1a: Hitmontop
|-status|p1a: Hitmontop|tox
|
|-damage|p1a: Hitmontop|88/100 tox|[from] psn
|upkeep
|turn|8
|
|t:|1646328643
|switch|p1a: Ferroseed|Ferroseed, M|89/100
|move|p2a: DREADLOCKPUBE|Protect||[still]
|-fail|p2a: DREADLOCKPUBE
|
|upkeep
|turn|9
|
|t:|1646328648
|switch|p2a: COTTONBALL|Eldegoss, M, shiny|100/100
|move|p1a: Ferroseed|Spikes|p2a: COTTONBALL
|-sidestart|p2: MentalAdversity|Spikes
|
|upkeep
|turn|10
|
|t:|1646328652
|move|p2a: COTTONBALL|Rapid Spin|p1a: Ferroseed
|-resisted|p1a: Ferroseed
|-damage|p1a: Ferroseed|86/100
|-boost|p2a: COTTONBALL|spe|1
|-damage|p2a: COTTONBALL|88/100|[from] ability: Iron Barbs|[of] p1a: Ferroseed
|-sideend|p2: MentalAdversity|Spikes|[from] move: Rapid Spin|[of] p2a: COTTONBALL
|move|p1a: Ferroseed|Spikes|p2a: COTTONBALL
|-sidestart|p2: MentalAdversity|Spikes
|
|upkeep
|turn|11
|
|t:|1646328659
|move|p2a: COTTONBALL|Rapid Spin|p1a: Ferroseed
|-resisted|p1a: Ferroseed
|-damage|p1a: Ferroseed|83/100
|-boost|p2a: COTTONBALL|spe|1
|-damage|p2a: COTTONBALL|76/100|[from] ability: Iron Barbs|[of] p1a: Ferroseed
|-sideend|p2: MentalAdversity|Spikes|[from] move: Rapid Spin|[of] p2a: COTTONBALL
|move|p1a: Ferroseed|Spikes|p2a: COTTONBALL
|-sidestart|p2: MentalAdversity|Spikes
|
|upkeep
|turn|12
|c|☆MentalAdversity|no hazards pls
|c|☆MentalAdversity|thats illegal
|
|t:|1646328668
|move|p2a: COTTONBALL|Rapid Spin|p1a: Ferroseed
|-resisted|p1a: Ferroseed
|-damage|p1a: Ferroseed|80/100
|-boost|p2a: COTTONBALL|spe|1
|-damage|p2a: COTTONBALL|63/100|[from] ability: Iron Barbs|[of] p1a: Ferroseed
|-sideend|p2: MentalAdversity|Spikes|[from] move: Rapid Spin|[of] p2a: COTTONBALL
|move|p1a: Ferroseed|Spikes|p2a: COTTONBALL
|-sidestart|p2: MentalAdversity|Spikes
|
|upkeep
|turn|13
|
|t:|1646328677
|switch|p1a: Druddigon|Druddigon, M|100/100
|move|p2a: COTTONBALL|Rapid Spin|p1a: Druddigon
|-damage|p1a: Druddigon|93/100
|-boost|p2a: COTTONBALL|spe|1
|-sideend|p2: MentalAdversity|Spikes|[from] move: Rapid Spin|[of] p2a: COTTONBALL
|
|upkeep
|turn|14
|
|t:|1646328686
|switch|p2a: THE ROCK|Coalossal, M, shiny|100/100
|move|p1a: Druddigon|Fire Punch|p2a: THE ROCK
|-resisted|p2a: THE ROCK
|-damage|p2a: THE ROCK|95/100
|
|upkeep
|turn|15
|
|t:|1646328696
|switch|p1a: Hitmontop|Hitmontop, M|88/100 tox
|-ability|p1a: Hitmontop|Intimidate|boost
|-unboost|p2a: THE ROCK|atk|1
|move|p2a: THE ROCK|Scald|p1a: Hitmontop
|-damage|p1a: Hitmontop|73/100 tox
|
|-damage|p1a: Hitmontop|67/100 tox|[from] psn
|upkeep
|turn|16
|
|t:|1646328707
|move|p1a: Hitmontop|Mach Punch|p2a: THE ROCK
|-supereffective|p2a: THE ROCK
|-damage|p2a: THE ROCK|77/100
|move|p2a: THE ROCK|Stealth Rock|p1a: Hitmontop
|-sidestart|p1: yugitoon|move: Stealth Rock
|
|-damage|p1a: Hitmontop|54/100 tox|[from] psn
|upkeep
|turn|17
|c|☆MentalAdversity|thank uuuu
|
|t:|1646328715
|switch|p2a: DREADLOCKPUBE|Tangela, F, shiny|100/100
|move|p1a: Hitmontop|Rapid Spin|p2a: DREADLOCKPUBE
|-damage|p2a: DREADLOCKPUBE|94/100
|-boost|p1a: Hitmontop|spe|1
|-sideend|p1: yugitoon|Stealth Rock|[from] move: Rapid Spin|[of] p1a: Hitmontop
|
|-damage|p1a: Hitmontop|36/100 tox|[from] psn
|upkeep
|turn|18
|c|☆MentalAdversity|NO
|c|☆MentalAdversity|ILLEGAL BORTHER
|
|t:|1646328726
|switch|p1a: Espeon|Espeon, F|100/100
|move|p2a: DREADLOCKPUBE|Knock Off|p1a: Espeon
|-supereffective|p1a: Espeon
|-damage|p1a: Espeon|49/100
|-enditem|p1a: Espeon|Life Orb|[from] move: Knock Off|[of] p2a: DREADLOCKPUBE
|
|upkeep
|turn|19
|
|t:|1646328735
|switch|p2a: BLUE JAYS|Articuno|100/100
|-ability|p2a: BLUE JAYS|Pressure
|move|p1a: Espeon|Psyshock|p2a: BLUE JAYS
|-damage|p2a: BLUE JAYS|65/100
|
|upkeep
|turn|20
|
|t:|1646328745
|switch|p1a: Druddigon|Druddigon, M|93/100
|move|p2a: BLUE JAYS|Roost|p2a: BLUE JAYS
|-heal|p2a: BLUE JAYS|100/100
|-singleturn|p2a: BLUE JAYS|move: Roost
|
|upkeep
|turn|21
|
|t:|1646328754
|switch|p2a: THE ROCK|Coalossal, M, shiny|77/100
|move|p1a: Druddigon|Fire Punch|p2a: THE ROCK
|-resisted|p2a: THE ROCK
|-damage|p2a: THE ROCK|71/100
|
|upkeep
|turn|22
|
|t:|1646328764
|switch|p1a: Sandaconda|Sandaconda, M|100/100
|move|p2a: THE ROCK|Scald|p1a: Sandaconda
|-supereffective|p1a: Sandaconda
|-damage|p1a: Sandaconda|56/100
|
|-heal|p1a: Sandaconda|62/100|[from] item: Leftovers
|upkeep
|turn|23
|
|t:|1646328775
|switch|p2a: DREADLOCKPUBE|Tangela, F, shiny|100/100
|move|p1a: Sandaconda|Stone Edge|p2a: DREADLOCKPUBE
|-damage|p2a: DREADLOCKPUBE|85/100
|
|-heal|p1a: Sandaconda|69/100|[from] item: Leftovers
|upkeep
|turn|24
|
|t:|1646328784
|switch|p1a: Golbat|Golbat, M|100/100
|move|p2a: DREADLOCKPUBE|Knock Off|p1a: Golbat
|-damage|p1a: Golbat|91/100
|-enditem|p1a: Golbat|Eviolite|[from] move: Knock Off|[of] p2a: DREADLOCKPUBE
|
|upkeep
|turn|25
|
|t:|1646328792
|switch|p2a: THE ROCK|Coalossal, M, shiny|71/100
|move|p1a: Golbat|U-turn|p2a: THE ROCK
|-resisted|p2a: THE ROCK
|-crit|p2a: THE ROCK
|-damage|p2a: THE ROCK|66/100
|
|t:|1646328799
|switch|p1a: Sandaconda|Sandaconda, M|69/100|[from]move: U-turn
|
|-heal|p1a: Sandaconda|75/100|[from] item: Leftovers
|upkeep
|turn|26
|
|t:|1646328804
|switch|p2a: DREADLOCKPUBE|Tangela, F, shiny|100/100
|move|p1a: Sandaconda|Earthquake|p2a: DREADLOCKPUBE
|-resisted|p2a: DREADLOCKPUBE
|-damage|p2a: DREADLOCKPUBE|90/100
|
|-heal|p1a: Sandaconda|81/100|[from] item: Leftovers
|upkeep
|turn|27
|
|t:|1646328812
|switch|p1a: Golbat|Golbat, M|91/100
|move|p2a: DREADLOCKPUBE|Knock Off|p1a: Golbat
|-damage|p1a: Golbat|82/100
|
|upkeep
|turn|28
|
|t:|1646328817
|switch|p2a: THE ROCK|Coalossal, M, shiny|66/100
|move|p1a: Golbat|Brave Bird|p2a: THE ROCK
|-resisted|p2a: THE ROCK
|-damage|p2a: THE ROCK|57/100
|-status|p1a: Golbat|brn|[from] ability: Flame Body|[of] p2a: THE ROCK
|-damage|p1a: Golbat|78/100 brn|[from] Recoil
|
|-damage|p1a: Golbat|72/100 brn|[from] brn
|upkeep
|turn|29
|c|☆MentalAdversity|thank u lord
|
|t:|1646328828
|move|p1a: Golbat|U-turn|p2a: THE ROCK
|-resisted|p2a: THE ROCK
|-damage|p2a: THE ROCK|55/100
|
|t:|1646328831
|switch|p1a: Espeon|Espeon, F|49/100|[from]move: U-turn
|move|p2a: THE ROCK|Rest|p2a: THE ROCK
|-status|p2a: THE ROCK|slp|[from] move: Rest
|-heal|p2a: THE ROCK|100/100 slp|[silent]
|
|upkeep
|turn|30
|c|☆MentalAdversity|no stealthy boyye
|
|t:|1646328844
|switch|p2a: BLUE JAYS|Articuno|100/100
|-ability|p2a: BLUE JAYS|Pressure
|move|p1a: Espeon|Shadow Ball|p2a: BLUE JAYS
|-damage|p2a: BLUE JAYS|85/100
|
|upkeep
|turn|31
|
|t:|1646328853
|switch|p1a: Hitmontop|Hitmontop, M|36/100 tox
|-ability|p1a: Hitmontop|Intimidate|boost
|-unboost|p2a: BLUE JAYS|atk|1
|switch|p2a: NURSE JOY|Audino, M, shiny|100/100
|
|-damage|p1a: Hitmontop|29/100 tox|[from] psn
|upkeep
|turn|32
|
|t:|1646328881
|move|p2a: NURSE JOY|Protect|p2a: NURSE JOY
|-singleturn|p2a: NURSE JOY|Protect
|move|p1a: Hitmontop|Mach Punch|p2a: NURSE JOY
|-activate|p2a: NURSE JOY|move: Protect
|
|-damage|p1a: Hitmontop|17/100 tox|[from] psn
|upkeep
|turn|33
|
|t:|1646328891
|switch|p2a: DREADLOCKPUBE|Tangela, F, shiny|100/100
|move|p1a: Hitmontop|Triple Axel|p2a: DREADLOCKPUBE
|-supereffective|p2a: DREADLOCKPUBE
|-damage|p2a: DREADLOCKPUBE|95/100
|-supereffective|p2a: DREADLOCKPUBE
|-damage|p2a: DREADLOCKPUBE|84/100
|-supereffective|p2a: DREADLOCKPUBE
|-damage|p2a: DREADLOCKPUBE|66/100
|-hitcount|p2a: DREADLOCKPUBE|3
|
|-damage|p1a: Hitmontop|0 fnt|[from] psn
|faint|p1a: Hitmontop
|upkeep
|
|t:|1646328903
|switch|p1a: Ferroseed|Ferroseed, M|80/100
|turn|34
|
|t:|1646328906
|switch|p2a: COTTONBALL|Eldegoss, M, shiny|97/100
|move|p1a: Ferroseed|Knock Off|p2a: COTTONBALL
|-damage|p2a: COTTONBALL|87/100
|
|upkeep
|turn|35
|
|t:|1646328912
|switch|p1a: Druddigon|Druddigon, M|93/100
|move|p2a: COTTONBALL|Aromatherapy|p2a: COTTONBALL
|-activate|p2a: COTTONBALL|move: Aromatherapy
|-curestatus|p2: THE ROCK|slp|[msg]
|
|upkeep
|turn|36
|
|t:|1646328919
|switch|p2a: THE ROCK|Coalossal, M, shiny|100/100
|move|p1a: Druddigon|Gunk Shot|p2a: THE ROCK|[miss]
|-miss|p1a: Druddigon|p2a: THE ROCK
|
|upkeep
|turn|37
|-message|yugitoon forfeited.
|
|win|MentalAdversity
|raw|yugitoon's rating: 1286 &rarr; <strong>1278</strong><br />(-8 for losing)
|raw|MentalAdversity's rating: 1578 &rarr; <strong>1584</strong><br />(+6 for winning)
|l|☆yugitoon
|c|☆MentalAdversity|thank u lord
||Ladder isn't responding, score probably updated but might not have (Request timeout).
