|j|☆Suwa_yriafelc
|j|☆Niek125
|player|p1|Suwa_yriafelc|pokemonranger-gen4|1286
|player|p2|Niek125|mira|1351
|teamsize|p1|6
|teamsize|p2|6
|gametype|singles
|gen|8
|tier|[Gen 8] PU
|rated|
|clearpoke
|poke|p1|Stunfisk, M|
|poke|p1|Raboot, M|
|poke|p1|Roselia, M|
|poke|p1|Hitmontop, M|
|poke|p1|Musharna, M|
|poke|p1|Mr. Rime, M|
|poke|p2|Gothitelle, F|
|poke|p2|Throh, M|
|poke|p2|Dusclops, M|
|poke|p2|Ludicolo, M|
|poke|p2|Vespiquen, F|
|poke|p2|Trevenant, M|
|rule|Sleep Clause Mod: Limit one foe put to sleep
|rule|Species Clause: Limit one of each Pokémon
|rule|OHKO Clause: OHKO moves are banned
|rule|Evasion Moves Clause: Evasion moves are banned
|rule|Endless Battle Clause: Forcing endless battles is banned
|rule|HP Percentage Mod: HP is shown in percentages
|rule|Dynamax Clause: You cannot dynamax
|teampreview
|inactive|Battle timer is ON: inactive players will automatically lose when time's up. (requested by Suwa_yriafelc)
|c|☆Niek125|gl hf
|j| Rona Snapped
|l| Rona Snapped
|
|start
|switch|p1a: Mr. Rime|Mr. Rime, M|100/100
|switch|p2a: Gothitelle|Gothitelle, F|100/100
|turn|1
|
|move|p1a: Mr. Rime|Shadow Ball|p2a: Gothitelle
|-supereffective|p2a: Gothitelle
|-damage|p2a: Gothitelle|48/100
|move|p2a: Gothitelle|Cosmic Power|p2a: Gothitelle
|-boost|p2a: Gothitelle|def|1
|-boost|p2a: Gothitelle|spd|1
|
|-heal|p2a: Gothitelle|54/100|[from] item: Leftovers
|upkeep
|turn|2
|
|move|p1a: Mr. Rime|Shadow Ball|p2a: Gothitelle
|-supereffective|p2a: Gothitelle
|-damage|p2a: Gothitelle|21/100
|move|p2a: Gothitelle|Rest|p2a: Gothitelle
|-status|p2a: Gothitelle|slp|[from] move: Rest
|-heal|p2a: Gothitelle|100/100 slp|[silent]
|
|upkeep
|turn|3
|
|switch|p1a: Musharna|Musharna, M|100/100
|cant|p2a: Gothitelle|slp
|move|p2a: Gothitelle|Sleep Talk|p2a: Gothitelle
|move|p2a: Gothitelle|Rest|p2a: Gothitelle|[from]Sleep Talk
|-fail|p2a: Gothitelle|heal
|
|upkeep
|turn|4
|
|cant|p2a: Gothitelle|slp
|move|p2a: Gothitelle|Sleep Talk|p2a: Gothitelle
|move|p2a: Gothitelle|Rest|p2a: Gothitelle|[from]Sleep Talk
|-fail|p2a: Gothitelle|heal
|move|p1a: Musharna|Calm Mind|p1a: Musharna
|-boost|p1a: Musharna|spa|1
|-boost|p1a: Musharna|spd|1
|
|upkeep
|turn|5
|
|-curestatus|p2a: Gothitelle|slp|[msg]
|move|p2a: Gothitelle|Cosmic Power|p2a: Gothitelle
|-boost|p2a: Gothitelle|def|1
|-boost|p2a: Gothitelle|spd|1
|move|p1a: Musharna|Calm Mind|p1a: Musharna
|-boost|p1a: Musharna|spa|1
|-boost|p1a: Musharna|spd|1
|
|upkeep
|turn|6
|
|move|p2a: Gothitelle|Cosmic Power|p2a: Gothitelle
|-boost|p2a: Gothitelle|def|1
|-boost|p2a: Gothitelle|spd|1
|move|p1a: Musharna|Calm Mind|p1a: Musharna
|-boost|p1a: Musharna|spa|1
|-boost|p1a: Musharna|spd|1
|
|upkeep
|turn|7
|
|move|p2a: Gothitelle|Cosmic Power|p2a: Gothitelle
|-boost|p2a: Gothitelle|def|1
|-boost|p2a: Gothitelle|spd|1
|move|p1a: Musharna|Calm Mind|p1a: Musharna
|-boost|p1a: Musharna|spa|1
|-boost|p1a: Musharna|spd|1
|
|upkeep
|turn|8
|
|move|p2a: Gothitelle|Cosmic Power|p2a: Gothitelle
|-boost|p2a: Gothitelle|def|1
|-boost|p2a: Gothitelle|spd|1
|move|p1a: Musharna|Calm Mind|p1a: Musharna
|-boost|p1a: Musharna|spa|1
|-boost|p1a: Musharna|spd|1
|
|upkeep
|turn|9
|
|move|p2a: Gothitelle|Cosmic Power|p2a: Gothitelle
|-boost|p2a: Gothitelle|def|1
|-boost|p2a: Gothitelle|spd|1
|move|p1a: Musharna|Calm Mind|p1a: Musharna
|-boost|p1a: Musharna|spa|1
|-boost|p1a: Musharna|spd|1
|
|upkeep
|turn|10
|
|move|p2a: Gothitelle|Stored Power|p1a: Musharna
|-resisted|p1a: Musharna
|-damage|p1a: Musharna|94/100
|move|p1a: Musharna|Psychic|p2a: Gothitelle
|-resisted|p2a: Gothitelle
|-damage|p2a: Gothitelle|90/100
|
|-heal|p2a: Gothitelle|96/100|[from] item: Leftovers
|-heal|p1a: Musharna|99/100|[from] item: Leftovers
|upkeep
|turn|11
|
|move|p2a: Gothitelle|Stored Power|p1a: Musharna
|-resisted|p1a: Musharna
|-damage|p1a: Musharna|94/100
|move|p1a: Musharna|Psychic|p2a: Gothitelle
|-resisted|p2a: Gothitelle
|-damage|p2a: Gothitelle|86/100
|
|-heal|p2a: Gothitelle|92/100|[from] item: Leftovers
|-heal|p1a: Musharna|99/100|[from] item: Leftovers
|upkeep
|turn|12
|
|move|p2a: Gothitelle|Cosmic Power|p2a: Gothitelle
|-boost|p2a: Gothitelle|def|0
|-boost|p2a: Gothitelle|spd|0
|move|p1a: Musharna|Moonblast|p2a: Gothitelle
|-damage|p2a: Gothitelle|75/100
|-unboost|p2a: Gothitelle|spa|1
|-ability|p2a: Gothitelle|Competitive
|-boost|p2a: Gothitelle|spa|2
|
|-heal|p2a: Gothitelle|81/100|[from] item: Leftovers
|-heal|p1a: Musharna|100/100|[from] item: Leftovers
|upkeep
|turn|13
|
|move|p2a: Gothitelle|Cosmic Power|p2a: Gothitelle
|-boost|p2a: Gothitelle|def|0
|-boost|p2a: Gothitelle|spd|0
|move|p1a: Musharna|Psychic|p2a: Gothitelle
|-resisted|p2a: Gothitelle
|-damage|p2a: Gothitelle|71/100
|
|-heal|p2a: Gothitelle|77/100|[from] item: Leftovers
|upkeep
|turn|14
|
|move|p2a: Gothitelle|Cosmic Power|p2a: Gothitelle
|-boost|p2a: Gothitelle|def|0
|-boost|p2a: Gothitelle|spd|0
|move|p1a: Musharna|Psychic|p2a: Gothitelle
|-resisted|p2a: Gothitelle
|-damage|p2a: Gothitelle|66/100
|
|-heal|p2a: Gothitelle|72/100|[from] item: Leftovers
|upkeep
|turn|15
|
|move|p2a: Gothitelle|Cosmic Power|p2a: Gothitelle
|-boost|p2a: Gothitelle|def|0
|-boost|p2a: Gothitelle|spd|0
|move|p1a: Musharna|Psychic|p2a: Gothitelle
|-resisted|p2a: Gothitelle
|-damage|p2a: Gothitelle|60/100
|
|-heal|p2a: Gothitelle|66/100|[from] item: Leftovers
|upkeep
|turn|16
|inactive|Niek125 has 120 seconds left.
|
|move|p2a: Gothitelle|Cosmic Power|p2a: Gothitelle
|-boost|p2a: Gothitelle|def|0
|-boost|p2a: Gothitelle|spd|0
|move|p1a: Musharna|Psychic|p2a: Gothitelle
|-resisted|p2a: Gothitelle
|-damage|p2a: Gothitelle|55/100
|
|-heal|p2a: Gothitelle|61/100|[from] item: Leftovers
|upkeep
|turn|17
|
|move|p2a: Gothitelle|Cosmic Power|p2a: Gothitelle
|-boost|p2a: Gothitelle|def|0
|-boost|p2a: Gothitelle|spd|0
|move|p1a: Musharna|Psychic|p2a: Gothitelle
|-resisted|p2a: Gothitelle
|-damage|p2a: Gothitelle|49/100
|
|-heal|p2a: Gothitelle|55/100|[from] item: Leftovers
|upkeep
|turn|18
|
|move|p2a: Gothitelle|Cosmic Power|p2a: Gothitelle
|-boost|p2a: Gothitelle|def|0
|-boost|p2a: Gothitelle|spd|0
|move|p1a: Musharna|Psychic|p2a: Gothitelle
|-resisted|p2a: Gothitelle
|-damage|p2a: Gothitelle|44/100
|
|-heal|p2a: Gothitelle|50/100|[from] item: Leftovers
|upkeep
|turn|19
|
|move|p2a: Gothitelle|Cosmic Power|p2a: Gothitelle
|-boost|p2a: Gothitelle|def|0
|-boost|p2a: Gothitelle|spd|0
|move|p1a: Musharna|Psychic|p2a: Gothitelle
|-resisted|p2a: Gothitelle
|-damage|p2a: Gothitelle|39/100
|
|-heal|p2a: Gothitelle|46/100|[from] item: Leftovers
|upkeep
|turn|20
|
|move|p2a: Gothitelle|Cosmic Power|p2a: Gothitelle
|-boost|p2a: Gothitelle|def|0
|-boost|p2a: Gothitelle|spd|0
|move|p1a: Musharna|Psychic|p2a: Gothitelle
|-resisted|p2a: Gothitelle
|-damage|p2a: Gothitelle|35/100
|
|-heal|p2a: Gothitelle|41/100|[from] item: Leftovers
|upkeep
|turn|21
|
|move|p2a: Gothitelle|Cosmic Power|p2a: Gothitelle
|-boost|p2a: Gothitelle|def|0
|-boost|p2a: Gothitelle|spd|0
|move|p1a: Musharna|Calm Mind|p1a: Musharna
|-boost|p1a: Musharna|spa|0
|-boost|p1a: Musharna|spd|0
|
|-heal|p2a: Gothitelle|47/100|[from] item: Leftovers
|upkeep
|turn|22
|
|move|p2a: Gothitelle|Cosmic Power|p2a: Gothitelle
|-boost|p2a: Gothitelle|def|0
|-boost|p2a: Gothitelle|spd|0
|move|p1a: Musharna|Psychic|p2a: Gothitelle
|-resisted|p2a: Gothitelle
|-damage|p2a: Gothitelle|36/100
|
|-heal|p2a: Gothitelle|42/100|[from] item: Leftovers
|upkeep
|turn|23
|
|move|p2a: Gothitelle|Cosmic Power|p2a: Gothitelle
|-boost|p2a: Gothitelle|def|0
|-boost|p2a: Gothitelle|spd|0
|move|p1a: Musharna|Psychic|p2a: Gothitelle
|-resisted|p2a: Gothitelle
|-damage|p2a: Gothitelle|31/100
|
|-heal|p2a: Gothitelle|37/100|[from] item: Leftovers
|upkeep
|turn|24
|
|move|p2a: Gothitelle|Cosmic Power|p2a: Gothitelle
|-boost|p2a: Gothitelle|def|0
|-boost|p2a: Gothitelle|spd|0
|move|p1a: Musharna|Calm Mind|p1a: Musharna
|-boost|p1a: Musharna|spa|0
|-boost|p1a: Musharna|spd|0
|
|-heal|p2a: Gothitelle|43/100|[from] item: Leftovers
|upkeep
|turn|25
|
|move|p2a: Gothitelle|Cosmic Power|p2a: Gothitelle
|-boost|p2a: Gothitelle|def|0
|-boost|p2a: Gothitelle|spd|0
|move|p1a: Musharna|Psychic|p2a: Gothitelle
|-resisted|p2a: Gothitelle
|-damage|p2a: Gothitelle|32/100
|
|-heal|p2a: Gothitelle|39/100|[from] item: Leftovers
|upkeep
|turn|26
|
|move|p2a: Gothitelle|Cosmic Power|p2a: Gothitelle
|-boost|p2a: Gothitelle|def|0
|-boost|p2a: Gothitelle|spd|0
|move|p1a: Musharna|Psychic|p2a: Gothitelle
|-resisted|p2a: Gothitelle
|-damage|p2a: Gothitelle|28/100
|
|-heal|p2a: Gothitelle|34/100|[from] item: Leftovers
|upkeep
|turn|27
|
|move|p2a: Gothitelle|Cosmic Power|p2a: Gothitelle
|-boost|p2a: Gothitelle|def|0
|-boost|p2a: Gothitelle|spd|0
|move|p1a: Musharna|Psychic|p2a: Gothitelle
|-resisted|p2a: Gothitelle
|-damage|p2a: Gothitelle|23/100
|
|-heal|p2a: Gothitelle|29/100|[from] item: Leftovers
|upkeep
|turn|28
|
|move|p2a: Gothitelle|Cosmic Power|p2a: Gothitelle
|-boost|p2a: Gothitelle|def|0
|-boost|p2a: Gothitelle|spd|0
|move|p1a: Musharna|Calm Mind|p1a: Musharna
|-boost|p1a: Musharna|spa|0
|-boost|p1a: Musharna|spd|0
|
|-heal|p2a: Gothitelle|35/100|[from] item: Leftovers
|upkeep
|turn|29
|
|move|p2a: Gothitelle|Cosmic Power|p2a: Gothitelle
|-boost|p2a: Gothitelle|def|0
|-boost|p2a: Gothitelle|spd|0
|move|p1a: Musharna|Calm Mind|p1a: Musharna
|-boost|p1a: Musharna|spa|0
|-boost|p1a: Musharna|spd|0
|
|-heal|p2a: Gothitelle|41/100|[from] item: Leftovers
|upkeep
|turn|30
|
|move|p2a: Gothitelle|Cosmic Power|p2a: Gothitelle
|-boost|p2a: Gothitelle|def|0
|-boost|p2a: Gothitelle|spd|0
|move|p1a: Musharna|Psychic|p2a: Gothitelle
|-resisted|p2a: Gothitelle
|-damage|p2a: Gothitelle|29/100
|
|-heal|p2a: Gothitelle|35/100|[from] item: Leftovers
|upkeep
|turn|31
|
|move|p2a: Gothitelle|Cosmic Power|p2a: Gothitelle
|-boost|p2a: Gothitelle|def|0
|-boost|p2a: Gothitelle|spd|0
|move|p1a: Musharna|Calm Mind|p1a: Musharna
|-boost|p1a: Musharna|spa|0
|-boost|p1a: Musharna|spd|0
|
|-heal|p2a: Gothitelle|41/100|[from] item: Leftovers
|upkeep
|turn|32
|
|move|p2a: Gothitelle|Cosmic Power|p2a: Gothitelle
|-boost|p2a: Gothitelle|def|0
|-boost|p2a: Gothitelle|spd|0
|move|p1a: Musharna|Calm Mind|p1a: Musharna
|-boost|p1a: Musharna|spa|0
|-boost|p1a: Musharna|spd|0
|
|-heal|p2a: Gothitelle|48/100|[from] item: Leftovers
|upkeep
|turn|33
|
|move|p2a: Gothitelle|Cosmic Power|p2a: Gothitelle
|-boost|p2a: Gothitelle|def|0
|-boost|p2a: Gothitelle|spd|0
|move|p1a: Musharna|Calm Mind|p1a: Musharna
|-boost|p1a: Musharna|spa|0
|-boost|p1a: Musharna|spd|0
|
|-heal|p2a: Gothitelle|54/100|[from] item: Leftovers
|upkeep
|turn|34
|
|move|p2a: Gothitelle|Rest|p2a: Gothitelle
|-status|p2a: Gothitelle|slp|[from] move: Rest
|-heal|p2a: Gothitelle|100/100 slp|[silent]
|move|p1a: Musharna|Calm Mind|p1a: Musharna
|-boost|p1a: Musharna|spa|0
|-boost|p1a: Musharna|spd|0
|
|upkeep
|turn|35
|j| Gulag champ
|
|cant|p2a: Gothitelle|slp
|move|p1a: Musharna|Calm Mind|p1a: Musharna
|-boost|p1a: Musharna|spa|0
|-boost|p1a: Musharna|spd|0
|
|upkeep
|turn|36
|
|cant|p2a: Gothitelle|slp
|move|p1a: Musharna|Calm Mind|p1a: Musharna
|-boost|p1a: Musharna|spa|0
|-boost|p1a: Musharna|spd|0
|
|upkeep
|turn|37
|
|-curestatus|p2a: Gothitelle|slp|[msg]
|move|p2a: Gothitelle|Rest|p2a: Gothitelle
|-fail|p2a: Gothitelle|heal
|move|p1a: Musharna|Calm Mind|p1a: Musharna
|-boost|p1a: Musharna|spa|0
|-boost|p1a: Musharna|spd|0
|
|upkeep
|turn|38
|
|move|p2a: Gothitelle|Stored Power|p1a: Musharna
|-resisted|p1a: Musharna
|-damage|p1a: Musharna|90/100
|move|p1a: Musharna|Calm Mind|p1a: Musharna
|-boost|p1a: Musharna|spa|0
|-boost|p1a: Musharna|spd|0
|
|-heal|p1a: Musharna|96/100|[from] item: Leftovers
|upkeep
|turn|39
|l| Gulag champ
|
|move|p2a: Gothitelle|Cosmic Power|p2a: Gothitelle
|-boost|p2a: Gothitelle|def|0
|-boost|p2a: Gothitelle|spd|0
|move|p1a: Musharna|Calm Mind|p1a: Musharna
|-boost|p1a: Musharna|spa|0
|-boost|p1a: Musharna|spd|0
|
|-heal|p1a: Musharna|100/100|[from] item: Leftovers
|upkeep
|turn|40
|
|move|p2a: Gothitelle|Cosmic Power|p2a: Gothitelle
|-boost|p2a: Gothitelle|def|0
|-boost|p2a: Gothitelle|spd|0
|move|p1a: Musharna|Moonlight||[still]
|-fail|p1a: Musharna
|
|upkeep
|turn|41
|
|move|p2a: Gothitelle|Cosmic Power|p2a: Gothitelle
|-boost|p2a: Gothitelle|def|0
|-boost|p2a: Gothitelle|spd|0
|move|p1a: Musharna|Calm Mind|p1a: Musharna
|-boost|p1a: Musharna|spa|0
|-boost|p1a: Musharna|spd|0
|
|upkeep
|turn|42
|
|move|p2a: Gothitelle|Cosmic Power|p2a: Gothitelle
|-boost|p2a: Gothitelle|def|0
|-boost|p2a: Gothitelle|spd|0
|move|p1a: Musharna|Calm Mind|p1a: Musharna
|-boost|p1a: Musharna|spa|0
|-boost|p1a: Musharna|spd|0
|
|upkeep
|turn|43
|
|move|p2a: Gothitelle|Sleep Talk||[still]
|-fail|p2a: Gothitelle
|move|p1a: Musharna|Calm Mind|p1a: Musharna
|-boost|p1a: Musharna|spa|0
|-boost|p1a: Musharna|spd|0
|
|upkeep
|turn|44
|
|move|p2a: Gothitelle|Sleep Talk||[still]
|-fail|p2a: Gothitelle
|move|p1a: Musharna|Calm Mind|p1a: Musharna
|-boost|p1a: Musharna|spa|0
|-boost|p1a: Musharna|spd|0
|
|upkeep
|turn|45
|
|move|p2a: Gothitelle|Sleep Talk||[still]
|-fail|p2a: Gothitelle
|move|p1a: Musharna|Calm Mind|p1a: Musharna
|-boost|p1a: Musharna|spa|0
|-boost|p1a: Musharna|spd|0
|
|upkeep
|turn|46
|
|move|p2a: Gothitelle|Rest|p2a: Gothitelle
|-fail|p2a: Gothitelle|heal
|move|p1a: Musharna|Calm Mind|p1a: Musharna
|-boost|p1a: Musharna|spa|0
|-boost|p1a: Musharna|spd|0
|
|upkeep
|turn|47
|
|move|p2a: Gothitelle|Rest|p2a: Gothitelle
|-fail|p2a: Gothitelle|heal
|move|p1a: Musharna|Calm Mind|p1a: Musharna
|-boost|p1a: Musharna|spa|0
|-boost|p1a: Musharna|spd|0
|
|upkeep
|turn|48
|
|move|p2a: Gothitelle|Rest|p2a: Gothitelle
|-fail|p2a: Gothitelle|heal
|move|p1a: Musharna|Calm Mind|p1a: Musharna
|-boost|p1a: Musharna|spa|0
|-boost|p1a: Musharna|spd|0
|
|upkeep
|turn|49
|
|move|p2a: Gothitelle|Stored Power|p1a: Musharna
|-resisted|p1a: Musharna
|-crit|p1a: Musharna
|-damage|p1a: Musharna|43/100
|move|p1a: Musharna|Calm Mind|p1a: Musharna
|-boost|p1a: Musharna|spa|0
|-boost|p1a: Musharna|spd|0
|
|-heal|p1a: Musharna|49/100|[from] item: Leftovers
|upkeep
|turn|50
|
|move|p2a: Gothitelle|Stored Power|p1a: Musharna
|-resisted|p1a: Musharna
|-damage|p1a: Musharna|38/100
|move|p1a: Musharna|Moonlight|p1a: Musharna
|-heal|p1a: Musharna|88/100
|
|-heal|p1a: Musharna|95/100|[from] item: Leftovers
|upkeep
|turn|51
|
|move|p2a: Gothitelle|Stored Power|p1a: Musharna
|-resisted|p1a: Musharna
|-damage|p1a: Musharna|85/100
|move|p1a: Musharna|Calm Mind|p1a: Musharna
|-boost|p1a: Musharna|spa|0
|-boost|p1a: Musharna|spd|0
|
|-heal|p1a: Musharna|91/100|[from] item: Leftovers
|upkeep
|turn|52
|
|move|p2a: Gothitelle|Sleep Talk||[still]
|-fail|p2a: Gothitelle
|move|p1a: Musharna|Calm Mind|p1a: Musharna
|-boost|p1a: Musharna|spa|0
|-boost|p1a: Musharna|spd|0
|
|-heal|p1a: Musharna|97/100|[from] item: Leftovers
|upkeep
|turn|53
|
|move|p2a: Gothitelle|Stored Power|p1a: Musharna
|-resisted|p1a: Musharna
|-damage|p1a: Musharna|86/100
|move|p1a: Musharna|Calm Mind|p1a: Musharna
|-boost|p1a: Musharna|spa|0
|-boost|p1a: Musharna|spd|0
|
|-heal|p1a: Musharna|92/100|[from] item: Leftovers
|upkeep
|turn|54
|
|move|p2a: Gothitelle|Rest|p2a: Gothitelle
|-fail|p2a: Gothitelle|heal
|move|p1a: Musharna|Calm Mind|p1a: Musharna
|-boost|p1a: Musharna|spa|0
|-boost|p1a: Musharna|spd|0
|
|-heal|p1a: Musharna|98/100|[from] item: Leftovers
|upkeep
|turn|55
|
|move|p2a: Gothitelle|Rest|p2a: Gothitelle
|-fail|p2a: Gothitelle|heal
|move|p1a: Musharna|Moonlight|p1a: Musharna
|-heal|p1a: Musharna|100/100
|
|upkeep
|turn|56
|
|move|p2a: Gothitelle|Rest|p2a: Gothitelle
|-fail|p2a: Gothitelle|heal
|move|p1a: Musharna|Moonlight||[still]
|-fail|p1a: Musharna
|
|upkeep
|turn|57
|
|move|p2a: Gothitelle|Rest|p2a: Gothitelle
|-fail|p2a: Gothitelle|heal
|move|p1a: Musharna|Moonlight||[still]
|-fail|p1a: Musharna
|
|upkeep
|turn|58
|
|move|p2a: Gothitelle|Rest|p2a: Gothitelle
|-fail|p2a: Gothitelle|heal
|move|p1a: Musharna|Moonlight||[still]
|-fail|p1a: Musharna
|
|upkeep
|turn|59
|
|move|p2a: Gothitelle|Rest|p2a: Gothitelle
|-fail|p2a: Gothitelle|heal
|move|p1a: Musharna|Moonblast|p2a: Gothitelle
|-damage|p2a: Gothitelle|86/100
|
|-heal|p2a: Gothitelle|92/100|[from] item: Leftovers
|upkeep
|turn|60
|
|move|p2a: Gothitelle|Rest|p2a: Gothitelle
|-status|p2a: Gothitelle|slp|[from] move: Rest
|-heal|p2a: Gothitelle|100/100 slp|[silent]
|move|p1a: Musharna|Moonblast|p2a: Gothitelle
|-damage|p2a: Gothitelle|85/100 slp
|-unboost|p2a: Gothitelle|spa|1
|-ability|p2a: Gothitelle|Competitive
|-boost|p2a: Gothitelle|spa|2
|
|-heal|p2a: Gothitelle|91/100 slp|[from] item: Leftovers
|upkeep
|turn|61
|
|cant|p2a: Gothitelle|slp
|move|p1a: Musharna|Moonblast|p2a: Gothitelle
|-damage|p2a: Gothitelle|74/100 slp
|-unboost|p2a: Gothitelle|spa|1
|-ability|p2a: Gothitelle|Competitive
|-boost|p2a: Gothitelle|spa|2
|
|-heal|p2a: Gothitelle|80/100 slp|[from] item: Leftovers
|upkeep
|turn|62
|
|cant|p2a: Gothitelle|slp
|move|p1a: Musharna|Moonblast|p2a: Gothitelle
|-damage|p2a: Gothitelle|65/100 slp
|
|-heal|p2a: Gothitelle|71/100 slp|[from] item: Leftovers
|upkeep
|turn|63
|
|-curestatus|p2a: Gothitelle|slp|[msg]
|move|p2a: Gothitelle|Rest|p2a: Gothitelle
|-status|p2a: Gothitelle|slp|[from] move: Rest
|-heal|p2a: Gothitelle|100/100 slp|[silent]
|move|p1a: Musharna|Moonblast|p2a: Gothitelle
|-crit|p2a: Gothitelle
|-damage|p2a: Gothitelle|13/100 slp
|
|-heal|p2a: Gothitelle|19/100 slp|[from] item: Leftovers
|upkeep
|turn|64
|
|cant|p2a: Gothitelle|slp
|move|p2a: Gothitelle|Sleep Talk|p2a: Gothitelle
|move|p2a: Gothitelle|Rest|p2a: Gothitelle|[from]Sleep Talk
|-fail|p2a: Gothitelle
|move|p1a: Musharna|Moonblast|p2a: Gothitelle
|-damage|p2a: Gothitelle|4/100 slp
|-unboost|p2a: Gothitelle|spa|1
|-ability|p2a: Gothitelle|Competitive
|-boost|p2a: Gothitelle|spa|2
|
|-heal|p2a: Gothitelle|10/100 slp|[from] item: Leftovers
|upkeep
|turn|65
|
|cant|p2a: Gothitelle|slp
|move|p2a: Gothitelle|Sleep Talk|p2a: Gothitelle
|move|p2a: Gothitelle|Stored Power|p1a: Musharna|[from]Sleep Talk
|-resisted|p1a: Musharna
|-damage|p1a: Musharna|77/100
|move|p1a: Musharna|Moonblast|p2a: Gothitelle
|-damage|p2a: Gothitelle|0 fnt
|faint|p2a: Gothitelle
|
|-heal|p1a: Musharna|83/100|[from] item: Leftovers
|upkeep
|
|switch|p2a: Dusclops|Dusclops, M|100/100
|-item|p1a: Musharna|Leftovers|[from] ability: Frisk|[of] p2a: Dusclops|[identify]
|turn|66
|
|move|p1a: Musharna|Moonblast|p2a: Dusclops
|-damage|p2a: Dusclops|60/100
|move|p2a: Dusclops|Trick Room|p2a: Dusclops
|-fieldstart|move: Trick Room|[of] p2a: Dusclops
|
|-heal|p1a: Musharna|89/100|[from] item: Leftovers
|upkeep
|turn|67
|
|move|p2a: Dusclops|Night Shade|p1a: Musharna
|-damage|p1a: Musharna|67/100
|move|p1a: Musharna|Moonblast|p2a: Dusclops
|-crit|p2a: Dusclops
|-damage|p2a: Dusclops|0 fnt
|faint|p2a: Dusclops
|
|-heal|p1a: Musharna|73/100|[from] item: Leftovers
|upkeep
|
|switch|p2a: Throh|Throh, M|100/100
|turn|68
|
|move|p1a: Musharna|Moonblast|p2a: Throh
|-supereffective|p2a: Throh
|-damage|p2a: Throh|0 fnt
|faint|p2a: Throh
|
|-heal|p1a: Musharna|79/100|[from] item: Leftovers
|upkeep
|
|switch|p2a: Trevenant|Trevenant, M|100/100
|turn|69
|
|move|p1a: Musharna|Moonblast|p2a: Trevenant
|-damage|p2a: Trevenant|5/100
|-unboost|p2a: Trevenant|spa|1
|-enditem|p2a: Trevenant|Starf Berry|[eat]
|-boost|p2a: Trevenant|def|2|[from] item: Starf Berry
|move|p2a: Trevenant|Substitute|p2a: Trevenant
|-fail|p2a: Trevenant|move: Substitute|[weak]
|
|-heal|p1a: Musharna|85/100|[from] item: Leftovers
|-item|p2a: Trevenant|Starf Berry|[from] ability: Harvest
|upkeep
|-enditem|p2a: Trevenant|Starf Berry|[eat]
|-boost|p2a: Trevenant|atk|2|[from] item: Starf Berry
|turn|70
|
|move|p2a: Trevenant|Sucker Punch|p1a: Musharna
|-supereffective|p1a: Musharna
|-damage|p1a: Musharna|0 fnt
|faint|p1a: Musharna
|
|-fieldend|move: Trick Room
|-item|p2a: Trevenant|Starf Berry|[from] ability: Harvest
|upkeep
|-enditem|p2a: Trevenant|Starf Berry|[eat]
|-boost|p2a: Trevenant|atk|2|[from] item: Starf Berry
|
|switch|p1a: Raboot|Raboot, M|100/100
|turn|71
|
|move|p1a: Raboot|Sucker Punch|p2a: Trevenant
|-start|p1a: Raboot|typechange|Dark|[from] ability: Libero
|-supereffective|p2a: Trevenant
|-damage|p2a: Trevenant|0 fnt
|faint|p2a: Trevenant
|
|upkeep
|
|switch|p2a: Vespiquen|Vespiquen, F|100/100
|-ability|p2a: Vespiquen|Pressure
|turn|72
|
|switch|p1a: Stunfisk|Stunfisk, M|100/100
|move|p2a: Vespiquen|Toxic Spikes|p1a: Stunfisk
|-sidestart|p1: Suwa_yriafelc|move: Toxic Spikes
|
|upkeep
|turn|73
|
|move|p2a: Vespiquen|Toxic Spikes|p1a: Stunfisk
|-sidestart|p1: Suwa_yriafelc|move: Toxic Spikes
|move|p1a: Stunfisk|Stealth Rock|p2a: Vespiquen
|-sidestart|p2: Niek125|move: Stealth Rock
|
|upkeep
|turn|74
|
|switch|p2a: Ludicolo|Ludicolo, M|100/100
|-damage|p2a: Ludicolo|88/100|[from] Stealth Rock
|move|p1a: Stunfisk|Discharge|p2a: Ludicolo
|-damage|p2a: Ludicolo|62/100
|-status|p2a: Ludicolo|par
|
|upkeep
|turn|75
|-message|Niek125 forfeited.
|
|win|Suwa_yriafelc
|l|☆Niek125
|raw|Suwa_yriafelc's rating: 1286 &rarr; <strong>1316</strong><br />(+30 for winning)
|raw|Niek125's rating: 1351 &rarr; <strong>1327</strong><br />(-24 for losing)
