|raw|<div class="broadcast-blue"><strong>This battle is required to be public due to a player having a name starting with 'pult4c1'.</div>
|j|☆DDD Reveal
|j|☆pult4c1 uta lord
|t:|1660837680
|gametype|singles
|player|p1|DDD Reveal|piers|1555
|player|p2|pult4c1 uta lord|#stt4toxicboys|1457
|teamsize|p1|6
|teamsize|p2|6
|gen|8
|tier|[Gen 8] PU
|rated|
|rule|Sleep Clause Mod: Limit one foe put to sleep
|rule|Species Clause: Limit one of each Pokémon
|rule|OHKO Clause: OHKO moves are banned
|rule|Evasion Items Clause: Evasion items are banned
|rule|Evasion Moves Clause: Evasion moves are banned
|rule|Endless Battle Clause: Forcing endless battles is banned
|rule|HP Percentage Mod: HP is shown in percentages
|rule|Dynamax Clause: You cannot dynamax
|clearpoke
|poke|p1|Skuntank, F|
|poke|p1|Articuno-Galar|
|poke|p1|Basculin, M|
|poke|p1|Eldegoss, F|
|poke|p1|Togedemaru, M|
|poke|p1|Regirock|
|poke|p2|Whimsicott, M|
|poke|p2|Rhydon, F|
|poke|p2|Jellicent, M|
|poke|p2|Charizard, M|
|poke|p2|Sneasel, M|
|poke|p2|Weezing, M|
|teampreview
|inactive|Battle timer is ON: inactive players will automatically lose when time's up. (requested by pult4c1 uta lord)
|
|t:|1660837695
|start
|switch|p1a: Articuno|Articuno-Galar|100/100
|switch|p2a: une Polska|Weezing, M|100/100
|turn|1
|
|t:|1660837701
|switch|p2a: Maximum jtape|Rhydon, F|100/100
|move|p1a: Articuno|Freezing Glare|p2a: Maximum jtape
|-damage|p2a: Maximum jtape|40/100
|
|upkeep
|turn|2
|
|t:|1660837706
|switch|p1a: Regirock|Regirock|100/100
|switch|p2a: vie si j’me tape|Sneasel, M|100/100
|
|upkeep
|turn|3
|
|t:|1660837712
|switch|p2a: Maximum jtape|Rhydon, F|40/100
|move|p1a: Regirock|Stealth Rock|p2a: Maximum jtape
|-sidestart|p2: pult4c1 uta lord|move: Stealth Rock
|
|upkeep
|turn|4
|
|t:|1660837719
|switch|p1a: Eldegoss|Eldegoss, F|100/100
|move|p2a: Maximum jtape|Stealth Rock|p1a: Eldegoss
|-sidestart|p1: DDD Reveal|move: Stealth Rock
|
|upkeep
|turn|5
|
|t:|1660837729
|switch|p2a: mon Booska|Jellicent, M|100/100
|move|p1a: Eldegoss|Rapid Spin|p2a: mon Booska
|-immune|p2a: mon Booska
|
|upkeep
|turn|6
|
|t:|1660837734
|move|p2a: mon Booska|Taunt|p1a: Eldegoss
|-start|p1a: Eldegoss|move: Taunt
|cant|p1a: Eldegoss|move: Taunt|Sleep Powder
|
|upkeep
|turn|7
|
|t:|1660837738
|move|p2a: mon Booska|Toxic|p1a: Eldegoss
|-status|p1a: Eldegoss|tox
|move|p1a: Eldegoss|Giga Drain|p2a: mon Booska
|-supereffective|p2a: mon Booska
|-damage|p2a: mon Booska|66/100
|
|-damage|p1a: Eldegoss|94/100 tox|[from] psn
|upkeep
|turn|8
|
|t:|1660837745
|switch|p1a: Skuntank|Skuntank, F|100/100
|-damage|p1a: Skuntank|88/100|[from] Stealth Rock
|move|p2a: mon Booska|Recover|p2a: mon Booska
|-heal|p2a: mon Booska|100/100
|
|upkeep
|turn|9
|
|t:|1660837752
|move|p1a: Skuntank|Crunch|p2a: mon Booska
|-supereffective|p2a: mon Booska
|-damage|p2a: mon Booska|38/100
|-unboost|p2a: mon Booska|def|1
|move|p2a: mon Booska|Scald|p1a: Skuntank
|-damage|p1a: Skuntank|58/100
|
|upkeep
|turn|10
|
|t:|1660837762
|switch|p2a: Six mois|Whimsicott, M|100/100
|-damage|p2a: Six mois|88/100|[from] Stealth Rock
|move|p1a: Skuntank|Fire Spin|p2a: Six mois
|-supereffective|p2a: Six mois
|-damage|p2a: Six mois|69/100
|-activate|p2a: Six mois|move: Fire Spin|[of] p1a: Skuntank
|
|-damage|p2a: Six mois|57/100|[from] move: Fire Spin|[partiallytrapped]
|upkeep
|turn|11
|
|t:|1660837766
|switch|p1a: Togedemaru|Togedemaru, M|100/100
|-damage|p1a: Togedemaru|94/100|[from] Stealth Rock
|move|p2a: Six mois|Moonblast|p1a: Togedemaru
|-resisted|p1a: Togedemaru
|-damage|p1a: Togedemaru|65/100
|-unboost|p1a: Togedemaru|spa|1
|
|-heal|p1a: Togedemaru|71/100|[from] item: Leftovers
|-end|p2a: Six mois|Fire Spin|[partiallytrapped]|[silent]
|upkeep
|turn|12
|
|t:|1660837772
|switch|p2a: j’ai raté ma|Charizard, M|100/100
|move|p1a: Togedemaru|U-turn|p2a: j’ai raté ma
|-resisted|p2a: j’ai raté ma
|-damage|p2a: j’ai raté ma|95/100
|
|t:|1660837776
|switch|p1a: Regirock|Regirock|100/100|[from]move: U-turn
|-damage|p1a: Regirock|88/100|[from] Stealth Rock
|
|upkeep
|turn|13
|
|t:|1660837781
|switch|p2a: mon Booska|Jellicent, M|38/100
|move|p1a: Regirock|Earthquake|p2a: mon Booska
|-damage|p2a: mon Booska|17/100
|
|upkeep
|turn|14
|
|t:|1660837787
|move|p2a: mon Booska|Recover|p2a: mon Booska
|-heal|p2a: mon Booska|67/100
|move|p1a: Regirock|Toxic|p2a: mon Booska
|-status|p2a: mon Booska|tox
|
|-damage|p2a: mon Booska|61/100 tox|[from] psn
|upkeep
|turn|15
|
|t:|1660837800
|switch|p2a: Six mois|Whimsicott, M|57/100
|-damage|p2a: Six mois|45/100|[from] Stealth Rock
|switch|p1a: Eldegoss|Eldegoss, F|100/100 tox
|
|-damage|p1a: Eldegoss|94/100 tox|[from] psn
|upkeep
|turn|16
|
|t:|1660837806
|move|p2a: Six mois|Moonblast|p1a: Eldegoss
|-damage|p1a: Eldegoss|51/100 tox
|move|p1a: Eldegoss|Rapid Spin|p2a: Six mois
|-damage|p2a: Six mois|36/100
|-boost|p1a: Eldegoss|spe|1
|-sideend|p1: DDD Reveal|Stealth Rock|[from] move: Rapid Spin|[of] p1a: Eldegoss
|
|-damage|p1a: Eldegoss|38/100 tox|[from] psn
|upkeep
|turn|17
|
|t:|1660837810
|switch|p1a: Togedemaru|Togedemaru, M|71/100
|move|p2a: Six mois|Moonblast|p1a: Togedemaru
|-resisted|p1a: Togedemaru
|-damage|p1a: Togedemaru|43/100
|
|-heal|p1a: Togedemaru|49/100|[from] item: Leftovers
|upkeep
|turn|18
|
|t:|1660837814
|switch|p2a: j’ai raté ma|Charizard, M|95/100
|move|p1a: Togedemaru|U-turn|p2a: j’ai raté ma
|-resisted|p2a: j’ai raté ma
|-damage|p2a: j’ai raté ma|89/100
|j| seeplay
|
|t:|1660837819
|switch|p1a: Regirock|Regirock|88/100|[from]move: U-turn
|
|upkeep
|turn|19
|
|t:|1660837824
|switch|p2a: une Polska|Weezing, M|100/100
|-damage|p2a: une Polska|88/100|[from] Stealth Rock
|move|p1a: Regirock|Rock Blast|p2a: une Polska
|-damage|p2a: une Polska|80/100
|-damage|p2a: une Polska|73/100
|-hitcount|p2a: une Polska|2
|
|upkeep
|turn|20
|
|t:|1660837829
|switch|p1a: Articuno|Articuno-Galar|100/100
|move|p2a: une Polska|Toxic Spikes|p1a: Articuno
|-sidestart|p1: DDD Reveal|move: Toxic Spikes
|
|upkeep
|turn|21
|
|t:|1660837836
|switch|p2a: Maximum jtape|Rhydon, F|40/100
|-damage|p2a: Maximum jtape|34/100|[from] Stealth Rock
|move|p1a: Articuno|Hurricane|p2a: Maximum jtape
|-resisted|p2a: Maximum jtape
|-damage|p2a: Maximum jtape|1/100
|
|upkeep
|turn|22
|
|t:|1660837846
|move|p1a: Articuno|Hurricane|p2a: Maximum jtape|[miss]
|-miss|p1a: Articuno|p2a: Maximum jtape
|move|p2a: Maximum jtape|Stone Edge|p1a: Articuno|[miss]
|-miss|p2a: Maximum jtape|p1a: Articuno
|
|upkeep
|turn|23
|
|t:|1660837849
|move|p1a: Articuno|Hurricane|p2a: Maximum jtape|[miss]
|-miss|p1a: Articuno|p2a: Maximum jtape
|move|p2a: Maximum jtape|Stone Edge|p1a: Articuno
|-supereffective|p1a: Articuno
|-damage|p1a: Articuno|0 fnt
|faint|p1a: Articuno
|
|upkeep
|
|t:|1660837851
|switch|p1a: Skuntank|Skuntank, F|58/100
|-sideend|p1: DDD Reveal|move: Toxic Spikes|[of] p1a: Skuntank
|turn|24
|
|t:|1660837855
|move|p1a: Skuntank|Crunch|p2a: Maximum jtape
|-damage|p2a: Maximum jtape|0 fnt
|faint|p2a: Maximum jtape
|
|upkeep
|
|t:|1660837861
|switch|p2a: Six mois|Whimsicott, M|36/100
|-damage|p2a: Six mois|23/100|[from] Stealth Rock
|turn|25
|
|t:|1660837874
|switch|p1a: Togedemaru|Togedemaru, M|49/100
|move|p2a: Six mois|Moonblast|p1a: Togedemaru
|-resisted|p1a: Togedemaru
|-damage|p1a: Togedemaru|20/100
|-unboost|p1a: Togedemaru|spa|1
|
|-heal|p1a: Togedemaru|26/100|[from] item: Leftovers
|upkeep
|turn|26
|
|t:|1660837879
|switch|p2a: j’ai raté ma|Charizard, M|89/100
|move|p1a: Togedemaru|Spiky Shield||[still]
|-fail|p1a: Togedemaru
|
|-heal|p1a: Togedemaru|32/100|[from] item: Leftovers
|upkeep
|turn|27
|j| PULT4C1 QiYu5
|
|t:|1660837887
|switch|p1a: Regirock|Regirock|88/100
|move|p2a: j’ai raté ma|Flamethrower|p1a: Regirock
|-resisted|p1a: Regirock
|-crit|p1a: Regirock
|-damage|p1a: Regirock|66/100
|
|upkeep
|turn|28
|
|t:|1660837893
|switch|p2a: une Polska|Weezing, M|73/100
|-damage|p2a: une Polska|60/100|[from] Stealth Rock
|move|p1a: Regirock|Rock Blast|p2a: une Polska
|-damage|p2a: une Polska|53/100
|-damage|p2a: une Polska|45/100
|-hitcount|p2a: une Polska|2
|
|upkeep
|turn|29
|
|t:|1660837903
|switch|p1a: Skuntank|Skuntank, F|58/100
|move|p2a: une Polska|Toxic Spikes|p1a: Skuntank
|-sidestart|p1: DDD Reveal|move: Toxic Spikes
|
|upkeep
|turn|30
|
|t:|1660837907
|move|p2a: une Polska|Flamethrower|p1a: Skuntank
|-damage|p1a: Skuntank|32/100
|move|p1a: Skuntank|Fire Spin|p2a: une Polska|[miss]
|-miss|p1a: Skuntank|p2a: une Polska
|
|upkeep
|turn|31
|
|t:|1660837914
|switch|p2a: j’ai raté ma|Charizard, M|89/100
|move|p1a: Skuntank|Crunch|p2a: j’ai raté ma
|-damage|p2a: j’ai raté ma|39/100
|-unboost|p2a: j’ai raté ma|def|1
|
|upkeep
|turn|32
|
|t:|1660837919
|switch|p1a: Togedemaru|Togedemaru, M|32/100
|move|p2a: j’ai raté ma|Flamethrower|p1a: Togedemaru
|-supereffective|p1a: Togedemaru
|-damage|p1a: Togedemaru|0 fnt
|faint|p1a: Togedemaru
|
|upkeep
|
|t:|1660837922
|switch|p1a: Skuntank|Skuntank, F|32/100
|-sideend|p1: DDD Reveal|move: Toxic Spikes|[of] p1a: Skuntank
|turn|33
|
|t:|1660837927
|switch|p1a: Regirock|Regirock|66/100
|move|p2a: j’ai raté ma|Flamethrower|p1a: Regirock
|-resisted|p1a: Regirock
|-damage|p1a: Regirock|51/100
|
|upkeep
|turn|34
|
|t:|1660837934
|switch|p2a: une Polska|Weezing, M|45/100
|-damage|p2a: une Polska|33/100|[from] Stealth Rock
|move|p1a: Regirock|Rock Blast|p2a: une Polska
|-damage|p2a: une Polska|25/100
|-damage|p2a: une Polska|18/100
|-damage|p2a: une Polska|11/100
|-damage|p2a: une Polska|3/100
|-hitcount|p2a: une Polska|4
|
|upkeep
|turn|35
|
|t:|1660837946
|move|p2a: une Polska|Sludge Bomb|p1a: Regirock
|-resisted|p1a: Regirock
|-damage|p1a: Regirock|41/100
|move|p1a: Regirock|Rock Blast|p2a: une Polska
|-damage|p2a: une Polska|0 fnt
|faint|p2a: une Polska
|-hitcount|p2: une Polska|1
|
|upkeep
|
|t:|1660837948
|switch|p2a: Six mois|Whimsicott, M|23/100
|-damage|p2a: Six mois|11/100|[from] Stealth Rock
|turn|36
|
|t:|1660837953
|switch|p1a: Eldegoss|Eldegoss, F|71/100 tox
|move|p2a: Six mois|Moonblast|p1a: Eldegoss
|-damage|p1a: Eldegoss|24/100 tox
|
|-damage|p1a: Eldegoss|18/100 tox|[from] psn
|upkeep
|turn|37
|
|t:|1660837957
|move|p2a: Six mois|Moonblast|p1a: Eldegoss
|-damage|p1a: Eldegoss|0 fnt
|faint|p1a: Eldegoss
|
|upkeep
|
|t:|1660837959
|switch|p1a: Basculin|Basculin, M|100/100
|turn|38
|
|t:|1660837968
|move|p1a: Basculin|Flip Turn|p2a: Six mois
|-resisted|p2a: Six mois
|-damage|p2a: Six mois|0 fnt
|faint|p2a: Six mois
|
|t:|1660837976
|switch|p1a: Skuntank|Skuntank, F|32/100|[from]move: Flip Turn
|
|upkeep
|
|t:|1660837979
|switch|p2a: j’ai raté ma|Charizard, M|39/100
|turn|39
|
|t:|1660837985
|switch|p1a: Regirock|Regirock|41/100
|move|p2a: j’ai raté ma|Flamethrower|p1a: Regirock
|-resisted|p1a: Regirock
|-damage|p1a: Regirock|27/100
|
|upkeep
|turn|40
|
|t:|1660837990
|switch|p2a: mon Booska|Jellicent, M|61/100 tox
|move|p1a: Regirock|Rock Blast|p2a: mon Booska
|-damage|p2a: mon Booska|52/100 tox
|-damage|p2a: mon Booska|44/100 tox
|-damage|p2a: mon Booska|37/100 tox
|-hitcount|p2a: mon Booska|3
|
|-damage|p2a: mon Booska|30/100 tox|[from] psn
|upkeep
|turn|41
|
|t:|1660837995
|switch|p1a: Skuntank|Skuntank, F|32/100
|move|p2a: mon Booska|Recover|p2a: mon Booska
|-heal|p2a: mon Booska|80/100 tox
|
|-damage|p2a: mon Booska|68/100 tox|[from] psn
|upkeep
|turn|42
|
|t:|1660837999
|switch|p2a: vie si j’me tape|Sneasel, M|100/100
|move|p1a: Skuntank|Crunch|p2a: vie si j’me tape
|-resisted|p2a: vie si j’me tape
|-damage|p2a: vie si j’me tape|63/100
|
|upkeep
|turn|43
|
|t:|1660838013
|switch|p1a: Regirock|Regirock|27/100
|move|p2a: vie si j’me tape|Triple Axel|p1a: Regirock
|-damage|p1a: Regirock|22/100
|-damage|p2a: vie si j’me tape|47/100|[from] item: Rocky Helmet|[of] p1a: Regirock
|-damage|p1a: Regirock|14/100
|-damage|p2a: vie si j’me tape|31/100|[from] item: Rocky Helmet|[of] p1a: Regirock
|-damage|p1a: Regirock|2/100
|-damage|p2a: vie si j’me tape|14/100|[from] item: Rocky Helmet|[of] p1a: Regirock
|-hitcount|p1a: Regirock|3
|
|upkeep
|turn|44
|
|t:|1660838030
|move|p2a: vie si j’me tape|Ice Shard|p1a: Regirock
|-damage|p1a: Regirock|0 fnt
|faint|p1a: Regirock
|
|upkeep
|
|t:|1660838031
|switch|p1a: Basculin|Basculin, M|100/100
|turn|45
|
|t:|1660838036
|move|p1a: Basculin|Crunch|p2a: vie si j’me tape
|-resisted|p2a: vie si j’me tape
|-damage|p2a: vie si j’me tape|0 fnt
|faint|p2a: vie si j’me tape
|
|upkeep
|
|t:|1660838061
|switch|p2a: j’ai raté ma|Charizard, M|39/100
|turn|46
|
|t:|1660838066
|move|p1a: Basculin|Crunch|p2a: j’ai raté ma
|-damage|p2a: j’ai raté ma|10/100
|move|p2a: j’ai raté ma|Roost|p2a: j’ai raté ma
|-heal|p2a: j’ai raté ma|60/100
|-singleturn|p2a: j’ai raté ma|move: Roost
|
|upkeep
|turn|47
|
|t:|1660838073
|move|p1a: Basculin|Crunch|p2a: j’ai raté ma
|-damage|p2a: j’ai raté ma|31/100
|move|p2a: j’ai raté ma|Hurricane|p1a: Basculin
|-damage|p1a: Basculin|5/100
|
|upkeep
|turn|48
|
|t:|1660838079
|move|p1a: Basculin|Crunch|p2a: j’ai raté ma
|-damage|p2a: j’ai raté ma|0 fnt
|faint|p2a: j’ai raté ma
|
|upkeep
|
|t:|1660838081
|switch|p2a: mon Booska|Jellicent, M|68/100 tox
|turn|49
|
|t:|1660838086
|move|p1a: Basculin|Crunch|p2a: mon Booska
|-supereffective|p2a: mon Booska
|-damage|p2a: mon Booska|30/100 tox
|move|p2a: mon Booska|Scald|p1a: Basculin
|-resisted|p1a: Basculin
|-damage|p1a: Basculin|0 fnt
|faint|p1a: Basculin
|
|-damage|p2a: mon Booska|24/100 tox|[from] psn
|upkeep
|
|t:|1660838089
|switch|p1a: Skuntank|Skuntank, F|32/100
|turn|50
|
|t:|1660838090
|move|p1a: Skuntank|Crunch|p2a: mon Booska
|-supereffective|p2a: mon Booska
|-damage|p2a: mon Booska|0 fnt
|faint|p2a: mon Booska
|
|win|DDD Reveal
|raw|DDD Reveal's rating: 1555 &rarr; <strong>1570</strong><br />(+15 for winning)
|raw|pult4c1 uta lord's rating: 1457 &rarr; <strong>1442</strong><br />(-15 for losing)
