|j|☆Ho3nConfirm3d
|j|☆Haffling
|t:|1667162675
|gametype|singles
|player|p1|Ho3nConfirm3d|#scl2foxes|
|player|p2|Haffling|cyrus|
|teamsize|p1|6
|teamsize|p2|6
|gen|8
|tier|[Gen 8] PU
|rated|Tournament battle
|rule|Sleep Clause Mod: Limit one foe put to sleep
|rule|Species Clause: Limit one of each Pokémon
|rule|OHKO Clause: OHKO moves are banned
|rule|Evasion Items Clause: Evasion items are banned
|rule|Evasion Moves Clause: Evasion moves are banned
|rule|Endless Battle Clause: Forcing endless battles is banned
|rule|HP Percentage Mod: HP is shown in percentages
|rule|Dynamax Clause: You cannot dynamax
|rule|Camomons Mod: Pokémon have their types set to match their first two moves.
|clearpoke
|poke|p1|Articuno|
|poke|p1|Wishiwashi, M|
|poke|p1|Corsola, M|
|poke|p1|Archeops, F|
|poke|p1|Cinccino, M|
|poke|p1|Whimsicott, F|
|poke|p2|Frosmoth, M|
|poke|p2|Coalossal, F|
|poke|p2|Druddigon, F|
|poke|p2|Perrserker, M|
|poke|p2|Audino, F|
|poke|p2|Ribombee, M|
|teampreview
|c|☆Haffling|hf
|c|☆Ho3nConfirm3d|meow
|
|t:|1667162683
|start
|switch|p1a: Archeops|Archeops, F|100/100
|switch|p2a: Druddigon|Druddigon, F|100/100
|-start|p1a: Archeops|typechange|Rock/Ground|[silent]
|-start|p2a: Druddigon|typechange|Steel/Flying|[silent]
|-start|p1a: Archeops|typechange|Rock/Ground|[silent]
|-start|p2a: Druddigon|typechange|Steel/Flying|[silent]
|turn|1
|
|t:|1667162690
|move|p1a: Archeops|Meteor Beam||[still]
|-prepare|p1a: Archeops|Meteor Beam
|-boost|p1a: Archeops|spa|1
|-enditem|p1a: Archeops|Power Herb
|-anim|p1a: Archeops|Meteor Beam|p2a: Druddigon|[miss]
|-miss|p1a: Archeops|p2a: Druddigon
|move|p2a: Druddigon|Glare|p1a: Archeops
|-status|p1a: Archeops|par
|
|upkeep
|turn|2
|
|t:|1667162697
|move|p1a: Archeops|Heat Wave|p2a: Druddigon
|-supereffective|p2a: Druddigon
|-damage|p2a: Druddigon|15/100
|move|p2a: Druddigon|Iron Head|p1a: Archeops
|-supereffective|p1a: Archeops
|-damage|p1a: Archeops|0 fnt
|faint|p1a: Archeops
|
|upkeep
|
|t:|1667162704
|switch|p1a: Whimsicott|Whimsicott, F|100/100
|-start|p1a: Whimsicott|typechange|Ghost/Normal|[silent]
|-start|p1a: Whimsicott|typechange|Ghost/Normal|[silent]
|turn|3
|
|t:|1667162708
|switch|p2a: Audino|Audino, F|100/100
|-start|p2a: Audino|typechange|Dark/Poison|[silent]
|move|p1a: Whimsicott|Shadow Ball|p2a: Audino
|-resisted|p2a: Audino
|-damage|p2a: Audino|90/100
|
|upkeep
|-start|p2a: Audino|typechange|Dark/Poison|[silent]
|turn|4
|
|t:|1667162714
|move|p1a: Whimsicott|Knock Off|p2a: Audino
|-resisted|p2a: Audino
|-damage|p2a: Audino|83/100
|-enditem|p2a: Audino|Heavy-Duty Boots|[from] move: Knock Off|[of] p1a: Whimsicott
|move|p2a: Audino|Wish|p2a: Audino
|
|upkeep
|turn|5
|
|t:|1667162719
|move|p1a: Whimsicott|Shadow Ball|p2a: Audino
|-resisted|p2a: Audino
|-damage|p2a: Audino|73/100
|move|p2a: Audino|Knock Off|p1a: Whimsicott
|-supereffective|p1a: Whimsicott
|-damage|p1a: Whimsicott|38/100
|-enditem|p1a: Whimsicott|Heavy-Duty Boots|[from] move: Knock Off|[of] p2a: Audino
|
|-heal|p2a: Audino|100/100|[from] move: Wish|[wisher] Audino
|upkeep
|turn|6
|
|t:|1667162724
|move|p1a: Whimsicott|U-turn|p2a: Audino
|-damage|p2a: Audino|90/100
|
|t:|1667162727
|switch|p1a: Cinccino|Cinccino, M|100/100|[from]move: U-turn
|-start|p1a: Cinccino|typechange|Ice/Grass|[silent]
|move|p2a: Audino|Knock Off|p1a: Cinccino
|-damage|p1a: Cinccino|60/100
|-enditem|p1a: Cinccino|Heavy-Duty Boots|[from] move: Knock Off|[of] p2a: Audino
|
|upkeep
|-start|p1a: Cinccino|typechange|Ice/Grass|[silent]
|turn|7
|c|☆Haffling|didnt go for tec boosted axel huh
|
|t:|1667162759
|switch|p2a: Coalossal|Coalossal, F|100/100
|-start|p2a: Coalossal|typechange|Water/Ground|[silent]
|move|p1a: Cinccino|Triple Axel|p2a: Coalossal
|-damage|p2a: Coalossal|91/100
|-status|p1a: Cinccino|brn|[from] ability: Flame Body|[of] p2a: Coalossal
|-damage|p2a: Coalossal|83/100
|-damage|p2a: Coalossal|70/100
|-hitcount|p2a: Coalossal|3
|
|-heal|p2a: Coalossal|76/100|[from] item: Leftovers
|-damage|p1a: Cinccino|54/100 brn|[from] brn
|upkeep
|-start|p2a: Coalossal|typechange|Water/Ground|[silent]
|turn|8
|
|t:|1667162765
|switch|p2a: Audino|Audino, F|100/100
|-start|p2a: Audino|typechange|Dark/Poison|[silent]
|move|p1a: Cinccino|Bullet Seed|p2a: Audino
|-resisted|p2a: Audino
|-damage|p2a: Audino|97/100
|-resisted|p2a: Audino
|-damage|p2a: Audino|94/100
|-resisted|p2a: Audino
|-damage|p2a: Audino|90/100
|-hitcount|p2a: Audino|3
|
|-damage|p1a: Cinccino|48/100 brn|[from] brn
|upkeep
|-start|p2a: Audino|typechange|Dark/Poison|[silent]
|turn|9
|c|☆Haffling|oh you did
|
|t:|1667162775
|move|p1a: Cinccino|U-turn|p2a: Audino
|-damage|p2a: Audino|81/100
|
|t:|1667162778
|switch|p1a: Corsola|Corsola, M|100/100|[from]move: U-turn
|-start|p1a: Corsola|typechange|Poison/Water|[silent]
|move|p2a: Audino|Wish|p2a: Audino
|
|upkeep
|-start|p1a: Corsola|typechange|Poison/Water|[silent]
|turn|10
|
|t:|1667162792
|move|p2a: Audino|Knock Off|p1a: Corsola
|-damage|p1a: Corsola|83/100
|-damage|p2a: Audino|65/100|[from] item: Rocky Helmet|[of] p1a: Corsola
|-enditem|p1a: Corsola|Rocky Helmet|[from] move: Knock Off|[of] p2a: Audino
|move|p1a: Corsola|Scald|p2a: Audino
|-damage|p2a: Audino|52/100
|
|-heal|p2a: Audino|100/100|[from] move: Wish|[wisher] Audino
|upkeep
|turn|11
|
|t:|1667162797
|move|p2a: Audino|Wish|p2a: Audino
|move|p1a: Corsola|Stealth Rock|p2a: Audino
|-sidestart|p2: Haffling|move: Stealth Rock
|
|upkeep
|turn|12
|
|t:|1667162802
|switch|p2a: Frosmoth|Frosmoth, M|100/100
|-start|p2a: Frosmoth|typechange|Fairy/Grass|[silent]
|-damage|p2a: Frosmoth|88/100|[from] Stealth Rock
|move|p1a: Corsola|Scald|p2a: Frosmoth
|-resisted|p2a: Frosmoth
|-damage|p2a: Frosmoth|82/100
|-status|p2a: Frosmoth|brn
|
|-heal|p2a: Frosmoth|100/100 brn|[from] move: Wish|[wisher] Audino
|-damage|p2a: Frosmoth|94/100 brn|[from] brn
|upkeep
|-start|p2a: Frosmoth|typechange|Fairy/Grass|[silent]
|turn|13
|
|t:|1667162808
|switch|p1a: Whimsicott|Whimsicott, F|38/100
|-start|p1a: Whimsicott|typechange|Ghost/Normal|[silent]
|move|p2a: Frosmoth|Quiver Dance|p2a: Frosmoth
|-boost|p2a: Frosmoth|spa|1
|-boost|p2a: Frosmoth|spd|1
|-boost|p2a: Frosmoth|spe|1
|
|-damage|p2a: Frosmoth|88/100 brn|[from] brn
|upkeep
|-start|p1a: Whimsicott|typechange|Ghost/Normal|[silent]
|turn|14
|
|t:|1667162812
|move|p1a: Whimsicott|Encore|p2a: Frosmoth
|-start|p2a: Frosmoth|Encore
|move|p2a: Frosmoth|Quiver Dance|p2a: Frosmoth
|-boost|p2a: Frosmoth|spa|1
|-boost|p2a: Frosmoth|spd|1
|-boost|p2a: Frosmoth|spe|1
|
|-damage|p2a: Frosmoth|82/100 brn|[from] brn
|upkeep
|turn|15
|
|t:|1667162817
|switch|p2a: Audino|Audino, F|100/100
|-start|p2a: Audino|typechange|Dark/Poison|[silent]
|-damage|p2a: Audino|88/100|[from] Stealth Rock
|move|p1a: Whimsicott|U-turn|p2a: Audino
|-damage|p2a: Audino|78/100
|
|t:|1667162822
|switch|p1a: Wishiwashi|Wishiwashi, M|100/100|[from]move: U-turn
|-start|p1a: Wishiwashi|typechange|Water/Ground|[silent]
|-formechange|p1a: Wishiwashi|Wishiwashi-School||[from] ability: Schooling
|
|upkeep
|-start|p1a: Wishiwashi|typechange|Water/Ground|[silent]
|-start|p2a: Audino|typechange|Dark/Poison|[silent]
|turn|16
|
|t:|1667162830
|switch|p2a: Coalossal|Coalossal, F|76/100
|-start|p2a: Coalossal|typechange|Water/Ground|[silent]
|-damage|p2a: Coalossal|70/100|[from] Stealth Rock
|move|p1a: Wishiwashi|Toxic|p2a: Coalossal
|-status|p2a: Coalossal|tox
|
|-heal|p2a: Coalossal|76/100 tox|[from] item: Leftovers
|-damage|p2a: Coalossal|70/100 tox|[from] psn
|upkeep
|-start|p2a: Coalossal|typechange|Water/Ground|[silent]
|turn|17
|
|t:|1667162835
|switch|p1a: Whimsicott|Whimsicott, F|38/100
|-start|p1a: Whimsicott|typechange|Ghost/Normal|[silent]
|move|p2a: Coalossal|Spikes|p1a: Whimsicott
|-sidestart|p1: Ho3nConfirm3d|Spikes
|
|-heal|p2a: Coalossal|76/100 tox|[from] item: Leftovers
|-damage|p2a: Coalossal|64/100 tox|[from] psn
|upkeep
|-start|p1a: Whimsicott|typechange|Ghost/Normal|[silent]
|turn|18
|
|t:|1667162840
|switch|p2a: Audino|Audino, F|100/100
|-start|p2a: Audino|typechange|Dark/Poison|[silent]
|-damage|p2a: Audino|88/100|[from] Stealth Rock
|move|p1a: Whimsicott|U-turn|p2a: Audino
|-damage|p2a: Audino|78/100
|
|t:|1667162842
|switch|p1a: Wishiwashi|Wishiwashi, M|100/100|[from]move: U-turn
|-start|p1a: Wishiwashi|typechange|Water/Ground|[silent]
|-damage|p1a: Wishiwashi|88/100|[from] Spikes
|-formechange|p1a: Wishiwashi|Wishiwashi-School||[from] ability: Schooling
|
|-heal|p1a: Wishiwashi|94/100|[from] item: Leftovers
|upkeep
|-start|p1a: Wishiwashi|typechange|Water/Ground|[silent]
|-start|p2a: Audino|typechange|Dark/Poison|[silent]
|turn|19
|
|t:|1667162850
|switch|p2a: Druddigon|Druddigon, F|15/100
|-start|p2a: Druddigon|typechange|Steel/Flying|[silent]
|-damage|p2a: Druddigon|3/100|[from] Stealth Rock
|move|p1a: Wishiwashi|Earthquake|p2a: Druddigon
|-immune|p2a: Druddigon
|
|-heal|p1a: Wishiwashi|100/100|[from] item: Leftovers
|upkeep
|-start|p2a: Druddigon|typechange|Steel/Flying|[silent]
|turn|20
|
|t:|1667162854
|move|p2a: Druddigon|Stealth Rock|p1a: Wishiwashi
|-sidestart|p1: Ho3nConfirm3d|move: Stealth Rock
|move|p1a: Wishiwashi|Scald|p2a: Druddigon
|-damage|p2a: Druddigon|0 fnt
|faint|p2a: Druddigon
|
|upkeep
|
|t:|1667162865
|switch|p2a: Perrserker|Perrserker, M|100/100
|-start|p2a: Perrserker|typechange|Ghost/Fighting|[silent]
|-damage|p2a: Perrserker|94/100|[from] Stealth Rock
|-start|p2a: Perrserker|typechange|Ghost/Fighting|[silent]
|turn|21
|
|t:|1667162911
|move|p2a: Perrserker|Close Combat|p1a: Wishiwashi
|-damage|p1a: Wishiwashi|12/100
|-unboost|p2a: Perrserker|def|1
|-unboost|p2a: Perrserker|spd|1
|move|p1a: Wishiwashi|Scald|p2a: Perrserker
|-damage|p2a: Perrserker|0 fnt
|faint|p2a: Perrserker
|
|-heal|p1a: Wishiwashi|18/100|[from] item: Leftovers
|-formechange|p1a: Wishiwashi|Wishiwashi||[from] ability: Schooling
|upkeep
|
|t:|1667162918
|switch|p2a: Ribombee|Ribombee, M|100/100
|-start|p2a: Ribombee|typechange|Psychic/Fairy|[silent]
|-damage|p2a: Ribombee|88/100|[from] Stealth Rock
|-start|p1a: Wishiwashi|typechange|Water/Ground|[silent]
|-start|p2a: Ribombee|typechange|Psychic/Fairy|[silent]
|turn|22
|
|t:|1667162923
|move|p2a: Ribombee|Psychic|p1a: Wishiwashi
|-damage|p1a: Wishiwashi|0 fnt
|faint|p1a: Wishiwashi
|
|-heal|p2a: Ribombee|94/100|[from] item: Leftovers
|upkeep
|
|t:|1667162924
|switch|p1a: Articuno|Articuno|100/100
|-start|p1a: Articuno|typechange|Flying/Steel|[silent]
|-damage|p1a: Articuno|88/100|[from] Stealth Rock
|-ability|p1a: Articuno|Pressure
|-start|p1a: Articuno|typechange|Flying/Steel|[silent]
|turn|23
|
|t:|1667162935
|switch|p2a: Audino|Audino, F|100/100
|-start|p2a: Audino|typechange|Dark/Poison|[silent]
|-damage|p2a: Audino|88/100|[from] Stealth Rock
|move|p1a: Articuno|Defog|p2a: Audino
|-unboost|p2a: Audino|evasion|1
|-sideend|p2: Haffling|Stealth Rock|[from] move: Defog|[of] p1a: Articuno
|-sideend|p1: Ho3nConfirm3d|Spikes|[from] move: Defog|[of] p1a: Articuno
|-sideend|p1: Ho3nConfirm3d|Stealth Rock|[from] move: Defog|[of] p1a: Articuno
|
|upkeep
|-start|p2a: Audino|typechange|Dark/Poison|[silent]
|turn|24
|
|t:|1667162939
|move|p1a: Articuno|U-turn|p2a: Audino
|-damage|p2a: Audino|74/100
|
|t:|1667162941
|switch|p1a: Corsola|Corsola, M|100/100|[from]move: U-turn
|-start|p1a: Corsola|typechange|Poison/Water|[silent]
|move|p2a: Audino|Heal Bell|p2a: Audino
|-activate|p2a: Audino|move: Heal Bell
|-curestatus|p2: Coalossal|tox|[msg]
|-curestatus|p2: Frosmoth|brn|[msg]
|
|upkeep
|-start|p1a: Corsola|typechange|Poison/Water|[silent]
|turn|25
|
|t:|1667162949
|switch|p2a: Coalossal|Coalossal, F|64/100
|-start|p2a: Coalossal|typechange|Water/Ground|[silent]
|move|p1a: Corsola|Stealth Rock|p2a: Coalossal
|-sidestart|p2: Haffling|move: Stealth Rock
|
|-heal|p2a: Coalossal|70/100|[from] item: Leftovers
|upkeep
|-start|p2a: Coalossal|typechange|Water/Ground|[silent]
|turn|26
|
|t:|1667162954
|move|p1a: Corsola|Toxic|p2a: Coalossal
|-status|p2a: Coalossal|tox
|move|p2a: Coalossal|Scorching Sands|p1a: Corsola
|-supereffective|p1a: Corsola
|-damage|p1a: Corsola|60/100
|-status|p1a: Corsola|brn
|
|-heal|p2a: Coalossal|76/100 tox|[from] item: Leftovers
|-damage|p2a: Coalossal|70/100 tox|[from] psn
|-damage|p1a: Corsola|54/100 brn|[from] brn
|upkeep
|turn|27
|
|t:|1667162960
|switch|p1a: Cinccino|Cinccino, M|48/100 brn
|-start|p1a: Cinccino|typechange|Ice/Grass|[silent]
|move|p2a: Coalossal|Spikes|p1a: Cinccino
|-sidestart|p1: Ho3nConfirm3d|Spikes
|
|-heal|p2a: Coalossal|76/100 tox|[from] item: Leftovers
|-damage|p2a: Coalossal|64/100 tox|[from] psn
|-damage|p1a: Cinccino|42/100 brn|[from] brn
|upkeep
|-start|p1a: Cinccino|typechange|Ice/Grass|[silent]
|turn|28
|
|t:|1667162965
|switch|p2a: Audino|Audino, F|100/100
|-start|p2a: Audino|typechange|Dark/Poison|[silent]
|-damage|p2a: Audino|88/100|[from] Stealth Rock
|move|p1a: Cinccino|U-turn|p2a: Audino
|-damage|p2a: Audino|79/100
|
|t:|1667162977
|switch|p1a: Corsola|Corsola, M|88/100 brn|[from]move: U-turn
|-start|p1a: Corsola|typechange|Poison/Water|[silent]
|-damage|p1a: Corsola|75/100 brn|[from] Spikes
|
|-damage|p1a: Corsola|69/100 brn|[from] brn
|upkeep
|-start|p1a: Corsola|typechange|Poison/Water|[silent]
|-start|p2a: Audino|typechange|Dark/Poison|[silent]
|turn|29
|
|t:|1667162981
|move|p2a: Audino|Wish|p2a: Audino
|move|p1a: Corsola|Scald|p2a: Audino
|-damage|p2a: Audino|66/100
|-status|p2a: Audino|brn
|
|-damage|p2a: Audino|60/100 brn|[from] brn
|-damage|p1a: Corsola|63/100 brn|[from] brn
|upkeep
|turn|30
|
|t:|1667162988
|switch|p1a: Articuno|Articuno|88/100
|-start|p1a: Articuno|typechange|Flying/Steel|[silent]
|-ability|p1a: Articuno|Pressure
|move|p2a: Audino|Heal Bell|p2a: Audino
|-activate|p2a: Audino|move: Heal Bell
|-curestatus|p2a: Audino|brn|[msg]
|-curestatus|p2: Coalossal|tox|[msg]
|
|-heal|p2a: Audino|100/100|[from] move: Wish|[wisher] Audino
|upkeep
|-start|p1a: Articuno|typechange|Flying/Steel|[silent]
|turn|31
|
|t:|1667162994
|move|p1a: Articuno|Steel Wing|p2a: Audino
|-damage|p2a: Audino|79/100
|move|p2a: Audino|Knock Off|p1a: Articuno
|-damage|p1a: Articuno|71/100
|-damage|p2a: Audino|62/100|[from] item: Rocky Helmet|[of] p1a: Articuno
|-enditem|p1a: Articuno|Rocky Helmet|[from] move: Knock Off|[of] p2a: Audino
|
|upkeep
|turn|32
|
|t:|1667163000
|move|p1a: Articuno|Steel Wing|p2a: Audino
|-damage|p2a: Audino|41/100
|move|p2a: Audino|Wish|p2a: Audino
|
|upkeep
|turn|33
|
|t:|1667163009
|switch|p2a: Coalossal|Coalossal, F|64/100
|-start|p2a: Coalossal|typechange|Water/Ground|[silent]
|-damage|p2a: Coalossal|58/100|[from] Stealth Rock
|move|p1a: Articuno|Steel Wing|p2a: Coalossal
|-resisted|p2a: Coalossal
|-damage|p2a: Coalossal|51/100
|-boost|p1a: Articuno|def|1
|
|-heal|p2a: Coalossal|99/100|[from] move: Wish|[wisher] Audino
|-heal|p2a: Coalossal|100/100|[from] item: Leftovers
|upkeep
|-start|p2a: Coalossal|typechange|Water/Ground|[silent]
|turn|34
|
|t:|1667163014
|move|p1a: Articuno|U-turn|p2a: Coalossal
|-damage|p2a: Coalossal|92/100
|
|t:|1667163016
|switch|p1a: Corsola|Corsola, M|97/100 brn|[from]move: U-turn
|-start|p1a: Corsola|typechange|Poison/Water|[silent]
|-damage|p1a: Corsola|84/100 brn|[from] Spikes
|move|p2a: Coalossal|Scald|p1a: Corsola
|-resisted|p1a: Corsola
|-damage|p1a: Corsola|72/100 brn
|
|-heal|p2a: Coalossal|98/100|[from] item: Leftovers
|-damage|p1a: Corsola|66/100 brn|[from] brn
|upkeep
|-start|p1a: Corsola|typechange|Poison/Water|[silent]
|turn|35
|
|t:|1667163021
|switch|p2a: Audino|Audino, F|74/100
|-start|p2a: Audino|typechange|Dark/Poison|[silent]
|-damage|p2a: Audino|62/100|[from] Stealth Rock
|move|p1a: Corsola|Toxic|p2a: Audino
|-immune|p2a: Audino
|
|-damage|p1a: Corsola|60/100 brn|[from] brn
|upkeep
|-start|p2a: Audino|typechange|Dark/Poison|[silent]
|turn|36
|
|t:|1667163026
|move|p2a: Audino|Knock Off|p1a: Corsola
|-crit|p1a: Corsola
|-damage|p1a: Corsola|42/100 brn
|move|p1a: Corsola|Scald|p2a: Audino
|-damage|p2a: Audino|49/100
|-status|p2a: Audino|brn
|
|-damage|p2a: Audino|42/100 brn|[from] brn
|-damage|p1a: Corsola|36/100 brn|[from] brn
|upkeep
|turn|37
|
|t:|1667163035
|switch|p1a: Articuno|Articuno|71/100
|-start|p1a: Articuno|typechange|Flying/Steel|[silent]
|-ability|p1a: Articuno|Pressure
|move|p2a: Audino|Knock Off|p1a: Articuno
|-damage|p1a: Articuno|65/100
|
|-damage|p2a: Audino|36/100 brn|[from] brn
|upkeep
|-start|p1a: Articuno|typechange|Flying/Steel|[silent]
|turn|38
|
|t:|1667163038
|switch|p2a: Coalossal|Coalossal, F|98/100
|-start|p2a: Coalossal|typechange|Water/Ground|[silent]
|-damage|p2a: Coalossal|92/100|[from] Stealth Rock
|move|p1a: Articuno|U-turn|p2a: Coalossal
|-damage|p2a: Coalossal|81/100
|-status|p1a: Articuno|brn|[from] ability: Flame Body|[of] p2a: Coalossal
|c|☆Ho3nConfirm3d|gg
|-message|Ho3nConfirm3d forfeited.
|
|win|Haffling
|n|☆Ho3nConfirm3d|ho3nconfirm3d
|n|☆Haffling|haffling
