|j|☆Jwinkler
|j|☆JoJo Reference #11
|t:|1666918616
|gametype|singles
|player|p1|Jwinkler|265|1192
|player|p2|JoJo Reference #11|170|1324
|teamsize|p1|6
|teamsize|p2|6
|gen|8
|tier|[Gen 8] PU
|rated|
|rule|Sleep Clause Mod: Limit one foe put to sleep
|rule|Species Clause: Limit one of each Pokémon
|rule|OHKO Clause: OHKO moves are banned
|rule|Evasion Items Clause: Evasion items are banned
|rule|Evasion Moves Clause: Evasion moves are banned
|rule|Endless Battle Clause: Forcing endless battles is banned
|rule|HP Percentage Mod: HP is shown in percentages
|rule|Dynamax Clause: You cannot dynamax
|clearpoke
|poke|p1|Lanturn, M|
|poke|p1|Eldegoss, M|
|poke|p1|Charizard, F|
|poke|p1|Druddigon, F|
|poke|p1|Lycanroc, M|
|poke|p1|Jolteon, M|
|poke|p2|Duosion, F|
|poke|p2|Silvally-*|
|poke|p2|Scrafty, M|
|poke|p2|Garbodor, F|
|poke|p2|Comfey, M|
|poke|p2|Gigalith, F|
|teampreview
|inactive|Battle timer is ON: inactive players will automatically lose when time's up. (requested by Jwinkler)
|
|t:|1666918632
|start
|switch|p1a: Jolteon|Jolteon, M|100/100
|switch|p2a: Scrafty|Scrafty, M|100/100
|turn|1
|
|t:|1666918640
|move|p1a: Jolteon|Volt Switch|p2a: Scrafty
|-damage|p2a: Scrafty|72/100
|
|t:|1666918645
|switch|p1a: Lycanroc|Lycanroc, M|100/100|[from]move: Volt Switch
|move|p2a: Scrafty|Knock Off|p1a: Lycanroc
|-damage|p1a: Lycanroc|48/100
|-enditem|p1a: Lycanroc|Choice Band|[from] move: Knock Off|[of] p2a: Scrafty
|
|-heal|p2a: Scrafty|78/100|[from] item: Leftovers
|upkeep
|turn|2
|
|t:|1666918655
|switch|p2a: Garbodor|Garbodor, F|100/100
|move|p1a: Lycanroc|Close Combat|p2a: Garbodor
|-resisted|p2a: Garbodor
|-damage|p2a: Garbodor|84/100
|-unboost|p1a: Lycanroc|def|1
|-unboost|p1a: Lycanroc|spd|1
|-damage|p1a: Lycanroc|31/100|[from] item: Rocky Helmet|[of] p2a: Garbodor
|
|upkeep
|turn|3
|
|t:|1666918666
|switch|p1a: Charizard|Charizard, F|100/100
|move|p2a: Garbodor|Stomping Tantrum|p1a: Charizard
|-immune|p1a: Charizard
|
|upkeep
|turn|4
|
|t:|1666918674
|switch|p2a: Gigalith|Gigalith, F|100/100
|-weather|Sandstorm|[from] ability: Sand Stream|[of] p2a: Gigalith
|move|p1a: Charizard|Flamethrower|p2a: Gigalith
|-resisted|p2a: Gigalith
|-damage|p2a: Gigalith|89/100
|-status|p2a: Gigalith|brn
|
|-weather|Sandstorm|[upkeep]
|-damage|p1a: Charizard|94/100|[from] Sandstorm
|-heal|p2a: Gigalith|95/100 brn|[from] item: Leftovers
|-damage|p2a: Gigalith|89/100 brn|[from] brn
|upkeep
|turn|5
|
|t:|1666918689
|switch|p1a: Eldegoss|Eldegoss, M|100/100
|move|p2a: Gigalith|Stealth Rock|p1a: Eldegoss
|-sidestart|p1: Jwinkler|move: Stealth Rock
|
|-weather|Sandstorm|[upkeep]
|-damage|p1a: Eldegoss|94/100|[from] Sandstorm
|-heal|p2a: Gigalith|95/100 brn|[from] item: Leftovers
|-damage|p2a: Gigalith|89/100 brn|[from] brn
|upkeep
|turn|6
|
|t:|1666918718
|switch|p2a: Scrafty|Scrafty, M|78/100
|move|p1a: Eldegoss|Sleep Powder|p2a: Scrafty|[miss]
|-miss|p1a: Eldegoss|p2a: Scrafty
|
|-weather|Sandstorm|[upkeep]
|-damage|p2a: Scrafty|72/100|[from] Sandstorm
|-damage|p1a: Eldegoss|88/100|[from] Sandstorm
|-heal|p2a: Scrafty|78/100|[from] item: Leftovers
|upkeep
|turn|7
|
|t:|1666918729
|move|p2a: Scrafty|Knock Off|p1a: Eldegoss
|-damage|p1a: Eldegoss|60/100
|-damage|p2a: Scrafty|62/100|[from] item: Rocky Helmet|[of] p1a: Eldegoss
|-enditem|p1a: Eldegoss|Rocky Helmet|[from] move: Knock Off|[of] p2a: Scrafty
|move|p1a: Eldegoss|Rapid Spin|p2a: Scrafty
|-damage|p2a: Scrafty|56/100
|-boost|p1a: Eldegoss|spe|1
|-sideend|p1: Jwinkler|Stealth Rock|[from] move: Rapid Spin|[of] p1a: Eldegoss
|
|-weather|Sandstorm|[upkeep]
|-damage|p1a: Eldegoss|54/100|[from] Sandstorm
|-damage|p2a: Scrafty|50/100|[from] Sandstorm
|-heal|p2a: Scrafty|56/100|[from] item: Leftovers
|upkeep
|turn|8
|
|t:|1666918743
|switch|p1a: Charizard|Charizard, F|94/100
|move|p2a: Scrafty|Rest|p2a: Scrafty
|-status|p2a: Scrafty|slp|[from] move: Rest
|-heal|p2a: Scrafty|100/100 slp|[silent]
|
|-weather|none
|-activate|p2a: Scrafty|ability: Shed Skin
|-curestatus|p2a: Scrafty|slp|[msg]
|upkeep
|turn|9
|
|t:|1666918754
|switch|p2a: Gigalith|Gigalith, F|89/100 brn
|-weather|Sandstorm|[from] ability: Sand Stream|[of] p2a: Gigalith
|move|p1a: Charizard|Focus Blast|p2a: Gigalith
|-supereffective|p2a: Gigalith
|-damage|p2a: Gigalith|51/100 brn
|
|-weather|Sandstorm|[upkeep]
|-damage|p1a: Charizard|88/100|[from] Sandstorm
|-heal|p2a: Gigalith|57/100 brn|[from] item: Leftovers
|-damage|p2a: Gigalith|51/100 brn|[from] brn
|upkeep
|turn|10
|
|t:|1666918768
|switch|p1a: Druddigon|Druddigon, F|100/100
|move|p2a: Gigalith|Stealth Rock|p1a: Druddigon
|-sidestart|p1: Jwinkler|move: Stealth Rock
|
|-weather|Sandstorm|[upkeep]
|-damage|p1a: Druddigon|94/100|[from] Sandstorm
|-heal|p2a: Gigalith|57/100 brn|[from] item: Leftovers
|-damage|p2a: Gigalith|51/100 brn|[from] brn
|upkeep
|turn|11
|
|t:|1666918780
|move|p1a: Druddigon|Stealth Rock|p2a: Gigalith
|-sidestart|p2: JoJo Reference #11|move: Stealth Rock
|move|p2a: Gigalith|Toxic|p1a: Druddigon
|-status|p1a: Druddigon|tox
|
|-weather|Sandstorm|[upkeep]
|-damage|p1a: Druddigon|88/100 tox|[from] Sandstorm
|-heal|p2a: Gigalith|57/100 brn|[from] item: Leftovers
|-damage|p1a: Druddigon|82/100 tox|[from] psn
|-damage|p2a: Gigalith|51/100 brn|[from] brn
|upkeep
|turn|12
|
|t:|1666918793
|move|p2a: Gigalith|Protect|p2a: Gigalith
|-singleturn|p2a: Gigalith|Protect
|move|p1a: Druddigon|Roar|p2a: Gigalith
|drag|p2a: Scrafty|Scrafty, M|100/100
|-damage|p2a: Scrafty|95/100|[from] Stealth Rock
|
|-weather|Sandstorm|[upkeep]
|-damage|p2a: Scrafty|89/100|[from] Sandstorm
|-damage|p1a: Druddigon|76/100 tox|[from] Sandstorm
|-heal|p2a: Scrafty|95/100|[from] item: Leftovers
|-damage|p1a: Druddigon|64/100 tox|[from] psn
|upkeep
|turn|13
|inactive|Jwinkler has 120 seconds left.
|
|t:|1666918811
|switch|p1a: Jolteon|Jolteon, M|100/100
|-damage|p1a: Jolteon|88/100|[from] Stealth Rock
|move|p2a: Scrafty|Bulk Up|p2a: Scrafty
|-boost|p2a: Scrafty|atk|1
|-boost|p2a: Scrafty|def|1
|
|-weather|none
|-heal|p2a: Scrafty|100/100|[from] item: Leftovers
|-status|p1a: Jolteon|brn|[from] item: Flame Orb
|upkeep
|turn|14
|inactive|Jwinkler has 120 seconds left.
|
|t:|1666918826
|move|p1a: Jolteon|Thunderbolt|p2a: Scrafty
|-damage|p2a: Scrafty|64/100
|move|p2a: Scrafty|Drain Punch|p1a: Jolteon
|-crit|p1a: Jolteon
|-damage|p1a: Jolteon|0 fnt
|-heal|p2a: Scrafty|99/100|[from] drain|[of] p1a: Jolteon
|faint|p1a: Jolteon
|
|-heal|p2a: Scrafty|100/100|[from] item: Leftovers
|upkeep
|inactive|Jwinkler has 120 seconds left.
|
|t:|1666918844
|switch|p1a: Eldegoss|Eldegoss, M|87/100
|-damage|p1a: Eldegoss|75/100|[from] Stealth Rock
|turn|15
|
|t:|1666918851
|move|p2a: Scrafty|Bulk Up|p2a: Scrafty
|-boost|p2a: Scrafty|atk|1
|-boost|p2a: Scrafty|def|1
|move|p1a: Eldegoss|Sleep Powder|p2a: Scrafty|[miss]
|-miss|p1a: Eldegoss|p2a: Scrafty
|
|upkeep
|turn|16
|inactive|Jwinkler has 120 seconds left.
|
|t:|1666918858
|move|p2a: Scrafty|Drain Punch|p1a: Eldegoss
|-crit|p1a: Eldegoss
|-damage|p1a: Eldegoss|17/100
|move|p1a: Eldegoss|Sleep Powder|p2a: Scrafty
|-status|p2a: Scrafty|slp|[from] move: Sleep Powder
|
|upkeep
|turn|17
|
|t:|1666918866
|switch|p1a: Charizard|Charizard, F|88/100
|cant|p2a: Scrafty|slp
|
|upkeep
|turn|18
|
|t:|1666918872
|switch|p2a: Gigalith|Gigalith, F|51/100 brn
|-damage|p2a: Gigalith|38/100 brn|[from] Stealth Rock
|-weather|Sandstorm|[from] ability: Sand Stream|[of] p2a: Gigalith
|move|p1a: Charizard|Air Slash|p2a: Gigalith
|-resisted|p2a: Gigalith
|-damage|p2a: Gigalith|30/100 brn
|
|-weather|Sandstorm|[upkeep]
|-damage|p1a: Charizard|82/100|[from] Sandstorm
|-heal|p2a: Gigalith|36/100 brn|[from] item: Leftovers
|-damage|p2a: Gigalith|30/100 brn|[from] brn
|upkeep
|turn|19
|
|t:|1666918887
|switch|p2a: Silvally|Silvally-Fairy|100/100
|-damage|p2a: Silvally|88/100|[from] Stealth Rock
|move|p1a: Charizard|Focus Blast|p2a: Silvally
|-resisted|p2a: Silvally
|-damage|p2a: Silvally|68/100
|
|-weather|Sandstorm|[upkeep]
|-damage|p1a: Charizard|76/100|[from] Sandstorm
|-damage|p2a: Silvally|62/100|[from] Sandstorm
|upkeep
|turn|20
|
|t:|1666918900
|move|p1a: Charizard|Flamethrower|p2a: Silvally
|-damage|p2a: Silvally|19/100
|move|p2a: Silvally|Psychic Fangs|p1a: Charizard
|-damage|p1a: Charizard|43/100
|
|-weather|Sandstorm|[upkeep]
|-damage|p1a: Charizard|37/100|[from] Sandstorm
|-damage|p2a: Silvally|13/100|[from] Sandstorm
|upkeep
|turn|21
|
|t:|1666918910
|move|p1a: Charizard|Flamethrower|p2a: Silvally
|-damage|p2a: Silvally|0 fnt
|faint|p2a: Silvally
|
|-weather|Sandstorm|[upkeep]
|-damage|p1a: Charizard|30/100|[from] Sandstorm
|upkeep
|
|t:|1666918913
|switch|p2a: Duosion|Duosion, F|100/100
|turn|22
|
|t:|1666918921
|move|p1a: Charizard|Roost|p1a: Charizard
|-heal|p1a: Charizard|81/100
|-singleturn|p1a: Charizard|move: Roost
|move|p2a: Duosion|Calm Mind|p2a: Duosion
|-boost|p2a: Duosion|spa|1
|-boost|p2a: Duosion|spd|1
|
|-weather|none
|upkeep
|turn|23
|
|t:|1666918932
|switch|p1a: Lanturn|Lanturn, M|100/100
|-damage|p1a: Lanturn|88/100|[from] Stealth Rock
|move|p2a: Duosion|Calm Mind|p2a: Duosion
|-boost|p2a: Duosion|spa|1
|-boost|p2a: Duosion|spd|1
|
|-heal|p1a: Lanturn|94/100|[from] item: Leftovers
|upkeep
|turn|24
|
|t:|1666918944
|switch|p1a: Druddigon|Druddigon, F|64/100 tox
|-damage|p1a: Druddigon|51/100 tox|[from] Stealth Rock
|move|p2a: Duosion|Calm Mind|p2a: Duosion
|-boost|p2a: Duosion|spa|1
|-boost|p2a: Duosion|spd|1
|
|-damage|p1a: Druddigon|45/100 tox|[from] psn
|upkeep
|turn|25
|
|t:|1666918953
|move|p2a: Duosion|Stored Power|p1a: Druddigon
|-damage|p1a: Druddigon|0 fnt
|faint|p1a: Druddigon
|
|upkeep
|
|t:|1666918963
|switch|p1a: Lycanroc|Lycanroc, M|31/100
|-damage|p1a: Lycanroc|19/100|[from] Stealth Rock
|turn|26
|
|t:|1666918969
|move|p1a: Lycanroc|Stone Edge|p2a: Duosion
|-damage|p2a: Duosion|63/100
|move|p2a: Duosion|Stored Power|p1a: Lycanroc
|-damage|p1a: Lycanroc|0 fnt
|faint|p1a: Lycanroc
|
|upkeep
|-message|Jwinkler forfeited.
|
|win|JoJo Reference #11
|raw|Jwinkler's rating: 1192 &rarr; <strong>1176</strong><br />(-16 for losing)
|raw|JoJo Reference #11's rating: 1324 &rarr; <strong>1337</strong><br />(+13 for winning)
|l|☆Jwinkler
