|j|☆Dr. Pronoun
|j|☆MelodicStrike
|t:|1605651998
|player|p1|Dr. Pronoun|scientist-gen4dp|
|player|p2|MelodicStrike|teammagmagruntf-gen3|
|teamsize|p1|6
|teamsize|p2|6
|gametype|singles
|gen|8
|tier|[Gen 8] PU
|rated|Tournament battle
|clearpoke
|poke|p1|Drampa, F|
|poke|p1|Metang|
|poke|p1|Clefairy, M|
|poke|p1|Poliwrath, M|
|poke|p1|Liepard, M|
|poke|p1|Jolteon, M|
|poke|p2|Shedinja|
|poke|p2|Tangela, F|
|poke|p2|Avalugg, F|
|poke|p2|Quagsire, F|
|poke|p2|Carbink|
|poke|p2|Altaria, F|
|rule|Sleep Clause Mod: Limit one foe put to sleep
|rule|Species Clause: Limit one of each Pokémon
|rule|OHKO Clause: OHKO moves are banned
|rule|Evasion Moves Clause: Evasion moves are banned
|rule|Endless Battle Clause: Forcing endless battles is banned
|rule|HP Percentage Mod: HP is shown in percentages
|rule|Dynamax Clause: You cannot dynamax
|teampreview
|j| SergioRules
|j| ManyEggs
|j| ThatsMacabre
|c| ManyEggs|Ight whoever wins fights me i think
|
|t:|1605652036
|start
|switch|p1a: Liepard|Liepard, M|100/100
|switch|p2a: Carbink|Carbink|100/100
|turn|1
|
|t:|1605652040
|move|p1a: Liepard|U-turn|p2a: Carbink
|-resisted|p2a: Carbink
|-damage|p2a: Carbink|94/100
|
|t:|1605652043
|switch|p1a: Metang|Metang|100/100|[from]move: U-turn
|move|p2a: Carbink|Body Press|p1a: Metang
|-damage|p1a: Metang|83/100
|
|-heal|p2a: Carbink|99/100|[from] item: Leftovers
|upkeep
|turn|2
|
|t:|1605652052
|switch|p2a: Altaria|Altaria, F|100/100
|move|p1a: Metang|Stealth Rock|p2a: Altaria
|-sidestart|p2: MelodicStrike|move: Stealth Rock
|
|upkeep
|turn|3
|
|t:|1605652059
|switch|p1a: Liepard|Liepard, M|100/100
|move|p2a: Altaria|Fire Blast|p1a: Liepard
|-damage|p1a: Liepard|58/100
|
|upkeep
|turn|4
|
|t:|1605652065
|switch|p2a: Avalugg|Avalugg, F|100/100
|move|p1a: Liepard|Knock Off|p2a: Avalugg
|-damage|p2a: Avalugg|81/100
|-enditem|p2a: Avalugg|Heavy-Duty Boots|[from] move: Knock Off|[of] p1a: Liepard
|
|upkeep
|turn|5
|
|t:|1605652072
|move|p1a: Liepard|U-turn|p2a: Avalugg
|-damage|p2a: Avalugg|73/100
|
|t:|1605652082
|switch|p1a: Poliwrath|Poliwrath, M|100/100|[from]move: U-turn
|move|p2a: Avalugg|Rapid Spin|p1a: Poliwrath
|-damage|p1a: Poliwrath|87/100
|-boost|p2a: Avalugg|spe|1
|-sideend|p2: MelodicStrike|Stealth Rock|[from] move: Rapid Spin|[of] p2a: Avalugg
|
|-heal|p1a: Poliwrath|93/100|[from] item: Leftovers
|upkeep
|turn|6
|
|t:|1605652109
|switch|p1a: Metang|Metang|83/100
|switch|p2a: Shedinja|Shedinja|100/100
|
|upkeep
|turn|7
|j| Kadi Marik
|
|t:|1605652117
|switch|p1a: Drampa|Drampa, F|100/100
|move|p2a: Shedinja|Protect||[still]
|-fail|p2a: Shedinja
|
|upkeep
|turn|8
|
|t:|1605652127
|move|p2a: Shedinja|Protect|p2a: Shedinja
|-singleturn|p2a: Shedinja|Protect
|move|p1a: Drampa|Toxic|p2a: Shedinja
|-activate|p2a: Shedinja|move: Protect
|
|upkeep
|turn|9
|
|t:|1605652133
|switch|p2a: Altaria|Altaria, F|100/100
|move|p1a: Drampa|Toxic|p2a: Altaria
|-status|p2a: Altaria|tox
|
|-damage|p2a: Altaria|94/100 tox|[from] psn
|upkeep
|turn|10
|
|t:|1605652137
|switch|p2a: Carbink|Carbink|99/100
|switch|p1a: Clefairy|Clefairy, M|100/100
|
|-heal|p2a: Carbink|100/100|[from] item: Leftovers
|upkeep
|turn|11
|
|t:|1605652150
|switch|p1a: Metang|Metang|83/100
|move|p2a: Carbink|Stealth Rock|p1a: Metang
|-sidestart|p1: Dr. Pronoun|move: Stealth Rock
|
|upkeep
|turn|12
|
|t:|1605652154
|switch|p2a: Tangela|Tangela, F|100/100
|move|p1a: Metang|Stealth Rock|p2a: Tangela
|-sidestart|p2: MelodicStrike|move: Stealth Rock
|
|upkeep
|turn|13
|
|t:|1605652162
|switch|p1a: Drampa|Drampa, F|100/100
|move|p2a: Tangela|Knock Off|p1a: Drampa
|-damage|p1a: Drampa|86/100
|-enditem|p1a: Drampa|Heavy-Duty Boots|[from] move: Knock Off|[of] p2a: Tangela
|
|upkeep
|turn|14
|
|t:|1605652170
|switch|p2a: Carbink|Carbink|100/100
|-damage|p2a: Carbink|88/100|[from] Stealth Rock
|move|p1a: Drampa|Toxic|p2a: Carbink
|-status|p2a: Carbink|tox
|
|-heal|p2a: Carbink|94/100 tox|[from] item: Leftovers
|-damage|p2a: Carbink|88/100 tox|[from] psn
|upkeep
|turn|15
|l| ManyEggs
|j| ManyEggs
|
|t:|1605652189
|switch|p1a: Clefairy|Clefairy, M|100/100
|move|p2a: Carbink|Body Press|p1a: Clefairy
|-resisted|p1a: Clefairy
|-damage|p1a: Clefairy|91/100
|
|-heal|p2a: Carbink|94/100 tox|[from] item: Leftovers
|-damage|p2a: Carbink|82/100 tox|[from] psn
|upkeep
|turn|16
|
|t:|1605652203
|switch|p2a: Altaria|Altaria, F|94/100
|move|p1a: Clefairy|Knock Off|p2a: Altaria
|-damage|p2a: Altaria|84/100
|-enditem|p2a: Altaria|Heavy-Duty Boots|[from] move: Knock Off|[of] p1a: Clefairy
|
|upkeep
|turn|17
|
|t:|1605652207
|move|p2a: Altaria|Defog|p1a: Clefairy
|-unboost|p1a: Clefairy|evasion|1
|-sideend|p1: Dr. Pronoun|Stealth Rock|[from] move: Defog|[of] p2a: Altaria
|-sideend|p2: MelodicStrike|Stealth Rock|[from] move: Defog|[of] p2a: Altaria
|move|p1a: Clefairy|Moonblast|p2a: Altaria
|-supereffective|p2a: Altaria
|-damage|p2a: Altaria|56/100
|
|upkeep
|turn|18
|
|t:|1605652212
|move|p2a: Altaria|Roost|p2a: Altaria
|-heal|p2a: Altaria|100/100
|-singleturn|p2a: Altaria|move: Roost
|move|p1a: Clefairy|Wish|p1a: Clefairy
|
|upkeep
|turn|19
|
|t:|1605652229
|switch|p1a: Metang|Metang|83/100
|move|p2a: Altaria|Fire Blast|p1a: Metang
|-supereffective|p1a: Metang
|-damage|p1a: Metang|49/100
|
|-heal|p1a: Metang|100/100|[from] move: Wish|[wisher] Clefairy
|upkeep
|turn|20
|
|t:|1605652240
|switch|p1a: Clefairy|Clefairy, M|91/100
|move|p2a: Altaria|Fire Blast|p1a: Clefairy
|-damage|p1a: Clefairy|74/100
|
|upkeep
|turn|21
|
|t:|1605652253
|move|p2a: Altaria|Fire Blast|p1a: Clefairy
|-damage|p1a: Clefairy|57/100
|move|p1a: Clefairy|Wish|p1a: Clefairy
|
|upkeep
|turn|22
|
|t:|1605652262
|move|p2a: Altaria|Fire Blast|p1a: Clefairy|[miss]
|-miss|p2a: Altaria|p1a: Clefairy
|move|p1a: Clefairy|Moonblast|p2a: Altaria
|-supereffective|p2a: Altaria
|-damage|p2a: Altaria|70/100
|
|-heal|p1a: Clefairy|100/100|[from] move: Wish|[wisher] Clefairy
|upkeep
|turn|23
|l| ManyEggs
|
|t:|1605652274
|switch|p2a: Avalugg|Avalugg, F|73/100
|move|p1a: Clefairy|Wish|p1a: Clefairy
|
|upkeep
|turn|24
|
|t:|1605652286
|move|p1a: Clefairy|Moonblast|p2a: Avalugg
|-damage|p2a: Avalugg|38/100
|move|p2a: Avalugg|Body Press|p1a: Clefairy
|-resisted|p1a: Clefairy
|-damage|p1a: Clefairy|87/100
|
|-heal|p1a: Clefairy|100/100|[from] move: Wish|[wisher] Clefairy
|upkeep
|turn|25
|
|t:|1605652293
|move|p1a: Clefairy|Moonblast|p2a: Avalugg
|-damage|p2a: Avalugg|1/100
|move|p2a: Avalugg|Recover|p2a: Avalugg
|-heal|p2a: Avalugg|51/100
|
|upkeep
|turn|26
|
|t:|1605652299
|move|p1a: Clefairy|Wish|p1a: Clefairy
|move|p2a: Avalugg|Recover|p2a: Avalugg
|-heal|p2a: Avalugg|100/100
|
|upkeep
|turn|27
|
|t:|1605652305
|switch|p1a: Poliwrath|Poliwrath, M|93/100
|move|p2a: Avalugg|Roar|p1a: Poliwrath
|drag|p1a: Liepard|Liepard, M|58/100
|
|-heal|p1a: Liepard|100/100|[from] move: Wish|[wisher] Clefairy
|upkeep
|turn|28
|
|t:|1605652313
|move|p1a: Liepard|Encore|p2a: Avalugg
|-start|p2a: Avalugg|Encore
|move|p2a: Avalugg|Roar|p1a: Liepard
|drag|p1a: Clefairy|Clefairy, M|100/100
|
|upkeep
|turn|29
|j| ManyEggs
|
|t:|1605652324
|switch|p2a: Quagsire|Quagsire, F|100/100
|move|p1a: Clefairy|Wish|p1a: Clefairy
|
|upkeep
|turn|30
|
|t:|1605652334
|move|p1a: Clefairy|Knock Off|p2a: Quagsire
|-crit|p2a: Quagsire
|-damage|p2a: Quagsire|89/100
|-enditem|p2a: Quagsire|Leftovers|[from] move: Knock Off|[of] p1a: Clefairy
|move|p2a: Quagsire|Toxic|p1a: Clefairy
|-status|p1a: Clefairy|tox
|
|upkeep
|turn|31
|l| SergioRules
|
|t:|1605652339
|move|p2a: Quagsire|Earthquake|p1a: Clefairy
|-damage|p1a: Clefairy|78/100 tox
|move|p1a: Clefairy|Moonblast|p2a: Quagsire
|-damage|p2a: Quagsire|63/100
|-unboost|p2a: Quagsire|spa|1
|
|upkeep
|turn|32
|
|t:|1605652351
|move|p2a: Quagsire|Recover|p2a: Quagsire
|-heal|p2a: Quagsire|100/100
|move|p1a: Clefairy|Moonblast|p2a: Quagsire
|-damage|p2a: Quagsire|74/100
|
|upkeep
|turn|33
|c| ManyEggs|Which pokemon will faint first
|
|t:|1605652355
|move|p1a: Clefairy|Moonblast|p2a: Quagsire
|-damage|p2a: Quagsire|48/100
|move|p2a: Quagsire|Earthquake|p1a: Clefairy
|-crit|p1a: Clefairy
|-damage|p1a: Clefairy|44/100 tox
|
|upkeep
|turn|34
|
|t:|1605652359
|move|p2a: Quagsire|Recover|p2a: Quagsire
|-heal|p2a: Quagsire|98/100
|move|p1a: Clefairy|Soft-Boiled|p1a: Clefairy
|-heal|p1a: Clefairy|94/100 tox
|
|upkeep
|turn|35
|
|t:|1605652364
|move|p2a: Quagsire|Earthquake|p1a: Clefairy
|-damage|p1a: Clefairy|72/100 tox
|move|p1a: Clefairy|Moonblast|p2a: Quagsire
|-damage|p2a: Quagsire|72/100
|-unboost|p2a: Quagsire|spa|1
|
|upkeep
|turn|36
|
|t:|1605652369
|move|p1a: Clefairy|Wish|p1a: Clefairy
|move|p2a: Quagsire|Earthquake|p1a: Clefairy
|-damage|p1a: Clefairy|49/100 tox
|
|upkeep
|turn|37
|
|t:|1605652375
|move|p2a: Quagsire|Earthquake|p1a: Clefairy
|-damage|p1a: Clefairy|25/100 tox
|move|p1a: Clefairy|Knock Off|p2a: Quagsire
|-damage|p2a: Quagsire|67/100
|
|-heal|p1a: Clefairy|75/100 tox|[from] move: Wish|[wisher] Clefairy
|upkeep
|turn|38
|
|t:|1605652379
|move|p1a: Clefairy|Soft-Boiled|p1a: Clefairy
|-heal|p1a: Clefairy|100/100 tox
|move|p2a: Quagsire|Earthquake|p1a: Clefairy
|-damage|p1a: Clefairy|80/100 tox
|
|upkeep
|turn|39
|
|t:|1605652385
|switch|p1a: Poliwrath|Poliwrath, M|93/100
|move|p2a: Quagsire|Earthquake|p1a: Poliwrath
|-damage|p1a: Poliwrath|58/100
|
|-heal|p1a: Poliwrath|64/100|[from] item: Leftovers
|upkeep
|turn|40
|
|t:|1605652392
|switch|p2a: Shedinja|Shedinja|100/100
|move|p1a: Poliwrath|Substitute|p1a: Poliwrath
|-start|p1a: Poliwrath|Substitute
|-damage|p1a: Poliwrath|39/100
|
|-heal|p1a: Poliwrath|46/100|[from] item: Leftovers
|upkeep
|turn|41
|
|t:|1605652398
|switch|p1a: Drampa|Drampa, F|86/100
|move|p2a: Shedinja|Protect||[still]
|-fail|p2a: Shedinja
|
|upkeep
|turn|42
|
|t:|1605652407
|switch|p2a: Carbink|Carbink|82/100 tox
|move|p1a: Drampa|Roost|p1a: Drampa
|-heal|p1a: Drampa|100/100
|-singleturn|p1a: Drampa|move: Roost
|
|-heal|p2a: Carbink|88/100 tox|[from] item: Leftovers
|-damage|p2a: Carbink|82/100 tox|[from] psn
|upkeep
|turn|43
|l| ManyEggs
|
|t:|1605652413
|switch|p1a: Metang|Metang|100/100
|move|p2a: Carbink|Stealth Rock|p1a: Metang
|-sidestart|p1: Dr. Pronoun|move: Stealth Rock
|
|-heal|p2a: Carbink|88/100 tox|[from] item: Leftovers
|-damage|p2a: Carbink|75/100 tox|[from] psn
|upkeep
|turn|44
|
|t:|1605652423
|switch|p2a: Tangela|Tangela, F|100/100
|move|p1a: Metang|Stealth Rock|p2a: Tangela
|-sidestart|p2: MelodicStrike|move: Stealth Rock
|
|upkeep
|turn|45
|
|t:|1605652429
|switch|p1a: Drampa|Drampa, F|100/100
|-damage|p1a: Drampa|88/100|[from] Stealth Rock
|move|p2a: Tangela|Knock Off|p1a: Drampa
|-damage|p1a: Drampa|79/100
|
|upkeep
|turn|46
|j| ManyEggs
|
|t:|1605652436
|switch|p2a: Carbink|Carbink|75/100 tox
|-damage|p2a: Carbink|63/100 tox|[from] Stealth Rock
|move|p1a: Drampa|Roost|p1a: Drampa
|-heal|p1a: Drampa|100/100
|-singleturn|p1a: Drampa|move: Roost
|
|-heal|p2a: Carbink|69/100 tox|[from] item: Leftovers
|-damage|p2a: Carbink|63/100 tox|[from] psn
|upkeep
|turn|47
|
|t:|1605652453
|switch|p1a: Clefairy|Clefairy, M|80/100 tox
|move|p2a: Carbink|Body Press|p1a: Clefairy
|-resisted|p1a: Clefairy
|-damage|p1a: Clefairy|70/100 tox
|
|-heal|p2a: Carbink|69/100 tox|[from] item: Leftovers
|-damage|p2a: Carbink|57/100 tox|[from] psn
|upkeep
|turn|48
|
|t:|1605652458
|move|p2a: Carbink|Rest|p2a: Carbink
|-status|p2a: Carbink|slp|[from] move: Rest
|-heal|p2a: Carbink|100/100 slp|[silent]
|move|p1a: Clefairy|Soft-Boiled|p1a: Clefairy
|-heal|p1a: Clefairy|100/100 tox
|
|upkeep
|turn|49
|
|t:|1605652463
|switch|p2a: Avalugg|Avalugg, F|100/100
|-damage|p2a: Avalugg|76/100|[from] Stealth Rock
|move|p1a: Clefairy|Wish|p1a: Clefairy
|
|upkeep
|turn|50
|
|t:|1605652472
|switch|p1a: Poliwrath|Poliwrath, M|46/100
|-damage|p1a: Poliwrath|39/100|[from] Stealth Rock
|move|p2a: Avalugg|Recover|p2a: Avalugg
|-heal|p2a: Avalugg|100/100
|
|-heal|p1a: Poliwrath|93/100|[from] move: Wish|[wisher] Clefairy
|-heal|p1a: Poliwrath|99/100|[from] item: Leftovers
|upkeep
|turn|51
|j| Party gengar㋡
|
|t:|1605652484
|switch|p2a: Shedinja|Shedinja|100/100
|move|p1a: Poliwrath|Bulk Up|p1a: Poliwrath
|-boost|p1a: Poliwrath|atk|1
|-boost|p1a: Poliwrath|def|1
|
|-heal|p1a: Poliwrath|100/100|[from] item: Leftovers
|upkeep
|turn|52
|
|t:|1605652491
|switch|p1a: Drampa|Drampa, F|100/100
|-damage|p1a: Drampa|88/100|[from] Stealth Rock
|move|p2a: Shedinja|Poltergeist||[still]
|-fail|p2a: Shedinja
|
|upkeep
|turn|53
|c| Party gengar㋡|took you long enough to put shedinja on the team
|
|t:|1605652504
|move|p2a: Shedinja|Protect|p2a: Shedinja
|-singleturn|p2a: Shedinja|Protect
|move|p1a: Drampa|Defog|p2a: Shedinja
|-activate|p2a: Shedinja|move: Protect
|
|upkeep
|turn|54
|
|t:|1605652516
|switch|p2a: Carbink|Carbink|100/100 slp
|-damage|p2a: Carbink|88/100 slp|[from] Stealth Rock
|move|p1a: Drampa|Defog|p2a: Carbink
|-unboost|p2a: Carbink|evasion|1
|-sideend|p2: MelodicStrike|Stealth Rock|[from] move: Defog|[of] p1a: Drampa
|-sideend|p1: Dr. Pronoun|Stealth Rock|[from] move: Defog|[of] p1a: Drampa
|
|-heal|p2a: Carbink|94/100 slp|[from] item: Leftovers
|upkeep
|turn|55
|
|t:|1605652523
|switch|p1a: Liepard|Liepard, M|100/100
|cant|p2a: Carbink|slp
|move|p2a: Carbink|Sleep Talk|p2a: Carbink
|move|p2a: Carbink|Rest|p2a: Carbink|[from]Sleep Talk
|-fail|p2a: Carbink
|
|-heal|p2a: Carbink|100/100 slp|[from] item: Leftovers
|upkeep
|turn|56
|c|☆MelodicStrike|lucky
|
|t:|1605652535
|move|p1a: Liepard|U-turn|p2a: Carbink
|-resisted|p2a: Carbink
|-damage|p2a: Carbink|94/100 slp
|
|t:|1605652538
|switch|p1a: Metang|Metang|100/100|[from]move: U-turn
|cant|p2a: Carbink|slp
|move|p2a: Carbink|Sleep Talk|p2a: Carbink
|move|p2a: Carbink|Stealth Rock|p1a: Metang|[from]Sleep Talk
|-sidestart|p1: Dr. Pronoun|move: Stealth Rock
|
|-heal|p2a: Carbink|99/100 slp|[from] item: Leftovers
|upkeep
|turn|57
|
|t:|1605652560
|switch|p2a: Avalugg|Avalugg, F|100/100
|move|p1a: Metang|Stealth Rock|p2a: Avalugg
|-sidestart|p2: MelodicStrike|move: Stealth Rock
|
|upkeep
|turn|58
|
|t:|1605652570
|switch|p1a: Clefairy|Clefairy, M|100/100 tox
|move|p2a: Avalugg|Rapid Spin|p1a: Clefairy
|-damage|p1a: Clefairy|91/100 tox
|-boost|p2a: Avalugg|spe|1
|-sideend|p2: MelodicStrike|Stealth Rock|[from] move: Rapid Spin|[of] p2a: Avalugg
|
|upkeep
|turn|59
|
|t:|1605652576
|move|p1a: Clefairy|Wish|p1a: Clefairy
|move|p2a: Avalugg|Roar|p1a: Clefairy
|drag|p1a: Poliwrath|Poliwrath, M|100/100
|-damage|p1a: Poliwrath|94/100|[from] Stealth Rock
|
|-heal|p1a: Poliwrath|100/100|[from] item: Leftovers
|upkeep
|turn|60
|
|t:|1605652582
|switch|p1a: Jolteon|Jolteon, M|100/100
|-damage|p1a: Jolteon|88/100|[from] Stealth Rock
|move|p2a: Avalugg|Roar|p1a: Jolteon
|drag|p1a: Metang|Metang|100/100
|-damage|p1a: Metang|94/100|[from] Stealth Rock
|
|-heal|p1a: Metang|100/100|[from] move: Wish|[wisher] Clefairy
|upkeep
|turn|61
|
|t:|1605652587
|move|p1a: Metang|Stealth Rock|p2a: Avalugg
|-sidestart|p2: MelodicStrike|move: Stealth Rock
|move|p2a: Avalugg|Roar|p1a: Metang
|drag|p1a: Drampa|Drampa, F|88/100
|-damage|p1a: Drampa|76/100|[from] Stealth Rock
|
|upkeep
|turn|62
|
|t:|1605652599
|switch|p1a: Clefairy|Clefairy, M|91/100 tox
|move|p2a: Avalugg|Body Press|p1a: Clefairy
|-resisted|p1a: Clefairy
|-damage|p1a: Clefairy|78/100 tox
|
|upkeep
|turn|63
|
|t:|1605652606
|move|p1a: Clefairy|Moonblast|p2a: Avalugg
|-crit|p2a: Avalugg
|-damage|p2a: Avalugg|44/100
|-unboost|p2a: Avalugg|spa|1
|move|p2a: Avalugg|Roar|p1a: Clefairy
|drag|p1a: Poliwrath|Poliwrath, M|100/100
|-damage|p1a: Poliwrath|94/100|[from] Stealth Rock
|
|-heal|p1a: Poliwrath|100/100|[from] item: Leftovers
|upkeep
|turn|64
|
|t:|1605652619
|switch|p1a: Jolteon|Jolteon, M|88/100
|-damage|p1a: Jolteon|76/100|[from] Stealth Rock
|move|p2a: Avalugg|Recover|p2a: Avalugg
|-heal|p2a: Avalugg|94/100
|
|upkeep
|turn|65
|
|t:|1605652632
|switch|p2a: Carbink|Carbink|99/100 slp
|-damage|p2a: Carbink|87/100 slp|[from] Stealth Rock
|move|p1a: Jolteon|Thunderbolt|p2a: Carbink
|-damage|p2a: Carbink|52/100 slp
|-damage|p1a: Jolteon|66/100|[from] item: Life Orb
|
|-heal|p2a: Carbink|58/100 slp|[from] item: Leftovers
|upkeep
|turn|66
|
|t:|1605652644
|move|p1a: Jolteon|Thunderbolt|p2a: Carbink
|-damage|p2a: Carbink|23/100 slp
|-damage|p1a: Jolteon|56/100|[from] item: Life Orb
|-curestatus|p2a: Carbink|slp|[msg]
|move|p2a: Carbink|Body Press|p1a: Jolteon
|-damage|p1a: Jolteon|10/100
|
|-heal|p2a: Carbink|29/100|[from] item: Leftovers
|upkeep
|turn|67
|
|t:|1605652658
|switch|p2a: Shedinja|Shedinja|100/100
|move|p1a: Jolteon|Toxic|p2a: Shedinja
|-status|p2a: Shedinja|tox
|
|-damage|p2a: Shedinja|0 fnt|[from] psn
|faint|p2a: Shedinja
|upkeep
|c| ManyEggs|Oof
|c|☆MelodicStrike|is that modest or specs
|c|☆Dr. Pronoun|>specs
|
|t:|1605652717
|switch|p2a: Quagsire|Quagsire, F|67/100
|-damage|p2a: Quagsire|61/100|[from] Stealth Rock
|turn|68
|
|t:|1605652726
|switch|p1a: Clefairy|Clefairy, M|78/100 tox
|move|p2a: Quagsire|Recover|p2a: Quagsire
|-heal|p2a: Quagsire|100/100
|
|upkeep
|turn|69
|
|t:|1605652730
|move|p1a: Clefairy|Soft-Boiled|p1a: Clefairy
|-heal|p1a: Clefairy|100/100 tox
|move|p2a: Quagsire|Earthquake|p1a: Clefairy
|-damage|p1a: Clefairy|80/100 tox
|
|upkeep
|turn|70
|
|t:|1605652733
|move|p1a: Clefairy|Wish|p1a: Clefairy
|move|p2a: Quagsire|Earthquake|p1a: Clefairy
|-damage|p1a: Clefairy|59/100 tox
|
|upkeep
|turn|71
|
|t:|1605652738
|move|p2a: Quagsire|Scald|p1a: Clefairy
|-damage|p1a: Clefairy|42/100 tox
|move|p1a: Clefairy|Knock Off|p2a: Quagsire
|-damage|p2a: Quagsire|96/100
|
|-heal|p1a: Clefairy|92/100 tox|[from] move: Wish|[wisher] Clefairy
|upkeep
|turn|72
|
|t:|1605652743
|switch|p2a: Tangela|Tangela, F|100/100
|-damage|p2a: Tangela|88/100|[from] Stealth Rock
|move|p1a: Clefairy|Wish|p1a: Clefairy
|
|upkeep
|turn|73
|
|t:|1605652746
|switch|p1a: Drampa|Drampa, F|76/100
|-damage|p1a: Drampa|64/100|[from] Stealth Rock
|move|p2a: Tangela|Knock Off|p1a: Drampa
|-damage|p1a: Drampa|54/100
|
|-heal|p1a: Drampa|100/100|[from] move: Wish|[wisher] Clefairy
|upkeep
|turn|74
|
|t:|1605652755
|move|p2a: Tangela|Toxic|p1a: Drampa
|-status|p1a: Drampa|tox
|move|p1a: Drampa|Defog|p2a: Tangela
|-unboost|p2a: Tangela|evasion|1
|-sideend|p2: MelodicStrike|Stealth Rock|[from] move: Defog|[of] p1a: Drampa
|-sideend|p1: Dr. Pronoun|Stealth Rock|[from] move: Defog|[of] p1a: Drampa
|
|-damage|p1a: Drampa|94/100 tox|[from] psn
|upkeep
|turn|75
|j| ImaSingleWeebu
|
|t:|1605652769
|switch|p2a: Quagsire|Quagsire, F|96/100
|move|p1a: Drampa|Toxic|p2a: Quagsire
|-status|p2a: Quagsire|tox
|
|-damage|p1a: Drampa|82/100 tox|[from] psn
|-damage|p2a: Quagsire|90/100 tox|[from] psn
|upkeep
|turn|76
|
|t:|1605652778
|switch|p1a: Clefairy|Clefairy, M|92/100 tox
|move|p2a: Quagsire|Earthquake|p1a: Clefairy
|-damage|p1a: Clefairy|72/100 tox
|
|-damage|p2a: Quagsire|77/100 tox|[from] psn
|upkeep
|turn|77
|
|t:|1605652785
|switch|p2a: Carbink|Carbink|29/100
|move|p1a: Clefairy|Wish|p1a: Clefairy
|
|-heal|p2a: Carbink|35/100|[from] item: Leftovers
|upkeep
|turn|78
|l| ImaSingleWeebu
|
|t:|1605652792
|switch|p1a: Metang|Metang|100/100
|move|p2a: Carbink|Rest|p2a: Carbink
|-status|p2a: Carbink|slp|[from] move: Rest
|-heal|p2a: Carbink|100/100 slp|[silent]
|
|upkeep
|turn|79
|
|t:|1605652798
|move|p1a: Metang|Stealth Rock|p2a: Carbink
|-sidestart|p2: MelodicStrike|move: Stealth Rock
|cant|p2a: Carbink|slp
|move|p2a: Carbink|Sleep Talk|p2a: Carbink
|move|p2a: Carbink|Rest|p2a: Carbink|[from]Sleep Talk
|-fail|p2a: Carbink|heal
|
|upkeep
|turn|80
|
|t:|1605652802
|move|p1a: Metang|Meteor Mash|p2a: Carbink
|-supereffective|p2a: Carbink
|-ability|p2a: Carbink|Sturdy
|-damage|p2a: Carbink|1/100 slp
|cant|p2a: Carbink|slp
|move|p2a: Carbink|Sleep Talk|p2a: Carbink
|move|p2a: Carbink|Body Press|p1a: Metang|[from]Sleep Talk
|-damage|p1a: Metang|82/100
|
|-heal|p2a: Carbink|7/100 slp|[from] item: Leftovers
|upkeep
|turn|81
|
|t:|1605652812
|switch|p2a: Tangela|Tangela, F|100/100
|-damage|p2a: Tangela|88/100|[from] Stealth Rock
|move|p1a: Metang|Meteor Mash|p2a: Tangela
|-damage|p2a: Tangela|73/100
|
|upkeep
|turn|82
|
|t:|1605652825
|switch|p2a: Avalugg|Avalugg, F|94/100
|-damage|p2a: Avalugg|69/100|[from] Stealth Rock
|switch|p1a: Drampa|Drampa, F|82/100 tox
|
|-damage|p1a: Drampa|76/100 tox|[from] psn
|upkeep
|turn|83
|
|t:|1605652837
|switch|p2a: Altaria|Altaria, F|70/100
|-damage|p2a: Altaria|45/100|[from] Stealth Rock
|move|p1a: Drampa|Flamethrower|p2a: Altaria
|-resisted|p2a: Altaria
|-damage|p2a: Altaria|36/100
|
|-damage|p1a: Drampa|64/100 tox|[from] psn
|upkeep
|turn|84
|
|t:|1605652840
|switch|p1a: Poliwrath|Poliwrath, M|100/100
|move|p2a: Altaria|Roost|p2a: Altaria
|-heal|p2a: Altaria|86/100
|-singleturn|p2a: Altaria|move: Roost
|
|upkeep
|turn|85
|
|t:|1605652853
|switch|p2a: Avalugg|Avalugg, F|69/100
|-damage|p2a: Avalugg|44/100|[from] Stealth Rock
|move|p1a: Poliwrath|Substitute|p1a: Poliwrath
|-start|p1a: Poliwrath|Substitute
|-damage|p1a: Poliwrath|76/100
|
|-heal|p1a: Poliwrath|82/100|[from] item: Leftovers
|upkeep
|turn|86
|
|t:|1605652856
|move|p1a: Poliwrath|Drain Punch|p2a: Avalugg
|-supereffective|p2a: Avalugg
|-damage|p2a: Avalugg|16/100
|-heal|p1a: Poliwrath|99/100|[from] drain|[of] p2a: Avalugg
|move|p2a: Avalugg|Recover|p2a: Avalugg
|-heal|p2a: Avalugg|66/100
|
|-heal|p1a: Poliwrath|100/100|[from] item: Leftovers
|upkeep
|turn|87
|
|t:|1605652864
|move|p1a: Poliwrath|Bulk Up|p1a: Poliwrath
|-boost|p1a: Poliwrath|atk|1
|-boost|p1a: Poliwrath|def|1
|move|p2a: Avalugg|Recover|p2a: Avalugg
|-heal|p2a: Avalugg|100/100
|
|upkeep
|turn|88
|-message|MelodicStrike forfeited.
|
|win|Dr. Pronoun
|l|☆MelodicStrike
