|j|☆top 1 pu
|j|☆lcv2
|player|p1|top 1 pu|lucas|1432
|player|p2|lcv2|170|1255
|teamsize|p1|6
|teamsize|p2|6
|gametype|singles
|gen|8
|tier|[Gen 8] PU
|rated|
|clearpoke
|poke|p1|Stonjourner, F|
|poke|p1|Morgrem, M|
|poke|p1|Trapinch, M|
|poke|p1|Klang|
|poke|p1|Bellossom, M|
|poke|p1|Silvally-*|
|poke|p2|Ninjask, F|
|poke|p2|Throh, M|
|poke|p2|Hattrem, F|
|poke|p2|Silvally-*|
|poke|p2|Arctovish|
|poke|p2|Honedge, F|
|rule|Sleep Clause Mod: Limit one foe put to sleep
|rule|Species Clause: Limit one of each Pokémon
|rule|OHKO Clause: OHKO moves are banned
|rule|Evasion Moves Clause: Evasion moves are banned
|rule|Endless Battle Clause: Forcing endless battles is banned
|rule|HP Percentage Mod: HP is shown in percentages
|rule|Dynamax Clause: You cannot dynamax
|teampreview
|inactive|Battle timer is ON: inactive players will automatically lose when time's up. (requested by lcv2)
|inactive|top 1 pu has 120 seconds left.
|
|start
|switch|p1a: Morgrem|Morgrem, M|100/100
|switch|p2a: Ninjask|Ninjask, F|100/100
|turn|1
|j| RawMelon
|
|move|p2a: Ninjask|Protect|p2a: Ninjask
|-singleturn|p2a: Ninjask|Protect
|move|p1a: Morgrem|Reflect|p1a: Morgrem
|-sidestart|p1: top 1 pu|Reflect
|
|-ability|p2a: Ninjask|Speed Boost|boost
|-boost|p2a: Ninjask|spe|1
|upkeep
|turn|2
|
|switch|p2a: Hattrem|Hattrem, F|100/100
|move|p1a: Morgrem|Light Screen|p1a: Morgrem
|-sidestart|p1: top 1 pu|move: Light Screen
|
|upkeep
|turn|3
|j| Urusius
|c| RawMelon|You took my team and replaced mawile with honedge
|
|switch|p1a: Klang|Klang|100/100
|move|p2a: Hattrem|Nuzzle|p1a: Klang
|-damage|p1a: Klang|99/100
|-status|p1a: Klang|par
|
|upkeep
|turn|4
|c|☆lcv2|?
|c|☆lcv2|did i
|
|switch|p2a: Throh|Throh, M|100/100
|move|p1a: Klang|Shift Gear|p1a: Klang
|-boost|p1a: Klang|spe|2
|-boost|p1a: Klang|atk|1
|
|-status|p2a: Throh|brn|[from] item: Flame Orb
|upkeep
|turn|5
|
|switch|p1a: Silvally|Silvally-Flying|100/100
|move|p2a: Throh|Storm Throw|p1a: Silvally
|-resisted|p1a: Silvally
|-crit|p1a: Silvally
|-damage|p1a: Silvally|65/100
|
|-damage|p2a: Throh|94/100 brn|[from] brn
|upkeep
|turn|6
|
|switch|p2a: Honedge|Honedge, F|100/100
|move|p1a: Silvally|Swords Dance|p1a: Silvally
|-boost|p1a: Silvally|atk|2
|
|upkeep
|turn|7
|c|☆lcv2|ah this is just an auto loss
|inactive|lcv2 has 120 seconds left.
|c|☆top 1 pu|i have to go kek
|c| Urusius|f
|c|☆top 1 pu|urusius join the alt
|c|☆top 1 pu|and play
|c| Urusius|rofl
|l| RawMelon
|
|move|p1a: Silvally|Flame Charge|p2a: Honedge
|-supereffective|p2a: Honedge
|-damage|p2a: Honedge|55/100
|-boost|p1a: Silvally|spe|1
|move|p2a: Honedge|Swords Dance|p2a: Honedge
|-boost|p2a: Honedge|atk|2
|
|upkeep
|turn|8
|inactive|top 1 pu has 120 seconds left.
|l| Urusius
|
|move|p2a: Honedge|Shadow Sneak|p1a: Silvally
|-damage|p1a: Silvally|49/100
|move|p1a: Silvally|Flame Charge|p2a: Honedge
|-supereffective|p2a: Honedge
|-damage|p2a: Honedge|8/100
|-boost|p1a: Silvally|spe|1
|
|-sideend|p1: top 1 pu|Reflect
|upkeep
|turn|9
|
|move|p2a: Honedge|Shadow Sneak|p1a: Silvally
|-crit|p1a: Silvally
|-damage|p1a: Silvally|1/100
|move|p1a: Silvally|Flame Charge|p2a: Honedge
|-supereffective|p2a: Honedge
|-damage|p2a: Honedge|0 fnt
|-boost|p1a: Silvally|spe|1
|faint|p2a: Honedge
|
|-sideend|p1: top 1 pu|move: Light Screen
|upkeep
|c|☆top 1 pu|,
|c|☆lcv2|it doesnt matter
|
|switch|p2a: Hattrem|Hattrem, F|100/100
|turn|10
|
|move|p1a: Silvally|Multi-Attack|p2a: Hattrem
|-damage|p2a: Hattrem|36/100
|move|p2a: Hattrem|Psychic|p1a: Silvally
|-damage|p1a: Silvally|0 fnt
|faint|p1a: Silvally
|
|upkeep
|c|☆lcv2|oh it lived
|inactive|top 1 pu has 120 seconds left.
|
|switch|p1a: Trapinch|Trapinch, M|100/100
|turn|11
|
|move|p1a: Trapinch|First Impression|p2a: Hattrem
|-supereffective|p2a: Hattrem
|-damage|p2a: Hattrem|0 fnt
|faint|p2a: Hattrem
|
|upkeep
|
|switch|p2a: Silvally|Silvally-Ground|100/100
|turn|12
|inactive|top 1 pu has 120 seconds left.
|
|move|p2a: Silvally|Swords Dance|p2a: Silvally
|-boost|p2a: Silvally|atk|2
|move|p1a: Trapinch|Earthquake|p2a: Silvally
|-damage|p2a: Silvally|51/100
|
|upkeep
|turn|13
|inactive|top 1 pu has 120 seconds left.
|
|move|p2a: Silvally|Multi-Attack|p1a: Trapinch
|-damage|p1a: Trapinch|0 fnt
|faint|p1a: Trapinch
|
|upkeep
|
|switch|p1a: Bellossom|Bellossom, M|100/100
|turn|14
|
|move|p2a: Silvally|U-turn|p1a: Bellossom
|-supereffective|p1a: Bellossom
|-damage|p1a: Bellossom|2/100
|-enditem|p1a: Bellossom|Weakness Policy
|-boost|p1a: Bellossom|atk|2|[from] item: Weakness Policy
|-boost|p1a: Bellossom|spa|2|[from] item: Weakness Policy
|
|switch|p2a: Ninjask|Ninjask, F|100/100|[from]move: U-turn
|move|p1a: Bellossom|Strength Sap|p2a: Ninjask
|-unboost|p2a: Ninjask|atk|1
|-heal|p1a: Bellossom|100/100
|
|upkeep
|turn|15
|c|☆lcv2|stupid mon
|
|move|p2a: Ninjask|U-turn|p1a: Bellossom
|-supereffective|p1a: Bellossom
|-damage|p1a: Bellossom|55/100
|c|☆top 1 pu|lol
|c|☆lcv2|that things also low key broken
|
|switch|p2a: Arctovish|Arctovish|100/100|[from]move: U-turn
|move|p1a: Bellossom|Moonblast|p2a: Arctovish
|-damage|p2a: Arctovish|27/100
|
|upkeep
|turn|16
|inactive|top 1 pu has 120 seconds left.
|
|move|p2a: Arctovish|Fishious Rend|p1a: Bellossom
|-resisted|p1a: Bellossom
|-damage|p1a: Bellossom|15/100
|move|p1a: Bellossom|Strength Sap|p2a: Arctovish
|-unboost|p2a: Arctovish|atk|1
|-heal|p1a: Bellossom|100/100
|
|upkeep
|turn|17
|c|☆lcv2|ah come on
|c|☆top 1 pu|oof
|
|switch|p2a: Ninjask|Ninjask, F|100/100
|move|p1a: Bellossom|Strength Sap|p2a: Ninjask
|-unboost|p2a: Ninjask|atk|1
|
|upkeep
|turn|18
|c|☆top 1 pu|gg
|
|move|p2a: Ninjask|Swords Dance|p2a: Ninjask
|-boost|p2a: Ninjask|atk|2
|move|p1a: Bellossom|Moonblast|p2a: Ninjask
|-damage|p2a: Ninjask|0 fnt
|faint|p2a: Ninjask
|
|upkeep
|
|switch|p2a: Arctovish|Arctovish|27/100
|turn|19
|inactive|top 1 pu has 90 seconds left.
|
|move|p2a: Arctovish|Fishious Rend|p1a: Bellossom
|-resisted|p1a: Bellossom
|-damage|p1a: Bellossom|60/100
|move|p1a: Bellossom|Giga Drain|p2a: Arctovish
|-supereffective|p2a: Arctovish
|-damage|p2a: Arctovish|0 fnt
|-heal|p1a: Bellossom|74/100|[from] drain|[of] p2a: Arctovish
|faint|p2a: Arctovish
|
|upkeep
|
|switch|p2a: Throh|Throh, M|94/100 brn
|turn|20
|
|move|p2a: Throh|Facade|p1a: Bellossom
|-damage|p1a: Bellossom|0 fnt
|faint|p1a: Bellossom
|
|-damage|p2a: Throh|88/100 brn|[from] brn
|upkeep
|inactive|top 1 pu has 90 seconds left.
|
|switch|p1a: Morgrem|Morgrem, M|100/100
|turn|21
|
|move|p1a: Morgrem|Reflect|p1a: Morgrem
|-sidestart|p1: top 1 pu|Reflect
|move|p2a: Throh|Storm Throw|p1a: Morgrem
|-crit|p1a: Morgrem
|-damage|p1a: Morgrem|4/100
|
|-damage|p2a: Throh|82/100 brn|[from] brn
|upkeep
|turn|22
|
|move|p2a: Throh|Storm Throw|p1a: Morgrem
|-crit|p1a: Morgrem
|-damage|p1a: Morgrem|0 fnt
|faint|p1a: Morgrem
|
|-damage|p2a: Throh|76/100 brn|[from] brn
|upkeep
|
|switch|p1a: Stonjourner|Stonjourner, F|100/100
|turn|23
|
|switch|p2a: Silvally|Silvally-Ground|51/100
|move|p1a: Stonjourner|Rock Polish|p1a: Stonjourner
|-boost|p1a: Stonjourner|spe|2
|
|upkeep
|turn|24
|c|☆lcv2|ugh ur the cancer set
|
|move|p1a: Stonjourner|Heat Crash|p2a: Silvally
|-damage|p2a: Silvally|4/100
|move|p2a: Silvally|Multi-Attack|p1a: Stonjourner
|-supereffective|p1a: Stonjourner
|-damage|p1a: Stonjourner|59/100
|-enditem|p1a: Stonjourner|Weakness Policy
|-boost|p1a: Stonjourner|atk|2|[from] item: Weakness Policy
|-boost|p1a: Stonjourner|spa|2|[from] item: Weakness Policy
|
|upkeep
|turn|25
|c|☆lcv2|knwe it
|c|☆top 1 pu|lol
|c|☆lcv2|gg i should have storm throw
|
|move|p1a: Stonjourner|Heat Crash|p2a: Silvally
|-damage|p2a: Silvally|0 fnt
|faint|p2a: Silvally
|
|upkeep
|
|switch|p2a: Throh|Throh, M|76/100 brn
|turn|26
|
|move|p1a: Stonjourner|Heat Crash|p2a: Throh
|-damage|p2a: Throh|0 fnt
|faint|p2a: Throh
|
|win|top 1 pu
|l|☆lcv2
||Ladder (probably) updated, but score could not be retrieved (Response not received).
