|j|☆PU Rules
|j|☆Heracross2.0
|t:|1652580023
|gametype|singles
|player|p1|PU Rules|gentleman-gen4|
|player|p2|Heracross2.0|klara|
|teamsize|p1|6
|teamsize|p2|6
|gen|8
|tier|[Gen 8] PU
|rated|Tournament battle
|rule|Sleep Clause Mod: Limit one foe put to sleep
|rule|Species Clause: Limit one of each Pokémon
|rule|OHKO Clause: OHKO moves are banned
|rule|Evasion Moves Clause: Evasion moves are banned
|rule|Endless Battle Clause: Forcing endless battles is banned
|rule|HP Percentage Mod: HP is shown in percentages
|rule|Dynamax Clause: You cannot dynamax
|clearpoke
|poke|p1|Corsola-Galar, F|
|poke|p1|Rotom-Fan|
|poke|p1|Aggron, F|
|poke|p1|Whimsicott, F|
|poke|p1|Audino, M|
|poke|p1|Mesprit|
|poke|p2|Pincurchin, F|
|poke|p2|Manectric, F|
|poke|p2|Whimsicott, M|
|poke|p2|Weezing, F|
|poke|p2|Quagsire, M|
|poke|p2|Gigalith, F|
|teampreview
|j| mfarsashu
|c|☆PU Rules|gl
|c|☆Heracross2.0|Hf
|j| WaveChase
|
|t:|1652580036
|start
|switch|p1a: Mesprit|Mesprit|100/100
|switch|p2a: Rough Mane|Manectric, F|100/100
|turn|1
|inactive|Battle timer is ON: inactive players will automatically lose when time's up. (requested by Heracross2.0)
|
|t:|1652580044
|move|p2a: Rough Mane|Volt Switch|p1a: Mesprit
|-damage|p1a: Mesprit|73/100
|
|t:|1652580048
|switch|p2a: Whimsical|Whimsicott, M|100/100|[from]move: Volt Switch
|move|p1a: Mesprit|U-turn|p2a: Whimsical
|-damage|p2a: Whimsical|76/100
|
|t:|1652580050
|switch|p1a: Whimsicott|Whimsicott, F|100/100|[from]move: U-turn
|
|upkeep
|turn|2
|
|t:|1652580054
|move|p2a: Whimsical|U-turn|p1a: Whimsicott
|-damage|p1a: Whimsicott|88/100
|
|t:|1652580058
|switch|p2a: Don't Smoke|Weezing, F|100/100|[from]move: U-turn
|-ability|p2a: Don't Smoke|Neutralizing Gas
|move|p1a: Whimsicott|Moonblast|p2a: Don't Smoke
|-resisted|p2a: Don't Smoke
|-damage|p2a: Don't Smoke|83/100
|
|-heal|p2a: Don't Smoke|89/100|[from] item: Black Sludge
|upkeep
|turn|3
|
|t:|1652580063
|switch|p1a: Aggron|Aggron, F|100/100
|move|p2a: Don't Smoke|Sludge Bomb|p1a: Aggron
|-immune|p1a: Aggron
|
|-heal|p2a: Don't Smoke|95/100|[from] item: Black Sludge
|upkeep
|turn|4
|
|t:|1652580066
|move|p2a: Don't Smoke|Will-O-Wisp|p1a: Aggron
|-status|p1a: Aggron|brn
|move|p1a: Aggron|Head Smash|p2a: Don't Smoke
|-damage|p2a: Don't Smoke|54/100
|-damage|p1a: Aggron|80/100 brn|[from] Recoil
|
|-heal|p2a: Don't Smoke|60/100|[from] item: Black Sludge
|-damage|p1a: Aggron|74/100 brn|[from] brn
|upkeep
|turn|5
|
|t:|1652580076
|switch|p1a: Audino|Audino, M, shiny|100/100
|move|p2a: Don't Smoke|Toxic Spikes|p1a: Audino
|-sidestart|p1: PU Rules|move: Toxic Spikes
|
|-heal|p2a: Don't Smoke|66/100|[from] item: Black Sludge
|upkeep
|turn|6
|j| False God Red
|
|t:|1652580084
|move|p2a: Don't Smoke|Sludge Bomb|p1a: Audino
|-damage|p1a: Audino|84/100
|-status|p1a: Audino|psn
|move|p1a: Audino|Knock Off|p2a: Don't Smoke
|-damage|p2a: Don't Smoke|56/100
|-enditem|p2a: Don't Smoke|Black Sludge|[from] move: Knock Off|[of] p1a: Audino
|
|-heal|p1a: Audino|90/100 psn|[from] item: Leftovers
|-damage|p1a: Audino|77/100 psn|[from] psn
|upkeep
|turn|7
|
|t:|1652580093
|-end|p2a: Don't Smoke|ability: Neutralizing Gas
|switch|p2a: Monolith|Gigalith, F, shiny|100/100
|-weather|Sandstorm|[from] ability: Sand Stream|[of] p2a: Monolith
|move|p1a: Audino|Heal Bell|p1a: Audino
|-activate|p1a: Audino|move: Heal Bell
|-curestatus|p1a: Audino|psn|[msg]
|-curestatus|p1: Aggron|brn|[msg]
|
|-weather|Sandstorm|[upkeep]
|-damage|p1a: Audino|71/100|[from] Sandstorm
|-heal|p1a: Audino|77/100|[from] item: Leftovers
|upkeep
|turn|8
|
|t:|1652580098
|switch|p1a: Corsola|Corsola-Galar, F|100/100
|-status|p1a: Corsola|psn
|move|p2a: Monolith|Stealth Rock|p1a: Corsola
|-sidestart|p1: PU Rules|move: Stealth Rock
|
|-weather|Sandstorm|[upkeep]
|-damage|p1a: Corsola|94/100 psn|[from] Sandstorm
|-damage|p1a: Corsola|82/100 psn|[from] psn
|upkeep
|turn|9
|
|t:|1652580105
|switch|p2a: Pinchy|Pincurchin, F, shiny|100/100
|-fieldstart|move: Electric Terrain|[from] ability: Electric Surge|[of] p2a: Pinchy
|move|p1a: Corsola|Will-O-Wisp|p2a: Pinchy
|-status|p2a: Pinchy|brn
|
|-weather|Sandstorm|[upkeep]
|-damage|p2a: Pinchy|95/100 brn|[from] Sandstorm
|-damage|p1a: Corsola|76/100 psn|[from] Sandstorm
|-damage|p1a: Corsola|63/100 psn|[from] psn
|-damage|p2a: Pinchy|89/100 brn|[from] brn
|upkeep
|turn|10
|
|t:|1652580108
|move|p2a: Pinchy|Rising Voltage|p1a: Corsola
|-hint|Rising Voltage's BP doubled on grounded target.
|-damage|p1a: Corsola|2/100 psn
|-start|p2a: Pinchy|Disable|Rising Voltage|[from] ability: Cursed Body|[of] p1a: Corsola
|move|p1a: Corsola|Strength Sap|p2a: Pinchy
|-unboost|p2a: Pinchy|atk|1
|-heal|p1a: Corsola|60/100 psn
|
|-weather|Sandstorm|[upkeep]
|-damage|p2a: Pinchy|83/100 brn|[from] Sandstorm
|-damage|p1a: Corsola|54/100 psn|[from] Sandstorm
|-damage|p1a: Corsola|41/100 psn|[from] psn
|-damage|p2a: Pinchy|77/100 brn|[from] brn
|upkeep
|turn|11
|
|t:|1652580116
|switch|p2a: Rough Mane|Manectric, F|100/100
|switch|p1a: Rotom|Rotom-Fan|100/100
|
|-weather|none
|upkeep
|turn|12
|
|t:|1652580122
|move|p2a: Rough Mane|Discharge|p1a: Rotom
|-damage|p1a: Rotom|38/100
|move|p1a: Rotom|Air Slash|p2a: Rough Mane
|-resisted|p2a: Rough Mane
|-damage|p2a: Rough Mane|68/100
|
|upkeep
|turn|13
|
|t:|1652580126
|move|p2a: Rough Mane|Discharge|p1a: Rotom
|-damage|p1a: Rotom|0 fnt
|faint|p1a: Rotom
|
|-fieldend|move: Electric Terrain
|upkeep
|
|t:|1652580130
|switch|p1a: Whimsicott|Whimsicott, F|88/100
|turn|14
|
|t:|1652580134
|switch|p2a: Don't Smoke|Weezing, F|56/100
|-ability|p2a: Don't Smoke|Neutralizing Gas
|move|p1a: Whimsicott|Defog|p2a: Don't Smoke
|-unboost|p2a: Don't Smoke|evasion|1
|-sideend|p1: PU Rules|Toxic Spikes|[from] move: Defog|[of] p1a: Whimsicott
|-sideend|p1: PU Rules|Stealth Rock|[from] move: Defog|[of] p1a: Whimsicott
|
|upkeep
|turn|15
|
|t:|1652580137
|switch|p1a: Aggron|Aggron, F|74/100
|move|p2a: Don't Smoke|Toxic Spikes|p1a: Aggron
|-sidestart|p1: PU Rules|move: Toxic Spikes
|
|upkeep
|turn|16
|
|t:|1652580141
|-end|p2a: Don't Smoke|ability: Neutralizing Gas
|switch|p2a: Sire|Quagsire, M|100/100
|switch|p1a: Mesprit|Mesprit|73/100
|
|upkeep
|turn|17
|
|t:|1652580145
|switch|p2a: Monolith|Gigalith, F, shiny|100/100
|-weather|Sandstorm|[from] ability: Sand Stream|[of] p2a: Monolith
|move|p1a: Mesprit|Stealth Rock|p2a: Monolith
|-sidestart|p2: Heracross2.0|move: Stealth Rock
|
|-weather|Sandstorm|[upkeep]
|-damage|p1a: Mesprit|67/100|[from] Sandstorm
|upkeep
|turn|18
|
|t:|1652580150
|move|p1a: Mesprit|U-turn|p2a: Monolith
|-damage|p2a: Monolith|87/100
|
|t:|1652580152
|switch|p1a: Corsola|Corsola-Galar, F|41/100 psn|[from]move: U-turn
|move|p2a: Monolith|Stealth Rock|p1a: Corsola
|-sidestart|p1: PU Rules|move: Stealth Rock
|
|-weather|Sandstorm|[upkeep]
|-damage|p1a: Corsola|35/100 psn|[from] Sandstorm
|-heal|p2a: Monolith|93/100|[from] item: Leftovers
|-damage|p1a: Corsola|23/100 psn|[from] psn
|upkeep
|turn|19
|
|t:|1652580160
|move|p2a: Monolith|Protect|p2a: Monolith
|-singleturn|p2a: Monolith|Protect
|move|p1a: Corsola|Strength Sap|p2a: Monolith
|-activate|p2a: Monolith|move: Protect
|
|-weather|Sandstorm|[upkeep]
|-damage|p1a: Corsola|17/100 psn|[from] Sandstorm
|-heal|p2a: Monolith|99/100|[from] item: Leftovers
|-damage|p1a: Corsola|4/100 psn|[from] psn
|upkeep
|turn|20
|
|t:|1652580168
|switch|p2a: Whimsical|Whimsicott, M|76/100
|move|p1a: Corsola|Strength Sap|p2a: Whimsical
|-unboost|p2a: Whimsical|atk|1
|-heal|p1a: Corsola|51/100 psn
|
|-weather|Sandstorm|[upkeep]
|-damage|p2a: Whimsical|70/100|[from] Sandstorm
|-damage|p1a: Corsola|45/100 psn|[from] Sandstorm
|-damage|p1a: Corsola|33/100 psn|[from] psn
|upkeep
|turn|21
|
|t:|1652580171
|switch|p1a: Whimsicott|Whimsicott, F|88/100
|move|p2a: Whimsical|Knock Off|p1a: Whimsicott
|-resisted|p1a: Whimsicott
|-damage|p1a: Whimsicott|82/100
|-enditem|p1a: Whimsicott|Heavy-Duty Boots|[from] move: Knock Off|[of] p2a: Whimsical
|
|-weather|none
|upkeep
|turn|22
|
|t:|1652580177
|move|p1a: Whimsicott|Defog|p2a: Whimsical
|-unboost|p2a: Whimsical|evasion|1
|-sideend|p2: Heracross2.0|Stealth Rock|[from] move: Defog|[of] p1a: Whimsicott
|-sideend|p1: PU Rules|Toxic Spikes|[from] move: Defog|[of] p1a: Whimsicott
|-sideend|p1: PU Rules|Stealth Rock|[from] move: Defog|[of] p1a: Whimsicott
|move|p2a: Whimsical|U-turn|p1a: Whimsicott
|-damage|p1a: Whimsicott|74/100
|
|t:|1652580179
|switch|p2a: Don't Smoke|Weezing, F|56/100|[from]move: U-turn
|-ability|p2a: Don't Smoke|Neutralizing Gas
|
|upkeep
|turn|23
|
|t:|1652580182
|switch|p1a: Audino|Audino, M, shiny|100/100
|move|p2a: Don't Smoke|Toxic Spikes|p1a: Audino
|-sidestart|p1: PU Rules|move: Toxic Spikes
|
|upkeep
|turn|24
|
|t:|1652580188
|move|p2a: Don't Smoke|Sludge Bomb|p1a: Audino
|-damage|p1a: Audino|84/100
|-status|p1a: Audino|psn
|move|p1a: Audino|Wish|p1a: Audino
|
|-heal|p1a: Audino|90/100 psn|[from] item: Leftovers
|-damage|p1a: Audino|77/100 psn|[from] psn
|upkeep
|turn|25
|
|t:|1652580198
|switch|p1a: Corsola|Corsola-Galar, F|33/100 psn
|move|p2a: Don't Smoke|Sludge Bomb|p1a: Corsola
|-resisted|p1a: Corsola
|-damage|p1a: Corsola|26/100 psn
|
|-heal|p1a: Corsola|89/100 psn|[from] move: Wish|[wisher] Audino
|-damage|p1a: Corsola|77/100 psn|[from] psn
|upkeep
|turn|26
|
|t:|1652580205
|-end|p2a: Don't Smoke|ability: Neutralizing Gas
|switch|p2a: Pinchy|Pincurchin, F, shiny|77/100 brn
|-fieldstart|move: Electric Terrain|[from] ability: Electric Surge|[of] p2a: Pinchy
|move|p1a: Corsola|Night Shade|p2a: Pinchy
|-damage|p2a: Pinchy|35/100 brn
|
|-damage|p1a: Corsola|64/100 psn|[from] psn
|-damage|p2a: Pinchy|29/100 brn|[from] brn
|upkeep
|turn|27
|
|t:|1652580208
|move|p2a: Pinchy|Rising Voltage|p1a: Corsola
|-hint|Rising Voltage's BP doubled on grounded target.
|-damage|p1a: Corsola|11/100 psn
|-start|p2a: Pinchy|Disable|Rising Voltage|[from] ability: Cursed Body|[of] p1a: Corsola
|move|p1a: Corsola|Night Shade|p2a: Pinchy
|-damage|p2a: Pinchy|0 fnt
|faint|p2a: Pinchy
|
|-damage|p1a: Corsola|0 fnt|[from] psn
|faint|p1a: Corsola
|upkeep
|l| mfarsashu
|
|t:|1652580217
|switch|p2a: Rough Mane|Manectric, F|68/100
|switch|p1a: Mesprit|Mesprit|67/100
|turn|28
|j| fgsdfgsdfg
|
|t:|1652580223
|move|p2a: Rough Mane|Volt Switch|p1a: Mesprit
|-damage|p1a: Mesprit|32/100
|
|t:|1652580227
|switch|p2a: Monolith|Gigalith, F, shiny|99/100|[from]move: Volt Switch
|-weather|Sandstorm|[from] ability: Sand Stream|[of] p2a: Monolith
|move|p1a: Mesprit|Knock Off|p2a: Monolith
|-damage|p2a: Monolith|80/100
|-enditem|p2a: Monolith|Leftovers|[from] move: Knock Off|[of] p1a: Mesprit
|
|-weather|Sandstorm|[upkeep]
|-damage|p1a: Mesprit|26/100|[from] Sandstorm
|upkeep
|turn|29
|j| sincostann
|
|t:|1652580233
|move|p1a: Mesprit|U-turn|p2a: Monolith
|-damage|p2a: Monolith|66/100
|
|t:|1652580236
|switch|p1a: Audino|Audino, M, shiny|77/100 psn|[from]move: U-turn
|move|p2a: Monolith|Rock Blast|p1a: Audino
|-crit|p1a: Audino
|-damage|p1a: Audino|62/100 psn
|-damage|p1a: Audino|51/100 psn
|-hitcount|p1a: Audino|2
|
|-weather|Sandstorm|[upkeep]
|-damage|p1a: Audino|45/100 psn|[from] Sandstorm
|-heal|p1a: Audino|51/100 psn|[from] item: Leftovers
|-damage|p1a: Audino|39/100 psn|[from] psn
|upkeep
|turn|30
|
|t:|1652580245
|switch|p1a: Whimsicott|Whimsicott, F|74/100
|-status|p1a: Whimsicott|psn
|move|p2a: Monolith|Rock Blast|p1a: Whimsicott
|-damage|p1a: Whimsicott|60/100 psn
|-damage|p1a: Whimsicott|46/100 psn
|-damage|p1a: Whimsicott|33/100 psn
|-hitcount|p1a: Whimsicott|3
|
|-weather|Sandstorm|[upkeep]
|-damage|p1a: Whimsicott|27/100 psn|[from] Sandstorm
|-damage|p1a: Whimsicott|15/100 psn|[from] psn
|-fieldend|move: Electric Terrain
|upkeep
|turn|31
|j| joey milktank
|
|t:|1652580254
|move|p2a: Monolith|Protect|p2a: Monolith
|-singleturn|p2a: Monolith|Protect
|move|p1a: Whimsicott|Energy Ball|p2a: Monolith
|-activate|p2a: Monolith|move: Protect
|
|-weather|Sandstorm|[upkeep]
|-damage|p1a: Whimsicott|9/100 psn|[from] Sandstorm
|-damage|p1a: Whimsicott|0 fnt|[from] psn
|faint|p1a: Whimsicott
|upkeep
|
|t:|1652580257
|switch|p1a: Audino|Audino, M, shiny|72/100 psn
|turn|32
|
|t:|1652580262
|switch|p2a: Don't Smoke|Weezing, F|56/100
|-ability|p2a: Don't Smoke|Neutralizing Gas
|move|p1a: Audino|Wish|p1a: Audino
|
|-weather|none
|-heal|p1a: Audino|78/100 psn|[from] item: Leftovers
|-damage|p1a: Audino|65/100 psn|[from] psn
|upkeep
|turn|33
|
|t:|1652580267
|switch|p1a: Mesprit|Mesprit|26/100
|-status|p1a: Mesprit|psn
|move|p2a: Don't Smoke|Sludge Bomb|p1a: Mesprit
|-damage|p1a: Mesprit|0 fnt
|faint|p1a: Mesprit
|
|upkeep
|
|t:|1652580270
|switch|p1a: Aggron|Aggron, F|74/100
|turn|34
|
|t:|1652580273
|-end|p2a: Don't Smoke|ability: Neutralizing Gas
|switch|p2a: Sire|Quagsire, M|100/100
|switch|p1a: Audino|Audino, M, shiny|65/100 psn
|
|-heal|p1a: Audino|71/100 psn|[from] item: Leftovers
|-damage|p1a: Audino|59/100 psn|[from] psn
|upkeep
|turn|35
|
|t:|1652580276
|switch|p2a: Don't Smoke|Weezing, F|56/100
|-ability|p2a: Don't Smoke|Neutralizing Gas
|move|p1a: Audino|Toxic|p2a: Don't Smoke
|-immune|p2a: Don't Smoke
|
|-heal|p1a: Audino|65/100 psn|[from] item: Leftovers
|-damage|p1a: Audino|53/100 psn|[from] psn
|upkeep
|turn|36
|
|t:|1652580285
|move|p2a: Don't Smoke|Pain Split|p1a: Audino
|-sethp|p1a: Audino|49/100 psn|[from] move: Pain Split|[silent]
|-sethp|p2a: Don't Smoke|61/100|[from] move: Pain Split
|move|p1a: Audino|Wish|p1a: Audino
|
|-heal|p1a: Audino|55/100 psn|[from] item: Leftovers
|-damage|p1a: Audino|43/100 psn|[from] psn
|upkeep
|turn|37
|
|t:|1652580294
|-end|p2a: Don't Smoke|ability: Neutralizing Gas
|switch|p2a: Whimsical|Whimsicott, M|70/100
|move|p1a: Audino|Knock Off|p2a: Whimsical
|-resisted|p2a: Whimsical
|-crit|p2a: Whimsical
|-damage|p2a: Whimsical|57/100
|-enditem|p2a: Whimsical|Heavy-Duty Boots|[from] move: Knock Off|[of] p1a: Audino
|
|-heal|p1a: Audino|93/100 psn|[from] move: Wish|[wisher] Audino
|-heal|p1a: Audino|99/100 psn|[from] item: Leftovers
|-damage|p1a: Audino|87/100 psn|[from] psn
|upkeep
|turn|38
|
|t:|1652580301
|move|p2a: Whimsical|Knock Off|p1a: Audino
|-damage|p1a: Audino|73/100 psn
|-enditem|p1a: Audino|Leftovers|[from] move: Knock Off|[of] p2a: Whimsical
|move|p1a: Audino|Toxic|p2a: Whimsical
|-status|p2a: Whimsical|tox
|
|-damage|p2a: Whimsical|51/100 tox|[from] psn
|-damage|p1a: Audino|61/100 psn|[from] psn
|upkeep
|turn|39
|
|t:|1652580305
|move|p2a: Whimsical|U-turn|p1a: Audino
|-damage|p1a: Audino|51/100 psn
|
|t:|1652580308
|switch|p2a: Don't Smoke|Weezing, F|61/100|[from]move: U-turn
|-ability|p2a: Don't Smoke|Neutralizing Gas
|move|p1a: Audino|Wish|p1a: Audino
|
|-damage|p1a: Audino|38/100 psn|[from] psn
|upkeep
|turn|40
|
|t:|1652580316
|move|p2a: Don't Smoke|Toxic Spikes|p1a: Audino
|-sidestart|p1: PU Rules|move: Toxic Spikes
|move|p1a: Audino|Heal Bell|p1a: Audino
|-activate|p1a: Audino|move: Heal Bell
|-curestatus|p1a: Audino|psn|[msg]
|
|-heal|p1a: Audino|88/100|[from] move: Wish|[wisher] Audino
|upkeep
|turn|41
|
|t:|1652580324
|move|p2a: Don't Smoke|Sludge Bomb|p1a: Audino
|-damage|p1a: Audino|69/100
|move|p1a: Audino|Wish|p1a: Audino
|
|upkeep
|turn|42
|
|t:|1652580327
|switch|p1a: Aggron|Aggron, F|74/100
|move|p2a: Don't Smoke|Sludge Bomb|p1a: Aggron
|-immune|p1a: Aggron
|
|-heal|p1a: Aggron|100/100|[from] move: Wish|[wisher] Audino
|upkeep
|turn|43
|
|t:|1652580331
|-end|p2a: Don't Smoke|ability: Neutralizing Gas
|switch|p2a: Sire|Quagsire, M|100/100
|move|p1a: Aggron|Head Smash|p2a: Sire
|-resisted|p2a: Sire
|-damage|p2a: Sire|59/100
|
|upkeep
|turn|44
|
|t:|1652580335
|switch|p1a: Audino|Audino, M, shiny|69/100
|-status|p1a: Audino|tox
|move|p2a: Sire|Recover|p2a: Sire
|-heal|p2a: Sire|100/100
|
|-damage|p1a: Audino|63/100 tox|[from] psn
|upkeep
|turn|45
|
|t:|1652580341
|switch|p2a: Don't Smoke|Weezing, F|61/100
|-ability|p2a: Don't Smoke|Neutralizing Gas
|move|p1a: Audino|Heal Bell|p1a: Audino
|-activate|p1a: Audino|move: Heal Bell
|-curestatus|p1a: Audino|tox|[msg]
|
|upkeep
|turn|46
|
|t:|1652580347
|move|p2a: Don't Smoke|Sludge Bomb|p1a: Audino
|-damage|p1a: Audino|43/100
|move|p1a: Audino|Wish|p1a: Audino
|
|upkeep
|turn|47
|
|t:|1652580354
|move|p2a: Don't Smoke|Will-O-Wisp|p1a: Audino|[miss]
|-miss|p2a: Don't Smoke|p1a: Audino
|move|p1a: Audino|Knock Off|p2a: Don't Smoke
|-damage|p2a: Don't Smoke|54/100
|
|-heal|p1a: Audino|93/100|[from] move: Wish|[wisher] Audino
|upkeep
|turn|48
|
|t:|1652580359
|move|p2a: Don't Smoke|Pain Split|p1a: Audino
|-sethp|p1a: Audino|69/100|[from] move: Pain Split|[silent]
|-sethp|p2a: Don't Smoke|84/100|[from] move: Pain Split
|move|p1a: Audino|Wish|p1a: Audino
|
|upkeep
|turn|49
|
|t:|1652580366
|move|p2a: Don't Smoke|Toxic Spikes||[still]
|-fail|p2a: Don't Smoke
|move|p1a: Audino|Knock Off|p2a: Don't Smoke
|-damage|p2a: Don't Smoke|77/100
|
|-heal|p1a: Audino|100/100|[from] move: Wish|[wisher] Audino
|upkeep
|turn|50
|
|t:|1652580372
|move|p2a: Don't Smoke|Toxic Spikes||[still]
|-fail|p2a: Don't Smoke
|move|p1a: Audino|Wish|p1a: Audino
|
|upkeep
|turn|51
|
|t:|1652580375
|switch|p1a: Aggron|Aggron, F|100/100
|move|p2a: Don't Smoke|Sludge Bomb|p1a: Aggron
|-immune|p1a: Aggron
|
|upkeep
|turn|52
|j| MMnTBS
|
|t:|1652580382
|-end|p2a: Don't Smoke|ability: Neutralizing Gas
|switch|p2a: Sire|Quagsire, M|100/100
|move|p1a: Aggron|Heavy Slam|p2a: Sire
|-resisted|p2a: Sire
|-damage|p2a: Sire|74/100
|
|upkeep
|turn|53
|
|t:|1652580387
|switch|p1a: Audino|Audino, M, shiny|100/100
|-status|p1a: Audino|tox
|move|p2a: Sire|Recover|p2a: Sire
|-heal|p2a: Sire|100/100
|
|-damage|p1a: Audino|94/100 tox|[from] psn
|upkeep
|turn|54
|
|t:|1652580393
|switch|p2a: Don't Smoke|Weezing, F|77/100
|-ability|p2a: Don't Smoke|Neutralizing Gas
|move|p1a: Audino|Knock Off|p2a: Don't Smoke
|-damage|p2a: Don't Smoke|71/100
|
|-damage|p1a: Audino|82/100 tox|[from] psn
|upkeep
|turn|55
|
|t:|1652580403
|move|p2a: Don't Smoke|Pain Split|p1a: Audino
|-sethp|p1a: Audino|70/100 tox|[from] move: Pain Split|[silent]
|-sethp|p2a: Don't Smoke|86/100|[from] move: Pain Split
|move|p1a: Audino|Wish|p1a: Audino
|
|-damage|p1a: Audino|51/100 tox|[from] psn
|upkeep
|turn|56
|
|t:|1652580410
|move|p2a: Don't Smoke|Toxic Spikes||[still]
|-fail|p2a: Don't Smoke
|move|p1a: Audino|Heal Bell|p1a: Audino
|-activate|p1a: Audino|move: Heal Bell
|-curestatus|p1a: Audino|tox|[msg]
|
|-heal|p1a: Audino|100/100|[from] move: Wish|[wisher] Audino
|upkeep
|turn|57
|
|t:|1652580415
|move|p2a: Don't Smoke|Sludge Bomb|p1a: Audino
|-damage|p1a: Audino|84/100
|move|p1a: Audino|Knock Off|p2a: Don't Smoke
|-damage|p2a: Don't Smoke|79/100
|
|upkeep
|turn|58
|
|t:|1652580420
|move|p2a: Don't Smoke|Will-O-Wisp|p1a: Audino
|-status|p1a: Audino|brn
|move|p1a: Audino|Knock Off|p2a: Don't Smoke
|-damage|p2a: Don't Smoke|75/100
|
|-damage|p1a: Audino|78/100 brn|[from] brn
|upkeep
|turn|59
|
|t:|1652580432
|move|p2a: Don't Smoke|Toxic Spikes||[still]
|-fail|p2a: Don't Smoke
|move|p1a: Audino|Knock Off|p2a: Don't Smoke
|-damage|p2a: Don't Smoke|72/100
|
|-damage|p1a: Audino|71/100 brn|[from] brn
|upkeep
|turn|60
|
|t:|1652580438
|-end|p2a: Don't Smoke|ability: Neutralizing Gas
|switch|p2a: Rough Mane|Manectric, F|68/100
|switch|p1a: Aggron|Aggron, F|100/100
|
|upkeep
|turn|61
|
|t:|1652580445
|move|p2a: Rough Mane|Volt Switch|p1a: Aggron
|-damage|p1a: Aggron|50/100
|
|t:|1652580448
|switch|p2a: Sire|Quagsire, M|100/100|[from]move: Volt Switch
|move|p1a: Aggron|Heavy Slam|p2a: Sire
|-resisted|p2a: Sire
|-damage|p2a: Sire|75/100
|
|upkeep
|turn|62
|
|t:|1652580451
|switch|p1a: Audino|Audino, M, shiny|100/100 brn
|move|p2a: Sire|Recover|p2a: Sire
|-heal|p2a: Sire|100/100
|
|-damage|p1a: Audino|94/100 brn|[from] brn
|upkeep
|turn|63
|
|t:|1652580454
|switch|p2a: Rough Mane|Manectric, F|68/100
|move|p1a: Audino|Wish|p1a: Audino
|
|-damage|p1a: Audino|88/100 brn|[from] brn
|upkeep
|turn|64
|
|t:|1652580460
|move|p2a: Rough Mane|Volt Switch|p1a: Audino
|-damage|p1a: Audino|69/100 brn
|
|t:|1652580465
|switch|p2a: Don't Smoke|Weezing, F|72/100|[from]move: Volt Switch
|-ability|p2a: Don't Smoke|Neutralizing Gas
|move|p1a: Audino|Toxic|p2a: Don't Smoke|[miss]
|-miss|p1a: Audino|p2a: Don't Smoke
|
|-heal|p1a: Audino|100/100 brn|[from] move: Wish|[wisher] Audino
|-damage|p1a: Audino|94/100 brn|[from] brn
|upkeep
|turn|65
|
|t:|1652580469
|move|p2a: Don't Smoke|Sludge Bomb|p1a: Audino
|-damage|p1a: Audino|75/100 brn
|move|p1a: Audino|Knock Off|p2a: Don't Smoke
|-damage|p2a: Don't Smoke|68/100
|
|-damage|p1a: Audino|69/100 brn|[from] brn
|upkeep
|turn|66
|
|t:|1652580474
|move|p2a: Don't Smoke|Toxic Spikes||[still]
|-fail|p2a: Don't Smoke
|move|p1a: Audino|Wish|p1a: Audino
|
|-damage|p1a: Audino|63/100 brn|[from] brn
|upkeep
|turn|67
|
|t:|1652580479
|switch|p1a: Aggron|Aggron, F|50/100
|move|p2a: Don't Smoke|Will-O-Wisp|p1a: Aggron
|-status|p1a: Aggron|brn
|
|-heal|p1a: Aggron|100/100 brn|[from] move: Wish|[wisher] Audino
|-damage|p1a: Aggron|94/100 brn|[from] brn
|upkeep
|turn|68
|
|t:|1652580484
|-end|p2a: Don't Smoke|ability: Neutralizing Gas
|switch|p2a: Sire|Quagsire, M|100/100
|switch|p1a: Audino|Audino, M, shiny|63/100 brn
|
|-damage|p1a: Audino|57/100 brn|[from] brn
|upkeep
|turn|69
|
|t:|1652580488
|move|p1a: Audino|Toxic|p2a: Sire
|-status|p2a: Sire|tox
|move|p2a: Sire|Earthquake|p1a: Audino
|-damage|p1a: Audino|30/100 brn
|
|-damage|p2a: Sire|94/100 tox|[from] psn
|-damage|p1a: Audino|24/100 brn|[from] brn
|upkeep
|turn|70
|
|t:|1652580492
|move|p1a: Audino|Wish|p1a: Audino
|move|p2a: Sire|Earthquake|p1a: Audino
|-damage|p1a: Audino|0 fnt
|faint|p1a: Audino
|
|-damage|p2a: Sire|82/100 tox|[from] psn
|upkeep
|c|☆Heracross2.0|Gg
|c|☆PU Rules|Oh wait
|c|☆PU Rules|lmfao
|c|☆PU Rules|gg
|
|t:|1652580499
|switch|p1a: Aggron|Aggron, F|94/100 brn
|turn|71
|
|t:|1652580504
|move|p1a: Aggron|Body Press|p2a: Sire
|-damage|p2a: Sire|66/100 tox
|move|p2a: Sire|Earthquake|p1a: Aggron
|-supereffective|p1a: Aggron
|-damage|p1a: Aggron|17/100 brn
|
|-heal|p1a: Aggron|77/100 brn|[from] move: Wish|[wisher] Audino
|-damage|p2a: Sire|47/100 tox|[from] psn
|-damage|p1a: Aggron|71/100 brn|[from] brn
|upkeep
|turn|72
|
|t:|1652580509
|move|p1a: Aggron|Body Press|p2a: Sire
|-damage|p2a: Sire|32/100 tox
|move|p2a: Sire|Earthquake|p1a: Aggron
|-supereffective|p1a: Aggron
|-damage|p1a: Aggron|1/100 brn
|
|-damage|p2a: Sire|7/100 tox|[from] psn
|-damage|p1a: Aggron|0 fnt|[from] brn
|faint|p1a: Aggron
|
|win|Heracross2.0
|upkeep
|n|☆PU Rules|purules
|n|☆Heracross2.0|heracross20
|n| WaveChase|wavechase
|n| False God Red|falsegodred
|n| fgsdfgsdfg|fgsdfgsdfg
|n| sincostann|sincostann
|n| joey milktank|joeymilktank
|n| MMnTBS|mmntbs
