|j|☆Steven Davis
|j|☆Cartsoul
|player|p1|Steven Davis|steven|1364
|player|p2|Cartsoul|170|1328
|teamsize|p1|6
|teamsize|p2|6
|gametype|singles
|gen|8
|tier|[Gen 8] PU
|rated|
|clearpoke
|poke|p1|Stonjourner, M|
|poke|p1|Gourgeist-*, F|
|poke|p1|Musharna, F|
|poke|p1|Carkol, F|
|poke|p1|Manectric, M|
|poke|p1|Clefairy, F|
|poke|p2|Vespiquen, F|
|poke|p2|Pincurchin, M|
|poke|p2|Lapras, F|
|poke|p2|Mr. Mime, F|
|poke|p2|Bellossom, F|
|poke|p2|Stonjourner, M|
|rule|Sleep Clause Mod: Limit one foe put to sleep
|rule|Species Clause: Limit one of each Pokémon
|rule|OHKO Clause: OHKO moves are banned
|rule|Evasion Moves Clause: Evasion moves are banned
|rule|Endless Battle Clause: Forcing endless battles is banned
|rule|HP Percentage Mod: HP is shown in percentages
|rule|Dynamax Clause: You cannot dynamax
|teampreview
|
|start
|switch|p1a: Gourgeist|Gourgeist, F|100/100
|switch|p2a: Stonjourner|Stonjourner, M|100/100
|-item|p2a: Stonjourner|Life Orb|[from] ability: Frisk|[of] p1a: Gourgeist|[identify]
|turn|1
|
|switch|p2a: Vespiquen|Vespiquen, F|100/100
|-ability|p2a: Vespiquen|Pressure
|move|p1a: Gourgeist|Trick|p2a: Vespiquen
|-activate|p1a: Gourgeist|move: Trick|[of] p2a: Vespiquen
|-item|p2a: Vespiquen|Choice Scarf|[from] move: Trick
|-item|p1a: Gourgeist|Heavy-Duty Boots|[from] move: Trick
|
|upkeep
|turn|2
|
|move|p1a: Gourgeist|Will-O-Wisp|p2a: Vespiquen
|-status|p2a: Vespiquen|brn
|move|p2a: Vespiquen|U-turn|p1a: Gourgeist
|-damage|p1a: Gourgeist|90/100
|
|switch|p2a: Lapras|Lapras, F|100/100|[from]move: U-turn
|
|upkeep
|turn|3
|
|switch|p1a: Clefairy|Clefairy, F|100/100
|move|p2a: Lapras|Freeze-Dry|p1a: Clefairy
|-damage|p1a: Clefairy|81/100
|
|upkeep
|turn|4
|
|switch|p2a: Pincurchin|Pincurchin, M|100/100
|move|p1a: Clefairy|Wish|p1a: Clefairy
|
|upkeep
|turn|5
|
|switch|p1a: Carkol|Carkol, F|100/100
|move|p2a: Pincurchin|Discharge|p1a: Carkol
|-damage|p1a: Carkol|80/100
|
|-heal|p1a: Carkol|100/100|[from] move: Wish|[wisher] Clefairy
|upkeep
|turn|6
|
|switch|p1a: Clefairy|Clefairy, F|81/100
|move|p2a: Pincurchin|Scald|p1a: Clefairy
|-damage|p1a: Clefairy|71/100
|-status|p1a: Clefairy|brn
|
|upkeep
|turn|7
|
|move|p1a: Clefairy|Wish|p1a: Clefairy
|move|p2a: Pincurchin|Spikes|p1a: Clefairy
|-sidestart|p1: Steven Davis|Spikes
|
|upkeep
|turn|8
|
|switch|p2a: Stonjourner|Stonjourner, M|100/100
|move|p1a: Clefairy|Knock Off|p2a: Stonjourner
|-damage|p2a: Stonjourner|96/100
|-enditem|p2a: Stonjourner|Life Orb|[from] move: Knock Off|[of] p1a: Clefairy
|
|-heal|p1a: Clefairy|100/100 brn|[from] move: Wish|[wisher] Clefairy
|upkeep
|turn|9
|
|switch|p1a: Musharna|Musharna, F|100/100
|-damage|p1a: Musharna|88/100|[from] Spikes
|move|p2a: Stonjourner|Stone Edge|p1a: Musharna
|-damage|p1a: Musharna|55/100
|
|-heal|p1a: Musharna|61/100|[from] item: Leftovers
|upkeep
|turn|10
|
|switch|p2a: Mr. Mime|Mr. Mime, F|100/100
|move|p1a: Musharna|Moonlight|p1a: Musharna
|-heal|p1a: Musharna|100/100
|
|upkeep
|turn|11
|
|switch|p2a: Lapras|Lapras, F|100/100
|switch|p1a: Stonjourner|Stonjourner, M, shiny|100/100
|-damage|p1a: Stonjourner|88/100|[from] Spikes
|
|upkeep
|turn|12
|
|switch|p2a: Pincurchin|Pincurchin, M|100/100
|move|p1a: Stonjourner|Stone Edge|p2a: Pincurchin
|-damage|p2a: Pincurchin|36/100
|
|-heal|p2a: Pincurchin|42/100|[from] item: Leftovers
|upkeep
|turn|13
|
|move|p1a: Stonjourner|Stone Edge|p2a: Pincurchin
|-damage|p2a: Pincurchin|0 fnt
|faint|p2a: Pincurchin
|
|upkeep
|
|switch|p2a: Stonjourner|Stonjourner, M|96/100
|turn|14
|
|move|p1a: Stonjourner|Stone Edge|p2a: Stonjourner
|-crit|p2a: Stonjourner
|-damage|p2a: Stonjourner|5/100
|move|p2a: Stonjourner|Rock Polish|p2a: Stonjourner
|-boost|p2a: Stonjourner|spe|2
|
|upkeep
|turn|15
|
|move|p2a: Stonjourner|Earthquake|p1a: Stonjourner
|-supereffective|p1a: Stonjourner
|-damage|p1a: Stonjourner|30/100
|move|p1a: Stonjourner|Stone Edge|p2a: Stonjourner
|-damage|p2a: Stonjourner|0 fnt
|faint|p2a: Stonjourner
|
|upkeep
|
|switch|p2a: Bellossom|Bellossom, F|100/100
|turn|16
|
|switch|p1a: Musharna|Musharna, F|100/100
|-damage|p1a: Musharna|88/100|[from] Spikes
|move|p2a: Bellossom|Quiver Dance|p2a: Bellossom
|-boost|p2a: Bellossom|spa|1
|-boost|p2a: Bellossom|spd|1
|-boost|p2a: Bellossom|spe|1
|
|-heal|p1a: Musharna|94/100|[from] item: Leftovers
|upkeep
|turn|17
|
|move|p2a: Bellossom|Quiver Dance|p2a: Bellossom
|-boost|p2a: Bellossom|spa|1
|-boost|p2a: Bellossom|spd|1
|-boost|p2a: Bellossom|spe|1
|move|p1a: Musharna|Calm Mind|p1a: Musharna
|-boost|p1a: Musharna|spa|1
|-boost|p1a: Musharna|spd|1
|
|-heal|p1a: Musharna|100/100|[from] item: Leftovers
|upkeep
|turn|18
|
|move|p2a: Bellossom|Quiver Dance|p2a: Bellossom
|-boost|p2a: Bellossom|spa|1
|-boost|p2a: Bellossom|spd|1
|-boost|p2a: Bellossom|spe|1
|move|p1a: Musharna|Calm Mind|p1a: Musharna
|-boost|p1a: Musharna|spa|1
|-boost|p1a: Musharna|spd|1
|
|upkeep
|turn|19
|
|move|p2a: Bellossom|Quiver Dance|p2a: Bellossom
|-boost|p2a: Bellossom|spa|1
|-boost|p2a: Bellossom|spd|1
|-boost|p2a: Bellossom|spe|1
|move|p1a: Musharna|Calm Mind|p1a: Musharna
|-boost|p1a: Musharna|spa|1
|-boost|p1a: Musharna|spd|1
|
|upkeep
|turn|20
|
|move|p2a: Bellossom|Quiver Dance|p2a: Bellossom
|-boost|p2a: Bellossom|spa|1
|-boost|p2a: Bellossom|spd|1
|-boost|p2a: Bellossom|spe|1
|move|p1a: Musharna|Calm Mind|p1a: Musharna
|-boost|p1a: Musharna|spa|1
|-boost|p1a: Musharna|spd|1
|
|upkeep
|turn|21
|
|move|p2a: Bellossom|Moonblast|p1a: Musharna
|-damage|p1a: Musharna|76/100
|move|p1a: Musharna|Calm Mind|p1a: Musharna
|-boost|p1a: Musharna|spa|1
|-boost|p1a: Musharna|spd|1
|
|-heal|p1a: Musharna|82/100|[from] item: Leftovers
|upkeep
|turn|22
|
|move|p2a: Bellossom|Moonblast|p1a: Musharna
|-crit|p1a: Musharna
|-damage|p1a: Musharna|0 fnt
|faint|p1a: Musharna
|
|upkeep
|
|switch|p1a: Gourgeist|Gourgeist, F|90/100
|-item|p2a: Bellossom|Kee Berry|[from] ability: Frisk|[of] p1a: Gourgeist|[identify]
|turn|23
|
|move|p2a: Bellossom|Strength Sap|p1a: Gourgeist
|-unboost|p1a: Gourgeist|atk|1
|move|p1a: Gourgeist|Destiny Bond|p1a: Gourgeist
|-singlemove|p1a: Gourgeist|Destiny Bond
|
|upkeep
|turn|24
|
|move|p2a: Bellossom|Quiver Dance|p2a: Bellossom
|-boost|p2a: Bellossom|spa|1
|-boost|p2a: Bellossom|spd|1
|-boost|p2a: Bellossom|spe|1
|move|p1a: Gourgeist|Will-O-Wisp|p2a: Bellossom
|-status|p2a: Bellossom|brn
|
|-damage|p2a: Bellossom|94/100 brn|[from] brn
|upkeep
|turn|25
|
|move|p2a: Bellossom|Moonblast|p1a: Gourgeist
|-damage|p1a: Gourgeist|0 fnt
|faint|p1a: Gourgeist
|
|-damage|p2a: Bellossom|88/100 brn|[from] brn
|upkeep
|
|switch|p1a: Carkol|Carkol, F|100/100
|-damage|p1a: Carkol|88/100|[from] Spikes
|turn|26
|
|move|p2a: Bellossom|Giga Drain|p1a: Carkol
|-damage|p1a: Carkol|0 fnt
|-heal|p2a: Bellossom|100/100 brn|[from] drain|[of] p1a: Carkol
|faint|p1a: Carkol
|
|-damage|p2a: Bellossom|94/100 brn|[from] brn
|upkeep
|-message|Steven Davis forfeited.
|
|win|Cartsoul
|l|☆Steven Davis
|raw|Steven Davis's rating: 1343 &rarr; <strong>1323</strong><br />(-20 for losing)
|raw|Cartsoul's rating: 1328 &rarr; <strong>1349</strong><br />(+21 for winning)
