|j|☆pattek
|j|☆Squash
|t:|1633796223
|gametype|singles
|player|p1|pattek|dawn|
|player|p2|Squash|#stt4toxicboys|
|teamsize|p1|6
|teamsize|p2|6
|gen|8
|tier|[Gen 8] PU
|rule|Sleep Clause Mod: Limit one foe put to sleep
|rule|Species Clause: Limit one of each Pokémon
|rule|OHKO Clause: OHKO moves are banned
|rule|Evasion Moves Clause: Evasion moves are banned
|rule|Endless Battle Clause: Forcing endless battles is banned
|rule|HP Percentage Mod: HP is shown in percentages
|rule|Dynamax Clause: You cannot dynamax
|clearpoke
|poke|p1|Articuno-Galar|
|poke|p1|Perrserker, F|
|poke|p1|Gigalith, F|
|poke|p1|Weezing, M|
|poke|p1|Whimsicott, F|
|poke|p1|Quagsire, F|
|poke|p2|Ferroseed, F|
|poke|p2|Carbink|
|poke|p2|Hattrem, F|
|poke|p2|Quagsire, F|
|poke|p2|Skuntank, M|
|poke|p2|Audino, M|
|teampreview
|c|☆Squash|hf
|inactive|Battle timer is ON: inactive players will automatically lose when time's up. (requested by Squash)
|c|☆pattek|hf
|
|t:|1633796245
|start
|switch|p1a: Perrserker|Perrserker, F|100/100
|switch|p2a: Ferroseed|Ferroseed, F|100/100
|turn|1
|
|t:|1633796248
|move|p2a: Ferroseed|Protect|p2a: Ferroseed
|-singleturn|p2a: Ferroseed|Protect
|move|p1a: Perrserker|Substitute|p1a: Perrserker
|-start|p1a: Perrserker|Substitute
|-damage|p1a: Perrserker|76/100
|
|-heal|p1a: Perrserker|82/100|[from] item: Leftovers
|upkeep
|turn|2
|
|t:|1633796264
|switch|p2a: Hattrem|Hattrem, F|100/100
|move|p1a: Perrserker|Close Combat|p2a: Hattrem
|-resisted|p2a: Hattrem
|-damage|p2a: Hattrem|87/100
|-unboost|p1a: Perrserker|def|1
|-unboost|p1a: Perrserker|spd|1
|
|-heal|p1a: Perrserker|88/100|[from] item: Leftovers
|upkeep
|turn|3
|
|t:|1633796267
|move|p1a: Perrserker|Iron Head|p2a: Hattrem
|-damage|p2a: Hattrem|61/100
|move|p2a: Hattrem|Psychic|p1a: Perrserker
|-resisted|p1a: Perrserker
|-end|p1a: Perrserker|Substitute
|
|-heal|p1a: Perrserker|94/100|[from] item: Leftovers
|upkeep
|turn|4
|
|t:|1633796274
|switch|p1a: Gigalith|Gigalith, F|100/100
|-weather|Sandstorm|[from] ability: Sand Stream|[of] p1a: Gigalith
|move|p2a: Hattrem|Rest|p2a: Hattrem
|-status|p2a: Hattrem|slp|[from] move: Rest
|-heal|p2a: Hattrem|100/100 slp|[silent]
|
|-weather|Sandstorm|[upkeep]
|-damage|p2a: Hattrem|95/100 slp|[from] Sandstorm
|upkeep
|turn|5
|
|t:|1633796280
|switch|p1a: Perrserker|Perrserker, F|94/100
|cant|p2a: Hattrem|slp
|move|p2a: Hattrem|Sleep Talk|p2a: Hattrem
|move|p2a: Hattrem|Psychic|p1a: Perrserker|[from]move: Sleep Talk
|-resisted|p1a: Perrserker
|-damage|p1a: Perrserker|69/100
|
|-weather|Sandstorm|[upkeep]
|-damage|p2a: Hattrem|89/100 slp|[from] Sandstorm
|-heal|p1a: Perrserker|75/100|[from] item: Leftovers
|upkeep
|turn|6
|
|t:|1633796287
|move|p1a: Perrserker|Iron Head|p2a: Hattrem
|-damage|p2a: Hattrem|62/100 slp
|cant|p2a: Hattrem|slp
|cant|p2a: Hattrem|flinch
|
|-weather|Sandstorm|[upkeep]
|-damage|p2a: Hattrem|56/100 slp|[from] Sandstorm
|-heal|p1a: Perrserker|81/100|[from] item: Leftovers
|upkeep
|turn|7
|
|t:|1633796293
|move|p1a: Perrserker|Substitute|p1a: Perrserker
|-start|p1a: Perrserker|Substitute
|-damage|p1a: Perrserker|56/100
|-curestatus|p2a: Hattrem|slp|[msg]
|move|p2a: Hattrem|Rest|p2a: Hattrem
|-status|p2a: Hattrem|slp|[from] move: Rest
|-heal|p2a: Hattrem|100/100 slp|[silent]
|
|-weather|Sandstorm|[upkeep]
|-damage|p2a: Hattrem|95/100 slp|[from] Sandstorm
|-heal|p1a: Perrserker|62/100|[from] item: Leftovers
|upkeep
|turn|8
|
|t:|1633796296
|move|p1a: Perrserker|Iron Head|p2a: Hattrem
|-damage|p2a: Hattrem|66/100 slp
|cant|p2a: Hattrem|slp
|cant|p2a: Hattrem|flinch
|
|-weather|none
|-heal|p1a: Perrserker|68/100|[from] item: Leftovers
|upkeep
|turn|9
|
|t:|1633796299
|move|p1a: Perrserker|Iron Head|p2a: Hattrem
|-damage|p2a: Hattrem|39/100 slp
|cant|p2a: Hattrem|slp
|move|p2a: Hattrem|Sleep Talk|p2a: Hattrem
|move|p2a: Hattrem|Rest||[from]move: Sleep Talk|[still]
|-fail|p2a: Hattrem
|
|-heal|p1a: Perrserker|74/100|[from] item: Leftovers
|upkeep
|turn|10
|
|t:|1633796303
|move|p1a: Perrserker|Iron Head|p2a: Hattrem
|-damage|p2a: Hattrem|12/100 slp
|-curestatus|p2a: Hattrem|slp|[msg]
|cant|p2a: Hattrem|flinch
|
|-heal|p1a: Perrserker|80/100|[from] item: Leftovers
|upkeep
|turn|11
|c|☆Squash|yea
|
|t:|1633796316
|switch|p2a: Ferroseed|Ferroseed, F|100/100
|move|p1a: Perrserker|Iron Head|p2a: Ferroseed
|-resisted|p2a: Ferroseed
|-damage|p2a: Ferroseed|88/100
|-damage|p1a: Perrserker|68/100|[from] ability: Iron Barbs|[of] p2a: Ferroseed
|
|-heal|p1a: Perrserker|74/100|[from] item: Leftovers
|upkeep
|turn|12
|
|t:|1633796323
|move|p2a: Ferroseed|Protect|p2a: Ferroseed
|-singleturn|p2a: Ferroseed|Protect
|move|p1a: Perrserker|Seed Bomb|p2a: Ferroseed
|-activate|p2a: Ferroseed|move: Protect
|
|-heal|p1a: Perrserker|80/100|[from] item: Leftovers
|upkeep
|turn|13
|
|t:|1633796328
|move|p1a: Perrserker|Iron Head|p2a: Ferroseed
|-resisted|p2a: Ferroseed
|-damage|p2a: Ferroseed|77/100
|-damage|p1a: Perrserker|67/100|[from] ability: Iron Barbs|[of] p2a: Ferroseed
|cant|p2a: Ferroseed|flinch
|
|-heal|p1a: Perrserker|73/100|[from] item: Leftovers
|upkeep
|turn|14
|
|t:|1633796333
|move|p2a: Ferroseed|Protect|p2a: Ferroseed
|-singleturn|p2a: Ferroseed|Protect
|move|p1a: Perrserker|Seed Bomb|p2a: Ferroseed
|-activate|p2a: Ferroseed|move: Protect
|
|-heal|p1a: Perrserker|79/100|[from] item: Leftovers
|upkeep
|turn|15
|
|t:|1633796335
|move|p1a: Perrserker|Close Combat|p2a: Ferroseed
|-supereffective|p2a: Ferroseed
|-damage|p2a: Ferroseed|27/100
|-unboost|p1a: Perrserker|def|1
|-unboost|p1a: Perrserker|spd|1
|-damage|p1a: Perrserker|67/100|[from] ability: Iron Barbs|[of] p2a: Ferroseed
|move|p2a: Ferroseed|Spikes|p1a: Perrserker
|-sidestart|p1: pattek|Spikes
|
|-heal|p1a: Perrserker|73/100|[from] item: Leftovers
|upkeep
|turn|16
|
|t:|1633796344
|move|p2a: Ferroseed|Protect|p2a: Ferroseed
|-singleturn|p2a: Ferroseed|Protect
|move|p1a: Perrserker|Close Combat|p2a: Ferroseed
|-activate|p2a: Ferroseed|move: Protect
|
|-heal|p1a: Perrserker|79/100|[from] item: Leftovers
|upkeep
|turn|17
|
|t:|1633796351
|switch|p2a: Audino|Audino, M|100/100
|move|p1a: Perrserker|Close Combat|p2a: Audino
|-supereffective|p2a: Audino
|-damage|p2a: Audino|45/100
|-unboost|p1a: Perrserker|def|1
|-unboost|p1a: Perrserker|spd|1
|
|-heal|p1a: Perrserker|85/100|[from] item: Leftovers
|-heal|p2a: Audino|51/100|[from] item: Leftovers
|upkeep
|turn|18
|
|t:|1633796355
|move|p2a: Audino|Protect|p2a: Audino
|-singleturn|p2a: Audino|Protect
|move|p1a: Perrserker|Iron Head|p2a: Audino
|-activate|p2a: Audino|move: Protect
|
|-heal|p1a: Perrserker|91/100|[from] item: Leftovers
|-heal|p2a: Audino|58/100|[from] item: Leftovers
|upkeep
|turn|19
|
|t:|1633796375
|switch|p2a: Hattrem|Hattrem, F|12/100
|move|p1a: Perrserker|Close Combat|p2a: Hattrem
|-resisted|p2a: Hattrem
|-damage|p2a: Hattrem|0 fnt
|-unboost|p1a: Perrserker|def|1
|-unboost|p1a: Perrserker|spd|1
|faint|p2a: Hattrem
|
|-heal|p1a: Perrserker|97/100|[from] item: Leftovers
|upkeep
|
|t:|1633796379
|switch|p2a: Skuntank|Skuntank, M|100/100
|turn|20
|
|t:|1633796382
|move|p2a: Skuntank|Foul Play|p1a: Perrserker
|-end|p1a: Perrserker|Substitute
|move|p1a: Perrserker|Iron Head|p2a: Skuntank
|-damage|p2a: Skuntank|72/100
|-damage|p1a: Perrserker|80/100|[from] item: Rocky Helmet|[of] p2a: Skuntank
|
|-heal|p1a: Perrserker|86/100|[from] item: Leftovers
|upkeep
|turn|21
|
|t:|1633796389
|switch|p1a: Quagsire|Quagsire, F|100/100
|move|p2a: Skuntank|Toxic|p1a: Quagsire
|-status|p1a: Quagsire|tox
|
|-damage|p1a: Quagsire|94/100 tox|[from] psn
|upkeep
|turn|22
|
|t:|1633796403
|switch|p2a: Ferroseed|Ferroseed, F|27/100
|move|p1a: Quagsire|Toxic|p2a: Ferroseed
|-immune|p2a: Ferroseed
|
|-damage|p1a: Quagsire|82/100 tox|[from] psn
|upkeep
|turn|23
|
|t:|1633796407
|switch|p1a: Whimsicott|Whimsicott, F|100/100
|move|p2a: Ferroseed|Spikes|p1a: Whimsicott
|-sidestart|p1: pattek|Spikes
|
|upkeep
|turn|24
|
|t:|1633796411
|move|p2a: Ferroseed|Protect|p2a: Ferroseed
|-singleturn|p2a: Ferroseed|Protect
|move|p1a: Whimsicott|U-turn|p2a: Ferroseed
|-activate|p2a: Ferroseed|move: Protect
|
|upkeep
|turn|25
|
|t:|1633796413
|move|p1a: Whimsicott|U-turn|p2a: Ferroseed
|-damage|p2a: Ferroseed|21/100
|-damage|p1a: Whimsicott|88/100|[from] ability: Iron Barbs|[of] p2a: Ferroseed
|
|t:|1633796418
|switch|p1a: Articuno|Articuno-Galar|100/100|[from]move: U-turn
|move|p2a: Ferroseed|Leech Seed|p1a: Articuno
|-start|p1a: Articuno|move: Leech Seed
|
|-damage|p1a: Articuno|88/100|[from] Leech Seed|[of] p2a: Ferroseed
|-heal|p2a: Ferroseed|34/100|[silent]
|upkeep
|turn|26
|
|t:|1633796428
|switch|p1a: Whimsicott|Whimsicott, F|88/100
|switch|p2a: Audino|Audino, M|91/100
|
|-heal|p2a: Audino|97/100|[from] item: Leftovers
|upkeep
|turn|27
|
|t:|1633796431
|move|p2a: Audino|Protect|p2a: Audino
|-singleturn|p2a: Audino|Protect
|move|p1a: Whimsicott|Defog|p2a: Audino
|-activate|p2a: Audino|move: Protect
|
|-heal|p2a: Audino|100/100|[from] item: Leftovers
|upkeep
|turn|28
|
|t:|1633796435
|move|p1a: Whimsicott|Defog|p2a: Audino
|-unboost|p2a: Audino|evasion|1
|-sideend|p1: pattek|Spikes|[from] move: Defog|[of] p1a: Whimsicott
|move|p2a: Audino|Toxic|p1a: Whimsicott
|-status|p1a: Whimsicott|tox
|
|-damage|p1a: Whimsicott|82/100 tox|[from] psn
|upkeep
|turn|29
|
|t:|1633796437
|switch|p1a: Gigalith|Gigalith, F|100/100
|-weather|Sandstorm|[from] ability: Sand Stream|[of] p1a: Gigalith
|move|p2a: Audino|Wish|p2a: Audino
|
|-weather|Sandstorm|[upkeep]
|-damage|p2a: Audino|94/100|[from] Sandstorm
|-heal|p2a: Audino|100/100|[from] item: Leftovers
|upkeep
|turn|30
|
|t:|1633796441
|switch|p2a: Ferroseed|Ferroseed, F|34/100
|move|p1a: Gigalith|Earthquake|p2a: Ferroseed
|-damage|p2a: Ferroseed|16/100
|
|-weather|Sandstorm|[upkeep]
|-heal|p2a: Ferroseed|86/100|[from] move: Wish|[wisher] Audino
|upkeep
|turn|31
|
|t:|1633796444
|move|p1a: Gigalith|Stealth Rock|p2a: Ferroseed
|-sidestart|p2: Squash|move: Stealth Rock
|move|p2a: Ferroseed|Spikes|p1a: Gigalith
|-sidestart|p1: pattek|Spikes
|
|-weather|Sandstorm|[upkeep]
|upkeep
|turn|32
|
|t:|1633796449
|switch|p1a: Weezing|Weezing, M|100/100
|-ability|p1a: Weezing|Neutralizing Gas
|-damage|p1a: Weezing|88/100|[from] Spikes
|move|p2a: Ferroseed|Knock Off|p1a: Weezing
|-damage|p1a: Weezing|82/100
|
|-weather|Sandstorm|[upkeep]
|-damage|p1a: Weezing|76/100|[from] Sandstorm
|upkeep
|turn|33
|
|t:|1633796457
|switch|p2a: Carbink|Carbink|100/100
|-damage|p2a: Carbink|88/100|[from] Stealth Rock
|move|p1a: Weezing|Sludge Bomb|p2a: Carbink
|-damage|p2a: Carbink|78/100
|
|-weather|none
|-heal|p2a: Carbink|84/100|[from] item: Leftovers
|upkeep
|turn|34
|
|t:|1633796460
|move|p1a: Weezing|Taunt|p2a: Carbink
|-start|p2a: Carbink|move: Taunt
|cant|p2a: Carbink|move: Taunt|Stealth Rock
|
|-heal|p2a: Carbink|90/100|[from] item: Leftovers
|upkeep
|turn|35
|
|t:|1633796469
|switch|p2a: Quagsire|Quagsire, F|100/100
|-damage|p2a: Quagsire|94/100|[from] Stealth Rock
|move|p1a: Weezing|Sludge Bomb|p2a: Quagsire
|-resisted|p2a: Quagsire
|-damage|p2a: Quagsire|77/100
|-status|p2a: Quagsire|psn
|
|-heal|p2a: Quagsire|83/100 psn|[from] item: Leftovers
|-damage|p2a: Quagsire|70/100 psn|[from] psn
|upkeep
|turn|36
|
|t:|1633796474
|-end|p1a: Weezing|ability: Neutralizing Gas
|switch|p1a: Articuno|Articuno-Galar|88/100
|move|p2a: Quagsire|Seismic Toss|p1a: Articuno
|-damage|p1a: Articuno|57/100
|
|-heal|p2a: Quagsire|76/100 psn|[from] item: Leftovers
|-damage|p2a: Quagsire|64/100 psn|[from] psn
|upkeep
|turn|37
|
|t:|1633796478
|switch|p2a: Audino|Audino, M|100/100
|-damage|p2a: Audino|88/100|[from] Stealth Rock
|move|p1a: Articuno|Future Sight|p2a: Audino
|-start|p1a: Articuno|move: Future Sight
|
|-heal|p2a: Audino|94/100|[from] item: Leftovers
|upkeep
|turn|38
|
|t:|1633796481
|move|p1a: Articuno|U-turn|p2a: Audino
|-damage|p2a: Audino|85/100
|
|t:|1633796484
|switch|p1a: Perrserker|Perrserker, F|86/100|[from]move: U-turn
|-damage|p1a: Perrserker|74/100|[from] Spikes
|move|p2a: Audino|Wish|p2a: Audino
|
|-heal|p1a: Perrserker|80/100|[from] item: Leftovers
|-heal|p2a: Audino|91/100|[from] item: Leftovers
|upkeep
|turn|39
|
|t:|1633796491
|switch|p2a: Skuntank|Skuntank, M|72/100
|-damage|p2a: Skuntank|59/100|[from] Stealth Rock
|move|p1a: Perrserker|Substitute|p1a: Perrserker
|-start|p1a: Perrserker|Substitute
|-damage|p1a: Perrserker|55/100
|
|-end|p2a: Skuntank|move: Future Sight
|-immune|p2a: Skuntank
|-heal|p2a: Skuntank|100/100|[from] move: Wish|[wisher] Audino
|-heal|p1a: Perrserker|61/100|[from] item: Leftovers
|upkeep
|turn|40
|
|t:|1633796495
|move|p2a: Skuntank|Foul Play|p1a: Perrserker
|-end|p1a: Perrserker|Substitute
|move|p1a: Perrserker|Iron Head|p2a: Skuntank
|-damage|p2a: Skuntank|69/100
|-damage|p1a: Perrserker|44/100|[from] item: Rocky Helmet|[of] p2a: Skuntank
|
|-heal|p1a: Perrserker|50/100|[from] item: Leftovers
|upkeep
|turn|41
|
|t:|1633796504
|switch|p1a: Quagsire|Quagsire, F|82/100 tox
|move|p2a: Skuntank|Foul Play|p1a: Quagsire
|-damage|p1a: Quagsire|62/100 tox
|
|-damage|p1a: Quagsire|56/100 tox|[from] psn
|upkeep
|turn|42
|
|t:|1633796507
|switch|p2a: Ferroseed|Ferroseed, F|86/100
|-damage|p2a: Ferroseed|80/100|[from] Stealth Rock
|move|p1a: Quagsire|Recover|p1a: Quagsire
|-heal|p1a: Quagsire|100/100 tox
|
|-damage|p1a: Quagsire|88/100 tox|[from] psn
|upkeep
|turn|43
|
|t:|1633796514
|move|p1a: Quagsire|Scald|p2a: Ferroseed
|-resisted|p2a: Ferroseed
|-damage|p2a: Ferroseed|71/100
|-status|p2a: Ferroseed|brn
|move|p2a: Ferroseed|Leech Seed|p1a: Quagsire
|-start|p1a: Quagsire|move: Leech Seed
|
|-damage|p1a: Quagsire|76/100 tox|[from] Leech Seed|[of] p2a: Ferroseed
|-heal|p2a: Ferroseed|88/100 brn|[silent]
|-damage|p1a: Quagsire|58/100 tox|[from] psn
|-damage|p2a: Ferroseed|82/100 brn|[from] brn
|upkeep
|turn|44
|
|t:|1633796516
|switch|p1a: Whimsicott|Whimsicott, F|82/100 tox
|move|p2a: Ferroseed|Spikes|p1a: Whimsicott
|-sidestart|p1: pattek|Spikes
|
|-damage|p1a: Whimsicott|76/100 tox|[from] psn
|-damage|p2a: Ferroseed|76/100 brn|[from] brn
|upkeep
|turn|45
|
|t:|1633796521
|switch|p1a: Articuno|Articuno-Galar|57/100
|move|p2a: Ferroseed|Knock Off|p1a: Articuno
|-supereffective|p1a: Articuno
|-damage|p1a: Articuno|43/100
|-enditem|p1a: Articuno|Heavy-Duty Boots|[from] move: Knock Off|[of] p2a: Ferroseed
|
|-damage|p2a: Ferroseed|70/100 brn|[from] brn
|upkeep
|turn|46
|
|t:|1633796528
|switch|p2a: Audino|Audino, M|100/100
|-damage|p2a: Audino|88/100|[from] Stealth Rock
|move|p1a: Articuno|Future Sight|p2a: Audino
|-start|p1a: Articuno|move: Future Sight
|
|-heal|p2a: Audino|94/100|[from] item: Leftovers
|upkeep
|turn|47
|
|t:|1633796531
|move|p1a: Articuno|Hurricane|p2a: Audino
|-damage|p2a: Audino|49/100
|move|p2a: Audino|Wish|p2a: Audino
|
|-heal|p2a: Audino|55/100|[from] item: Leftovers
|upkeep
|turn|48
|
|t:|1633796541
|move|p2a: Audino|Protect|p2a: Audino
|-singleturn|p2a: Audino|Protect
|move|p1a: Articuno|Hurricane|p2a: Audino
|-activate|p2a: Audino|move: Protect
|
|-end|p2a: Audino|move: Future Sight
|-damage|p2a: Audino|0 fnt
|faint|p2a: Audino
|upkeep
|
|t:|1633796545
|switch|p2a: Carbink|Carbink|90/100
|-damage|p2a: Carbink|78/100|[from] Stealth Rock
|turn|49
|c|☆Squash|woops
|
|t:|1633796569
|move|p1a: Articuno|Future Sight|p2a: Carbink
|-start|p1a: Articuno|move: Future Sight
|move|p2a: Carbink|Body Press|p1a: Articuno
|-resisted|p1a: Articuno
|-damage|p1a: Articuno|35/100
|
|-heal|p2a: Carbink|84/100|[from] item: Leftovers
|upkeep
|turn|50
|
|t:|1633796575
|move|p1a: Articuno|U-turn|p2a: Carbink
|-resisted|p2a: Carbink
|-damage|p2a: Carbink|78/100
|
|t:|1633796577
|switch|p1a: Whimsicott|Whimsicott, F|76/100 tox|[from]move: U-turn
|move|p2a: Carbink|Stealth Rock|p1a: Whimsicott
|-sidestart|p1: pattek|move: Stealth Rock
|
|-heal|p2a: Carbink|84/100|[from] item: Leftovers
|-damage|p1a: Whimsicott|70/100 tox|[from] psn
|upkeep
|turn|51
|
|t:|1633796584
|move|p1a: Whimsicott|Defog|p2a: Carbink
|-unboost|p2a: Carbink|evasion|1
|-sideend|p2: Squash|Stealth Rock|[from] move: Defog|[of] p1a: Whimsicott
|-sideend|p1: pattek|Spikes|[from] move: Defog|[of] p1a: Whimsicott
|-sideend|p1: pattek|Stealth Rock|[from] move: Defog|[of] p1a: Whimsicott
|move|p2a: Carbink|Body Press|p1a: Whimsicott
|-resisted|p1a: Whimsicott
|-damage|p1a: Whimsicott|52/100 tox
|
|-end|p2a: Carbink|move: Future Sight
|-damage|p2a: Carbink|48/100
|-heal|p2a: Carbink|54/100|[from] item: Leftovers
|-damage|p1a: Whimsicott|40/100 tox|[from] psn
|upkeep
|turn|52
|
|t:|1633796595
|switch|p2a: Ferroseed|Ferroseed, F|70/100 brn
|move|p1a: Whimsicott|Giga Drain|p2a: Ferroseed
|-resisted|p2a: Ferroseed
|-damage|p2a: Ferroseed|63/100 brn
|-heal|p1a: Whimsicott|43/100 tox|[from] drain|[of] p2a: Ferroseed
|
|-damage|p1a: Whimsicott|25/100 tox|[from] psn
|-damage|p2a: Ferroseed|57/100 brn|[from] brn
|upkeep
|turn|53
|
|t:|1633796601
|switch|p1a: Articuno|Articuno-Galar|35/100
|move|p2a: Ferroseed|Spikes|p1a: Articuno
|-sidestart|p1: pattek|Spikes
|
|-damage|p2a: Ferroseed|51/100 brn|[from] brn
|upkeep
|turn|54
|
|t:|1633796611
|switch|p2a: Carbink|Carbink|54/100
|move|p1a: Articuno|Hurricane|p2a: Carbink|[miss]
|-miss|p1a: Articuno|p2a: Carbink
|
|-heal|p2a: Carbink|60/100|[from] item: Leftovers
|upkeep
|turn|55
|
|t:|1633796618
|move|p1a: Articuno|Future Sight|p2a: Carbink
|-start|p1a: Articuno|move: Future Sight
|move|p2a: Carbink|Toxic|p1a: Articuno
|-status|p1a: Articuno|tox
|
|-heal|p2a: Carbink|66/100|[from] item: Leftovers
|-damage|p1a: Articuno|29/100 tox|[from] psn
|upkeep
|turn|56
|
|t:|1633796621
|move|p1a: Articuno|Recover|p1a: Articuno
|-heal|p1a: Articuno|79/100 tox
|move|p2a: Carbink|Stealth Rock|p1a: Articuno
|-sidestart|p1: pattek|move: Stealth Rock
|
|-heal|p2a: Carbink|72/100|[from] item: Leftovers
|-damage|p1a: Articuno|67/100 tox|[from] psn
|upkeep
|turn|57
|
|t:|1633796628
|move|p1a: Articuno|Hurricane|p2a: Carbink|[miss]
|-miss|p1a: Articuno|p2a: Carbink
|move|p2a: Carbink|Body Press|p1a: Articuno
|-resisted|p1a: Articuno
|-damage|p1a: Articuno|59/100 tox
|
|-end|p2a: Carbink|move: Future Sight
|-damage|p2a: Carbink|34/100
|-heal|p2a: Carbink|39/100|[from] item: Leftovers
|-damage|p1a: Articuno|40/100 tox|[from] psn
|upkeep
|turn|58
|
|t:|1633796641
|move|p1a: Articuno|U-turn|p2a: Carbink
|-resisted|p2a: Carbink
|-damage|p2a: Carbink|34/100
|
|t:|1633796646
|switch|p1a: Quagsire|Quagsire, F|58/100 tox|[from]move: U-turn
|move|p2a: Carbink|Body Press|p1a: Quagsire
|-damage|p1a: Quagsire|39/100 tox
|
|-heal|p2a: Carbink|40/100|[from] item: Leftovers
|-damage|p1a: Quagsire|33/100 tox|[from] psn
|upkeep
|turn|59
|
|t:|1633796656
|switch|p2a: Quagsire|Quagsire, F|64/100 psn
|move|p1a: Quagsire|Earthquake|p2a: Quagsire
|-damage|p2a: Quagsire|41/100 psn
|
|-heal|p2a: Quagsire|47/100 psn|[from] item: Leftovers
|-damage|p2a: Quagsire|35/100 psn|[from] psn
|-damage|p1a: Quagsire|21/100 tox|[from] psn
|upkeep
|turn|60
|
|t:|1633796659
|move|p2a: Quagsire|Recover|p2a: Quagsire
|-heal|p2a: Quagsire|85/100 psn
|move|p1a: Quagsire|Recover|p1a: Quagsire
|-heal|p1a: Quagsire|71/100 tox
|
|-heal|p2a: Quagsire|91/100 psn|[from] item: Leftovers
|-damage|p2a: Quagsire|78/100 psn|[from] psn
|-damage|p1a: Quagsire|52/100 tox|[from] psn
|upkeep
|turn|61
|
|t:|1633796664
|move|p2a: Quagsire|Seismic Toss|p1a: Quagsire
|-damage|p1a: Quagsire|27/100 tox
|move|p1a: Quagsire|Recover|p1a: Quagsire
|-heal|p1a: Quagsire|77/100 tox
|
|-heal|p2a: Quagsire|84/100 psn|[from] item: Leftovers
|-damage|p2a: Quagsire|72/100 psn|[from] psn
|-damage|p1a: Quagsire|53/100 tox|[from] psn
|upkeep
|turn|62
|
|t:|1633796669
|move|p2a: Quagsire|Seismic Toss|p1a: Quagsire
|-damage|p1a: Quagsire|27/100 tox
|move|p1a: Quagsire|Recover|p1a: Quagsire
|-heal|p1a: Quagsire|77/100 tox
|
|-heal|p2a: Quagsire|78/100 psn|[from] item: Leftovers
|-damage|p2a: Quagsire|66/100 psn|[from] psn
|-damage|p1a: Quagsire|47/100 tox|[from] psn
|upkeep
|turn|63
|
|t:|1633796680
|move|p2a: Quagsire|Recover|p2a: Quagsire
|-heal|p2a: Quagsire|100/100 psn
|move|p1a: Quagsire|Earthquake|p2a: Quagsire
|-damage|p2a: Quagsire|78/100 psn
|
|-heal|p2a: Quagsire|84/100 psn|[from] item: Leftovers
|-damage|p2a: Quagsire|72/100 psn|[from] psn
|-damage|p1a: Quagsire|10/100 tox|[from] psn
|upkeep
|turn|64
|
|t:|1633796682
|move|p2a: Quagsire|Seismic Toss|p1a: Quagsire
|-damage|p1a: Quagsire|0 fnt
|faint|p1a: Quagsire
|
|-heal|p2a: Quagsire|78/100 psn|[from] item: Leftovers
|-damage|p2a: Quagsire|66/100 psn|[from] psn
|upkeep
|
|t:|1633796685
|switch|p1a: Whimsicott|Whimsicott, F|25/100 tox
|turn|65
|
|t:|1633796688
|switch|p2a: Skuntank|Skuntank, M|69/100
|move|p1a: Whimsicott|Defog|p2a: Skuntank
|-hint|Since gen 7, Dark is immune to Prankster moves.
|-immune|p2a: Skuntank
|
|-damage|p1a: Whimsicott|19/100 tox|[from] psn
|upkeep
|turn|66
|
|t:|1633796693
|switch|p2a: Ferroseed|Ferroseed, F|51/100 brn
|move|p1a: Whimsicott|Moonblast|p2a: Ferroseed
|-resisted|p2a: Ferroseed
|-damage|p2a: Ferroseed|36/100 brn
|
|-damage|p1a: Whimsicott|7/100 tox|[from] psn
|-damage|p2a: Ferroseed|30/100 brn|[from] brn
|upkeep
|turn|67
|
|t:|1633796699
|move|p2a: Ferroseed|Protect|p2a: Ferroseed
|-singleturn|p2a: Ferroseed|Protect
|move|p1a: Whimsicott|Moonblast|p2a: Ferroseed
|-activate|p2a: Ferroseed|move: Protect
|
|-damage|p1a: Whimsicott|0 fnt|[from] psn
|faint|p1a: Whimsicott
|-damage|p2a: Ferroseed|24/100 brn|[from] brn
|upkeep
|
|t:|1633796706
|switch|p1a: Perrserker|Perrserker, F|50/100
|-damage|p1a: Perrserker|44/100|[from] Stealth Rock
|-damage|p1a: Perrserker|32/100|[from] Spikes
|turn|68
|
|t:|1633796715
|switch|p2a: Skuntank|Skuntank, M|69/100
|move|p1a: Perrserker|Iron Head|p2a: Skuntank
|-damage|p2a: Skuntank|37/100
|-damage|p1a: Perrserker|15/100|[from] item: Rocky Helmet|[of] p2a: Skuntank
|
|-heal|p1a: Perrserker|21/100|[from] item: Leftovers
|upkeep
|turn|69
|
|t:|1633796724
|switch|p1a: Gigalith|Gigalith, F|100/100
|-damage|p1a: Gigalith|88/100|[from] Spikes
|-damage|p1a: Gigalith|76/100|[from] Stealth Rock
|-weather|Sandstorm|[from] ability: Sand Stream|[of] p1a: Gigalith
|move|p2a: Skuntank|Foul Play|p1a: Gigalith
|-damage|p1a: Gigalith|48/100
|
|-weather|Sandstorm|[upkeep]
|-damage|p2a: Skuntank|31/100|[from] Sandstorm
|-heal|p1a: Gigalith|54/100|[from] item: Leftovers
|upkeep
|turn|70
|
|t:|1633796735
|switch|p2a: Quagsire|Quagsire, F|66/100 psn
|move|p1a: Gigalith|Earthquake|p2a: Quagsire
|-damage|p2a: Quagsire|44/100 psn
|
|-weather|Sandstorm|[upkeep]
|-heal|p2a: Quagsire|50/100 psn|[from] item: Leftovers
|-heal|p1a: Gigalith|60/100|[from] item: Leftovers
|-damage|p2a: Quagsire|37/100 psn|[from] psn
|upkeep
|turn|71
|
|t:|1633796738
|move|p2a: Quagsire|Recover|p2a: Quagsire
|-heal|p2a: Quagsire|88/100 psn
|move|p1a: Gigalith|Earthquake|p2a: Quagsire
|-damage|p2a: Quagsire|67/100 psn
|
|-weather|Sandstorm|[upkeep]
|-heal|p2a: Quagsire|73/100 psn|[from] item: Leftovers
|-heal|p1a: Gigalith|66/100|[from] item: Leftovers
|-damage|p2a: Quagsire|60/100 psn|[from] psn
|upkeep
|turn|72
|
|t:|1633796745
|move|p2a: Quagsire|Recover|p2a: Quagsire
|-heal|p2a: Quagsire|100/100 psn
|move|p1a: Gigalith|Stealth Rock|p2a: Quagsire
|-sidestart|p2: Squash|move: Stealth Rock
|
|-weather|Sandstorm|[upkeep]
|-heal|p1a: Gigalith|72/100|[from] item: Leftovers
|-damage|p2a: Quagsire|88/100 psn|[from] psn
|upkeep
|turn|73
|
|t:|1633796754
|switch|p1a: Weezing|Weezing, M|76/100
|-ability|p1a: Weezing|Neutralizing Gas
|-damage|p1a: Weezing|63/100|[from] Stealth Rock
|-damage|p1a: Weezing|51/100|[from] Spikes
|move|p2a: Quagsire|Infestation|p1a: Weezing
|-resisted|p1a: Weezing
|-damage|p1a: Weezing|49/100
|-activate|p1a: Weezing|move: Infestation|[of] p2a: Quagsire
|
|-weather|none
|-heal|p2a: Quagsire|94/100 psn|[from] item: Leftovers
|-damage|p2a: Quagsire|82/100 psn|[from] psn
|-damage|p1a: Weezing|37/100|[from] move: Infestation|[partiallytrapped]
|upkeep
|turn|74
|
|t:|1633796757
|move|p1a: Weezing|Pain Split|p2a: Quagsire
|-sethp|p2a: Quagsire|56/100 psn|[from] move: Pain Split|[silent]
|-sethp|p1a: Weezing|66/100|[from] move: Pain Split
|move|p2a: Quagsire|Seismic Toss|p1a: Weezing
|-damage|p1a: Weezing|36/100
|
|-heal|p2a: Quagsire|63/100 psn|[from] item: Leftovers
|-damage|p2a: Quagsire|50/100 psn|[from] psn
|-damage|p1a: Weezing|24/100|[from] move: Infestation|[partiallytrapped]
|upkeep
|turn|75
|
|t:|1633796765
|switch|p2a: Skuntank|Skuntank, M|31/100
|-damage|p2a: Skuntank|19/100|[from] Stealth Rock
|move|p1a: Weezing|Pain Split|p2a: Skuntank
|-sethp|p2a: Skuntank|19/100|[from] move: Pain Split|[silent]
|-sethp|p1a: Weezing|24/100|[from] move: Pain Split
|
|-end|p1a: Weezing|Infestation|[partiallytrapped]|[silent]
|upkeep
|turn|76
|
|t:|1633796774
|-end|p1a: Weezing|ability: Neutralizing Gas
|switch|p1a: Gigalith|Gigalith, F|72/100
|-damage|p1a: Gigalith|60/100|[from] Spikes
|-damage|p1a: Gigalith|48/100|[from] Stealth Rock
|-weather|Sandstorm|[from] ability: Sand Stream|[of] p1a: Gigalith
|move|p2a: Skuntank|Foul Play|p1a: Gigalith
|-damage|p1a: Gigalith|18/100
|
|-weather|Sandstorm|[upkeep]
|-damage|p2a: Skuntank|13/100|[from] Sandstorm
|-heal|p1a: Gigalith|24/100|[from] item: Leftovers
|upkeep
|turn|77
|inactive|Squash has 270 seconds left.
|
|t:|1633796823
|switch|p2a: Quagsire|Quagsire, F|50/100 psn
|-damage|p2a: Quagsire|44/100 psn|[from] Stealth Rock
|move|p1a: Gigalith|Protect||[still]
|-fail|p1a: Gigalith
|
|-weather|Sandstorm|[upkeep]
|-heal|p2a: Quagsire|50/100 psn|[from] item: Leftovers
|-heal|p1a: Gigalith|30/100|[from] item: Leftovers
|-damage|p2a: Quagsire|38/100 psn|[from] psn
|upkeep
|turn|78
|
|t:|1633796831
|move|p2a: Quagsire|Recover|p2a: Quagsire
|-heal|p2a: Quagsire|88/100 psn
|move|p1a: Gigalith|Earthquake|p2a: Quagsire
|-damage|p2a: Quagsire|67/100 psn
|
|-weather|Sandstorm|[upkeep]
|-heal|p2a: Quagsire|73/100 psn|[from] item: Leftovers
|-heal|p1a: Gigalith|36/100|[from] item: Leftovers
|-damage|p2a: Quagsire|60/100 psn|[from] psn
|upkeep
|turn|79
|
|t:|1633796834
|move|p2a: Quagsire|Infestation|p1a: Gigalith
|-damage|p1a: Gigalith|34/100
|-activate|p1a: Gigalith|move: Infestation|[of] p2a: Quagsire
|move|p1a: Gigalith|Earthquake|p2a: Quagsire
|-damage|p2a: Quagsire|41/100 psn
|
|-weather|Sandstorm|[upkeep]
|-heal|p2a: Quagsire|47/100 psn|[from] item: Leftovers
|-heal|p1a: Gigalith|41/100|[from] item: Leftovers
|-damage|p2a: Quagsire|35/100 psn|[from] psn
|-damage|p1a: Gigalith|28/100|[from] move: Infestation|[partiallytrapped]
|upkeep
|turn|80
|
|t:|1633796836
|move|p2a: Quagsire|Recover|p2a: Quagsire
|-heal|p2a: Quagsire|85/100 psn
|move|p1a: Gigalith|Earthquake|p2a: Quagsire
|-damage|p2a: Quagsire|66/100 psn
|
|-weather|none
|-heal|p2a: Quagsire|72/100 psn|[from] item: Leftovers
|-heal|p1a: Gigalith|34/100|[from] item: Leftovers
|-damage|p2a: Quagsire|59/100 psn|[from] psn
|-damage|p1a: Gigalith|22/100|[from] move: Infestation|[partiallytrapped]
|upkeep
|turn|81
|
|t:|1633796839
|move|p2a: Quagsire|Recover|p2a: Quagsire
|-heal|p2a: Quagsire|100/100 psn
|move|p1a: Gigalith|Earthquake|p2a: Quagsire
|-damage|p2a: Quagsire|80/100 psn
|
|-heal|p2a: Quagsire|86/100 psn|[from] item: Leftovers
|-heal|p1a: Gigalith|28/100|[from] item: Leftovers
|-damage|p2a: Quagsire|74/100 psn|[from] psn
|-damage|p1a: Gigalith|16/100|[from] move: Infestation|[partiallytrapped]
|upkeep
|turn|82
|
|t:|1633796841
|move|p2a: Quagsire|Seismic Toss|p1a: Gigalith
|-damage|p1a: Gigalith|0 fnt
|faint|p1a: Gigalith
|
|-heal|p2a: Quagsire|80/100 psn|[from] item: Leftovers
|-damage|p2a: Quagsire|67/100 psn|[from] psn
|upkeep
|
|t:|1633796850
|switch|p1a: Articuno|Articuno-Galar|40/100 tox
|-damage|p1a: Articuno|15/100 tox|[from] Stealth Rock
|turn|83
|
|t:|1633796853
|switch|p2a: Carbink|Carbink|40/100
|-damage|p2a: Carbink|28/100|[from] Stealth Rock
|move|p1a: Articuno|Recover|p1a: Articuno
|-heal|p1a: Articuno|65/100 tox
|
|-heal|p2a: Carbink|34/100|[from] item: Leftovers
|-damage|p1a: Articuno|59/100 tox|[from] psn
|upkeep
|turn|84
|
|t:|1633796859
|move|p1a: Articuno|Future Sight|p2a: Carbink
|-start|p1a: Articuno|move: Future Sight
|move|p2a: Carbink|Rest|p2a: Carbink
|-status|p2a: Carbink|slp|[from] move: Rest
|-heal|p2a: Carbink|100/100 slp|[silent]
|
|-damage|p1a: Articuno|47/100 tox|[from] psn
|upkeep
|turn|85
|
|t:|1633796862
|move|p1a: Articuno|Recover|p1a: Articuno
|-heal|p1a: Articuno|97/100 tox
|cant|p2a: Carbink|slp
|
|-damage|p1a: Articuno|78/100 tox|[from] psn
|upkeep
|turn|86
|
|t:|1633796867
|move|p1a: Articuno|U-turn|p2a: Carbink
|-resisted|p2a: Carbink
|-damage|p2a: Carbink|96/100 slp
|
|t:|1633796869
|switch|p1a: Perrserker|Perrserker, F|21/100|[from]move: U-turn
|-damage|p1a: Perrserker|9/100|[from] Spikes
|-damage|p1a: Perrserker|3/100|[from] Stealth Rock
|cant|p2a: Carbink|slp
|
|-end|p2a: Carbink|move: Future Sight
|-damage|p2a: Carbink|59/100 slp
|-heal|p1a: Perrserker|9/100|[from] item: Leftovers
|-heal|p2a: Carbink|65/100 slp|[from] item: Leftovers
|upkeep
|turn|87
|
|t:|1633796880
|switch|p2a: Ferroseed|Ferroseed, F|24/100 brn
|-damage|p2a: Ferroseed|18/100 brn|[from] Stealth Rock
|move|p1a: Perrserker|Seed Bomb|p2a: Ferroseed
|-resisted|p2a: Ferroseed
|-damage|p2a: Ferroseed|14/100 brn
|
|-heal|p1a: Perrserker|15/100|[from] item: Leftovers
|-damage|p2a: Ferroseed|8/100 brn|[from] brn
|upkeep
|turn|88
|inactive|pattek has 270 seconds left.
|inactive|pattek has 240 seconds left.
|inactive|pattek has 210 seconds left.
|inactive|Squash has 270 seconds left.
|
|t:|1633796993
|move|p1a: Perrserker|Close Combat|p2a: Ferroseed
|-supereffective|p2a: Ferroseed
|-damage|p2a: Ferroseed|0 fnt
|-unboost|p1a: Perrserker|def|1
|-unboost|p1a: Perrserker|spd|1
|-damage|p1a: Perrserker|3/100|[from] ability: Iron Barbs|[of] p2a: Ferroseed
|faint|p2a: Ferroseed
|
|-heal|p1a: Perrserker|9/100|[from] item: Leftovers
|upkeep
|
|t:|1633796995
|switch|p2a: Skuntank|Skuntank, M|13/100
|-damage|p2a: Skuntank|1/100|[from] Stealth Rock
|turn|89
|
|t:|1633797002
|move|p2a: Skuntank|Rest|p2a: Skuntank
|-status|p2a: Skuntank|slp|[from] move: Rest
|-heal|p2a: Skuntank|100/100 slp|[silent]
|move|p1a: Perrserker|Iron Head|p2a: Skuntank
|-damage|p2a: Skuntank|68/100 slp
|-damage|p1a: Perrserker|0 fnt|[from] item: Rocky Helmet|[of] p2a: Skuntank
|faint|p1a: Perrserker
|
|upkeep
|
|t:|1633797005
|switch|p1a: Articuno|Articuno-Galar|78/100 tox
|-damage|p1a: Articuno|53/100 tox|[from] Stealth Rock
|turn|90
|
|t:|1633797011
|switch|p2a: Carbink|Carbink|65/100 slp
|-damage|p2a: Carbink|53/100 slp|[from] Stealth Rock
|move|p1a: Articuno|Future Sight|p2a: Carbink
|-start|p1a: Articuno|move: Future Sight
|
|-heal|p2a: Carbink|59/100 slp|[from] item: Leftovers
|-damage|p1a: Articuno|47/100 tox|[from] psn
|upkeep
|turn|91
|
|t:|1633797014
|move|p1a: Articuno|Recover|p1a: Articuno
|-heal|p1a: Articuno|97/100 tox
|-curestatus|p2a: Carbink|slp|[msg]
|move|p2a: Carbink|Body Press|p1a: Articuno
|-resisted|p1a: Articuno
|-damage|p1a: Articuno|90/100 tox
|
|-heal|p2a: Carbink|65/100|[from] item: Leftovers
|-damage|p1a: Articuno|78/100 tox|[from] psn
|upkeep
|turn|92
|
|t:|1633797018
|move|p1a: Articuno|Hurricane|p2a: Carbink
|-resisted|p2a: Carbink
|-damage|p2a: Carbink|46/100
|move|p2a: Carbink|Body Press|p1a: Articuno
|-resisted|p1a: Articuno
|-damage|p1a: Articuno|69/100 tox
|
|-end|p2a: Carbink|move: Future Sight
|-damage|p2a: Carbink|11/100
|-heal|p2a: Carbink|17/100|[from] item: Leftovers
|-damage|p1a: Articuno|51/100 tox|[from] psn
|upkeep
|turn|93
|
|t:|1633797023
|move|p1a: Articuno|Hurricane|p2a: Carbink
|-resisted|p2a: Carbink
|-crit|p2a: Carbink
|-damage|p2a: Carbink|0 fnt
|faint|p2a: Carbink
|
|-damage|p1a: Articuno|26/100 tox|[from] psn
|upkeep
|
|t:|1633797027
|switch|p2a: Quagsire|Quagsire, F|67/100 psn
|-damage|p2a: Quagsire|61/100 psn|[from] Stealth Rock
|turn|94
|
|t:|1633797048
|move|p1a: Articuno|U-turn|p2a: Quagsire
|-damage|p2a: Quagsire|52/100 psn
|
|t:|1633797051
|switch|p1a: Weezing|Weezing, M|24/100|[from]move: U-turn
|-ability|p1a: Weezing|Neutralizing Gas
|-damage|p1a: Weezing|11/100|[from] Spikes
|-damage|p1a: Weezing|0 fnt|[from] Stealth Rock
|faint|p1a: Weezing
|-end|p1a: Weezing|ability: Neutralizing Gas
|move|p2a: Quagsire|Seismic Toss|p1: Weezing|[notarget]
|-fail|p2a: Quagsire
|
|-heal|p2a: Quagsire|58/100 psn|[from] item: Leftovers
|-damage|p2a: Quagsire|46/100 psn|[from] psn
|upkeep
|
|t:|1633797052
|switch|p1a: Articuno|Articuno-Galar|26/100 tox
|-damage|p1a: Articuno|1/100 tox|[from] Stealth Rock
|turn|95
|
|t:|1633797055
|move|p1a: Articuno|Recover|p1a: Articuno
|-heal|p1a: Articuno|51/100 tox
|move|p2a: Quagsire|Seismic Toss|p1a: Articuno
|-damage|p1a: Articuno|20/100 tox
|
|-heal|p2a: Quagsire|52/100 psn|[from] item: Leftovers
|-damage|p1a: Articuno|14/100 tox|[from] psn
|-damage|p2a: Quagsire|39/100 psn|[from] psn
|upkeep
|turn|96
|inactive|pattek has 270 seconds left.
|
|t:|1633797063
|move|p1a: Articuno|Hurricane|p2a: Quagsire|[miss]
|-miss|p1a: Articuno|p2a: Quagsire
|move|p2a: Quagsire|Seismic Toss|p1a: Articuno
|-damage|p1a: Articuno|0 fnt
|faint|p1a: Articuno
|
|win|Squash
|c|☆Squash|ggs
