|j|☆beefdreams
|j|☆Toxicidad fuera
|t:|1619043310
|gametype|singles
|player|p1|beefdreams|hiker-gen4|1462
|player|p2|Toxicidad fuera|argenta|1572
|teamsize|p1|6
|teamsize|p2|6
|gen|8
|tier|[Gen 8] PU
|rated|
|clearpoke
|poke|p1|Ribombee, F|
|poke|p1|Guzzlord|
|poke|p1|Silvally-*|
|poke|p1|Togedemaru, M|
|poke|p1|Uxie|
|poke|p1|Centiskorch, M|
|poke|p2|Thwackey, M|
|poke|p2|Thievul, F|
|poke|p2|Gourgeist-*, M|
|poke|p2|Garbodor, M|
|poke|p2|Regirock|
|poke|p2|Xatu, M|
|rule|Sleep Clause Mod: Limit one foe put to sleep
|rule|Species Clause: Limit one of each Pokémon
|rule|OHKO Clause: OHKO moves are banned
|rule|Evasion Moves Clause: Evasion moves are banned
|rule|Endless Battle Clause: Forcing endless battles is banned
|rule|HP Percentage Mod: HP is shown in percentages
|rule|Dynamax Clause: You cannot dynamax
|teampreview
|inactive|Battle timer is ON: inactive players will automatically lose when time's up. (requested by Toxicidad fuera)
|inactive|beefdreams has 120 seconds left.
|inactive|beefdreams has 90 seconds left.
|
|t:|1619043443
|start
|switch|p1a: Guzzlord|Guzzlord|100/100
|switch|p2a: Regirock|Regirock|100/100
|turn|1
|inactive|beefdreams has 120 seconds left.
|
|t:|1619043497
|move|p1a: Guzzlord|Heavy Slam|p2a: Regirock
|-supereffective|p2a: Regirock
|-damage|p2a: Regirock|81/100
|move|p2a: Regirock|Body Press|p1a: Guzzlord
|-supereffective|p1a: Guzzlord
|-damage|p1a: Guzzlord|20/100
|
|-heal|p2a: Regirock|87/100|[from] item: Leftovers
|upkeep
|turn|2
|
|t:|1619043508
|switch|p1a: Uxie|Uxie|100/100
|move|p2a: Regirock|Stealth Rock|p1a: Uxie
|-sidestart|p1: beefdreams|move: Stealth Rock
|
|-heal|p2a: Regirock|93/100|[from] item: Leftovers
|upkeep
|turn|3
|
|t:|1619043515
|move|p1a: Uxie|Psychic|p2a: Regirock
|-damage|p2a: Regirock|72/100
|move|p2a: Regirock|Toxic|p1a: Uxie
|-status|p1a: Uxie|tox
|
|-heal|p2a: Regirock|79/100|[from] item: Leftovers
|-damage|p1a: Uxie|94/100 tox|[from] psn
|upkeep
|turn|4
|
|t:|1619043524
|switch|p2a: Xatu|Xatu, M|100/100
|move|p1a: Uxie|Yawn|p2a: Xatu
|move|p2a: Xatu|Yawn||[from]ability: Magic Bounce|[still]
|-fail|p2a: Xatu
|
|-damage|p1a: Uxie|82/100 tox|[from] psn
|upkeep
|turn|5
|
|t:|1619043536
|move|p1a: Uxie|U-turn|p2a: Xatu
|-damage|p2a: Xatu|89/100
|
|t:|1619043539
|switch|p1a: Centiskorch|Centiskorch, M|100/100|[from]move: U-turn
|move|p2a: Xatu|Heat Wave|p1a: Centiskorch
|-start|p1a: Centiskorch|ability: Flash Fire
|
|upkeep
|turn|6
|
|t:|1619043546
|move|p1a: Centiskorch|Power Whip|p2a: Xatu
|-resisted|p2a: Xatu
|-damage|p2a: Xatu|71/100
|move|p2a: Xatu|Thunder Wave|p1a: Centiskorch
|-status|p1a: Centiskorch|par
|
|upkeep
|turn|7
|
|t:|1619043554
|switch|p2a: Regirock|Regirock|79/100
|move|p1a: Centiskorch|Fire Lash|p2a: Regirock
|-resisted|p2a: Regirock
|-damage|p2a: Regirock|67/100
|
|-heal|p2a: Regirock|73/100|[from] item: Leftovers
|upkeep
|turn|8
|
|t:|1619043561
|move|p2a: Regirock|Rock Blast|p1a: Centiskorch
|-supereffective|p1a: Centiskorch
|-damage|p1a: Centiskorch|55/100 par
|-supereffective|p1a: Centiskorch
|-damage|p1a: Centiskorch|9/100 par
|-supereffective|p1a: Centiskorch
|-damage|p1a: Centiskorch|0 fnt
|-hitcount|p1a: Centiskorch|3
|faint|p1a: Centiskorch
|
|-heal|p2a: Regirock|79/100|[from] item: Leftovers
|upkeep
|-message|beefdreams forfeited.
|
|win|Toxicidad fuera
|raw|beefdreams's rating: 1462 &rarr; <strong>1448</strong><br />(-14 for losing)
|raw|Toxicidad fuera's rating: 1572 &rarr; <strong>1586</strong><br />(+14 for winning)
|l|☆beefdreams
||Ladder isn't responding, score probably updated but might not have (Request timeout).
