|j|☆ZIP_ALIEN
|j|☆tolon tolon
|t:|1629558796
|gametype|singles
|player|p1|ZIP_ALIEN|170|
|player|p2|tolon tolon|2|
|teamsize|p1|6
|teamsize|p2|6
|gen|8
|tier|[Gen 8] PU
|rated|Tournament battle
|rule|Sleep Clause Mod: Limit one foe put to sleep
|rule|Species Clause: Limit one of each Pokémon
|rule|OHKO Clause: OHKO moves are banned
|rule|Evasion Moves Clause: Evasion moves are banned
|rule|Endless Battle Clause: Forcing endless battles is banned
|rule|HP Percentage Mod: HP is shown in percentages
|rule|Dynamax Clause: You cannot dynamax
|clearpoke
|poke|p1|Articuno-Galar|
|poke|p1|Silvally-*|
|poke|p1|Lanturn, F|
|poke|p1|Stunfisk-Galar, F|
|poke|p1|Whimsicott, M|
|poke|p1|Passimian, M|
|poke|p2|Mesprit|
|poke|p2|Scrafty, F|
|poke|p2|Gigalith, F|
|poke|p2|Wishiwashi, F|
|poke|p2|Haunter, F|
|poke|p2|Silvally-*|
|teampreview
|
|t:|1629558811
|start
|switch|p1a: Passimian|Passimian, M|100/100
|switch|p2a: Mesprit|Mesprit|100/100
|turn|1
|inactive|Battle timer is ON: inactive players will automatically lose when time's up. (requested by ZIP_ALIEN)
|
|t:|1629558823
|move|p1a: Passimian|U-turn|p2a: Mesprit
|-supereffective|p2a: Mesprit
|-damage|p2a: Mesprit|52/100
|j| Gva
|
|t:|1629558841
|switch|p1a: Articuno|Articuno-Galar|100/100|[from]move: U-turn
|move|p2a: Mesprit|Knock Off|p1a: Articuno
|-supereffective|p1a: Articuno
|-damage|p1a: Articuno|0 fnt
|-enditem|p1a: Articuno|Heavy-Duty Boots|[from] move: Knock Off|[of] p2a: Mesprit
|faint|p1a: Articuno
|
|upkeep
|
|t:|1629558852
|switch|p1a: Passimian|Passimian, M|100/100
|turn|2
|
|t:|1629558856
|switch|p2a: Silvally|Silvally-Steel|100/100
|move|p1a: Passimian|Knock Off|p2a: Silvally
|-damage|p2a: Silvally|82/100
|
|upkeep
|turn|3
|l| Gva
|
|t:|1629558874
|switch|p1a: Lanturn|Lanturn, F|100/100
|move|p2a: Silvally|Parting Shot|p1a: Lanturn
|-unboost|p1a: Lanturn|atk|1
|-unboost|p1a: Lanturn|spa|1
|
|t:|1629558881
|switch|p2a: Scrafty|Scrafty, F|100/100|[from]move: Parting Shot
|
|upkeep
|turn|4
|
|t:|1629558888
|move|p1a: Lanturn|Toxic|p2a: Scrafty
|-status|p2a: Scrafty|tox
|move|p2a: Scrafty|Knock Off|p1a: Lanturn
|-damage|p1a: Lanturn|67/100
|-enditem|p1a: Lanturn|Leftovers|[from] move: Knock Off|[of] p2a: Scrafty
|
|-activate|p2a: Scrafty|ability: Shed Skin
|-curestatus|p2a: Scrafty|tox|[msg]
|upkeep
|turn|5
|
|t:|1629558902
|move|p1a: Lanturn|Volt Switch|p2a: Scrafty
|-damage|p2a: Scrafty|92/100
|
|t:|1629558906
|switch|p1a: Whimsicott|Whimsicott, M|100/100|[from]move: Volt Switch
|move|p2a: Scrafty|Bulk Up|p2a: Scrafty
|-boost|p2a: Scrafty|atk|1
|-boost|p2a: Scrafty|def|1
|
|-heal|p2a: Scrafty|98/100|[from] item: Leftovers
|upkeep
|turn|6
|j| Gva
|
|t:|1629558920
|switch|p2a: Gigalith|Gigalith, F|100/100
|-weather|Sandstorm|[from] ability: Sand Stream|[of] p2a: Gigalith
|move|p1a: Whimsicott|Moonblast|p2a: Gigalith
|-damage|p2a: Gigalith|81/100
|
|-weather|Sandstorm|[upkeep]
|-damage|p1a: Whimsicott|94/100|[from] Sandstorm
|-heal|p2a: Gigalith|87/100|[from] item: Leftovers
|upkeep
|turn|7
|
|t:|1629558936
|switch|p1a: Lanturn|Lanturn, F|67/100
|move|p2a: Gigalith|Stealth Rock|p1a: Lanturn
|-sidestart|p1: ZIP_ALIEN|move: Stealth Rock
|
|-weather|Sandstorm|[upkeep]
|-damage|p1a: Lanturn|61/100|[from] Sandstorm
|-heal|p2a: Gigalith|93/100|[from] item: Leftovers
|upkeep
|turn|8
|
|t:|1629558951
|move|p1a: Lanturn|Toxic|p2a: Gigalith
|-status|p2a: Gigalith|tox
|move|p2a: Gigalith|Earthquake|p1a: Lanturn
|-supereffective|p1a: Lanturn
|-crit|p1a: Lanturn
|-damage|p1a: Lanturn|0 fnt
|faint|p1a: Lanturn
|
|-weather|Sandstorm|[upkeep]
|-heal|p2a: Gigalith|99/100 tox|[from] item: Leftovers
|-damage|p2a: Gigalith|93/100 tox|[from] psn
|upkeep
|inactive|ZIP_ALIEN has 120 seconds left.
|
|t:|1629558968
|switch|p1a: Stunfisk|Stunfisk-Galar, F|100/100
|-damage|p1a: Stunfisk|97/100|[from] Stealth Rock
|turn|9
|l| Gva
|inactive|ZIP_ALIEN has 120 seconds left.
|
|t:|1629558983
|move|p1a: Stunfisk|Earthquake|p2a: Gigalith
|-supereffective|p2a: Gigalith
|-damage|p2a: Gigalith|54/100 tox
|move|p2a: Gigalith|Earthquake|p1a: Stunfisk
|-supereffective|p1a: Stunfisk
|-damage|p1a: Stunfisk|50/100
|
|-weather|Sandstorm|[upkeep]
|-heal|p1a: Stunfisk|57/100|[from] item: Leftovers
|-heal|p2a: Gigalith|60/100 tox|[from] item: Leftovers
|-damage|p2a: Gigalith|48/100 tox|[from] psn
|upkeep
|turn|10
|inactive|ZIP_ALIEN has 120 seconds left.
|
|t:|1629559001
|move|p1a: Stunfisk|Snap Trap|p2a: Gigalith
|-supereffective|p2a: Gigalith
|-damage|p2a: Gigalith|38/100 tox
|-activate|p2a: Gigalith|move: Snap Trap|[of] p1a: Stunfisk
|move|p2a: Gigalith|Earthquake|p1a: Stunfisk
|-supereffective|p1a: Stunfisk
|-damage|p1a: Stunfisk|12/100
|
|-weather|none
|-heal|p1a: Stunfisk|18/100|[from] item: Leftovers
|-heal|p2a: Gigalith|44/100 tox|[from] item: Leftovers
|-damage|p2a: Gigalith|26/100 tox|[from] psn
|-damage|p2a: Gigalith|13/100 tox|[from] move: Snap Trap|[partiallytrapped]
|upkeep
|turn|11
|inactive|ZIP_ALIEN has 120 seconds left.
|
|t:|1629559016
|move|p1a: Stunfisk|Stealth Rock|p2a: Gigalith
|-sidestart|p2: tolon tolon|move: Stealth Rock
|move|p2a: Gigalith|Earthquake|p1a: Stunfisk
|-supereffective|p1a: Stunfisk
|-crit|p1a: Stunfisk
|-damage|p1a: Stunfisk|0 fnt
|faint|p1a: Stunfisk
|
|-heal|p2a: Gigalith|19/100 tox|[from] item: Leftovers
|-damage|p2a: Gigalith|0 fnt|[from] psn
|faint|p2a: Gigalith
|upkeep
|inactive|ZIP_ALIEN has 120 seconds left.
|
|t:|1629559030
|switch|p1a: Passimian|Passimian, M|100/100
|switch|p2a: Silvally|Silvally-Steel|82/100
|-damage|p1a: Passimian|94/100|[from] Stealth Rock
|-damage|p2a: Silvally|76/100|[from] Stealth Rock
|turn|12
|j| Gva
|inactive|ZIP_ALIEN has 120 seconds left.
|
|t:|1629559044
|switch|p2a: Mesprit|Mesprit|52/100
|-damage|p2a: Mesprit|40/100|[from] Stealth Rock
|move|p1a: Passimian|Knock Off|p2a: Mesprit
|-supereffective|p2a: Mesprit
|-damage|p2a: Mesprit|0 fnt
|-enditem|p2a: Mesprit|Choice Band|[from] move: Knock Off|[of] p1a: Passimian
|faint|p2a: Mesprit
|
|upkeep
|
|t:|1629559051
|switch|p2a: Silvally|Silvally-Steel|76/100
|-damage|p2a: Silvally|70/100|[from] Stealth Rock
|turn|13
|
|t:|1629559058
|switch|p1a: Silvally|Silvally-Ghost|100/100
|-damage|p1a: Silvally|88/100|[from] Stealth Rock
|move|p2a: Silvally|Multi-Attack|p1a: Silvally
|-damage|p1a: Silvally|44/100
|
|upkeep
|turn|14
|
|t:|1629559068
|move|p1a: Silvally|Flame Charge|p2a: Silvally
|-supereffective|p2a: Silvally
|-damage|p2a: Silvally|44/100
|-boost|p1a: Silvally|spe|1
|move|p2a: Silvally|Multi-Attack|p1a: Silvally
|-damage|p1a: Silvally|0 fnt
|faint|p1a: Silvally
|
|upkeep
|l| Gva
|
|t:|1629559080
|switch|p1a: Passimian|Passimian, M|94/100
|-damage|p1a: Passimian|88/100|[from] Stealth Rock
|turn|15
|
|t:|1629559089
|switch|p2a: Wishiwashi|Wishiwashi, F|100/100
|-damage|p2a: Wishiwashi|88/100|[from] Stealth Rock
|-formechange|p2a: Wishiwashi|Wishiwashi-School||[from] ability: Schooling
|move|p1a: Passimian|Knock Off|p2a: Wishiwashi
|-damage|p2a: Wishiwashi|67/100
|-enditem|p2a: Wishiwashi|Leftovers|[from] move: Knock Off|[of] p1a: Passimian
|
|upkeep
|turn|16
|
|t:|1629559098
|switch|p1a: Whimsicott|Whimsicott, M|94/100
|move|p2a: Wishiwashi|U-turn|p1a: Whimsicott
|-damage|p1a: Whimsicott|68/100
|
|t:|1629559105
|switch|p2a: Silvally|Silvally-Steel|44/100|[from]move: U-turn
|-damage|p2a: Silvally|38/100|[from] Stealth Rock
|
|upkeep
|turn|17
|inactive|ZIP_ALIEN has 120 seconds left.
|
|t:|1629559136
|move|p1a: Whimsicott|Moonblast|p2a: Silvally
|-resisted|p2a: Silvally
|-damage|p2a: Silvally|24/100
|move|p2a: Silvally|Multi-Attack|p1a: Whimsicott
|-supereffective|p1a: Whimsicott
|-damage|p1a: Whimsicott|0 fnt
|faint|p1a: Whimsicott
|
|upkeep
|inactive|ZIP_ALIEN has 120 seconds left.
|
|t:|1629559145
|switch|p1a: Passimian|Passimian, M|88/100
|-damage|p1a: Passimian|82/100|[from] Stealth Rock
|turn|18
|
|t:|1629559149
|move|p1a: Passimian|Close Combat|p2a: Silvally
|-supereffective|p2a: Silvally
|-damage|p2a: Silvally|0 fnt
|-unboost|p1a: Passimian|def|1
|-unboost|p1a: Passimian|spd|1
|faint|p2a: Silvally
|
|upkeep
|
|t:|1629559155
|switch|p2a: Wishiwashi|Wishiwashi, F|67/100
|-damage|p2a: Wishiwashi|55/100|[from] Stealth Rock
|-formechange|p2a: Wishiwashi|Wishiwashi-School||[from] ability: Schooling
|turn|19
|c|☆ZIP_ALIEN|Gg
|
|t:|1629559161
|move|p1a: Passimian|Close Combat|p2a: Wishiwashi
|-damage|p2a: Wishiwashi|12/100
|-unboost|p1a: Passimian|def|1
|-unboost|p1a: Passimian|spd|1
|move|p2a: Wishiwashi|Scald|p1a: Passimian
|-damage|p1a: Passimian|0 fnt
|faint|p1a: Passimian
|
|win|tolon tolon
|n|☆ZIP_ALIEN|zipalien
|n|☆tolon tolon|tolontolon
