|j|☆munya u_u
|j|☆so happy world
|t:|1601671627
|player|p1|munya u_u|cynthia|1285
|player|p2|so happy world|102|1278
|teamsize|p1|6
|teamsize|p2|6
|gametype|singles
|gen|8
|tier|[Gen 8] PU
|rated|
|clearpoke
|poke|p1|Lilligant, F|
|poke|p1|Lycanroc-Midnight, M|
|poke|p1|Mawile, M|
|poke|p1|Kadabra, M|
|poke|p1|Heatmor, F|
|poke|p1|Sandslash, M|
|poke|p2|Quagsire, M|
|poke|p2|Corsola-Galar, M|
|poke|p2|Avalugg, F|
|poke|p2|Lickilicky, M|
|poke|p2|Togetic, M|
|poke|p2|Hattrem, F|
|rule|Sleep Clause Mod: Limit one foe put to sleep
|rule|Species Clause: Limit one of each Pokémon
|rule|OHKO Clause: OHKO moves are banned
|rule|Evasion Moves Clause: Evasion moves are banned
|rule|Endless Battle Clause: Forcing endless battles is banned
|rule|HP Percentage Mod: HP is shown in percentages
|rule|Dynamax Clause: You cannot dynamax
|teampreview
|c|☆munya u_u|glhf
|inactive|Battle timer is ON: inactive players will automatically lose when time's up. (requested by so happy world)
|c|☆so happy world|u2
|
|t:|1601671655
|start
|switch|p1a: Kadabra|Kadabra, M|100/100
|switch|p2a: Quagsire|Quagsire, M|100/100
|turn|1
|j| Mrs Fame
|
|t:|1601671664
|switch|p2a: Lickilicky|Lickilicky, M|100/100
|move|p1a: Kadabra|Psychic|p2a: Lickilicky
|-damage|p2a: Lickilicky|61/100
|
|-heal|p2a: Lickilicky|67/100|[from] item: Leftovers
|upkeep
|turn|2
|
|t:|1601671671
|switch|p1a: Mawile|Mawile, M|100/100
|-ability|p1a: Mawile|Intimidate|boost
|-immune|p2a: Lickilicky|[from] ability: Oblivious
|move|p2a: Lickilicky|Wish|p2a: Lickilicky
|
|-heal|p2a: Lickilicky|74/100|[from] item: Leftovers
|upkeep
|turn|3
|
|t:|1601671679
|move|p1a: Mawile|Knock Off|p2a: Lickilicky
|-damage|p2a: Lickilicky|59/100
|-enditem|p2a: Lickilicky|Leftovers|[from] move: Knock Off|[of] p1a: Mawile
|move|p2a: Lickilicky|Knock Off|p1a: Mawile
|-resisted|p1a: Mawile
|-damage|p1a: Mawile|92/100
|-enditem|p1a: Mawile|Leftovers|[from] move: Knock Off|[of] p2a: Lickilicky
|
|-heal|p2a: Lickilicky|100/100|[from] move: Wish|[wisher] Lickilicky
|upkeep
|turn|4
|
|t:|1601671696
|switch|p2a: Hattrem|Hattrem, F|100/100
|move|p1a: Mawile|Toxic|p2a: Hattrem
|move|p2a: Hattrem|Toxic|p1a: Mawile|[from]Magic Bounce
|-immune|p1a: Mawile
|
|upkeep
|turn|5
|j| Saiges ♡
|
|t:|1601671712
|switch|p2a: Quagsire|Quagsire, M|100/100
|move|p1a: Mawile|Toxic|p2a: Quagsire
|-status|p2a: Quagsire|tox
|
|-damage|p2a: Quagsire|94/100 tox|[from] psn
|upkeep
|turn|6
|c| Saiges ♡|GO!!!!!!!!!!!!!!!!
|c| Saiges ♡|munya u_u diva
|
|t:|1601671726
|move|p1a: Mawile|Knock Off|p2a: Quagsire
|-damage|p2a: Quagsire|82/100 tox
|-damage|p1a: Mawile|75/100|[from] item: Rocky Helmet|[of] p2a: Quagsire
|-enditem|p2a: Quagsire|Rocky Helmet|[from] move: Knock Off|[of] p1a: Mawile
|move|p2a: Quagsire|Earthquake|p1a: Mawile
|-supereffective|p1a: Mawile
|-damage|p1a: Mawile|25/100
|
|-damage|p2a: Quagsire|70/100 tox|[from] psn
|upkeep
|turn|7
|
|t:|1601671735
|switch|p1a: Lilligant|Lilligant, F|100/100
|switch|p2a: Hattrem|Hattrem, F|100/100
|
|upkeep
|turn|8
|c|☆munya u_u|omg
|
|t:|1601671751
|switch|p2a: Lickilicky|Lickilicky, M|100/100
|move|p1a: Lilligant|Quiver Dance|p1a: Lilligant
|-boost|p1a: Lilligant|spa|1
|-boost|p1a: Lilligant|spd|1
|-boost|p1a: Lilligant|spe|1
|
|upkeep
|turn|9
|
|t:|1601671758
|move|p1a: Lilligant|Quiver Dance|p1a: Lilligant
|-boost|p1a: Lilligant|spa|1
|-boost|p1a: Lilligant|spd|1
|-boost|p1a: Lilligant|spe|1
|move|p2a: Lickilicky|Toxic|p1a: Lilligant
|-status|p1a: Lilligant|tox
|
|-damage|p1a: Lilligant|94/100 tox|[from] psn
|upkeep
|turn|10
|
|t:|1601671762
|move|p1a: Lilligant|Sleep Powder|p2a: Lickilicky
|-status|p2a: Lickilicky|slp|[from] move: Sleep Powder
|cant|p2a: Lickilicky|slp
|
|-damage|p1a: Lilligant|82/100 tox|[from] psn
|upkeep
|turn|11
|
|t:|1601671768
|switch|p2a: Togetic|Togetic, M|100/100
|move|p1a: Lilligant|Giga Drain|p2a: Togetic
|-resisted|p2a: Togetic
|-crit|p2a: Togetic
|-damage|p2a: Togetic|56/100
|-heal|p1a: Lilligant|100/100 tox|[from] drain|[of] p2a: Togetic
|-damage|p1a: Lilligant|91/100 tox|[from] item: Life Orb
|
|-damage|p1a: Lilligant|72/100 tox|[from] psn
|upkeep
|turn|12
|
|t:|1601671775
|switch|p1a: Mawile|Mawile, M|25/100
|-ability|p1a: Mawile|Intimidate|boost
|-unboost|p2a: Togetic|atk|1
|move|p2a: Togetic|Roost|p2a: Togetic
|-heal|p2a: Togetic|100/100
|-singleturn|p2a: Togetic|move: Roost
|
|upkeep
|turn|13
|
|t:|1601671791
|switch|p1a: Lilligant|Lilligant, F|72/100 tox
|switch|p2a: Quagsire|Quagsire, M|70/100 tox
|
|-damage|p1a: Lilligant|66/100 tox|[from] psn
|-damage|p2a: Quagsire|63/100 tox|[from] psn
|upkeep
|turn|14
|
|t:|1601671799
|switch|p1a: Lycanroc|Lycanroc-Midnight, M|100/100
|switch|p2a: Togetic|Togetic, M|100/100
|
|upkeep
|turn|15
|
|t:|1601671807
|switch|p2a: Quagsire|Quagsire, M|63/100 tox
|move|p1a: Lycanroc|Stone Edge|p2a: Quagsire
|-resisted|p2a: Quagsire
|-damage|p2a: Quagsire|39/100 tox
|
|-damage|p2a: Quagsire|33/100 tox|[from] psn
|upkeep
|turn|16
|
|t:|1601671813
|switch|p1a: Mawile|Mawile, M|25/100
|-ability|p1a: Mawile|Intimidate|boost
|-unboost|p2a: Quagsire|atk|1
|move|p2a: Quagsire|Recover|p2a: Quagsire
|-heal|p2a: Quagsire|83/100 tox
|
|-damage|p2a: Quagsire|71/100 tox|[from] psn
|upkeep
|turn|17
|
|t:|1601671820
|switch|p1a: Sandslash|Sandslash, M|100/100
|switch|p2a: Hattrem|Hattrem, F|100/100
|
|upkeep
|turn|18
|
|t:|1601671827
|switch|p2a: Avalugg|Avalugg, F|100/100
|move|p1a: Sandslash|Knock Off|p2a: Avalugg
|-damage|p2a: Avalugg|92/100
|-enditem|p2a: Avalugg|Heavy-Duty Boots|[from] move: Knock Off|[of] p1a: Sandslash
|
|upkeep
|turn|19
|
|t:|1601671832
|move|p1a: Sandslash|Stealth Rock|p2a: Avalugg
|-sidestart|p2: so happy world|move: Stealth Rock
|move|p2a: Avalugg|Avalanche|p1a: Sandslash
|-supereffective|p1a: Sandslash
|-damage|p1a: Sandslash|67/100
|
|-heal|p1a: Sandslash|73/100|[from] item: Leftovers
|upkeep
|turn|20
|
|t:|1601671837
|switch|p1a: Kadabra|Kadabra, M|100/100
|move|p2a: Avalugg|Rapid Spin|p1a: Kadabra
|-damage|p1a: Kadabra|54/100
|-boost|p2a: Avalugg|spe|1
|-sideend|p2: so happy world|Stealth Rock|[from] move: Rapid Spin|[of] p2a: Avalugg
|
|upkeep
|turn|21
|
|t:|1601671848
|switch|p2a: Hattrem|Hattrem, F|100/100
|move|p1a: Kadabra|Trick|p2a: Hattrem
|-activate|p1a: Kadabra|move: Trick|[of] p2a: Hattrem
|-item|p2a: Hattrem|Choice Specs|[from] move: Trick
|-item|p1a: Kadabra|Eviolite|[from] move: Trick
|
|upkeep
|turn|22
|j| Meujeuh
|c| Saiges ♡|we are the lovesick girls.
|
|t:|1601671861
|switch|p2a: Lickilicky|Lickilicky, M|100/100 slp
|move|p1a: Kadabra|Shadow Ball|p2a: Lickilicky
|-immune|p2a: Lickilicky
|
|upkeep
|turn|23
|
|t:|1601671865
|switch|p1a: Lycanroc|Lycanroc-Midnight, M|100/100
|cant|p2a: Lickilicky|slp
|
|upkeep
|turn|24
|
|t:|1601671872
|switch|p2a: Corsola|Corsola-Galar, M|100/100
|move|p1a: Lycanroc|Close Combat|p2a: Corsola
|-immune|p2a: Corsola
|
|upkeep
|turn|25
|
|t:|1601671878
|switch|p1a: Heatmor|Heatmor, F|100/100
|move|p2a: Corsola|Stealth Rock|p1a: Heatmor
|-sidestart|p1: munya u_u|move: Stealth Rock
|
|upkeep
|turn|26
|
|t:|1601671890
|move|p1a: Heatmor|Substitute|p1a: Heatmor
|-start|p1a: Heatmor|Substitute
|-damage|p1a: Heatmor|76/100
|move|p2a: Corsola|Hex|p1a: Heatmor
|-activate|p1a: Heatmor|move: Substitute|[damage]
|
|-heal|p1a: Heatmor|82/100|[from] item: Leftovers
|upkeep
|turn|27
|
|t:|1601671895
|move|p1a: Heatmor|Fire Lash|p2a: Corsola
|-damage|p2a: Corsola|76/100
|-unboost|p2a: Corsola|def|1
|move|p2a: Corsola|Hex|p1a: Heatmor
|-end|p1a: Heatmor|Substitute
|
|-heal|p1a: Heatmor|88/100|[from] item: Leftovers
|upkeep
|turn|28
|
|t:|1601671902
|switch|p2a: Hattrem|Hattrem, F|100/100
|move|p1a: Heatmor|Toxic|p2a: Hattrem
|move|p2a: Hattrem|Toxic|p1a: Heatmor|[from]Magic Bounce
|-status|p1a: Heatmor|tox
|
|-heal|p1a: Heatmor|94/100 tox|[from] item: Leftovers
|-damage|p1a: Heatmor|88/100 tox|[from] psn
|upkeep
|turn|29
|
|t:|1601671918
|switch|p1a: Sandslash|Sandslash, M|73/100
|-damage|p1a: Sandslash|67/100|[from] Stealth Rock
|move|p2a: Hattrem|Psychic|p1a: Sandslash
|-damage|p1a: Sandslash|0 fnt
|faint|p1a: Sandslash
|
|upkeep
|c|☆so happy world|gg
|
|t:|1601671930
|switch|p1a: Lycanroc|Lycanroc-Midnight, M|100/100
|-damage|p1a: Lycanroc|88/100|[from] Stealth Rock
|turn|30
|
|t:|1601671936
|switch|p2a: Corsola|Corsola-Galar, M|76/100
|move|p1a: Lycanroc|Stone Edge|p2a: Corsola
|-crit|p2a: Corsola
|-damage|p2a: Corsola|0 fnt
|faint|p2a: Corsola
|
|upkeep
|
|t:|1601671942
|switch|p2a: Quagsire|Quagsire, M|71/100 tox
|turn|31
|c|☆munya u_u|the game isn't over yet sis
|
|t:|1601671951
|switch|p1a: Mawile|Mawile, M|25/100
|-damage|p1a: Mawile|19/100|[from] Stealth Rock
|-ability|p1a: Mawile|Intimidate|boost
|-unboost|p2a: Quagsire|atk|1
|move|p2a: Quagsire|Earthquake|p1a: Mawile
|-supereffective|p1a: Mawile
|-damage|p1a: Mawile|0 fnt
|faint|p1a: Mawile
|
|-damage|p2a: Quagsire|65/100 tox|[from] psn
|upkeep
|
|t:|1601671970
|switch|p1a: Lycanroc|Lycanroc-Midnight, M|88/100
|-damage|p1a: Lycanroc|76/100|[from] Stealth Rock
|turn|32
|c| Saiges ♡|one pokemon died and sis said gg
|
|t:|1601671985
|move|p1a: Lycanroc|Stone Edge|p2a: Quagsire
|-resisted|p2a: Quagsire
|-damage|p2a: Quagsire|41/100 tox
|move|p2a: Quagsire|Recover|p2a: Quagsire
|-heal|p2a: Quagsire|91/100 tox
|
|-damage|p2a: Quagsire|79/100 tox|[from] psn
|upkeep
|turn|33
|
|t:|1601671989
|switch|p1a: Lilligant|Lilligant, F|66/100 tox
|-damage|p1a: Lilligant|54/100 tox|[from] Stealth Rock
|move|p2a: Quagsire|Earthquake|p1a: Lilligant
|-resisted|p1a: Lilligant
|-damage|p1a: Lilligant|39/100 tox
|
|-damage|p1a: Lilligant|33/100 tox|[from] psn
|-damage|p2a: Quagsire|60/100 tox|[from] psn
|upkeep
|turn|34
|
|t:|1601671997
|switch|p1a: Lycanroc|Lycanroc-Midnight, M|76/100
|-damage|p1a: Lycanroc|64/100|[from] Stealth Rock
|switch|p2a: Togetic|Togetic, M|100/100
|
|upkeep
|turn|35
|
|t:|1601672007
|switch|p2a: Avalugg|Avalugg, F|92/100
|move|p1a: Lycanroc|Play Rough|p2a: Avalugg
|-damage|p2a: Avalugg|75/100
|
|upkeep
|turn|36
|
|t:|1601672012
|switch|p1a: Heatmor|Heatmor, F|88/100 tox
|-damage|p1a: Heatmor|63/100 tox|[from] Stealth Rock
|move|p2a: Avalugg|Body Press|p1a: Heatmor
|-damage|p1a: Heatmor|5/100 tox
|
|-heal|p1a: Heatmor|11/100 tox|[from] item: Leftovers
|-damage|p1a: Heatmor|5/100 tox|[from] psn
|upkeep
|turn|37
|c|☆so happy world|as i said
|c|☆so happy world|gg
|
|t:|1601672031
|switch|p2a: Togetic|Togetic, M|100/100
|move|p1a: Heatmor|Fire Lash|p2a: Togetic
|-crit|p2a: Togetic
|-damage|p2a: Togetic|70/100
|-unboost|p2a: Togetic|def|1
|
|-heal|p1a: Heatmor|11/100 tox|[from] item: Leftovers
|-damage|p1a: Heatmor|0 fnt|[from] psn
|faint|p1a: Heatmor
|upkeep
|
|t:|1601672039
|switch|p1a: Lycanroc|Lycanroc-Midnight, M|64/100
|-damage|p1a: Lycanroc|52/100|[from] Stealth Rock
|turn|38
|
|t:|1601672054
|switch|p2a: Avalugg|Avalugg, F|75/100
|move|p1a: Lycanroc|Stone Edge|p2a: Avalugg
|-supereffective|p2a: Avalugg
|-damage|p2a: Avalugg|15/100
|
|upkeep
|turn|39
|c|☆munya u_u|as i said, the game isn't over yet
|
|t:|1601672061
|move|p1a: Lycanroc|Stone Edge|p2a: Avalugg
|-supereffective|p2a: Avalugg
|-damage|p2a: Avalugg|0 fnt
|faint|p2a: Avalugg
|
|upkeep
|
|t:|1601672062
|switch|p2a: Quagsire|Quagsire, M|60/100 tox
|turn|40
|
|t:|1601672066
|switch|p1a: Kadabra|Kadabra, M|54/100
|move|p2a: Quagsire|Earthquake|p1a: Kadabra
|-damage|p1a: Kadabra|0 fnt
|faint|p1a: Kadabra
|
|-damage|p2a: Quagsire|54/100 tox|[from] psn
|upkeep
|
|t:|1601672070
|switch|p1a: Lilligant|Lilligant, F|33/100 tox
|-damage|p1a: Lilligant|20/100 tox|[from] Stealth Rock
|turn|41
|
|t:|1601672074
|switch|p1a: Lycanroc|Lycanroc-Midnight, M|52/100
|-damage|p1a: Lycanroc|39/100|[from] Stealth Rock
|switch|p2a: Togetic|Togetic, M|70/100
|
|upkeep
|turn|42
|
|t:|1601672081
|switch|p2a: Hattrem|Hattrem, F|100/100
|move|p1a: Lycanroc|Stone Edge|p2a: Hattrem
|-damage|p2a: Hattrem|23/100
|
|upkeep
|turn|43
|
|t:|1601672085
|move|p1a: Lycanroc|Stone Edge|p2a: Hattrem
|-damage|p2a: Hattrem|0 fnt
|faint|p2a: Hattrem
|
|upkeep
|
|t:|1601672087
|switch|p2a: Quagsire|Quagsire, M|54/100 tox
|turn|44
|
|t:|1601672092
|switch|p1a: Lilligant|Lilligant, F|20/100 tox
|-damage|p1a: Lilligant|8/100 tox|[from] Stealth Rock
|move|p2a: Quagsire|Earthquake|p1a: Lilligant
|-resisted|p1a: Lilligant
|-damage|p1a: Lilligant|0 fnt
|faint|p1a: Lilligant
|
|-damage|p2a: Quagsire|48/100 tox|[from] psn
|upkeep
|
|t:|1601672095
|switch|p1a: Lycanroc|Lycanroc-Midnight, M|39/100
|-damage|p1a: Lycanroc|27/100|[from] Stealth Rock
|turn|45
|
|t:|1601672100
|switch|p2a: Lickilicky|Lickilicky, M|100/100 slp
|move|p1a: Lycanroc|Play Rough|p2a: Lickilicky
|-damage|p2a: Lickilicky|66/100 slp
|
|upkeep
|turn|46
|c|☆so happy world|gg
|c|☆so happy world|once more
|
|t:|1601672109
|move|p1a: Lycanroc|Play Rough|p2a: Lickilicky
|-damage|p2a: Lickilicky|31/100 slp
|-curestatus|p2a: Lickilicky|slp|[msg]
|move|p2a: Lickilicky|Wish|p2a: Lickilicky
|
|upkeep
|turn|47
|c|☆munya u_u|gg
|-message|munya u_u forfeited.
|
|win|so happy world
|l|☆munya u_u
