|j|☆Tintincpajouer
|j|☆one of the bouys
|t:|1633179187
|gametype|singles
|player|p1|Tintincpajouer|2|1179
|player|p2|one of the bouys|clown|1445
|teamsize|p1|6
|teamsize|p2|6
|gen|8
|tier|[Gen 8] PU
|rated|
|rule|Sleep Clause Mod: Limit one foe put to sleep
|rule|Species Clause: Limit one of each Pokémon
|rule|OHKO Clause: OHKO moves are banned
|rule|Evasion Moves Clause: Evasion moves are banned
|rule|Endless Battle Clause: Forcing endless battles is banned
|rule|HP Percentage Mod: HP is shown in percentages
|rule|Dynamax Clause: You cannot dynamax
|clearpoke
|poke|p1|Flapple, M|
|poke|p1|Aggron, M|
|poke|p1|Haunter, F|
|poke|p1|Swoobat, M|
|poke|p1|Hitmonlee, M|
|poke|p1|Froslass, F|
|poke|p2|Flapple, F|
|poke|p2|Lunatone|
|poke|p2|Stunfisk-Galar, F|
|poke|p2|Cryogonal|
|poke|p2|Quagsire, M|
|poke|p2|Charizard, F|
|teampreview
|c|☆Tintincpajouer|hf
|j| ii77
|c|☆one of the bouys|u 2
|inactive|Battle timer is ON: inactive players will automatically lose when time's up. (requested by Tintincpajouer)
|
|t:|1633179206
|start
|switch|p1a: Froslass|Froslass, F|100/100
|switch|p2a: Charizard|Charizard, F|100/100
|turn|1
|
|t:|1633179215
|move|p1a: Froslass|Spikes|p2a: Charizard
|-sidestart|p2: one of the bouys|Spikes
|move|p2a: Charizard|Flamethrower|p1a: Froslass
|-supereffective|p1a: Froslass
|-enditem|p1a: Froslass|Focus Sash
|-damage|p1a: Froslass|1/100
|-start|p2a: Charizard|Disable|Flamethrower|[from] ability: Cursed Body|[of] p1a: Froslass
|
|upkeep
|turn|2
|
|t:|1633179224
|move|p1a: Froslass|Spikes|p2a: Charizard
|-sidestart|p2: one of the bouys|Spikes
|move|p2a: Charizard|Toxic|p1a: Froslass
|-status|p1a: Froslass|tox
|
|-damage|p1a: Froslass|0 fnt|[from] psn
|faint|p1a: Froslass
|upkeep
|
|t:|1633179233
|switch|p1a: Flapple|Flapple, M|100/100
|turn|3
|
|t:|1633179238
|move|p2a: Charizard|Hurricane|p1a: Flapple|[miss]
|-miss|p2a: Charizard|p1a: Flapple
|move|p1a: Flapple|Dragon Dance|p1a: Flapple
|-boost|p1a: Flapple|atk|1
|-boost|p1a: Flapple|spe|1
|
|upkeep
|turn|4
|
|t:|1633179247
|move|p1a: Flapple|Outrage|p2a: Charizard
|-damage|p2a: Charizard|0 fnt
|faint|p2a: Charizard
|-damage|p1a: Flapple|91/100|[from] item: Life Orb
|
|upkeep
|
|t:|1633179253
|switch|p2a: Stunfisk|Stunfisk-Galar, F|100/100
|-damage|p2a: Stunfisk|84/100|[from] Spikes
|turn|5
|
|t:|1633179258
|move|p1a: Flapple|Outrage|p2a: Stunfisk|[from]lockedmove
|-resisted|p2a: Stunfisk
|-damage|p2a: Stunfisk|6/100
|-damage|p1a: Flapple|81/100|[from] item: Life Orb
|-start|p1a: Flapple|confusion|[fatigue]
|move|p2a: Stunfisk|Yawn|p1a: Flapple
|-start|p1a: Flapple|move: Yawn|[of] p2a: Stunfisk
|
|-heal|p2a: Stunfisk|12/100|[from] item: Leftovers
|upkeep
|turn|6
|j| Nesnot
|
|t:|1633179269
|switch|p1a: Swoobat|Swoobat, M|100/100
|move|p2a: Stunfisk|Pain Split|p1a: Swoobat
|-sethp|p1a: Swoobat|59/100|[from] move: Pain Split|[silent]
|-sethp|p2a: Stunfisk|39/100|[from] move: Pain Split
|
|-heal|p2a: Stunfisk|45/100|[from] item: Leftovers
|upkeep
|turn|7
|
|t:|1633179280
|move|p1a: Swoobat|Air Slash|p2a: Stunfisk
|-resisted|p2a: Stunfisk
|-damage|p2a: Stunfisk|36/100
|move|p2a: Stunfisk|Yawn|p1a: Swoobat
|-start|p1a: Swoobat|move: Yawn|[of] p2a: Stunfisk
|
|-heal|p2a: Stunfisk|42/100|[from] item: Leftovers
|upkeep
|turn|8
|
|t:|1633179289
|switch|p1a: Haunter|Haunter, F|100/100
|move|p2a: Stunfisk|Snap Trap|p1a: Haunter
|-resisted|p1a: Haunter
|-damage|p1a: Haunter|92/100
|-activate|p1a: Haunter|move: Snap Trap|[of] p2a: Stunfisk
|
|-heal|p2a: Stunfisk|49/100|[from] item: Leftovers
|-damage|p1a: Haunter|79/100|[from] move: Snap Trap|[partiallytrapped]
|upkeep
|turn|9
|
|t:|1633179308
|switch|p2a: Cryogonal|Cryogonal|100/100
|move|p1a: Haunter|Shadow Ball|p2a: Cryogonal
|-damage|p2a: Cryogonal|62/100
|
|-end|p1a: Haunter|Snap Trap|[partiallytrapped]|[silent]
|upkeep
|turn|10
|
|t:|1633179314
|move|p1a: Haunter|Shadow Ball|p2a: Cryogonal
|-damage|p2a: Cryogonal|26/100
|-unboost|p2a: Cryogonal|spd|1
|move|p2a: Cryogonal|Ice Beam|p1a: Haunter
|-damage|p1a: Haunter|0 fnt
|faint|p1a: Haunter
|
|upkeep
|
|t:|1633179324
|switch|p1a: Hitmonlee|Hitmonlee, M|100/100
|turn|11
|
|t:|1633179327
|switch|p2a: Quagsire|Quagsire, M|100/100
|move|p1a: Hitmonlee|Mach Punch|p2a: Quagsire
|-crit|p2a: Quagsire
|-damage|p2a: Quagsire|67/100
|
|upkeep
|turn|12
|
|t:|1633179333
|switch|p1a: Swoobat|Swoobat, M|59/100
|move|p2a: Quagsire|Recover|p2a: Quagsire
|-heal|p2a: Quagsire|100/100
|
|upkeep
|turn|13
|
|t:|1633179338
|switch|p2a: Lunatone|Lunatone|100/100
|move|p1a: Swoobat|Air Slash|p2a: Lunatone
|-resisted|p2a: Lunatone
|-damage|p2a: Lunatone|85/100
|
|-heal|p2a: Lunatone|91/100|[from] item: Leftovers
|upkeep
|turn|14
|
|t:|1633179347
|switch|p1a: Aggron|Aggron, M|100/100
|move|p2a: Lunatone|Future Sight|p1a: Aggron
|-start|p2a: Lunatone|move: Future Sight
|
|-heal|p2a: Lunatone|97/100|[from] item: Leftovers
|upkeep
|turn|15
|
|t:|1633179356
|switch|p2a: Stunfisk|Stunfisk-Galar, F|49/100
|-damage|p2a: Stunfisk|32/100|[from] Spikes
|switch|p1a: Flapple|Flapple, M|81/100
|
|-heal|p2a: Stunfisk|38/100|[from] item: Leftovers
|upkeep
|turn|16
|
|t:|1633179363
|move|p1a: Flapple|Grav Apple|p2a: Stunfisk
|-damage|p2a: Stunfisk|0 fnt
|faint|p2a: Stunfisk
|-damage|p1a: Flapple|71/100|[from] item: Life Orb
|
|-end|p1a: Flapple|move: Future Sight
|-damage|p1a: Flapple|0 fnt
|faint|p1a: Flapple
|upkeep
|
|t:|1633179373
|switch|p1a: Hitmonlee|Hitmonlee, M|100/100
|switch|p2a: Quagsire|Quagsire, M|100/100
|turn|17
|
|t:|1633179378
|move|p1a: Hitmonlee|High Jump Kick|p2a: Quagsire
|-damage|p2a: Quagsire|7/100
|move|p2a: Quagsire|Toxic|p1a: Hitmonlee
|-status|p1a: Hitmonlee|tox
|
|-damage|p1a: Hitmonlee|94/100 tox|[from] psn
|upkeep
|turn|18
|
|t:|1633179386
|switch|p1a: Swoobat|Swoobat, M|59/100
|move|p2a: Quagsire|Recover|p2a: Quagsire
|-heal|p2a: Quagsire|57/100
|
|upkeep
|turn|19
|
|t:|1633179391
|switch|p2a: Lunatone|Lunatone|97/100
|move|p1a: Swoobat|Air Slash|p2a: Lunatone
|-resisted|p2a: Lunatone
|-damage|p2a: Lunatone|81/100
|
|-heal|p2a: Lunatone|87/100|[from] item: Leftovers
|upkeep
|turn|20
|
|t:|1633179398
|switch|p1a: Aggron|Aggron, M|100/100
|move|p2a: Lunatone|Power Gem|p1a: Aggron
|-resisted|p1a: Aggron
|-damage|p1a: Aggron|78/100
|
|-heal|p2a: Lunatone|93/100|[from] item: Leftovers
|-heal|p1a: Aggron|84/100|[from] item: Leftovers
|upkeep
|turn|21
|
|t:|1633179408
|move|p2a: Lunatone|Future Sight|p1a: Aggron
|-start|p2a: Lunatone|move: Future Sight
|move|p1a: Aggron|Stealth Rock|p2a: Lunatone
|-sidestart|p2: one of the bouys|move: Stealth Rock
|
|-heal|p2a: Lunatone|99/100|[from] item: Leftovers
|-heal|p1a: Aggron|90/100|[from] item: Leftovers
|upkeep
|turn|22
|
|t:|1633179416
|switch|p2a: Quagsire|Quagsire, M|57/100
|move|p1a: Aggron|Iron Head|p2a: Quagsire
|-resisted|p2a: Quagsire
|-damage|p2a: Quagsire|45/100
|
|-heal|p1a: Aggron|96/100|[from] item: Leftovers
|upkeep
|turn|23
|
|t:|1633179424
|move|p1a: Aggron|Iron Head|p2a: Quagsire
|-resisted|p2a: Quagsire
|-damage|p2a: Quagsire|32/100
|move|p2a: Quagsire|Recover|p2a: Quagsire
|-heal|p2a: Quagsire|82/100
|
|-end|p1a: Aggron|move: Future Sight
|-resisted|p1a: Aggron
|-damage|p1a: Aggron|61/100
|-heal|p1a: Aggron|67/100|[from] item: Leftovers
|upkeep
|turn|24
|
|t:|1633179434
|switch|p1a: Swoobat|Swoobat, M|59/100
|move|p2a: Quagsire|Earthquake|p1a: Swoobat
|-immune|p1a: Swoobat
|
|upkeep
|turn|25
|
|t:|1633179446
|switch|p1a: Hitmonlee|Hitmonlee, M|94/100 tox
|move|p2a: Quagsire|Toxic|p1a: Hitmonlee|[miss]
|-miss|p2a: Quagsire|p1a: Hitmonlee
|
|-damage|p1a: Hitmonlee|88/100 tox|[from] psn
|upkeep
|turn|26
|
|t:|1633179461
|switch|p2a: Cryogonal|Cryogonal|26/100
|move|p1a: Hitmonlee|High Jump Kick|p2a: Cryogonal
|-supereffective|p2a: Cryogonal
|-damage|p2a: Cryogonal|0 fnt
|faint|p2a: Cryogonal
|
|-damage|p1a: Hitmonlee|76/100 tox|[from] psn
|upkeep
|
|t:|1633179465
|switch|p2a: Flapple|Flapple, F|100/100
|-damage|p2a: Flapple|88/100|[from] Stealth Rock
|-damage|p2a: Flapple|72/100|[from] Spikes
|turn|27
|
|t:|1633179473
|move|p2a: Flapple|Sucker Punch|p1a: Hitmonlee|[miss]
|-miss|p2a: Flapple|p1a: Hitmonlee
|move|p1a: Hitmonlee|High Jump Kick|p2a: Flapple
|-damage|p2a: Flapple|0 fnt
|faint|p2a: Flapple
|
|-damage|p1a: Hitmonlee|57/100 tox|[from] psn
|upkeep
|l| Nesnot
|c|☆one of the bouys|ofc
|c|☆Tintincpajouer|sorry for hax
|
|t:|1633179484
|switch|p2a: Lunatone|Lunatone|99/100
|-damage|p2a: Lunatone|86/100|[from] Stealth Rock
|turn|28
|
|t:|1633179490
|move|p1a: Hitmonlee|High Jump Kick|p2a: Lunatone
|-damage|p2a: Lunatone|0 fnt
|faint|p2a: Lunatone
|
|-damage|p1a: Hitmonlee|32/100 tox|[from] psn
|upkeep
|
|t:|1633179492
|switch|p2a: Quagsire|Quagsire, M|82/100
|turn|29
|
|t:|1633179498
|move|p1a: Hitmonlee|High Jump Kick|p2a: Quagsire
|-damage|p2a: Quagsire|0 fnt
|faint|p2a: Quagsire
|
|win|Tintincpajouer
|raw|Tintincpajouer's rating: 1179 &rarr; <strong>1220</strong><br />(+41 for winning)
|raw|one of the bouys's rating: 1445 &rarr; <strong>1412</strong><br />(-33 for losing)
|l|☆one of the bouys
|c|☆Tintincpajouer|gg
