|raw|<div class="broadcast-blue"><strong>This battle is required to be public due to a player having a name starting with 'pult4t2'.</div>
|j|☆Barzabb
|j|☆PULT4T2 eifo
|t:|1661191406
|gametype|singles
|player|p1|Barzabb|170|1327
|player|p2|PULT4T2 eifo|camper|1538
|teamsize|p1|6
|teamsize|p2|6
|gen|8
|tier|[Gen 8] PU
|rated|
|rule|Sleep Clause Mod: Limit one foe put to sleep
|rule|Species Clause: Limit one of each Pokémon
|rule|OHKO Clause: OHKO moves are banned
|rule|Evasion Items Clause: Evasion items are banned
|rule|Evasion Moves Clause: Evasion moves are banned
|rule|Endless Battle Clause: Forcing endless battles is banned
|rule|HP Percentage Mod: HP is shown in percentages
|rule|Dynamax Clause: You cannot dynamax
|clearpoke
|poke|p1|Basculin-Blue-Striped, M|
|poke|p1|Glaceon, F|
|poke|p1|Musharna, F|
|poke|p1|Stunfisk, M|
|poke|p1|Unfezant, M|
|poke|p1|Torracat, M|
|poke|p2|Scyther, F|
|poke|p2|Jellicent, M|
|poke|p2|Audino, M|
|poke|p2|Sandslash, F|
|poke|p2|Aggron, M|
|poke|p2|Comfey, F|
|teampreview
|inactive|Battle timer is ON: inactive players will automatically lose when time's up. (requested by Barzabb)
|
|t:|1661191428
|start
|switch|p1a: Torracat|Torracat, M|100/100
|switch|p2a: Audino|Audino, M|100/100
|-ability|p1a: Torracat|Intimidate|boost
|-unboost|p2a: Audino|atk|1
|turn|1
|
|t:|1661191432
|move|p2a: Audino|Protect|p2a: Audino
|-singleturn|p2a: Audino|Protect
|move|p1a: Torracat|Taunt|p2a: Audino
|-activate|p2a: Audino|move: Protect
|
|upkeep
|turn|2
|
|t:|1661191441
|move|p1a: Torracat|Parting Shot|p2a: Audino
|-unboost|p2a: Audino|atk|1
|-unboost|p2a: Audino|spa|1
|
|t:|1661191444
|switch|p1a: Musharna|Musharna, F, shiny|100/100|[from]move: Parting Shot
|move|p2a: Audino|Knock Off|p1a: Musharna
|-supereffective|p1a: Musharna
|-damage|p1a: Musharna|92/100
|-enditem|p1a: Musharna|Leftovers|[from] move: Knock Off|[of] p2a: Audino
|
|upkeep
|turn|3
|
|t:|1661191455
|switch|p2a: Aggron|Aggron, M|100/100
|move|p1a: Musharna|Calm Mind|p1a: Musharna
|-boost|p1a: Musharna|spa|1
|-boost|p1a: Musharna|spd|1
|
|upkeep
|turn|4
|
|t:|1661191460
|switch|p1a: Stunfisk|Stunfisk, M, shiny|100/100
|move|p2a: Aggron|Stealth Rock|p1a: Stunfisk
|-sidestart|p1: Barzabb|move: Stealth Rock
|
|upkeep
|turn|5
|j| rklellelele
|
|t:|1661191466
|switch|p2a: Sandslash|Sandslash, F|100/100
|move|p1a: Stunfisk|Stealth Rock|p2a: Sandslash
|-sidestart|p2: PULT4T2 eifo|move: Stealth Rock
|
|upkeep
|turn|6
|
|t:|1661191473
|switch|p1a: Torracat|Torracat, M|100/100
|-ability|p1a: Torracat|Intimidate|boost
|-unboost|p2a: Sandslash|atk|1
|move|p2a: Sandslash|Earthquake|p1a: Torracat
|-supereffective|p1a: Torracat
|-damage|p1a: Torracat|14/100
|
|upkeep
|turn|7
|l|rklellelele
|
|t:|1661191480
|move|p1a: Torracat|Parting Shot|p2a: Sandslash
|-unboost|p2a: Sandslash|atk|1
|-unboost|p2a: Sandslash|spa|1
|
|t:|1661191483
|switch|p1a: Unfezant|Unfezant, M, shiny|100/100|[from]move: Parting Shot
|move|p2a: Sandslash|Rapid Spin|p1a: Unfezant
|-damage|p1a: Unfezant|92/100
|-boost|p2a: Sandslash|spe|1
|-sideend|p2: PULT4T2 eifo|Stealth Rock|[from] move: Rapid Spin|[of] p2a: Sandslash
|
|upkeep
|turn|8
|
|t:|1661191494
|move|p1a: Unfezant|Defog|p2a: Sandslash
|-unboost|p2a: Sandslash|evasion|1
|-sideend|p1: Barzabb|Stealth Rock|[from] move: Defog|[of] p1a: Unfezant
|move|p2a: Sandslash|Knock Off|p1a: Unfezant
|-damage|p1a: Unfezant|76/100
|-enditem|p1a: Unfezant|Heavy-Duty Boots|[from] move: Knock Off|[of] p2a: Sandslash
|
|upkeep
|turn|9
|
|t:|1661191499
|move|p1a: Unfezant|U-turn|p2a: Sandslash
|-damage|p2a: Sandslash|84/100
|
|t:|1661191517
|switch|p1a: Basculin|Basculin-Blue-Striped, M|100/100|[from]move: U-turn
|move|p2a: Sandslash|Spikes|p1a: Basculin
|-sidestart|p1: Barzabb|Spikes
|
|-heal|p2a: Sandslash|91/100|[from] item: Leftovers
|upkeep
|turn|10
|
|t:|1661191521
|switch|p2a: Audino|Audino, M|100/100
|move|p1a: Basculin|Crunch|p2a: Audino
|-damage|p2a: Audino|69/100
|
|upkeep
|turn|11
|-message|Barzabb forfeited.
|
|win|PULT4T2 eifo
|raw|Barzabb's rating: 1327 &rarr; <strong>1318</strong><br />(-9 for losing)
|raw|PULT4T2 eifo's rating: 1538 &rarr; <strong>1547</strong><br />(+9 for winning)
|l|☆Barzabb
|c|☆PULT4T2 eifo|gg
|l|☆PULT4T2 eifo
