|html|<div class="broadcast-blue"><strong>[Gen 8] PU is currently suspecting Virizion! For information on how to participate check out the <a href="https://www.smogon.com/forums/threads/np-pu-stage-4-and-justice-for-all-virizion-suspect-test.3676543/">suspect thread</a>.</strong></div>
|j|☆vst sankara
|j|☆Testpu12
|t:|1612057080
|player|p1|vst sankara|kimonogirl-gen2|1463
|player|p2|Testpu12|lucas|1393
|teamsize|p1|6
|teamsize|p2|6
|gametype|singles
|gen|8
|tier|[Gen 8] PU
|rated|
|clearpoke
|poke|p1|Arctovish|
|poke|p1|Vanilluxe, F|
|poke|p1|Hitmontop, M|
|poke|p1|Sandaconda, M|
|poke|p1|Heliolisk, M|
|poke|p1|Talonflame, M|
|poke|p2|Aromatisse, M|
|poke|p2|Vaporeon, F|
|poke|p2|Garbodor, F|
|poke|p2|Braviary, M|
|poke|p2|Palossand, F|
|poke|p2|Hitmonlee, M|
|rule|Sleep Clause Mod: Limit one foe put to sleep
|rule|Species Clause: Limit one of each Pokémon
|rule|OHKO Clause: OHKO moves are banned
|rule|Evasion Moves Clause: Evasion moves are banned
|rule|Endless Battle Clause: Forcing endless battles is banned
|rule|HP Percentage Mod: HP is shown in percentages
|rule|Dynamax Clause: You cannot dynamax
|teampreview
|
|t:|1612057085
|start
|switch|p1a: Vanilluxe|Vanilluxe, F|100/100
|switch|p2a: Hitmonlee|Hitmonlee, M|100/100
|-weather|Hail|[from] ability: Snow Warning|[of] p1a: Vanilluxe
|turn|1
|inactive|Battle timer is ON: inactive players will automatically lose when time's up. (requested by Testpu12)
|
|t:|1612057099
|switch|p1a: Sandaconda|Sandaconda, M|100/100
|move|p2a: Hitmonlee|High Jump Kick|p1a: Sandaconda
|-damage|p1a: Sandaconda|54/100
|-damage|p2a: Hitmonlee|84/100|[from] item: Rocky Helmet|[of] p1a: Sandaconda
|
|-weather|Hail|[upkeep]
|-damage|p2a: Hitmonlee|78/100|[from] Hail
|-damage|p1a: Sandaconda|48/100|[from] Hail
|upkeep
|turn|2
|
|t:|1612057113
|move|p2a: Hitmonlee|High Jump Kick|p1a: Sandaconda
|-damage|p1a: Sandaconda|1/100
|-damage|p2a: Hitmonlee|61/100|[from] item: Rocky Helmet|[of] p1a: Sandaconda
|move|p1a: Sandaconda|Rest|p1a: Sandaconda
|-status|p1a: Sandaconda|slp|[from] move: Rest
|-heal|p1a: Sandaconda|100/100 slp|[silent]
|
|-weather|Hail|[upkeep]
|-damage|p2a: Hitmonlee|55/100|[from] Hail
|-damage|p1a: Sandaconda|94/100 slp|[from] Hail
|-activate|p1a: Sandaconda|ability: Shed Skin
|-curestatus|p1a: Sandaconda|slp|[msg]
|upkeep
|turn|3
|
|t:|1612057121
|switch|p2a: Vaporeon|Vaporeon, F|100/100
|move|p1a: Sandaconda|Earthquake|p2a: Vaporeon
|-damage|p2a: Vaporeon|53/100
|
|-weather|Hail|[upkeep]
|-damage|p2a: Vaporeon|47/100|[from] Hail
|-damage|p1a: Sandaconda|88/100|[from] Hail
|upkeep
|turn|4
|
|t:|1612057130
|switch|p1a: Heliolisk|Heliolisk, M|100/100
|move|p2a: Vaporeon|Ice Beam|p1a: Heliolisk
|-damage|p1a: Heliolisk|42/100
|
|-weather|Hail|[upkeep]
|-damage|p1a: Heliolisk|36/100|[from] Hail
|-damage|p2a: Vaporeon|41/100|[from] Hail
|upkeep
|turn|5
|
|t:|1612057135
|switch|p2a: Palossand|Palossand, F|100/100
|move|p1a: Heliolisk|Grass Knot|p2a: Palossand
|-supereffective|p2a: Palossand
|-damage|p2a: Palossand|15/100
|
|-weather|none
|-heal|p2a: Palossand|21/100|[from] item: Leftovers
|upkeep
|turn|6
|
|t:|1612057142
|switch|p2a: Garbodor|Garbodor, F|100/100
|move|p1a: Heliolisk|Thunderbolt|p2a: Garbodor
|-damage|p2a: Garbodor|69/100
|
|upkeep
|turn|7
|
|t:|1612057144
|move|p1a: Heliolisk|Volt Switch|p2a: Garbodor
|-damage|p2a: Garbodor|44/100
|
|t:|1612057147
|switch|p1a: Vanilluxe|Vanilluxe, F|100/100|[from]move: Volt Switch
|-weather|Hail|[from] ability: Snow Warning|[of] p1a: Vanilluxe
|move|p2a: Garbodor|Toxic Spikes|p1a: Vanilluxe
|-sidestart|p1: vst sankara|move: Toxic Spikes
|
|-weather|Hail|[upkeep]
|-damage|p2a: Garbodor|38/100|[from] Hail
|upkeep
|turn|8
|
|t:|1612057152
|move|p1a: Vanilluxe|Blizzard|p2a: Garbodor
|-damage|p2a: Garbodor|0 fnt
|faint|p2a: Garbodor
|
|-weather|Hail|[upkeep]
|upkeep
|
|t:|1612057154
|switch|p2a: Hitmonlee|Hitmonlee, M|55/100
|turn|9
|
|t:|1612057158
|switch|p1a: Talonflame|Talonflame, M|100/100
|move|p2a: Hitmonlee|High Jump Kick|p1a: Talonflame
|-resisted|p1a: Talonflame
|-damage|p1a: Talonflame|53/100
|
|-weather|Hail|[upkeep]
|-damage|p2a: Hitmonlee|49/100|[from] Hail
|-damage|p1a: Talonflame|47/100|[from] Hail
|upkeep
|turn|10
|
|t:|1612057164
|move|p2a: Hitmonlee|High Jump Kick|p1a: Talonflame
|-resisted|p1a: Talonflame
|-damage|p1a: Talonflame|0 fnt
|-status|p2a: Hitmonlee|brn|[from] ability: Flame Body|[of] p1a: Talonflame
|faint|p1a: Talonflame
|
|-weather|Hail|[upkeep]
|-damage|p2a: Hitmonlee|42/100 brn|[from] Hail
|-damage|p2a: Hitmonlee|36/100 brn|[from] brn
|upkeep
|
|t:|1612057174
|switch|p1a: Sandaconda|Sandaconda, M|88/100
|-status|p1a: Sandaconda|psn
|turn|11
|
|t:|1612057188
|switch|p2a: Braviary|Braviary, M|100/100
|move|p1a: Sandaconda|Stealth Rock|p2a: Braviary
|-sidestart|p2: Testpu12|move: Stealth Rock
|
|-weather|none
|-damage|p1a: Sandaconda|76/100 psn|[from] psn
|upkeep
|turn|12
|
|t:|1612057192
|move|p2a: Braviary|Substitute|p2a: Braviary
|-start|p2a: Braviary|Substitute
|-damage|p2a: Braviary|76/100
|move|p1a: Sandaconda|Glare||[still]
|-fail|p1a: Sandaconda
|
|-activate|p1a: Sandaconda|ability: Shed Skin
|-curestatus|p1a: Sandaconda|psn|[msg]
|upkeep
|turn|13
|
|t:|1612057197
|switch|p1a: Heliolisk|Heliolisk, M|36/100
|move|p2a: Braviary|Bulk Up|p2a: Braviary
|-boost|p2a: Braviary|atk|1
|-boost|p2a: Braviary|def|1
|
|upkeep
|turn|14
|
|t:|1612057206
|move|p1a: Heliolisk|Volt Switch|p2a: Braviary
|-supereffective|p2a: Braviary
|-end|p2a: Braviary|Substitute
|
|t:|1612057210
|switch|p1a: Vanilluxe|Vanilluxe, F|100/100|[from]move: Volt Switch
|-status|p1a: Vanilluxe|psn
|-weather|Hail|[from] ability: Snow Warning|[of] p1a: Vanilluxe
|move|p2a: Braviary|Brave Bird|p1a: Vanilluxe
|-damage|p1a: Vanilluxe|0 fnt
|-damage|p2a: Braviary|53/100|[from] Recoil
|faint|p1a: Vanilluxe
|
|-weather|Hail|[upkeep]
|-damage|p2a: Braviary|46/100|[from] Hail
|upkeep
|
|t:|1612057212
|switch|p1a: Arctovish|Arctovish|100/100
|-status|p1a: Arctovish|psn
|turn|15
|
|t:|1612057220
|move|p1a: Arctovish|Freeze-Dry|p2a: Braviary
|-supereffective|p2a: Braviary
|-damage|p2a: Braviary|18/100
|move|p2a: Braviary|Brave Bird|p1a: Arctovish
|-damage|p1a: Arctovish|17/100 psn
|-damage|p2a: Braviary|0 fnt|[from] Recoil
|faint|p2a: Braviary
|
|-weather|Hail|[upkeep]
|-damage|p1a: Arctovish|5/100 psn|[from] psn
|upkeep
|
|t:|1612057226
|switch|p2a: Aromatisse|Aromatisse, M|100/100
|-damage|p2a: Aromatisse|88/100|[from] Stealth Rock
|turn|16
|
|t:|1612057232
|switch|p1a: Sandaconda|Sandaconda, M|76/100
|-status|p1a: Sandaconda|psn
|move|p2a: Aromatisse|Moonblast|p1a: Sandaconda
|-damage|p1a: Sandaconda|31/100 psn
|
|-weather|Hail|[upkeep]
|-damage|p1a: Sandaconda|25/100 psn|[from] Hail
|-damage|p2a: Aromatisse|82/100|[from] Hail
|-activate|p1a: Sandaconda|ability: Shed Skin
|-curestatus|p1a: Sandaconda|psn|[msg]
|-heal|p2a: Aromatisse|88/100|[from] item: Leftovers
|upkeep
|turn|17
|
|t:|1612057241
|move|p1a: Sandaconda|Glare|p2a: Aromatisse
|-status|p2a: Aromatisse|par
|move|p2a: Aromatisse|Heal Bell|p2a: Aromatisse
|-activate|p2a: Aromatisse|move: Heal Bell
|-curestatus|p2a: Aromatisse|par|[msg]
|-curestatus|p2: Hitmonlee|brn|[msg]
|
|-weather|Hail|[upkeep]
|-damage|p1a: Sandaconda|19/100|[from] Hail
|-damage|p2a: Aromatisse|82/100|[from] Hail
|-heal|p2a: Aromatisse|88/100|[from] item: Leftovers
|upkeep
|turn|18
|
|t:|1612057248
|move|p1a: Sandaconda|Rest|p1a: Sandaconda
|-status|p1a: Sandaconda|slp|[from] move: Rest
|-heal|p1a: Sandaconda|100/100 slp|[silent]
|move|p2a: Aromatisse|Wish|p2a: Aromatisse
|
|-weather|none
|-heal|p2a: Aromatisse|94/100|[from] item: Leftovers
|upkeep
|turn|19
|
|t:|1612057253
|switch|p2a: Vaporeon|Vaporeon, F|41/100
|-damage|p2a: Vaporeon|28/100|[from] Stealth Rock
|cant|p1a: Sandaconda|slp
|
|-heal|p2a: Vaporeon|79/100|[from] move: Wish|[wisher] Aromatisse
|upkeep
|turn|20
|
|t:|1612057260
|switch|p1a: Heliolisk|Heliolisk, M|36/100
|move|p2a: Vaporeon|Ice Beam|p1a: Heliolisk
|-damage|p1a: Heliolisk|0 fnt
|faint|p1a: Heliolisk
|
|upkeep
|
|t:|1612057265
|switch|p1a: Hitmontop|Hitmontop, M|100/100
|-status|p1a: Hitmontop|psn
|turn|21
|
|t:|1612057272
|switch|p2a: Palossand|Palossand, F|21/100
|-damage|p2a: Palossand|15/100|[from] Stealth Rock
|move|p1a: Hitmontop|Triple Axel|p2a: Palossand|[miss]
|-miss|p1a: Hitmontop|p2a: Palossand
|
|-heal|p2a: Palossand|21/100|[from] item: Leftovers
|-damage|p1a: Hitmontop|88/100 psn|[from] psn
|upkeep
|turn|22
|
|t:|1612057281
|move|p1a: Hitmontop|Triple Axel|p2a: Palossand
|-supereffective|p2a: Palossand
|-damage|p2a: Palossand|8/100
|-supereffective|p2a: Palossand
|-damage|p2a: Palossand|0 fnt
|-hitcount|p2a: Palossand|2
|-damage|p1a: Hitmontop|78/100 psn|[from] item: Life Orb
|faint|p2a: Palossand
|
|-damage|p1a: Hitmontop|66/100 psn|[from] psn
|upkeep
|
|t:|1612057283
|switch|p2a: Aromatisse|Aromatisse, M|94/100
|-damage|p2a: Aromatisse|82/100|[from] Stealth Rock
|turn|23
|
|t:|1612057289
|move|p1a: Hitmontop|Triple Axel|p2a: Aromatisse
|-damage|p2a: Aromatisse|74/100
|-hitcount|p2a: Aromatisse|1
|-damage|p1a: Hitmontop|56/100 psn|[from] item: Life Orb
|move|p2a: Aromatisse|Moonblast|p1a: Hitmontop
|-supereffective|p1a: Hitmontop
|-damage|p1a: Hitmontop|0 fnt
|faint|p1a: Hitmontop
|
|-heal|p2a: Aromatisse|80/100|[from] item: Leftovers
|upkeep
|
|t:|1612057293
|switch|p1a: Arctovish|Arctovish|5/100 psn
|turn|24
|
|t:|1612057296
|move|p2a: Aromatisse|Protect|p2a: Aromatisse
|-singleturn|p2a: Aromatisse|Protect
|move|p1a: Arctovish|Fishious Rend|p2a: Aromatisse
|-activate|p2a: Aromatisse|move: Protect
|
|-heal|p2a: Aromatisse|86/100|[from] item: Leftovers
|-damage|p1a: Arctovish|0 fnt|[from] psn
|faint|p1a: Arctovish
|upkeep
|-message|vst sankara forfeited.
|
|win|Testpu12
|l|☆vst sankara
|c|☆Testpu12|Downloaded
|raw|vst sankara's rating: 1463 &rarr; <strong>1439</strong><br />(-24 for losing)
|raw|Testpu12's rating: 1393 &rarr; <strong>1417</strong><br />(+24 for winning)
