|j|☆PUDS Madara
|j|☆DitzyDragonair
|inactive|Battle timer is ON: inactive players will automatically lose when time's up.
|t:|1637063319
|gametype|singles
|player|p1|PUDS Madara|drayden|
|player|p2|DitzyDragonair|clerkf|
|teamsize|p1|6
|teamsize|p2|6
|gen|8
|tier|[Gen 8] PU
|rated|Tournament battle
|rule|Sleep Clause Mod: Limit one foe put to sleep
|rule|Species Clause: Limit one of each Pokémon
|rule|OHKO Clause: OHKO moves are banned
|rule|Evasion Moves Clause: Evasion moves are banned
|rule|Endless Battle Clause: Forcing endless battles is banned
|rule|HP Percentage Mod: HP is shown in percentages
|rule|Dynamax Clause: You cannot dynamax
|clearpoke
|poke|p1|Sneasel, M|
|poke|p1|Articuno-Galar|
|poke|p1|Druddigon, M|
|poke|p1|Wishiwashi, M|
|poke|p1|Aromatisse, M|
|poke|p1|Togedemaru, F|
|poke|p2|Drampa, M|
|poke|p2|Scyther, F|
|poke|p2|Weezing, F|
|poke|p2|Gigalith, F|
|poke|p2|Sandslash, F|
|poke|p2|Silvally-*|
|teampreview
|j|*Lady Monita ☽
|j| BB-8-NU
|c|☆PUDS Madara|hf champ
|j| ii77
|c|☆DitzyDragonair|u2 bro
|j| aitoreltorturador
|
|t:|1637063340
|start
|switch|p1a: Togedemaru|Togedemaru, F|100/100
|switch|p2a: Scyther|Scyther, F|100/100
|turn|1
|j|@J0rdy004 ♫
|
|t:|1637063345
|move|p2a: Scyther|U-turn|p1a: Togedemaru
|-resisted|p1a: Togedemaru
|-damage|p1a: Togedemaru|72/100
|
|t:|1637063350
|switch|p2a: Sandslash|Sandslash, F|100/100|[from]move: U-turn
|move|p1a: Togedemaru|Iron Head|p2a: Sandslash
|-damage|p2a: Sandslash|48/100
|
|upkeep
|turn|2
|
|t:|1637063356
|switch|p2a: Weezing|Weezing, F|100/100
|-ability|p2a: Weezing|Neutralizing Gas
|move|p1a: Togedemaru|Iron Head|p2a: Weezing
|-damage|p2a: Weezing|62/100
|-damage|p1a: Togedemaru|56/100|[from] item: Rocky Helmet|[of] p2a: Weezing
|
|upkeep
|turn|3
|j| Ground pokemon 2
|
|t:|1637063361
|switch|p1a: Articuno|Articuno-Galar|100/100
|move|p2a: Weezing|Will-O-Wisp|p1a: Articuno
|-status|p1a: Articuno|brn
|
|-damage|p1a: Articuno|94/100 brn|[from] brn
|upkeep
|turn|4
|
|t:|1637063366
|-end|p2a: Weezing|ability: Neutralizing Gas
|switch|p2a: Gigalith|Gigalith, F|100/100
|-weather|Sandstorm|[from] ability: Sand Stream|[of] p2a: Gigalith
|move|p1a: Articuno|Psyshock|p2a: Gigalith
|-damage|p2a: Gigalith|49/100
|
|-weather|Sandstorm|[upkeep]
|-damage|p1a: Articuno|88/100 brn|[from] Sandstorm
|-heal|p2a: Gigalith|55/100|[from] item: Leftovers
|-damage|p1a: Articuno|82/100 brn|[from] brn
|upkeep
|turn|5
|
|t:|1637063371
|switch|p1a: Druddigon|Druddigon, M|100/100
|move|p2a: Gigalith|Rock Blast|p1a: Druddigon
|-damage|p1a: Druddigon|88/100
|-damage|p1a: Druddigon|76/100
|-damage|p1a: Druddigon|65/100
|-hitcount|p1a: Druddigon|3
|
|-weather|Sandstorm|[upkeep]
|-damage|p1a: Druddigon|59/100|[from] Sandstorm
|-heal|p2a: Gigalith|61/100|[from] item: Leftovers
|upkeep
|turn|6
|
|t:|1637063374
|move|p2a: Gigalith|Protect|p2a: Gigalith
|-singleturn|p2a: Gigalith|Protect
|move|p1a: Druddigon|Superpower|p2a: Gigalith
|-activate|p2a: Gigalith|move: Protect
|
|-weather|Sandstorm|[upkeep]
|-damage|p1a: Druddigon|53/100|[from] Sandstorm
|-heal|p2a: Gigalith|68/100|[from] item: Leftovers
|upkeep
|turn|7
|
|t:|1637063378
|switch|p2a: Weezing|Weezing, F|62/100
|-ability|p2a: Weezing|Neutralizing Gas
|move|p1a: Druddigon|Stealth Rock|p2a: Weezing
|-sidestart|p2: DitzyDragonair|move: Stealth Rock
|
|-weather|Sandstorm|[upkeep]
|-damage|p2a: Weezing|56/100|[from] Sandstorm
|-damage|p1a: Druddigon|47/100|[from] Sandstorm
|upkeep
|turn|8
|
|t:|1637063386
|-end|p2a: Weezing|ability: Neutralizing Gas
|switch|p2a: Sandslash|Sandslash, F|48/100
|-damage|p2a: Sandslash|41/100|[from] Stealth Rock
|switch|p1a: Articuno|Articuno-Galar|82/100 brn
|
|-weather|none
|-damage|p1a: Articuno|76/100 brn|[from] brn
|upkeep
|turn|9
|
|t:|1637063394
|move|p1a: Articuno|Psyshock|p2a: Sandslash
|-damage|p2a: Sandslash|0 fnt
|faint|p2a: Sandslash
|
|-damage|p1a: Articuno|69/100 brn|[from] brn
|upkeep
|
|t:|1637063397
|switch|p2a: Gigalith|Gigalith, F|68/100
|-damage|p2a: Gigalith|55/100|[from] Stealth Rock
|-weather|Sandstorm|[from] ability: Sand Stream|[of] p2a: Gigalith
|turn|10
|
|t:|1637063408
|switch|p1a: Druddigon|Druddigon, M|47/100
|move|p2a: Gigalith|Rock Blast|p1a: Druddigon|[miss]
|-miss|p2a: Gigalith|p1a: Druddigon
|
|-weather|Sandstorm|[upkeep]
|-damage|p1a: Druddigon|41/100|[from] Sandstorm
|-heal|p2a: Gigalith|61/100|[from] item: Leftovers
|upkeep
|turn|11
|
|t:|1637063415
|switch|p2a: Scyther|Scyther, F|100/100
|move|p1a: Druddigon|Superpower|p2a: Scyther
|-resisted|p2a: Scyther
|-damage|p2a: Scyther|80/100
|-unboost|p1a: Druddigon|atk|1
|-unboost|p1a: Druddigon|def|1
|-damage|p1a: Druddigon|31/100|[from] item: Life Orb
|
|-weather|Sandstorm|[upkeep]
|-damage|p2a: Scyther|74/100|[from] Sandstorm
|-damage|p1a: Druddigon|25/100|[from] Sandstorm
|upkeep
|turn|12
|
|t:|1637063422
|move|p2a: Scyther|Knock Off|p1a: Druddigon
|-damage|p1a: Druddigon|0 fnt
|-enditem|p1a: Druddigon|Life Orb|[from] move: Knock Off|[of] p2a: Scyther
|faint|p1a: Druddigon
|
|-weather|Sandstorm|[upkeep]
|-damage|p2a: Scyther|68/100|[from] Sandstorm
|upkeep
|
|t:|1637063436
|switch|p1a: Wishiwashi|Wishiwashi, M|100/100
|-formechange|p1a: Wishiwashi|Wishiwashi-School||[from] ability: Schooling
|turn|13
|
|t:|1637063458
|move|p2a: Scyther|Dual Wingbeat|p1a: Wishiwashi|[miss]
|-miss|p2a: Scyther|p1a: Wishiwashi
|move|p1a: Wishiwashi|Liquidation|p2a: Scyther
|-crit|p2a: Scyther
|-damage|p2a: Scyther|0 fnt
|faint|p2a: Scyther
|
|-weather|Sandstorm|[upkeep]
|-damage|p1a: Wishiwashi|94/100|[from] Sandstorm
|-heal|p1a: Wishiwashi|100/100|[from] item: Leftovers
|upkeep
|
|t:|1637063467
|switch|p2a: Weezing|Weezing, F|56/100
|-ability|p2a: Weezing|Neutralizing Gas
|-damage|p2a: Weezing|44/100|[from] Stealth Rock
|turn|14
|
|t:|1637063470
|move|p2a: Weezing|Sludge Bomb|p1a: Wishiwashi
|-damage|p1a: Wishiwashi|81/100
|-status|p1a: Wishiwashi|psn
|move|p1a: Wishiwashi|U-turn|p2a: Weezing
|-resisted|p2a: Weezing
|-damage|p2a: Weezing|36/100
|-damage|p1a: Wishiwashi|64/100 psn|[from] item: Rocky Helmet|[of] p2a: Weezing
|
|t:|1637063473
|switch|p1a: Articuno|Articuno-Galar|69/100 brn|[from]move: U-turn
|
|-weather|none
|-damage|p1a: Articuno|63/100 brn|[from] brn
|upkeep
|turn|15
|
|t:|1637063479
|move|p1a: Articuno|Psyshock|p2a: Weezing
|-supereffective|p2a: Weezing
|-damage|p2a: Weezing|0 fnt
|faint|p2a: Weezing
|-end|p2a: Weezing|ability: Neutralizing Gas
|
|-damage|p1a: Articuno|57/100 brn|[from] brn
|upkeep
|
|t:|1637063481
|switch|p2a: Drampa|Drampa, M|100/100
|-damage|p2a: Drampa|88/100|[from] Stealth Rock
|-ability|p2a: Drampa|Cloud Nine
|turn|16
|
|t:|1637063484
|move|p1a: Articuno|Psyshock|p2a: Drampa
|-damage|p2a: Drampa|0 fnt
|faint|p2a: Drampa
|
|-damage|p1a: Articuno|51/100 brn|[from] brn
|upkeep
|j| Phoenixgladiator
|c| aitoreltorturador|r
|c|☆DitzyDragonair|damn
|
|t:|1637063489
|switch|p2a: Silvally|Silvally-Fairy|100/100
|-damage|p2a: Silvally|88/100|[from] Stealth Rock
|turn|17
|
|t:|1637063495
|move|p2a: Silvally|Flame Charge|p1a: Articuno
|-damage|p1a: Articuno|34/100 brn
|-boost|p2a: Silvally|spe|1
|move|p1a: Articuno|Psyshock|p2a: Silvally
|-damage|p2a: Silvally|12/100
|
|-damage|p1a: Articuno|27/100 brn|[from] brn
|upkeep
|turn|18
|
|t:|1637063500
|move|p2a: Silvally|Multi-Attack|p1a: Articuno
|-damage|p1a: Articuno|0 fnt
|faint|p1a: Articuno
|
|upkeep
|l| Ground pokemon 2
|
|t:|1637063506
|switch|p1a: Sneasel|Sneasel, M|100/100
|turn|19
|
|t:|1637063509
|move|p1a: Sneasel|Ice Shard|p2a: Silvally
|-damage|p2a: Silvally|0 fnt
|faint|p2a: Silvally
|
|upkeep
|
|t:|1637063511
|switch|p2a: Gigalith|Gigalith, F|61/100
|-damage|p2a: Gigalith|49/100|[from] Stealth Rock
|-weather|Sandstorm|[from] ability: Sand Stream|[of] p2a: Gigalith
|turn|20
|
|t:|1637063513
|move|p1a: Sneasel|Knock Off|p2a: Gigalith
|-damage|p2a: Gigalith|19/100
|-enditem|p2a: Gigalith|Leftovers|[from] move: Knock Off|[of] p1a: Sneasel
|move|p2a: Gigalith|Rock Blast|p1a: Sneasel
|-supereffective|p1a: Sneasel
|-damage|p1a: Sneasel|54/100
|-supereffective|p1a: Sneasel
|-damage|p1a: Sneasel|4/100
|-hitcount|p1a: Sneasel|2
|
|-weather|Sandstorm|[upkeep]
|-damage|p1a: Sneasel|0 fnt|[from] Sandstorm
|faint|p1a: Sneasel
|upkeep
|c|☆DitzyDragonair|gg
|
|t:|1637063517
|switch|p1a: Togedemaru|Togedemaru, F|56/100
|turn|21
|c|☆PUDS Madara|gg man
|
|t:|1637063521
|move|p2a: Gigalith|Protect|p2a: Gigalith
|-singleturn|p2a: Gigalith|Protect
|move|p1a: Togedemaru|Iron Head|p2a: Gigalith
|-activate|p2a: Gigalith|move: Protect
|
|-weather|Sandstorm|[upkeep]
|upkeep
|turn|22
|
|t:|1637063523
|move|p1a: Togedemaru|Iron Head|p2a: Gigalith
|-supereffective|p2a: Gigalith
|-damage|p2a: Gigalith|0 fnt
|faint|p2a: Gigalith
|
|win|PUDS Madara
|n|☆PUDS Madara|pudsmadara
|n|☆DitzyDragonair|ditzydragonair
|n|*Lady Monita ☽|ladymonita
|n| BB-8-NU|bb8nu
|n| ii77|ii77
|n| aitoreltorturador|aitoreltorturador
|n|+J0rdy004 ♫|j0rdy004
|n| Phoenixgladiator|phoenixgladiator
|l|*Lady Monita ☽
|l| BB-8-NU
