|raw|<div class="broadcast-blue"><strong>This battle is required to be public due to a player having a name starting with 'pult61a'.</div>
|j|☆nicksting
|j|☆pult61a Zip
|t:|1627012490
|gametype|singles
|player|p1|nicksting|roughneck-gen4|1147
|player|p2|pult61a Zip|richboy-gen4|1387
|teamsize|p1|6
|teamsize|p2|6
|gen|8
|tier|[Gen 8] PU
|rated|
|rule|Sleep Clause Mod: Limit one foe put to sleep
|rule|Species Clause: Limit one of each Pokémon
|rule|OHKO Clause: OHKO moves are banned
|rule|Evasion Moves Clause: Evasion moves are banned
|rule|Endless Battle Clause: Forcing endless battles is banned
|rule|HP Percentage Mod: HP is shown in percentages
|rule|Dynamax Clause: You cannot dynamax
|clearpoke
|poke|p1|Hitmonchan, M|
|poke|p1|Articuno-Galar|
|poke|p1|Galvantula, F|
|poke|p1|Passimian, M|
|poke|p1|Sandaconda, F|
|poke|p1|Charizard, F|
|poke|p2|Weezing, M|
|poke|p2|Quagsire, M|
|poke|p2|Audino, F|
|poke|p2|Palossand, F|
|poke|p2|Cryogonal|
|poke|p2|Scrafty, M|
|teampreview
|
|t:|1627012534
|start
|switch|p1a: Charlotte|Galvantula, F|100/100
|switch|p2a: Audino|Audino, F|100/100
|turn|1
|
|t:|1627012540
|move|p1a: Charlotte|Sticky Web|p2a: Audino
|-sidestart|p2: pult61a Zip|move: Sticky Web
|move|p2a: Audino|Knock Off|p1a: Charlotte
|-damage|p1a: Charlotte|71/100
|-damage|p2a: Audino|84/100|[from] item: Rocky Helmet|[of] p1a: Charlotte
|-enditem|p1a: Charlotte|Rocky Helmet|[from] move: Knock Off|[of] p2a: Audino
|
|upkeep
|turn|2
|
|t:|1627012551
|move|p1a: Charlotte|Thunder|p2a: Audino
|-damage|p2a: Audino|51/100
|move|p2a: Audino|Wish|p2a: Audino
|
|upkeep
|turn|3
|
|t:|1627012561
|switch|p2a: Cryogonal|Cryogonal|100/100
|move|p1a: Charlotte|Thunder|p2a: Cryogonal
|-damage|p2a: Cryogonal|75/100
|
|-heal|p2a: Cryogonal|100/100|[from] move: Wish|[wisher] Audino
|upkeep
|turn|4
|
|t:|1627012573
|move|p1a: Charlotte|Bug Buzz|p2a: Cryogonal
|-damage|p2a: Cryogonal|80/100
|-unboost|p2a: Cryogonal|spd|1
|move|p2a: Cryogonal|Freeze-Dry|p1a: Charlotte
|-damage|p1a: Charlotte|30/100
|
|upkeep
|turn|5
|
|t:|1627012597
|switch|p1a: Toothless|Charizard, F, shiny|100/100
|move|p2a: Cryogonal|Freeze-Dry|p1a: Toothless
|-damage|p1a: Toothless|72/100
|
|upkeep
|turn|6
|
|t:|1627012608
|switch|p2a: Audino|Audino, F|84/100
|move|p1a: Toothless|Flamethrower|p2a: Audino
|-damage|p2a: Audino|46/100
|-damage|p1a: Toothless|62/100|[from] item: Life Orb
|
|upkeep
|turn|7
|
|t:|1627012616
|move|p1a: Toothless|Scorching Sands|p2a: Audino
|-damage|p2a: Audino|27/100
|-damage|p1a: Toothless|53/100|[from] item: Life Orb
|move|p2a: Audino|Wish|p2a: Audino
|
|upkeep
|turn|8
|
|t:|1627012622
|move|p2a: Audino|Protect|p2a: Audino
|-singleturn|p2a: Audino|Protect
|move|p1a: Toothless|Scorching Sands|p2a: Audino
|-activate|p2a: Audino|move: Protect
|
|-heal|p2a: Audino|77/100|[from] move: Wish|[wisher] Audino
|upkeep
|turn|9
|
|t:|1627012635
|switch|p1a: Knox|Sandaconda, F|100/100
|move|p2a: Audino|Wish|p2a: Audino
|
|upkeep
|turn|10
|
|t:|1627012641
|switch|p2a: Palossand|Palossand, F|100/100
|-activate|p2a: Palossand|move: Sticky Web
|-unboost|p2a: Palossand|spe|1
|move|p1a: Knox|Glare|p2a: Palossand
|-status|p2a: Palossand|par
|
|upkeep
|turn|11
|
|t:|1627012649
|move|p1a: Knox|Coil|p1a: Knox
|-boost|p1a: Knox|atk|1
|-boost|p1a: Knox|def|1
|-boost|p1a: Knox|accuracy|1
|move|p2a: Palossand|Stealth Rock|p1a: Knox
|-sidestart|p1: nicksting|move: Stealth Rock
|
|upkeep
|turn|12
|
|t:|1627012664
|switch|p2a: Quagsire|Quagsire, M|100/100
|-activate|p2a: Quagsire|move: Sticky Web
|-unboost|p2a: Quagsire|spe|1
|move|p1a: Knox|Coil|p1a: Knox
|-boost|p1a: Knox|atk|1
|-boost|p1a: Knox|def|1
|-boost|p1a: Knox|accuracy|1
|
|upkeep
|turn|13
|
|t:|1627012681
|switch|p2a: Scrafty|Scrafty, M|100/100
|-activate|p2a: Scrafty|move: Sticky Web
|-unboost|p2a: Scrafty|spe|1
|move|p1a: Knox|Glare|p2a: Scrafty
|-status|p2a: Scrafty|par
|
|upkeep
|turn|14
|
|t:|1627012688
|move|p1a: Knox|Earthquake|p2a: Scrafty
|-damage|p2a: Scrafty|2/100 par
|move|p2a: Scrafty|Bulk Up|p2a: Scrafty
|-boost|p2a: Scrafty|atk|1
|-boost|p2a: Scrafty|def|1
|
|-heal|p2a: Scrafty|8/100 par|[from] item: Leftovers
|upkeep
|turn|15
|
|t:|1627012696
|switch|p2a: Quagsire|Quagsire, M|100/100
|-activate|p2a: Quagsire|move: Sticky Web
|-unboost|p2a: Quagsire|spe|1
|move|p1a: Knox|Earthquake|p2a: Quagsire
|-crit|p2a: Quagsire
|-damage|p2a: Quagsire|51/100
|
|-heal|p2a: Quagsire|57/100|[from] item: Leftovers
|upkeep
|turn|16
|
|t:|1627012711
|move|p1a: Knox|Glare|p2a: Quagsire
|-status|p2a: Quagsire|par
|move|p2a: Quagsire|Recover|p2a: Quagsire
|-heal|p2a: Quagsire|100/100 par
|
|upkeep
|turn|17
|
|t:|1627012724
|move|p1a: Knox|Earthquake|p2a: Quagsire
|-damage|p2a: Quagsire|65/100 par
|move|p2a: Quagsire|Infestation|p1a: Knox
|-damage|p1a: Knox|96/100
|-activate|p1a: Knox|move: Infestation|[of] p2a: Quagsire
|-weather|Sandstorm|[from] ability: Sand Spit|[of] p1a: Knox
|
|-weather|Sandstorm|[upkeep]
|-heal|p1a: Knox|100/100|[from] item: Leftovers
|-heal|p2a: Quagsire|72/100 par|[from] item: Leftovers
|-damage|p1a: Knox|88/100|[from] move: Infestation|[partiallytrapped]
|upkeep
|turn|18
|
|t:|1627012736
|move|p1a: Knox|Earthquake|p2a: Quagsire
|-damage|p2a: Quagsire|35/100 par
|move|p2a: Quagsire|Recover|p2a: Quagsire
|-heal|p2a: Quagsire|85/100 par
|
|-weather|Sandstorm|[upkeep]
|-heal|p1a: Knox|94/100|[from] item: Leftovers
|-heal|p2a: Quagsire|91/100 par|[from] item: Leftovers
|-damage|p1a: Knox|82/100|[from] move: Infestation|[partiallytrapped]
|upkeep
|turn|19
|
|t:|1627012746
|move|p1a: Knox|Earthquake|p2a: Quagsire
|-damage|p2a: Quagsire|55/100 par
|move|p2a: Quagsire|Toxic|p1a: Knox
|-status|p1a: Knox|tox
|
|-weather|Sandstorm|[upkeep]
|-heal|p1a: Knox|88/100 tox|[from] item: Leftovers
|-heal|p2a: Quagsire|61/100 par|[from] item: Leftovers
|-damage|p1a: Knox|82/100 tox|[from] psn
|-damage|p1a: Knox|69/100 tox|[from] move: Infestation|[partiallytrapped]
|upkeep
|turn|20
|
|t:|1627012751
|move|p1a: Knox|Earthquake|p2a: Quagsire
|-damage|p2a: Quagsire|26/100 par
|move|p2a: Quagsire|Recover|p2a: Quagsire
|-heal|p2a: Quagsire|76/100 par
|
|-weather|Sandstorm|[upkeep]
|-heal|p1a: Knox|75/100 tox|[from] item: Leftovers
|-heal|p2a: Quagsire|82/100 par|[from] item: Leftovers
|-damage|p1a: Knox|63/100 tox|[from] psn
|-damage|p1a: Knox|51/100 tox|[from] move: Infestation|[partiallytrapped]
|upkeep
|turn|21
|
|t:|1627012756
|move|p1a: Knox|Earthquake|p2a: Quagsire
|-damage|p2a: Quagsire|47/100 par
|move|p2a: Quagsire|Recover|p2a: Quagsire
|-heal|p2a: Quagsire|97/100 par
|
|-weather|none
|-heal|p1a: Knox|57/100 tox|[from] item: Leftovers
|-heal|p2a: Quagsire|100/100 par|[from] item: Leftovers
|-damage|p1a: Knox|39/100 tox|[from] psn
|-damage|p1a: Knox|27/100 tox|[from] move: Infestation|[partiallytrapped]
|upkeep
|turn|22
|
|t:|1627012765
|move|p1a: Knox|Earthquake|p2a: Quagsire
|-damage|p2a: Quagsire|64/100 par
|move|p2a: Quagsire|Seismic Toss|p1a: Knox
|-damage|p1a: Knox|0 fnt
|-weather|Sandstorm|[from] ability: Sand Spit|[of] p1a: Knox
|faint|p1a: Knox
|
|-weather|Sandstorm|[upkeep]
|-heal|p2a: Quagsire|71/100 par|[from] item: Leftovers
|upkeep
|
|t:|1627012768
|switch|p1a: Charlotte|Galvantula, F|30/100
|-damage|p1a: Charlotte|5/100|[from] Stealth Rock
|turn|23
|inactive|Battle timer is ON: inactive players will automatically lose when time's up. (requested by nicksting)
|
|t:|1627012794
|switch|p2a: Audino|Audino, F|100/100
|move|p1a: Charlotte|Giga Drain|p2a: Audino
|-damage|p2a: Audino|86/100
|-heal|p1a: Charlotte|16/100|[from] drain|[of] p2a: Audino
|
|-weather|Sandstorm|[upkeep]
|-damage|p1a: Charlotte|10/100|[from] Sandstorm
|-damage|p2a: Audino|80/100|[from] Sandstorm
|upkeep
|turn|24
|j| ii77
|inactive|nicksting has 120 seconds left.
|l|☆nicksting
|inactive|nicksting disconnected and has a minute to reconnect!
|player|p1|
|j|☆nicksting
|inactive|nicksting reconnected and has 105 seconds left.
|player|p1|nicksting|roughneck-gen4
|inactive|nicksting has 90 seconds left.
|
|t:|1627012856
|move|p1a: Charlotte|Giga Drain|p2a: Audino
|-damage|p2a: Audino|65/100
|-heal|p1a: Charlotte|21/100|[from] drain|[of] p2a: Audino
|move|p2a: Audino|Wish|p2a: Audino
|
|-weather|Sandstorm|[upkeep]
|-damage|p1a: Charlotte|15/100|[from] Sandstorm
|-damage|p2a: Audino|59/100|[from] Sandstorm
|upkeep
|turn|25
|
|t:|1627012865
|switch|p1a: Mac|Hitmonchan, M|100/100
|-damage|p1a: Mac|94/100|[from] Stealth Rock
|move|p2a: Audino|Heal Bell|p2a: Audino
|-activate|p2a: Audino|move: Heal Bell
|-curestatus|p2: Palossand|par|[msg]
|-curestatus|p2: Quagsire|par|[msg]
|-curestatus|p2: Scrafty|par|[msg]
|
|-weather|Sandstorm|[upkeep]
|-damage|p1a: Mac|88/100|[from] Sandstorm
|-damage|p2a: Audino|53/100|[from] Sandstorm
|-heal|p2a: Audino|100/100|[from] move: Wish|[wisher] Audino
|-heal|p1a: Mac|94/100|[from] item: Leftovers
|upkeep
|turn|26
|
|t:|1627012880
|switch|p2a: Weezing|Weezing, M|100/100
|-ability|p2a: Weezing|Neutralizing Gas
|-activate|p2a: Weezing|move: Sticky Web
|-unboost|p2a: Weezing|spe|1
|move|p1a: Mac|Rapid Spin|p2a: Weezing
|-damage|p2a: Weezing|89/100
|-boost|p1a: Mac|spe|1
|-sideend|p1: nicksting|Stealth Rock|[from] move: Rapid Spin|[of] p1a: Mac
|
|-weather|none
|-heal|p1a: Mac|100/100|[from] item: Leftovers
|-heal|p2a: Weezing|95/100|[from] item: Black Sludge
|upkeep
|turn|27
|
|t:|1627012896
|switch|p1a: Gatsby|Articuno-Galar|100/100
|move|p2a: Weezing|Toxic Spikes|p1a: Gatsby
|-sidestart|p1: nicksting|move: Toxic Spikes
|
|-heal|p2a: Weezing|100/100|[from] item: Black Sludge
|upkeep
|turn|28
|
|t:|1627012904
|-end|p2a: Weezing|ability: Neutralizing Gas
|switch|p2a: Cryogonal|Cryogonal|80/100
|move|p1a: Gatsby|Freezing Glare|p2a: Cryogonal
|-damage|p2a: Cryogonal|40/100
|
|upkeep
|turn|29
|
|t:|1627012912
|move|p1a: Gatsby|Freezing Glare|p2a: Cryogonal
|-damage|p2a: Cryogonal|5/100
|move|p2a: Cryogonal|Recover|p2a: Cryogonal
|-heal|p2a: Cryogonal|55/100
|
|upkeep
|turn|30
|
|t:|1627012919
|move|p1a: Gatsby|Freezing Glare|p2a: Cryogonal
|-damage|p2a: Cryogonal|16/100
|move|p2a: Cryogonal|Recover|p2a: Cryogonal
|-heal|p2a: Cryogonal|66/100
|
|upkeep
|turn|31
|
|t:|1627012929
|switch|p1a: Charlotte|Galvantula, F|15/100
|-status|p1a: Charlotte|psn
|move|p2a: Cryogonal|Recover|p2a: Cryogonal
|-heal|p2a: Cryogonal|100/100
|
|-damage|p1a: Charlotte|2/100 psn|[from] psn
|upkeep
|turn|32
|
|t:|1627012935
|switch|p2a: Audino|Audino, F|100/100
|move|p1a: Charlotte|Thunder|p2a: Audino
|-damage|p2a: Audino|72/100
|
|-damage|p1a: Charlotte|0 fnt|[from] psn
|faint|p1a: Charlotte
|upkeep
|
|t:|1627012941
|switch|p1a: Mac|Hitmonchan, M|100/100
|-status|p1a: Mac|psn
|turn|33
|
|t:|1627012964
|switch|p2a: Weezing|Weezing, M|100/100
|-ability|p2a: Weezing|Neutralizing Gas
|-activate|p2a: Weezing|move: Sticky Web
|-unboost|p2a: Weezing|spe|1
|move|p1a: Mac|Ice Punch|p2a: Weezing
|-damage|p2a: Weezing|83/100
|
|-heal|p2a: Weezing|89/100|[from] item: Black Sludge
|-damage|p1a: Mac|88/100 psn|[from] psn
|upkeep
|turn|34
|
|t:|1627012979
|move|p1a: Mac|Rapid Spin|p2a: Weezing
|-damage|p2a: Weezing|77/100
|-boost|p1a: Mac|spe|1
|-sideend|p1: nicksting|Toxic Spikes|[from] move: Rapid Spin|[of] p1a: Mac
|move|p2a: Weezing|Corrosive Gas|p1a: Mac
|-enditem|p1a: Mac|Leftovers|[from] move: Corrosive Gas|[of] p2a: Weezing
|
|-heal|p2a: Weezing|83/100|[from] item: Black Sludge
|-damage|p1a: Mac|75/100 psn|[from] psn
|upkeep
|turn|35
|
|t:|1627012992
|move|p1a: Mac|Drain Punch|p2a: Weezing
|-resisted|p2a: Weezing
|-damage|p2a: Weezing|71/100
|-heal|p1a: Mac|82/100 psn|[from] drain|[of] p2a: Weezing
|move|p2a: Weezing|Corrosive Gas|p1a: Mac
|-fail|p1a: Mac|move: Corrosive Gas
|
|-heal|p2a: Weezing|77/100|[from] item: Black Sludge
|-damage|p1a: Mac|69/100 psn|[from] psn
|upkeep
|turn|36
|
|t:|1627013001
|switch|p1a: Gatsby|Articuno-Galar|100/100
|move|p2a: Weezing|Toxic Spikes|p1a: Gatsby
|-sidestart|p1: nicksting|move: Toxic Spikes
|
|-heal|p2a: Weezing|83/100|[from] item: Black Sludge
|upkeep
|turn|37
|
|t:|1627013010
|-end|p2a: Weezing|ability: Neutralizing Gas
|switch|p2a: Cryogonal|Cryogonal|100/100
|move|p1a: Gatsby|Freezing Glare|p2a: Cryogonal
|-damage|p2a: Cryogonal|65/100
|
|upkeep
|turn|38
|n|!nicksting|nicksting
|
|t:|1627013027
|switch|p1a: Toothless|Charizard, F, shiny|53/100
|move|p2a: Cryogonal|Recover|p2a: Cryogonal
|-heal|p2a: Cryogonal|100/100
|
|upkeep
|turn|39
|
|t:|1627013036
|switch|p2a: Audino|Audino, F|100/100
|move|p1a: Toothless|Roost|p1a: Toothless
|-heal|p1a: Toothless|100/100
|-singleturn|p1a: Toothless|move: Roost
|
|upkeep
|turn|40
|-message|nicksting forfeited.
|
|win|pult61a Zip
|raw|nicksting's rating: 1147 &rarr; <strong>1137</strong><br />(-10 for losing)
|raw|pult61a Zip's rating: 1387 &rarr; <strong>1395</strong><br />(+8 for winning)
|l|!nicksting
