|j|☆Sighs of Hapiness
|j|☆Allejo 07
|t:|1634041504
|gametype|singles
|player|p1|Sighs of Hapiness|flannery|1337
|player|p2|Allejo 07|cyrus|1450
|teamsize|p1|6
|teamsize|p2|6
|gen|8
|tier|[Gen 8] PU
|rated|
|rule|Sleep Clause Mod: Limit one foe put to sleep
|rule|Species Clause: Limit one of each Pokémon
|rule|OHKO Clause: OHKO moves are banned
|rule|Evasion Moves Clause: Evasion moves are banned
|rule|Endless Battle Clause: Forcing endless battles is banned
|rule|HP Percentage Mod: HP is shown in percentages
|rule|Dynamax Clause: You cannot dynamax
|clearpoke
|poke|p1|Lycanroc-Midnight, M|
|poke|p1|Aromatisse, F|
|poke|p1|Avalugg, M|
|poke|p1|Scyther, M|
|poke|p1|Magmortar, M|
|poke|p1|Palossand, M|
|poke|p2|Charizard, M|
|poke|p2|Type: Null|
|poke|p2|Druddigon, M|
|poke|p2|Natu, F|
|poke|p2|Kabutops, F|
|poke|p2|Togedemaru, F|
|teampreview
|inactive|Battle timer is ON: inactive players will automatically lose when time's up. (requested by Sighs of Hapiness)
|
|t:|1634041515
|start
|switch|p1a: Aromatisse|Aromatisse, F|100/100
|switch|p2a: Meteor Mash|Kabutops, F|100/100
|turn|1
|
|t:|1634041520
|switch|p1a: Avalugg|Avalugg, M|100/100
|move|p2a: Meteor Mash|Liquidation|p1a: Avalugg
|-damage|p1a: Avalugg|74/100
|
|upkeep
|turn|2
|
|t:|1634041531
|switch|p2a: Overheat|Charizard, M|100/100
|move|p1a: Avalugg|Recover|p1a: Avalugg
|-heal|p1a: Avalugg|100/100
|
|upkeep
|turn|3
|
|t:|1634041535
|switch|p1a: Aromatisse|Aromatisse, F|100/100
|move|p2a: Overheat|Hurricane|p1a: Aromatisse
|-damage|p1a: Aromatisse|47/100
|
|-heal|p1a: Aromatisse|53/100|[from] item: Leftovers
|upkeep
|turn|4
|
|t:|1634041541
|move|p1a: Aromatisse|Protect|p1a: Aromatisse
|-singleturn|p1a: Aromatisse|Protect
|move|p2a: Overheat|Hurricane|p1a: Aromatisse
|-activate|p1a: Aromatisse|move: Protect
|
|-heal|p1a: Aromatisse|60/100|[from] item: Leftovers
|upkeep
|turn|5
|
|t:|1634041544
|move|p2a: Overheat|Hurricane|p1a: Aromatisse
|-damage|p1a: Aromatisse|8/100
|move|p1a: Aromatisse|Wish|p1a: Aromatisse
|
|-heal|p1a: Aromatisse|14/100|[from] item: Leftovers
|upkeep
|turn|6
|
|t:|1634041551
|switch|p2a: Meteor Mash|Kabutops, F|100/100
|move|p1a: Aromatisse|Protect||[still]
|-fail|p1a: Aromatisse
|
|-heal|p1a: Aromatisse|64/100|[from] move: Wish|[wisher] Aromatisse
|-heal|p1a: Aromatisse|70/100|[from] item: Leftovers
|upkeep
|turn|7
|
|t:|1634041556
|switch|p1a: Avalugg|Avalugg, M|100/100
|move|p2a: Meteor Mash|Liquidation|p1a: Avalugg
|-damage|p1a: Avalugg|76/100
|
|upkeep
|turn|8
|
|t:|1634041561
|switch|p2a: Overheat|Charizard, M|100/100
|move|p1a: Avalugg|Toxic|p2a: Overheat
|-status|p2a: Overheat|tox
|
|-damage|p2a: Overheat|94/100 tox|[from] psn
|upkeep
|turn|9
|
|t:|1634041568
|switch|p1a: Lycanroc|Lycanroc-Midnight, M, shiny|100/100
|move|p2a: Overheat|Hurricane|p1a: Lycanroc
|-resisted|p1a: Lycanroc
|-damage|p1a: Lycanroc|45/100
|
|-damage|p2a: Overheat|82/100 tox|[from] psn
|upkeep
|turn|10
|
|t:|1634041575
|switch|p2a: Outrage|Druddigon, M|100/100
|move|p1a: Lycanroc|Stone Edge|p2a: Outrage
|-crit|p2a: Outrage
|-damage|p2a: Outrage|43/100
|
|upkeep
|turn|11
|
|t:|1634041582
|move|p1a: Lycanroc|Stone Edge|p2a: Outrage
|-damage|p2a: Outrage|6/100
|move|p2a: Outrage|Stealth Rock|p1a: Lycanroc
|-sidestart|p1: Sighs of Hapiness|move: Stealth Rock
|
|upkeep
|turn|12
|
|t:|1634041588
|move|p1a: Lycanroc|Stone Edge|p2a: Outrage
|-crit|p2a: Outrage
|-damage|p2a: Outrage|0 fnt
|faint|p2a: Outrage
|
|upkeep
|
|t:|1634041599
|switch|p2a: Meteor Mash|Kabutops, F|100/100
|turn|13
|
|t:|1634041602
|switch|p1a: Avalugg|Avalugg, M|76/100
|move|p2a: Meteor Mash|Stone Edge|p1a: Avalugg|[miss]
|-miss|p2a: Meteor Mash|p1a: Avalugg
|
|upkeep
|turn|14
|
|t:|1634041608
|move|p2a: Meteor Mash|Stone Edge|p1a: Avalugg
|-supereffective|p1a: Avalugg
|-damage|p1a: Avalugg|13/100
|move|p1a: Avalugg|Recover|p1a: Avalugg
|-heal|p1a: Avalugg|63/100
|
|upkeep
|turn|15
|
|t:|1634041614
|move|p2a: Meteor Mash|Stone Edge|p1a: Avalugg
|-supereffective|p1a: Avalugg
|-damage|p1a: Avalugg|1/100
|move|p1a: Avalugg|Recover|p1a: Avalugg
|-heal|p1a: Avalugg|51/100
|
|upkeep
|turn|16
|
|t:|1634041620
|switch|p1a: Palossand|Palossand, M, shiny|100/100
|-damage|p1a: Palossand|94/100|[from] Stealth Rock
|move|p2a: Meteor Mash|Stone Edge|p1a: Palossand
|-resisted|p1a: Palossand
|-crit|p1a: Palossand
|-damage|p1a: Palossand|60/100
|
|-heal|p1a: Palossand|66/100|[from] item: Leftovers
|upkeep
|turn|17
|
|t:|1634041625
|switch|p2a: Teleport|Natu, F|100/100
|move|p1a: Palossand|Stealth Rock|p2a: Teleport
|move|p2a: Teleport|Stealth Rock||[from]ability: Magic Bounce|[still]
|-fail|p2a: Teleport
|
|-heal|p1a: Palossand|72/100|[from] item: Leftovers
|upkeep
|turn|18
|
|t:|1634041632
|move|p1a: Palossand|Shadow Ball|p2a: Teleport
|-supereffective|p2a: Teleport
|-damage|p2a: Teleport|24/100
|move|p2a: Teleport|Teleport|p2a: Teleport
|
|t:|1634041636
|switch|p2a: Meteor Mash|Kabutops, F|100/100|[from]move: Teleport
|
|-heal|p1a: Palossand|78/100|[from] item: Leftovers
|upkeep
|turn|19
|
|t:|1634041640
|switch|p1a: Avalugg|Avalugg, M|51/100
|move|p2a: Meteor Mash|Liquidation|p1a: Avalugg
|-damage|p1a: Avalugg|23/100
|
|upkeep
|turn|20
|
|t:|1634041649
|move|p2a: Meteor Mash|Liquidation|p1a: Avalugg
|-damage|p1a: Avalugg|0 fnt
|faint|p1a: Avalugg
|
|upkeep
|
|t:|1634041650
|switch|p1a: Lycanroc|Lycanroc-Midnight, M, shiny|45/100
|-damage|p1a: Lycanroc|32/100|[from] Stealth Rock
|turn|21
|j| ii77
|
|t:|1634041658
|switch|p2a: Teleport|Natu, F|24/100
|move|p1a: Lycanroc|Close Combat|p2a: Teleport
|-resisted|p2a: Teleport
|-damage|p2a: Teleport|15/100
|-unboost|p1a: Lycanroc|def|1
|-unboost|p1a: Lycanroc|spd|1
|
|upkeep
|turn|22
|
|t:|1634041664
|switch|p1a: Magmortar|Magmortar, M|100/100
|-damage|p1a: Magmortar|76/100|[from] Stealth Rock
|move|p2a: Teleport|Teleport|p2a: Teleport
|
|t:|1634041674
|switch|p2a: Doubledge|Type: Null|100/100|[from]move: Teleport
|
|upkeep
|turn|23
|
|t:|1634041678
|move|p1a: Magmortar|Fire Blast|p2a: Doubledge
|-damage|p2a: Doubledge|63/100
|move|p2a: Doubledge|U-turn|p1a: Magmortar
|-resisted|p1a: Magmortar
|-damage|p1a: Magmortar|64/100
|
|t:|1634041685
|switch|p2a: Meteor Mash|Kabutops, F|100/100|[from]move: U-turn
|
|upkeep
|turn|24
|
|t:|1634041699
|switch|p1a: Aromatisse|Aromatisse, F|70/100
|-damage|p1a: Aromatisse|58/100|[from] Stealth Rock
|move|p2a: Meteor Mash|Aqua Jet|p1a: Aromatisse
|-damage|p1a: Aromatisse|22/100
|
|-heal|p1a: Aromatisse|28/100|[from] item: Leftovers
|upkeep
|turn|25
|
|t:|1634041706
|move|p1a: Aromatisse|Protect|p1a: Aromatisse
|-singleturn|p1a: Aromatisse|Protect
|move|p2a: Meteor Mash|Aqua Jet|p1a: Aromatisse
|-activate|p1a: Aromatisse|move: Protect
|
|-heal|p1a: Aromatisse|34/100|[from] item: Leftovers
|upkeep
|turn|26
|
|t:|1634041710
|switch|p1a: Palossand|Palossand, M, shiny|78/100
|-damage|p1a: Palossand|72/100|[from] Stealth Rock
|move|p2a: Meteor Mash|Aqua Jet|p1a: Palossand
|-supereffective|p1a: Palossand
|-damage|p1a: Palossand|31/100
|-ability|p1a: Palossand|Water Compaction|boost
|-boost|p1a: Palossand|def|2
|
|-heal|p1a: Palossand|38/100|[from] item: Leftovers
|upkeep
|turn|27
|j| gkdgkd123
|
|t:|1634041720
|switch|p2a: Teleport|Natu, F|15/100
|move|p1a: Palossand|Shore Up|p1a: Palossand
|-heal|p1a: Palossand|88/100
|
|-heal|p1a: Palossand|94/100|[from] item: Leftovers
|upkeep
|turn|28
|
|t:|1634041725
|move|p2a: Teleport|Night Shade|p1a: Palossand
|-damage|p1a: Palossand|67/100
|move|p1a: Palossand|Shadow Ball|p2a: Teleport
|-supereffective|p2a: Teleport
|-damage|p2a: Teleport|0 fnt
|faint|p2a: Teleport
|
|-heal|p1a: Palossand|73/100|[from] item: Leftovers
|upkeep
|
|t:|1634041732
|switch|p2a: Overheat|Charizard, M|82/100 tox
|turn|29
|
|t:|1634041738
|switch|p1a: Aromatisse|Aromatisse, F|34/100
|-damage|p1a: Aromatisse|22/100|[from] Stealth Rock
|move|p2a: Overheat|Fire Blast|p1a: Aromatisse
|-damage|p1a: Aromatisse|0 fnt
|faint|p1a: Aromatisse
|
|-damage|p2a: Overheat|76/100 tox|[from] psn
|upkeep
|
|t:|1634041740
|switch|p1a: Lycanroc|Lycanroc-Midnight, M, shiny|32/100
|-damage|p1a: Lycanroc|20/100|[from] Stealth Rock
|turn|30
|
|t:|1634041748
|switch|p2a: Flash Cannon|Togedemaru, F|100/100
|move|p1a: Lycanroc|Close Combat|p2a: Flash Cannon
|-supereffective|p2a: Flash Cannon
|-damage|p2a: Flash Cannon|0 fnt
|-unboost|p1a: Lycanroc|def|1
|-unboost|p1a: Lycanroc|spd|1
|faint|p2a: Flash Cannon
|
|upkeep
|
|t:|1634041760
|switch|p2a: Overheat|Charizard, M|76/100 tox
|turn|31
|
|t:|1634041765
|switch|p1a: Magmortar|Magmortar, M|64/100
|-damage|p1a: Magmortar|39/100|[from] Stealth Rock
|move|p2a: Overheat|Flamethrower|p1a: Magmortar
|-resisted|p1a: Magmortar
|-damage|p1a: Magmortar|0 fnt
|faint|p1a: Magmortar
|
|-damage|p2a: Overheat|70/100 tox|[from] psn
|upkeep
|
|t:|1634041767
|switch|p1a: Lycanroc|Lycanroc-Midnight, M, shiny|20/100
|-damage|p1a: Lycanroc|7/100|[from] Stealth Rock
|turn|32
|
|t:|1634041792
|move|p1a: Lycanroc|Stone Edge|p2a: Overheat
|-supereffective|p2a: Overheat
|-damage|p2a: Overheat|0 fnt
|faint|p2a: Overheat
|
|upkeep
|inactive|Allejo 07 has 120 seconds left.
|
|t:|1634041802
|switch|p2a: Doubledge|Type: Null|63/100
|turn|33
|
|t:|1634041806
|move|p1a: Lycanroc|Stone Edge|p2a: Doubledge
|-damage|p2a: Doubledge|31/100
|move|p2a: Doubledge|U-turn|p1a: Lycanroc
|-damage|p1a: Lycanroc|0 fnt
|faint|p1a: Lycanroc
|
|t:|1634041808
|switch|p2a: Meteor Mash|Kabutops, F|100/100|[from]move: U-turn
|
|upkeep
|
|t:|1634041814
|switch|p1a: Scyther|Scyther, M|100/100
|turn|34
|
|t:|1634041822
|switch|p1a: Palossand|Palossand, M, shiny|73/100
|-damage|p1a: Palossand|67/100|[from] Stealth Rock
|move|p2a: Meteor Mash|Liquidation|p1a: Palossand
|-supereffective|p1a: Palossand
|-damage|p1a: Palossand|0 fnt
|faint|p1a: Palossand
|
|upkeep
|
|t:|1634041826
|switch|p1a: Scyther|Scyther, M|100/100
|turn|35
|
|t:|1634041833
|move|p1a: Scyther|Swords Dance|p1a: Scyther
|-boost|p1a: Scyther|atk|2
|move|p2a: Meteor Mash|Liquidation|p1a: Scyther
|-damage|p1a: Scyther|3/100
|
|upkeep
|turn|36
|
|t:|1634041841
|switch|p2a: Doubledge|Type: Null|31/100
|move|p1a: Scyther|Bug Bite|p2a: Doubledge
|-damage|p2a: Doubledge|0 fnt
|faint|p2a: Doubledge
|
|upkeep
|
|t:|1634041843
|switch|p2a: Meteor Mash|Kabutops, F|100/100
|turn|37
|
|t:|1634041846
|move|p2a: Meteor Mash|Aqua Jet|p1a: Scyther
|-damage|p1a: Scyther|0 fnt
|faint|p1a: Scyther
|
|win|Allejo 07
|raw|Sighs of Hapiness's rating: 1337 &rarr; <strong>1323</strong><br />(-14 for losing)
|raw|Allejo 07's rating: 1450 &rarr; <strong>1464</strong><br />(+14 for winning)
|l|☆Sighs of Hapiness
|l| ii77
|l| gkdgkd123
