|j|☆karrakarra
|j|☆beefdreams
|t:|1608245477
|player|p1|karrakarra|saturn|
|player|p2|beefdreams|2|
|teamsize|p1|6
|teamsize|p2|6
|gametype|singles
|gen|8
|tier|[Gen 8] PU
|rated|Tournament battle
|clearpoke
|poke|p1|Roserade, F|
|poke|p1|Rotom|
|poke|p1|Weezing, M|
|poke|p1|Aggron, M|
|poke|p1|Toxicroak, M|
|poke|p1|Absol, F|
|poke|p2|Mesprit|
|poke|p2|Scyther, M|
|poke|p2|Magmortar, F|
|poke|p2|Sirfetch’d, F|
|poke|p2|Aurorus, M|
|poke|p2|Silvally-*|
|rule|Sleep Clause Mod: Limit one foe put to sleep
|rule|Species Clause: Limit one of each Pokémon
|rule|OHKO Clause: OHKO moves are banned
|rule|Evasion Moves Clause: Evasion moves are banned
|rule|Endless Battle Clause: Forcing endless battles is banned
|rule|HP Percentage Mod: HP is shown in percentages
|rule|Dynamax Clause: You cannot dynamax
|teampreview
|j| MooasaurusRex
|j|+Lockjaw
|inactive|Battle timer is ON: inactive players will automatically lose when time's up. (requested by beefdreams)
|
|t:|1608245511
|start
|switch|p1a: Rotom|Rotom|100/100
|switch|p2a: Mesprit|Mesprit|100/100
|turn|1
|
|t:|1608245518
|move|p2a: Mesprit|Stealth Rock|p1a: Rotom
|-sidestart|p1: karrakarra|move: Stealth Rock
|move|p1a: Rotom|Volt Switch|p2a: Mesprit
|-damage|p2a: Mesprit|74/100
|j| SergioRules
|
|t:|1608245522
|switch|p1a: Aggron|Aggron, M|100/100|[from]move: Volt Switch
|-damage|p1a: Aggron|94/100|[from] Stealth Rock
|
|-heal|p2a: Mesprit|80/100|[from] item: Leftovers
|-heal|p1a: Aggron|100/100|[from] item: Leftovers
|upkeep
|turn|2
|
|t:|1608245529
|move|p2a: Mesprit|U-turn|p1a: Aggron
|-resisted|p1a: Aggron
|-damage|p1a: Aggron|96/100
|
|t:|1608245539
|switch|p2a: Sirfetch’d|Sirfetch’d, F|100/100|[from]move: U-turn
|move|p1a: Aggron|Stealth Rock|p2a: Sirfetch’d
|-sidestart|p2: beefdreams|move: Stealth Rock
|
|-heal|p1a: Aggron|100/100|[from] item: Leftovers
|upkeep
|turn|3
|j| RabbitsGoDojyaaan
|
|t:|1608245546
|switch|p1a: Weezing|Weezing, M|100/100
|-damage|p1a: Weezing|88/100|[from] Stealth Rock
|move|p2a: Sirfetch’d|Close Combat|p1a: Weezing
|-resisted|p1a: Weezing
|-crit|p1a: Weezing
|-damage|p1a: Weezing|51/100
|-unboost|p2a: Sirfetch’d|def|1
|-unboost|p2a: Sirfetch’d|spd|1
|-damage|p2a: Sirfetch’d|84/100|[from] item: Rocky Helmet|[of] p1a: Weezing
|
|upkeep
|turn|4
|
|t:|1608245558
|move|p2a: Sirfetch’d|Brave Bird|p1a: Weezing
|-crit|p1a: Weezing
|-damage|p1a: Weezing|7/100
|-damage|p2a: Sirfetch’d|67/100|[from] item: Rocky Helmet|[of] p1a: Weezing
|-damage|p2a: Sirfetch’d|49/100|[from] Recoil
|move|p1a: Weezing|Toxic Spikes|p2a: Sirfetch’d
|-sidestart|p2: beefdreams|move: Toxic Spikes
|
|upkeep
|turn|5
|
|t:|1608245567
|move|p2a: Sirfetch’d|Brave Bird|p1a: Weezing
|-crit|p1a: Weezing
|-damage|p1a: Weezing|0 fnt
|-damage|p2a: Sirfetch’d|33/100|[from] item: Rocky Helmet|[of] p1a: Weezing
|-damage|p2a: Sirfetch’d|30/100|[from] Recoil
|faint|p1a: Weezing
|
|upkeep
|
|t:|1608245572
|switch|p1a: Roserade|Roserade, F|100/100
|-damage|p1a: Roserade|88/100|[from] Stealth Rock
|turn|6
|
|t:|1608245579
|switch|p2a: Silvally|Silvally-Steel|100/100
|-damage|p2a: Silvally|94/100|[from] Stealth Rock
|move|p1a: Roserade|Sludge Bomb|p2a: Silvally
|-immune|p2a: Silvally
|
|-heal|p1a: Roserade|94/100|[from] item: Black Sludge
|upkeep
|turn|7
|
|t:|1608245587
|move|p2a: Silvally|Swords Dance|p2a: Silvally
|-boost|p2a: Silvally|atk|2
|move|p1a: Roserade|Sleep Powder|p2a: Silvally
|-status|p2a: Silvally|slp|[from] move: Sleep Powder
|
|-heal|p1a: Roserade|100/100|[from] item: Black Sludge
|upkeep
|turn|8
|
|t:|1608245598
|switch|p1a: Aggron|Aggron, M|100/100
|-damage|p1a: Aggron|94/100|[from] Stealth Rock
|cant|p2a: Silvally|slp
|
|-heal|p1a: Aggron|100/100|[from] item: Leftovers
|upkeep
|turn|9
|
|t:|1608245610
|switch|p2a: Mesprit|Mesprit|80/100
|-damage|p2a: Mesprit|68/100|[from] Stealth Rock
|move|p1a: Aggron|Body Press|p2a: Mesprit
|-resisted|p2a: Mesprit
|-damage|p2a: Mesprit|51/100
|
|-heal|p2a: Mesprit|57/100|[from] item: Leftovers
|upkeep
|turn|10
|
|t:|1608245621
|move|p2a: Mesprit|Psychic|p1a: Aggron
|-resisted|p1a: Aggron
|-damage|p1a: Aggron|79/100
|move|p1a: Aggron|Head Smash|p2a: Mesprit
|-damage|p2a: Mesprit|0 fnt
|faint|p2a: Mesprit
|
|-heal|p1a: Aggron|85/100|[from] item: Leftovers
|upkeep
|
|t:|1608245632
|switch|p2a: Magmortar|Magmortar, F|100/100
|turn|11
|
|t:|1608245639
|switch|p1a: Rotom|Rotom|100/100
|-damage|p1a: Rotom|88/100|[from] Stealth Rock
|move|p2a: Magmortar|Scorching Sands|p1a: Rotom
|-immune|p1a: Rotom|[from] ability: Levitate
|
|upkeep
|turn|12
|
|t:|1608245655
|move|p2a: Magmortar|Flame Charge|p1a: Rotom
|-damage|p1a: Rotom|66/100
|-boost|p2a: Magmortar|spe|1
|move|p1a: Rotom|Toxic|p2a: Magmortar
|-status|p2a: Magmortar|tox
|
|-damage|p2a: Magmortar|94/100 tox|[from] psn
|upkeep
|turn|13
|j| Heracross2.0
|
|t:|1608245664
|move|p2a: Magmortar|Fire Blast|p1a: Rotom
|-damage|p1a: Rotom|3/100
|move|p1a: Rotom|Volt Switch|p2a: Magmortar
|-damage|p2a: Magmortar|68/100 tox
|
|t:|1608245670
|switch|p1a: Absol|Absol, F|100/100|[from]move: Volt Switch
|-damage|p1a: Absol|88/100|[from] Stealth Rock
|
|-damage|p2a: Magmortar|55/100 tox|[from] psn
|upkeep
|turn|14
|
|t:|1608245677
|move|p1a: Absol|Sucker Punch|p2a: Magmortar
|-damage|p2a: Magmortar|0 fnt
|faint|p2a: Magmortar
|
|upkeep
|
|t:|1608245685
|switch|p2a: Sirfetch’d|Sirfetch’d, F|30/100
|-damage|p2a: Sirfetch’d|24/100|[from] Stealth Rock
|-status|p2a: Sirfetch’d|psn
|turn|15
|
|t:|1608245689
|switch|p1a: Rotom|Rotom|3/100
|-damage|p1a: Rotom|0 fnt|[from] Stealth Rock
|faint|p1a: Rotom
|move|p2a: Sirfetch’d|First Impression|p1: Rotom|[notarget]
|-fail|p2a: Sirfetch’d
|
|-damage|p2a: Sirfetch’d|11/100 psn|[from] psn
|upkeep
|
|t:|1608245697
|switch|p1a: Absol|Absol, F|88/100
|-damage|p1a: Absol|76/100|[from] Stealth Rock
|turn|16
|
|t:|1608245706
|switch|p2a: Scyther|Scyther, M|100/100
|move|p1a: Absol|Sucker Punch||[still]
|-fail|p1a: Absol
|
|upkeep
|turn|17
|
|t:|1608245711
|move|p2a: Scyther|U-turn|p1a: Absol
|-supereffective|p1a: Absol
|-damage|p1a: Absol|0 fnt
|faint|p1a: Absol
|
|t:|1608245718
|switch|p2a: Aurorus|Aurorus, M|100/100|[from]move: U-turn
|-damage|p2a: Aurorus|76/100|[from] Stealth Rock
|-status|p2a: Aurorus|psn
|-weather|Hail|[from] ability: Snow Warning|[of] p2a: Aurorus
|
|-weather|Hail|[upkeep]
|-damage|p2a: Aurorus|63/100 psn|[from] psn
|upkeep
|
|t:|1608245733
|switch|p1a: Toxicroak|Toxicroak, M|100/100
|-damage|p1a: Toxicroak|94/100|[from] Stealth Rock
|turn|18
|
|t:|1608245737
|move|p1a: Toxicroak|Vacuum Wave|p2a: Aurorus
|-supereffective|p2a: Aurorus
|-damage|p2a: Aurorus|0 fnt
|-damage|p1a: Toxicroak|85/100|[from] item: Life Orb
|faint|p2a: Aurorus
|
|-weather|Hail|[upkeep]
|-damage|p1a: Toxicroak|78/100|[from] Hail
|upkeep
|
|t:|1608245745
|switch|p2a: Scyther|Scyther, M|100/100
|turn|19
|
|t:|1608245749
|switch|p1a: Aggron|Aggron, M|85/100
|-damage|p1a: Aggron|79/100|[from] Stealth Rock
|move|p2a: Scyther|Dual Wingbeat|p1a: Aggron
|-resisted|p1a: Aggron
|-damage|p1a: Aggron|75/100
|-resisted|p1a: Aggron
|-damage|p1a: Aggron|72/100
|-hitcount|p1a: Aggron|2
|
|-weather|Hail|[upkeep]
|-damage|p2a: Scyther|94/100|[from] Hail
|-damage|p1a: Aggron|66/100|[from] Hail
|-heal|p1a: Aggron|72/100|[from] item: Leftovers
|upkeep
|turn|20
|j| Riquelme14
|
|t:|1608245761
|move|p2a: Scyther|U-turn|p1a: Aggron
|-resisted|p1a: Aggron
|-damage|p1a: Aggron|64/100
|
|t:|1608245764
|switch|p2a: Silvally|Silvally-Steel|94/100 slp|[from]move: U-turn
|-damage|p2a: Silvally|88/100 slp|[from] Stealth Rock
|move|p1a: Aggron|Head Smash|p2a: Silvally|[miss]
|-miss|p1a: Aggron|p2a: Silvally
|
|-weather|Hail|[upkeep]
|-damage|p2a: Silvally|82/100 slp|[from] Hail
|-damage|p1a: Aggron|58/100|[from] Hail
|-heal|p1a: Aggron|64/100|[from] item: Leftovers
|upkeep
|turn|21
|
|t:|1608245774
|-curestatus|p2a: Silvally|slp|[msg]
|move|p2a: Silvally|Swords Dance|p2a: Silvally
|-boost|p2a: Silvally|atk|2
|move|p1a: Aggron|Body Press|p2a: Silvally
|-supereffective|p2a: Silvally
|-damage|p2a: Silvally|19/100
|
|-weather|none
|-heal|p1a: Aggron|70/100|[from] item: Leftovers
|upkeep
|turn|22
|l| Riquelme14
|
|t:|1608245783
|switch|p1a: Roserade|Roserade, F|100/100
|-damage|p1a: Roserade|88/100|[from] Stealth Rock
|move|p2a: Silvally|Multi-Attack|p1a: Roserade
|-damage|p1a: Roserade|0 fnt
|faint|p1a: Roserade
|
|upkeep
|
|t:|1608245785
|switch|p1a: Toxicroak|Toxicroak, M|78/100
|-damage|p1a: Toxicroak|72/100|[from] Stealth Rock
|turn|23
|
|t:|1608245795
|switch|p2a: Scyther|Scyther, M|94/100
|move|p1a: Toxicroak|Vacuum Wave|p2a: Scyther
|-resisted|p2a: Scyther
|-damage|p2a: Scyther|88/100
|-damage|p1a: Toxicroak|62/100|[from] item: Life Orb
|
|upkeep
|turn|24
|
|t:|1608245801
|switch|p1a: Aggron|Aggron, M|70/100
|-damage|p1a: Aggron|64/100|[from] Stealth Rock
|move|p2a: Scyther|U-turn|p1a: Aggron
|-resisted|p1a: Aggron
|-damage|p1a: Aggron|56/100
|
|t:|1608245809
|switch|p2a: Silvally|Silvally-Steel|19/100|[from]move: U-turn
|-damage|p2a: Silvally|13/100|[from] Stealth Rock
|
|-heal|p1a: Aggron|62/100|[from] item: Leftovers
|upkeep
|turn|25
|
|t:|1608245815
|move|p2a: Silvally|Multi-Attack|p1a: Aggron
|-crit|p1a: Aggron
|-damage|p1a: Aggron|14/100
|move|p1a: Aggron|Body Press|p2a: Silvally
|-supereffective|p2a: Silvally
|-damage|p2a: Silvally|0 fnt
|faint|p2a: Silvally
|
|-heal|p1a: Aggron|20/100|[from] item: Leftovers
|upkeep
|j| Jurabala mono GP
|
|t:|1608245825
|switch|p2a: Sirfetch’d|Sirfetch’d, F|11/100 psn
|-damage|p2a: Sirfetch’d|5/100 psn|[from] Stealth Rock
|turn|26
|
|t:|1608245830
|switch|p1a: Toxicroak|Toxicroak, M|62/100
|-damage|p1a: Toxicroak|56/100|[from] Stealth Rock
|move|p2a: Sirfetch’d|Close Combat|p1a: Toxicroak
|-resisted|p1a: Toxicroak
|-crit|p1a: Toxicroak
|-damage|p1a: Toxicroak|0 fnt
|-unboost|p2a: Sirfetch’d|def|1
|-unboost|p2a: Sirfetch’d|spd|1
|faint|p1a: Toxicroak
|
|-damage|p2a: Sirfetch’d|0 fnt|[from] psn
|faint|p2a: Sirfetch’d
|upkeep
|
|t:|1608245841
|switch|p1a: Aggron|Aggron, M|20/100
|switch|p2a: Scyther|Scyther, M|88/100
|-damage|p1a: Aggron|14/100|[from] Stealth Rock
|turn|27
|l| Heracross2.0
|
|t:|1608245849
|move|p2a: Scyther|U-turn|p1a: Aggron
|-resisted|p1a: Aggron
|-damage|p1a: Aggron|6/100
|move|p1a: Aggron|Head Smash|p2a: Scyther|[miss]
|-miss|p1a: Aggron|p2a: Scyther
|
|-heal|p1a: Aggron|12/100|[from] item: Leftovers
|upkeep
|turn|28
|j| stealinyournuteams
|
|t:|1608245857
|move|p2a: Scyther|U-turn|p1a: Aggron
|-resisted|p1a: Aggron
|-damage|p1a: Aggron|4/100
|move|p1a: Aggron|Head Smash|p2a: Scyther
|-supereffective|p2a: Scyther
|-damage|p2a: Scyther|0 fnt
|faint|p2a: Scyther
|
|win|karrakarra
|n|☆karrakarra|karrakarra
|n|☆beefdreams|beefdreams
|n| MooasaurusRex|mooasaurusrex
|n|+Lockjaw|lockjaw
|n| SergioRules|sergiorules
|n| RabbitsGoDojyaaan|rabbitsgodojyaaan
|n| Jurabala mono GP|jurabalamonogp
|n| stealinyournuteams|stealinyournuteams
