|raw|<div class="broadcast-blue"><strong>This battle is required to be public due to a player having a name starting with 'pult4c1'.</div>
|j|☆Joke sets
|j|☆PULT4C1 Carmin
|t:|1660938095
|gametype|singles
|player|p1|Joke sets|1|1427
|player|p2|PULT4C1 Carmin|firebreather|1480
|teamsize|p1|6
|teamsize|p2|6
|gen|8
|tier|[Gen 8] PU
|rated|
|rule|Sleep Clause Mod: Limit one foe put to sleep
|rule|Species Clause: Limit one of each Pokémon
|rule|OHKO Clause: OHKO moves are banned
|rule|Evasion Items Clause: Evasion items are banned
|rule|Evasion Moves Clause: Evasion moves are banned
|rule|Endless Battle Clause: Forcing endless battles is banned
|rule|HP Percentage Mod: HP is shown in percentages
|rule|Dynamax Clause: You cannot dynamax
|clearpoke
|poke|p1|Shuckle, M|
|poke|p1|Arctovish|
|poke|p1|Wishiwashi, F|
|poke|p1|Basculin, F|
|poke|p1|Lanturn, M|
|poke|p1|Jellicent, M|
|poke|p2|Golduck, M|
|poke|p2|Kangaskhan, F|
|poke|p2|Aromatisse, F|
|poke|p2|Doublade, M|
|poke|p2|Coalossal, F|
|poke|p2|Altaria, F|
|teampreview
|inactive|Battle timer is ON: inactive players will automatically lose when time's up. (requested by PULT4C1 Carmin)
|
|t:|1660938124
|start
|switch|p1a: Shuckle|Shuckle, M, shiny|100/100
|switch|p2a: Kangaskhan|Kangaskhan, F|100/100
|turn|1
|
|t:|1660938130
|move|p2a: Kangaskhan|Fake Out|p1a: Shuckle
|-resisted|p1a: Shuckle
|-damage|p1a: Shuckle|95/100
|cant|p1a: Shuckle|flinch
|
|upkeep
|turn|2
|
|t:|1660938138
|move|p2a: Kangaskhan|Earthquake|p1a: Shuckle
|-damage|p1a: Shuckle|77/100
|move|p1a: Shuckle|Encore|p2a: Kangaskhan
|-start|p2a: Kangaskhan|Encore
|
|upkeep
|turn|3
|
|t:|1660938151
|switch|p2a: Golduck|Golduck, M|100/100
|-ability|p2a: Golduck|Cloud Nine
|move|p1a: Shuckle|Sticky Web|p2a: Golduck
|-sidestart|p2: PULT4C1 Carmin|move: Sticky Web
|
|upkeep
|turn|4
|
|t:|1660938160
|switch|p1a: Arctovish|Arctovish|100/100
|move|p2a: Golduck|Surf|p1a: Arctovish
|-immune|p1a: Arctovish|[from] ability: Water Absorb
|
|upkeep
|turn|5
|
|t:|1660938173
|switch|p2a: Altaria|Altaria, F|100/100
|move|p1a: Arctovish|Fishious Rend|p2a: Altaria
|-resisted|p2a: Altaria
|-damage|p2a: Altaria|50/100
|-damage|p1a: Arctovish|91/100|[from] item: Life Orb
|
|upkeep
|turn|6
|
|t:|1660938179
|move|p2a: Altaria|Roost|p2a: Altaria
|-heal|p2a: Altaria|99/100
|-singleturn|p2a: Altaria|move: Roost
|move|p1a: Arctovish|Freeze-Dry|p2a: Altaria
|-supereffective|p2a: Altaria
|-damage|p2a: Altaria|60/100
|-damage|p1a: Arctovish|81/100|[from] item: Life Orb
|
|upkeep
|turn|7
|
|t:|1660938188
|move|p2a: Altaria|Roost|p2a: Altaria
|-heal|p2a: Altaria|100/100
|-singleturn|p2a: Altaria|move: Roost
|move|p1a: Arctovish|Icicle Crash|p2a: Altaria
|-supereffective|p2a: Altaria
|-damage|p2a: Altaria|0 fnt
|faint|p2a: Altaria
|-damage|p1a: Arctovish|71/100|[from] item: Life Orb
|
|upkeep
|
|t:|1660938197
|switch|p2a: Kangaskhan|Kangaskhan, F|100/100
|-activate|p2a: Kangaskhan|move: Sticky Web
|-unboost|p2a: Kangaskhan|spe|1
|turn|8
|
|t:|1660938203
|switch|p1a: Shuckle|Shuckle, M, shiny|77/100
|move|p2a: Kangaskhan|Fake Out|p1a: Shuckle
|-resisted|p1a: Shuckle
|-damage|p1a: Shuckle|71/100
|
|upkeep
|turn|9
|
|t:|1660938209
|switch|p2a: Coalossal|Coalossal, F|100/100
|move|p1a: Shuckle|Stealth Rock|p2a: Coalossal
|-sidestart|p2: PULT4C1 Carmin|move: Stealth Rock
|
|upkeep
|turn|10
|
|t:|1660938214
|switch|p1a: Jellicent|Jellicent, M|100/100
|move|p2a: Coalossal|Stealth Rock|p1a: Jellicent
|-sidestart|p1: Joke sets|move: Stealth Rock
|
|upkeep
|turn|11
|
|t:|1660938220
|switch|p2a: Kangaskhan|Kangaskhan, F|100/100
|-activate|p2a: Kangaskhan|move: Sticky Web
|-unboost|p2a: Kangaskhan|spe|1
|-damage|p2a: Kangaskhan|88/100|[from] Stealth Rock
|move|p1a: Jellicent|Taunt|p2a: Kangaskhan
|-start|p2a: Kangaskhan|move: Taunt
|
|upkeep
|turn|12
|
|t:|1660938228
|move|p2a: Kangaskhan|Fake Out|p1a: Jellicent
|-damage|p1a: Jellicent|76/100
|cant|p1a: Jellicent|flinch
|
|upkeep
|turn|13
|
|t:|1660938232
|move|p1a: Jellicent|Recover|p1a: Jellicent
|-heal|p1a: Jellicent|100/100
|move|p2a: Kangaskhan|Double-Edge|p1a: Jellicent
|-damage|p1a: Jellicent|31/100
|-damage|p2a: Kangaskhan|62/100|[from] Recoil
|
|-end|p2a: Kangaskhan|move: Taunt
|upkeep
|turn|14
|j| PULT4C1 Haffling
|
|t:|1660938240
|move|p1a: Jellicent|Recover|p1a: Jellicent
|-heal|p1a: Jellicent|81/100
|move|p2a: Kangaskhan|Double-Edge|p1a: Jellicent
|-damage|p1a: Jellicent|3/100
|-damage|p2a: Kangaskhan|32/100|[from] Recoil
|
|upkeep
|turn|15
|
|t:|1660938250
|move|p1a: Jellicent|Recover|p1a: Jellicent
|-heal|p1a: Jellicent|53/100
|move|p2a: Kangaskhan|Double-Edge|p1a: Jellicent
|-damage|p1a: Jellicent|0 fnt
|-start|p2a: Kangaskhan|Disable|Double-Edge|[from] ability: Cursed Body|[of] p1a: Jellicent
|faint|p1a: Jellicent
|-damage|p2a: Kangaskhan|12/100|[from] Recoil
|
|upkeep
|
|t:|1660938270
|switch|p1a: Shuckle|Shuckle, M, shiny|71/100
|-damage|p1a: Shuckle|46/100|[from] Stealth Rock
|turn|16
|
|t:|1660938275
|switch|p2a: Coalossal|Coalossal, F|100/100
|move|p1a: Shuckle|Final Gambit|p2a: Coalossal
|-damage|p2a: Coalossal|74/100
|faint|p1a: Shuckle
|
|upkeep
|
|t:|1660938289
|switch|p1a: Basculin|Basculin, F|100/100
|-damage|p1a: Basculin|88/100|[from] Stealth Rock
|turn|17
|
|t:|1660938299
|switch|p2a: Kangaskhan|Kangaskhan, F|12/100
|-activate|p2a: Kangaskhan|move: Sticky Web
|-unboost|p2a: Kangaskhan|spe|1
|-damage|p2a: Kangaskhan|0 fnt|[from] Stealth Rock
|faint|p2a: Kangaskhan
|move|p1a: Basculin|Flip Turn|p2: Kangaskhan|[notarget]
|-fail|p1a: Basculin
|
|upkeep
|
|t:|1660938304
|switch|p2a: Aromatisse|Aromatisse, F|100/100
|-activate|p2a: Aromatisse|move: Sticky Web
|-unboost|p2a: Aromatisse|spe|1
|-damage|p2a: Aromatisse|88/100|[from] Stealth Rock
|turn|18
|
|t:|1660938310
|move|p1a: Basculin|Flip Turn|p2a: Aromatisse
|-crit|p2a: Aromatisse
|-damage|p2a: Aromatisse|29/100
|
|t:|1660938319
|switch|p1a: Wishiwashi|Wishiwashi, F|100/100|[from]move: Flip Turn
|-damage|p1a: Wishiwashi|88/100|[from] Stealth Rock
|-formechange|p1a: Wishiwashi|Wishiwashi-School||[from] ability: Schooling
|move|p2a: Aromatisse|Moonblast|p1a: Wishiwashi
|-damage|p1a: Wishiwashi|53/100
|
|-heal|p2a: Aromatisse|35/100|[from] item: Leftovers
|upkeep
|turn|19
|
|t:|1660938329
|move|p2a: Aromatisse|Protect|p2a: Aromatisse
|-singleturn|p2a: Aromatisse|Protect
|move|p1a: Wishiwashi|Hydro Pump|p2a: Aromatisse
|-activate|p2a: Aromatisse|move: Protect
|
|-heal|p2a: Aromatisse|41/100|[from] item: Leftovers
|upkeep
|turn|20
|
|t:|1660938335
|move|p1a: Wishiwashi|Hydro Pump|p2a: Aromatisse
|-damage|p2a: Aromatisse|0 fnt
|faint|p2a: Aromatisse
|
|upkeep
|
|t:|1660938339
|switch|p2a: Golduck|Golduck, M|100/100
|-activate|p2a: Golduck|move: Sticky Web
|-unboost|p2a: Golduck|spe|1
|-damage|p2a: Golduck|88/100|[from] Stealth Rock
|-ability|p2a: Golduck|Cloud Nine
|turn|21
|
|t:|1660938351
|switch|p1a: Lanturn|Lanturn, M|100/100
|-damage|p1a: Lanturn|88/100|[from] Stealth Rock
|move|p2a: Golduck|Psychic|p1a: Lanturn
|-damage|p1a: Lanturn|62/100
|
|-heal|p1a: Lanturn|69/100|[from] item: Leftovers
|upkeep
|turn|22
|
|t:|1660938359
|move|p2a: Golduck|Psychic|p1a: Lanturn
|-damage|p1a: Lanturn|42/100
|-unboost|p1a: Lanturn|spd|1
|move|p1a: Lanturn|Volt Switch|p2a: Golduck
|-supereffective|p2a: Golduck
|-damage|p2a: Golduck|32/100
|
|t:|1660938381
|switch|p1a: Arctovish|Arctovish|71/100|[from]move: Volt Switch
|-damage|p1a: Arctovish|46/100|[from] Stealth Rock
|
|upkeep
|turn|23
|
|t:|1660938393
|switch|p2a: Coalossal|Coalossal, F|74/100
|move|p1a: Arctovish|Freeze-Dry|p2a: Coalossal
|-resisted|p2a: Coalossal
|-crit|p2a: Coalossal
|-damage|p2a: Coalossal|63/100
|-damage|p1a: Arctovish|36/100|[from] item: Life Orb
|
|upkeep
|turn|24
|
|t:|1660938400
|move|p1a: Arctovish|Fishious Rend|p2a: Coalossal
|-supereffective|p2a: Coalossal
|-damage|p2a: Coalossal|0 fnt
|faint|p2a: Coalossal
|-damage|p1a: Arctovish|26/100|[from] item: Life Orb
|
|upkeep
|
|t:|1660938410
|switch|p2a: Doublade|Doublade, M|100/100
|-activate|p2a: Doublade|move: Sticky Web
|-unboost|p2a: Doublade|spe|1
|-damage|p2a: Doublade|94/100|[from] Stealth Rock
|turn|25
|
|t:|1660938415
|move|p2a: Doublade|Shadow Sneak|p1a: Arctovish
|-damage|p1a: Arctovish|5/100
|move|p1a: Arctovish|Crunch|p2a: Doublade
|-supereffective|p2a: Doublade
|-damage|p2a: Doublade|59/100
|-unboost|p2a: Doublade|def|1
|-damage|p1a: Arctovish|0 fnt|[from] item: Life Orb
|faint|p1a: Arctovish
|
|upkeep
|
|t:|1660938423
|switch|p1a: Wishiwashi|Wishiwashi, F|53/100
|-damage|p1a: Wishiwashi|41/100|[from] Stealth Rock
|-formechange|p1a: Wishiwashi|Wishiwashi-School||[from] ability: Schooling
|turn|26
|
|t:|1660938431
|switch|p2a: Golduck|Golduck, M|32/100
|-activate|p2a: Golduck|move: Sticky Web
|-unboost|p2a: Golduck|spe|1
|-damage|p2a: Golduck|19/100|[from] Stealth Rock
|-ability|p2a: Golduck|Cloud Nine
|move|p1a: Wishiwashi|Hydro Pump|p2a: Golduck
|-resisted|p2a: Golduck
|-damage|p2a: Golduck|0 fnt
|faint|p2a: Golduck
|
|upkeep
|
|t:|1660938432
|switch|p2a: Doublade|Doublade, M|59/100
|-activate|p2a: Doublade|move: Sticky Web
|-unboost|p2a: Doublade|spe|1
|-damage|p2a: Doublade|53/100|[from] Stealth Rock
|turn|27
|
|t:|1660938444
|move|p1a: Wishiwashi|Hydro Pump|p2a: Doublade
|-damage|p2a: Doublade|0 fnt
|faint|p2a: Doublade
|
|win|Joke sets
|raw|Joke sets's rating: 1427 &rarr; <strong>1450</strong><br />(+23 for winning)
|raw|PULT4C1 Carmin's rating: 1480 &rarr; <strong>1457</strong><br />(-23 for losing)
|l|☆PULT4C1 Carmin
||Ladder isn't responding, score probably updated but might not have (Request timeout).
