|html|<div class="broadcast-blue"><strong>[Gen 8] PU is currently suspecting Espeon! For information on how to participate check out the <a href="https://www.smogon.com/forums/threads/np-pu-stage-8-magic-bounce.3697962/">suspect thread</a>.</strong></div>
|j|☆PU8E sloop
|j|☆toxic boosted
|t:|1645439857
|gametype|singles
|player|p1|PU8E sloop|2|1251
|player|p2|toxic boosted|bianca|1331
|teamsize|p1|6
|teamsize|p2|6
|gen|8
|tier|[Gen 8] PU
|rated|
|rule|Sleep Clause Mod: Limit one foe put to sleep
|rule|Species Clause: Limit one of each Pokémon
|rule|OHKO Clause: OHKO moves are banned
|rule|Evasion Moves Clause: Evasion moves are banned
|rule|Endless Battle Clause: Forcing endless battles is banned
|rule|HP Percentage Mod: HP is shown in percentages
|rule|Dynamax Clause: You cannot dynamax
|clearpoke
|poke|p1|Espeon, M|
|poke|p1|Scyther, M|
|poke|p1|Wishiwashi, F|
|poke|p1|Stunfisk-Galar, F|
|poke|p1|Flapple, F|
|poke|p1|Weezing, M|
|poke|p2|Articuno-Galar|
|poke|p2|Scrafty, M|
|poke|p2|Aggron, M|
|poke|p2|Whimsicott, F|
|poke|p2|Sandaconda, F|
|poke|p2|Silvally-*|
|teampreview
|
|t:|1645439900
|start
|switch|p1a: Espeon|Espeon, M|100/100
|switch|p2a: Silvally|Silvally-Dragon|100/100
|turn|1
|
|t:|1645439914
|switch|p2a: Articuno|Articuno-Galar|100/100
|move|p1a: Espeon|Reflect|p1a: Espeon
|-sidestart|p1: PU8E sloop|Reflect
|
|upkeep
|turn|2
|
|t:|1645439921
|switch|p1a: Stunfisk|Stunfisk-Galar, F|100/100
|move|p2a: Articuno|Future Sight|p1a: Stunfisk
|-start|p2a: Articuno|move: Future Sight
|
|upkeep
|turn|3
|
|t:|1645439925
|move|p2a: Articuno|U-turn|p1a: Stunfisk
|-resisted|p1a: Stunfisk
|-damage|p1a: Stunfisk|98/100
|
|t:|1645439930
|switch|p2a: Scrafty|Scrafty, M|100/100|[from]move: U-turn
|-ability|p2a: Scrafty|Intimidate|boost
|-unboost|p1a: Stunfisk|atk|1
|move|p1a: Stunfisk|Stealth Rock|p2a: Scrafty
|-sidestart|p2: toxic boosted|move: Stealth Rock
|
|-heal|p1a: Stunfisk|100/100|[from] item: Leftovers
|upkeep
|turn|4
|
|t:|1645439940
|move|p1a: Stunfisk|Protect|p1a: Stunfisk
|-singleturn|p1a: Stunfisk|Protect
|move|p2a: Scrafty|Close Combat|p1a: Stunfisk
|-activate|p1a: Stunfisk|move: Protect
|
|-end|p1a: Stunfisk|move: Future Sight
|-resisted|p1a: Stunfisk
|-damage|p1a: Stunfisk|81/100
|-heal|p1a: Stunfisk|87/100|[from] item: Leftovers
|upkeep
|turn|5
|
|t:|1645439956
|switch|p2a: Articuno|Articuno-Galar|100/100
|switch|p1a: Scyther|Scyther, M|100/100
|
|-sideend|p1: PU8E sloop|Reflect
|upkeep
|turn|6
|
|t:|1645439965
|move|p1a: Scyther|U-turn|p2a: Articuno
|-damage|p2a: Articuno|63/100
|
|t:|1645439968
|switch|p1a: Stunfisk|Stunfisk-Galar, F|87/100|[from]move: U-turn
|move|p2a: Articuno|Recover|p2a: Articuno
|-heal|p2a: Articuno|100/100
|
|-heal|p1a: Stunfisk|94/100|[from] item: Leftovers
|upkeep
|turn|7
|
|t:|1645439975
|move|p2a: Articuno|U-turn|p1a: Stunfisk
|-resisted|p1a: Stunfisk
|-damage|p1a: Stunfisk|89/100
|
|t:|1645439980
|switch|p2a: Sandaconda|Sandaconda, F|100/100|[from]move: U-turn
|-damage|p2a: Sandaconda|94/100|[from] Stealth Rock
|move|p1a: Stunfisk|Stone Edge|p2a: Sandaconda
|-resisted|p2a: Sandaconda
|-crit|p2a: Sandaconda
|-damage|p2a: Sandaconda|85/100
|
|-heal|p2a: Sandaconda|91/100|[from] item: Leftovers
|-heal|p1a: Stunfisk|95/100|[from] item: Leftovers
|upkeep
|turn|8
|
|t:|1645439987
|switch|p1a: Espeon|Espeon, M|100/100
|move|p2a: Sandaconda|Earthquake|p1a: Espeon
|-damage|p1a: Espeon|63/100
|
|-heal|p1a: Espeon|69/100|[from] item: Leftovers
|-heal|p2a: Sandaconda|97/100|[from] item: Leftovers
|upkeep
|turn|9
|
|t:|1645439996
|switch|p2a: Aggron|Aggron, M|100/100
|-damage|p2a: Aggron|94/100|[from] Stealth Rock
|move|p1a: Espeon|Reflect|p1a: Espeon
|-sidestart|p1: PU8E sloop|Reflect
|
|-heal|p1a: Espeon|75/100|[from] item: Leftovers
|-heal|p2a: Aggron|100/100|[from] item: Leftovers
|upkeep
|turn|10
|
|t:|1645440006
|move|p1a: Espeon|Wish|p1a: Espeon
|move|p2a: Aggron|Stealth Rock|p1a: Espeon
|move|p1a: Espeon|Stealth Rock||[from]ability: Magic Bounce|[still]
|-fail|p1a: Espeon
|
|-heal|p1a: Espeon|81/100|[from] item: Leftovers
|upkeep
|turn|11
|
|t:|1645440011
|move|p1a: Espeon|Psychic|p2a: Aggron
|-resisted|p2a: Aggron
|-damage|p2a: Aggron|80/100
|move|p2a: Aggron|Stealth Rock|p1a: Espeon
|move|p1a: Espeon|Stealth Rock||[from]ability: Magic Bounce|[still]
|-fail|p1a: Espeon
|
|-heal|p1a: Espeon|100/100|[from] move: Wish|[wisher] Espeon
|-heal|p2a: Aggron|86/100|[from] item: Leftovers
|upkeep
|turn|12
|
|t:|1645440015
|move|p2a: Aggron|Protect|p2a: Aggron
|-singleturn|p2a: Aggron|Protect
|move|p1a: Espeon|Psychic|p2a: Aggron
|-activate|p2a: Aggron|move: Protect
|
|-heal|p2a: Aggron|92/100|[from] item: Leftovers
|upkeep
|turn|13
|
|t:|1645440021
|move|p1a: Espeon|Psychic|p2a: Aggron
|-resisted|p2a: Aggron
|-damage|p2a: Aggron|72/100
|move|p2a: Aggron|Heavy Slam|p1a: Espeon
|-damage|p1a: Espeon|79/100
|
|-heal|p1a: Espeon|85/100|[from] item: Leftovers
|-heal|p2a: Aggron|78/100|[from] item: Leftovers
|-sideend|p1: PU8E sloop|Reflect
|upkeep
|turn|14
|
|t:|1645440025
|move|p1a: Espeon|Reflect|p1a: Espeon
|-sidestart|p1: PU8E sloop|Reflect
|move|p2a: Aggron|Stealth Rock|p1a: Espeon
|move|p1a: Espeon|Stealth Rock||[from]ability: Magic Bounce|[still]
|-fail|p1a: Espeon
|
|-heal|p1a: Espeon|91/100|[from] item: Leftovers
|-heal|p2a: Aggron|85/100|[from] item: Leftovers
|upkeep
|turn|15
|
|t:|1645440029
|move|p2a: Aggron|Protect|p2a: Aggron
|-singleturn|p2a: Aggron|Protect
|move|p1a: Espeon|Psychic|p2a: Aggron
|-activate|p2a: Aggron|move: Protect
|
|-heal|p1a: Espeon|97/100|[from] item: Leftovers
|-heal|p2a: Aggron|91/100|[from] item: Leftovers
|upkeep
|turn|16
|
|t:|1645440037
|switch|p2a: Scrafty|Scrafty, M|100/100
|-damage|p2a: Scrafty|95/100|[from] Stealth Rock
|-ability|p2a: Scrafty|Intimidate|boost
|-unboost|p1a: Espeon|atk|1
|move|p1a: Espeon|Psychic|p2a: Scrafty
|-immune|p2a: Scrafty
|
|-heal|p1a: Espeon|100/100|[from] item: Leftovers
|upkeep
|turn|17
|
|t:|1645440045
|switch|p1a: Weezing|Weezing, M|100/100
|-ability|p1a: Weezing|Neutralizing Gas
|move|p2a: Scrafty|Knock Off|p1a: Weezing
|-damage|p1a: Weezing|81/100
|-damage|p2a: Scrafty|78/100|[from] item: Rocky Helmet|[of] p1a: Weezing
|-enditem|p1a: Weezing|Rocky Helmet|[from] move: Knock Off|[of] p2a: Scrafty
|
|upkeep
|turn|18
|
|t:|1645440052
|switch|p2a: Sandaconda|Sandaconda, F|97/100
|-damage|p2a: Sandaconda|91/100|[from] Stealth Rock
|move|p1a: Weezing|Toxic Spikes|p2a: Sandaconda
|-sidestart|p2: toxic boosted|move: Toxic Spikes
|
|-heal|p2a: Sandaconda|97/100|[from] item: Leftovers
|-sideend|p1: PU8E sloop|Reflect
|upkeep
|turn|19
|
|t:|1645440060
|-end|p1a: Weezing|ability: Neutralizing Gas
|switch|p1a: Flapple|Flapple, F|100/100
|move|p2a: Sandaconda|Earthquake|p1a: Flapple
|-resisted|p1a: Flapple
|-damage|p1a: Flapple|76/100
|
|-heal|p2a: Sandaconda|100/100|[from] item: Leftovers
|upkeep
|turn|20
|
|t:|1645440065
|switch|p2a: Whimsicott|Whimsicott, F|100/100
|move|p1a: Flapple|Grav Apple|p2a: Whimsicott
|-resisted|p2a: Whimsicott
|-damage|p2a: Whimsicott|50/100
|-unboost|p2a: Whimsicott|def|1
|-damage|p1a: Flapple|66/100|[from] item: Life Orb
|
|upkeep
|turn|21
|
|t:|1645440080
|switch|p1a: Scyther|Scyther, M|100/100
|move|p2a: Whimsicott|Defog|p1a: Scyther
|-unboost|p1a: Scyther|evasion|1
|-sideend|p2: toxic boosted|Toxic Spikes|[from] move: Defog|[of] p2a: Whimsicott
|-sideend|p2: toxic boosted|Stealth Rock|[from] move: Defog|[of] p2a: Whimsicott
|
|upkeep
|turn|22
|
|t:|1645440084
|move|p2a: Whimsicott|U-turn|p1a: Scyther
|-resisted|p1a: Scyther
|-damage|p1a: Scyther|95/100
|
|t:|1645440089
|switch|p2a: Sandaconda|Sandaconda, F|100/100|[from]move: U-turn
|move|p1a: Scyther|Knock Off|p2a: Sandaconda
|-damage|p2a: Sandaconda|84/100
|-enditem|p2a: Sandaconda|Leftovers|[from] move: Knock Off|[of] p1a: Scyther
|
|upkeep
|turn|23
|
|t:|1645440096
|move|p1a: Scyther|U-turn|p2a: Sandaconda
|-damage|p2a: Sandaconda|64/100
|
|t:|1645440097
|switch|p1a: Wishiwashi|Wishiwashi, F|100/100|[from]move: U-turn
|-formechange|p1a: Wishiwashi|Wishiwashi-School||[from] ability: Schooling
|move|p2a: Sandaconda|Stone Edge|p1a: Wishiwashi|[miss]
|-miss|p2a: Sandaconda|p1a: Wishiwashi
|
|upkeep
|turn|24
|
|t:|1645440111
|switch|p2a: Articuno|Articuno-Galar|100/100
|move|p1a: Wishiwashi|U-turn|p2a: Articuno
|-damage|p2a: Articuno|72/100
|
|t:|1645440116
|switch|p1a: Scyther|Scyther, M|95/100|[from]move: U-turn
|
|upkeep
|turn|25
|
|t:|1645440122
|move|p1a: Scyther|Knock Off|p2a: Articuno
|-supereffective|p2a: Articuno
|-damage|p2a: Articuno|0 fnt
|-enditem|p2a: Articuno|Heavy-Duty Boots|[from] move: Knock Off|[of] p1a: Scyther
|faint|p2a: Articuno
|
|upkeep
|
|t:|1645440129
|switch|p2a: Silvally|Silvally-Dragon|100/100
|turn|26
|
|t:|1645440133
|move|p1a: Scyther|Dual Wingbeat|p2a: Silvally
|-damage|p2a: Silvally|72/100
|-damage|p2a: Silvally|39/100
|-hitcount|p2a: Silvally|2
|move|p2a: Silvally|Work Up|p2a: Silvally
|-boost|p2a: Silvally|atk|1
|-boost|p2a: Silvally|spa|1
|
|upkeep
|turn|27
|
|t:|1645440137
|move|p1a: Scyther|Dual Wingbeat|p2a: Silvally
|-damage|p2a: Silvally|8/100
|-damage|p2a: Silvally|0 fnt
|faint|p2a: Silvally
|-hitcount|p2: Silvally|2
|
|upkeep
|-message|toxic boosted forfeited.
|
|win|PU8E sloop
|raw|PU8E sloop's rating: 1251 &rarr; <strong>1282</strong><br />(+31 for winning)
|raw|toxic boosted's rating: 1331 &rarr; <strong>1306</strong><br />(-25 for losing)
|l|☆toxic boosted
