|j|☆Hax ruins pokemon
|j|☆WellnessC
|t:|1609439460
|player|p1|Hax ruins pokemon|tuberf|1528
|player|p2|WellnessC|lenora|1302
|teamsize|p1|6
|teamsize|p2|6
|gametype|singles
|gen|8
|tier|[Gen 8] PU
|rated|
|clearpoke
|poke|p1|Mesprit|
|poke|p1|Togedemaru, F|
|poke|p1|Passimian, F|
|poke|p1|Exploud, M|
|poke|p1|Liepard, F|
|poke|p1|Cofagrigus, F|
|poke|p2|Tsareena, F|
|poke|p2|Hitmontop, M|
|poke|p2|Tauros, M|
|poke|p2|Vanilluxe, M|
|poke|p2|Spiritomb, F|
|poke|p2|Sandslash, M|
|rule|Sleep Clause Mod: Limit one foe put to sleep
|rule|Species Clause: Limit one of each Pokémon
|rule|OHKO Clause: OHKO moves are banned
|rule|Evasion Moves Clause: Evasion moves are banned
|rule|Endless Battle Clause: Forcing endless battles is banned
|rule|HP Percentage Mod: HP is shown in percentages
|rule|Dynamax Clause: You cannot dynamax
|teampreview
|
|t:|1609439471
|start
|switch|p1a: Cofagrigus|Cofagrigus, F|100/100
|switch|p2a: Vanilluxe|Vanilluxe, M|100/100
|-weather|Hail|[from] ability: Snow Warning|[of] p2a: Vanilluxe
|turn|1
|
|t:|1609439477
|switch|p1a: Togedemaru|Togedemaru, F|100/100
|move|p2a: Vanilluxe|Blizzard|p1a: Togedemaru
|-resisted|p1a: Togedemaru
|-damage|p1a: Togedemaru|75/100
|
|-weather|Hail|[upkeep]
|-damage|p1a: Togedemaru|69/100|[from] Hail
|upkeep
|turn|2
|
|t:|1609439485
|switch|p2a: Sandslash|Sandslash, M|100/100
|move|p1a: Togedemaru|U-turn|p2a: Sandslash
|-damage|p2a: Sandslash|90/100
|
|t:|1609439488
|switch|p1a: Exploud|Exploud, M|100/100|[from]move: U-turn
|
|-weather|Hail|[upkeep]
|-damage|p1a: Exploud|94/100|[from] Hail
|-damage|p2a: Sandslash|84/100|[from] Hail
|-heal|p2a: Sandslash|90/100|[from] item: Leftovers
|upkeep
|turn|3
|
|t:|1609439522
|switch|p2a: Vanilluxe|Vanilluxe, M|100/100
|move|p1a: Exploud|Boomburst|p2a: Vanilluxe
|-damage|p2a: Vanilluxe|0 fnt
|faint|p2a: Vanilluxe
|
|-weather|Hail|[upkeep]
|-damage|p1a: Exploud|88/100|[from] Hail
|upkeep
|
|t:|1609439531
|switch|p2a: Tauros|Tauros, M|100/100
|turn|4
|
|t:|1609439534
|switch|p1a: Cofagrigus|Cofagrigus, F|100/100
|move|p2a: Tauros|Throat Chop|p1a: Cofagrigus
|-supereffective|p1a: Cofagrigus
|-damage|p1a: Cofagrigus|41/100
|-activate|p1a: Cofagrigus|ability: Mummy|Sheer Force|[of] p2a: Tauros
|-damage|p2a: Tauros|91/100|[from] item: Life Orb
|
|-weather|Hail|[upkeep]
|-damage|p2a: Tauros|84/100|[from] Hail
|-damage|p1a: Cofagrigus|35/100|[from] Hail
|-heal|p1a: Cofagrigus|41/100|[from] item: Leftovers
|upkeep
|turn|5
|
|t:|1609439635
|switch|p1a: Passimian|Passimian, F|100/100
|move|p2a: Tauros|Throat Chop|p1a: Passimian
|-resisted|p1a: Passimian
|-damage|p1a: Passimian|84/100
|-start|p1a: Passimian|Throat Chop|[silent]
|-damage|p2a: Tauros|74/100|[from] item: Life Orb
|
|-weather|none
|upkeep
|turn|6
|
|t:|1609439651
|switch|p2a: Sandslash|Sandslash, M|90/100
|move|p1a: Passimian|U-turn|p2a: Sandslash
|-damage|p2a: Sandslash|76/100
|
|t:|1609439682
|switch|p1a: Exploud|Exploud, M|88/100|[from]move: U-turn
|
|-heal|p2a: Sandslash|82/100|[from] item: Leftovers
|upkeep
|turn|7
|
|t:|1609439691
|switch|p2a: Hitmontop|Hitmontop, M|100/100
|move|p1a: Exploud|Boomburst|p2a: Hitmontop
|-damage|p2a: Hitmontop|0 fnt
|faint|p2a: Hitmontop
|
|upkeep
|
|t:|1609439698
|switch|p2a: Tauros|Tauros, M|74/100
|turn|8
|
|t:|1609439714
|switch|p1a: Passimian|Passimian, F|84/100
|move|p2a: Tauros|Throat Chop|p1a: Passimian
|-resisted|p1a: Passimian
|-damage|p1a: Passimian|63/100
|
|upkeep
|turn|9
|
|t:|1609439723
|switch|p2a: Sandslash|Sandslash, M|82/100
|move|p1a: Passimian|Close Combat|p2a: Sandslash
|-damage|p2a: Sandslash|46/100
|-unboost|p1a: Passimian|def|1
|-unboost|p1a: Passimian|spd|1
|
|-heal|p2a: Sandslash|52/100|[from] item: Leftovers
|upkeep
|turn|10
|
|t:|1609439732
|switch|p1a: Exploud|Exploud, M|88/100
|move|p2a: Sandslash|Stealth Rock|p1a: Exploud
|-sidestart|p1: Hax ruins pokemon|move: Stealth Rock
|
|-heal|p2a: Sandslash|59/100|[from] item: Leftovers
|upkeep
|turn|11
|
|t:|1609439739
|move|p1a: Exploud|Boomburst|p2a: Sandslash
|-damage|p2a: Sandslash|0 fnt
|faint|p2a: Sandslash
|
|upkeep
|
|t:|1609439741
|switch|p2a: Tauros|Tauros, M|74/100
|turn|12
|
|t:|1609439749
|move|p2a: Tauros|Body Slam|p1a: Exploud
|-damage|p1a: Exploud|0 fnt
|faint|p1a: Exploud
|
|upkeep
|
|t:|1609439769
|switch|p1a: Mesprit|Mesprit|100/100
|-damage|p1a: Mesprit|88/100|[from] Stealth Rock
|turn|13
|
|t:|1609439773
|move|p2a: Tauros|Throat Chop|p1a: Mesprit
|-supereffective|p1a: Mesprit
|-damage|p1a: Mesprit|37/100
|move|p1a: Mesprit|Stealth Rock|p2a: Tauros
|-sidestart|p2: WellnessC|move: Stealth Rock
|
|-heal|p1a: Mesprit|43/100|[from] item: Leftovers
|upkeep
|turn|14
|c|☆Hax ruins pokemon|ow
|
|t:|1609439781
|move|p2a: Tauros|Throat Chop|p1a: Mesprit
|-supereffective|p1a: Mesprit
|-damage|p1a: Mesprit|0 fnt
|faint|p1a: Mesprit
|
|upkeep
|
|t:|1609439789
|switch|p1a: Passimian|Passimian, F|63/100
|-damage|p1a: Passimian|57/100|[from] Stealth Rock
|turn|15
|
|t:|1609439800
|switch|p2a: Spiritomb|Spiritomb, F|100/100
|-damage|p2a: Spiritomb|88/100|[from] Stealth Rock
|move|p1a: Passimian|U-turn|p2a: Spiritomb
|-damage|p2a: Spiritomb|70/100
|
|t:|1609439810
|switch|p1a: Togedemaru|Togedemaru, F|69/100|[from]move: U-turn
|-damage|p1a: Togedemaru|63/100|[from] Stealth Rock
|
|-heal|p2a: Spiritomb|76/100|[from] item: Leftovers
|upkeep
|turn|16
|
|t:|1609439816
|move|p2a: Spiritomb|Sucker Punch||[still]
|-fail|p2a: Spiritomb
|move|p1a: Togedemaru|Wish|p1a: Togedemaru
|
|-heal|p2a: Spiritomb|82/100|[from] item: Leftovers
|upkeep
|turn|17
|j| Haffling
|
|t:|1609439823
|move|p1a: Togedemaru|Spiky Shield|p1a: Togedemaru
|-singleturn|p1a: Togedemaru|move: Protect
|move|p2a: Spiritomb|Poltergeist|p1a: Togedemaru
|-activate|p1a: Togedemaru|move: Protect
|
|-heal|p1a: Togedemaru|100/100|[from] move: Wish|[wisher] Togedemaru
|-heal|p2a: Spiritomb|88/100|[from] item: Leftovers
|upkeep
|turn|18
|
|t:|1609439827
|move|p1a: Togedemaru|Wish|p1a: Togedemaru
|move|p2a: Spiritomb|Poltergeist|p1a: Togedemaru
|-activate|p1a: Togedemaru|move: Poltergeist|Rocky Helmet
|-damage|p1a: Togedemaru|42/100
|
|-heal|p2a: Spiritomb|95/100|[from] item: Leftovers
|upkeep
|turn|19
|
|t:|1609439840
|move|p1a: Togedemaru|Spiky Shield|p1a: Togedemaru
|-singleturn|p1a: Togedemaru|move: Protect
|move|p2a: Spiritomb|Poltergeist|p1a: Togedemaru
|-activate|p1a: Togedemaru|move: Protect
|
|-heal|p1a: Togedemaru|92/100|[from] move: Wish|[wisher] Togedemaru
|-heal|p2a: Spiritomb|100/100|[from] item: Leftovers
|upkeep
|turn|20
|
|t:|1609439853
|move|p1a: Togedemaru|Wish|p1a: Togedemaru
|move|p2a: Spiritomb|Poltergeist|p1a: Togedemaru
|-activate|p1a: Togedemaru|move: Poltergeist|Rocky Helmet
|-damage|p1a: Togedemaru|37/100
|
|upkeep
|turn|21
|
|t:|1609439862
|switch|p2a: Tauros|Tauros, M|74/100
|-damage|p2a: Tauros|62/100|[from] Stealth Rock
|move|p1a: Togedemaru|Iron Head|p2a: Tauros
|-damage|p2a: Tauros|32/100
|
|-heal|p1a: Togedemaru|87/100|[from] move: Wish|[wisher] Togedemaru
|upkeep
|turn|22
|
|t:|1609439872
|move|p1a: Togedemaru|Spiky Shield|p1a: Togedemaru
|-singleturn|p1a: Togedemaru|move: Protect
|move|p2a: Tauros|Close Combat|p1a: Togedemaru
|-activate|p1a: Togedemaru|move: Protect
|-damage|p2a: Tauros|19/100|[from] Spiky Shield|[of] p1a: Togedemaru
|
|upkeep
|turn|23
|
|t:|1609439879
|move|p2a: Tauros|Throat Chop|p1a: Togedemaru
|-damage|p1a: Togedemaru|34/100
|-damage|p2a: Tauros|7/100|[from] ability: Iron Barbs|[of] p1a: Togedemaru
|-damage|p2a: Tauros|0 fnt|[from] item: Rocky Helmet|[of] p1a: Togedemaru
|faint|p2a: Tauros
|move|p1a: Togedemaru|Wish|p1a: Togedemaru
|
|upkeep
|
|t:|1609439887
|switch|p2a: Tsareena|Tsareena, F|100/100
|-damage|p2a: Tsareena|88/100|[from] Stealth Rock
|turn|24
|
|t:|1609439891
|move|p1a: Togedemaru|Spiky Shield|p1a: Togedemaru
|-singleturn|p1a: Togedemaru|move: Protect
|move|p2a: Tsareena|Rapid Spin|p1a: Togedemaru
|-activate|p1a: Togedemaru|move: Protect
|-damage|p2a: Tsareena|76/100|[from] Spiky Shield|[of] p1a: Togedemaru
|
|-heal|p1a: Togedemaru|84/100|[from] move: Wish|[wisher] Togedemaru
|upkeep
|turn|25
|
|t:|1609439899
|move|p2a: Tsareena|High Jump Kick|p1a: Togedemaru
|-supereffective|p1a: Togedemaru
|-damage|p1a: Togedemaru|0 fnt
|-damage|p2a: Tsareena|63/100|[from] ability: Iron Barbs|[of] p1a: Togedemaru
|-damage|p2a: Tsareena|47/100|[from] item: Rocky Helmet|[of] p1a: Togedemaru
|faint|p1a: Togedemaru
|
|upkeep
|
|t:|1609439909
|switch|p1a: Passimian|Passimian, F|57/100
|-damage|p1a: Passimian|51/100|[from] Stealth Rock
|turn|26
|
|t:|1609439914
|switch|p2a: Spiritomb|Spiritomb, F|100/100
|-damage|p2a: Spiritomb|88/100|[from] Stealth Rock
|move|p1a: Passimian|U-turn|p2a: Spiritomb
|-damage|p2a: Spiritomb|68/100
|j| Diameter✯Xtreme
|
|t:|1609439918
|switch|p1a: Liepard|Liepard, F|100/100|[from]move: U-turn
|
|-heal|p2a: Spiritomb|74/100|[from] item: Leftovers
|upkeep
|turn|27
|
|t:|1609439930
|move|p1a: Liepard|Knock Off|p2a: Spiritomb
|-damage|p2a: Spiritomb|43/100
|-enditem|p2a: Spiritomb|Leftovers|[from] move: Knock Off|[of] p1a: Liepard
|move|p2a: Spiritomb|Poltergeist|p1a: Liepard
|-activate|p1a: Liepard|move: Poltergeist|Heavy-Duty Boots
|-resisted|p1a: Liepard
|-crit|p1a: Liepard
|-damage|p1a: Liepard|36/100
|
|upkeep
|turn|28
|l| Diameter✯Xtreme
|
|t:|1609439946
|move|p1a: Liepard|U-turn|p2a: Spiritomb
|-damage|p2a: Spiritomb|27/100
|
|t:|1609439949
|switch|p1a: Cofagrigus|Cofagrigus, F|41/100|[from]move: U-turn
|-damage|p1a: Cofagrigus|29/100|[from] Stealth Rock
|move|p2a: Spiritomb|Poltergeist|p1a: Cofagrigus
|-activate|p1a: Cofagrigus|move: Poltergeist|Leftovers
|-supereffective|p1a: Cofagrigus
|-damage|p1a: Cofagrigus|0 fnt
|faint|p1a: Cofagrigus
|
|upkeep
|
|t:|1609439956
|switch|p1a: Passimian|Passimian, F|51/100
|-damage|p1a: Passimian|44/100|[from] Stealth Rock
|turn|29
|j| kemman
|
|t:|1609439967
|move|p1a: Passimian|Rock Slide|p2a: Spiritomb
|-damage|p2a: Spiritomb|7/100
|move|p2a: Spiritomb|Pain Split|p1a: Passimian
|-sethp|p1a: Passimian|25/100|[from] move: Pain Split|[silent]
|-sethp|p2a: Spiritomb|28/100|[from] move: Pain Split
|
|upkeep
|turn|30
|
|t:|1609439987
|move|p1a: Passimian|Rock Slide|p2a: Spiritomb
|-damage|p2a: Spiritomb|8/100
|cant|p2a: Spiritomb|flinch
|
|upkeep
|turn|31
|
|t:|1609439993
|move|p2a: Spiritomb|Sucker Punch|p1a: Passimian
|-resisted|p1a: Passimian
|-damage|p1a: Passimian|13/100
|move|p1a: Passimian|Rock Slide|p2a: Spiritomb
|-damage|p2a: Spiritomb|0 fnt
|faint|p2a: Spiritomb
|
|upkeep
|
|t:|1609439998
|switch|p2a: Tsareena|Tsareena, F|47/100
|-damage|p2a: Tsareena|34/100|[from] Stealth Rock
|turn|32
|
|t:|1609440001
|move|p1a: Passimian|Rock Slide|p2a: Tsareena
|-damage|p2a: Tsareena|6/100
|move|p2a: Tsareena|Rapid Spin|p1a: Passimian
|-damage|p1a: Passimian|0 fnt
|-boost|p2a: Tsareena|spe|1
|-sideend|p2: WellnessC|Stealth Rock|[from] move: Rapid Spin|[of] p2a: Tsareena
|faint|p1a: Passimian
|
|upkeep
|
|t:|1609440003
|switch|p1a: Liepard|Liepard, F|36/100
|turn|33
|
|t:|1609440032
|move|p1a: Liepard|Copycat|p1a: Liepard
|move|p1a: Liepard|Rapid Spin||[from]move: Copycat|[still]
|cant|p2a: Tsareena|ability: Queenly Majesty|Rapid Spin|[of] p1a: Liepard
|move|p2a: Tsareena|Triple Axel|p1a: Liepard
|-damage|p1a: Liepard|22/100
|-damage|p1a: Liepard|0 fnt
|-hitcount|p1a: Liepard|2
|faint|p1a: Liepard
|
|win|WellnessC
|c|☆Hax ruins pokemon|LOL
|c| Haffling|Yikes
|c|☆Hax ruins pokemon|forgot
|c|☆Hax ruins pokemon|silly new mons
|raw|Hax ruins pokemon's rating: 1528 &rarr; <strong>1496</strong><br />(-32 for losing)
|raw|WellnessC's rating: 1302 &rarr; <strong>1333</strong><br />(+31 for winning)
|l|☆Hax ruins pokemon
