|j|☆Heracross2.0
|j|☆aMantis
|t:|1652579424
|gametype|singles
|player|p1|Heracross2.0|klara|
|player|p2|aMantis|plasmagruntf|
|teamsize|p1|6
|teamsize|p2|6
|gen|8
|tier|[Gen 8] PU
|rated|Tournament battle
|rule|Sleep Clause Mod: Limit one foe put to sleep
|rule|Species Clause: Limit one of each Pokémon
|rule|OHKO Clause: OHKO moves are banned
|rule|Evasion Moves Clause: Evasion moves are banned
|rule|Endless Battle Clause: Forcing endless battles is banned
|rule|HP Percentage Mod: HP is shown in percentages
|rule|Dynamax Clause: You cannot dynamax
|clearpoke
|poke|p1|Rotom|
|poke|p1|Galvantula, M|
|poke|p1|Archeops, F|
|poke|p1|Sandaconda, M|
|poke|p1|Eldegoss, F|
|poke|p1|Weezing, M|
|poke|p2|Scyther, M|
|poke|p2|Lanturn, M|
|poke|p2|Gallade, M|
|poke|p2|Eldegoss, F|
|poke|p2|Gigalith, F|
|poke|p2|Ribombee, M|
|teampreview
|j| mfarsashu
|j| PU Rules
|c|☆Heracross2.0|Hf
|j| ii88
|c|☆aMantis|u2
|inactive|Battle timer is ON: inactive players will automatically lose when time's up. (requested by Heracross2.0)
|
|t:|1652579463
|start
|switch|p1a: blind as a bat|Archeops, F|100/100
|switch|p2a: Gigalith|Gigalith, F|100/100
|-weather|Sandstorm|[from] ability: Sand Stream|[of] p2a: Gigalith
|turn|1
|j| fgsdfgsdfg
|
|t:|1652579475
|move|p1a: blind as a bat|U-turn|p2a: Gigalith
|-damage|p2a: Gigalith|82/100
|
|t:|1652579478
|switch|p1a: Sandy|Sandaconda, M|100/100|[from]move: U-turn
|move|p2a: Gigalith|Rock Slide|p1a: Sandy
|-resisted|p1a: Sandy
|-damage|p1a: Sandy|90/100
|
|-weather|Sandstorm|[upkeep]
|-heal|p2a: Gigalith|88/100|[from] item: Leftovers
|upkeep
|turn|2
|j| joey milktank
|
|t:|1652579488
|move|p1a: Sandy|Stealth Rock|p2a: Gigalith
|-sidestart|p2: aMantis|move: Stealth Rock
|move|p2a: Gigalith|Stealth Rock|p1a: Sandy
|-sidestart|p1: Heracross2.0|move: Stealth Rock
|
|-weather|Sandstorm|[upkeep]
|-heal|p2a: Gigalith|94/100|[from] item: Leftovers
|upkeep
|turn|3
|inactive|aMantis has 120 seconds left.
|
|t:|1652579523
|switch|p2a: Eldegoss|Eldegoss, F|100/100
|-damage|p2a: Eldegoss|88/100|[from] Stealth Rock
|move|p1a: Sandy|Earthquake|p2a: Eldegoss
|-resisted|p2a: Eldegoss
|-damage|p2a: Eldegoss|70/100
|
|-weather|Sandstorm|[upkeep]
|-damage|p2a: Eldegoss|64/100|[from] Sandstorm
|-heal|p2a: Eldegoss|70/100|[from] item: Leftovers
|upkeep
|turn|4
|inactive|aMantis has 120 seconds left.
|
|t:|1652579534
|switch|p1a: Don't Smoke|Weezing, M|100/100
|-ability|p1a: Don't Smoke|Neutralizing Gas
|-damage|p1a: Don't Smoke|88/100|[from] Stealth Rock
|move|p2a: Eldegoss|Leech Seed|p1a: Don't Smoke
|-start|p1a: Don't Smoke|move: Leech Seed
|
|-weather|Sandstorm|[upkeep]
|-damage|p1a: Don't Smoke|82/100|[from] Sandstorm
|-damage|p2a: Eldegoss|64/100|[from] Sandstorm
|-heal|p1a: Don't Smoke|88/100|[from] item: Black Sludge
|-heal|p2a: Eldegoss|70/100|[from] item: Leftovers
|-damage|p1a: Don't Smoke|76/100|[from] Leech Seed|[of] p2a: Eldegoss
|-heal|p2a: Eldegoss|83/100|[silent]
|upkeep
|turn|5
|inactive|aMantis has 120 seconds left.
|
|t:|1652579555
|switch|p2a: Gigalith|Gigalith, F|94/100
|-damage|p2a: Gigalith|82/100|[from] Stealth Rock
|move|p1a: Don't Smoke|Toxic Spikes|p2a: Gigalith
|-sidestart|p2: aMantis|move: Toxic Spikes
|
|-weather|none
|-heal|p1a: Don't Smoke|82/100|[from] item: Black Sludge
|-heal|p2a: Gigalith|88/100|[from] item: Leftovers
|-damage|p1a: Don't Smoke|70/100|[from] Leech Seed|[of] p2a: Gigalith
|-heal|p2a: Gigalith|99/100|[silent]
|upkeep
|turn|6
|
|t:|1652579570
|-end|p1a: Don't Smoke|ability: Neutralizing Gas
|-weather|Sandstorm|[from] ability: Sand Stream|[of] p2a: Gigalith
|switch|p1a: Edelgard|Eldegoss, F, shiny|100/100
|move|p2a: Gigalith|Rock Slide|p1a: Edelgard|[miss]
|-miss|p2a: Gigalith|p1a: Edelgard
|
|-weather|Sandstorm|[upkeep]
|-damage|p1a: Edelgard|95/100|[from] Sandstorm
|-heal|p2a: Gigalith|100/100|[from] item: Leftovers
|upkeep
|turn|7
|
|t:|1652579585
|switch|p2a: Scyther|Scyther, M, shiny|100/100
|move|p1a: Edelgard|Rapid Spin|p2a: Scyther
|-damage|p2a: Scyther|92/100
|-boost|p1a: Edelgard|spe|1
|-sideend|p1: Heracross2.0|Stealth Rock|[from] move: Rapid Spin|[of] p1a: Edelgard
|
|-weather|Sandstorm|[upkeep]
|-damage|p2a: Scyther|86/100|[from] Sandstorm
|-damage|p1a: Edelgard|89/100|[from] Sandstorm
|upkeep
|turn|8
|
|t:|1652579596
|switch|p1a: Sandy|Sandaconda, M|90/100
|move|p2a: Scyther|Knock Off|p1a: Sandy
|-damage|p1a: Sandy|70/100
|-damage|p2a: Scyther|69/100|[from] item: Rocky Helmet|[of] p1a: Sandy
|-enditem|p1a: Sandy|Rocky Helmet|[from] move: Knock Off|[of] p2a: Scyther
|
|-weather|Sandstorm|[upkeep]
|-damage|p2a: Scyther|63/100|[from] Sandstorm
|upkeep
|turn|9
|
|t:|1652579607
|move|p2a: Scyther|U-turn|p1a: Sandy
|-damage|p1a: Sandy|49/100
|inactive|aMantis has 90 seconds left.
|
|t:|1652579633
|switch|p2a: Ribombee|Ribombee, M|100/100|[from]move: U-turn
|move|p1a: Sandy|Stone Edge|p2a: Ribombee
|-supereffective|p2a: Ribombee
|-crit|p2a: Ribombee
|-damage|p2a: Ribombee|0 fnt
|faint|p2a: Ribombee
|
|-weather|Sandstorm|[upkeep]
|upkeep
|inactive|aMantis has 90 seconds left.
|
|t:|1652579647
|switch|p2a: Eldegoss|Eldegoss, F|83/100
|-damage|p2a: Eldegoss|71/100|[from] Stealth Rock
|-status|p2a: Eldegoss|psn
|turn|10
|inactive|aMantis has 90 seconds left.
|
|t:|1652579654
|switch|p1a: Nickname|Rotom, shiny|100/100
|move|p2a: Eldegoss|Rapid Spin|p1a: Nickname
|-immune|p1a: Nickname
|
|-weather|none
|-heal|p2a: Eldegoss|77/100 psn|[from] item: Leftovers
|-damage|p2a: Eldegoss|64/100 psn|[from] psn
|upkeep
|turn|11
|
|t:|1652579663
|move|p1a: Nickname|Substitute|p1a: Nickname
|-start|p1a: Nickname|Substitute
|-damage|p1a: Nickname|76/100
|move|p2a: Eldegoss|Synthesis|p2a: Eldegoss
|-heal|p2a: Eldegoss|100/100 psn
|
|-heal|p1a: Nickname|82/100|[from] item: Leftovers
|-damage|p2a: Eldegoss|88/100 psn|[from] psn
|upkeep
|turn|12
|inactive|aMantis has 90 seconds left.
|
|t:|1652579681
|switch|p2a: Lanturn|Lanturn, M, shiny|100/100
|-status|p2a: Lanturn|psn
|-damage|p2a: Lanturn|88/100 psn|[from] Stealth Rock
|move|p1a: Nickname|Nasty Plot|p1a: Nickname
|-boost|p1a: Nickname|spa|2
|
|-heal|p1a: Nickname|88/100|[from] item: Leftovers
|-damage|p2a: Lanturn|76/100 psn|[from] psn
|upkeep
|turn|13
|inactive|aMantis has 90 seconds left.
|
|t:|1652579692
|move|p1a: Nickname|Hex|p2a: Lanturn
|-damage|p2a: Lanturn|0 fnt
|faint|p2a: Lanturn
|
|-heal|p1a: Nickname|94/100|[from] item: Leftovers
|upkeep
|inactive|aMantis has 90 seconds left.
|
|t:|1652579703
|switch|p2a: Scyther|Scyther, M, shiny|63/100
|turn|14
|
|t:|1652579709
|move|p2a: Scyther|Dual Wingbeat|p1a: Nickname
|-resisted|p1a: Nickname
|-end|p1a: Nickname|Substitute
|-resisted|p1a: Nickname
|-crit|p1a: Nickname
|-damage|p1a: Nickname|57/100
|-hitcount|p1a: Nickname|2
|move|p1a: Nickname|Will-O-Wisp|p2a: Scyther
|-status|p2a: Scyther|brn
|
|-heal|p1a: Nickname|64/100|[from] item: Leftovers
|-damage|p2a: Scyther|57/100 brn|[from] brn
|upkeep
|turn|15
|inactive|aMantis has 90 seconds left.
|
|t:|1652579728
|switch|p1a: blind as a bat|Archeops, F|100/100
|move|p2a: Scyther|Dual Wingbeat|p1a: blind as a bat
|-resisted|p1a: blind as a bat
|-damage|p1a: blind as a bat|89/100
|-resisted|p1a: blind as a bat
|-damage|p1a: blind as a bat|77/100
|-hitcount|p1a: blind as a bat|2
|
|-damage|p2a: Scyther|51/100 brn|[from] brn
|upkeep
|turn|16
|inactive|aMantis has 90 seconds left.
|
|t:|1652579740
|switch|p2a: Eldegoss|Eldegoss, F|100/100 psn
|-damage|p2a: Eldegoss|88/100 psn|[from] Stealth Rock
|move|p1a: blind as a bat|U-turn|p2a: Eldegoss
|-supereffective|p2a: Eldegoss
|-damage|p2a: Eldegoss|43/100 psn
|-message|aMantis forfeited.
|
|win|Heracross2.0
|n|☆Heracross2.0|heracross20
|n|☆aMantis|amantis
|n| mfarsashu|mfarsashu
|n| PU Rules|purules
|n| ii88|ii88
|n| fgsdfgsdfg|fgsdfgsdfg
|n| joey milktank|joeymilktank
|l|☆aMantis
|l|☆Heracross2.0
|l| mfarsashu
