|j|☆shalutianwang
|j|☆Renku
|t:|1638413875
|gametype|singles
|player|p1|shalutianwang|pokemaniac|
|player|p2|Renku|hugh|
|teamsize|p1|6
|teamsize|p2|6
|gen|8
|tier|[Gen 8] PU
|rated|Tournament battle
|rule|Sleep Clause Mod: Limit one foe put to sleep
|rule|Species Clause: Limit one of each Pokémon
|rule|OHKO Clause: OHKO moves are banned
|rule|Evasion Moves Clause: Evasion moves are banned
|rule|Endless Battle Clause: Forcing endless battles is banned
|rule|HP Percentage Mod: HP is shown in percentages
|rule|Dynamax Clause: You cannot dynamax
|clearpoke
|poke|p1|Vikavolt, M|
|poke|p1|Silvally-*|
|poke|p1|Sandaconda, M|
|poke|p1|Charizard, M|
|poke|p1|Carracosta, F|
|poke|p1|Swoobat, M|
|poke|p2|Leafeon, F|
|poke|p2|Lilligant, F|
|poke|p2|Shuckle, F|
|poke|p2|Dugtrio-Alola, F|
|poke|p2|Magmar, M|
|poke|p2|Rotom-Fan|
|teampreview
|
|t:|1638413881
|start
|switch|p1a: Vikavolt|Vikavolt, M|100/100
|switch|p2a: Shuckle|Shuckle, F|100/100
|turn|1
|
|t:|1638413887
|move|p1a: Vikavolt|Toxic|p2a: Shuckle
|-status|p2a: Shuckle|tox
|move|p2a: Shuckle|Stealth Rock|p1a: Vikavolt
|-sidestart|p1: shalutianwang|move: Stealth Rock
|
|-damage|p2a: Shuckle|94/100 tox|[from] psn
|upkeep
|turn|2
|
|t:|1638413930
|move|p1a: Vikavolt|Sticky Web|p2a: Shuckle
|-sidestart|p2: Renku|move: Sticky Web
|move|p2a: Shuckle|Sticky Web|p1a: Vikavolt
|-sidestart|p1: shalutianwang|move: Sticky Web
|
|-damage|p2a: Shuckle|82/100 tox|[from] psn
|upkeep
|turn|3
|inactive|Battle timer is ON: inactive players will automatically lose when time's up. (requested by Renku)
|inactive|shalutianwang has 120 seconds left.
|inactive|shalutianwang has 90 seconds left.
|l|☆shalutianwang
|inactive|shalutianwang disconnected and has a minute to reconnect!
|player|p1|
|inactive|shalutianwang has 30 seconds to reconnect!
|inactive|shalutianwang has 20 seconds to reconnect!
|inactive|shalutianwang has 15 seconds to reconnect!
|j|☆shalutianwang
|inactive|shalutianwang reconnected and has 45 seconds left.
|player|p1|shalutianwang|pokemaniac
|
|t:|1638414046
|move|p1a: Vikavolt|Volt Switch|p2a: Shuckle
|-damage|p2a: Shuckle|56/100 tox
|
|t:|1638414062
|switch|p1a: Swoobat|Swoobat, M|100/100|[from]move: Volt Switch
|move|p2a: Shuckle|Toxic|p1a: Swoobat
|-status|p1a: Swoobat|tox
|
|-damage|p1a: Swoobat|95/100 tox|[from] psn
|-damage|p2a: Shuckle|38/100 tox|[from] psn
|upkeep
|turn|4
|
|t:|1638414071
|switch|p1a: Vikavolt|Vikavolt, M|100/100
|-damage|p1a: Vikavolt|76/100|[from] Stealth Rock
|move|p2a: Shuckle|Sunny Day|p2a: Shuckle
|-weather|SunnyDay
|
|-weather|SunnyDay|[upkeep]
|-heal|p1a: Vikavolt|82/100|[from] item: Leftovers
|-damage|p2a: Shuckle|14/100 tox|[from] psn
|upkeep
|-enditem|p2a: Shuckle|Aguav Berry|[eat]
|-heal|p2a: Shuckle|47/100 tox|[from] item: Aguav Berry
|turn|5
|
|t:|1638414082
|move|p1a: Vikavolt|Volt Switch|p2a: Shuckle
|-damage|p2a: Shuckle|22/100 tox
|
|t:|1638414085
|switch|p1a: Swoobat|Swoobat, M|95/100 tox|[from]move: Volt Switch
|move|p2a: Shuckle|Toxic|p1a: Swoobat
|-fail|p1a: Swoobat|tox
|
|-weather|SunnyDay|[upkeep]
|-damage|p1a: Swoobat|89/100 tox|[from] psn
|-damage|p2a: Shuckle|0 fnt|[from] psn
|faint|p2a: Shuckle
|upkeep
|
|t:|1638414099
|switch|p2a: Magmar|Magmar, M|100/100
|-activate|p2a: Magmar|move: Sticky Web
|-unboost|p2a: Magmar|spe|1
|turn|6
|inactive|shalutianwang has 120 seconds left.
|
|t:|1638414105
|move|p1a: Swoobat|Air Slash|p2a: Magmar
|-damage|p2a: Magmar|65/100
|move|p2a: Magmar|Overheat|p1a: Swoobat
|-damage|p1a: Swoobat|0 fnt
|-unboost|p2a: Magmar|spa|2
|faint|p1a: Swoobat
|
|-weather|SunnyDay|[upkeep]
|upkeep
|inactive|shalutianwang has 120 seconds left.
|
|t:|1638414113
|switch|p1a: Charizard|Charizard, M|100/100
|turn|7
|
|t:|1638414116
|move|p1a: Charizard|Dragon Dance|p1a: Charizard
|-boost|p1a: Charizard|atk|1
|-boost|p1a: Charizard|spe|1
|move|p2a: Magmar|Overheat|p1a: Charizard
|-resisted|p1a: Charizard
|-damage|p1a: Charizard|57/100
|-unboost|p2a: Magmar|spa|2
|
|-weather|SunnyDay|[upkeep]
|upkeep
|turn|8
|
|t:|1638414125
|move|p1a: Charizard|Earthquake|p2a: Magmar
|-supereffective|p2a: Magmar
|-damage|p2a: Magmar|0 fnt
|faint|p2a: Magmar
|
|-weather|none
|upkeep
|
|t:|1638414133
|switch|p2a: Lilligant|Lilligant, F, shiny|100/100
|-activate|p2a: Lilligant|move: Sticky Web
|-unboost|p2a: Lilligant|spe|1
|turn|9
|
|t:|1638414138
|move|p1a: Charizard|Flare Blitz|p2a: Lilligant
|-supereffective|p2a: Lilligant
|-enditem|p2a: Lilligant|Focus Sash
|-damage|p2a: Lilligant|1/100
|-damage|p1a: Charizard|26/100|[from] Recoil
|move|p2a: Lilligant|Sleep Powder|p1a: Charizard
|-status|p1a: Charizard|slp|[from] move: Sleep Powder
|
|upkeep
|turn|10
|
|t:|1638414152
|cant|p1a: Charizard|slp
|move|p2a: Lilligant|Quiver Dance|p2a: Lilligant
|-boost|p2a: Lilligant|spa|1
|-boost|p2a: Lilligant|spd|1
|-boost|p2a: Lilligant|spe|1
|
|upkeep
|turn|11
|
|t:|1638414160
|cant|p1a: Charizard|slp
|move|p2a: Lilligant|Petal Dance|p1a: Charizard
|-resisted|p1a: Charizard
|-crit|p1a: Charizard
|-damage|p1a: Charizard|0 fnt
|faint|p1a: Charizard
|
|upkeep
|
|t:|1638414174
|switch|p1a: Vikavolt|Vikavolt, M|82/100
|-damage|p1a: Vikavolt|57/100|[from] Stealth Rock
|turn|12
|
|t:|1638414181
|move|p2a: Lilligant|Petal Dance|p1a: Vikavolt|[from]lockedmove
|-resisted|p1a: Vikavolt
|-damage|p1a: Vikavolt|4/100
|move|p1a: Vikavolt|Volt Switch|p2a: Lilligant
|-resisted|p2a: Lilligant
|-damage|p2a: Lilligant|0 fnt
|faint|p2a: Lilligant
|
|t:|1638414191
|switch|p1a: Silvally|Silvally-Ghost|100/100|[from]move: Volt Switch
|-damage|p1a: Silvally|88/100|[from] Stealth Rock
|-activate|p1a: Silvally|move: Sticky Web
|-unboost|p1a: Silvally|spe|1
|
|upkeep
|
|t:|1638414205
|switch|p2a: Rotom|Rotom-Fan, shiny|100/100
|turn|13
|
|t:|1638414208
|move|p2a: Rotom|Nasty Plot|p2a: Rotom
|-boost|p2a: Rotom|spa|2
|move|p1a: Silvally|Flame Charge|p2a: Rotom
|-damage|p2a: Rotom|81/100
|-boost|p1a: Silvally|spe|1
|
|upkeep
|turn|14
|
|t:|1638414219
|move|p1a: Silvally|Multi-Attack|p2a: Rotom
|-damage|p2a: Rotom|13/100
|move|p2a: Rotom|Discharge|p1a: Silvally
|-damage|p1a: Silvally|0 fnt
|faint|p1a: Silvally
|-damage|p2a: Rotom|3/100|[from] item: Life Orb
|
|upkeep
|
|t:|1638414226
|switch|p1a: Carracosta|Carracosta, F|100/100
|-damage|p1a: Carracosta|88/100|[from] Stealth Rock
|-activate|p1a: Carracosta|move: Sticky Web
|-unboost|p1a: Carracosta|spe|1
|turn|15
|
|t:|1638414231
|move|p1a: Carracosta|Aqua Jet|p2a: Rotom
|-damage|p2a: Rotom|0 fnt
|faint|p2a: Rotom
|
|upkeep
|
|t:|1638414237
|switch|p2a: Dugtrio|Dugtrio-Alola, F, shiny|100/100
|-activate|p2a: Dugtrio|move: Sticky Web
|-unboost|p2a: Dugtrio|spe|1
|turn|16
|
|t:|1638414243
|move|p2a: Dugtrio|Earthquake|p1a: Carracosta
|-supereffective|p1a: Carracosta
|-damage|p1a: Carracosta|29/100
|-enditem|p1a: Carracosta|Weakness Policy
|-boost|p1a: Carracosta|atk|2|[from] item: Weakness Policy
|-boost|p1a: Carracosta|spa|2|[from] item: Weakness Policy
|move|p1a: Carracosta|Shell Smash|p1a: Carracosta
|-unboost|p1a: Carracosta|def|1
|-unboost|p1a: Carracosta|spd|1
|-boost|p1a: Carracosta|atk|2
|-boost|p1a: Carracosta|spa|2
|-boost|p1a: Carracosta|spe|2
|
|upkeep
|turn|17
|
|t:|1638414253
|move|p1a: Carracosta|Waterfall|p2a: Dugtrio
|-supereffective|p2a: Dugtrio
|-enditem|p2a: Dugtrio|Focus Sash
|-damage|p2a: Dugtrio|1/100
|-ability|p2a: Dugtrio|Tangling Hair
|-unboost|p1a: Carracosta|spe|1
|cant|p2a: Dugtrio|flinch
|
|upkeep
|turn|18
|
|t:|1638414263
|move|p2a: Dugtrio|Sucker Punch|p1a: Carracosta
|-damage|p1a: Carracosta|0 fnt
|faint|p1a: Carracosta
|
|upkeep
|
|t:|1638414270
|switch|p1a: Sandaconda|Sandaconda, M|100/100
|-activate|p1a: Sandaconda|move: Sticky Web
|-unboost|p1a: Sandaconda|spe|1
|-damage|p1a: Sandaconda|95/100|[from] Stealth Rock
|turn|19
|
|t:|1638414278
|move|p2a: Dugtrio|Earthquake|p1a: Sandaconda
|-damage|p1a: Sandaconda|48/100
|move|p1a: Sandaconda|Coil|p1a: Sandaconda
|-boost|p1a: Sandaconda|atk|1
|-boost|p1a: Sandaconda|def|1
|-boost|p1a: Sandaconda|accuracy|1
|
|-heal|p1a: Sandaconda|54/100|[from] item: Leftovers
|upkeep
|turn|20
|
|t:|1638414289
|move|p2a: Dugtrio|Earthquake|p1a: Sandaconda
|-damage|p1a: Sandaconda|25/100
|move|p1a: Sandaconda|Earthquake|p2a: Dugtrio
|-supereffective|p2a: Dugtrio
|-damage|p2a: Dugtrio|0 fnt
|faint|p2a: Dugtrio
|
|-heal|p1a: Sandaconda|31/100|[from] item: Leftovers
|upkeep
|
|t:|1638414297
|switch|p2a: Leafeon|Leafeon, F, shiny|100/100
|-activate|p2a: Leafeon|move: Sticky Web
|-unboost|p2a: Leafeon|spe|1
|turn|21
|
|t:|1638414301
|move|p2a: Leafeon|Sunny Day|p2a: Leafeon
|-weather|SunnyDay
|move|p1a: Sandaconda|Fire Fang|p2a: Leafeon
|-supereffective|p2a: Leafeon
|-damage|p2a: Leafeon|5/100
|
|-weather|SunnyDay|[upkeep]
|-heal|p1a: Sandaconda|37/100|[from] item: Leftovers
|upkeep
|turn|22
|
|t:|1638414310
|move|p2a: Leafeon|Solar Blade||[still]
|-prepare|p2a: Leafeon|Solar Blade
|-anim|p2a: Leafeon|Solar Blade|p1a: Sandaconda
|-supereffective|p1a: Sandaconda
|-damage|p1a: Sandaconda|0 fnt
|faint|p1a: Sandaconda
|
|-weather|SunnyDay|[upkeep]
|upkeep
|
|t:|1638414312
|switch|p1a: Vikavolt|Vikavolt, M|4/100
|-damage|p1a: Vikavolt|0 fnt|[from] Stealth Rock
|faint|p1a: Vikavolt
|
|win|Renku
|n|☆Renku|renku
|n|☆shalutianwang|shalutianwang
