|j|☆AJtraceyyo
|j|☆PULT4T2 soup
|t:|1661244292
|gametype|singles
|player|p1|AJtraceyyo|richboy-gen4|1308
|player|p2|PULT4T2 soup|furisodegirl-blue|1516
|teamsize|p1|6
|teamsize|p2|6
|gen|8
|tier|[Gen 8] PU
|rated|
|rule|Sleep Clause Mod: Limit one foe put to sleep
|rule|Species Clause: Limit one of each Pokémon
|rule|OHKO Clause: OHKO moves are banned
|rule|Evasion Items Clause: Evasion items are banned
|rule|Evasion Moves Clause: Evasion moves are banned
|rule|Endless Battle Clause: Forcing endless battles is banned
|rule|HP Percentage Mod: HP is shown in percentages
|rule|Dynamax Clause: You cannot dynamax
|clearpoke
|poke|p1|Gigalith, F|
|poke|p1|Charizard, F|
|poke|p1|Jellicent, M|
|poke|p1|Magneton|
|poke|p1|Audino, F|
|poke|p1|Whimsicott, M|
|poke|p2|Corsola, M|
|poke|p2|Audino, F|
|poke|p2|Ferroseed, M|
|poke|p2|Quagsire, M|
|poke|p2|Aromatisse, M|
|poke|p2|Charizard, M|
|teampreview
|
|t:|1661244303
|start
|switch|p1a: Whimsicott|Whimsicott, M|100/100
|switch|p2a: Audino|Audino, F|100/100
|turn|1
|c|☆PULT4T2 soup|hf
|
|t:|1661244311
|move|p1a: Whimsicott|Knock Off|p2a: Audino
|-damage|p2a: Audino|87/100
|-enditem|p2a: Audino|Heavy-Duty Boots|[from] move: Knock Off|[of] p1a: Whimsicott
|move|p2a: Audino|Knock Off|p1a: Whimsicott
|-resisted|p1a: Whimsicott
|-damage|p1a: Whimsicott|90/100
|-enditem|p1a: Whimsicott|Heavy-Duty Boots|[from] move: Knock Off|[of] p2a: Audino
|
|upkeep
|turn|2
|inactive|Battle timer is ON: inactive players will automatically lose when time's up. (requested by AJtraceyyo)
|
|t:|1661244316
|move|p1a: Whimsicott|U-turn|p2a: Audino
|-damage|p2a: Audino|76/100
|
|t:|1661244319
|switch|p1a: Gigalith|Gigalith, F|100/100|[from]move: U-turn
|-weather|Sandstorm|[from] ability: Sand Stream|[of] p1a: Gigalith
|move|p2a: Audino|Toxic|p1a: Gigalith
|-status|p1a: Gigalith|tox
|
|-weather|Sandstorm|[upkeep]
|-damage|p2a: Audino|70/100|[from] Sandstorm
|-damage|p1a: Gigalith|94/100 tox|[from] psn
|upkeep
|turn|3
|
|t:|1661244324
|switch|p2a: Corsola|Corsola, M|100/100
|move|p1a: Gigalith|Stealth Rock|p2a: Corsola
|-sidestart|p2: PULT4T2 soup|move: Stealth Rock
|
|-weather|Sandstorm|[upkeep]
|-heal|p1a: Gigalith|100/100 tox|[from] item: Leftovers
|-damage|p1a: Gigalith|88/100 tox|[from] psn
|upkeep
|turn|4
|
|t:|1661244330
|switch|p1a: Magneton|Magneton|100/100
|move|p2a: Corsola|Stealth Rock|p1a: Magneton
|-sidestart|p1: AJtraceyyo|move: Stealth Rock
|
|-weather|Sandstorm|[upkeep]
|upkeep
|turn|5
|
|t:|1661244335
|switch|p2a: Audino|Audino, F|100/100
|-damage|p2a: Audino|88/100|[from] Stealth Rock
|move|p1a: Magneton|Tri Attack|p2a: Audino
|-damage|p2a: Audino|57/100
|
|-weather|Sandstorm|[upkeep]
|-damage|p2a: Audino|51/100|[from] Sandstorm
|upkeep
|turn|6
|
|t:|1661244350
|switch|p1a: Jellicent|Jellicent, M|100/100
|-damage|p1a: Jellicent|88/100|[from] Stealth Rock
|move|p2a: Audino|Knock Off|p1a: Jellicent
|-supereffective|p1a: Jellicent
|-enditem|p1a: Jellicent|Colbur Berry|[eat]
|-enditem|p1a: Jellicent|Colbur Berry|[weaken]
|-damage|p1a: Jellicent|77/100
|
|-weather|none
|upkeep
|turn|7
|
|t:|1661244355
|move|p1a: Jellicent|Toxic|p2a: Audino
|-status|p2a: Audino|tox
|move|p2a: Audino|Wish|p2a: Audino
|
|-damage|p2a: Audino|45/100 tox|[from] psn
|upkeep
|turn|8
|
|t:|1661244366
|switch|p1a: Magneton|Magneton|100/100
|-damage|p1a: Magneton|94/100|[from] Stealth Rock
|move|p2a: Audino|Toxic|p1a: Magneton
|-immune|p1a: Magneton
|
|-heal|p2a: Audino|95/100 tox|[from] move: Wish|[wisher] Audino
|-damage|p2a: Audino|83/100 tox|[from] psn
|upkeep
|turn|9
|
|t:|1661244375
|move|p2a: Audino|Protect|p2a: Audino
|-singleturn|p2a: Audino|Protect
|move|p1a: Magneton|Flash Cannon|p2a: Audino
|-activate|p2a: Audino|move: Protect
|
|-damage|p2a: Audino|64/100 tox|[from] psn
|upkeep
|turn|10
|
|t:|1661244378
|switch|p2a: Charizard|Charizard, M|100/100
|move|p1a: Magneton|Flash Cannon|p2a: Charizard
|-resisted|p2a: Charizard
|-damage|p2a: Charizard|67/100
|
|upkeep
|turn|11
|
|t:|1661244384
|switch|p1a: Gigalith|Gigalith, F|88/100 tox
|-damage|p1a: Gigalith|76/100 tox|[from] Stealth Rock
|-weather|Sandstorm|[from] ability: Sand Stream|[of] p1a: Gigalith
|move|p2a: Charizard|Roost|p2a: Charizard
|-heal|p2a: Charizard|100/100
|-singleturn|p2a: Charizard|move: Roost
|
|-weather|Sandstorm|[upkeep]
|-damage|p2a: Charizard|94/100|[from] Sandstorm
|-heal|p1a: Gigalith|82/100 tox|[from] item: Leftovers
|-damage|p1a: Gigalith|76/100 tox|[from] psn
|upkeep
|turn|12
|
|t:|1661244396
|switch|p2a: Aromatisse|Aromatisse, M|100/100
|switch|p1a: Magneton|Magneton|94/100
|-damage|p1a: Magneton|88/100|[from] Stealth Rock
|
|-weather|Sandstorm|[upkeep]
|-damage|p2a: Aromatisse|94/100|[from] Sandstorm
|upkeep
|turn|13
|
|t:|1661244403
|move|p2a: Aromatisse|Protect|p2a: Aromatisse
|-singleturn|p2a: Aromatisse|Protect
|move|p1a: Magneton|Flash Cannon|p2a: Aromatisse
|-activate|p2a: Aromatisse|move: Protect
|
|-weather|Sandstorm|[upkeep]
|-damage|p2a: Aromatisse|88/100|[from] Sandstorm
|upkeep
|turn|14
|
|t:|1661244409
|switch|p1a: Whimsicott|Whimsicott, M|90/100
|-damage|p1a: Whimsicott|78/100|[from] Stealth Rock
|switch|p2a: Charizard|Charizard, M|94/100
|
|-weather|Sandstorm|[upkeep]
|-damage|p1a: Whimsicott|72/100|[from] Sandstorm
|-damage|p2a: Charizard|88/100|[from] Sandstorm
|upkeep
|turn|15
|
|t:|1661244417
|switch|p2a: Audino|Audino, F|98/100 tox
|-damage|p2a: Audino|85/100 tox|[from] Stealth Rock
|move|p1a: Whimsicott|Knock Off|p2a: Audino
|-damage|p2a: Audino|77/100 tox
|
|-weather|none
|-damage|p2a: Audino|71/100 tox|[from] psn
|upkeep
|turn|16
|
|t:|1661244428
|move|p1a: Whimsicott|Giga Drain|p2a: Audino
|-damage|p2a: Audino|51/100 tox
|-heal|p1a: Whimsicott|87/100|[from] drain|[of] p2a: Audino
|move|p2a: Audino|Toxic|p1a: Whimsicott
|-status|p1a: Whimsicott|tox
|
|-damage|p1a: Whimsicott|81/100 tox|[from] psn
|-damage|p2a: Audino|39/100 tox|[from] psn
|upkeep
|turn|17
|
|t:|1661244437
|switch|p2a: Ferroseed|Ferroseed, M|100/100
|-damage|p2a: Ferroseed|94/100|[from] Stealth Rock
|move|p1a: Whimsicott|U-turn|p2a: Ferroseed
|-damage|p2a: Ferroseed|85/100
|-damage|p1a: Whimsicott|69/100 tox|[from] ability: Iron Barbs|[of] p2a: Ferroseed
|
|t:|1661244443
|switch|p1a: Charizard|Charizard, F|100/100|[from]move: U-turn
|
|upkeep
|turn|18
|
|t:|1661244449
|switch|p1a: Magneton|Magneton|88/100
|-damage|p1a: Magneton|82/100|[from] Stealth Rock
|switch|p2a: Corsola|Corsola, M|100/100
|-damage|p2a: Corsola|88/100|[from] Stealth Rock
|
|upkeep
|turn|19
|
|t:|1661244457
|switch|p2a: Quagsire|Quagsire, M|100/100
|move|p1a: Magneton|Flash Cannon|p2a: Quagsire
|-resisted|p2a: Quagsire
|-damage|p2a: Quagsire|60/100
|
|upkeep
|turn|20
|
|t:|1661244471
|switch|p1a: Jellicent|Jellicent, M|77/100
|-damage|p1a: Jellicent|64/100|[from] Stealth Rock
|move|p2a: Quagsire|Recover|p2a: Quagsire
|-heal|p2a: Quagsire|100/100
|
|upkeep
|turn|21
|
|t:|1661244476
|switch|p2a: Audino|Audino, F|72/100 tox
|-damage|p2a: Audino|59/100 tox|[from] Stealth Rock
|move|p1a: Jellicent|Recover|p1a: Jellicent
|-heal|p1a: Jellicent|100/100
|
|-damage|p2a: Audino|53/100 tox|[from] psn
|upkeep
|turn|22
|
|t:|1661244484
|switch|p1a: Audino|Audino, F|100/100
|move|p2a: Audino|Wish|p2a: Audino
|
|-damage|p2a: Audino|41/100 tox|[from] psn
|upkeep
|turn|23
|
|t:|1661244490
|move|p2a: Audino|Knock Off|p1a: Audino
|-crit|p1a: Audino
|-damage|p1a: Audino|78/100
|-enditem|p1a: Audino|Heavy-Duty Boots|[from] move: Knock Off|[of] p2a: Audino
|move|p1a: Audino|Heal Bell|p1a: Audino
|-activate|p1a: Audino|move: Heal Bell
|-curestatus|p1: Whimsicott|tox|[msg]
|-curestatus|p1: Gigalith|tox|[msg]
|
|-heal|p2a: Audino|91/100 tox|[from] move: Wish|[wisher] Audino
|-damage|p2a: Audino|73/100 tox|[from] psn
|upkeep
|turn|24
|
|t:|1661244505
|move|p1a: Audino|Wish|p1a: Audino
|move|p2a: Audino|Toxic|p1a: Audino
|-status|p1a: Audino|tox
|
|-damage|p1a: Audino|72/100 tox|[from] psn
|-damage|p2a: Audino|48/100 tox|[from] psn
|upkeep
|turn|25
|
|t:|1661244514
|switch|p2a: Aromatisse|Aromatisse, M|88/100
|switch|p1a: Whimsicott|Whimsicott, M|69/100
|-damage|p1a: Whimsicott|57/100|[from] Stealth Rock
|
|-heal|p1a: Whimsicott|100/100|[from] move: Wish|[wisher] Audino
|upkeep
|turn|26
|
|t:|1661244522
|move|p1a: Whimsicott|Knock Off|p2a: Aromatisse
|-resisted|p2a: Aromatisse
|-damage|p2a: Aromatisse|83/100
|-enditem|p2a: Aromatisse|Heavy-Duty Boots|[from] move: Knock Off|[of] p1a: Whimsicott
|move|p2a: Aromatisse|Moonblast|p1a: Whimsicott
|-damage|p1a: Whimsicott|43/100
|
|upkeep
|turn|27
|
|t:|1661244529
|move|p1a: Whimsicott|U-turn|p2a: Aromatisse
|-resisted|p2a: Aromatisse
|-damage|p2a: Aromatisse|78/100
|
|t:|1661244530
|switch|p1a: Magneton|Magneton|82/100|[from]move: U-turn
|-damage|p1a: Magneton|76/100|[from] Stealth Rock
|move|p2a: Aromatisse|Moonblast|p1a: Magneton
|-resisted|p1a: Magneton
|-damage|p1a: Magneton|47/100
|
|upkeep
|turn|28
|
|t:|1661244535
|move|p2a: Aromatisse|Protect|p2a: Aromatisse
|-singleturn|p2a: Aromatisse|Protect
|move|p1a: Magneton|Flash Cannon|p2a: Aromatisse
|-activate|p2a: Aromatisse|move: Protect
|
|upkeep
|turn|29
|
|t:|1661244541
|switch|p2a: Charizard|Charizard, M|88/100
|move|p1a: Magneton|Flash Cannon|p2a: Charizard
|-resisted|p2a: Charizard
|-damage|p2a: Charizard|53/100
|
|upkeep
|turn|30
|
|t:|1661244547
|switch|p1a: Gigalith|Gigalith, F|76/100
|-damage|p1a: Gigalith|63/100|[from] Stealth Rock
|-weather|Sandstorm|[from] ability: Sand Stream|[of] p1a: Gigalith
|move|p2a: Charizard|Roost|p2a: Charizard
|-heal|p2a: Charizard|100/100
|-singleturn|p2a: Charizard|move: Roost
|
|-weather|Sandstorm|[upkeep]
|-damage|p2a: Charizard|94/100|[from] Sandstorm
|-heal|p1a: Gigalith|69/100|[from] item: Leftovers
|upkeep
|turn|31
|
|t:|1661244553
|switch|p2a: Quagsire|Quagsire, M|100/100
|switch|p1a: Audino|Audino, F|100/100 tox
|-damage|p1a: Audino|88/100 tox|[from] Stealth Rock
|
|-weather|Sandstorm|[upkeep]
|-damage|p1a: Audino|82/100 tox|[from] Sandstorm
|-damage|p1a: Audino|76/100 tox|[from] psn
|upkeep
|turn|32
|
|t:|1661244559
|move|p1a: Audino|Wish|p1a: Audino
|move|p2a: Quagsire|Earthquake|p1a: Audino
|-damage|p1a: Audino|46/100 tox
|
|-weather|Sandstorm|[upkeep]
|-damage|p1a: Audino|40/100 tox|[from] Sandstorm
|-damage|p1a: Audino|27/100 tox|[from] psn
|upkeep
|turn|33
|
|t:|1661244567
|switch|p1a: Jellicent|Jellicent, M|100/100
|-damage|p1a: Jellicent|88/100|[from] Stealth Rock
|move|p2a: Quagsire|Earthquake|p1a: Jellicent
|-damage|p1a: Jellicent|65/100
|
|-weather|Sandstorm|[upkeep]
|-damage|p1a: Jellicent|59/100|[from] Sandstorm
|-heal|p1a: Jellicent|100/100|[from] move: Wish|[wisher] Audino
|upkeep
|turn|34
|
|t:|1661244575
|switch|p2a: Audino|Audino, F|81/100 tox
|-damage|p2a: Audino|69/100 tox|[from] Stealth Rock
|move|p1a: Jellicent|Scald|p2a: Audino
|-damage|p2a: Audino|52/100 tox
|
|-weather|none
|-damage|p2a: Audino|46/100 tox|[from] psn
|upkeep
|turn|35
|
|t:|1661244590
|switch|p1a: Audino|Audino, F|60/100 tox
|-damage|p1a: Audino|48/100 tox|[from] Stealth Rock
|switch|p2a: Ferroseed|Ferroseed, M|85/100
|-damage|p2a: Ferroseed|79/100|[from] Stealth Rock
|
|-damage|p1a: Audino|42/100 tox|[from] psn
|upkeep
|turn|36
|
|t:|1661244600
|move|p1a: Audino|Wish|p1a: Audino
|move|p2a: Ferroseed|Gyro Ball|p1a: Audino
|-damage|p1a: Audino|16/100 tox
|
|-damage|p1a: Audino|4/100 tox|[from] psn
|upkeep
|turn|37
|
|t:|1661244607
|switch|p1a: Magneton|Magneton|47/100
|-damage|p1a: Magneton|41/100|[from] Stealth Rock
|switch|p2a: Aromatisse|Aromatisse, M|78/100
|-damage|p2a: Aromatisse|66/100|[from] Stealth Rock
|
|-heal|p1a: Magneton|100/100|[from] move: Wish|[wisher] Audino
|upkeep
|turn|38
|
|t:|1661244619
|move|p2a: Aromatisse|Protect|p2a: Aromatisse
|-singleturn|p2a: Aromatisse|Protect
|move|p1a: Magneton|Flash Cannon|p2a: Aromatisse
|-activate|p2a: Aromatisse|move: Protect
|
|upkeep
|turn|39
|
|t:|1661244628
|switch|p2a: Quagsire|Quagsire, M|100/100
|move|p1a: Magneton|Flash Cannon|p2a: Quagsire
|-resisted|p2a: Quagsire
|-damage|p2a: Quagsire|61/100
|-unboost|p2a: Quagsire|spd|1
|
|upkeep
|turn|40
|
|t:|1661244634
|switch|p2a: Charizard|Charizard, M|94/100
|move|p1a: Magneton|Flash Cannon|p2a: Charizard
|-resisted|p2a: Charizard
|-damage|p2a: Charizard|61/100
|-unboost|p2a: Charizard|spd|1
|
|upkeep
|turn|41
|
|t:|1661244639
|switch|p1a: Gigalith|Gigalith, F|69/100
|-damage|p1a: Gigalith|57/100|[from] Stealth Rock
|-weather|Sandstorm|[from] ability: Sand Stream|[of] p1a: Gigalith
|move|p2a: Charizard|Mystical Fire|p1a: Gigalith
|-resisted|p1a: Gigalith
|-damage|p1a: Gigalith|50/100
|-unboost|p1a: Gigalith|spa|1
|
|-weather|Sandstorm|[upkeep]
|-damage|p2a: Charizard|55/100|[from] Sandstorm
|-heal|p1a: Gigalith|56/100|[from] item: Leftovers
|upkeep
|turn|42
|
|t:|1661244650
|switch|p2a: Quagsire|Quagsire, M|61/100
|switch|p1a: Audino|Audino, F|37/100 tox
|-damage|p1a: Audino|25/100 tox|[from] Stealth Rock
|
|-weather|Sandstorm|[upkeep]
|-damage|p1a: Audino|19/100 tox|[from] Sandstorm
|-damage|p1a: Audino|13/100 tox|[from] psn
|upkeep
|turn|43
|
|t:|1661244659
|switch|p1a: Jellicent|Jellicent, M|100/100
|-damage|p1a: Jellicent|88/100|[from] Stealth Rock
|move|p2a: Quagsire|Recover|p2a: Quagsire
|-heal|p2a: Quagsire|100/100
|
|-weather|Sandstorm|[upkeep]
|-damage|p1a: Jellicent|82/100|[from] Sandstorm
|upkeep
|turn|44
|
|t:|1661244665
|switch|p1a: Audino|Audino, F|46/100 tox
|-damage|p1a: Audino|33/100 tox|[from] Stealth Rock
|switch|p2a: Audino|Audino, F|79/100 tox
|-damage|p2a: Audino|67/100 tox|[from] Stealth Rock
|
|-weather|Sandstorm|[upkeep]
|-damage|p1a: Audino|27/100 tox|[from] Sandstorm
|-damage|p2a: Audino|61/100 tox|[from] Sandstorm
|-damage|p2a: Audino|55/100 tox|[from] psn
|-damage|p1a: Audino|21/100 tox|[from] psn
|upkeep
|turn|45
|
|t:|1661244671
|move|p2a: Audino|Knock Off|p1a: Audino
|-damage|p1a: Audino|12/100 tox
|move|p1a: Audino|Heal Bell|p1a: Audino
|-activate|p1a: Audino|move: Heal Bell
|-curestatus|p1a: Audino|tox|[msg]
|
|-weather|none
|-damage|p2a: Audino|42/100 tox|[from] psn
|upkeep
|turn|46
|
|t:|1661244678
|switch|p1a: Magneton|Magneton|100/100
|-damage|p1a: Magneton|94/100|[from] Stealth Rock
|move|p2a: Audino|Toxic|p1a: Magneton
|-immune|p1a: Magneton
|
|-damage|p2a: Audino|24/100 tox|[from] psn
|upkeep
|turn|47
|
|t:|1661244687
|switch|p2a: Quagsire|Quagsire, M|100/100
|move|p1a: Magneton|Tri Attack|p2a: Quagsire
|-damage|p2a: Quagsire|47/100
|
|upkeep
|turn|48
|
|t:|1661244694
|switch|p2a: Corsola|Corsola, M|100/100
|-damage|p2a: Corsola|88/100|[from] Stealth Rock
|move|p1a: Magneton|Tri Attack|p2a: Corsola
|-resisted|p2a: Corsola
|-damage|p2a: Corsola|65/100
|-status|p2a: Corsola|frz
|
|upkeep
|turn|49
|
|t:|1661244701
|move|p1a: Magneton|Tri Attack|p2a: Corsola
|-resisted|p2a: Corsola
|-damage|p2a: Corsola|43/100 frz
|-curestatus|p2a: Corsola|frz|[from] move: Scald
|move|p2a: Corsola|Scald|p1a: Magneton
|-damage|p1a: Magneton|58/100
|-status|p1a: Magneton|brn
|
|-damage|p1a: Magneton|52/100 brn|[from] brn
|upkeep
|turn|50
|
|t:|1661244714
|switch|p1a: Audino|Audino, F|46/100
|-damage|p1a: Audino|33/100|[from] Stealth Rock
|switch|p2a: Aromatisse|Aromatisse, M|66/100
|-damage|p2a: Aromatisse|54/100|[from] Stealth Rock
|
|upkeep
|turn|51
|c|☆AJtraceyyo|Nice
|
|t:|1661244722
|switch|p1a: Charizard|Charizard, F|100/100
|move|p2a: Aromatisse|Moonblast|p1a: Charizard
|-resisted|p1a: Charizard
|-damage|p1a: Charizard|79/100
|
|upkeep
|turn|52
|
|t:|1661244730
|switch|p2a: Corsola|Corsola, M|76/100
|-damage|p2a: Corsola|64/100|[from] Stealth Rock
|move|p1a: Charizard|Flamethrower|p2a: Corsola
|-resisted|p2a: Corsola
|-damage|p2a: Corsola|53/100
|
|upkeep
|turn|53
|
|t:|1661244740
|switch|p1a: Jellicent|Jellicent, M|82/100
|-damage|p1a: Jellicent|70/100|[from] Stealth Rock
|move|p2a: Corsola|Toxic|p1a: Jellicent
|-status|p1a: Jellicent|tox
|
|-damage|p1a: Jellicent|63/100 tox|[from] psn
|upkeep
|turn|54
|
|t:|1661244748
|switch|p2a: Audino|Audino, F|57/100 tox
|-damage|p2a: Audino|45/100 tox|[from] Stealth Rock
|move|p1a: Jellicent|Recover|p1a: Jellicent
|-heal|p1a: Jellicent|100/100 tox
|
|-damage|p1a: Jellicent|88/100 tox|[from] psn
|-damage|p2a: Audino|39/100 tox|[from] psn
|upkeep
|turn|55
|
|t:|1661244753
|switch|p1a: Audino|Audino, F|66/100
|-damage|p1a: Audino|54/100|[from] Stealth Rock
|move|p2a: Audino|Wish|p2a: Audino
|
|-damage|p2a: Audino|27/100 tox|[from] psn
|upkeep
|turn|56
|
|t:|1661244757
|move|p1a: Audino|Wish|p1a: Audino
|move|p2a: Audino|Toxic|p1a: Audino
|-status|p1a: Audino|tox
|
|-heal|p2a: Audino|77/100 tox|[from] move: Wish|[wisher] Audino
|-damage|p1a: Audino|48/100 tox|[from] psn
|-damage|p2a: Audino|58/100 tox|[from] psn
|upkeep
|turn|57
|
|t:|1661244766
|switch|p2a: Charizard|Charizard, M|55/100
|switch|p1a: Magneton|Magneton|52/100 brn
|-damage|p1a: Magneton|46/100 brn|[from] Stealth Rock
|
|-heal|p1a: Magneton|100/100 brn|[from] move: Wish|[wisher] Audino
|-damage|p1a: Magneton|94/100 brn|[from] brn
|upkeep
|turn|58
|
|t:|1661244773
|switch|p1a: Audino|Audino, F|81/100 tox
|-damage|p1a: Audino|69/100 tox|[from] Stealth Rock
|move|p2a: Charizard|Roost|p2a: Charizard
|-heal|p2a: Charizard|100/100
|-singleturn|p2a: Charizard|move: Roost
|
|-damage|p1a: Audino|62/100 tox|[from] psn
|upkeep
|turn|59
|
|t:|1661244779
|switch|p2a: Aromatisse|Aromatisse, M|54/100
|-damage|p2a: Aromatisse|41/100|[from] Stealth Rock
|move|p1a: Audino|Wish|p1a: Audino
|
|-damage|p1a: Audino|50/100 tox|[from] psn
|upkeep
|turn|60
|
|t:|1661244784
|switch|p1a: Magneton|Magneton|94/100 brn
|-damage|p1a: Magneton|88/100 brn|[from] Stealth Rock
|move|p2a: Aromatisse|Wish|p2a: Aromatisse
|
|-heal|p1a: Magneton|100/100 brn|[from] move: Wish|[wisher] Audino
|-damage|p1a: Magneton|94/100 brn|[from] brn
|upkeep
|turn|61
|
|t:|1661244791
|move|p2a: Aromatisse|Protect|p2a: Aromatisse
|-singleturn|p2a: Aromatisse|Protect
|move|p1a: Magneton|Flash Cannon|p2a: Aromatisse
|-activate|p2a: Aromatisse|move: Protect
|
|-heal|p2a: Aromatisse|91/100|[from] move: Wish|[wisher] Aromatisse
|-damage|p1a: Magneton|88/100 brn|[from] brn
|upkeep
|turn|62
|
|t:|1661244797
|switch|p1a: Charizard|Charizard, F|79/100
|switch|p2a: Charizard|Charizard, M|100/100
|
|upkeep
|turn|63
|
|t:|1661244802
|move|p1a: Charizard|Air Slash|p2a: Charizard
|-damage|p2a: Charizard|64/100
|move|p2a: Charizard|Toxic|p1a: Charizard
|-status|p1a: Charizard|tox
|
|-damage|p1a: Charizard|73/100 tox|[from] psn
|upkeep
|turn|64
|
|t:|1661244806
|switch|p1a: Gigalith|Gigalith, F|56/100
|-damage|p1a: Gigalith|43/100|[from] Stealth Rock
|-weather|Sandstorm|[from] ability: Sand Stream|[of] p1a: Gigalith
|move|p2a: Charizard|Roost|p2a: Charizard
|-heal|p2a: Charizard|100/100
|-singleturn|p2a: Charizard|move: Roost
|
|-weather|Sandstorm|[upkeep]
|-damage|p2a: Charizard|94/100|[from] Sandstorm
|-heal|p1a: Gigalith|50/100|[from] item: Leftovers
|upkeep
|turn|65
|
|t:|1661244813
|switch|p2a: Aromatisse|Aromatisse, M|91/100
|-damage|p2a: Aromatisse|79/100|[from] Stealth Rock
|switch|p1a: Audino|Audino, F|83/100 tox
|-damage|p1a: Audino|71/100 tox|[from] Stealth Rock
|
|-weather|Sandstorm|[upkeep]
|-damage|p1a: Audino|65/100 tox|[from] Sandstorm
|-damage|p2a: Aromatisse|73/100|[from] Sandstorm
|-damage|p1a: Audino|59/100 tox|[from] psn
|upkeep
|turn|66
|
|t:|1661244819
|move|p1a: Audino|Heal Bell|p1a: Audino
|-activate|p1a: Audino|move: Heal Bell
|-curestatus|p1a: Audino|tox|[msg]
|-curestatus|p1: Charizard|tox|[msg]
|-curestatus|p1: Magneton|brn|[msg]
|-curestatus|p1: Jellicent|tox|[msg]
|move|p2a: Aromatisse|Moonblast|p1a: Audino
|-damage|p1a: Audino|39/100
|
|-weather|Sandstorm|[upkeep]
|-damage|p1a: Audino|33/100|[from] Sandstorm
|-damage|p2a: Aromatisse|67/100|[from] Sandstorm
|upkeep
|turn|67
|
|t:|1661244828
|move|p1a: Audino|Wish|p1a: Audino
|move|p2a: Aromatisse|Moonblast|p1a: Audino
|-damage|p1a: Audino|11/100
|
|-weather|Sandstorm|[upkeep]
|-damage|p1a: Audino|5/100|[from] Sandstorm
|-damage|p2a: Aromatisse|61/100|[from] Sandstorm
|upkeep
|turn|68
|
|t:|1661244834
|move|p1a: Audino|Protect|p1a: Audino
|-singleturn|p1a: Audino|Protect
|move|p2a: Aromatisse|Wish|p2a: Aromatisse
|
|-weather|none
|-heal|p1a: Audino|55/100|[from] move: Wish|[wisher] Audino
|upkeep
|turn|69
|
|t:|1661244844
|move|p1a: Audino|Wish|p1a: Audino
|move|p2a: Aromatisse|Heal Bell|p2a: Aromatisse
|-activate|p2a: Aromatisse|move: Heal Bell
|-curestatus|p2: Audino|tox|[msg]
|
|-heal|p2a: Aromatisse|100/100|[from] move: Wish|[wisher] Aromatisse
|upkeep
|turn|70
|
|t:|1661244849
|switch|p1a: Magneton|Magneton|88/100
|-damage|p1a: Magneton|82/100|[from] Stealth Rock
|move|p2a: Aromatisse|Moonblast|p1a: Magneton
|-resisted|p1a: Magneton
|-damage|p1a: Magneton|53/100
|-unboost|p1a: Magneton|spa|1
|
|-heal|p1a: Magneton|100/100|[from] move: Wish|[wisher] Audino
|upkeep
|turn|71
|
|t:|1661244855
|switch|p1a: Audino|Audino, F|88/100
|-damage|p1a: Audino|75/100|[from] Stealth Rock
|switch|p2a: Audino|Audino, F|91/100
|-damage|p2a: Audino|79/100|[from] Stealth Rock
|
|upkeep
|turn|72
|c|☆AJtraceyyo|Btw
|c|☆AJtraceyyo|ive lost
|c|☆AJtraceyyo|but I will make this last 300 turns to be toxic
|inactive|AJtraceyyo has 120 seconds left.
|c|☆AJtraceyyo|If you had 1 offensive
|c|☆AJtraceyyo|Mon I would quit
|inactive|AJtraceyyo has 90 seconds left.
|c|☆AJtraceyyo|your team isn’t original anyone can make a stall team to spam toxic and solid cores so shame on u my friend
|
|t:|1661244932
|move|p1a: Audino|Protect|p1a: Audino
|-singleturn|p1a: Audino|Protect
|move|p2a: Audino|Toxic|p1a: Audino
|-activate|p1a: Audino|move: Protect
|
|upkeep
|turn|73
|
|t:|1661244943
|move|p2a: Audino|Knock Off|p1a: Audino
|-damage|p1a: Audino|66/100
|move|p1a: Audino|Wish|p1a: Audino
|
|upkeep
|turn|74
|
|t:|1661244949
|switch|p1a: Gigalith|Gigalith, F|50/100
|-damage|p1a: Gigalith|37/100|[from] Stealth Rock
|-weather|Sandstorm|[from] ability: Sand Stream|[of] p1a: Gigalith
|move|p2a: Audino|Toxic|p1a: Gigalith
|-status|p1a: Gigalith|tox
|
|-weather|Sandstorm|[upkeep]
|-damage|p2a: Audino|73/100|[from] Sandstorm
|-heal|p1a: Gigalith|93/100 tox|[from] move: Wish|[wisher] Audino
|-heal|p1a: Gigalith|99/100 tox|[from] item: Leftovers
|-damage|p1a: Gigalith|93/100 tox|[from] psn
|upkeep
|turn|75
|
|t:|1661244955
|switch|p2a: Aromatisse|Aromatisse, M|100/100
|-damage|p2a: Aromatisse|88/100|[from] Stealth Rock
|switch|p1a: Magneton|Magneton|100/100
|-damage|p1a: Magneton|94/100|[from] Stealth Rock
|
|-weather|Sandstorm|[upkeep]
|-damage|p2a: Aromatisse|82/100|[from] Sandstorm
|upkeep
|turn|76
|
|t:|1661244961
|move|p2a: Aromatisse|Protect|p2a: Aromatisse
|-singleturn|p2a: Aromatisse|Protect
|move|p1a: Magneton|Tri Attack|p2a: Aromatisse
|-activate|p2a: Aromatisse|move: Protect
|
|-weather|Sandstorm|[upkeep]
|-damage|p2a: Aromatisse|76/100|[from] Sandstorm
|upkeep
|turn|77
|
|t:|1661244966
|switch|p2a: Corsola|Corsola, M|86/100
|-damage|p2a: Corsola|74/100|[from] Stealth Rock
|move|p1a: Magneton|Tri Attack|p2a: Corsola
|-resisted|p2a: Corsola
|-damage|p2a: Corsola|59/100
|
|-weather|Sandstorm|[upkeep]
|upkeep
|turn|78
|
|t:|1661244971
|move|p1a: Magneton|Tri Attack|p2a: Corsola
|-resisted|p2a: Corsola
|-damage|p2a: Corsola|45/100
|move|p2a: Corsola|Toxic|p1a: Magneton
|-immune|p1a: Magneton
|
|-weather|none
|upkeep
|turn|79
|
|t:|1661244975
|move|p1a: Magneton|Tri Attack|p2a: Corsola
|-resisted|p2a: Corsola
|-damage|p2a: Corsola|20/100
|move|p2a: Corsola|Recover|p2a: Corsola
|-heal|p2a: Corsola|70/100
|
|upkeep
|turn|80
|
|t:|1661244983
|move|p1a: Magneton|Tri Attack|p2a: Corsola
|-resisted|p2a: Corsola
|-damage|p2a: Corsola|47/100
|-status|p2a: Corsola|brn
|move|p2a: Corsola|Recover|p2a: Corsola
|-heal|p2a: Corsola|97/100 brn
|
|-damage|p2a: Corsola|91/100 brn|[from] brn
|upkeep
|turn|81
|
|t:|1661244993
|switch|p1a: Jellicent|Jellicent, M|88/100
|-damage|p1a: Jellicent|76/100|[from] Stealth Rock
|move|p2a: Corsola|Toxic|p1a: Jellicent
|-status|p1a: Jellicent|tox
|
|-damage|p1a: Jellicent|70/100 tox|[from] psn
|-damage|p2a: Corsola|85/100 brn|[from] brn
|upkeep
|turn|82
|
|t:|1661245000
|switch|p2a: Audino|Audino, F|100/100
|-damage|p2a: Audino|88/100|[from] Stealth Rock
|move|p1a: Jellicent|Toxic|p2a: Audino
|-status|p2a: Audino|tox
|
|-damage|p1a: Jellicent|57/100 tox|[from] psn
|-damage|p2a: Audino|82/100 tox|[from] psn
|upkeep
|turn|83
|
|t:|1661245004
|move|p1a: Jellicent|Recover|p1a: Jellicent
|-heal|p1a: Jellicent|100/100 tox
|move|p2a: Audino|Knock Off|p1a: Jellicent
|-supereffective|p1a: Jellicent
|-damage|p1a: Jellicent|85/100 tox
|
|-damage|p1a: Jellicent|67/100 tox|[from] psn
|-damage|p2a: Audino|70/100 tox|[from] psn
|upkeep
|turn|84
|
|t:|1661245011
|move|p1a: Jellicent|Recover|p1a: Jellicent
|-heal|p1a: Jellicent|100/100 tox
|move|p2a: Audino|Knock Off|p1a: Jellicent
|-supereffective|p1a: Jellicent
|-damage|p1a: Jellicent|86/100 tox
|
|-damage|p1a: Jellicent|61/100 tox|[from] psn
|-damage|p2a: Audino|51/100 tox|[from] psn
|upkeep
|turn|85
|
|t:|1661245019
|switch|p1a: Magneton|Magneton|94/100
|-damage|p1a: Magneton|88/100|[from] Stealth Rock
|switch|p2a: Aromatisse|Aromatisse, M|76/100
|-damage|p2a: Aromatisse|64/100|[from] Stealth Rock
|
|upkeep
|turn|86
|
|t:|1661245027
|move|p2a: Aromatisse|Protect|p2a: Aromatisse
|-singleturn|p2a: Aromatisse|Protect
|move|p1a: Magneton|Tri Attack|p2a: Aromatisse
|-activate|p2a: Aromatisse|move: Protect
|
|upkeep
|turn|87
|
|t:|1661245031
|switch|p2a: Corsola|Corsola, M|100/100 brn
|-damage|p2a: Corsola|88/100 brn|[from] Stealth Rock
|move|p1a: Magneton|Tri Attack|p2a: Corsola
|-resisted|p2a: Corsola
|-damage|p2a: Corsola|64/100 brn
|
|-damage|p2a: Corsola|58/100 brn|[from] brn
|upkeep
|turn|88
|
|t:|1661245039
|switch|p1a: Whimsicott|Whimsicott, M|43/100
|-damage|p1a: Whimsicott|30/100|[from] Stealth Rock
|move|p2a: Corsola|Recover|p2a: Corsola
|-heal|p2a: Corsola|100/100 brn
|
|-damage|p2a: Corsola|95/100 brn|[from] brn
|upkeep
|turn|89
|
|t:|1661245045
|switch|p2a: Audino|Audino, F|85/100 tox
|-damage|p2a: Audino|72/100 tox|[from] Stealth Rock
|move|p1a: Whimsicott|Moonblast|p2a: Audino
|-damage|p2a: Audino|50/100 tox
|-unboost|p2a: Audino|spa|1
|
|-damage|p2a: Audino|43/100 tox|[from] psn
|upkeep
|turn|90
|
|t:|1661245054
|move|p1a: Whimsicott|Moonblast|p2a: Audino
|-damage|p2a: Audino|20/100 tox
|-unboost|p2a: Audino|spa|1
|move|p2a: Audino|Wish|p2a: Audino
|
|-damage|p2a: Audino|8/100 tox|[from] psn
|upkeep
|turn|91
|
|t:|1661245059
|move|p2a: Audino|Protect|p2a: Audino
|-singleturn|p2a: Audino|Protect
|move|p1a: Whimsicott|Knock Off|p2a: Audino
|-activate|p2a: Audino|move: Protect
|
|-heal|p2a: Audino|58/100 tox|[from] move: Wish|[wisher] Audino
|-damage|p2a: Audino|40/100 tox|[from] psn
|upkeep
|turn|92
|
|t:|1661245065
|switch|p2a: Aromatisse|Aromatisse, M|64/100
|-damage|p2a: Aromatisse|51/100|[from] Stealth Rock
|move|p1a: Whimsicott|Moonblast|p2a: Aromatisse
|-damage|p2a: Aromatisse|16/100
|
|upkeep
|turn|93
|
|t:|1661245086
|switch|p2a: Charizard|Charizard, M|94/100
|move|p1a: Whimsicott|Moonblast|p2a: Charizard
|-resisted|p2a: Charizard
|-damage|p2a: Charizard|76/100
|
|upkeep
|turn|94
|
|t:|1661245094
|switch|p1a: Gigalith|Gigalith, F|93/100 tox
|-damage|p1a: Gigalith|80/100 tox|[from] Stealth Rock
|-weather|Sandstorm|[from] ability: Sand Stream|[of] p1a: Gigalith
|move|p2a: Charizard|Mystical Fire|p1a: Gigalith
|-resisted|p1a: Gigalith
|-damage|p1a: Gigalith|73/100 tox
|-unboost|p1a: Gigalith|spa|1
|
|-weather|Sandstorm|[upkeep]
|-damage|p2a: Charizard|70/100|[from] Sandstorm
|-heal|p1a: Gigalith|79/100 tox|[from] item: Leftovers
|-damage|p1a: Gigalith|73/100 tox|[from] psn
|upkeep
|turn|95
|
|t:|1661245105
|switch|p2a: Ferroseed|Ferroseed, M|79/100
|-damage|p2a: Ferroseed|73/100|[from] Stealth Rock
|move|p1a: Gigalith|Rock Blast|p2a: Ferroseed
|-resisted|p2a: Ferroseed
|-damage|p2a: Ferroseed|68/100
|-resisted|p2a: Ferroseed
|-damage|p2a: Ferroseed|63/100
|-hitcount|p2a: Ferroseed|2
|
|-weather|Sandstorm|[upkeep]
|-heal|p1a: Gigalith|79/100 tox|[from] item: Leftovers
|-damage|p1a: Gigalith|66/100 tox|[from] psn
|upkeep
|turn|96
|
|t:|1661245116
|switch|p1a: Charizard|Charizard, F|73/100
|move|p2a: Ferroseed|Spikes|p1a: Charizard
|-sidestart|p1: AJtraceyyo|Spikes
|
|-weather|Sandstorm|[upkeep]
|-damage|p1a: Charizard|67/100|[from] Sandstorm
|upkeep
|turn|97
|
|t:|1661245123
|switch|p2a: Corsola|Corsola, M|100/100 brn
|-damage|p2a: Corsola|88/100 brn|[from] Stealth Rock
|move|p1a: Charizard|Defog|p2a: Corsola
|-unboost|p2a: Corsola|evasion|1
|-sideend|p2: PULT4T2 soup|Stealth Rock|[from] move: Defog|[of] p1a: Charizard
|-sideend|p1: AJtraceyyo|Spikes|[from] move: Defog|[of] p1a: Charizard
|-sideend|p1: AJtraceyyo|Stealth Rock|[from] move: Defog|[of] p1a: Charizard
|
|-weather|Sandstorm|[upkeep]
|-damage|p1a: Charizard|61/100|[from] Sandstorm
|-damage|p2a: Corsola|82/100 brn|[from] brn
|upkeep
|turn|98
|
|t:|1661245140
|switch|p1a: Audino|Audino, F|99/100
|move|p2a: Corsola|Stealth Rock|p1a: Audino
|-sidestart|p1: AJtraceyyo|move: Stealth Rock
|
|-weather|none
|-damage|p2a: Corsola|76/100 brn|[from] brn
|upkeep
|turn|99
|
|t:|1661245150
|switch|p1a: Gigalith|Gigalith, F|66/100 tox
|-damage|p1a: Gigalith|54/100 tox|[from] Stealth Rock
|-weather|Sandstorm|[from] ability: Sand Stream|[of] p1a: Gigalith
|switch|p2a: Aromatisse|Aromatisse, M|16/100
|
|-weather|Sandstorm|[upkeep]
|-damage|p2a: Aromatisse|10/100|[from] Sandstorm
|-heal|p1a: Gigalith|60/100 tox|[from] item: Leftovers
|-damage|p1a: Gigalith|54/100 tox|[from] psn
|upkeep
|turn|100
|
|t:|1661245157
|switch|p2a: Ferroseed|Ferroseed, M|63/100
|move|p1a: Gigalith|Earthquake|p2a: Ferroseed
|-damage|p2a: Ferroseed|37/100
|
|-weather|Sandstorm|[upkeep]
|-heal|p1a: Gigalith|60/100 tox|[from] item: Leftovers
|-damage|p1a: Gigalith|48/100 tox|[from] psn
|upkeep
|turn|101
|
|t:|1661245170
|switch|p1a: Charizard|Charizard, F|61/100
|move|p2a: Ferroseed|Rest|p2a: Ferroseed
|-status|p2a: Ferroseed|slp|[from] move: Rest
|-heal|p2a: Ferroseed|100/100 slp|[silent]
|
|-weather|Sandstorm|[upkeep]
|-damage|p1a: Charizard|55/100|[from] Sandstorm
|upkeep
|turn|102
|
|t:|1661245175
|switch|p2a: Corsola|Corsola, M|100/100 brn
|move|p1a: Charizard|Defog|p2a: Corsola
|-unboost|p2a: Corsola|evasion|1
|-sideend|p1: AJtraceyyo|Stealth Rock|[from] move: Defog|[of] p1a: Charizard
|
|-weather|Sandstorm|[upkeep]
|-damage|p1a: Charizard|49/100|[from] Sandstorm
|-damage|p2a: Corsola|95/100 brn|[from] brn
|upkeep
|turn|103
|
|t:|1661245182
|switch|p1a: Gigalith|Gigalith, F|48/100 tox
|move|p2a: Corsola|Stealth Rock|p1a: Gigalith
|-sidestart|p1: AJtraceyyo|move: Stealth Rock
|
|-weather|none
|-heal|p1a: Gigalith|54/100 tox|[from] item: Leftovers
|-damage|p1a: Gigalith|48/100 tox|[from] psn
|-damage|p2a: Corsola|89/100 brn|[from] brn
|upkeep
|turn|104
|
|t:|1661245188
|move|p2a: Corsola|Scald|p1a: Gigalith
|-supereffective|p1a: Gigalith
|-crit|p1a: Gigalith
|-damage|p1a: Gigalith|4/100 tox
|move|p1a: Gigalith|Stealth Rock|p2a: Corsola
|-sidestart|p2: PULT4T2 soup|move: Stealth Rock
|
|-heal|p1a: Gigalith|10/100 tox|[from] item: Leftovers
|-damage|p1a: Gigalith|0 fnt|[from] psn
|faint|p1a: Gigalith
|-damage|p2a: Corsola|83/100 brn|[from] brn
|upkeep
|inactive|AJtraceyyo has 120 seconds left.
|
|t:|1661245199
|switch|p1a: Magneton|Magneton|88/100
|-damage|p1a: Magneton|82/100|[from] Stealth Rock
|turn|105
|inactive|AJtraceyyo has 120 seconds left.
|
|t:|1661245214
|move|p1a: Magneton|Tri Attack|p2a: Corsola
|-resisted|p2a: Corsola
|-damage|p2a: Corsola|62/100 brn
|move|p2a: Corsola|Recover|p2a: Corsola
|-heal|p2a: Corsola|100/100 brn
|
|-damage|p2a: Corsola|95/100 brn|[from] brn
|upkeep
|turn|106
|
|t:|1661245223
|switch|p1a: Audino|Audino, F|100/100
|-damage|p1a: Audino|88/100|[from] Stealth Rock
|move|p2a: Corsola|Toxic|p1a: Audino
|-status|p1a: Audino|tox
|
|-damage|p1a: Audino|82/100 tox|[from] psn
|-damage|p2a: Corsola|89/100 brn|[from] brn
|upkeep
|turn|107
|
|t:|1661245232
|switch|p1a: Magneton|Magneton|82/100
|-damage|p1a: Magneton|76/100|[from] Stealth Rock
|switch|p2a: Charizard|Charizard, M|70/100
|
|upkeep
|turn|108
|
|t:|1661245242
|switch|p1a: Charizard|Charizard, F|49/100
|move|p2a: Charizard|Mystical Fire|p1a: Charizard
|-resisted|p1a: Charizard
|-damage|p1a: Charizard|31/100
|-unboost|p1a: Charizard|spa|1
|
|upkeep
|turn|109
|
|t:|1661245245
|move|p1a: Charizard|Roost|p1a: Charizard
|-heal|p1a: Charizard|81/100
|-singleturn|p1a: Charizard|move: Roost
|move|p2a: Charizard|Defog|p1a: Charizard
|-unboost|p1a: Charizard|evasion|1
|-sideend|p1: AJtraceyyo|Stealth Rock|[from] move: Defog|[of] p2a: Charizard
|-sideend|p2: PULT4T2 soup|Stealth Rock|[from] move: Defog|[of] p2a: Charizard
|
|upkeep
|turn|110
|
|t:|1661245252
|switch|p2a: Corsola|Corsola, M|100/100 brn
|move|p1a: Charizard|Air Slash|p2a: Corsola
|-resisted|p2a: Corsola
|-damage|p2a: Corsola|89/100 brn
|
|-damage|p2a: Corsola|83/100 brn|[from] brn
|upkeep
|turn|111
|
|t:|1661245259
|move|p1a: Charizard|Air Slash|p2a: Corsola
|-resisted|p2a: Corsola
|-damage|p2a: Corsola|71/100 brn
|cant|p2a: Corsola|flinch
|
|-damage|p2a: Corsola|65/100 brn|[from] brn
|upkeep
|turn|112
|
|t:|1661245266
|switch|p1a: Magneton|Magneton|76/100
|move|p2a: Corsola|Stealth Rock|p1a: Magneton
|-sidestart|p1: AJtraceyyo|move: Stealth Rock
|
|-damage|p2a: Corsola|59/100 brn|[from] brn
|upkeep
|turn|113
|
|t:|1661245274
|switch|p2a: Audino|Audino, F|73/100 tox
|move|p1a: Magneton|Flash Cannon|p2a: Audino
|-damage|p2a: Audino|28/100 tox
|
|-damage|p2a: Audino|21/100 tox|[from] psn
|upkeep
|turn|114
|
|t:|1661245279
|switch|p2a: Charizard|Charizard, M|70/100
|move|p1a: Magneton|Flash Cannon|p2a: Charizard
|-resisted|p2a: Charizard
|-damage|p2a: Charizard|34/100
|
|upkeep
|turn|115
|
|t:|1661245284
|switch|p1a: Charizard|Charizard, F|81/100
|move|p2a: Charizard|Roost|p2a: Charizard
|-heal|p2a: Charizard|85/100
|-singleturn|p2a: Charizard|move: Roost
|
|upkeep
|turn|116
|
|t:|1661245289
|switch|p1a: Magneton|Magneton|76/100
|-damage|p1a: Magneton|69/100|[from] Stealth Rock
|switch|p2a: Audino|Audino, F|55/100 tox
|
|-damage|p2a: Audino|49/100 tox|[from] psn
|upkeep
|turn|117
|
|t:|1661245297
|move|p2a: Audino|Protect|p2a: Audino
|-singleturn|p2a: Audino|Protect
|move|p1a: Magneton|Flash Cannon|p2a: Audino
|-activate|p2a: Audino|move: Protect
|
|-damage|p2a: Audino|36/100 tox|[from] psn
|upkeep
|turn|118
|
|t:|1661245303
|switch|p2a: Charizard|Charizard, M|85/100
|move|p1a: Magneton|Flash Cannon|p2a: Charizard
|-resisted|p2a: Charizard
|-crit|p2a: Charizard
|-damage|p2a: Charizard|34/100
|
|upkeep
|turn|119
|
|t:|1661245312
|switch|p1a: Charizard|Charizard, F|81/100
|move|p2a: Charizard|Roost|p2a: Charizard
|-heal|p2a: Charizard|84/100
|-singleturn|p2a: Charizard|move: Roost
|
|upkeep
|turn|120
|
|t:|1661245318
|switch|p2a: Audino|Audino, F|70/100 tox
|move|p1a: Charizard|Air Slash|p2a: Audino
|-damage|p2a: Audino|48/100 tox
|
|-damage|p2a: Audino|42/100 tox|[from] psn
|upkeep
|turn|121
|
|t:|1661245323
|switch|p2a: Corsola|Corsola, M|92/100 brn
|move|p1a: Charizard|Defog|p2a: Corsola
|-unboost|p2a: Corsola|evasion|1
|-sideend|p1: AJtraceyyo|Stealth Rock|[from] move: Defog|[of] p1a: Charizard
|
|-damage|p2a: Corsola|86/100 brn|[from] brn
|upkeep
|turn|122
|
|t:|1661245327
|switch|p1a: Magneton|Magneton|69/100
|move|p2a: Corsola|Stealth Rock|p1a: Magneton
|-sidestart|p1: AJtraceyyo|move: Stealth Rock
|
|-damage|p2a: Corsola|80/100 brn|[from] brn
|upkeep
|turn|123
|
|t:|1661245334
|switch|p2a: Ferroseed|Ferroseed, M|100/100 slp
|move|p1a: Magneton|Tri Attack|p2a: Ferroseed
|-resisted|p2a: Ferroseed
|-damage|p2a: Ferroseed|87/100 slp
|
|upkeep
|turn|124
|
|t:|1661245343
|switch|p1a: Charizard|Charizard, F|81/100
|cant|p2a: Ferroseed|slp
|
|upkeep
|turn|125
|
|t:|1661245347
|switch|p2a: Corsola|Corsola, M|100/100 brn
|move|p1a: Charizard|Defog|p2a: Corsola
|-unboost|p2a: Corsola|evasion|1
|-sideend|p1: AJtraceyyo|Stealth Rock|[from] move: Defog|[of] p1a: Charizard
|
|-damage|p2a: Corsola|95/100 brn|[from] brn
|upkeep
|turn|126
|
|t:|1661245357
|switch|p1a: Magneton|Magneton|69/100
|move|p2a: Corsola|Stealth Rock|p1a: Magneton
|-sidestart|p1: AJtraceyyo|move: Stealth Rock
|
|-damage|p2a: Corsola|89/100 brn|[from] brn
|upkeep
|turn|127
|
|t:|1661245361
|switch|p2a: Audino|Audino, F|75/100 tox
|move|p1a: Magneton|Thunderbolt|p2a: Audino
|-damage|p2a: Audino|24/100 tox
|
|-damage|p2a: Audino|18/100 tox|[from] psn
|upkeep
|turn|128
|
|t:|1661245369
|switch|p1a: Whimsicott|Whimsicott, M|30/100
|-damage|p1a: Whimsicott|18/100|[from] Stealth Rock
|switch|p2a: Quagsire|Quagsire, M|47/100
|
|upkeep
|turn|129
|
|t:|1661245376
|switch|p2a: Charizard|Charizard, M|84/100
|move|p1a: Whimsicott|Giga Drain|p2a: Charizard
|-resisted|p2a: Charizard
|-crit|p2a: Charizard
|-damage|p2a: Charizard|73/100
|-heal|p1a: Whimsicott|26/100|[from] drain|[of] p2a: Charizard
|
|upkeep
|turn|130
|
|t:|1661245383
|move|p1a: Whimsicott|U-turn|p2a: Charizard
|-resisted|p2a: Charizard
|-damage|p2a: Charizard|71/100
|
|t:|1661245385
|switch|p1a: Audino|Audino, F|100/100 tox|[from]move: U-turn
|-damage|p1a: Audino|88/100 tox|[from] Stealth Rock
|move|p2a: Charizard|Toxic|p1a: Audino
|-fail|p1a: Audino|tox
|
|-damage|p1a: Audino|82/100 tox|[from] psn
|upkeep
|turn|131
|
|t:|1661245395
|switch|p2a: Quagsire|Quagsire, M|47/100
|switch|p1a: Charizard|Charizard, F|81/100
|
|upkeep
|turn|132
|
|t:|1661245400
|switch|p2a: Corsola|Corsola, M|100/100 brn
|move|p1a: Charizard|Air Slash|p2a: Corsola
|-resisted|p2a: Corsola
|-damage|p2a: Corsola|83/100 brn
|
|-damage|p2a: Corsola|77/100 brn|[from] brn
|upkeep
|turn|133
|
|t:|1661245404
|move|p1a: Charizard|Defog|p2a: Corsola
|-unboost|p2a: Corsola|evasion|1
|-sideend|p1: AJtraceyyo|Stealth Rock|[from] move: Defog|[of] p1a: Charizard
|move|p2a: Corsola|Scald|p1a: Charizard
|-supereffective|p1a: Charizard
|-damage|p1a: Charizard|35/100
|
|-damage|p2a: Corsola|71/100 brn|[from] brn
|upkeep
|turn|134
|
|t:|1661245410
|move|p1a: Charizard|Roost|p1a: Charizard
|-heal|p1a: Charizard|85/100
|-singleturn|p1a: Charizard|move: Roost
|move|p2a: Corsola|Stealth Rock|p1a: Charizard
|-sidestart|p1: AJtraceyyo|move: Stealth Rock
|
|-damage|p2a: Corsola|65/100 brn|[from] brn
|upkeep
|turn|135
|
|t:|1661245416
|move|p1a: Charizard|Defog|p2a: Corsola
|-unboost|p2a: Corsola|evasion|1
|-sideend|p1: AJtraceyyo|Stealth Rock|[from] move: Defog|[of] p1a: Charizard
|move|p2a: Corsola|Toxic|p1a: Charizard
|-status|p1a: Charizard|tox
|
|-damage|p1a: Charizard|79/100 tox|[from] psn
|-damage|p2a: Corsola|59/100 brn|[from] brn
|upkeep
|turn|136
|
|t:|1661245421
|switch|p1a: Whimsicott|Whimsicott, M|26/100
|move|p2a: Corsola|Stealth Rock|p1a: Whimsicott
|-sidestart|p1: AJtraceyyo|move: Stealth Rock
|
|-damage|p2a: Corsola|53/100 brn|[from] brn
|upkeep
|turn|137
|
|t:|1661245426
|switch|p2a: Charizard|Charizard, M|71/100
|move|p1a: Whimsicott|Knock Off|p2a: Charizard
|-damage|p2a: Charizard|56/100
|-enditem|p2a: Charizard|Heavy-Duty Boots|[from] move: Knock Off|[of] p1a: Whimsicott
|
|upkeep
|turn|138
|
|t:|1661245434
|move|p1a: Whimsicott|U-turn|p2a: Charizard
|-resisted|p2a: Charizard
|-damage|p2a: Charizard|53/100
|
|t:|1661245436
|switch|p1a: Audino|Audino, F|100/100 tox|[from]move: U-turn
|-damage|p1a: Audino|88/100 tox|[from] Stealth Rock
|move|p2a: Charizard|Roost|p2a: Charizard
|-heal|p2a: Charizard|100/100
|-singleturn|p2a: Charizard|move: Roost
|
|-damage|p1a: Audino|82/100 tox|[from] psn
|upkeep
|turn|139
|
|t:|1661245440
|switch|p2a: Audino|Audino, F|51/100 tox
|switch|p1a: Charizard|Charizard, F|79/100 tox
|
|-damage|p1a: Charizard|73/100 tox|[from] psn
|-damage|p2a: Audino|45/100 tox|[from] psn
|upkeep
|turn|140
|
|t:|1661245444
|switch|p2a: Corsola|Corsola, M|86/100 brn
|move|p1a: Charizard|Air Slash|p2a: Corsola
|-resisted|p2a: Corsola
|-damage|p2a: Corsola|68/100 brn
|
|-damage|p1a: Charizard|60/100 tox|[from] psn
|-damage|p2a: Corsola|62/100 brn|[from] brn
|upkeep
|turn|141
|
|t:|1661245453
|switch|p1a: Audino|Audino, F|100/100 tox
|-damage|p1a: Audino|88/100 tox|[from] Stealth Rock
|move|p2a: Corsola|Scald|p1a: Audino
|-damage|p1a: Audino|76/100 tox
|
|-damage|p1a: Audino|70/100 tox|[from] psn
|-damage|p2a: Corsola|56/100 brn|[from] brn
|upkeep
|turn|142
|
|t:|1661245459
|switch|p2a: Quagsire|Quagsire, M|47/100
|move|p1a: Audino|Wish|p1a: Audino
|
|-damage|p1a: Audino|58/100 tox|[from] psn
|upkeep
|turn|143
|
|t:|1661245464
|switch|p1a: Jellicent|Jellicent, M|61/100 tox
|-damage|p1a: Jellicent|49/100 tox|[from] Stealth Rock
|move|p2a: Quagsire|Recover|p2a: Quagsire
|-heal|p2a: Quagsire|97/100
|
|-heal|p1a: Jellicent|99/100 tox|[from] move: Wish|[wisher] Audino
|-damage|p1a: Jellicent|93/100 tox|[from] psn
|upkeep
|turn|144
|
|t:|1661245469
|switch|p2a: Audino|Audino, F|78/100 tox
|move|p1a: Jellicent|Toxic|p2a: Audino
|-fail|p2a: Audino|tox
|
|-damage|p1a: Jellicent|81/100 tox|[from] psn
|-damage|p2a: Audino|72/100 tox|[from] psn
|upkeep
|turn|145
|
|t:|1661245475
|switch|p1a: Audino|Audino, F|91/100 tox
|-damage|p1a: Audino|79/100 tox|[from] Stealth Rock
|move|p2a: Audino|Wish|p2a: Audino
|
|-damage|p1a: Audino|72/100 tox|[from] psn
|-damage|p2a: Audino|60/100 tox|[from] psn
|upkeep
|turn|146
|
|t:|1661245479
|switch|p1a: Magneton|Magneton|69/100
|-damage|p1a: Magneton|63/100|[from] Stealth Rock
|switch|p2a: Aromatisse|Aromatisse, M|10/100
|
|-heal|p2a: Aromatisse|61/100|[from] move: Wish|[wisher] Audino
|upkeep
|turn|147
|
|t:|1661245483
|move|p2a: Aromatisse|Protect|p2a: Aromatisse
|-singleturn|p2a: Aromatisse|Protect
|move|p1a: Magneton|Tri Attack|p2a: Aromatisse
|-activate|p2a: Aromatisse|move: Protect
|
|upkeep
|turn|148
|
|t:|1661245486
|switch|p2a: Corsola|Corsola, M|89/100 brn
|move|p1a: Magneton|Tri Attack|p2a: Corsola
|-resisted|p2a: Corsola
|-damage|p2a: Corsola|64/100 brn
|
|-damage|p2a: Corsola|58/100 brn|[from] brn
|upkeep
|turn|149
|
|t:|1661245492
|switch|p1a: Audino|Audino, F|100/100 tox
|-damage|p1a: Audino|88/100 tox|[from] Stealth Rock
|move|p2a: Corsola|Recover|p2a: Corsola
|-heal|p2a: Corsola|100/100 brn
|
|-damage|p1a: Audino|82/100 tox|[from] psn
|-damage|p2a: Corsola|95/100 brn|[from] brn
|upkeep
|turn|150
|
|t:|1661245495
|switch|p2a: Charizard|Charizard, M|100/100
|move|p1a: Audino|Heal Bell|p1a: Audino
|-activate|p1a: Audino|move: Heal Bell
|-curestatus|p1a: Audino|tox|[msg]
|-curestatus|p1: Charizard|tox|[msg]
|-curestatus|p1: Jellicent|tox|[msg]
|
|upkeep
|turn|151
|
|t:|1661245501
|move|p2a: Charizard|Toxic|p1a: Audino
|-status|p1a: Audino|tox
|move|p1a: Audino|Encore|p2a: Charizard
|-start|p2a: Charizard|Encore
|
|-damage|p1a: Audino|76/100 tox|[from] psn
|upkeep
|turn|152
|
|t:|1661245509
|switch|p2a: Quagsire|Quagsire, M|97/100
|move|p1a: Audino|Wish|p1a: Audino
|
|-damage|p1a: Audino|64/100 tox|[from] psn
|upkeep
|turn|153
|
|t:|1661245514
|switch|p1a: Whimsicott|Whimsicott, M|26/100
|-damage|p1a: Whimsicott|14/100|[from] Stealth Rock
|switch|p2a: Charizard|Charizard, M|100/100
|
|-heal|p1a: Whimsicott|92/100|[from] move: Wish|[wisher] Audino
|upkeep
|turn|154
|
|t:|1661245521
|move|p1a: Whimsicott|U-turn|p2a: Charizard
|-resisted|p2a: Charizard
|-damage|p2a: Charizard|98/100
|
|t:|1661245523
|switch|p1a: Charizard|Charizard, F|60/100|[from]move: U-turn
|move|p2a: Charizard|Mystical Fire|p1a: Charizard
|-resisted|p1a: Charizard
|-damage|p1a: Charizard|41/100
|-unboost|p1a: Charizard|spa|1
|
|upkeep
|turn|155
|
|t:|1661245526
|move|p1a: Charizard|Roost|p1a: Charizard
|-heal|p1a: Charizard|91/100
|-singleturn|p1a: Charizard|move: Roost
|move|p2a: Charizard|Toxic|p1a: Charizard
|-status|p1a: Charizard|tox
|
|-damage|p1a: Charizard|85/100 tox|[from] psn
|upkeep
|turn|156
|
|t:|1661245530
|switch|p1a: Audino|Audino, F|97/100 tox
|-damage|p1a: Audino|84/100 tox|[from] Stealth Rock
|switch|p2a: Corsola|Corsola, M|100/100 brn
|
|-damage|p1a: Audino|78/100 tox|[from] psn
|-damage|p2a: Corsola|95/100 brn|[from] brn
|upkeep
|turn|157
|
|t:|1661245536
|move|p1a: Audino|Protect|p1a: Audino
|-singleturn|p1a: Audino|Protect
|move|p2a: Corsola|Scald|p1a: Audino
|-activate|p1a: Audino|move: Protect
|
|-damage|p1a: Audino|66/100 tox|[from] psn
|-damage|p2a: Corsola|89/100 brn|[from] brn
|upkeep
|turn|158
|
|t:|1661245545
|switch|p1a: Jellicent|Jellicent, M|81/100
|-damage|p1a: Jellicent|68/100|[from] Stealth Rock
|switch|p2a: Aromatisse|Aromatisse, M|61/100
|
|upkeep
|turn|159
|
|t:|1661245549
|move|p1a: Jellicent|Toxic|p2a: Aromatisse
|-status|p2a: Aromatisse|tox
|move|p2a: Aromatisse|Wish|p2a: Aromatisse
|
|-damage|p2a: Aromatisse|54/100 tox|[from] psn
|upkeep
|turn|160
|
|t:|1661245551
|move|p1a: Jellicent|Hex|p2a: Aromatisse
|-damage|p2a: Aromatisse|20/100 tox
|move|p2a: Aromatisse|Heal Bell|p2a: Aromatisse
|-activate|p2a: Aromatisse|move: Heal Bell
|-curestatus|p2a: Aromatisse|tox|[msg]
|-curestatus|p2: Audino|tox|[msg]
|-curestatus|p2: Corsola|brn|[msg]
|-curestatus|p2: Ferroseed|slp|[msg]
|
|-heal|p2a: Aromatisse|70/100|[from] move: Wish|[wisher] Aromatisse
|upkeep
|turn|161
|
|t:|1661245557
|switch|p2a: Ferroseed|Ferroseed, M|87/100
|move|p1a: Jellicent|Toxic|p2a: Ferroseed
|-immune|p2a: Ferroseed
|
|upkeep
|turn|162
|
|t:|1661245561
|move|p1a: Jellicent|Scald|p2a: Ferroseed
|-resisted|p2a: Ferroseed
|-damage|p2a: Ferroseed|80/100
|-status|p2a: Ferroseed|brn
|move|p2a: Ferroseed|Knock Off|p1a: Jellicent
|-supereffective|p1a: Jellicent
|-damage|p1a: Jellicent|62/100
|
|-damage|p2a: Ferroseed|73/100 brn|[from] brn
|upkeep
|turn|163
|
|t:|1661245563
|move|p1a: Jellicent|Hex|p2a: Ferroseed
|-damage|p2a: Ferroseed|49/100 brn
|move|p2a: Ferroseed|Spikes|p1a: Jellicent
|-sidestart|p1: AJtraceyyo|Spikes
|
|-damage|p2a: Ferroseed|43/100 brn|[from] brn
|upkeep
|turn|164
|
|t:|1661245569
|switch|p1a: Charizard|Charizard, F|85/100 tox
|move|p2a: Ferroseed|Rest|p2a: Ferroseed
|-status|p2a: Ferroseed|slp|[from] move: Rest
|-heal|p2a: Ferroseed|100/100 slp|[silent]
|
|-damage|p1a: Charizard|79/100 tox|[from] psn
|upkeep
|turn|165
|
|t:|1661245573
|switch|p2a: Audino|Audino, F|93/100
|move|p1a: Charizard|Defog|p2a: Audino
|-unboost|p2a: Audino|evasion|1
|-sideend|p1: AJtraceyyo|Spikes|[from] move: Defog|[of] p1a: Charizard
|-sideend|p1: AJtraceyyo|Stealth Rock|[from] move: Defog|[of] p1a: Charizard
|
|-damage|p1a: Charizard|67/100 tox|[from] psn
|upkeep
|turn|166
|
|t:|1661245580
|switch|p1a: Audino|Audino, F|99/100 tox
|move|p2a: Audino|Knock Off|p1a: Audino
|-damage|p1a: Audino|90/100 tox
|
|-damage|p1a: Audino|84/100 tox|[from] psn
|upkeep
|turn|167
|
|t:|1661245591
|switch|p1a: Whimsicott|Whimsicott, M|92/100
|switch|p2a: Corsola|Corsola, M|100/100
|
|upkeep
|turn|168
|
|t:|1661245596
|switch|p2a: Charizard|Charizard, M|98/100
|move|p1a: Whimsicott|Knock Off|p2a: Charizard
|-damage|p2a: Charizard|89/100
|
|upkeep
|turn|169
|
|t:|1661245600
|move|p1a: Whimsicott|U-turn|p2a: Charizard
|-resisted|p2a: Charizard
|-damage|p2a: Charizard|86/100
|
|t:|1661245602
|switch|p1a: Charizard|Charizard, F|67/100 tox|[from]move: U-turn
|move|p2a: Charizard|Mystical Fire|p1a: Charizard
|-resisted|p1a: Charizard
|-damage|p1a: Charizard|47/100 tox
|-unboost|p1a: Charizard|spa|1
|
|-damage|p1a: Charizard|41/100 tox|[from] psn
|upkeep
|turn|170
|
|t:|1661245605
|move|p1a: Charizard|Roost|p1a: Charizard
|-heal|p1a: Charizard|91/100 tox
|-singleturn|p1a: Charizard|move: Roost
|move|p2a: Charizard|Mystical Fire|p1a: Charizard
|-resisted|p1a: Charizard
|-damage|p1a: Charizard|73/100 tox
|-unboost|p1a: Charizard|spa|1
|
|-damage|p1a: Charizard|60/100 tox|[from] psn
|upkeep
|turn|171
|
|t:|1661245609
|switch|p1a: Audino|Audino, F|100/100 tox
|move|p2a: Charizard|Mystical Fire|p1a: Audino
|-damage|p1a: Audino|81/100 tox
|-unboost|p1a: Audino|spa|1
|
|-damage|p1a: Audino|75/100 tox|[from] psn
|upkeep
|turn|172
|
|t:|1661245614
|switch|p1a: Charizard|Charizard, F|60/100 tox
|move|p2a: Charizard|Mystical Fire|p1a: Charizard
|-resisted|p1a: Charizard
|-damage|p1a: Charizard|43/100 tox
|-unboost|p1a: Charizard|spa|1
|
|-damage|p1a: Charizard|37/100 tox|[from] psn
|upkeep
|turn|173
|
|t:|1661245619
|switch|p2a: Corsola|Corsola, M|100/100
|move|p1a: Charizard|Roost|p1a: Charizard
|-heal|p1a: Charizard|87/100 tox
|-singleturn|p1a: Charizard|move: Roost
|
|-damage|p1a: Charizard|75/100 tox|[from] psn
|upkeep
|turn|174
|
|t:|1661245625
|switch|p1a: Jellicent|Jellicent, M|62/100
|move|p2a: Corsola|Stealth Rock|p1a: Jellicent
|-sidestart|p1: AJtraceyyo|move: Stealth Rock
|
|upkeep
|turn|175
|
|t:|1661245629
|move|p1a: Jellicent|Toxic|p2a: Corsola
|-status|p2a: Corsola|tox
|move|p2a: Corsola|Toxic|p1a: Jellicent
|-status|p1a: Jellicent|tox
|
|-damage|p1a: Jellicent|56/100 tox|[from] psn
|-damage|p2a: Corsola|95/100 tox|[from] psn
|upkeep
|turn|176
|
|t:|1661245636
|switch|p2a: Audino|Audino, F|100/100
|move|p1a: Jellicent|Recover|p1a: Jellicent
|-heal|p1a: Jellicent|100/100 tox
|
|-damage|p1a: Jellicent|88/100 tox|[from] psn
|upkeep
|turn|177
|
|t:|1661245646
|switch|p1a: Whimsicott|Whimsicott, M|92/100
|-damage|p1a: Whimsicott|80/100|[from] Stealth Rock
|switch|p2a: Quagsire|Quagsire, M|97/100
|
|upkeep
|turn|178
|
|t:|1661245651
|switch|p2a: Ferroseed|Ferroseed, M|100/100 slp
|move|p1a: Whimsicott|Knock Off|p2a: Ferroseed
|-damage|p2a: Ferroseed|89/100 slp
|-damage|p1a: Whimsicott|68/100|[from] ability: Iron Barbs|[of] p2a: Ferroseed
|-enditem|p2a: Ferroseed|Eviolite|[from] move: Knock Off|[of] p1a: Whimsicott
|
|upkeep
|turn|179
|
|t:|1661245662
|switch|p2a: Aromatisse|Aromatisse, M|70/100
|move|p1a: Whimsicott|Moonblast|p2a: Aromatisse
|-damage|p2a: Aromatisse|38/100
|
|upkeep
|turn|180
|
|t:|1661245667
|move|p2a: Aromatisse|Protect|p2a: Aromatisse
|-singleturn|p2a: Aromatisse|Protect
|move|p1a: Whimsicott|Moonblast|p2a: Aromatisse
|-activate|p2a: Aromatisse|move: Protect
|
|upkeep
|turn|181
|
|t:|1661245672
|switch|p2a: Audino|Audino, F|100/100
|move|p1a: Whimsicott|Moonblast|p2a: Audino
|-damage|p2a: Audino|76/100
|
|upkeep
|turn|182
|
|t:|1661245680
|move|p1a: Whimsicott|U-turn|p2a: Audino
|-damage|p2a: Audino|66/100
|
|t:|1661245686
|switch|p1a: Jellicent|Jellicent, M|88/100 tox|[from]move: U-turn
|-damage|p1a: Jellicent|76/100 tox|[from] Stealth Rock
|move|p2a: Audino|Wish|p2a: Audino
|
|-damage|p1a: Jellicent|70/100 tox|[from] psn
|upkeep
|turn|183
|
|t:|1661245690
|switch|p2a: Aromatisse|Aromatisse, M|38/100
|move|p1a: Jellicent|Toxic|p2a: Aromatisse
|-status|p2a: Aromatisse|tox
|
|-heal|p2a: Aromatisse|89/100 tox|[from] move: Wish|[wisher] Audino
|-damage|p1a: Jellicent|57/100 tox|[from] psn
|-damage|p2a: Aromatisse|83/100 tox|[from] psn
|upkeep
|turn|184
|
|t:|1661245700
|switch|p2a: Audino|Audino, F|99/100
|move|p1a: Jellicent|Recover|p1a: Jellicent
|-heal|p1a: Jellicent|100/100 tox
|
|-damage|p1a: Jellicent|82/100 tox|[from] psn
|upkeep
|turn|185
|
|t:|1661245709
|switch|p1a: Whimsicott|Whimsicott, M|68/100
|-damage|p1a: Whimsicott|55/100|[from] Stealth Rock
|move|p2a: Audino|Protect||[still]
|-fail|p2a: Audino
|
|upkeep
|turn|186
|
|t:|1661245715
|move|p1a: Whimsicott|Giga Drain|p2a: Audino
|-damage|p2a: Audino|80/100
|-heal|p1a: Whimsicott|71/100|[from] drain|[of] p2a: Audino
|move|p2a: Audino|Knock Off|p1a: Whimsicott
|-resisted|p1a: Whimsicott
|-damage|p1a: Whimsicott|64/100
|
|upkeep
|turn|187
|
|t:|1661245722
|switch|p2a: Charizard|Charizard, M|86/100
|move|p1a: Whimsicott|Giga Drain|p2a: Charizard
|-resisted|p2a: Charizard
|-damage|p2a: Charizard|79/100
|-heal|p1a: Whimsicott|69/100|[from] drain|[of] p2a: Charizard
|
|upkeep
|turn|188
|
|t:|1661245728
|switch|p2a: Audino|Audino, F|100/100
|move|p1a: Whimsicott|U-turn|p2a: Audino
|-crit|p2a: Audino
|-damage|p2a: Audino|86/100
|
|t:|1661245731
|switch|p1a: Magneton|Magneton|63/100|[from]move: U-turn
|-damage|p1a: Magneton|57/100|[from] Stealth Rock
|
|upkeep
|turn|189
|
|t:|1661245735
|move|p2a: Audino|Protect|p2a: Audino
|-singleturn|p2a: Audino|Protect
|move|p1a: Magneton|Volt Switch|p2a: Audino
|-activate|p2a: Audino|move: Protect
|
|upkeep
|turn|190
|
|t:|1661245743
|switch|p1a: Jellicent|Jellicent, M|82/100 tox
|-damage|p1a: Jellicent|70/100 tox|[from] Stealth Rock
|switch|p2a: Quagsire|Quagsire, M|97/100
|
|-damage|p1a: Jellicent|63/100 tox|[from] psn
|upkeep
|turn|191
|
|t:|1661245750
|move|p1a: Jellicent|Toxic|p2a: Quagsire
|-status|p2a: Quagsire|tox
|move|p2a: Quagsire|Earthquake|p1a: Jellicent
|-damage|p1a: Jellicent|42/100 tox
|
|-damage|p1a: Jellicent|29/100 tox|[from] psn
|-damage|p2a: Quagsire|91/100 tox|[from] psn
|upkeep
|turn|192
|
|t:|1661245754
|move|p1a: Jellicent|Recover|p1a: Jellicent
|-heal|p1a: Jellicent|79/100 tox
|move|p2a: Quagsire|Earthquake|p1a: Jellicent
|-damage|p1a: Jellicent|57/100 tox
|
|-damage|p1a: Jellicent|38/100 tox|[from] psn
|-damage|p2a: Quagsire|79/100 tox|[from] psn
|upkeep
|turn|193
|
|t:|1661245761
|switch|p1a: Magneton|Magneton|57/100
|-damage|p1a: Magneton|51/100|[from] Stealth Rock
|move|p2a: Quagsire|Earthquake|p1a: Magneton
|-supereffective|p1a: Magneton
|-damage|p1a: Magneton|0 fnt
|faint|p1a: Magneton
|
|-damage|p2a: Quagsire|61/100 tox|[from] psn
|upkeep
|
|t:|1661245765
|switch|p1a: Charizard|Charizard, F|75/100 tox
|turn|194
|
|t:|1661245769
|switch|p1a: Whimsicott|Whimsicott, M|69/100
|-damage|p1a: Whimsicott|56/100|[from] Stealth Rock
|switch|p2a: Audino|Audino, F|100/100
|
|upkeep
|turn|195
|
|t:|1661245774
|move|p1a: Whimsicott|Moonblast|p2a: Audino
|-crit|p2a: Audino
|-damage|p2a: Audino|64/100
|-unboost|p2a: Audino|spa|1
|move|p2a: Audino|Wish|p2a: Audino
|
|upkeep
|turn|196
|
|t:|1661245780
|switch|p2a: Aromatisse|Aromatisse, M|83/100 tox
|move|p1a: Whimsicott|Moonblast|p2a: Aromatisse
|-damage|p2a: Aromatisse|49/100 tox
|-unboost|p2a: Aromatisse|spa|1
|
|-heal|p2a: Aromatisse|99/100 tox|[from] move: Wish|[wisher] Audino
|-damage|p2a: Aromatisse|94/100 tox|[from] psn
|upkeep
|turn|197
|
|t:|1661245785
|move|p1a: Whimsicott|U-turn|p2a: Aromatisse
|-resisted|p2a: Aromatisse
|-crit|p2a: Aromatisse
|-damage|p2a: Aromatisse|88/100 tox
|
|t:|1661245788
|switch|p1a: Audino|Audino, F|100/100 tox|[from]move: U-turn
|-damage|p1a: Audino|88/100 tox|[from] Stealth Rock
|move|p2a: Aromatisse|Heal Bell|p2a: Aromatisse
|-activate|p2a: Aromatisse|move: Heal Bell
|-curestatus|p2a: Aromatisse|tox|[msg]
|-curestatus|p2: Quagsire|tox|[msg]
|-curestatus|p2: Corsola|tox|[msg]
|-curestatus|p2: Ferroseed|slp|[msg]
|
|-damage|p1a: Audino|82/100 tox|[from] psn
|upkeep
|turn|198
|c|☆AJtraceyyo|Your autistic
|c|☆AJtraceyyo|and your a virgin
|c|☆AJtraceyyo|and your ugly
|c|☆AJtraceyyo|and your mum is a crack fiend
|l|☆AJtraceyyo
|inactive|AJtraceyyo disconnected and has a minute to reconnect!
|player|p1|
|inactive|AJtraceyyo has 30 seconds to reconnect!
|inactive|AJtraceyyo has 20 seconds to reconnect!
|inactive|AJtraceyyo has 15 seconds to reconnect!
|inactive|AJtraceyyo has 10 seconds to reconnect!
|inactive|AJtraceyyo has 5 seconds to reconnect!
|j| Pika Sup
|-message|AJtraceyyo lost due to inactivity.
|
|win|PULT4T2 soup
|raw|AJtraceyyo's rating: 1308 &rarr; <strong>1299</strong><br />(-9 for losing)
|raw|PULT4T2 soup's rating: 1516 &rarr; <strong>1525</strong><br />(+9 for winning)
|j| PROsandrookies
|l| Pika Sup
|j| Pika Sup
|l| Pika Sup
||Ladder isn't responding, score probably updated but might not have (Request timeout).
