|html|<div class="broadcast-blue"><strong>[Gen 8] PU is currently suspecting Scyther! For information on how to participate check out the <a href="https://www.smogon.com/forums/threads/np-ss-pu-stage-11-turn-turn-turn-scyther-retest.3707179/">suspect thread</a>.</strong></div>
|j|☆jamieon
|j|☆ti84silveredition
|inactive|Battle timer is ON: inactive players will automatically lose when time's up.
|t:|1662765212
|gametype|singles
|player|p1|jamieon|volkner|
|player|p2|ti84silveredition|101|
|teamsize|p1|6
|teamsize|p2|6
|gen|8
|tier|[Gen 8] PU
|rated|Tournament battle
|rule|Sleep Clause Mod: Limit one foe put to sleep
|rule|Species Clause: Limit one of each Pokémon
|rule|OHKO Clause: OHKO moves are banned
|rule|Evasion Items Clause: Evasion items are banned
|rule|Evasion Moves Clause: Evasion moves are banned
|rule|Endless Battle Clause: Forcing endless battles is banned
|rule|HP Percentage Mod: HP is shown in percentages
|rule|Dynamax Clause: You cannot dynamax
|clearpoke
|poke|p1|Charizard, M|
|poke|p1|Quagsire, M|
|poke|p1|Ribombee, F|
|poke|p1|Lanturn, F|
|poke|p1|Gallade, M|
|poke|p1|Aggron, M|
|poke|p2|Gigalith, M|
|poke|p2|Quagsire, M|
|poke|p2|Scrafty, M|
|poke|p2|Weezing, F|
|poke|p2|Ferroseed, M|
|poke|p2|Ribombee, F|
|teampreview
|j|*Lady Monita
|inactive|ti84silveredition also wants the timer to be on.
|inactive|ti84silveredition has 120 seconds left.
|
|t:|1662765253
|start
|switch|p1a: Gallade|Gallade, M, shiny|100/100
|switch|p2a: Gigalith|Gigalith, M|100/100
|-weather|Sandstorm|[from] ability: Sand Stream|[of] p2a: Gigalith
|turn|1
|
|t:|1662765262
|switch|p2a: Ribombee|Ribombee, F|100/100
|move|p1a: Gallade|Close Combat|p2a: Ribombee
|-resisted|p2a: Ribombee
|-damage|p2a: Ribombee|58/100
|-unboost|p1a: Gallade|def|1
|-unboost|p1a: Gallade|spd|1
|
|-weather|Sandstorm|[upkeep]
|-damage|p2a: Ribombee|51/100|[from] Sandstorm
|-damage|p1a: Gallade|94/100|[from] Sandstorm
|upkeep
|turn|2
|
|t:|1662765267
|switch|p1a: Aggron|Aggron, M, shiny|100/100
|move|p2a: Ribombee|Roost|p2a: Ribombee
|-heal|p2a: Ribombee|100/100
|-singleturn|p2a: Ribombee|move: Roost
|
|-weather|Sandstorm|[upkeep]
|-damage|p2a: Ribombee|94/100|[from] Sandstorm
|upkeep
|turn|3
|
|t:|1662765275
|switch|p2a: Scrafty|Scrafty, M|100/100
|move|p1a: Aggron|Stealth Rock|p2a: Scrafty
|-sidestart|p2: ti84silveredition|move: Stealth Rock
|
|-weather|Sandstorm|[upkeep]
|-damage|p2a: Scrafty|95/100|[from] Sandstorm
|-heal|p2a: Scrafty|100/100|[from] item: Leftovers
|upkeep
|turn|4
|
|t:|1662765278
|switch|p1a: Ribombee|Ribombee, F, shiny|100/100
|move|p2a: Scrafty|Knock Off|p1a: Ribombee
|-resisted|p1a: Ribombee
|-damage|p1a: Ribombee|73/100
|-enditem|p1a: Ribombee|Heavy-Duty Boots|[from] move: Knock Off|[of] p2a: Scrafty
|
|-weather|Sandstorm|[upkeep]
|-damage|p1a: Ribombee|66/100|[from] Sandstorm
|-damage|p2a: Scrafty|95/100|[from] Sandstorm
|-heal|p2a: Scrafty|100/100|[from] item: Leftovers
|upkeep
|turn|5
|
|t:|1662765284
|switch|p1a: Gallade|Gallade, M, shiny|94/100
|switch|p2a: Weezing|Weezing, F|100/100
|-damage|p2a: Weezing|88/100|[from] Stealth Rock
|
|-weather|none
|-heal|p2a: Weezing|94/100|[from] item: Black Sludge
|upkeep
|turn|6
|
|t:|1662765290
|move|p1a: Gallade|Psycho Cut|p2a: Weezing
|-supereffective|p2a: Weezing
|-damage|p2a: Weezing|26/100
|move|p2a: Weezing|Will-O-Wisp|p1a: Gallade
|-status|p1a: Gallade|brn
|
|-heal|p2a: Weezing|32/100|[from] item: Black Sludge
|-damage|p1a: Gallade|88/100 brn|[from] brn
|upkeep
|turn|7
|
|t:|1662765298
|switch|p1a: Ribombee|Ribombee, F, shiny|66/100
|switch|p2a: Gigalith|Gigalith, M|100/100
|-damage|p2a: Gigalith|88/100|[from] Stealth Rock
|-weather|Sandstorm|[from] ability: Sand Stream|[of] p2a: Gigalith
|
|-weather|Sandstorm|[upkeep]
|-damage|p1a: Ribombee|60/100|[from] Sandstorm
|-heal|p2a: Gigalith|94/100|[from] item: Leftovers
|upkeep
|turn|8
|
|t:|1662765304
|switch|p1a: Quagsire|Quagsire, M, shiny|100/100
|move|p2a: Gigalith|Stealth Rock|p1a: Quagsire
|-sidestart|p1: jamieon|move: Stealth Rock
|
|-weather|Sandstorm|[upkeep]
|-heal|p2a: Gigalith|100/100|[from] item: Leftovers
|upkeep
|turn|9
|
|t:|1662765312
|switch|p1a: Charizard|Charizard, M, shiny|100/100
|switch|p2a: Ferroseed|Ferroseed, M|100/100
|-damage|p2a: Ferroseed|94/100|[from] Stealth Rock
|
|-weather|Sandstorm|[upkeep]
|-damage|p1a: Charizard|94/100|[from] Sandstorm
|upkeep
|turn|10
|
|t:|1662765319
|move|p2a: Ferroseed|Protect|p2a: Ferroseed
|-singleturn|p2a: Ferroseed|Protect
|move|p1a: Charizard|Defog|p2a: Ferroseed
|-activate|p2a: Ferroseed|move: Protect
|
|-weather|Sandstorm|[upkeep]
|-damage|p1a: Charizard|88/100|[from] Sandstorm
|upkeep
|turn|11
|
|t:|1662765327
|move|p1a: Charizard|Flamethrower|p2a: Ferroseed
|-supereffective|p2a: Ferroseed
|-damage|p2a: Ferroseed|0 fnt
|faint|p2a: Ferroseed
|
|-weather|none
|upkeep
|
|t:|1662765331
|switch|p2a: Scrafty|Scrafty, M|100/100
|-damage|p2a: Scrafty|95/100|[from] Stealth Rock
|turn|12
|
|t:|1662765335
|move|p1a: Charizard|Defog|p2a: Scrafty
|-unboost|p2a: Scrafty|evasion|1
|-sideend|p2: ti84silveredition|Stealth Rock|[from] move: Defog|[of] p1a: Charizard
|-sideend|p1: jamieon|Stealth Rock|[from] move: Defog|[of] p1a: Charizard
|move|p2a: Scrafty|Knock Off|p1a: Charizard
|-damage|p1a: Charizard|50/100
|-enditem|p1a: Charizard|Heavy-Duty Boots|[from] move: Knock Off|[of] p2a: Scrafty
|
|-heal|p2a: Scrafty|100/100|[from] item: Leftovers
|upkeep
|turn|13
|
|t:|1662765340
|move|p1a: Charizard|Toxic|p2a: Scrafty
|-status|p2a: Scrafty|tox
|move|p2a: Scrafty|Knock Off|p1a: Charizard
|-damage|p1a: Charizard|27/100
|
|-damage|p2a: Scrafty|95/100 tox|[from] psn
|upkeep
|turn|14
|
|t:|1662765344
|move|p1a: Charizard|Roost|p1a: Charizard
|-heal|p1a: Charizard|77/100
|-singleturn|p1a: Charizard|move: Roost
|move|p2a: Scrafty|Drain Punch|p1a: Charizard
|-damage|p1a: Charizard|48/100
|-heal|p2a: Scrafty|100/100 tox|[from] drain|[of] p1a: Charizard
|
|-damage|p2a: Scrafty|89/100 tox|[from] psn
|upkeep
|turn|15
|
|t:|1662765347
|switch|p2a: Gigalith|Gigalith, M|100/100
|-weather|Sandstorm|[from] ability: Sand Stream|[of] p2a: Gigalith
|move|p1a: Charizard|Toxic|p2a: Gigalith
|-status|p2a: Gigalith|tox
|
|-weather|Sandstorm|[upkeep]
|-damage|p1a: Charizard|42/100|[from] Sandstorm
|-damage|p2a: Gigalith|94/100 tox|[from] psn
|upkeep
|turn|16
|
|t:|1662765351
|switch|p1a: Quagsire|Quagsire, M, shiny|100/100
|move|p2a: Gigalith|Stealth Rock|p1a: Quagsire
|-sidestart|p1: jamieon|move: Stealth Rock
|
|-weather|Sandstorm|[upkeep]
|-heal|p2a: Gigalith|100/100 tox|[from] item: Leftovers
|-damage|p2a: Gigalith|88/100 tox|[from] psn
|upkeep
|turn|17
|
|t:|1662765358
|switch|p2a: Scrafty|Scrafty, M|89/100 tox
|move|p1a: Quagsire|Earthquake|p2a: Scrafty
|-damage|p2a: Scrafty|61/100 tox
|
|-weather|Sandstorm|[upkeep]
|-damage|p2a: Scrafty|55/100 tox|[from] Sandstorm
|-heal|p2a: Scrafty|61/100 tox|[from] item: Leftovers
|-damage|p2a: Scrafty|55/100 tox|[from] psn
|upkeep
|turn|18
|
|t:|1662765364
|move|p2a: Scrafty|Knock Off|p1a: Quagsire
|-damage|p1a: Quagsire|77/100
|-enditem|p1a: Quagsire|Leftovers|[from] move: Knock Off|[of] p2a: Scrafty
|move|p1a: Quagsire|Scald|p2a: Scrafty
|-damage|p2a: Scrafty|43/100 tox
|
|-weather|Sandstorm|[upkeep]
|-damage|p2a: Scrafty|37/100 tox|[from] Sandstorm
|-heal|p2a: Scrafty|43/100 tox|[from] item: Leftovers
|-damage|p2a: Scrafty|31/100 tox|[from] psn
|upkeep
|turn|19
|
|t:|1662765367
|move|p2a: Scrafty|Rest|p2a: Scrafty
|-status|p2a: Scrafty|slp|[from] move: Rest
|-heal|p2a: Scrafty|100/100 slp|[silent]
|move|p1a: Quagsire|Recover|p1a: Quagsire
|-heal|p1a: Quagsire|100/100
|
|-weather|none
|upkeep
|turn|20
|
|t:|1662765370
|switch|p1a: Ribombee|Ribombee, F, shiny|60/100
|-damage|p1a: Ribombee|35/100|[from] Stealth Rock
|cant|p2a: Scrafty|slp
|
|upkeep
|turn|21
|
|t:|1662765373
|switch|p2a: Gigalith|Gigalith, M|88/100 tox
|-weather|Sandstorm|[from] ability: Sand Stream|[of] p2a: Gigalith
|move|p1a: Ribombee|Roost|p1a: Ribombee
|-heal|p1a: Ribombee|86/100
|-singleturn|p1a: Ribombee|move: Roost
|
|-weather|Sandstorm|[upkeep]
|-damage|p1a: Ribombee|79/100|[from] Sandstorm
|-heal|p2a: Gigalith|94/100 tox|[from] item: Leftovers
|-damage|p2a: Gigalith|88/100 tox|[from] psn
|upkeep
|turn|22
|
|t:|1662765385
|switch|p1a: Quagsire|Quagsire, M, shiny|100/100
|-damage|p1a: Quagsire|94/100|[from] Stealth Rock
|move|p2a: Gigalith|Rock Blast|p1a: Quagsire
|-resisted|p1a: Quagsire
|-damage|p1a: Quagsire|91/100
|-resisted|p1a: Quagsire
|-damage|p1a: Quagsire|87/100
|-resisted|p1a: Quagsire
|-damage|p1a: Quagsire|83/100
|-hitcount|p1a: Quagsire|3
|
|-weather|Sandstorm|[upkeep]
|-heal|p2a: Gigalith|94/100 tox|[from] item: Leftovers
|-damage|p2a: Gigalith|82/100 tox|[from] psn
|upkeep
|turn|23
|
|t:|1662765392
|switch|p2a: Scrafty|Scrafty, M|100/100 slp
|move|p1a: Quagsire|Scald|p2a: Scrafty
|-damage|p2a: Scrafty|87/100 slp
|
|-weather|Sandstorm|[upkeep]
|-damage|p2a: Scrafty|81/100 slp|[from] Sandstorm
|-heal|p2a: Scrafty|87/100 slp|[from] item: Leftovers
|upkeep
|turn|24
|
|t:|1662765396
|switch|p1a: Ribombee|Ribombee, F, shiny|79/100
|-damage|p1a: Ribombee|55/100|[from] Stealth Rock
|cant|p2a: Scrafty|slp
|
|-weather|Sandstorm|[upkeep]
|-damage|p1a: Ribombee|48/100|[from] Sandstorm
|-damage|p2a: Scrafty|81/100 slp|[from] Sandstorm
|-activate|p2a: Scrafty|ability: Shed Skin
|-curestatus|p2a: Scrafty|slp|[msg]
|-heal|p2a: Scrafty|87/100|[from] item: Leftovers
|upkeep
|turn|25
|
|t:|1662765401
|switch|p2a: Weezing|Weezing, F|32/100
|move|p1a: Ribombee|Roost|p1a: Ribombee
|-heal|p1a: Ribombee|99/100
|-singleturn|p1a: Ribombee|move: Roost
|
|-weather|none
|-heal|p2a: Weezing|38/100|[from] item: Black Sludge
|upkeep
|turn|26
|inactive|jamieon has 120 seconds left.
|
|t:|1662765433
|move|p1a: Ribombee|Quiver Dance|p1a: Ribombee
|-boost|p1a: Ribombee|spa|1
|-boost|p1a: Ribombee|spd|1
|-boost|p1a: Ribombee|spe|1
|move|p2a: Weezing|Toxic Spikes|p1a: Ribombee
|-sidestart|p1: jamieon|move: Toxic Spikes
|
|-heal|p2a: Weezing|44/100|[from] item: Black Sludge
|upkeep
|turn|27
|
|t:|1662765442
|switch|p2a: Quagsire|Quagsire, M|100/100
|move|p1a: Ribombee|Moonblast|p2a: Quagsire
|-damage|p2a: Quagsire|56/100
|-unboost|p2a: Quagsire|spa|1
|
|upkeep
|turn|28
|
|t:|1662765450
|move|p1a: Ribombee|Moonblast|p2a: Quagsire
|-damage|p2a: Quagsire|10/100
|move|p2a: Quagsire|Recover|p2a: Quagsire
|-heal|p2a: Quagsire|60/100
|
|upkeep
|turn|29
|
|t:|1662765455
|move|p1a: Ribombee|Moonblast|p2a: Quagsire
|-damage|p2a: Quagsire|11/100
|move|p2a: Quagsire|Recover|p2a: Quagsire
|-heal|p2a: Quagsire|61/100
|
|upkeep
|turn|30
|
|t:|1662765459
|move|p1a: Ribombee|Moonblast|p2a: Quagsire
|-damage|p2a: Quagsire|14/100
|move|p2a: Quagsire|Recover|p2a: Quagsire
|-heal|p2a: Quagsire|64/100
|
|upkeep
|turn|31
|
|t:|1662765461
|move|p1a: Ribombee|Moonblast|p2a: Quagsire
|-damage|p2a: Quagsire|18/100
|move|p2a: Quagsire|Recover|p2a: Quagsire
|-heal|p2a: Quagsire|68/100
|
|upkeep
|turn|32
|
|t:|1662765463
|move|p1a: Ribombee|Moonblast|p2a: Quagsire
|-damage|p2a: Quagsire|23/100
|move|p2a: Quagsire|Recover|p2a: Quagsire
|-heal|p2a: Quagsire|73/100
|
|upkeep
|turn|33
|j|^Failbor21
|
|t:|1662765466
|move|p1a: Ribombee|Moonblast|p2a: Quagsire
|-damage|p2a: Quagsire|25/100
|-unboost|p2a: Quagsire|spa|1
|move|p2a: Quagsire|Recover|p2a: Quagsire
|-heal|p2a: Quagsire|75/100
|
|upkeep
|turn|34
|
|t:|1662765471
|move|p1a: Ribombee|Moonblast|p2a: Quagsire
|-damage|p2a: Quagsire|34/100
|-unboost|p2a: Quagsire|spa|1
|move|p2a: Quagsire|Recover|p2a: Quagsire
|-heal|p2a: Quagsire|84/100
|
|upkeep
|turn|35
|
|t:|1662765478
|move|p1a: Ribombee|Moonblast|p2a: Quagsire
|-damage|p2a: Quagsire|38/100
|move|p2a: Quagsire|Recover|p2a: Quagsire
|-heal|p2a: Quagsire|88/100
|
|upkeep
|turn|36
|
|t:|1662765483
|move|p1a: Ribombee|Moonblast|p2a: Quagsire
|-damage|p2a: Quagsire|40/100
|-unboost|p2a: Quagsire|spa|1
|move|p2a: Quagsire|Recover|p2a: Quagsire
|-heal|p2a: Quagsire|90/100
|
|upkeep
|turn|37
|
|t:|1662765490
|move|p1a: Ribombee|Moonblast|p2a: Quagsire
|-damage|p2a: Quagsire|48/100
|-unboost|p2a: Quagsire|spa|1
|move|p2a: Quagsire|Recover|p2a: Quagsire
|-heal|p2a: Quagsire|98/100
|
|upkeep
|turn|38
|
|t:|1662765492
|move|p1a: Ribombee|Moonblast|p2a: Quagsire
|-damage|p2a: Quagsire|52/100
|move|p2a: Quagsire|Toxic|p1a: Ribombee
|-status|p1a: Ribombee|tox
|
|-damage|p1a: Ribombee|92/100 tox|[from] psn
|upkeep
|turn|39
|
|t:|1662765495
|move|p1a: Ribombee|Aromatherapy|p1a: Ribombee
|-activate|p1a: Ribombee|move: Aromatherapy
|-curestatus|p1a: Ribombee|tox|[msg]
|-curestatus|p1: Gallade|brn|[msg]
|move|p2a: Quagsire|Recover|p2a: Quagsire
|-heal|p2a: Quagsire|100/100
|
|upkeep
|turn|40
|
|t:|1662765502
|move|p1a: Ribombee|Moonblast|p2a: Quagsire
|-damage|p2a: Quagsire|55/100
|-unboost|p2a: Quagsire|spa|1
|move|p2a: Quagsire|Toxic|p1a: Ribombee
|-status|p1a: Ribombee|tox
|
|-damage|p1a: Ribombee|86/100 tox|[from] psn
|upkeep
|turn|41
|
|t:|1662765506
|switch|p2a: Gigalith|Gigalith, M|82/100 tox
|-weather|Sandstorm|[from] ability: Sand Stream|[of] p2a: Gigalith
|move|p1a: Ribombee|Moonblast|p2a: Gigalith
|-damage|p2a: Gigalith|51/100 tox
|-unboost|p2a: Gigalith|spa|1
|
|-weather|Sandstorm|[upkeep]
|-damage|p1a: Ribombee|80/100 tox|[from] Sandstorm
|-heal|p2a: Gigalith|57/100 tox|[from] item: Leftovers
|-damage|p1a: Ribombee|68/100 tox|[from] psn
|-damage|p2a: Gigalith|51/100 tox|[from] psn
|upkeep
|turn|42
|
|t:|1662765523
|move|p1a: Ribombee|Moonblast|p2a: Gigalith
|-damage|p2a: Gigalith|22/100 tox
|move|p2a: Gigalith|Rock Blast|p1a: Ribombee
|-supereffective|p1a: Ribombee
|-damage|p1a: Ribombee|19/100 tox
|-supereffective|p1a: Ribombee
|-damage|p1a: Ribombee|0 fnt
|faint|p1a: Ribombee
|-hitcount|p1: Ribombee|2
|
|-weather|Sandstorm|[upkeep]
|-heal|p2a: Gigalith|29/100 tox|[from] item: Leftovers
|-damage|p2a: Gigalith|16/100 tox|[from] psn
|upkeep
|
|t:|1662765538
|switch|p1a: Gallade|Gallade, M, shiny|88/100
|-damage|p1a: Gallade|82/100|[from] Stealth Rock
|-status|p1a: Gallade|psn
|turn|43
|
|t:|1662765559
|switch|p2a: Weezing|Weezing, F|44/100
|move|p1a: Gallade|Psycho Cut|p2a: Weezing
|-supereffective|p2a: Weezing
|-damage|p2a: Weezing|0 fnt
|faint|p2a: Weezing
|
|-weather|Sandstorm|[upkeep]
|-damage|p1a: Gallade|76/100 psn|[from] Sandstorm
|-damage|p1a: Gallade|64/100 psn|[from] psn
|upkeep
|
|t:|1662765561
|switch|p2a: Scrafty|Scrafty, M|87/100
|turn|44
|
|t:|1662765566
|switch|p1a: Quagsire|Quagsire, M, shiny|83/100
|-damage|p1a: Quagsire|77/100|[from] Stealth Rock
|-status|p1a: Quagsire|psn
|move|p2a: Scrafty|Bulk Up|p2a: Scrafty
|-boost|p2a: Scrafty|atk|1
|-boost|p2a: Scrafty|def|1
|
|-weather|Sandstorm|[upkeep]
|-damage|p2a: Scrafty|81/100|[from] Sandstorm
|-heal|p2a: Scrafty|87/100|[from] item: Leftovers
|-damage|p1a: Quagsire|64/100 psn|[from] psn
|upkeep
|turn|45
|
|t:|1662765572
|move|p2a: Scrafty|Bulk Up|p2a: Scrafty
|-boost|p2a: Scrafty|atk|1
|-boost|p2a: Scrafty|def|1
|move|p1a: Quagsire|Recover|p1a: Quagsire
|-heal|p1a: Quagsire|100/100 psn
|
|-weather|none
|-heal|p2a: Scrafty|93/100|[from] item: Leftovers
|-damage|p1a: Quagsire|88/100 psn|[from] psn
|upkeep
|turn|46
|
|t:|1662765574
|move|p2a: Scrafty|Bulk Up|p2a: Scrafty
|-boost|p2a: Scrafty|atk|1
|-boost|p2a: Scrafty|def|1
|move|p1a: Quagsire|Toxic|p2a: Scrafty
|-status|p2a: Scrafty|tox
|
|-heal|p2a: Scrafty|99/100 tox|[from] item: Leftovers
|-damage|p2a: Scrafty|93/100 tox|[from] psn
|-damage|p1a: Quagsire|76/100 psn|[from] psn
|upkeep
|turn|47
|
|t:|1662765577
|move|p2a: Scrafty|Bulk Up|p2a: Scrafty
|-boost|p2a: Scrafty|atk|1
|-boost|p2a: Scrafty|def|1
|move|p1a: Quagsire|Scald|p2a: Scrafty
|-damage|p2a: Scrafty|81/100 tox
|
|-heal|p2a: Scrafty|87/100 tox|[from] item: Leftovers
|-damage|p2a: Scrafty|75/100 tox|[from] psn
|-damage|p1a: Quagsire|63/100 psn|[from] psn
|upkeep
|turn|48
|
|t:|1662765580
|move|p2a: Scrafty|Bulk Up|p2a: Scrafty
|-boost|p2a: Scrafty|atk|1
|-boost|p2a: Scrafty|def|1
|move|p1a: Quagsire|Recover|p1a: Quagsire
|-heal|p1a: Quagsire|100/100 psn
|
|-heal|p2a: Scrafty|81/100 tox|[from] item: Leftovers
|-damage|p2a: Scrafty|63/100 tox|[from] psn
|-damage|p1a: Quagsire|88/100 psn|[from] psn
|upkeep
|turn|49
|
|t:|1662765583
|move|p2a: Scrafty|Drain Punch|p1a: Quagsire
|-damage|p1a: Quagsire|72/100 psn
|-heal|p2a: Scrafty|73/100 tox|[from] drain|[of] p1a: Quagsire
|move|p1a: Quagsire|Scald|p2a: Scrafty
|-damage|p2a: Scrafty|59/100 tox
|
|-activate|p2a: Scrafty|ability: Shed Skin
|-curestatus|p2a: Scrafty|tox|[msg]
|-heal|p2a: Scrafty|65/100|[from] item: Leftovers
|-damage|p1a: Quagsire|59/100 psn|[from] psn
|upkeep
|turn|50
|
|t:|1662765586
|move|p2a: Scrafty|Rest|p2a: Scrafty
|-status|p2a: Scrafty|slp|[from] move: Rest
|-heal|p2a: Scrafty|100/100 slp|[silent]
|move|p1a: Quagsire|Recover|p1a: Quagsire
|-heal|p1a: Quagsire|100/100 psn
|
|-activate|p2a: Scrafty|ability: Shed Skin
|-curestatus|p2a: Scrafty|slp|[msg]
|-damage|p1a: Quagsire|88/100 psn|[from] psn
|upkeep
|turn|51
|
|t:|1662765591
|move|p2a: Scrafty|Bulk Up|p2a: Scrafty
|-boost|p2a: Scrafty|atk|1
|-boost|p2a: Scrafty|def|1
|move|p1a: Quagsire|Scald|p2a: Scrafty
|-damage|p2a: Scrafty|89/100
|
|-heal|p2a: Scrafty|95/100|[from] item: Leftovers
|-damage|p1a: Quagsire|76/100 psn|[from] psn
|upkeep
|turn|52
|
|t:|1662765602
|move|p2a: Scrafty|Knock Off|p1a: Quagsire
|-damage|p1a: Quagsire|60/100 psn
|move|p1a: Quagsire|Scald|p2a: Scrafty
|-damage|p2a: Scrafty|83/100
|
|-heal|p2a: Scrafty|89/100|[from] item: Leftovers
|-damage|p1a: Quagsire|48/100 psn|[from] psn
|upkeep
|turn|53
|
|t:|1662765606
|move|p2a: Scrafty|Knock Off|p1a: Quagsire
|-damage|p1a: Quagsire|34/100 psn
|move|p1a: Quagsire|Recover|p1a: Quagsire
|-heal|p1a: Quagsire|84/100 psn
|
|-heal|p2a: Scrafty|95/100|[from] item: Leftovers
|-damage|p1a: Quagsire|72/100 psn|[from] psn
|upkeep
|turn|54
|
|t:|1662765609
|move|p2a: Scrafty|Knock Off|p1a: Quagsire
|-damage|p1a: Quagsire|58/100 psn
|move|p1a: Quagsire|Toxic|p2a: Scrafty|[miss]
|-miss|p1a: Quagsire|p2a: Scrafty
|
|-heal|p2a: Scrafty|100/100|[from] item: Leftovers
|-damage|p1a: Quagsire|45/100 psn|[from] psn
|upkeep
|turn|55
|
|t:|1662765617
|move|p2a: Scrafty|Knock Off|p1a: Quagsire
|-damage|p1a: Quagsire|31/100 psn
|move|p1a: Quagsire|Recover|p1a: Quagsire
|-heal|p1a: Quagsire|81/100 psn
|
|-damage|p1a: Quagsire|69/100 psn|[from] psn
|upkeep
|turn|56
|
|t:|1662765621
|move|p2a: Scrafty|Knock Off|p1a: Quagsire
|-damage|p1a: Quagsire|55/100 psn
|move|p1a: Quagsire|Recover|p1a: Quagsire
|-heal|p1a: Quagsire|100/100 psn
|
|-damage|p1a: Quagsire|88/100 psn|[from] psn
|upkeep
|turn|57
|
|t:|1662765623
|move|p2a: Scrafty|Knock Off|p1a: Quagsire
|-damage|p1a: Quagsire|74/100 psn
|move|p1a: Quagsire|Toxic|p2a: Scrafty
|-status|p2a: Scrafty|tox
|
|-activate|p2a: Scrafty|ability: Shed Skin
|-curestatus|p2a: Scrafty|tox|[msg]
|-damage|p1a: Quagsire|62/100 psn|[from] psn
|upkeep
|turn|58
|
|t:|1662765630
|move|p2a: Scrafty|Knock Off|p1a: Quagsire
|-damage|p1a: Quagsire|48/100 psn
|move|p1a: Quagsire|Toxic|p2a: Scrafty
|-status|p2a: Scrafty|tox
|
|-damage|p2a: Scrafty|95/100 tox|[from] psn
|-damage|p1a: Quagsire|36/100 psn|[from] psn
|upkeep
|turn|59
|
|t:|1662765633
|move|p2a: Scrafty|Rest|p2a: Scrafty
|-status|p2a: Scrafty|slp|[from] move: Rest
|-heal|p2a: Scrafty|100/100 slp|[silent]
|move|p1a: Quagsire|Recover|p1a: Quagsire
|-heal|p1a: Quagsire|86/100 psn
|
|-damage|p1a: Quagsire|73/100 psn|[from] psn
|upkeep
|turn|60
|
|t:|1662765647
|cant|p2a: Scrafty|slp
|move|p1a: Quagsire|Scald|p2a: Scrafty
|-crit|p2a: Scrafty
|-damage|p2a: Scrafty|83/100 slp
|
|-heal|p2a: Scrafty|89/100 slp|[from] item: Leftovers
|-damage|p1a: Quagsire|61/100 psn|[from] psn
|upkeep
|turn|61
|
|t:|1662765649
|cant|p2a: Scrafty|slp
|move|p1a: Quagsire|Scald|p2a: Scrafty
|-damage|p2a: Scrafty|76/100 slp
|
|-activate|p2a: Scrafty|ability: Shed Skin
|-curestatus|p2a: Scrafty|slp|[msg]
|-heal|p2a: Scrafty|82/100|[from] item: Leftovers
|-damage|p1a: Quagsire|48/100 psn|[from] psn
|upkeep
|turn|62
|
|t:|1662765653
|move|p2a: Scrafty|Knock Off|p1a: Quagsire
|-damage|p1a: Quagsire|34/100 psn
|move|p1a: Quagsire|Toxic|p2a: Scrafty
|-status|p2a: Scrafty|tox
|
|-activate|p2a: Scrafty|ability: Shed Skin
|-curestatus|p2a: Scrafty|tox|[msg]
|-heal|p2a: Scrafty|88/100|[from] item: Leftovers
|-damage|p1a: Quagsire|21/100 psn|[from] psn
|upkeep
|turn|63
|
|t:|1662765657
|move|p2a: Scrafty|Knock Off|p1a: Quagsire
|-damage|p1a: Quagsire|7/100 psn
|move|p1a: Quagsire|Recover|p1a: Quagsire
|-heal|p1a: Quagsire|57/100 psn
|
|-heal|p2a: Scrafty|94/100|[from] item: Leftovers
|-damage|p1a: Quagsire|44/100 psn|[from] psn
|upkeep
|turn|64
|
|t:|1662765660
|move|p2a: Scrafty|Knock Off|p1a: Quagsire
|-damage|p1a: Quagsire|30/100 psn
|move|p1a: Quagsire|Recover|p1a: Quagsire
|-heal|p1a: Quagsire|80/100 psn
|
|-heal|p2a: Scrafty|99/100|[from] item: Leftovers
|-damage|p1a: Quagsire|68/100 psn|[from] psn
|upkeep
|turn|65
|
|t:|1662765663
|move|p2a: Scrafty|Knock Off|p1a: Quagsire
|-damage|p1a: Quagsire|53/100 psn
|move|p1a: Quagsire|Scald|p2a: Scrafty
|-damage|p2a: Scrafty|88/100
|
|-heal|p2a: Scrafty|94/100|[from] item: Leftovers
|-damage|p1a: Quagsire|41/100 psn|[from] psn
|upkeep
|turn|66
|
|t:|1662765665
|move|p2a: Scrafty|Knock Off|p1a: Quagsire
|-damage|p1a: Quagsire|26/100 psn
|move|p1a: Quagsire|Recover|p1a: Quagsire
|-heal|p1a: Quagsire|76/100 psn
|
|-heal|p2a: Scrafty|99/100|[from] item: Leftovers
|-damage|p1a: Quagsire|64/100 psn|[from] psn
|upkeep
|turn|67
|
|t:|1662765668
|move|p2a: Scrafty|Knock Off|p1a: Quagsire
|-damage|p1a: Quagsire|50/100 psn
|move|p1a: Quagsire|Scald|p2a: Scrafty
|-damage|p2a: Scrafty|87/100
|
|-heal|p2a: Scrafty|93/100|[from] item: Leftovers
|-damage|p1a: Quagsire|38/100 psn|[from] psn
|upkeep
|turn|68
|
|t:|1662765677
|move|p2a: Scrafty|Knock Off|p1a: Quagsire
|-damage|p1a: Quagsire|23/100 psn
|move|p1a: Quagsire|Recover|p1a: Quagsire
|-heal|p1a: Quagsire|73/100 psn
|
|-heal|p2a: Scrafty|99/100|[from] item: Leftovers
|-damage|p1a: Quagsire|60/100 psn|[from] psn
|upkeep
|turn|69
|
|t:|1662765683
|move|p2a: Scrafty|Knock Off|p1a: Quagsire
|-damage|p1a: Quagsire|46/100 psn
|move|p1a: Quagsire|Toxic|p2a: Scrafty
|-status|p2a: Scrafty|tox
|
|-activate|p2a: Scrafty|ability: Shed Skin
|-curestatus|p2a: Scrafty|tox|[msg]
|-heal|p2a: Scrafty|100/100|[from] item: Leftovers
|-damage|p1a: Quagsire|33/100 psn|[from] psn
|upkeep
|turn|70
|
|t:|1662765686
|move|p2a: Scrafty|Knock Off|p1a: Quagsire
|-damage|p1a: Quagsire|18/100 psn
|move|p1a: Quagsire|Recover|p1a: Quagsire
|-heal|p1a: Quagsire|68/100 psn
|
|-damage|p1a: Quagsire|56/100 psn|[from] psn
|upkeep
|turn|71
|
|t:|1662765690
|move|p2a: Scrafty|Knock Off|p1a: Quagsire
|-damage|p1a: Quagsire|43/100 psn
|move|p1a: Quagsire|Scald|p2a: Scrafty
|-damage|p2a: Scrafty|89/100
|-status|p2a: Scrafty|brn
|
|-activate|p2a: Scrafty|ability: Shed Skin
|-curestatus|p2a: Scrafty|brn|[msg]
|-heal|p2a: Scrafty|95/100|[from] item: Leftovers
|-damage|p1a: Quagsire|30/100 psn|[from] psn
|upkeep
|turn|72
|
|t:|1662765692
|move|p2a: Scrafty|Drain Punch|p1a: Quagsire
|-damage|p1a: Quagsire|13/100 psn
|-heal|p2a: Scrafty|100/100|[from] drain|[of] p1a: Quagsire
|move|p1a: Quagsire|Recover|p1a: Quagsire
|-heal|p1a: Quagsire|63/100 psn
|
|-damage|p1a: Quagsire|50/100 psn|[from] psn
|upkeep
|turn|73
|
|t:|1662765696
|move|p2a: Scrafty|Drain Punch|p1a: Quagsire
|-damage|p1a: Quagsire|33/100 psn
|move|p1a: Quagsire|Recover|p1a: Quagsire
|-heal|p1a: Quagsire|83/100 psn
|
|-damage|p1a: Quagsire|71/100 psn|[from] psn
|upkeep
|turn|74
|
|t:|1662765700
|move|p2a: Scrafty|Drain Punch|p1a: Quagsire
|-damage|p1a: Quagsire|54/100 psn
|move|p1a: Quagsire|Scald|p2a: Scrafty
|-damage|p2a: Scrafty|87/100
|
|-heal|p2a: Scrafty|93/100|[from] item: Leftovers
|-damage|p1a: Quagsire|42/100 psn|[from] psn
|upkeep
|turn|75
|
|t:|1662765702
|move|p2a: Scrafty|Drain Punch|p1a: Quagsire
|-damage|p1a: Quagsire|24/100 psn
|-heal|p2a: Scrafty|100/100|[from] drain|[of] p1a: Quagsire
|move|p1a: Quagsire|Scald|p2a: Scrafty
|-damage|p2a: Scrafty|88/100
|-status|p2a: Scrafty|brn
|
|-heal|p2a: Scrafty|94/100 brn|[from] item: Leftovers
|-damage|p1a: Quagsire|11/100 psn|[from] psn
|-damage|p2a: Scrafty|88/100 brn|[from] brn
|upkeep
|turn|76
|
|t:|1662765708
|move|p2a: Scrafty|Drain Punch|p1a: Quagsire
|-damage|p1a: Quagsire|2/100 psn
|-heal|p2a: Scrafty|93/100 brn|[from] drain|[of] p1a: Quagsire
|move|p1a: Quagsire|Recover|p1a: Quagsire
|-heal|p1a: Quagsire|52/100 psn
|
|-activate|p2a: Scrafty|ability: Shed Skin
|-curestatus|p2a: Scrafty|brn|[msg]
|-heal|p2a: Scrafty|99/100|[from] item: Leftovers
|-damage|p1a: Quagsire|40/100 psn|[from] psn
|upkeep
|turn|77
|
|t:|1662765713
|move|p2a: Scrafty|Knock Off|p1a: Quagsire
|-damage|p1a: Quagsire|26/100 psn
|move|p1a: Quagsire|Scald|p2a: Scrafty
|-damage|p2a: Scrafty|86/100
|
|-heal|p2a: Scrafty|92/100|[from] item: Leftovers
|-damage|p1a: Quagsire|14/100 psn|[from] psn
|upkeep
|turn|78
|
|t:|1662765715
|move|p2a: Scrafty|Drain Punch|p1a: Quagsire
|-damage|p1a: Quagsire|0 fnt
|-heal|p2a: Scrafty|99/100|[from] drain|[of] p1a: Quagsire
|faint|p1a: Quagsire
|
|-heal|p2a: Scrafty|100/100|[from] item: Leftovers
|upkeep
|
|t:|1662765723
|switch|p1a: Lanturn|Lanturn, F, shiny|100/100
|-damage|p1a: Lanturn|88/100|[from] Stealth Rock
|-status|p1a: Lanturn|psn
|turn|79
|
|t:|1662765725
|move|p2a: Scrafty|Knock Off|p1a: Lanturn
|-damage|p1a: Lanturn|0 fnt
|-enditem|p1a: Lanturn|Leftovers|[from] move: Knock Off|[of] p2a: Scrafty
|faint|p1a: Lanturn
|
|upkeep
|c|☆jamieon|ggs
|-message|jamieon forfeited.
|
|win|ti84silveredition
|n|☆jamieon|jamieon
|n|☆ti84silveredition|ti84silveredition
|n|*Lady Monita|ladymonita
|n| Failbor21|failbor21
|l|*Lady Monita
|l|☆jamieon
|c|☆ti84silveredition|gg
|l|☆ti84silveredition
