|raw|<div class="broadcast-blue"><strong>This battle is required to be public due to a player having a name starting with 'pult4c1'.</div>
|j|☆PULT4C1 Inder
|j|☆PULT4C1 LW
|t:|1661020736
|gametype|singles
|player|p1|PULT4C1 Inder|lyra|1582
|player|p2|PULT4C1 LW|furisodegirl-black|1559
|teamsize|p1|6
|teamsize|p2|6
|gen|8
|tier|[Gen 8] PU
|rated|
|rule|Sleep Clause Mod: Limit one foe put to sleep
|rule|Species Clause: Limit one of each Pokémon
|rule|OHKO Clause: OHKO moves are banned
|rule|Evasion Items Clause: Evasion items are banned
|rule|Evasion Moves Clause: Evasion moves are banned
|rule|Endless Battle Clause: Forcing endless battles is banned
|rule|HP Percentage Mod: HP is shown in percentages
|rule|Dynamax Clause: You cannot dynamax
|clearpoke
|poke|p1|Kabutops, F|
|poke|p1|Glastrier|
|poke|p1|Silvally-*|
|poke|p1|Qwilfish, F|
|poke|p1|Doublade, F|
|poke|p1|Butterfree, F|
|poke|p2|Gigalith, F|
|poke|p2|Sandslash, M|
|poke|p2|Magneton|
|poke|p2|Wishiwashi, M|
|poke|p2|Ribombee, M|
|poke|p2|Charizard, M|
|teampreview
|inactive|Battle timer is ON: inactive players will automatically lose when time's up. (requested by PULT4C1 Inder)
|j| PULT4C1 Carmin
|inactive|PULT4C1 LW has 120 seconds left.
|j|+shaneghoul
|
|t:|1661020787
|start
|switch|p1a: Kabutops|Kabutops, F|100/100
|switch|p2a: Magneton|Magneton|100/100
|turn|1
|j| PULT4C1 Haffling
|
|t:|1661020794
|move|p1a: Kabutops|Stealth Rock|p2a: Magneton
|-sidestart|p2: PULT4C1 LW|move: Stealth Rock
|move|p2a: Magneton|Volt Switch|p1a: Kabutops
|-supereffective|p1a: Kabutops
|-enditem|p1a: Kabutops|Focus Sash
|-damage|p1a: Kabutops|1/100
|
|t:|1661020797
|switch|p2a: Ribombee|Ribombee, M|100/100|[from]move: Volt Switch
|
|upkeep
|turn|2
|
|t:|1661020802
|switch|p1a: Doublade|Doublade, F|100/100
|move|p2a: Ribombee|Moonblast|p1a: Doublade
|-resisted|p1a: Doublade
|-damage|p1a: Doublade|74/100
|
|upkeep
|turn|3
|j| samplethecheese
|
|t:|1661020808
|switch|p2a: Magneton|Magneton|100/100
|-damage|p2a: Magneton|94/100|[from] Stealth Rock
|switch|p1a: Qwilfish|Qwilfish, F|100/100
|-ability|p1a: Qwilfish|Intimidate|boost
|-unboost|p2a: Magneton|atk|1
|
|upkeep
|turn|4
|
|t:|1661020815
|switch|p1a: Silvally|Silvally-Grass|100/100
|move|p2a: Magneton|Volt Switch|p1a: Silvally
|-resisted|p1a: Silvally
|-damage|p1a: Silvally|60/100
|
|t:|1661020822
|switch|p2a: Charizard|Charizard, M|100/100|[from]move: Volt Switch
|
|upkeep
|turn|5
|j| PULT4C1 Redemption
|
|t:|1661020825
|switch|p1a: Qwilfish|Qwilfish, F|100/100
|-ability|p1a: Qwilfish|Intimidate|boost
|-unboost|p2a: Charizard|atk|1
|move|p2a: Charizard|Defog|p1a: Qwilfish
|-unboost|p1a: Qwilfish|evasion|1
|-sideend|p2: PULT4C1 LW|Stealth Rock|[from] move: Defog|[of] p2a: Charizard
|
|upkeep
|turn|6
|
|t:|1661020836
|switch|p2a: Gigalith|Gigalith, F|100/100
|-weather|Sandstorm|[from] ability: Sand Stream|[of] p2a: Gigalith
|move|p1a: Qwilfish|Swords Dance|p1a: Qwilfish
|-boost|p1a: Qwilfish|atk|2
|
|-weather|Sandstorm|[upkeep]
|-damage|p1a: Qwilfish|95/100|[from] Sandstorm
|upkeep
|turn|7
|
|t:|1661020841
|switch|p2a: Wishiwashi|Wishiwashi, M|100/100
|-formechange|p2a: Wishiwashi|Wishiwashi-School||[from] ability: Schooling
|move|p1a: Qwilfish|Liquidation|p2a: Wishiwashi
|-resisted|p2a: Wishiwashi
|-damage|p2a: Wishiwashi|68/100
|-unboost|p2a: Wishiwashi|def|1
|-damage|p1a: Qwilfish|85/100|[from] item: Life Orb
|
|-weather|Sandstorm|[upkeep]
|-damage|p1a: Qwilfish|79/100|[from] Sandstorm
|-damage|p2a: Wishiwashi|61/100|[from] Sandstorm
|-heal|p2a: Wishiwashi|68/100|[from] item: Leftovers
|upkeep
|turn|8
|
|t:|1661020846
|switch|p2a: Sandslash|Sandslash, M|100/100
|move|p1a: Qwilfish|Poison Jab|p2a: Sandslash
|-resisted|p2a: Sandslash
|-damage|p2a: Sandslash|55/100
|-damage|p1a: Qwilfish|69/100|[from] item: Life Orb
|
|-weather|Sandstorm|[upkeep]
|-damage|p1a: Qwilfish|63/100|[from] Sandstorm
|upkeep
|turn|9
|j| ekelelellee
|
|t:|1661020850
|switch|p2a: Wishiwashi|Wishiwashi, M|68/100
|-formechange|p2a: Wishiwashi|Wishiwashi-School||[from] ability: Schooling
|move|p1a: Qwilfish|Aqua Jet|p2a: Wishiwashi
|-resisted|p2a: Wishiwashi
|-damage|p2a: Wishiwashi|53/100
|-damage|p1a: Qwilfish|53/100|[from] item: Life Orb
|
|-weather|Sandstorm|[upkeep]
|-damage|p1a: Qwilfish|47/100|[from] Sandstorm
|-damage|p2a: Wishiwashi|47/100|[from] Sandstorm
|-heal|p2a: Wishiwashi|53/100|[from] item: Leftovers
|upkeep
|turn|10
|
|t:|1661020863
|move|p1a: Qwilfish|Poison Jab|p2a: Wishiwashi
|-damage|p2a: Wishiwashi|0 fnt
|faint|p2a: Wishiwashi
|-damage|p1a: Qwilfish|37/100|[from] item: Life Orb
|
|-weather|none
|upkeep
|
|t:|1661020866
|switch|p2a: Ribombee|Ribombee, M|100/100
|turn|11
|j| Hoshibi
|l| PULT4C1 Carmin
|l| Hoshibi
|
|t:|1661020888
|switch|p1a: Kabutops|Kabutops, F|1/100
|move|p2a: Ribombee|Moonblast|p1a: Kabutops
|-damage|p1a: Kabutops|0 fnt
|faint|p1a: Kabutops
|
|upkeep
|
|t:|1661020897
|switch|p1a: Doublade|Doublade, F|74/100
|turn|12
|
|t:|1661020906
|switch|p2a: Sandslash|Sandslash, M|55/100
|switch|p1a: Glastrier|Glastrier|100/100
|
|upkeep
|turn|13
|
|t:|1661020911
|move|p2a: Sandslash|Rock Slide|p1a: Glastrier
|-supereffective|p1a: Glastrier
|-damage|p1a: Glastrier|55/100
|-damage|p2a: Sandslash|45/100|[from] item: Life Orb
|move|p1a: Glastrier|Substitute|p1a: Glastrier
|-start|p1a: Glastrier|Substitute
|-damage|p1a: Glastrier|30/100
|
|-heal|p1a: Glastrier|36/100|[from] item: Leftovers
|upkeep
|turn|14
|
|t:|1661020915
|move|p2a: Sandslash|Earthquake|p1a: Glastrier
|-end|p1a: Glastrier|Substitute
|-damage|p2a: Sandslash|35/100|[from] item: Life Orb
|move|p1a: Glastrier|Icicle Crash|p2a: Sandslash|[miss]
|-miss|p1a: Glastrier|p2a: Sandslash
|
|-heal|p1a: Glastrier|42/100|[from] item: Leftovers
|upkeep
|turn|15
|
|t:|1661020922
|switch|p1a: Silvally|Silvally-Grass|60/100
|move|p2a: Sandslash|Rock Slide|p1a: Silvally
|-damage|p1a: Silvally|28/100
|-damage|p2a: Sandslash|25/100|[from] item: Life Orb
|
|upkeep
|turn|16
|
|t:|1661020932
|move|p1a: Silvally|Flame Charge|p2a: Sandslash
|-damage|p2a: Sandslash|9/100
|-boost|p1a: Silvally|spe|1
|move|p2a: Sandslash|Leech Life|p1a: Silvally
|-supereffective|p1a: Silvally
|-damage|p1a: Silvally|0 fnt
|-heal|p2a: Sandslash|25/100|[from] drain|[of] p1a: Silvally
|faint|p1a: Silvally
|-damage|p2a: Sandslash|15/100|[from] item: Life Orb
|
|upkeep
|
|t:|1661020936
|switch|p1a: Qwilfish|Qwilfish, F|37/100
|-ability|p1a: Qwilfish|Intimidate|boost
|-unboost|p2a: Sandslash|atk|1
|turn|17
|
|t:|1661020941
|move|p1a: Qwilfish|Aqua Jet|p2a: Sandslash
|-supereffective|p2a: Sandslash
|-damage|p2a: Sandslash|0 fnt
|faint|p2a: Sandslash
|-damage|p1a: Qwilfish|27/100|[from] item: Life Orb
|
|upkeep
|
|t:|1661020948
|switch|p2a: Ribombee|Ribombee, M|100/100
|turn|18
|
|t:|1661020955
|switch|p1a: Doublade|Doublade, F|74/100
|move|p2a: Ribombee|Moonblast|p1a: Doublade
|-resisted|p1a: Doublade
|-damage|p1a: Doublade|51/100
|
|upkeep
|turn|19
|
|t:|1661020962
|switch|p2a: Magneton|Magneton|94/100
|switch|p1a: Qwilfish|Qwilfish, F|27/100
|-ability|p1a: Qwilfish|Intimidate|boost
|-unboost|p2a: Magneton|atk|1
|
|upkeep
|turn|20
|
|t:|1661020973
|move|p1a: Qwilfish|Liquidation|p2a: Magneton
|-damage|p2a: Magneton|22/100
|-damage|p1a: Qwilfish|17/100|[from] item: Life Orb
|move|p2a: Magneton|Volt Switch|p1a: Qwilfish
|-supereffective|p1a: Qwilfish
|-damage|p1a: Qwilfish|0 fnt
|faint|p1a: Qwilfish
|
|t:|1661020975
|switch|p2a: Charizard|Charizard, M|100/100|[from]move: Volt Switch
|
|upkeep
|
|t:|1661020988
|switch|p1a: Butterfree|Butterfree, F|100/100
|turn|21
|
|t:|1661020991
|move|p2a: Charizard|Flamethrower|p1a: Butterfree
|-supereffective|p1a: Butterfree
|-enditem|p1a: Butterfree|Focus Sash
|-damage|p1a: Butterfree|1/100
|move|p1a: Butterfree|Sleep Powder|p2a: Charizard
|-status|p2a: Charizard|slp|[from] move: Sleep Powder
|
|upkeep
|turn|22
|
|t:|1661020996
|switch|p2a: Gigalith|Gigalith, F|100/100
|-weather|Sandstorm|[from] ability: Sand Stream|[of] p2a: Gigalith
|move|p1a: Butterfree|Quiver Dance|p1a: Butterfree
|-boost|p1a: Butterfree|spa|1
|-boost|p1a: Butterfree|spd|1
|-boost|p1a: Butterfree|spe|1
|
|-weather|Sandstorm|[upkeep]
|-damage|p1a: Butterfree|0 fnt|[from] Sandstorm
|faint|p1a: Butterfree
|upkeep
|
|t:|1661020997
|switch|p1a: Doublade|Doublade, F|51/100
|turn|23
|
|t:|1661021006
|move|p1a: Doublade|Swords Dance|p1a: Doublade
|-boost|p1a: Doublade|atk|2
|move|p2a: Gigalith|Earthquake|p1a: Doublade
|-supereffective|p1a: Doublade
|-damage|p1a: Doublade|19/100
|
|-weather|Sandstorm|[upkeep]
|upkeep
|turn|24
|
|t:|1661021010
|move|p1a: Doublade|Iron Head|p2a: Gigalith
|-supereffective|p2a: Gigalith
|-damage|p2a: Gigalith|0 fnt
|faint|p2a: Gigalith
|
|-weather|Sandstorm|[upkeep]
|upkeep
|
|t:|1661021012
|switch|p2a: Ribombee|Ribombee, M|100/100
|turn|25
|l| samplethecheese
|
|t:|1661021022
|move|p1a: Doublade|Shadow Sneak|p2a: Ribombee
|-damage|p2a: Ribombee|36/100
|move|p2a: Ribombee|Moonblast|p1a: Doublade
|-resisted|p1a: Doublade
|-damage|p1a: Doublade|0 fnt
|faint|p1a: Doublade
|
|-weather|Sandstorm|[upkeep]
|-damage|p2a: Ribombee|30/100|[from] Sandstorm
|upkeep
|
|t:|1661021025
|switch|p1a: Glastrier|Glastrier|42/100
|turn|26
|
|t:|1661021027
|move|p2a: Ribombee|Moonblast|p1a: Glastrier
|-damage|p1a: Glastrier|11/100
|-unboost|p1a: Glastrier|spa|1
|move|p1a: Glastrier|Icicle Crash|p2a: Ribombee
|-damage|p2a: Ribombee|0 fnt
|faint|p2a: Ribombee
|-ability|p1a: Glastrier|Chilling Neigh|boost
|-boost|p1a: Glastrier|atk|1
|
|-weather|none
|-heal|p1a: Glastrier|17/100|[from] item: Leftovers
|upkeep
|
|t:|1661021029
|switch|p2a: Magneton|Magneton|22/100
|turn|27
|
|t:|1661021034
|move|p2a: Magneton|Flash Cannon|p1a: Glastrier
|-supereffective|p1a: Glastrier
|-damage|p1a: Glastrier|0 fnt
|faint|p1a: Glastrier
|
|win|PULT4C1 LW
|raw|PULT4C1 Inder's rating: 1582 &rarr; <strong>1561</strong><br />(-21 for losing)
|raw|PULT4C1 LW's rating: 1559 &rarr; <strong>1580</strong><br />(+21 for winning)
|l|☆PULT4C1 LW
|l|☆PULT4C1 Inder
|l| PULT4C1 Redemption
|l| PULT4C1 Haffling
||Ladder isn't responding, score probably updated but might not have (Request timeout).
|l|+shaneghoul
