|raw|<div class="broadcast-blue"><strong>This battle is required to be public due to a player having a name starting with 'pult4t2'.</div>
|j|☆FntcKirt
|j|☆PULT4T2 eifo
|t:|1661336985
|gametype|singles
|player|p1|FntcKirt|argenta|1319
|player|p2|PULT4T2 eifo|camper|1573
|teamsize|p1|6
|teamsize|p2|6
|gen|8
|tier|[Gen 8] PU
|rated|
|rule|Sleep Clause Mod: Limit one foe put to sleep
|rule|Species Clause: Limit one of each Pokémon
|rule|OHKO Clause: OHKO moves are banned
|rule|Evasion Items Clause: Evasion items are banned
|rule|Evasion Moves Clause: Evasion moves are banned
|rule|Endless Battle Clause: Forcing endless battles is banned
|rule|HP Percentage Mod: HP is shown in percentages
|rule|Dynamax Clause: You cannot dynamax
|clearpoke
|poke|p1|Aggron, F|
|poke|p1|Claydol|
|poke|p1|Carbink|
|poke|p1|Cofagrigus, F|
|poke|p1|Comfey, M|
|poke|p1|Glastrier|
|poke|p2|Audino, M|
|poke|p2|Charizard, M|
|poke|p2|Gigalith, M|
|poke|p2|Doublade, F|
|poke|p2|Lurantis, M|
|poke|p2|Weezing, F|
|teampreview
|
|t:|1661337002
|start
|switch|p1a: Claydol|Claydol|100/100
|switch|p2a: Weezing|Weezing, F|100/100
|turn|1
|inactive|Battle timer is ON: inactive players will automatically lose when time's up. (requested by PULT4T2 eifo)
|l|☆PULT4T2 eifo
|inactive|PULT4T2 eifo disconnected and has a minute to reconnect!
|player|p2|
|j|☆PULT4T2 eifo
|inactive|PULT4T2 eifo reconnected and has 125 seconds left.
|player|p2|PULT4T2 eifo|camper
|inactive|PULT4T2 eifo has 120 seconds left.
|
|t:|1661337041
|switch|p2a: Charizard|Charizard, M|100/100
|move|p1a: Claydol|Trick Room|p1a: Claydol
|-fieldstart|move: Trick Room|[of] p1a: Claydol
|
|upkeep
|turn|2
|
|t:|1661337065
|switch|p2a: Lurantis|Lurantis, M|100/100
|move|p1a: Claydol|Teleport|p1a: Claydol
|
|t:|1661337070
|switch|p1a: Glastrier|Glastrier|100/100|[from]move: Teleport
|
|upkeep
|turn|3
|
|t:|1661337076
|switch|p2a: Doublade|Doublade, F|100/100
|move|p1a: Glastrier|Icicle Crash|p2a: Doublade
|-resisted|p2a: Doublade
|-damage|p2a: Doublade|82/100
|-damage|p1a: Glastrier|91/100|[from] item: Life Orb
|
|upkeep
|turn|4
|
|t:|1661337095
|switch|p2a: Weezing|Weezing, F|100/100
|move|p1a: Glastrier|High Horsepower|p2a: Weezing
|-immune|p2a: Weezing|[from] ability: Levitate
|
|upkeep
|turn|5
|
|t:|1661337108
|move|p1a: Glastrier|Icicle Crash|p2a: Weezing
|-damage|p2a: Weezing|59/100
|-damage|p1a: Glastrier|81/100|[from] item: Life Orb
|move|p2a: Weezing|Will-O-Wisp|p1a: Glastrier
|-status|p1a: Glastrier|brn
|
|-damage|p1a: Glastrier|74/100 brn|[from] brn
|-fieldend|move: Trick Room
|upkeep
|turn|6
|l|☆PULT4T2 eifo
|inactive|PULT4T2 eifo disconnected and has a minute to reconnect!
|player|p2|
|j|☆PULT4T2 eifo
|inactive|PULT4T2 eifo reconnected and has 110 seconds left.
|player|p2|PULT4T2 eifo|camper
|
|t:|1661337148
|move|p2a: Weezing|Toxic Spikes|p1a: Glastrier
|-sidestart|p1: FntcKirt|move: Toxic Spikes
|move|p1a: Glastrier|Swords Dance|p1a: Glastrier
|-boost|p1a: Glastrier|atk|2
|
|-damage|p1a: Glastrier|68/100 brn|[from] brn
|upkeep
|turn|7
|
|t:|1661337158
|switch|p2a: Charizard|Charizard, M|100/100
|move|p1a: Glastrier|Swords Dance|p1a: Glastrier
|-boost|p1a: Glastrier|atk|2
|
|-damage|p1a: Glastrier|62/100 brn|[from] brn
|upkeep
|turn|8
|
|t:|1661337162
|move|p2a: Charizard|Flamethrower|p1a: Glastrier
|-supereffective|p1a: Glastrier
|-damage|p1a: Glastrier|14/100 brn
|move|p1a: Glastrier|Icicle Crash|p2a: Charizard
|-damage|p2a: Charizard|0 fnt
|faint|p2a: Charizard
|-ability|p1a: Glastrier|Chilling Neigh|boost
|-boost|p1a: Glastrier|atk|1
|-damage|p1a: Glastrier|4/100 brn|[from] item: Life Orb
|
|-damage|p1a: Glastrier|0 fnt|[from] brn
|faint|p1a: Glastrier
|upkeep
|
|t:|1661337178
|switch|p2a: Lurantis|Lurantis, M|100/100
|switch|p1a: Claydol|Claydol|100/100
|turn|9
|j| pult4t2 yan
|
|t:|1661337183
|move|p1a: Claydol|Rapid Spin|p2a: Lurantis
|-damage|p2a: Lurantis|93/100
|-boost|p1a: Claydol|spe|1
|-sideend|p1: FntcKirt|Toxic Spikes|[from] move: Rapid Spin|[of] p1a: Claydol
|move|p2a: Lurantis|Leaf Storm|p1a: Claydol
|-supereffective|p1a: Claydol
|-damage|p1a: Claydol|48/100
|-boost|p2a: Lurantis|spa|2
|
|-heal|p1a: Claydol|54/100|[from] item: Leftovers
|upkeep
|turn|10
|c| pult4t2 yan|ice horse <3
|
|t:|1661337192
|move|p2a: Lurantis|Leaf Storm|p1a: Claydol|[miss]
|-miss|p2a: Lurantis|p1a: Claydol
|move|p1a: Claydol|Trick Room|p1a: Claydol
|-fieldstart|move: Trick Room|[of] p1a: Claydol
|
|-heal|p1a: Claydol|60/100|[from] item: Leftovers
|upkeep
|turn|11
|c|☆PULT4T2 eifo|ugh
|c|☆PULT4T2 eifo|fuck the ice horse
|c|☆PULT4T2 eifo|fuck everythig
|
|t:|1661337208
|move|p2a: Lurantis|Leaf Storm|p1a: Claydol
|-supereffective|p1a: Claydol
|-damage|p1a: Claydol|0 fnt
|-boost|p2a: Lurantis|spa|2
|faint|p1a: Claydol
|
|upkeep
|c|☆PULT4T2 eifo|fuck this stupid tier
|
|t:|1661337215
|switch|p1a: Aggron|Aggron, F|100/100
|turn|12
|c| pult4t2 yan|bruh
|
|t:|1661337230
|switch|p2a: Audino|Audino, M|100/100
|move|p1a: Aggron|Head Smash|p2a: Audino
|-damage|p2a: Audino|0 fnt
|faint|p2a: Audino
|
|upkeep
|
|t:|1661337235
|switch|p2a: Doublade|Doublade, F|82/100
|turn|13
|
|t:|1661337264
|move|p1a: Aggron|Head Smash|p2a: Doublade
|-resisted|p2a: Doublade
|-damage|p2a: Doublade|53/100
|move|p2a: Doublade|Swords Dance|p2a: Doublade
|-boost|p2a: Doublade|atk|2
|
|upkeep
|turn|14
|
|t:|1661337280
|move|p1a: Aggron|Head Smash|p2a: Doublade
|-resisted|p2a: Doublade
|-damage|p2a: Doublade|22/100
|move|p2a: Doublade|Close Combat|p1a: Aggron
|-supereffective|p1a: Aggron
|-damage|p1a: Aggron|0 fnt
|-unboost|p2a: Doublade|def|1
|-unboost|p2a: Doublade|spd|1
|faint|p1a: Aggron
|
|-fieldend|move: Trick Room
|upkeep
|
|t:|1661337291
|switch|p1a: Comfey|Comfey, M|100/100
|turn|15
|l|☆PULT4T2 eifo
|inactive|PULT4T2 eifo disconnected and has a minute to reconnect!
|player|p2|
|l| pult4t2 yan
|j|☆PULT4T2 eifo
|inactive|PULT4T2 eifo reconnected and has 120 seconds left.
|player|p2|PULT4T2 eifo|camper
|
|t:|1661337317
|switch|p2a: Weezing|Weezing, F|59/100
|move|p1a: Comfey|Leech Seed|p2a: Weezing
|-start|p2a: Weezing|move: Leech Seed
|
|-damage|p2a: Weezing|47/100|[from] Leech Seed|[of] p1a: Comfey
|upkeep
|turn|16
|
|t:|1661337333
|move|p1a: Comfey|U-turn|p2a: Weezing
|-resisted|p2a: Weezing
|-damage|p2a: Weezing|44/100
|-damage|p1a: Comfey|84/100|[from] item: Rocky Helmet|[of] p2a: Weezing
|
|t:|1661337335
|switch|p1a: Carbink|Carbink|100/100|[from]move: U-turn
|move|p2a: Weezing|Toxic Spikes|p1a: Carbink
|-sidestart|p1: FntcKirt|move: Toxic Spikes
|
|-damage|p2a: Weezing|31/100|[from] Leech Seed|[of] p1a: Carbink
|upkeep
|turn|17
|c|☆PULT4T2 eifo|tf kinda set is this
|j| PULT4T2 Lennart
|
|t:|1661337355
|move|p2a: Weezing|Pain Split|p1a: Carbink
|-sethp|p1a: Carbink|67/100|[from] move: Pain Split|[silent]
|-sethp|p2a: Weezing|61/100|[from] move: Pain Split
|move|p1a: Carbink|Stealth Rock|p2a: Weezing
|-sidestart|p2: PULT4T2 eifo|move: Stealth Rock
|
|-damage|p2a: Weezing|49/100|[from] Leech Seed|[of] p1a: Carbink
|-heal|p1a: Carbink|81/100|[silent]
|upkeep
|turn|18
|
|t:|1661337364
|move|p2a: Weezing|Toxic Spikes|p1a: Carbink
|-sidestart|p1: FntcKirt|move: Toxic Spikes
|move|p1a: Carbink|Trick Room|p1a: Carbink
|-fieldstart|move: Trick Room|[of] p1a: Carbink
|
|-damage|p2a: Weezing|37/100|[from] Leech Seed|[of] p1a: Carbink
|-heal|p1a: Carbink|95/100|[silent]
|upkeep
|turn|19
|
|t:|1661337385
|move|p1a: Carbink|Explosion|p2a: Weezing
|-damage|p2a: Weezing|13/100
|faint|p1a: Carbink
|move|p2a: Weezing|Will-O-Wisp|p1: Carbink|[notarget]
|-fail|p2a: Weezing
|
|upkeep
|
|t:|1661337394
|switch|p1a: Cofagrigus|Cofagrigus, F|100/100
|-status|p1a: Cofagrigus|tox
|turn|20
|
|t:|1661337418
|switch|p2a: Gigalith|Gigalith, M|100/100
|-damage|p2a: Gigalith|88/100|[from] Stealth Rock
|-weather|Sandstorm|[from] ability: Sand Stream|[of] p2a: Gigalith
|move|p1a: Cofagrigus|Shadow Ball|p2a: Gigalith
|-damage|p2a: Gigalith|70/100
|-unboost|p2a: Gigalith|spd|1
|
|-weather|Sandstorm|[upkeep]
|-damage|p1a: Cofagrigus|95/100 tox|[from] Sandstorm
|-heal|p2a: Gigalith|76/100|[from] item: Leftovers
|-damage|p1a: Cofagrigus|89/100 tox|[from] psn
|upkeep
|turn|21
|
|t:|1661337424
|move|p1a: Cofagrigus|Nasty Plot|p1a: Cofagrigus
|-boost|p1a: Cofagrigus|spa|2
|move|p2a: Gigalith|Rock Blast|p1a: Cofagrigus
|-damage|p1a: Cofagrigus|80/100 tox
|-damage|p1a: Cofagrigus|72/100 tox
|-crit|p1a: Cofagrigus
|-damage|p1a: Cofagrigus|59/100 tox
|-damage|p1a: Cofagrigus|50/100 tox
|-damage|p1a: Cofagrigus|41/100 tox
|-hitcount|p1a: Cofagrigus|5
|
|-weather|Sandstorm|[upkeep]
|-damage|p1a: Cofagrigus|35/100 tox|[from] Sandstorm
|-heal|p2a: Gigalith|83/100|[from] item: Leftovers
|-damage|p1a: Cofagrigus|23/100 tox|[from] psn
|upkeep
|turn|22
|
|t:|1661337431
|switch|p2a: Weezing|Weezing, F|13/100
|-damage|p2a: Weezing|0 fnt|[from] Stealth Rock
|faint|p2a: Weezing
|move|p1a: Cofagrigus|Energy Ball|p2: Weezing|[notarget]
|-fail|p1a: Cofagrigus
|
|-weather|Sandstorm|[upkeep]
|-damage|p1a: Cofagrigus|17/100 tox|[from] Sandstorm
|-damage|p1a: Cofagrigus|0 fnt|[from] psn
|faint|p1a: Cofagrigus
|-fieldend|move: Trick Room
|upkeep
|
|t:|1661337436
|switch|p2a: Lurantis|Lurantis, M|93/100
|switch|p1a: Comfey|Comfey, M|84/100
|-status|p1a: Comfey|tox
|turn|23
|-message|FntcKirt forfeited.
|
|win|PULT4T2 eifo
|raw|FntcKirt's rating: 1319 &rarr; <strong>1311</strong><br />(-8 for losing)
|raw|PULT4T2 eifo's rating: 1573 &rarr; <strong>1581</strong><br />(+8 for winning)
|l|☆FntcKirt
|c|☆PULT4T2 eifo|for like zero pts
|c|☆PULT4T2 eifo|woohoo
|l|☆PULT4T2 eifo
|l| PULT4T2 Lennart
||Ladder isn't responding, score probably updated but might not have (Request timeout).
|j| pult4t2 yan
