|j|☆Toxicidad fuera
|j|☆Chloe
|t:|1618487732
|gametype|singles
|player|p1|Toxicidad fuera|argenta|1505
|player|p2|Chloe|#chloe|1464
|teamsize|p1|6
|teamsize|p2|6
|gen|8
|tier|[Gen 8] PU
|rated|
|clearpoke
|poke|p1|Thwackey, M|
|poke|p1|Thievul, F|
|poke|p1|Gourgeist-*, M|
|poke|p1|Garbodor, F|
|poke|p1|Regirock|
|poke|p1|Xatu, M|
|poke|p2|Ribombee, F|
|poke|p2|Scrafty, F|
|poke|p2|Garbodor, M|
|poke|p2|Sandaconda, F|
|poke|p2|Tsareena, F|
|poke|p2|Charizard, M|
|rule|Sleep Clause Mod: Limit one foe put to sleep
|rule|Species Clause: Limit one of each Pokémon
|rule|OHKO Clause: OHKO moves are banned
|rule|Evasion Moves Clause: Evasion moves are banned
|rule|Endless Battle Clause: Forcing endless battles is banned
|rule|HP Percentage Mod: HP is shown in percentages
|rule|Dynamax Clause: You cannot dynamax
|teampreview
|j| Kabello
|
|t:|1618487781
|start
|switch|p1a: Regirock|Regirock|100/100
|switch|p2a: Scrafty|Scrafty, F|100/100
|turn|1
|
|t:|1618487784
|move|p2a: Scrafty|Bulk Up|p2a: Scrafty
|-boost|p2a: Scrafty|atk|1
|-boost|p2a: Scrafty|def|1
|move|p1a: Regirock|Body Press|p2a: Scrafty
|-supereffective|p2a: Scrafty
|-damage|p2a: Scrafty|48/100
|
|-heal|p2a: Scrafty|54/100|[from] item: Leftovers
|upkeep
|turn|2
|
|t:|1618487811
|move|p2a: Scrafty|Bulk Up|p2a: Scrafty
|-boost|p2a: Scrafty|atk|1
|-boost|p2a: Scrafty|def|1
|move|p1a: Regirock|Toxic|p2a: Scrafty
|-status|p2a: Scrafty|tox
|
|-activate|p2a: Scrafty|ability: Shed Skin
|-curestatus|p2a: Scrafty|tox|[msg]
|-heal|p2a: Scrafty|60/100|[from] item: Leftovers
|upkeep
|turn|3
|
|t:|1618487818
|move|p2a: Scrafty|Bulk Up|p2a: Scrafty
|-boost|p2a: Scrafty|atk|1
|-boost|p2a: Scrafty|def|1
|move|p1a: Regirock|Body Press|p2a: Scrafty
|-supereffective|p2a: Scrafty
|-damage|p2a: Scrafty|29/100
|
|-heal|p2a: Scrafty|35/100|[from] item: Leftovers
|upkeep
|turn|4
|
|t:|1618487845
|move|p2a: Scrafty|Drain Punch|p1a: Regirock
|-supereffective|p1a: Regirock
|-damage|p1a: Regirock|54/100
|-heal|p2a: Scrafty|60/100|[from] drain|[of] p1a: Regirock
|move|p1a: Regirock|Body Press|p2a: Scrafty
|-supereffective|p2a: Scrafty
|-damage|p2a: Scrafty|27/100
|
|-heal|p2a: Scrafty|33/100|[from] item: Leftovers
|-heal|p1a: Regirock|60/100|[from] item: Leftovers
|upkeep
|turn|5
|
|t:|1618487855
|move|p2a: Scrafty|Drain Punch|p1a: Regirock
|-supereffective|p1a: Regirock
|-damage|p1a: Regirock|10/100
|-heal|p2a: Scrafty|60/100|[from] drain|[of] p1a: Regirock
|move|p1a: Regirock|Body Press|p2a: Scrafty
|-supereffective|p2a: Scrafty
|-damage|p2a: Scrafty|27/100
|
|-heal|p2a: Scrafty|33/100|[from] item: Leftovers
|-heal|p1a: Regirock|16/100|[from] item: Leftovers
|upkeep
|turn|6
|
|t:|1618487862
|move|p2a: Scrafty|Drain Punch|p1a: Regirock
|-supereffective|p1a: Regirock
|-crit|p1a: Regirock
|-damage|p1a: Regirock|0 fnt
|-heal|p2a: Scrafty|42/100|[from] drain|[of] p1a: Regirock
|faint|p1a: Regirock
|
|-heal|p2a: Scrafty|48/100|[from] item: Leftovers
|upkeep
|
|t:|1618487868
|switch|p1a: Gourgeist|Gourgeist-Small, M|100/100
|-item|p2a: Scrafty|Leftovers|[from] ability: Frisk|[of] p1a: Gourgeist|[identify]
|turn|7
|
|t:|1618487874
|move|p1a: Gourgeist|Trick|p2a: Scrafty
|-activate|p1a: Gourgeist|move: Trick|[of] p2a: Scrafty
|-item|p2a: Scrafty|Choice Band|[from] move: Trick
|-item|p1a: Gourgeist|Leftovers|[from] move: Trick
|move|p2a: Scrafty|Knock Off|p1a: Gourgeist
|-supereffective|p1a: Gourgeist
|-damage|p1a: Gourgeist|0 fnt
|-enditem|p1a: Gourgeist|Leftovers|[from] move: Knock Off|[of] p2a: Scrafty
|faint|p1a: Gourgeist
|
|upkeep
|
|t:|1618487896
|switch|p1a: Garbodor|Garbodor, F|100/100
|turn|8
|
|t:|1618487899
|move|p1a: Garbodor|Spikes|p2a: Scrafty
|-sidestart|p2: Chloe|Spikes
|move|p2a: Scrafty|Knock Off|p1a: Garbodor
|-damage|p1a: Garbodor|0 fnt
|-damage|p2a: Scrafty|23/100|[from] ability: Aftermath|[of] p1a: Garbodor
|-enditem|p1a: Garbodor|Black Sludge|[from] move: Knock Off|[of] p2a: Scrafty
|faint|p1a: Garbodor
|
|upkeep
|
|t:|1618487903
|switch|p1a: Thievul|Thievul, F|100/100
|turn|9
|
|t:|1618487912
|switch|p1a: Thwackey|Thwackey, M|100/100
|-fieldstart|move: Grassy Terrain|[from] ability: Grassy Surge|[of] p1a: Thwackey
|move|p2a: Scrafty|Knock Off|p1a: Thwackey
|-damage|p1a: Thwackey|0 fnt
|-enditem|p1a: Thwackey|Life Orb|[from] move: Knock Off|[of] p2a: Scrafty
|faint|p1a: Thwackey
|
|-heal|p2a: Scrafty|29/100|[from] Grassy Terrain
|upkeep
|
|t:|1618487914
|switch|p1a: Thievul|Thievul, F|100/100
|-enditem|p1a: Thievul|Grassy Seed
|-boost|p1a: Thievul|def|1|[from] item: Grassy Seed
|turn|10
|
|t:|1618487919
|move|p1a: Thievul|Nasty Plot|p1a: Thievul
|-boost|p1a: Thievul|spa|2
|move|p2a: Scrafty|Knock Off|p1a: Thievul
|-resisted|p1a: Thievul
|-damage|p1a: Thievul|51/100
|
|-heal|p1a: Thievul|57/100|[from] Grassy Terrain
|-heal|p2a: Scrafty|35/100|[from] Grassy Terrain
|upkeep
|turn|11
|
|t:|1618487925
|move|p1a: Thievul|Burning Jealousy|p2a: Scrafty
|-damage|p2a: Scrafty|9/100
|move|p2a: Scrafty|Knock Off|p1a: Thievul
|-resisted|p1a: Thievul
|-damage|p1a: Thievul|12/100
|
|-heal|p1a: Thievul|18/100|[from] Grassy Terrain
|-heal|p2a: Scrafty|15/100|[from] Grassy Terrain
|upkeep
|turn|12
|
|t:|1618487932
|move|p1a: Thievul|Burning Jealousy|p2a: Scrafty
|-damage|p2a: Scrafty|0 fnt
|faint|p2a: Scrafty
|
|-heal|p1a: Thievul|24/100|[from] Grassy Terrain
|upkeep
|
|t:|1618487946
|switch|p2a: Garbodor|Garbodor, M|100/100
|-damage|p2a: Garbodor|88/100|[from] Spikes
|turn|13
|
|t:|1618487949
|move|p1a: Thievul|Psychic|p2a: Garbodor
|-supereffective|p2a: Garbodor
|-crit|p2a: Garbodor
|-damage|p2a: Garbodor|0 fnt
|faint|p2a: Garbodor
|
|-heal|p1a: Thievul|30/100|[from] Grassy Terrain
|-fieldend|move: Grassy Terrain
|upkeep
|
|t:|1618487957
|switch|p2a: Sandaconda|Sandaconda, F|100/100
|-damage|p2a: Sandaconda|88/100|[from] Spikes
|turn|14
|
|t:|1618487965
|move|p1a: Thievul|Dark Pulse|p2a: Sandaconda
|-damage|p2a: Sandaconda|0 fnt
|faint|p2a: Sandaconda
|
|upkeep
|
|t:|1618487971
|switch|p2a: Charizard|Charizard, M|100/100
|turn|15
|
|t:|1618487975
|move|p1a: Thievul|Dark Pulse|p2a: Charizard
|-damage|p2a: Charizard|13/100
|cant|p2a: Charizard|flinch
|
|upkeep
|turn|16
|
|t:|1618487980
|move|p1a: Thievul|Dark Pulse|p2a: Charizard
|-damage|p2a: Charizard|0 fnt
|faint|p2a: Charizard
|
|upkeep
|
|t:|1618487993
|switch|p2a: Tsareena|Tsareena, F|100/100
|-damage|p2a: Tsareena|88/100|[from] Spikes
|turn|17
|
|t:|1618487997
|move|p1a: Thievul|Burning Jealousy|p2a: Tsareena
|-supereffective|p2a: Tsareena
|-damage|p2a: Tsareena|0 fnt
|faint|p2a: Tsareena
|
|upkeep
|
|t:|1618487999
|switch|p2a: Ribombee|Ribombee, F|100/100
|turn|18
|
|t:|1618488002
|move|p1a: Thievul|Burning Jealousy|p2a: Ribombee
|-supereffective|p2a: Ribombee
|-damage|p2a: Ribombee|0 fnt
|faint|p2a: Ribombee
|
|win|Toxicidad fuera
|raw|Toxicidad fuera's rating: 1505 &rarr; <strong>1523</strong><br />(+18 for winning)
|raw|Chloe's rating: 1464 &rarr; <strong>1446</strong><br />(-18 for losing)
|c|☆Chloe|gg
|l|☆Chloe
|c|☆Toxicidad fuera|gg
