|j|☆Karrakarra
|j|☆pogofish
|player|p1|Karrakarra|saturn|1507
|player|p2|pogofish|102|1247
|teamsize|p1|6
|teamsize|p2|6
|gametype|singles
|gen|8
|tier|[Gen 8] PU
|rated|
|clearpoke
|poke|p1|Vespiquen, F|
|poke|p1|Mawile, F|
|poke|p1|Whiscash, F|
|poke|p1|Raichu, F|
|poke|p1|Beheeyem, M|
|poke|p1|Glaceon, F|
|poke|p2|Persian, M|
|poke|p2|Pikachu, F|
|poke|p2|Stonjourner, M|
|poke|p2|Gourgeist-*, M|
|poke|p2|Silvally-*|
|poke|p2|Klang|
|rule|Sleep Clause Mod: Limit one foe put to sleep
|rule|Species Clause: Limit one of each Pokémon
|rule|OHKO Clause: OHKO moves are banned
|rule|Evasion Moves Clause: Evasion moves are banned
|rule|Endless Battle Clause: Forcing endless battles is banned
|rule|HP Percentage Mod: HP is shown in percentages
|rule|Dynamax Clause: You cannot dynamax
|teampreview
|inactive|Battle timer is ON: inactive players will automatically lose when time's up. (requested by Karrakarra)
|inactive|Karrakarra has 120 seconds left.
|
|start
|switch|p1a: Whiscash|Whiscash, F|100/100
|switch|p2a: Gourgeist|Gourgeist-Super, M|100/100
|turn|1
|
|switch|p1a: Vespiquen|Vespiquen, F|100/100
|-ability|p1a: Vespiquen|Unnerve|p2: pogofish
|move|p2a: Gourgeist|Toxic|p1a: Vespiquen
|-status|p1a: Vespiquen|tox
|
|-damage|p1a: Vespiquen|94/100 tox|[from] psn
|upkeep
|turn|2
|
|switch|p2a: Klang|Klang|100/100
|move|p1a: Vespiquen|U-turn|p2a: Klang
|-resisted|p2a: Klang
|-crit|p2a: Klang
|-damage|p2a: Klang|92/100
|
|switch|p1a: Raichu|Raichu, F|100/100|[from]move: U-turn
|
|upkeep
|turn|3
|
|switch|p2a: Gourgeist|Gourgeist-Super, M|100/100
|move|p1a: Raichu|Knock Off|p2a: Gourgeist
|-supereffective|p2a: Gourgeist
|-enditem|p2a: Gourgeist|Colbur Berry|[eat]
|-enditem|p2a: Gourgeist|Colbur Berry|[weaken]
|-damage|p2a: Gourgeist|79/100
|-damage|p1a: Raichu|91/100|[from] item: Life Orb
|
|upkeep
|turn|4
|inactive|pogofish has 120 seconds left.
|
|move|p1a: Raichu|Volt Switch|p2a: Gourgeist
|-resisted|p2a: Gourgeist
|-damage|p2a: Gourgeist|63/100
|-damage|p1a: Raichu|81/100|[from] item: Life Orb
|
|switch|p1a: Vespiquen|Vespiquen, F|94/100 tox|[from]move: Volt Switch
|-ability|p1a: Vespiquen|Unnerve|p2: pogofish
|move|p2a: Gourgeist|Power Whip|p1a: Vespiquen
|-resisted|p1a: Vespiquen
|-damage|p1a: Vespiquen|87/100 tox
|
|-damage|p1a: Vespiquen|81/100 tox|[from] psn
|upkeep
|turn|5
|
|move|p2a: Gourgeist|Synthesis|p2a: Gourgeist
|-heal|p2a: Gourgeist|100/100
|move|p1a: Vespiquen|U-turn|p2a: Gourgeist
|-damage|p2a: Gourgeist|88/100
|
|switch|p1a: Beheeyem|Beheeyem, M|100/100|[from]move: U-turn
|
|upkeep
|turn|6
|
|switch|p2a: Klang|Klang|92/100
|move|p1a: Beheeyem|Psychic|p2a: Klang
|-resisted|p2a: Klang
|-damage|p2a: Klang|54/100
|
|upkeep
|turn|7
|
|switch|p1a: Whiscash|Whiscash, F|100/100
|move|p2a: Klang|Shift Gear|p2a: Klang
|-boost|p2a: Klang|spe|2
|-boost|p2a: Klang|atk|1
|
|upkeep
|turn|8
|
|switch|p2a: Gourgeist|Gourgeist-Super, M|88/100
|move|p1a: Whiscash|Earth Power|p2a: Gourgeist
|-resisted|p2a: Gourgeist
|-damage|p2a: Gourgeist|73/100
|
|upkeep
|turn|9
|
|switch|p2a: Stonjourner|Stonjourner, M|100/100
|move|p1a: Whiscash|Protect||[still]
|-fail|p1a: Whiscash
|
|upkeep
|turn|10
|
|switch|p2a: Gourgeist|Gourgeist-Super, M|73/100
|move|p1a: Whiscash|Toxic|p2a: Gourgeist
|-status|p2a: Gourgeist|tox
|
|-damage|p2a: Gourgeist|67/100 tox|[from] psn
|upkeep
|turn|11
|
|switch|p1a: Vespiquen|Vespiquen, F|81/100 tox
|-ability|p1a: Vespiquen|Unnerve|p2: pogofish
|move|p2a: Gourgeist|Synthesis|p2a: Gourgeist
|-heal|p2a: Gourgeist|100/100 tox
|
|-damage|p2a: Gourgeist|88/100 tox|[from] psn
|-damage|p1a: Vespiquen|75/100 tox|[from] psn
|upkeep
|turn|12
|
|switch|p2a: Silvally|Silvally-Poison|100/100
|move|p1a: Vespiquen|U-turn|p2a: Silvally
|-resisted|p2a: Silvally
|-damage|p2a: Silvally|89/100
|
|switch|p1a: Whiscash|Whiscash, F|100/100|[from]move: U-turn
|
|upkeep
|turn|13
|
|switch|p2a: Gourgeist|Gourgeist-Super, M|88/100 tox
|move|p1a: Whiscash|Earth Power|p2a: Gourgeist
|-resisted|p2a: Gourgeist
|-crit|p2a: Gourgeist
|-damage|p2a: Gourgeist|66/100 tox
|
|-damage|p2a: Gourgeist|60/100 tox|[from] psn
|upkeep
|turn|14
|
|move|p1a: Whiscash|Protect|p1a: Whiscash
|-singleturn|p1a: Whiscash|Protect
|move|p2a: Gourgeist|Synthesis|p2a: Gourgeist
|-heal|p2a: Gourgeist|100/100 tox
|
|-damage|p2a: Gourgeist|88/100 tox|[from] psn
|upkeep
|turn|15
|
|switch|p1a: Vespiquen|Vespiquen, F|75/100 tox
|-ability|p1a: Vespiquen|Unnerve|p2: pogofish
|move|p2a: Gourgeist|Power Whip|p1a: Vespiquen
|-resisted|p1a: Vespiquen
|-damage|p1a: Vespiquen|68/100 tox
|
|-damage|p2a: Gourgeist|70/100 tox|[from] psn
|-damage|p1a: Vespiquen|62/100 tox|[from] psn
|upkeep
|turn|16
|
|switch|p2a: Silvally|Silvally-Poison|89/100
|move|p1a: Vespiquen|U-turn|p2a: Silvally
|-resisted|p2a: Silvally
|-damage|p2a: Silvally|79/100
|
|switch|p1a: Whiscash|Whiscash, F|100/100|[from]move: U-turn
|
|upkeep
|turn|17
|
|switch|p2a: Gourgeist|Gourgeist-Super, M|70/100 tox
|move|p1a: Whiscash|Earth Power|p2a: Gourgeist
|-resisted|p2a: Gourgeist
|-damage|p2a: Gourgeist|56/100 tox
|
|-damage|p2a: Gourgeist|50/100 tox|[from] psn
|upkeep
|turn|18
|
|switch|p1a: Beheeyem|Beheeyem, M|100/100
|move|p2a: Gourgeist|Synthesis|p2a: Gourgeist
|-heal|p2a: Gourgeist|99/100 tox
|
|-damage|p2a: Gourgeist|87/100 tox|[from] psn
|upkeep
|turn|19
|
|switch|p2a: Klang|Klang|54/100
|move|p1a: Beheeyem|Shadow Ball|p2a: Klang
|-damage|p2a: Klang|8/100
|
|upkeep
|turn|20
|
|switch|p1a: Mawile|Mawile, F|100/100
|move|p2a: Klang|Rest|p2a: Klang
|-status|p2a: Klang|slp|[from] move: Rest
|-heal|p2a: Klang|100/100 slp|[silent]
|
|upkeep
|turn|21
|
|switch|p2a: Silvally|Silvally-Poison|79/100
|move|p1a: Mawile|Swords Dance|p1a: Mawile
|-boost|p1a: Mawile|atk|2
|
|upkeep
|turn|22
|
|switch|p1a: Whiscash|Whiscash, F|100/100
|move|p2a: Silvally|Flamethrower|p1a: Whiscash
|-resisted|p1a: Whiscash
|-damage|p1a: Whiscash|90/100
|
|-heal|p1a: Whiscash|96/100|[from] item: Leftovers
|upkeep
|turn|23
|
|switch|p2a: Gourgeist|Gourgeist-Super, M|87/100 tox
|move|p1a: Whiscash|Earth Power|p2a: Gourgeist
|-resisted|p2a: Gourgeist
|-damage|p2a: Gourgeist|73/100 tox
|
|-heal|p1a: Whiscash|100/100|[from] item: Leftovers
|-damage|p2a: Gourgeist|66/100 tox|[from] psn
|upkeep
|turn|24
|
|move|p1a: Whiscash|Protect|p1a: Whiscash
|-singleturn|p1a: Whiscash|Protect
|move|p2a: Gourgeist|Toxic|p1a: Whiscash
|-activate|p1a: Whiscash|move: Protect
|
|-damage|p2a: Gourgeist|54/100 tox|[from] psn
|upkeep
|turn|25
|
|switch|p1a: Beheeyem|Beheeyem, M|100/100
|move|p2a: Gourgeist|Synthesis|p2a: Gourgeist
|-heal|p2a: Gourgeist|100/100 tox
|
|-damage|p2a: Gourgeist|82/100 tox|[from] psn
|upkeep
|turn|26
|
|switch|p2a: Klang|Klang|100/100 slp
|move|p1a: Beheeyem|Psychic|p2a: Klang
|-resisted|p2a: Klang
|-damage|p2a: Klang|59/100 slp
|
|upkeep
|turn|27
|
|cant|p2a: Klang|slp
|move|p2a: Klang|Sleep Talk|p2a: Klang
|move|p2a: Klang|Rest|p2a: Klang|[from]Sleep Talk
|-fail|p2a: Klang
|move|p1a: Beheeyem|Psychic|p2a: Klang
|-resisted|p2a: Klang
|-damage|p2a: Klang|20/100 slp
|
|upkeep
|turn|28
|
|cant|p2a: Klang|slp
|move|p2a: Klang|Sleep Talk|p2a: Klang
|move|p2a: Klang|Gear Grind|p1a: Beheeyem|[from]Sleep Talk
|-damage|p1a: Beheeyem|83/100
|-damage|p1a: Beheeyem|64/100
|-hitcount|p1a: Beheeyem|2
|move|p1a: Beheeyem|Psychic|p2a: Klang
|-resisted|p2a: Klang
|-damage|p2a: Klang|0 fnt
|faint|p2a: Klang
|
|upkeep
|
|switch|p2a: Persian|Persian, M|100/100
|turn|29
|
|switch|p1a: Mawile|Mawile, F|100/100
|move|p2a: Persian|Fake Out|p1a: Mawile
|-resisted|p1a: Mawile
|-crit|p1a: Mawile
|-damage|p1a: Mawile|68/100
|
|upkeep
|turn|30
|
|move|p2a: Persian|U-turn|p1a: Mawile
|-resisted|p1a: Mawile
|-damage|p1a: Mawile|61/100
|
|switch|p2a: Silvally|Silvally-Poison|79/100|[from]move: U-turn
|move|p1a: Mawile|Iron Head|p2a: Silvally
|-damage|p2a: Silvally|14/100
|
|upkeep
|turn|31
|
|switch|p1a: Whiscash|Whiscash, F|100/100
|move|p2a: Silvally|Flamethrower|p1a: Whiscash
|-resisted|p1a: Whiscash
|-damage|p1a: Whiscash|89/100
|
|-heal|p1a: Whiscash|96/100|[from] item: Leftovers
|upkeep
|turn|32
|
|switch|p2a: Gourgeist|Gourgeist-Super, M|82/100 tox
|move|p1a: Whiscash|Earth Power|p2a: Gourgeist
|-resisted|p2a: Gourgeist
|-damage|p2a: Gourgeist|67/100 tox
|-unboost|p2a: Gourgeist|spd|1
|
|-heal|p1a: Whiscash|100/100|[from] item: Leftovers
|-damage|p2a: Gourgeist|61/100 tox|[from] psn
|upkeep
|turn|33
|
|switch|p1a: Vespiquen|Vespiquen, F|62/100 tox
|-ability|p1a: Vespiquen|Unnerve|p2: pogofish
|move|p2a: Gourgeist|Synthesis|p2a: Gourgeist
|-heal|p2a: Gourgeist|100/100 tox
|
|-damage|p2a: Gourgeist|88/100 tox|[from] psn
|-damage|p1a: Vespiquen|56/100 tox|[from] psn
|upkeep
|turn|34
|
|switch|p2a: Persian|Persian, M|100/100
|move|p1a: Vespiquen|U-turn|p2a: Persian
|-damage|p2a: Persian|59/100
|
|switch|p1a: Glaceon|Glaceon, F|100/100|[from]move: U-turn
|
|upkeep
|turn|35
|
|move|p1a: Glaceon|Protect|p1a: Glaceon
|-singleturn|p1a: Glaceon|Protect
|move|p2a: Persian|Fake Out|p1a: Glaceon
|-activate|p1a: Glaceon|move: Protect
|
|upkeep
|turn|36
|
|move|p2a: Persian|U-turn|p1a: Glaceon
|-damage|p1a: Glaceon|85/100
|
|switch|p2a: Silvally|Silvally-Poison|14/100|[from]move: U-turn
|move|p1a: Glaceon|Freeze-Dry|p2a: Silvally
|-damage|p2a: Silvally|0 fnt
|faint|p2a: Silvally
|
|-heal|p1a: Glaceon|91/100|[from] item: Leftovers
|upkeep
|
|switch|p2a: Stonjourner|Stonjourner, M|100/100
|turn|37
|
|switch|p1a: Whiscash|Whiscash, F|100/100
|move|p2a: Stonjourner|Stealth Rock|p1a: Whiscash
|-sidestart|p1: Karrakarra|move: Stealth Rock
|
|upkeep
|turn|38
|
|switch|p2a: Gourgeist|Gourgeist-Super, M|88/100 tox
|move|p1a: Whiscash|Earth Power|p2a: Gourgeist
|-resisted|p2a: Gourgeist
|-damage|p2a: Gourgeist|73/100 tox
|
|-damage|p2a: Gourgeist|67/100 tox|[from] psn
|upkeep
|turn|39
|
|move|p1a: Whiscash|Protect|p1a: Whiscash
|-singleturn|p1a: Whiscash|Protect
|move|p2a: Gourgeist|Power Whip|p1a: Whiscash
|-activate|p1a: Whiscash|move: Protect
|
|-damage|p2a: Gourgeist|55/100 tox|[from] psn
|upkeep
|turn|40
|
|switch|p2a: Persian|Persian, M|59/100
|switch|p1a: Vespiquen|Vespiquen, F|56/100 tox
|-ability|p1a: Vespiquen|Unnerve|p2: pogofish
|
|-damage|p1a: Vespiquen|50/100 tox|[from] psn
|upkeep
|turn|41
|
|switch|p1a: Mawile|Mawile, F|61/100
|-damage|p1a: Mawile|55/100|[from] Stealth Rock
|move|p2a: Persian|Fake Out|p1a: Mawile
|-resisted|p1a: Mawile
|-damage|p1a: Mawile|36/100
|
|upkeep
|turn|42
|
|move|p2a: Persian|Double-Edge|p1a: Mawile
|-resisted|p1a: Mawile
|-damage|p1a: Mawile|0 fnt
|-damage|p2a: Persian|49/100|[from] Recoil
|faint|p1a: Mawile
|
|upkeep
|
|switch|p1a: Glaceon|Glaceon, F|91/100
|-damage|p1a: Glaceon|67/100|[from] Stealth Rock
|turn|43
|
|move|p2a: Persian|U-turn|p1a: Glaceon
|-damage|p1a: Glaceon|52/100
|
|switch|p2a: Stonjourner|Stonjourner, M|100/100|[from]move: U-turn
|move|p1a: Glaceon|Freeze-Dry|p2a: Stonjourner
|-damage|p2a: Stonjourner|4/100
|
|-heal|p1a: Glaceon|58/100|[from] item: Leftovers
|upkeep
|turn|44
|
|move|p1a: Glaceon|Protect|p1a: Glaceon
|-singleturn|p1a: Glaceon|Protect
|move|p2a: Stonjourner|Stone Edge|p1a: Glaceon
|-activate|p1a: Glaceon|move: Protect
|
|-heal|p1a: Glaceon|64/100|[from] item: Leftovers
|upkeep
|turn|45
|
|switch|p1a: Whiscash|Whiscash, F|100/100
|-damage|p1a: Whiscash|94/100|[from] Stealth Rock
|move|p2a: Stonjourner|Stone Edge|p1a: Whiscash
|-resisted|p1a: Whiscash
|-damage|p1a: Whiscash|71/100
|-damage|p2a: Stonjourner|0 fnt|[from] item: Life Orb
|faint|p2a: Stonjourner
|
|-heal|p1a: Whiscash|77/100|[from] item: Leftovers
|upkeep
|
|switch|p2a: Persian|Persian, M|49/100
|turn|46
|
|move|p1a: Whiscash|Protect|p1a: Whiscash
|-singleturn|p1a: Whiscash|Protect
|move|p2a: Persian|Fake Out|p1a: Whiscash
|-activate|p1a: Whiscash|move: Protect
|
|-heal|p1a: Whiscash|83/100|[from] item: Leftovers
|upkeep
|turn|47
|
|move|p2a: Persian|U-turn|p1a: Whiscash
|-damage|p1a: Whiscash|71/100
|
|switch|p2a: Gourgeist|Gourgeist-Super, M|55/100 tox|[from]move: U-turn
|move|p1a: Whiscash|Earth Power|p2a: Gourgeist
|-resisted|p2a: Gourgeist
|-damage|p2a: Gourgeist|39/100 tox
|
|-heal|p1a: Whiscash|77/100|[from] item: Leftovers
|-damage|p2a: Gourgeist|33/100 tox|[from] psn
|upkeep
|turn|48
|
|switch|p1a: Glaceon|Glaceon, F|64/100
|-damage|p1a: Glaceon|40/100|[from] Stealth Rock
|move|p2a: Gourgeist|Synthesis|p2a: Gourgeist
|-heal|p2a: Gourgeist|83/100 tox
|
|-heal|p1a: Glaceon|46/100|[from] item: Leftovers
|-damage|p2a: Gourgeist|70/100 tox|[from] psn
|upkeep
|turn|49
|
|switch|p2a: Pikachu|Pikachu, F|100/100
|move|p1a: Glaceon|Freeze-Dry|p2a: Pikachu
|-damage|p2a: Pikachu|0 fnt
|faint|p2a: Pikachu
|
|-heal|p1a: Glaceon|52/100|[from] item: Leftovers
|upkeep
|
|switch|p2a: Persian|Persian, M|49/100
|turn|50
|
|move|p1a: Glaceon|Protect|p1a: Glaceon
|-singleturn|p1a: Glaceon|Protect
|move|p2a: Persian|Fake Out|p1a: Glaceon
|-activate|p1a: Glaceon|move: Protect
|
|-heal|p1a: Glaceon|58/100|[from] item: Leftovers
|upkeep
|turn|51
|
|move|p2a: Persian|Double-Edge|p1a: Glaceon
|-damage|p1a: Glaceon|8/100
|-damage|p2a: Persian|29/100|[from] Recoil
|move|p1a: Glaceon|Freeze-Dry|p2a: Persian
|-crit|p2a: Persian
|-damage|p2a: Persian|0 fnt
|faint|p2a: Persian
|
|-heal|p1a: Glaceon|14/100|[from] item: Leftovers
|upkeep
|
|switch|p2a: Gourgeist|Gourgeist-Super, M|70/100 tox
|turn|52
|
|move|p2a: Gourgeist|Power Whip|p1a: Glaceon
|-damage|p1a: Glaceon|0 fnt
|faint|p1a: Glaceon
|
|-damage|p2a: Gourgeist|64/100 tox|[from] psn
|upkeep
|
|switch|p1a: Beheeyem|Beheeyem, M|64/100
|-damage|p1a: Beheeyem|52/100|[from] Stealth Rock
|turn|53
|
|move|p2a: Gourgeist|Power Whip|p1a: Beheeyem
|-crit|p1a: Beheeyem
|-damage|p1a: Beheeyem|0 fnt
|faint|p1a: Beheeyem
|
|-damage|p2a: Gourgeist|52/100 tox|[from] psn
|upkeep
|
|switch|p1a: Raichu|Raichu, F|81/100
|-damage|p1a: Raichu|68/100|[from] Stealth Rock
|turn|54
|
|move|p1a: Raichu|Encore|p2a: Gourgeist
|-start|p2a: Gourgeist|Encore
|move|p2a: Gourgeist|Power Whip|p1a: Raichu
|-crit|p1a: Raichu
|-damage|p1a: Raichu|0 fnt
|faint|p1a: Raichu
|
|-damage|p2a: Gourgeist|33/100 tox|[from] psn
|upkeep
|
|switch|p1a: Vespiquen|Vespiquen, F|50/100 tox
|-ability|p1a: Vespiquen|Unnerve|p2: pogofish
|turn|55
|
|move|p2a: Gourgeist|Power Whip|p1a: Vespiquen
|-resisted|p1a: Vespiquen
|-damage|p1a: Vespiquen|42/100 tox
|move|p1a: Vespiquen|Acrobatics|p2a: Gourgeist
|-supereffective|p2a: Gourgeist
|-damage|p2a: Gourgeist|13/100 tox
|
|-damage|p2a: Gourgeist|0 fnt|[from] psn
|faint|p2a: Gourgeist
|
|win|Karrakarra
|upkeep
|l|☆pogofish
|raw|Karrakarra's rating: 1520 &rarr; <strong>1527</strong><br />(+7 for winning)
|raw|pogofish's rating: 1247 &rarr; <strong>1238</strong><br />(-9 for losing)
