|j|☆WhatEver2102
|j|☆Persona111
|t:|1644505828
|gametype|singles
|player|p1|WhatEver2102|veteran|1463
|player|p2|Persona111|byron|1496
|teamsize|p1|6
|teamsize|p2|6
|gen|8
|tier|[Gen 8] PU
|rated|
|rule|Sleep Clause Mod: Limit one foe put to sleep
|rule|Species Clause: Limit one of each Pokémon
|rule|OHKO Clause: OHKO moves are banned
|rule|Evasion Moves Clause: Evasion moves are banned
|rule|Endless Battle Clause: Forcing endless battles is banned
|rule|HP Percentage Mod: HP is shown in percentages
|rule|Dynamax Clause: You cannot dynamax
|clearpoke
|poke|p1|Articuno-Galar|
|poke|p1|Aromatisse, F|
|poke|p1|Frosmoth, F|
|poke|p1|Togedemaru, M|
|poke|p1|Hitmonchan, M|
|poke|p1|Ferroseed, M|
|poke|p2|Kabutops, M|
|poke|p2|Vikavolt, F|
|poke|p2|Spiritomb, F|
|poke|p2|Regirock|
|poke|p2|Charizard, F|
|poke|p2|Perrserker, M|
|teampreview
|inactive|Battle timer is ON: inactive players will automatically lose when time's up. (requested by WhatEver2102)
|
|t:|1644505852
|start
|switch|p1a: Zaaaap|Togedemaru, M|100/100
|switch|p2a: Marcão|Perrserker, M|100/100
|turn|1
|
|t:|1644505869
|move|p2a: Marcão|Close Combat|p1a: Zaaaap
|-supereffective|p1a: Zaaaap
|-damage|p1a: Zaaaap|0 fnt
|-unboost|p2a: Marcão|def|1
|-unboost|p2a: Marcão|spd|1
|faint|p1a: Zaaaap
|
|upkeep
|
|t:|1644505876
|switch|p1a: Lol Lmao|Articuno-Galar|100/100
|turn|2
|inactive|Persona111 has 120 seconds left.
|
|t:|1644505910
|switch|p2a: Maykola|Spiritomb, F|100/100
|move|p1a: Lol Lmao|Freezing Glare|p2a: Maykola
|-immune|p2a: Maykola
|
|upkeep
|turn|3
|
|t:|1644505920
|switch|p1a: Hitmon-Onichan|Hitmonchan, M|100/100
|move|p2a: Maykola|Poltergeist|p1a: Hitmon-Onichan
|-activate|p1a: Hitmon-Onichan|move: Poltergeist|Assault Vest
|-damage|p1a: Hitmon-Onichan|0 fnt
|faint|p1a: Hitmon-Onichan
|
|upkeep
|
|t:|1644505931
|switch|p1a: Lol Lmao|Articuno-Galar|100/100
|turn|4
|
|t:|1644505936
|move|p1a: Lol Lmao|Hurricane|p2a: Maykola|[miss]
|-miss|p1a: Lol Lmao|p2a: Maykola
|-enditem|p1a: Lol Lmao|Blunder Policy
|-boost|p1a: Lol Lmao|spe|2
|move|p2a: Maykola|Poltergeist||[still]
|-fail|p2a: Maykola
|
|upkeep
|turn|5
|
|t:|1644505943
|switch|p2a: Marcão|Perrserker, M|100/100
|move|p1a: Lol Lmao|Calm Mind|p1a: Lol Lmao
|-boost|p1a: Lol Lmao|spa|1
|-boost|p1a: Lol Lmao|spd|1
|
|upkeep
|turn|6
|
|t:|1644505950
|move|p1a: Lol Lmao|Freezing Glare|p2a: Marcão
|-resisted|p2a: Marcão
|-damage|p2a: Marcão|52/100
|-status|p2a: Marcão|frz
|cant|p2a: Marcão|frz
|
|upkeep
|turn|7
|
|t:|1644505957
|move|p1a: Lol Lmao|Calm Mind|p1a: Lol Lmao
|-boost|p1a: Lol Lmao|spa|1
|-boost|p1a: Lol Lmao|spd|1
|cant|p2a: Marcão|frz
|
|upkeep
|turn|8
|
|t:|1644505964
|move|p1a: Lol Lmao|Freezing Glare|p2a: Marcão
|-resisted|p2a: Marcão
|-damage|p2a: Marcão|0 fnt
|faint|p2a: Marcão
|
|upkeep
|
|t:|1644505967
|switch|p2a: Terezinha|Kabutops, M|100/100
|turn|9
|
|t:|1644505971
|move|p1a: Lol Lmao|Freezing Glare|p2a: Terezinha
|-enditem|p2a: Terezinha|Focus Sash
|-damage|p2a: Terezinha|1/100
|move|p2a: Terezinha|Liquidation|p1a: Lol Lmao
|-damage|p1a: Lol Lmao|66/100
|
|upkeep
|turn|10
|
|t:|1644505979
|move|p2a: Terezinha|Aqua Jet|p1a: Lol Lmao
|-damage|p1a: Lol Lmao|50/100
|move|p1a: Lol Lmao|Freezing Glare|p2a: Terezinha
|-damage|p2a: Terezinha|0 fnt
|faint|p2a: Terezinha
|
|upkeep
|
|t:|1644505982
|switch|p2a: Maykola|Spiritomb, F|100/100
|turn|11
|
|t:|1644505987
|move|p2a: Maykola|Shadow Sneak|p1a: Lol Lmao
|-supereffective|p1a: Lol Lmao
|-damage|p1a: Lol Lmao|13/100
|move|p1a: Lol Lmao|Recover|p1a: Lol Lmao
|-heal|p1a: Lol Lmao|63/100
|
|upkeep
|turn|12
|
|t:|1644505993
|move|p2a: Maykola|Shadow Sneak|p1a: Lol Lmao
|-supereffective|p1a: Lol Lmao
|-damage|p1a: Lol Lmao|21/100
|move|p1a: Lol Lmao|Recover|p1a: Lol Lmao
|-heal|p1a: Lol Lmao|71/100
|
|upkeep
|turn|13
|
|t:|1644505998
|move|p2a: Maykola|Shadow Sneak|p1a: Lol Lmao
|-supereffective|p1a: Lol Lmao
|-damage|p1a: Lol Lmao|31/100
|move|p1a: Lol Lmao|Hurricane|p2a: Maykola
|-damage|p2a: Maykola|2/100
|-start|p2a: Maykola|confusion
|
|upkeep
|turn|14
|
|t:|1644506009
|-activate|p2a: Maykola|confusion
|-damage|p2a: Maykola|0 fnt|[from] confusion
|faint|p2a: Maykola
|move|p1a: Lol Lmao|Recover|p1a: Lol Lmao
|-heal|p1a: Lol Lmao|81/100
|
|upkeep
|-message|Persona111 forfeited.
|
|win|WhatEver2102
|raw|WhatEver2102's rating: 1463 &rarr; <strong>1485</strong><br />(+22 for winning)
|raw|Persona111's rating: 1496 &rarr; <strong>1474</strong><br />(-22 for losing)
|l|☆WhatEver2102
