|j|☆AriaoftheStarstest
|j|☆Bigkevinm84
|t:|1623305117
|gametype|singles
|player|p1|AriaoftheStarstest|marley|1238
|player|p2|Bigkevinm84|acetrainer-gen4dp|1422
|teamsize|p1|6
|teamsize|p2|6
|gen|8
|tier|[Gen 8] PU
|rated|
|rule|Sleep Clause Mod: Limit one foe put to sleep
|rule|Species Clause: Limit one of each Pokémon
|rule|OHKO Clause: OHKO moves are banned
|rule|Evasion Moves Clause: Evasion moves are banned
|rule|Endless Battle Clause: Forcing endless battles is banned
|rule|HP Percentage Mod: HP is shown in percentages
|rule|Dynamax Clause: You cannot dynamax
|clearpoke
|poke|p1|Jynx, F|
|poke|p1|Ludicolo, M|
|poke|p1|Xatu, F|
|poke|p1|Togedemaru, F|
|poke|p1|Toxicroak, M|
|poke|p1|Jolteon, F|
|poke|p2|Togedemaru, L1, M|
|poke|p2|Gigalith, M|
|poke|p2|Sandslash, M|
|poke|p2|Qwilfish, M|
|poke|p2|Silvally-*|
|poke|p2|Exeggutor-Alola, F|
|teampreview
|
|t:|1623305125
|start
|switch|p1a: Jolteon|Jolteon, F|100/100
|switch|p2a: Purple Majesty|Gigalith, M, shiny|100/100
|-weather|Sandstorm|[from] ability: Sand Stream|[of] p2a: Purple Majesty
|turn|1
|
|t:|1623305134
|move|p1a: Jolteon|Rain Dance|p1a: Jolteon
|-weather|RainDance
|move|p2a: Purple Majesty|Rock Blast|p1a: Jolteon
|-damage|p1a: Jolteon|79/100
|-damage|p1a: Jolteon|56/100
|-damage|p1a: Jolteon|33/100
|-damage|p1a: Jolteon|9/100
|-damage|p1a: Jolteon|0 fnt
|faint|p1a: Jolteon
|-hitcount|p1: Jolteon|5
|
|-weather|RainDance|[upkeep]
|upkeep
|
|t:|1623305145
|switch|p1a: Ludicolo|Ludicolo, M|100/100
|turn|2
|
|t:|1623305150
|switch|p2a: Long Girl|Exeggutor-Alola, F|100/100
|move|p1a: Ludicolo|Hydro Pump|p2a: Long Girl
|-resisted|p2a: Long Girl
|-damage|p2a: Long Girl|81/100
|
|-weather|RainDance|[upkeep]
|upkeep
|turn|3
|c|☆AriaoftheStarstest|oh! i remember you!
|
|t:|1623305160
|switch|p2a: Purple Majesty|Gigalith, M, shiny|100/100
|-weather|Sandstorm|[from] ability: Sand Stream|[of] p2a: Purple Majesty
|move|p1a: Ludicolo|Ice Beam|p2a: Purple Majesty
|-damage|p2a: Purple Majesty|87/100
|
|-weather|Sandstorm|[upkeep]
|-damage|p1a: Ludicolo|95/100|[from] Sandstorm
|upkeep
|turn|4
|c|☆AriaoftheStarstest|long girl ♥
|
|t:|1623305182
|switch|p2a: Mecha-Mickey|Togedemaru, L1, M|100/100
|move|p1a: Ludicolo|Hydro Pump|p2a: Mecha-Mickey
|-ability|p2a: Mecha-Mickey|Sturdy
|-damage|p2a: Mecha-Mickey|9/100
|
|-weather|Sandstorm|[upkeep]
|-damage|p1a: Ludicolo|89/100|[from] Sandstorm
|upkeep
|turn|5
|inactive|Battle timer is ON: inactive players will automatically lose when time's up. (requested by Bigkevinm84)
|
|t:|1623305209
|move|p2a: Mecha-Mickey|Fake Out|p1a: Ludicolo
|-damage|p1a: Ludicolo|88/100
|-heal|p2a: Mecha-Mickey|17/100|[from] item: Shell Bell|[of] p1a: Ludicolo
|cant|p1a: Ludicolo|flinch
|
|-weather|Sandstorm|[upkeep]
|-damage|p1a: Ludicolo|82/100|[from] Sandstorm
|upkeep
|turn|6
|inactive|AriaoftheStarstest has 120 seconds left.
|
|t:|1623305244
|switch|p2a: Squilly|Qwilfish, M|100/100
|-ability|p2a: Squilly|Intimidate|boost
|-unboost|p1a: Ludicolo|atk|1
|move|p1a: Ludicolo|Giga Drain|p2a: Squilly
|-damage|p2a: Squilly|40/100
|-heal|p1a: Ludicolo|100/100|[from] drain|[of] p2a: Squilly
|
|-weather|Sandstorm|[upkeep]
|-damage|p2a: Squilly|34/100|[from] Sandstorm
|-damage|p1a: Ludicolo|95/100|[from] Sandstorm
|-heal|p2a: Squilly|40/100|[from] item: Black Sludge
|upkeep
|turn|7
|inactive|AriaoftheStarstest has 120 seconds left.
|
|t:|1623305254
|switch|p1a: Toxicroak|Toxicroak, M|100/100
|move|p2a: Squilly|Poison Jab|p1a: Toxicroak
|-resisted|p1a: Toxicroak
|-damage|p1a: Toxicroak|80/100
|
|-weather|Sandstorm|[upkeep]
|-damage|p2a: Squilly|34/100|[from] Sandstorm
|-damage|p1a: Toxicroak|74/100|[from] Sandstorm
|-heal|p2a: Squilly|40/100|[from] item: Black Sludge
|upkeep
|turn|8
|inactive|AriaoftheStarstest has 120 seconds left.
|
|t:|1623305267
|switch|p2a: Guroe|Silvally-Ghost|100/100
|move|p1a: Toxicroak|Swords Dance|p1a: Toxicroak
|-boost|p1a: Toxicroak|atk|2
|
|-weather|Sandstorm|[upkeep]
|-damage|p1a: Toxicroak|68/100|[from] Sandstorm
|-damage|p2a: Guroe|94/100|[from] Sandstorm
|upkeep
|turn|9
|inactive|AriaoftheStarstest has 120 seconds left.
|
|t:|1623305278
|move|p1a: Toxicroak|Gunk Shot|p2a: Guroe
|-resisted|p2a: Guroe
|-damage|p2a: Guroe|52/100
|-status|p2a: Guroe|psn
|-damage|p1a: Toxicroak|58/100|[from] item: Life Orb
|move|p2a: Guroe|Roar|p1a: Toxicroak
|drag|p1a: Jynx|Jynx, F|100/100
|
|-weather|Sandstorm|[upkeep]
|-damage|p1a: Jynx|95/100|[from] Sandstorm
|-damage|p2a: Guroe|46/100 psn|[from] Sandstorm
|-damage|p2a: Guroe|34/100 psn|[from] psn
|upkeep
|turn|10
|inactive|AriaoftheStarstest has 120 seconds left.
|inactive|AriaoftheStarstest has 90 seconds left.
|
|t:|1623305330
|switch|p2a: Mecha-Mickey|Togedemaru, L1, M|17/100
|move|p1a: Jynx|Psychic|p2a: Mecha-Mickey
|-resisted|p2a: Mecha-Mickey
|-damage|p2a: Mecha-Mickey|0 fnt
|faint|p2a: Mecha-Mickey
|
|-weather|none
|upkeep
|
|t:|1623305349
|switch|p2a: Purple Majesty|Gigalith, M, shiny|87/100
|-weather|Sandstorm|[from] ability: Sand Stream|[of] p2a: Purple Majesty
|turn|11
|inactive|AriaoftheStarstest has 90 seconds left.
|
|t:|1623305361
|switch|p1a: Togedemaru|Togedemaru, F|100/100
|move|p2a: Purple Majesty|Stealth Rock|p1a: Togedemaru
|-sidestart|p1: AriaoftheStarstest|move: Stealth Rock
|
|-weather|Sandstorm|[upkeep]
|upkeep
|turn|12
|
|t:|1623305368
|move|p1a: Togedemaru|Spiky Shield|p1a: Togedemaru
|-singleturn|p1a: Togedemaru|move: Protect
|move|p2a: Purple Majesty|Earthquake|p1a: Togedemaru
|-activate|p1a: Togedemaru|move: Protect
|
|-weather|Sandstorm|[upkeep]
|upkeep
|turn|13
|inactive|AriaoftheStarstest has 90 seconds left.
|
|t:|1623305387
|switch|p1a: Ludicolo|Ludicolo, M|95/100
|-damage|p1a: Ludicolo|82/100|[from] Stealth Rock
|switch|p2a: Squilly|Qwilfish, M|40/100
|-ability|p2a: Squilly|Intimidate|boost
|-unboost|p1a: Ludicolo|atk|1
|
|-weather|Sandstorm|[upkeep]
|-damage|p2a: Squilly|34/100|[from] Sandstorm
|-damage|p1a: Ludicolo|76/100|[from] Sandstorm
|-heal|p2a: Squilly|40/100|[from] item: Black Sludge
|upkeep
|turn|14
|inactive|AriaoftheStarstest has 90 seconds left.
|
|t:|1623305399
|switch|p1a: Toxicroak|Toxicroak, M|58/100
|-damage|p1a: Toxicroak|52/100|[from] Stealth Rock
|move|p2a: Squilly|Poison Jab|p1a: Toxicroak
|-resisted|p1a: Toxicroak
|-damage|p1a: Toxicroak|30/100
|
|-weather|Sandstorm|[upkeep]
|-damage|p1a: Toxicroak|24/100|[from] Sandstorm
|-damage|p2a: Squilly|34/100|[from] Sandstorm
|-heal|p2a: Squilly|40/100|[from] item: Black Sludge
|upkeep
|turn|15
|inactive|AriaoftheStarstest has 90 seconds left.
|
|t:|1623305414
|move|p1a: Toxicroak|Drain Punch|p2a: Squilly
|-resisted|p2a: Squilly
|-damage|p2a: Squilly|13/100
|-heal|p1a: Toxicroak|39/100|[from] drain|[of] p2a: Squilly
|-damage|p1a: Toxicroak|29/100|[from] item: Life Orb
|move|p2a: Squilly|Toxic Spikes|p1a: Toxicroak
|-sidestart|p1: AriaoftheStarstest|move: Toxic Spikes
|
|-weather|Sandstorm|[upkeep]
|-damage|p2a: Squilly|7/100|[from] Sandstorm
|-damage|p1a: Toxicroak|23/100|[from] Sandstorm
|-heal|p2a: Squilly|13/100|[from] item: Black Sludge
|upkeep
|turn|16
|inactive|AriaoftheStarstest has 90 seconds left.
|
|t:|1623305427
|switch|p2a: Guroe|Silvally-Ghost|34/100 psn
|switch|p1a: Xatu|Xatu, F|100/100
|-damage|p1a: Xatu|76/100|[from] Stealth Rock
|
|-weather|Sandstorm|[upkeep]
|-damage|p2a: Guroe|27/100 psn|[from] Sandstorm
|-damage|p1a: Xatu|70/100|[from] Sandstorm
|-heal|p1a: Xatu|76/100|[from] item: Leftovers
|-damage|p2a: Guroe|15/100 psn|[from] psn
|upkeep
|turn|17
|inactive|AriaoftheStarstest has 90 seconds left.
|
|t:|1623305439
|switch|p1a: Togedemaru|Togedemaru, F|100/100
|-damage|p1a: Togedemaru|95/100|[from] Stealth Rock
|move|p2a: Guroe|Rest|p2a: Guroe
|-status|p2a: Guroe|slp|[from] move: Rest
|-heal|p2a: Guroe|100/100 slp|[silent]
|
|-weather|Sandstorm|[upkeep]
|-damage|p2a: Guroe|94/100 slp|[from] Sandstorm
|upkeep
|turn|18
|inactive|AriaoftheStarstest has 90 seconds left.
|
|t:|1623305454
|move|p1a: Togedemaru|Wish|p1a: Togedemaru
|cant|p2a: Guroe|slp
|move|p2a: Guroe|Sleep Talk|p2a: Guroe
|move|p2a: Guroe|Roar|p1a: Togedemaru|[from]move: Sleep Talk
|drag|p1a: Toxicroak|Toxicroak, M|23/100
|-sideend|p1: AriaoftheStarstest|move: Toxic Spikes|[of] p1a: Toxicroak
|-damage|p1a: Toxicroak|17/100|[from] Stealth Rock
|
|-weather|none
|upkeep
|turn|19
|
|t:|1623305468
|move|p1a: Toxicroak|Sucker Punch||[still]
|-fail|p1a: Toxicroak
|cant|p2a: Guroe|slp
|move|p2a: Guroe|Sleep Talk|p2a: Guroe
|move|p2a: Guroe|Roar|p1a: Toxicroak|[from]move: Sleep Talk
|drag|p1a: Ludicolo|Ludicolo, M|76/100
|-damage|p1a: Ludicolo|64/100|[from] Stealth Rock
|
|-heal|p1a: Ludicolo|100/100|[from] move: Wish|[wisher] Togedemaru
|upkeep
|turn|20
|
|t:|1623305481
|-curestatus|p2a: Guroe|slp|[msg]
|move|p2a: Guroe|Multi-Attack|p1a: Ludicolo
|-damage|p1a: Ludicolo|34/100
|move|p1a: Ludicolo|Giga Drain|p2a: Guroe
|-damage|p2a: Guroe|62/100
|-heal|p1a: Ludicolo|54/100|[from] drain|[of] p2a: Guroe
|
|upkeep
|turn|21
|
|t:|1623305490
|switch|p1a: Togedemaru|Togedemaru, F|95/100
|-damage|p1a: Togedemaru|89/100|[from] Stealth Rock
|move|p2a: Guroe|Multi-Attack|p1a: Togedemaru
|-damage|p1a: Togedemaru|46/100
|-damage|p2a: Guroe|50/100|[from] ability: Iron Barbs|[of] p1a: Togedemaru
|-damage|p2a: Guroe|33/100|[from] item: Rocky Helmet|[of] p1a: Togedemaru
|
|upkeep
|turn|22
|inactive|AriaoftheStarstest has 90 seconds left.
|
|t:|1623305502
|move|p1a: Togedemaru|Wish|p1a: Togedemaru
|move|p2a: Guroe|Rest|p2a: Guroe
|-status|p2a: Guroe|slp|[from] move: Rest
|-heal|p2a: Guroe|100/100 slp|[silent]
|
|upkeep
|turn|23
|inactive|AriaoftheStarstest has 90 seconds left.
|
|t:|1623305513
|move|p1a: Togedemaru|Iron Head|p2a: Guroe
|-damage|p2a: Guroe|84/100 slp
|cant|p2a: Guroe|slp
|move|p2a: Guroe|Sleep Talk|p2a: Guroe
|move|p2a: Guroe|Rest||[from]move: Sleep Talk|[still]
|-fail|p2a: Guroe
|
|-heal|p1a: Togedemaru|96/100|[from] move: Wish|[wisher] Togedemaru
|upkeep
|turn|24
|inactive|AriaoftheStarstest has 90 seconds left.
|
|t:|1623305522
|move|p1a: Togedemaru|Wish|p1a: Togedemaru
|cant|p2a: Guroe|slp
|move|p2a: Guroe|Sleep Talk|p2a: Guroe
|move|p2a: Guroe|Rest||[from]move: Sleep Talk|[still]
|-fail|p2a: Guroe
|
|upkeep
|turn|25
|
|t:|1623305529
|move|p1a: Togedemaru|Iron Head|p2a: Guroe
|-damage|p2a: Guroe|67/100 slp
|-curestatus|p2a: Guroe|slp|[msg]
|move|p2a: Guroe|Roar|p1a: Togedemaru
|drag|p1a: Ludicolo|Ludicolo, M|54/100
|-damage|p1a: Ludicolo|42/100|[from] Stealth Rock
|
|-heal|p1a: Ludicolo|94/100|[from] move: Wish|[wisher] Togedemaru
|upkeep
|turn|26
|inactive|AriaoftheStarstest has 90 seconds left.
|
|t:|1623305562
|move|p2a: Guroe|Multi-Attack|p1a: Ludicolo
|-damage|p1a: Ludicolo|34/100
|move|p1a: Ludicolo|Giga Drain|p2a: Guroe
|-damage|p2a: Guroe|34/100
|-heal|p1a: Ludicolo|54/100|[from] drain|[of] p2a: Guroe
|
|upkeep
|turn|27
|
|t:|1623305571
|switch|p1a: Togedemaru|Togedemaru, F|96/100
|-damage|p1a: Togedemaru|90/100|[from] Stealth Rock
|move|p2a: Guroe|Multi-Attack|p1a: Togedemaru
|-damage|p1a: Togedemaru|50/100
|-damage|p2a: Guroe|21/100|[from] ability: Iron Barbs|[of] p1a: Togedemaru
|-damage|p2a: Guroe|5/100|[from] item: Rocky Helmet|[of] p1a: Togedemaru
|
|upkeep
|turn|28
|
|t:|1623305581
|switch|p2a: Purple Majesty|Gigalith, M, shiny|87/100
|-weather|Sandstorm|[from] ability: Sand Stream|[of] p2a: Purple Majesty
|move|p1a: Togedemaru|Wish|p1a: Togedemaru
|
|-weather|Sandstorm|[upkeep]
|upkeep
|turn|29
|inactive|AriaoftheStarstest has 90 seconds left.
|
|t:|1623305590
|move|p1a: Togedemaru|Spiky Shield|p1a: Togedemaru
|-singleturn|p1a: Togedemaru|move: Protect
|move|p2a: Purple Majesty|Earthquake|p1a: Togedemaru
|-activate|p1a: Togedemaru|move: Protect
|
|-weather|Sandstorm|[upkeep]
|-heal|p1a: Togedemaru|99/100|[from] move: Wish|[wisher] Togedemaru
|upkeep
|turn|30
|inactive|AriaoftheStarstest has 90 seconds left.
|
|t:|1623305616
|switch|p1a: Toxicroak|Toxicroak, M|17/100
|-damage|p1a: Toxicroak|11/100|[from] Stealth Rock
|switch|p2a: Guroe|Silvally-Ghost|5/100
|
|-weather|Sandstorm|[upkeep]
|-damage|p1a: Toxicroak|4/100|[from] Sandstorm
|-damage|p2a: Guroe|0 fnt|[from] Sandstorm
|faint|p2a: Guroe
|upkeep
|
|t:|1623305621
|switch|p2a: Baby Blue|Sandslash, M, shiny|100/100
|turn|31
|
|t:|1623305631
|move|p2a: Baby Blue|Rapid Spin|p1a: Toxicroak
|-damage|p1a: Toxicroak|0 fnt
|-boost|p2a: Baby Blue|spe|1
|faint|p1a: Toxicroak
|
|-weather|Sandstorm|[upkeep]
|upkeep
|
|t:|1623305645
|switch|p1a: Xatu|Xatu, F|76/100
|-damage|p1a: Xatu|51/100|[from] Stealth Rock
|turn|32
|
|t:|1623305650
|move|p2a: Baby Blue|Swords Dance|p2a: Baby Blue
|-boost|p2a: Baby Blue|atk|2
|move|p1a: Xatu|Roost|p1a: Xatu
|-heal|p1a: Xatu|100/100
|-singleturn|p1a: Xatu|move: Roost
|
|-weather|Sandstorm|[upkeep]
|-damage|p1a: Xatu|95/100|[from] Sandstorm
|-heal|p1a: Xatu|100/100|[from] item: Leftovers
|upkeep
|turn|33
|inactive|AriaoftheStarstest has 90 seconds left.
|
|t:|1623305661
|move|p2a: Baby Blue|Rapid Spin|p1a: Xatu
|-damage|p1a: Xatu|53/100
|-boost|p2a: Baby Blue|spe|1
|move|p1a: Xatu|Toxic|p2a: Baby Blue
|-status|p2a: Baby Blue|tox
|-enditem|p2a: Baby Blue|Lum Berry|[eat]
|-curestatus|p2a: Baby Blue|tox|[msg]
|
|-weather|Sandstorm|[upkeep]
|-damage|p1a: Xatu|47/100|[from] Sandstorm
|-heal|p1a: Xatu|53/100|[from] item: Leftovers
|upkeep
|turn|34
|inactive|AriaoftheStarstest has 90 seconds left.
|
|t:|1623305672
|move|p2a: Baby Blue|Knock Off|p1a: Xatu
|-supereffective|p1a: Xatu
|-damage|p1a: Xatu|0 fnt
|-enditem|p1a: Xatu|Leftovers|[from] move: Knock Off|[of] p2a: Baby Blue
|faint|p1a: Xatu
|
|-weather|Sandstorm|[upkeep]
|upkeep
|
|t:|1623305678
|switch|p1a: Togedemaru|Togedemaru, F|99/100
|-damage|p1a: Togedemaru|94/100|[from] Stealth Rock
|turn|35
|
|t:|1623305682
|move|p1a: Togedemaru|Spiky Shield|p1a: Togedemaru
|-singleturn|p1a: Togedemaru|move: Protect
|move|p2a: Baby Blue|Earthquake|p1a: Togedemaru
|-activate|p1a: Togedemaru|move: Protect
|
|-weather|none
|upkeep
|turn|36
|
|t:|1623305696
|switch|p1a: Jynx|Jynx, F|95/100
|-damage|p1a: Jynx|70/100|[from] Stealth Rock
|move|p2a: Baby Blue|Earthquake|p1a: Jynx
|-damage|p1a: Jynx|0 fnt
|faint|p1a: Jynx
|
|upkeep
|
|t:|1623305704
|switch|p1a: Ludicolo|Ludicolo, M|54/100
|-damage|p1a: Ludicolo|42/100|[from] Stealth Rock
|turn|37
|
|t:|1623305708
|move|p2a: Baby Blue|Knock Off|p1a: Ludicolo
|-damage|p1a: Ludicolo|0 fnt
|-enditem|p1a: Ludicolo|Damp Rock|[from] move: Knock Off|[of] p2a: Baby Blue
|faint|p1a: Ludicolo
|
|upkeep
|c|☆AriaoftheStarstest|gg
|
|t:|1623305713
|switch|p1a: Togedemaru|Togedemaru, F|94/100
|-damage|p1a: Togedemaru|88/100|[from] Stealth Rock
|turn|38
|c|☆Bigkevinm84|gg
|
|t:|1623305728
|move|p2a: Baby Blue|Earthquake|p1a: Togedemaru
|-supereffective|p1a: Togedemaru
|-damage|p1a: Togedemaru|0 fnt
|faint|p1a: Togedemaru
|
|win|Bigkevinm84
|raw|AriaoftheStarstest's rating: 1238 &rarr; <strong>1225</strong><br />(-13 for losing)
|raw|Bigkevinm84's rating: 1422 &rarr; <strong>1432</strong><br />(+10 for winning)
