|j|☆JoJo Reference #11
|j|☆andy1510
|t:|1666324604
|gametype|singles
|player|p1|JoJo Reference #11|169|1283
|player|p2|andy1510|youngster-gen4dp|1103
|teamsize|p1|6
|teamsize|p2|6
|gen|8
|tier|[Gen 8] PU
|rated|
|rule|Sleep Clause Mod: Limit one foe put to sleep
|rule|Species Clause: Limit one of each Pokémon
|rule|OHKO Clause: OHKO moves are banned
|rule|Evasion Items Clause: Evasion items are banned
|rule|Evasion Moves Clause: Evasion moves are banned
|rule|Endless Battle Clause: Forcing endless battles is banned
|rule|HP Percentage Mod: HP is shown in percentages
|rule|Dynamax Clause: You cannot dynamax
|clearpoke
|poke|p1|Ludicolo, M|
|poke|p1|Meowstic, M|
|poke|p1|Jolteon, F|
|poke|p1|Kabutops, M|
|poke|p1|Sableye, M|
|poke|p1|Arctovish|
|poke|p2|Pincurchin, F|
|poke|p2|Galvantula, M|
|poke|p2|Jolteon, M|
|poke|p2|Lickitung, F|
|poke|p2|Pikachu, F|
|poke|p2|Boltund, M|
|teampreview
|c|☆andy1510|Nice rain team.
|
|t:|1666324613
|start
|switch|p1a: Jolteon|Jolteon, F|100/100
|switch|p2a: Galvantula|Galvantula, M|100/100
|turn|1
|c|☆JoJo Reference #11|thanks
|
|t:|1666324618
|move|p1a: Jolteon|Shadow Ball|p2a: Galvantula
|-damage|p2a: Galvantula|46/100
|-damage|p1a: Jolteon|91/100|[from] item: Life Orb
|move|p2a: Galvantula|Sticky Web|p1a: Jolteon
|-sidestart|p1: JoJo Reference #11|move: Sticky Web
|
|upkeep
|turn|2
|
|t:|1666324625
|switch|p2a: Lickitung|Lickitung, F|100/100
|-ability|p2a: Lickitung|Cloud Nine
|move|p1a: Jolteon|Shadow Ball|p2a: Lickitung
|-immune|p2a: Lickitung
|
|upkeep
|turn|3
|
|t:|1666324636
|move|p2a: Lickitung|Protect|p2a: Lickitung
|-singleturn|p2a: Lickitung|Protect
|move|p1a: Jolteon|Volt Switch|p2a: Lickitung
|-activate|p2a: Lickitung|move: Protect
|
|upkeep
|turn|4
|
|t:|1666324645
|switch|p2a: Pincurchin|Pincurchin, F|100/100
|-fieldstart|move: Electric Terrain|[from] ability: Electric Surge|[of] p2a: Pincurchin
|move|p1a: Jolteon|Volt Switch|p2a: Pincurchin
|-resisted|p2a: Pincurchin
|-damage|p2a: Pincurchin|65/100
|-damage|p1a: Jolteon|81/100|[from] item: Life Orb
|
|t:|1666324653
|switch|p1a: Arctovish|Arctovish|100/100|[from]move: Volt Switch
|-activate|p1a: Arctovish|move: Sticky Web
|-unboost|p1a: Arctovish|spe|1
|
|upkeep
|turn|5
|
|t:|1666324660
|move|p1a: Arctovish|Fishious Rend|p2a: Pincurchin
|-damage|p2a: Pincurchin|0 fnt
|faint|p2a: Pincurchin
|
|upkeep
|
|t:|1666324670
|switch|p2a: Pikachu|Pikachu, F|100/100
|turn|6
|
|t:|1666324674
|switch|p1a: Jolteon|Jolteon, F|81/100
|-activate|p1a: Jolteon|move: Sticky Web
|-unboost|p1a: Jolteon|spe|1
|move|p2a: Pikachu|Rising Voltage|p1a: Jolteon
|-heal|p1a: Jolteon|100/100|[from] ability: Volt Absorb|[of] p2a: Pikachu
|
|upkeep
|turn|7
|
|t:|1666324686
|switch|p1a: Sableye|Sableye, M|100/100
|-activate|p1a: Sableye|move: Sticky Web
|-unboost|p1a: Sableye|spe|1
|move|p2a: Pikachu|Knock Off|p1a: Sableye
|-damage|p1a: Sableye|74/100
|-enditem|p1a: Sableye|Damp Rock|[from] move: Knock Off|[of] p2a: Pikachu
|
|upkeep
|turn|8
|
|t:|1666324695
|move|p1a: Sableye|Rain Dance|p1a: Sableye
|-weather|RainDance
|move|p2a: Pikachu|Surf|p1a: Sableye
|-damage|p1a: Sableye|0 fnt
|faint|p1a: Sableye
|
|-weather|RainDance|[upkeep]
|upkeep
|
|t:|1666324701
|switch|p1a: Kabutops|Kabutops, M|100/100
|turn|9
|
|t:|1666324710
|move|p1a: Kabutops|Liquidation|p2a: Pikachu
|-damage|p2a: Pikachu|0 fnt
|faint|p2a: Pikachu
|
|-weather|RainDance|[upkeep]
|upkeep
|
|t:|1666324715
|switch|p2a: Lickitung|Lickitung, F|100/100
|-ability|p2a: Lickitung|Cloud Nine
|turn|10
|
|t:|1666324719
|move|p1a: Kabutops|Rapid Spin|p2a: Lickitung
|-damage|p2a: Lickitung|89/100
|-boost|p1a: Kabutops|spe|1
|-sideend|p1: JoJo Reference #11|Sticky Web|[from] move: Rapid Spin|[of] p1a: Kabutops
|move|p2a: Lickitung|Toxic|p1a: Kabutops
|-status|p1a: Kabutops|tox
|
|-weather|RainDance|[upkeep]
|-damage|p1a: Kabutops|94/100 tox|[from] psn
|upkeep
|turn|11
|
|t:|1666324727
|move|p1a: Kabutops|Swords Dance|p1a: Kabutops
|-boost|p1a: Kabutops|atk|2
|move|p2a: Lickitung|Body Press|p1a: Kabutops
|-supereffective|p1a: Kabutops
|-damage|p1a: Kabutops|43/100 tox
|
|-weather|RainDance|[upkeep]
|-damage|p1a: Kabutops|31/100 tox|[from] psn
|-fieldend|move: Electric Terrain
|upkeep
|turn|12
|
|t:|1666324735
|move|p1a: Kabutops|Stone Edge|p2a: Lickitung
|-damage|p2a: Lickitung|27/100
|move|p2a: Lickitung|Wish|p2a: Lickitung
|
|-weather|none
|-damage|p1a: Kabutops|12/100 tox|[from] psn
|upkeep
|turn|13
|
|t:|1666324741
|switch|p1a: Meowstic|Meowstic, M|100/100
|move|p2a: Lickitung|Protect||[still]
|-fail|p2a: Lickitung
|
|-heal|p2a: Lickitung|77/100|[from] move: Wish|[wisher] Lickitung
|upkeep
|turn|14
|
|t:|1666324750
|switch|p2a: Galvantula|Galvantula, M|46/100
|move|p1a: Meowstic|Rain Dance|p1a: Meowstic
|-weather|RainDance
|
|-weather|RainDance|[upkeep]
|upkeep
|turn|15
|
|t:|1666324757
|switch|p1a: Arctovish|Arctovish|100/100
|move|p2a: Galvantula|Thunder|p1a: Arctovish
|-supereffective|p1a: Arctovish
|-damage|p1a: Arctovish|0 fnt
|faint|p1a: Arctovish
|
|-weather|RainDance|[upkeep]
|upkeep
|
|t:|1666324762
|switch|p1a: Jolteon|Jolteon, F|100/100
|turn|16
|c|☆andy1510|The synergy between my electric team and your rain team is interesting.
|
|t:|1666324779
|move|p1a: Jolteon|Thunder|p2a: Galvantula
|-resisted|p2a: Galvantula
|-damage|p2a: Galvantula|0 fnt
|faint|p2a: Galvantula
|-damage|p1a: Jolteon|91/100|[from] item: Life Orb
|
|-weather|RainDance|[upkeep]
|upkeep
|
|t:|1666324787
|switch|p2a: Lickitung|Lickitung, F|77/100
|-ability|p2a: Lickitung|Cloud Nine
|turn|17
|
|t:|1666324794
|move|p1a: Jolteon|Thunder|p2a: Lickitung
|-damage|p2a: Lickitung|31/100
|-damage|p1a: Jolteon|81/100|[from] item: Life Orb
|move|p2a: Lickitung|Toxic|p1a: Jolteon|[miss]
|-miss|p2a: Lickitung|p1a: Jolteon
|
|-weather|RainDance|[upkeep]
|upkeep
|turn|18
|c|☆andy1510|Balls on walls.
|
|t:|1666324804
|move|p2a: Lickitung|Protect|p2a: Lickitung
|-singleturn|p2a: Lickitung|Protect
|move|p1a: Jolteon|Thunder|p2a: Lickitung
|-activate|p2a: Lickitung|move: Protect
|
|-weather|RainDance|[upkeep]
|upkeep
|turn|19
|c|☆JoJo Reference #11|oh yeah
|
|t:|1666324816
|switch|p2a: Jolteon|Jolteon, M|100/100
|move|p1a: Jolteon|Thunder|p2a: Jolteon
|-resisted|p2a: Jolteon
|-damage|p2a: Jolteon|59/100
|-damage|p1a: Jolteon|71/100|[from] item: Life Orb
|
|-weather|RainDance|[upkeep]
|upkeep
|turn|20
|
|t:|1666324828
|move|p1a: Jolteon|Weather Ball|p2a: Jolteon
|-damage|p2a: Jolteon|0 fnt
|faint|p2a: Jolteon
|-damage|p1a: Jolteon|61/100|[from] item: Life Orb
|
|-weather|RainDance|[upkeep]
|upkeep
|
|t:|1666324835
|switch|p2a: Lickitung|Lickitung, F|31/100
|-ability|p2a: Lickitung|Cloud Nine
|turn|21
|
|t:|1666324840
|move|p2a: Lickitung|Protect|p2a: Lickitung
|-singleturn|p2a: Lickitung|Protect
|move|p1a: Jolteon|Thunder|p2a: Lickitung
|-activate|p2a: Lickitung|move: Protect
|
|-weather|none
|upkeep
|turn|22
|
|t:|1666324846
|move|p1a: Jolteon|Thunder|p2a: Lickitung
|-damage|p2a: Lickitung|0 fnt
|faint|p2a: Lickitung
|-damage|p1a: Jolteon|51/100|[from] item: Life Orb
|
|upkeep
|
|t:|1666324851
|switch|p2a: Boltund|Boltund, M|100/100
|turn|23
|
|t:|1666324857
|move|p1a: Jolteon|Volt Switch|p2a: Boltund
|-resisted|p2a: Boltund
|-damage|p2a: Boltund|61/100
|-damage|p1a: Jolteon|41/100|[from] item: Life Orb
|
|t:|1666324859
|switch|p1a: Kabutops|Kabutops, M|12/100 tox|[from]move: Volt Switch
|move|p2a: Boltund|Hyper Voice|p1a: Kabutops
|-resisted|p1a: Kabutops
|-damage|p1a: Kabutops|0 fnt
|faint|p1a: Kabutops
|
|upkeep
|
|t:|1666324861
|switch|p1a: Meowstic|Meowstic, M|100/100
|turn|24
|
|t:|1666324869
|move|p1a: Meowstic|Rain Dance|p1a: Meowstic
|-weather|RainDance
|move|p2a: Boltund|Hyper Voice|p1a: Meowstic
|-damage|p1a: Meowstic|56/100
|
|-weather|RainDance|[upkeep]
|upkeep
|turn|25
|
|t:|1666324877
|switch|p1a: Jolteon|Jolteon, F|41/100
|move|p2a: Boltund|Hyper Voice|p1a: Jolteon
|-damage|p1a: Jolteon|0 fnt
|faint|p1a: Jolteon
|
|-weather|RainDance|[upkeep]
|upkeep
|
|t:|1666324878
|switch|p1a: Ludicolo|Ludicolo, M|100/100
|turn|26
|
|t:|1666324886
|move|p1a: Ludicolo|Weather Ball|p2a: Boltund
|-damage|p2a: Boltund|0 fnt
|faint|p2a: Boltund
|-damage|p1a: Ludicolo|91/100|[from] item: Life Orb
|
|win|JoJo Reference #11
|raw|JoJo Reference #11's rating: 1283 &rarr; <strong>1296</strong><br />(+13 for winning)
|raw|andy1510's rating: 1103 &rarr; <strong>1090</strong><br />(-13 for losing)
|c|☆JoJo Reference #11|ggs
|c|☆andy1510|Good game.
