|j|☆PULT4C1 turt
|j|☆pult4c1 shane
|t:|1660736163
|gametype|singles
|player|p1|PULT4C1 turt|lucas|1467
|player|p2|pult4c1 shane|veteran|1450
|teamsize|p1|6
|teamsize|p2|6
|gen|8
|tier|[Gen 8] PU
|rated|
|rule|Sleep Clause Mod: Limit one foe put to sleep
|rule|Species Clause: Limit one of each Pokémon
|rule|OHKO Clause: OHKO moves are banned
|rule|Evasion Items Clause: Evasion items are banned
|rule|Evasion Moves Clause: Evasion moves are banned
|rule|Endless Battle Clause: Forcing endless battles is banned
|rule|HP Percentage Mod: HP is shown in percentages
|rule|Dynamax Clause: You cannot dynamax
|clearpoke
|poke|p1|Cofagrigus, M|
|poke|p1|Weezing, F|
|poke|p1|Sandslash, M|
|poke|p1|Ferroseed, M|
|poke|p1|Archeops, M|
|poke|p1|Ribombee, F|
|poke|p2|Sandslash, M|
|poke|p2|Gigalith, M|
|poke|p2|Eldegoss, F|
|poke|p2|Basculin, M|
|poke|p2|Scyther, F|
|poke|p2|Weezing, M|
|teampreview
|inactive|Battle timer is ON: inactive players will automatically lose when time's up. (requested by pult4c1 shane)
|inactive|PULT4C1 turt also wants the timer to be on.
|c|☆PULT4C1 turt|Hf
|c|☆pult4c1 shane|same
|inactive|pult4c1 shane has 120 seconds left.
|
|t:|1660736200
|start
|switch|p1a: Archeops|Archeops, M|100/100
|switch|p2a: Scyther|Scyther, F|100/100
|turn|1
|
|t:|1660736205
|switch|p2a: Weezing|Weezing, M|100/100
|-ability|p2a: Weezing|Neutralizing Gas
|move|p1a: Archeops|U-turn|p2a: Weezing
|-resisted|p2a: Weezing
|-damage|p2a: Weezing|92/100
|
|t:|1660736209
|switch|p1a: Cofagrigus|Cofagrigus, M|100/100|[from]move: U-turn
|
|-heal|p2a: Weezing|98/100|[from] item: Black Sludge
|upkeep
|turn|2
|j| PULT4C1 Haffling
|
|t:|1660736213
|move|p2a: Weezing|Taunt|p1a: Cofagrigus
|-start|p1a: Cofagrigus|move: Taunt
|move|p1a: Cofagrigus|Shadow Ball|p2a: Weezing
|-damage|p2a: Weezing|65/100
|-unboost|p2a: Weezing|spd|1
|
|-heal|p2a: Weezing|71/100|[from] item: Black Sludge
|upkeep
|turn|3
|
|t:|1660736220
|move|p2a: Weezing|Toxic Spikes|p1a: Cofagrigus
|-sidestart|p1: PULT4C1 turt|move: Toxic Spikes
|move|p1a: Cofagrigus|Shadow Ball|p2a: Weezing
|-damage|p2a: Weezing|20/100
|
|-heal|p2a: Weezing|26/100|[from] item: Black Sludge
|upkeep
|turn|4
|j| JAMKRE
|
|t:|1660736226
|-end|p2a: Weezing|ability: Neutralizing Gas
|switch|p2a: Gigalith|Gigalith, M|100/100
|-weather|Sandstorm|[from] ability: Sand Stream|[of] p2a: Gigalith
|move|p1a: Cofagrigus|Shadow Ball|p2a: Gigalith
|-damage|p2a: Gigalith|86/100
|
|-weather|Sandstorm|[upkeep]
|-damage|p1a: Cofagrigus|95/100|[from] Sandstorm
|-heal|p2a: Gigalith|92/100|[from] item: Leftovers
|-end|p1a: Cofagrigus|move: Taunt
|upkeep
|turn|5
|
|t:|1660736235
|move|p1a: Cofagrigus|Iron Defense|p1a: Cofagrigus
|-boost|p1a: Cofagrigus|def|2
|move|p2a: Gigalith|Stealth Rock|p1a: Cofagrigus
|-sidestart|p1: PULT4C1 turt|move: Stealth Rock
|
|-weather|Sandstorm|[upkeep]
|-damage|p1a: Cofagrigus|89/100|[from] Sandstorm
|-heal|p2a: Gigalith|98/100|[from] item: Leftovers
|upkeep
|turn|6
|
|t:|1660736237
|move|p1a: Cofagrigus|Shadow Ball|p2a: Gigalith
|-damage|p2a: Gigalith|84/100
|move|p2a: Gigalith|Toxic|p1a: Cofagrigus
|-status|p1a: Cofagrigus|tox
|
|-weather|Sandstorm|[upkeep]
|-damage|p1a: Cofagrigus|83/100 tox|[from] Sandstorm
|-heal|p2a: Gigalith|90/100|[from] item: Leftovers
|-damage|p1a: Cofagrigus|77/100 tox|[from] psn
|upkeep
|turn|7
|
|t:|1660736247
|switch|p2a: Eldegoss|Eldegoss, F|100/100
|move|p1a: Cofagrigus|Body Press|p2a: Eldegoss
|-damage|p2a: Eldegoss|59/100
|-enditem|p2a: Eldegoss|Eject Button
|j| pult4c1 uta lord
|
|t:|1660736258
|switch|p2a: Basculin|Basculin, M|100/100
|
|-weather|Sandstorm|[upkeep]
|-damage|p2a: Basculin|94/100|[from] Sandstorm
|-damage|p1a: Cofagrigus|71/100 tox|[from] Sandstorm
|-damage|p1a: Cofagrigus|59/100 tox|[from] psn
|upkeep
|turn|8
|
|t:|1660736265
|move|p2a: Basculin|Flip Turn|p1a: Cofagrigus
|-damage|p1a: Cofagrigus|44/100 tox
|-activate|p1a: Cofagrigus|ability: Mummy|Adaptability|[of] p2a: Basculin
|
|t:|1660736269
|switch|p2a: Eldegoss|Eldegoss, F|92/100|[from]move: Flip Turn
|move|p1a: Cofagrigus|Rest|p1a: Cofagrigus
|-status|p1a: Cofagrigus|slp|[from] move: Rest
|-heal|p1a: Cofagrigus|100/100 slp|[silent]
|-enditem|p1a: Cofagrigus|Chesto Berry|[eat]
|-curestatus|p1a: Cofagrigus|slp|[msg]
|
|-weather|none
|upkeep
|turn|9
|
|t:|1660736274
|switch|p1a: Ferroseed|Ferroseed, M|100/100
|-damage|p1a: Ferroseed|94/100|[from] Stealth Rock
|move|p2a: Eldegoss|Sleep Powder|p1a: Ferroseed
|-immune|p1a: Ferroseed
|
|upkeep
|turn|10
|
|t:|1660736278
|move|p2a: Eldegoss|Giga Drain|p1a: Ferroseed
|-resisted|p1a: Ferroseed
|-damage|p1a: Ferroseed|91/100
|-heal|p2a: Eldegoss|93/100|[from] drain|[of] p1a: Ferroseed
|move|p1a: Ferroseed|Spikes|p2a: Eldegoss
|-sidestart|p2: pult4c1 shane|Spikes
|
|upkeep
|turn|11
|
|t:|1660736281
|move|p2a: Eldegoss|Giga Drain|p1a: Ferroseed
|-resisted|p1a: Ferroseed
|-damage|p1a: Ferroseed|88/100
|-heal|p2a: Eldegoss|95/100|[from] drain|[of] p1a: Ferroseed
|move|p1a: Ferroseed|Gyro Ball|p2a: Eldegoss
|-damage|p2a: Eldegoss|72/100
|
|upkeep
|turn|12
|
|t:|1660736283
|move|p2a: Eldegoss|Rapid Spin|p1a: Ferroseed
|-resisted|p1a: Ferroseed
|-damage|p1a: Ferroseed|85/100
|-boost|p2a: Eldegoss|spe|1
|-damage|p2a: Eldegoss|60/100|[from] ability: Iron Barbs|[of] p1a: Ferroseed
|-sideend|p2: pult4c1 shane|Spikes|[from] move: Rapid Spin|[of] p2a: Eldegoss
|move|p1a: Ferroseed|Leech Seed|p2a: Eldegoss
|-immune|p2a: Eldegoss
|
|upkeep
|turn|13
|
|t:|1660736288
|switch|p2a: Weezing|Weezing, M|26/100
|-ability|p2a: Weezing|Neutralizing Gas
|move|p1a: Ferroseed|Spikes|p2a: Weezing
|-sidestart|p2: pult4c1 shane|Spikes
|
|-heal|p2a: Weezing|32/100|[from] item: Black Sludge
|upkeep
|turn|14
|
|t:|1660736294
|switch|p1a: Weezing|Weezing, F|100/100
|-ability|p1a: Weezing|Neutralizing Gas
|-sideend|p1: PULT4C1 turt|move: Toxic Spikes|[of] p1a: Weezing
|-damage|p1a: Weezing|88/100|[from] Stealth Rock
|move|p2a: Weezing|Fire Blast|p1a: Weezing
|-damage|p1a: Weezing|56/100
|
|-heal|p1a: Weezing|62/100|[from] item: Black Sludge
|-heal|p2a: Weezing|38/100|[from] item: Black Sludge
|upkeep
|turn|15
|
|t:|1660736303
|move|p1a: Weezing|Sludge Bomb|p2a: Weezing
|-resisted|p2a: Weezing
|-damage|p2a: Weezing|19/100
|move|p2a: Weezing|Will-O-Wisp|p1a: Weezing
|-status|p1a: Weezing|brn
|
|-heal|p1a: Weezing|68/100 brn|[from] item: Black Sludge
|-heal|p2a: Weezing|25/100|[from] item: Black Sludge
|-damage|p1a: Weezing|62/100 brn|[from] brn
|upkeep
|turn|16
|
|t:|1660736312
|move|p1a: Weezing|Toxic Spikes|p2a: Weezing
|-sidestart|p2: pult4c1 shane|move: Toxic Spikes
|move|p2a: Weezing|Toxic Spikes|p1a: Weezing
|-sidestart|p1: PULT4C1 turt|move: Toxic Spikes
|
|-heal|p1a: Weezing|68/100 brn|[from] item: Black Sludge
|-heal|p2a: Weezing|31/100|[from] item: Black Sludge
|-damage|p1a: Weezing|62/100 brn|[from] brn
|upkeep
|turn|17
|inactive|pult4c1 shane has 120 seconds left.
|j| PULT4C1 QiYu5
|
|t:|1660736357
|switch|p2a: Scyther|Scyther, F|100/100
|move|p1a: Weezing|Sludge Bomb|p2a: Scyther
|-damage|p2a: Scyther|63/100
|
|-heal|p1a: Weezing|68/100 brn|[from] item: Black Sludge
|-damage|p1a: Weezing|62/100 brn|[from] brn
|upkeep
|turn|18
|
|t:|1660736377
|move|p2a: Scyther|Knock Off|p1a: Weezing
|-damage|p1a: Weezing|40/100 brn
|-enditem|p1a: Weezing|Black Sludge|[from] move: Knock Off|[of] p2a: Scyther
|move|p1a: Weezing|Sludge Bomb|p2a: Scyther
|-damage|p2a: Scyther|24/100
|
|-damage|p1a: Weezing|34/100 brn|[from] brn
|upkeep
|turn|19
|
|t:|1660736392
|-end|p1a: Weezing|ability: Neutralizing Gas
|switch|p1a: Archeops|Archeops, M|100/100
|move|p2a: Scyther|U-turn|p1a: Archeops
|-resisted|p1a: Archeops
|-damage|p1a: Archeops|75/100
|
|t:|1660736410
|switch|p2a: Basculin|Basculin, M|94/100|[from]move: U-turn
|-damage|p2a: Basculin|82/100|[from] Spikes
|-status|p2a: Basculin|psn
|
|-damage|p2a: Basculin|70/100 psn|[from] psn
|upkeep
|turn|20
|l| PULT4C1 QiYu5
|
|t:|1660736424
|switch|p1a: Weezing|Weezing, F|34/100 brn
|-ability|p1a: Weezing|Neutralizing Gas
|-damage|p1a: Weezing|22/100 brn|[from] Stealth Rock
|-sideend|p1: PULT4C1 turt|move: Toxic Spikes|[of] p1a: Weezing
|move|p2a: Basculin|Flip Turn|p1a: Weezing
|-damage|p1a: Weezing|3/100 brn
|
|t:|1660736431
|switch|p2a: Weezing|Weezing, M|31/100|[from]move: Flip Turn
|-ability|p2a: Weezing|Neutralizing Gas
|-damage|p2a: Weezing|19/100|[from] Spikes
|-sideend|p2: pult4c1 shane|move: Toxic Spikes|[of] p2a: Weezing
|
|-heal|p2a: Weezing|25/100|[from] item: Black Sludge
|-damage|p1a: Weezing|0 fnt|[from] brn
|faint|p1a: Weezing
|upkeep
|l| pult4c1 uta lord
|
|t:|1660736449
|switch|p1a: Sandslash|Sandslash, M|100/100
|-damage|p1a: Sandslash|94/100|[from] Stealth Rock
|turn|21
|inactive|pult4c1 shane has 120 seconds left.
|
|t:|1660736458
|-end|p2a: Weezing|ability: Neutralizing Gas
|switch|p2a: Eldegoss|Eldegoss, F|93/100
|-damage|p2a: Eldegoss|81/100|[from] Spikes
|move|p1a: Sandslash|Stealth Rock|p2a: Eldegoss
|-sidestart|p2: pult4c1 shane|move: Stealth Rock
|
|-heal|p1a: Sandslash|100/100|[from] item: Leftovers
|upkeep
|turn|22
|
|t:|1660736466
|switch|p1a: Cofagrigus|Cofagrigus, M|100/100
|-damage|p1a: Cofagrigus|88/100|[from] Stealth Rock
|move|p2a: Eldegoss|Aromatherapy|p2a: Eldegoss
|-activate|p2a: Eldegoss|move: Aromatherapy
|-curestatus|p2: Basculin|psn|[msg]
|
|upkeep
|turn|23
|
|t:|1660736469
|move|p2a: Eldegoss|Sleep Powder|p1a: Cofagrigus|[miss]
|-miss|p2a: Eldegoss|p1a: Cofagrigus
|move|p1a: Cofagrigus|Iron Defense|p1a: Cofagrigus
|-boost|p1a: Cofagrigus|def|2
|
|upkeep
|turn|24
|
|t:|1660736472
|move|p2a: Eldegoss|Sleep Powder|p1a: Cofagrigus
|-status|p1a: Cofagrigus|slp|[from] move: Sleep Powder
|cant|p1a: Cofagrigus|slp
|
|upkeep
|turn|25
|inactive|pult4c1 shane has 120 seconds left.
|inactive|pult4c1 shane has 90 seconds left.
|
|t:|1660736533
|switch|p2a: Sandslash|Sandslash, M|100/100
|-damage|p2a: Sandslash|88/100|[from] Spikes
|-damage|p2a: Sandslash|82/100|[from] Stealth Rock
|cant|p1a: Cofagrigus|slp
|
|upkeep
|turn|26
|
|t:|1660736538
|move|p2a: Sandslash|Swords Dance|p2a: Sandslash
|-boost|p2a: Sandslash|atk|2
|cant|p1a: Cofagrigus|slp
|
|upkeep
|turn|27
|
|t:|1660736552
|move|p2a: Sandslash|Earthquake|p1a: Cofagrigus
|-damage|p1a: Cofagrigus|39/100 slp
|-damage|p2a: Sandslash|72/100|[from] item: Life Orb
|-curestatus|p1a: Cofagrigus|slp|[msg]
|move|p1a: Cofagrigus|Shadow Ball|p2a: Sandslash
|-damage|p2a: Sandslash|25/100
|
|upkeep
|turn|28
|inactive|pult4c1 shane has 90 seconds left.
|
|t:|1660736575
|switch|p1a: Sandslash|Sandslash, M|100/100
|-damage|p1a: Sandslash|94/100|[from] Stealth Rock
|move|p2a: Sandslash|Earthquake|p1a: Sandslash
|-damage|p1a: Sandslash|16/100
|-damage|p2a: Sandslash|15/100|[from] item: Life Orb
|
|-heal|p1a: Sandslash|22/100|[from] item: Leftovers
|upkeep
|turn|29
|
|t:|1660736581
|move|p2a: Sandslash|Leech Life|p1a: Sandslash
|-damage|p1a: Sandslash|0 fnt
|-heal|p2a: Sandslash|27/100|[from] drain|[of] p1a: Sandslash
|faint|p1a: Sandslash
|-damage|p2a: Sandslash|17/100|[from] item: Life Orb
|
|upkeep
|
|t:|1660736586
|switch|p1a: Archeops|Archeops, M|75/100
|turn|30
|
|t:|1660736604
|move|p1a: Archeops|Earthquake|p2a: Sandslash
|-damage|p2a: Sandslash|0 fnt
|faint|p2a: Sandslash
|
|upkeep
|inactive|pult4c1 shane has 90 seconds left.
|
|t:|1660736624
|switch|p2a: Basculin|Basculin, M|70/100
|-damage|p2a: Basculin|57/100|[from] Spikes
|-damage|p2a: Basculin|45/100|[from] Stealth Rock
|turn|31
|
|t:|1660736635
|switch|p2a: Eldegoss|Eldegoss, F|100/100
|-damage|p2a: Eldegoss|88/100|[from] Spikes
|-damage|p2a: Eldegoss|76/100|[from] Stealth Rock
|switch|p1a: Ferroseed|Ferroseed, M|85/100
|-damage|p1a: Ferroseed|79/100|[from] Stealth Rock
|
|upkeep
|turn|32
|inactive|pult4c1 shane has 90 seconds left.
|
|t:|1660736646
|switch|p1a: Cofagrigus|Cofagrigus, M|39/100
|-damage|p1a: Cofagrigus|27/100|[from] Stealth Rock
|move|p2a: Eldegoss|Rapid Spin|p1a: Cofagrigus
|-immune|p1a: Cofagrigus
|
|upkeep
|turn|33
|
|t:|1660736650
|move|p2a: Eldegoss|Sleep Powder|p1a: Cofagrigus
|-status|p1a: Cofagrigus|slp|[from] move: Sleep Powder
|cant|p1a: Cofagrigus|slp
|
|upkeep
|turn|34
|
|t:|1660736657
|switch|p1a: Ribombee|Ribombee, F|100/100
|move|p2a: Eldegoss|Giga Drain|p1a: Ribombee
|-resisted|p1a: Ribombee
|-damage|p1a: Ribombee|83/100
|-heal|p2a: Eldegoss|83/100|[from] drain|[of] p1a: Ribombee
|
|upkeep
|turn|35
|
|t:|1660736660
|move|p1a: Ribombee|Quiver Dance|p1a: Ribombee
|-boost|p1a: Ribombee|spa|1
|-boost|p1a: Ribombee|spd|1
|-boost|p1a: Ribombee|spe|1
|move|p2a: Eldegoss|Rapid Spin|p1a: Ribombee
|-damage|p1a: Ribombee|73/100
|-boost|p2a: Eldegoss|spe|1
|-sideend|p2: pult4c1 shane|Spikes|[from] move: Rapid Spin|[of] p2a: Eldegoss
|-sideend|p2: pult4c1 shane|Stealth Rock|[from] move: Rapid Spin|[of] p2a: Eldegoss
|
|upkeep
|turn|36
|
|t:|1660736663
|switch|p2a: Gigalith|Gigalith, M|90/100
|-weather|Sandstorm|[from] ability: Sand Stream|[of] p2a: Gigalith
|move|p1a: Ribombee|Moonblast|p2a: Gigalith
|-damage|p2a: Gigalith|60/100
|-unboost|p2a: Gigalith|spa|1
|
|-weather|Sandstorm|[upkeep]
|-damage|p1a: Ribombee|67/100|[from] Sandstorm
|-heal|p2a: Gigalith|66/100|[from] item: Leftovers
|upkeep
|turn|37
|
|t:|1660736668
|switch|p1a: Ferroseed|Ferroseed, M|79/100
|-damage|p1a: Ferroseed|73/100|[from] Stealth Rock
|move|p2a: Gigalith|Rock Blast|p1a: Ferroseed
|-resisted|p1a: Ferroseed
|-damage|p1a: Ferroseed|68/100
|-resisted|p1a: Ferroseed
|-damage|p1a: Ferroseed|63/100
|-hitcount|p1a: Ferroseed|2
|
|-weather|Sandstorm|[upkeep]
|-heal|p2a: Gigalith|72/100|[from] item: Leftovers
|upkeep
|turn|38
|
|t:|1660736683
|switch|p2a: Eldegoss|Eldegoss, F|100/100
|move|p1a: Ferroseed|Spikes|p2a: Eldegoss
|-sidestart|p2: pult4c1 shane|Spikes
|
|-weather|Sandstorm|[upkeep]
|-damage|p2a: Eldegoss|94/100|[from] Sandstorm
|upkeep
|turn|39
|
|t:|1660736700
|switch|p1a: Ribombee|Ribombee, F|67/100
|move|p2a: Eldegoss|Giga Drain|p1a: Ribombee
|-resisted|p1a: Ribombee
|-damage|p1a: Ribombee|48/100
|-heal|p2a: Eldegoss|100/100|[from] drain|[of] p1a: Ribombee
|
|-weather|Sandstorm|[upkeep]
|-damage|p1a: Ribombee|42/100|[from] Sandstorm
|-damage|p2a: Eldegoss|94/100|[from] Sandstorm
|upkeep
|turn|40
|
|t:|1660736707
|move|p1a: Ribombee|Quiver Dance|p1a: Ribombee
|-boost|p1a: Ribombee|spa|1
|-boost|p1a: Ribombee|spd|1
|-boost|p1a: Ribombee|spe|1
|move|p2a: Eldegoss|Rapid Spin|p1a: Ribombee
|-damage|p1a: Ribombee|32/100
|-boost|p2a: Eldegoss|spe|1
|-sideend|p2: pult4c1 shane|Spikes|[from] move: Rapid Spin|[of] p2a: Eldegoss
|
|-weather|none
|upkeep
|turn|41
|
|t:|1660736714
|switch|p2a: Gigalith|Gigalith, M|72/100
|-weather|Sandstorm|[from] ability: Sand Stream|[of] p2a: Gigalith
|move|p1a: Ribombee|Moonblast|p2a: Gigalith
|-damage|p2a: Gigalith|42/100
|
|-weather|Sandstorm|[upkeep]
|-damage|p1a: Ribombee|26/100|[from] Sandstorm
|-heal|p2a: Gigalith|48/100|[from] item: Leftovers
|upkeep
|turn|42
|
|t:|1660736721
|switch|p1a: Ferroseed|Ferroseed, M|63/100
|-damage|p1a: Ferroseed|57/100|[from] Stealth Rock
|move|p2a: Gigalith|Earthquake|p1a: Ferroseed
|-damage|p1a: Ferroseed|31/100
|
|-weather|Sandstorm|[upkeep]
|-heal|p2a: Gigalith|54/100|[from] item: Leftovers
|upkeep
|turn|43
|
|t:|1660736744
|switch|p2a: Eldegoss|Eldegoss, F|100/100
|switch|p1a: Archeops|Archeops, M|75/100
|
|-weather|Sandstorm|[upkeep]
|-damage|p2a: Eldegoss|94/100|[from] Sandstorm
|upkeep
|turn|44
|inactive|pult4c1 shane has 120 seconds left.
|
|t:|1660736764
|switch|p2a: Scyther|Scyther, F|24/100
|move|p1a: Archeops|U-turn|p2a: Scyther
|-resisted|p2a: Scyther
|-damage|p2a: Scyther|5/100
|
|t:|1660736789
|switch|p1a: Ribombee|Ribombee, F|26/100|[from]move: U-turn
|
|-weather|Sandstorm|[upkeep]
|-damage|p1a: Ribombee|20/100|[from] Sandstorm
|-damage|p2a: Scyther|0 fnt|[from] Sandstorm
|faint|p2a: Scyther
|upkeep
|
|t:|1660736795
|switch|p2a: Basculin|Basculin, M|45/100
|turn|45
|
|t:|1660736802
|switch|p1a: Cofagrigus|Cofagrigus, M|27/100 slp
|-damage|p1a: Cofagrigus|15/100 slp|[from] Stealth Rock
|move|p2a: Basculin|Flip Turn|p1a: Cofagrigus
|-damage|p1a: Cofagrigus|0 fnt
|-activate|p1a: Cofagrigus|ability: Mummy|Adaptability|[of] p2a: Basculin
|faint|p1a: Cofagrigus
|
|t:|1660736810
|switch|p2a: Eldegoss|Eldegoss, F|100/100|[from]move: Flip Turn
|
|-weather|none
|upkeep
|l| JAMKRE
|
|t:|1660736815
|switch|p1a: Ribombee|Ribombee, F|20/100
|turn|46
|
|t:|1660736818
|switch|p2a: Gigalith|Gigalith, M|54/100
|-weather|Sandstorm|[from] ability: Sand Stream|[of] p2a: Gigalith
|move|p1a: Ribombee|Roost|p1a: Ribombee
|-heal|p1a: Ribombee|70/100
|-singleturn|p1a: Ribombee|move: Roost
|
|-weather|Sandstorm|[upkeep]
|-damage|p1a: Ribombee|64/100|[from] Sandstorm
|-heal|p2a: Gigalith|60/100|[from] item: Leftovers
|upkeep
|turn|47
|
|t:|1660736821
|switch|p1a: Ferroseed|Ferroseed, M|31/100
|-damage|p1a: Ferroseed|25/100|[from] Stealth Rock
|move|p2a: Gigalith|Rock Blast|p1a: Ferroseed
|-resisted|p1a: Ferroseed
|-damage|p1a: Ferroseed|20/100
|-resisted|p1a: Ferroseed
|-damage|p1a: Ferroseed|16/100
|-hitcount|p1a: Ferroseed|2
|
|-weather|Sandstorm|[upkeep]
|-heal|p2a: Gigalith|66/100|[from] item: Leftovers
|upkeep
|turn|48
|
|t:|1660736829
|switch|p1a: Ribombee|Ribombee, F|64/100
|move|p2a: Gigalith|Earthquake|p1a: Ribombee
|-resisted|p1a: Ribombee
|-damage|p1a: Ribombee|38/100
|
|-weather|Sandstorm|[upkeep]
|-damage|p1a: Ribombee|32/100|[from] Sandstorm
|-heal|p2a: Gigalith|72/100|[from] item: Leftovers
|upkeep
|turn|49
|c|☆PULT4C1 turt|Gg
|-message|PULT4C1 turt forfeited.
|
|win|pult4c1 shane
|raw|PULT4C1 turt's rating: 1475 &rarr; <strong>1454</strong><br />(-21 for losing)
|raw|pult4c1 shane's rating: 1450 &rarr; <strong>1471</strong><br />(+21 for winning)
|c|☆pult4c1 shane|gg
|l|☆PULT4C1 turt
|l| PULT4C1 Haffling
||Ladder isn't responding, score probably updated but might not have (Request timeout).
