|html|<div class="broadcast-blue"><strong>[Gen 8] PU is currently suspecting Drampa! For information on how to participate check out the <a href="https://www.smogon.com/forums/threads/np-pu-stage-7-i-hear-hyper-voices-in-my-head-drampa-suspect-test.3692992/">suspect thread</a>.</strong></div>
|j|☆VladTenev
|j|☆one of the bouys
|t:|1636834505
|gametype|singles
|player|p1|VladTenev|depotagent|1467
|player|p2|one of the bouys|clown|1590
|teamsize|p1|6
|teamsize|p2|6
|gen|8
|tier|[Gen 8] PU
|rated|
|rule|Sleep Clause Mod: Limit one foe put to sleep
|rule|Species Clause: Limit one of each Pokémon
|rule|OHKO Clause: OHKO moves are banned
|rule|Evasion Moves Clause: Evasion moves are banned
|rule|Endless Battle Clause: Forcing endless battles is banned
|rule|HP Percentage Mod: HP is shown in percentages
|rule|Dynamax Clause: You cannot dynamax
|clearpoke
|poke|p1|Cofagrigus, F|
|poke|p1|Jellicent, F|
|poke|p1|Ferroseed, F|
|poke|p1|Eldegoss, M|
|poke|p1|Audino, F|
|poke|p1|Quagsire, M|
|poke|p2|Flapple, M|
|poke|p2|Wishiwashi, M|
|poke|p2|Thwackey, M|
|poke|p2|Stunfisk, M|
|poke|p2|Archeops, F|
|poke|p2|Aromatisse, F|
|teampreview
|inactive|Battle timer is ON: inactive players will automatically lose when time's up. (requested by VladTenev)
|
|t:|1636834523
|start
|switch|p1a: DRACULA COFFIN|Cofagrigus, F, shiny|100/100
|switch|p2a: Thwackey|Thwackey, M|100/100
|-fieldstart|move: Grassy Terrain|[from] ability: Grassy Surge|[of] p2a: Thwackey
|turn|1
|
|t:|1636834529
|move|p2a: Thwackey|U-turn|p1a: DRACULA COFFIN
|-resisted|p1a: DRACULA COFFIN
|-damage|p1a: DRACULA COFFIN|95/100
|-activate|p1a: DRACULA COFFIN|ability: Mummy|Grassy Surge|[of] p2a: Thwackey
|
|t:|1636834530
|switch|p2a: Stunfisk|Stunfisk, M|100/100|[from]move: U-turn
|move|p1a: DRACULA COFFIN|Toxic Spikes|p2a: Stunfisk
|-sidestart|p2: one of the bouys|move: Toxic Spikes
|
|-heal|p1a: DRACULA COFFIN|100/100|[from] Grassy Terrain
|upkeep
|turn|2
|
|t:|1636834539
|move|p2a: Stunfisk|Stealth Rock|p1a: DRACULA COFFIN
|-sidestart|p1: VladTenev|move: Stealth Rock
|move|p1a: DRACULA COFFIN|Toxic Spikes|p2a: Stunfisk
|-sidestart|p2: one of the bouys|move: Toxic Spikes
|
|upkeep
|turn|3
|
|t:|1636834543
|move|p2a: Stunfisk|Toxic|p1a: DRACULA COFFIN
|-status|p1a: DRACULA COFFIN|tox
|move|p1a: DRACULA COFFIN|Night Shade|p2a: Stunfisk
|-damage|p2a: Stunfisk|77/100
|
|-heal|p2a: Stunfisk|83/100|[from] Grassy Terrain
|-heal|p2a: Stunfisk|89/100|[from] item: Leftovers
|-damage|p1a: DRACULA COFFIN|95/100 tox|[from] psn
|upkeep
|turn|4
|
|t:|1636834551
|move|p2a: Stunfisk|Earth Power|p1a: DRACULA COFFIN
|-damage|p1a: DRACULA COFFIN|68/100 tox
|move|p1a: DRACULA COFFIN|Night Shade|p2a: Stunfisk
|-damage|p2a: Stunfisk|65/100
|
|-heal|p2a: Stunfisk|72/100|[from] Grassy Terrain
|-heal|p2a: Stunfisk|78/100|[from] item: Leftovers
|-heal|p1a: DRACULA COFFIN|74/100 tox|[from] Grassy Terrain
|-heal|p1a: DRACULA COFFIN|80/100 tox|[from] item: Leftovers
|-damage|p1a: DRACULA COFFIN|68/100 tox|[from] psn
|upkeep
|turn|5
|
|t:|1636834562
|move|p2a: Stunfisk|Earth Power|p1a: DRACULA COFFIN
|-damage|p1a: DRACULA COFFIN|41/100 tox
|move|p1a: DRACULA COFFIN|Rest|p1a: DRACULA COFFIN
|-status|p1a: DRACULA COFFIN|slp|[from] move: Rest
|-heal|p1a: DRACULA COFFIN|100/100 slp|[silent]
|
|-heal|p2a: Stunfisk|84/100|[from] Grassy Terrain
|-heal|p2a: Stunfisk|90/100|[from] item: Leftovers
|-fieldend|move: Grassy Terrain
|upkeep
|turn|6
|
|t:|1636834572
|switch|p2a: Archeops|Archeops, F|100/100
|cant|p1a: DRACULA COFFIN|slp
|move|p1a: DRACULA COFFIN|Sleep Talk|p1a: DRACULA COFFIN
|move|p1a: DRACULA COFFIN|Toxic Spikes||[from]move: Sleep Talk|[still]
|-fail|p1a: DRACULA COFFIN
|
|upkeep
|turn|7
|
|t:|1636834578
|move|p2a: Archeops|Defog|p1a: DRACULA COFFIN
|-unboost|p1a: DRACULA COFFIN|evasion|1
|-sideend|p1: VladTenev|Stealth Rock|[from] move: Defog|[of] p2a: Archeops
|-sideend|p2: one of the bouys|Toxic Spikes|[from] move: Defog|[of] p2a: Archeops
|cant|p1a: DRACULA COFFIN|slp
|move|p1a: DRACULA COFFIN|Sleep Talk|p1a: DRACULA COFFIN
|move|p1a: DRACULA COFFIN|Toxic Spikes|p2a: Archeops|[from]move: Sleep Talk
|-sidestart|p2: one of the bouys|move: Toxic Spikes
|
|upkeep
|turn|8
|
|t:|1636834586
|move|p2a: Archeops|Stone Edge|p1a: DRACULA COFFIN
|-damage|p1a: DRACULA COFFIN|65/100 slp
|-curestatus|p1a: DRACULA COFFIN|slp|[msg]
|move|p1a: DRACULA COFFIN|Night Shade|p2a: Archeops
|-damage|p2a: Archeops|66/100
|
|-heal|p1a: DRACULA COFFIN|71/100|[from] item: Leftovers
|upkeep
|turn|9
|
|t:|1636834594
|move|p2a: Archeops|U-turn|p1a: DRACULA COFFIN
|-resisted|p1a: DRACULA COFFIN
|-damage|p1a: DRACULA COFFIN|63/100
|-activate|p1a: DRACULA COFFIN|ability: Mummy|Defeatist|[of] p2a: Archeops
|
|t:|1636834596
|switch|p2a: Aromatisse|Aromatisse, F|100/100|[from]move: U-turn
|move|p1a: DRACULA COFFIN|Night Shade|p2a: Aromatisse
|-damage|p2a: Aromatisse|76/100
|
|-heal|p1a: DRACULA COFFIN|69/100|[from] item: Leftovers
|upkeep
|turn|10
|
|t:|1636834606
|switch|p1a: Ferroseed|Ferroseed, F, shiny|100/100
|move|p2a: Aromatisse|Wish|p2a: Aromatisse
|
|upkeep
|turn|11
|
|t:|1636834614
|switch|p2a: Wishiwashi|Wishiwashi, M|100/100
|-status|p2a: Wishiwashi|psn
|-formechange|p2a: Wishiwashi|Wishiwashi-School||[from] ability: Schooling
|move|p1a: Ferroseed|Stealth Rock|p2a: Wishiwashi
|-sidestart|p2: one of the bouys|move: Stealth Rock
|
|-damage|p2a: Wishiwashi|88/100 psn|[from] psn
|upkeep
|turn|12
|
|t:|1636834623
|move|p1a: Ferroseed|Protect|p1a: Ferroseed
|-singleturn|p1a: Ferroseed|Protect
|move|p2a: Wishiwashi|Scald|p1a: Ferroseed
|-activate|p1a: Ferroseed|move: Protect
|
|-heal|p2a: Wishiwashi|94/100 psn|[from] item: Leftovers
|-damage|p2a: Wishiwashi|82/100 psn|[from] psn
|upkeep
|turn|13
|
|t:|1636834631
|switch|p1a: WAR|Jellicent, F, shiny|100/100
|move|p2a: Wishiwashi|Scald|p1a: WAR
|-immune|p1a: WAR|[from] ability: Water Absorb
|
|-heal|p2a: Wishiwashi|88/100 psn|[from] item: Leftovers
|-damage|p2a: Wishiwashi|76/100 psn|[from] psn
|upkeep
|turn|14
|
|t:|1636834640
|move|p1a: WAR|Scald|p2a: Wishiwashi
|-resisted|p2a: Wishiwashi
|-damage|p2a: Wishiwashi|68/100 psn
|move|p2a: Wishiwashi|U-turn|p1a: WAR
|-resisted|p1a: WAR
|-damage|p1a: WAR|88/100
|
|t:|1636834645
|switch|p2a: Aromatisse|Aromatisse, F|76/100|[from]move: U-turn
|
|upkeep
|turn|15
|
|t:|1636834653
|switch|p1a: Ferroseed|Ferroseed, F, shiny|100/100
|move|p2a: Aromatisse|Wish|p2a: Aromatisse
|
|upkeep
|turn|16
|
|t:|1636834659
|move|p2a: Aromatisse|Moonblast|p1a: Ferroseed
|-resisted|p1a: Ferroseed
|-damage|p1a: Ferroseed|86/100
|-unboost|p1a: Ferroseed|spa|1
|move|p1a: Ferroseed|Knock Off|p2a: Aromatisse
|-resisted|p2a: Aromatisse
|-crit|p2a: Aromatisse
|-damage|p2a: Aromatisse|68/100
|-enditem|p2a: Aromatisse|Heavy-Duty Boots|[from] move: Knock Off|[of] p1a: Ferroseed
|
|-heal|p2a: Aromatisse|100/100|[from] move: Wish|[wisher] Aromatisse
|upkeep
|turn|17
|
|t:|1636834669
|move|p2a: Aromatisse|Protect|p2a: Aromatisse
|-singleturn|p2a: Aromatisse|Protect
|move|p1a: Ferroseed|Leech Seed|p2a: Aromatisse
|-activate|p2a: Aromatisse|move: Protect
|
|upkeep
|turn|18
|
|t:|1636834684
|switch|p2a: Archeops|Archeops, F|66/100
|move|p1a: Ferroseed|Knock Off|p2a: Archeops
|-damage|p2a: Archeops|46/100
|-enditem|p2a: Archeops|Heavy-Duty Boots|[from] move: Knock Off|[of] p1a: Ferroseed
|
|upkeep
|turn|19
|
|t:|1636834694
|move|p2a: Archeops|Defog|p1a: Ferroseed
|-unboost|p1a: Ferroseed|evasion|1
|-sideend|p2: one of the bouys|Toxic Spikes|[from] move: Defog|[of] p2a: Archeops
|-sideend|p2: one of the bouys|Stealth Rock|[from] move: Defog|[of] p2a: Archeops
|move|p1a: Ferroseed|Leech Seed|p2a: Archeops
|-start|p2a: Archeops|move: Leech Seed
|
|-damage|p2a: Archeops|33/100|[from] Leech Seed|[of] p1a: Ferroseed
|-heal|p1a: Ferroseed|98/100|[silent]
|upkeep
|turn|20
|
|t:|1636834702
|move|p2a: Archeops|U-turn|p1a: Ferroseed
|-damage|p1a: Ferroseed|91/100
|-damage|p2a: Archeops|21/100|[from] ability: Iron Barbs|[of] p1a: Ferroseed
|
|t:|1636834706
|switch|p2a: Thwackey|Thwackey, M|100/100|[from]move: U-turn
|-fieldstart|move: Grassy Terrain|[from] ability: Grassy Surge|[of] p2a: Thwackey
|move|p1a: Ferroseed|Stealth Rock|p2a: Thwackey
|-sidestart|p2: one of the bouys|move: Stealth Rock
|
|-heal|p1a: Ferroseed|97/100|[from] Grassy Terrain
|upkeep
|turn|21
|
|t:|1636834714
|switch|p1a: DRACULA COFFIN|Cofagrigus, F, shiny|69/100
|move|p2a: Thwackey|Knock Off|p1a: DRACULA COFFIN
|-supereffective|p1a: DRACULA COFFIN
|-damage|p1a: DRACULA COFFIN|41/100
|-activate|p1a: DRACULA COFFIN|ability: Mummy|Grassy Surge|[of] p2a: Thwackey
|-enditem|p1a: DRACULA COFFIN|Leftovers|[from] move: Knock Off|[of] p2a: Thwackey
|
|-heal|p1a: DRACULA COFFIN|47/100|[from] Grassy Terrain
|upkeep
|turn|22
|
|t:|1636834724
|move|p2a: Thwackey|Wood Hammer|p1a: DRACULA COFFIN
|-damage|p1a: DRACULA COFFIN|13/100
|-damage|p2a: Thwackey|88/100|[from] Recoil
|move|p1a: DRACULA COFFIN|Toxic Spikes|p2a: Thwackey
|-sidestart|p2: one of the bouys|move: Toxic Spikes
|
|-heal|p2a: Thwackey|94/100|[from] Grassy Terrain
|-heal|p1a: DRACULA COFFIN|19/100|[from] Grassy Terrain
|upkeep
|turn|23
|
|t:|1636834732
|switch|p1a: Ferroseed|Ferroseed, F, shiny|97/100
|move|p2a: Thwackey|Knock Off|p1a: Ferroseed
|-damage|p1a: Ferroseed|81/100
|-damage|p2a: Thwackey|81/100|[from] ability: Iron Barbs|[of] p1a: Ferroseed
|-enditem|p1a: Ferroseed|Eviolite|[from] move: Knock Off|[of] p2a: Thwackey
|
|-heal|p2a: Thwackey|87/100|[from] Grassy Terrain
|-heal|p1a: Ferroseed|87/100|[from] Grassy Terrain
|upkeep
|turn|24
|
|t:|1636834744
|move|p2a: Thwackey|Knock Off|p1a: Ferroseed
|-damage|p1a: Ferroseed|72/100
|-damage|p2a: Thwackey|75/100|[from] ability: Iron Barbs|[of] p1a: Ferroseed
|move|p1a: Ferroseed|Knock Off|p2a: Thwackey
|-damage|p2a: Thwackey|60/100
|-activate|p2a: Thwackey|ability: Mummy|Iron Barbs|[of] p1a: Ferroseed
|-enditem|p2a: Thwackey|Eviolite|[from] move: Knock Off|[of] p1a: Ferroseed
|
|-heal|p2a: Thwackey|66/100|[from] Grassy Terrain
|-heal|p1a: Ferroseed|78/100|[from] Grassy Terrain
|-fieldend|move: Grassy Terrain
|upkeep
|turn|25
|
|t:|1636834757
|move|p2a: Thwackey|U-turn|p1a: Ferroseed
|-damage|p1a: Ferroseed|62/100
|
|t:|1636834780
|switch|p2a: Stunfisk|Stunfisk, M|90/100|[from]move: U-turn
|-status|p2a: Stunfisk|psn
|-damage|p2a: Stunfisk|84/100 psn|[from] Stealth Rock
|move|p1a: Ferroseed|Knock Off|p2a: Stunfisk
|-damage|p2a: Stunfisk|71/100 psn
|-enditem|p2a: Stunfisk|Leftovers|[from] move: Knock Off|[of] p1a: Ferroseed
|
|-damage|p2a: Stunfisk|59/100 psn|[from] psn
|upkeep
|turn|26
|
|t:|1636834792
|switch|p1a: DRACULA COFFIN|Cofagrigus, F, shiny|19/100
|move|p2a: Stunfisk|Stealth Rock|p1a: DRACULA COFFIN
|-sidestart|p1: VladTenev|move: Stealth Rock
|
|-damage|p2a: Stunfisk|47/100 psn|[from] psn
|upkeep
|turn|27
|
|t:|1636834798
|move|p2a: Stunfisk|Earth Power|p1a: DRACULA COFFIN
|-damage|p1a: DRACULA COFFIN|0 fnt
|faint|p1a: DRACULA COFFIN
|
|-damage|p2a: Stunfisk|34/100 psn|[from] psn
|upkeep
|
|t:|1636834808
|switch|p1a: WAR|Jellicent, F, shiny|88/100
|turn|28
|
|t:|1636834812
|move|p1a: WAR|Scald|p2a: Stunfisk
|-supereffective|p2a: Stunfisk
|-damage|p2a: Stunfisk|5/100 psn
|move|p2a: Stunfisk|Toxic|p1a: WAR
|-status|p1a: WAR|tox
|
|-damage|p1a: WAR|82/100 tox|[from] psn
|-damage|p2a: Stunfisk|0 fnt|[from] psn
|faint|p2a: Stunfisk
|upkeep
|
|t:|1636834823
|switch|p2a: Wishiwashi|Wishiwashi, M|68/100 psn
|-damage|p2a: Wishiwashi|56/100 psn|[from] Stealth Rock
|-formechange|p2a: Wishiwashi|Wishiwashi-School||[from] ability: Schooling
|turn|29
|
|t:|1636834831
|move|p1a: WAR|Recover|p1a: WAR
|-heal|p1a: WAR|100/100 tox
|move|p2a: Wishiwashi|Rest|p2a: Wishiwashi
|-status|p2a: Wishiwashi|slp|[from] move: Rest
|-heal|p2a: Wishiwashi|100/100 slp|[silent]
|
|-damage|p1a: WAR|88/100 tox|[from] psn
|upkeep
|turn|30
|
|t:|1636834840
|switch|p1a: NURSE JOY|Audino, F, shiny|100/100
|cant|p2a: Wishiwashi|slp
|move|p2a: Wishiwashi|Sleep Talk|p2a: Wishiwashi
|move|p2a: Wishiwashi|Scald|p1a: NURSE JOY|[from]move: Sleep Talk
|-damage|p1a: NURSE JOY|77/100
|
|upkeep
|turn|31
|
|t:|1636834848
|move|p1a: NURSE JOY|Knock Off|p2a: Wishiwashi
|-damage|p2a: Wishiwashi|87/100 slp
|-enditem|p2a: Wishiwashi|Leftovers|[from] move: Knock Off|[of] p1a: NURSE JOY
|cant|p2a: Wishiwashi|slp
|move|p2a: Wishiwashi|Sleep Talk|p2a: Wishiwashi
|move|p2a: Wishiwashi|U-turn|p1a: NURSE JOY|[from]move: Sleep Talk
|-damage|p1a: NURSE JOY|55/100
|
|t:|1636834855
|switch|p2a: Flapple|Flapple, M|100/100|[from]move: U-turn
|-status|p2a: Flapple|psn
|-damage|p2a: Flapple|88/100 psn|[from] Stealth Rock
|
|-damage|p2a: Flapple|76/100 psn|[from] psn
|upkeep
|turn|32
|
|t:|1636834862
|move|p1a: NURSE JOY|Protect|p1a: NURSE JOY
|-singleturn|p1a: NURSE JOY|Protect
|move|p2a: Flapple|Grav Apple|p1a: NURSE JOY
|-activate|p1a: NURSE JOY|move: Protect
|
|-damage|p2a: Flapple|63/100 psn|[from] psn
|upkeep
|turn|33
|
|t:|1636834873
|switch|p1a: Eldegoss|Eldegoss, M|100/100
|move|p2a: Flapple|Draco Meteor|p1a: Eldegoss
|-crit|p1a: Eldegoss
|-damage|p1a: Eldegoss|38/100
|-unboost|p2a: Flapple|spa|2
|-damage|p2a: Flapple|53/100 psn|[from] item: Life Orb
|
|-damage|p2a: Flapple|41/100 psn|[from] psn
|upkeep
|turn|34
|
|t:|1636834883
|move|p1a: Eldegoss|Protect|p1a: Eldegoss
|-singleturn|p1a: Eldegoss|Protect
|move|p2a: Flapple|Outrage|p1a: Eldegoss
|-activate|p1a: Eldegoss|move: Protect
|
|-damage|p2a: Flapple|28/100 psn|[from] psn
|upkeep
|turn|35
|
|t:|1636834889
|switch|p1a: Ferroseed|Ferroseed, F, shiny|62/100
|-damage|p1a: Ferroseed|56/100|[from] Stealth Rock
|move|p2a: Flapple|Outrage|p1a: Ferroseed
|-resisted|p1a: Ferroseed
|-crit|p1a: Ferroseed
|-damage|p1a: Ferroseed|0 fnt
|-damage|p2a: Flapple|16/100 psn|[from] ability: Iron Barbs|[of] p1a: Ferroseed
|faint|p1a: Ferroseed
|-damage|p2a: Flapple|6/100 psn|[from] item: Life Orb
|
|-damage|p2a: Flapple|0 fnt|[from] psn
|faint|p2a: Flapple
|upkeep
|
|t:|1636834909
|switch|p2a: Thwackey|Thwackey, M|66/100
|switch|p1a: Eldegoss|Eldegoss, M|71/100
|-status|p2a: Thwackey|psn
|-damage|p2a: Thwackey|53/100 psn|[from] Stealth Rock
|-fieldstart|move: Grassy Terrain|[from] ability: Grassy Surge|[of] p2a: Thwackey
|turn|36
|
|t:|1636834921
|move|p2a: Thwackey|Knock Off|p1a: Eldegoss
|-damage|p1a: Eldegoss|42/100
|-enditem|p1a: Eldegoss|Heavy-Duty Boots|[from] move: Knock Off|[of] p2a: Thwackey
|move|p1a: Eldegoss|Aromatherapy|p1a: Eldegoss
|-activate|p1a: Eldegoss|move: Aromatherapy
|-curestatus|p1: WAR|tox|[msg]
|
|-heal|p2a: Thwackey|59/100 psn|[from] Grassy Terrain
|-heal|p1a: Eldegoss|48/100|[from] Grassy Terrain
|-damage|p2a: Thwackey|47/100 psn|[from] psn
|upkeep
|turn|37
|
|t:|1636834933
|move|p1a: Eldegoss|Protect|p1a: Eldegoss
|-singleturn|p1a: Eldegoss|Protect
|move|p2a: Thwackey|Wood Hammer|p1a: Eldegoss
|-activate|p1a: Eldegoss|move: Protect
|
|-heal|p2a: Thwackey|53/100 psn|[from] Grassy Terrain
|-heal|p1a: Eldegoss|55/100|[from] Grassy Terrain
|-damage|p2a: Thwackey|40/100 psn|[from] psn
|upkeep
|turn|38
|
|t:|1636834942
|move|p2a: Thwackey|U-turn|p1a: Eldegoss
|-supereffective|p1a: Eldegoss
|-damage|p1a: Eldegoss|13/100
|
|t:|1636834946
|switch|p2a: Archeops|Archeops, F|21/100|[from]move: U-turn
|-damage|p2a: Archeops|0 fnt|[from] Stealth Rock
|faint|p2a: Archeops
|move|p1a: Eldegoss|Rapid Spin|p2: Archeops|[notarget]
|-fail|p1a: Eldegoss
|
|-heal|p1a: Eldegoss|19/100|[from] Grassy Terrain
|upkeep
|
|t:|1636834947
|switch|p2a: Thwackey|Thwackey, M|40/100 psn
|-damage|p2a: Thwackey|28/100 psn|[from] Stealth Rock
|turn|39
|
|t:|1636834956
|move|p1a: Eldegoss|Protect|p1a: Eldegoss
|-singleturn|p1a: Eldegoss|Protect
|move|p2a: Thwackey|Knock Off|p1a: Eldegoss
|-activate|p1a: Eldegoss|move: Protect
|
|-heal|p2a: Thwackey|34/100 psn|[from] Grassy Terrain
|-heal|p1a: Eldegoss|25/100|[from] Grassy Terrain
|-damage|p2a: Thwackey|21/100 psn|[from] psn
|upkeep
|turn|40
|
|t:|1636834965
|switch|p1a: NURSE JOY|Audino, F, shiny|89/100
|move|p2a: Thwackey|U-turn|p1a: NURSE JOY
|-damage|p1a: NURSE JOY|70/100
|c|☆one of the bouys|gg
|-message|one of the bouys forfeited.
|
|win|VladTenev
|raw|VladTenev's rating: 1467 &rarr; <strong>1494</strong><br />(+27 for winning)
|raw|one of the bouys's rating: 1590 &rarr; <strong>1563</strong><br />(-27 for losing)
|c|☆VladTenev|gg
|l|☆one of the bouys
||Ladder isn't responding, score probably updated but might not have (Request timeout).
