|j|☆Istarion
|j|☆shalutianwang
|t:|1639647959
|gametype|singles
|player|p1|Istarion|lance|1551
|player|p2|shalutianwang|pokemaniac|1517
|teamsize|p1|6
|teamsize|p2|6
|gen|8
|tier|[Gen 8] PU
|rated|
|rule|Sleep Clause Mod: Limit one foe put to sleep
|rule|Species Clause: Limit one of each Pokémon
|rule|OHKO Clause: OHKO moves are banned
|rule|Evasion Moves Clause: Evasion moves are banned
|rule|Endless Battle Clause: Forcing endless battles is banned
|rule|HP Percentage Mod: HP is shown in percentages
|rule|Dynamax Clause: You cannot dynamax
|clearpoke
|poke|p1|Perrserker, M|
|poke|p1|Wishiwashi, M|
|poke|p1|Jolteon, M|
|poke|p1|Scyther, M|
|poke|p1|Hitmonchan, M|
|poke|p1|Articuno|
|poke|p2|Aromatisse, F|
|poke|p2|Absol, F|
|poke|p2|Togedemaru, F|
|poke|p2|Tsareena, F|
|poke|p2|Gigalith, M|
|poke|p2|Qwilfish, M|
|teampreview
|inactive|Battle timer is ON: inactive players will automatically lose when time's up. (requested by shalutianwang)
|
|t:|1639647978
|start
|switch|p1a: Perrserker|Perrserker, M|100/100
|switch|p2a: 麻麻刺麻|Togedemaru, F|100/100
|turn|1
|
|t:|1639647984
|move|p1a: Perrserker|Fake Out|p2a: 麻麻刺麻
|-resisted|p2a: 麻麻刺麻
|-damage|p2a: 麻麻刺麻|84/100
|-damage|p1a: Perrserker|88/100|[from] ability: Iron Barbs|[of] p2a: 麻麻刺麻
|cant|p2a: 麻麻刺麻|flinch
|
|upkeep
|turn|2
|
|t:|1639647992
|move|p2a: 麻麻刺麻|U-turn|p1a: Perrserker
|-resisted|p1a: Perrserker
|-damage|p1a: Perrserker|79/100
|
|t:|1639647995
|switch|p2a: 河中最靓的仔|Qwilfish, M|100/100|[from]move: U-turn
|move|p1a: Perrserker|U-turn|p2a: 河中最靓的仔
|-resisted|p2a: 河中最靓的仔
|-damage|p2a: 河中最靓的仔|85/100
|
|t:|1639648005
|switch|p1a: Jolteon|Jolteon, M|100/100|[from]move: U-turn
|
|-heal|p2a: 河中最靓的仔|91/100|[from] item: Black Sludge
|upkeep
|turn|3
|
|t:|1639648012
|switch|p2a: 全集中岩之呼吸|Gigalith, M|100/100
|-weather|Sandstorm|[from] ability: Sand Stream|[of] p2a: 全集中岩之呼吸
|move|p1a: Jolteon|Volt Switch|p2a: 全集中岩之呼吸
|-damage|p2a: 全集中岩之呼吸|74/100
|
|t:|1639648028
|switch|p1a: Perrserker|Perrserker, M|79/100|[from]move: Volt Switch
|
|-weather|Sandstorm|[upkeep]
|-heal|p2a: 全集中岩之呼吸|81/100|[from] item: Leftovers
|upkeep
|turn|4
|
|t:|1639648034
|move|p2a: 全集中岩之呼吸|Protect|p2a: 全集中岩之呼吸
|-singleturn|p2a: 全集中岩之呼吸|Protect
|move|p1a: Perrserker|Iron Head|p2a: 全集中岩之呼吸
|-activate|p2a: 全集中岩之呼吸|move: Protect
|
|-weather|Sandstorm|[upkeep]
|-heal|p2a: 全集中岩之呼吸|87/100|[from] item: Leftovers
|upkeep
|turn|5
|
|t:|1639648041
|switch|p2a: 河中最靓的仔|Qwilfish, M|91/100
|move|p1a: Perrserker|Iron Head|p2a: 河中最靓的仔
|-resisted|p2a: 河中最靓的仔
|-damage|p2a: 河中最靓的仔|63/100
|
|-weather|Sandstorm|[upkeep]
|-damage|p2a: 河中最靓的仔|57/100|[from] Sandstorm
|-heal|p2a: 河中最靓的仔|63/100|[from] item: Black Sludge
|upkeep
|turn|6
|
|t:|1639648051
|move|p2a: 河中最靓的仔|Toxic Spikes|p1a: Perrserker
|-sidestart|p1: Istarion|move: Toxic Spikes
|move|p1a: Perrserker|U-turn|p2a: 河中最靓的仔
|-resisted|p2a: 河中最靓的仔
|-damage|p2a: 河中最靓的仔|47/100
|
|t:|1639648069
|switch|p1a: Articuno|Articuno|100/100|[from]move: U-turn
|-ability|p1a: Articuno|Pressure
|
|-weather|Sandstorm|[upkeep]
|-damage|p2a: 河中最靓的仔|41/100|[from] Sandstorm
|-damage|p1a: Articuno|94/100|[from] Sandstorm
|-heal|p2a: 河中最靓的仔|47/100|[from] item: Black Sludge
|upkeep
|turn|7
|
|t:|1639648080
|switch|p2a: 全集中岩之呼吸|Gigalith, M|87/100
|move|p1a: Articuno|Defog|p2a: 全集中岩之呼吸
|-unboost|p2a: 全集中岩之呼吸|evasion|1
|-sideend|p1: Istarion|Toxic Spikes|[from] move: Defog|[of] p1a: Articuno
|
|-weather|none
|-heal|p2a: 全集中岩之呼吸|93/100|[from] item: Leftovers
|upkeep
|turn|8
|
|t:|1639648104
|switch|p1a: Wishiwashi|Wishiwashi, M|100/100
|-formechange|p1a: Wishiwashi|Wishiwashi-School||[from] ability: Schooling
|move|p2a: 全集中岩之呼吸|Stealth Rock|p1a: Wishiwashi
|-sidestart|p1: Istarion|move: Stealth Rock
|
|-heal|p2a: 全集中岩之呼吸|99/100|[from] item: Leftovers
|upkeep
|turn|9
|
|t:|1639648112
|move|p2a: 全集中岩之呼吸|Protect|p2a: 全集中岩之呼吸
|-singleturn|p2a: 全集中岩之呼吸|Protect
|move|p1a: Wishiwashi|Flip Turn|p2a: 全集中岩之呼吸
|-activate|p2a: 全集中岩之呼吸|move: Protect
|
|-heal|p2a: 全集中岩之呼吸|100/100|[from] item: Leftovers
|upkeep
|turn|10
|
|t:|1639648119
|switch|p2a: 河中最靓的仔|Qwilfish, M|47/100
|move|p1a: Wishiwashi|U-turn|p2a: 河中最靓的仔
|-resisted|p2a: 河中最靓的仔
|-damage|p2a: 河中最靓的仔|31/100
|
|t:|1639648131
|switch|p1a: Hitmonchan|Hitmonchan, M|100/100|[from]move: U-turn
|-damage|p1a: Hitmonchan|95/100|[from] Stealth Rock
|
|-heal|p2a: 河中最靓的仔|37/100|[from] item: Black Sludge
|upkeep
|turn|11
|
|t:|1639648138
|move|p2a: 河中最靓的仔|Destiny Bond|p2a: 河中最靓的仔
|-singlemove|p2a: 河中最靓的仔|Destiny Bond
|move|p1a: Hitmonchan|Rapid Spin|p2a: 河中最靓的仔
|-damage|p2a: 河中最靓的仔|19/100
|-boost|p1a: Hitmonchan|spe|1
|-sideend|p1: Istarion|Stealth Rock|[from] move: Rapid Spin|[of] p1a: Hitmonchan
|
|-heal|p2a: 河中最靓的仔|25/100|[from] item: Black Sludge
|upkeep
|turn|12
|
|t:|1639648146
|move|p1a: Hitmonchan|Rapid Spin|p2a: 河中最靓的仔
|-crit|p2a: 河中最靓的仔
|-damage|p2a: 河中最靓的仔|0 fnt
|-boost|p1a: Hitmonchan|spe|1
|-status|p1a: Hitmonchan|psn|[from] ability: Poison Point|[of] p2a: 河中最靓的仔
|faint|p2a: 河中最靓的仔
|-activate|p2a: 河中最靓的仔|move: Destiny Bond
|faint|p1a: Hitmonchan
|
|upkeep
|
|t:|1639648161
|switch|p2a: 麻麻刺麻|Togedemaru, F|84/100
|switch|p1a: Perrserker|Perrserker, M|79/100
|turn|13
|j| kacj2
|
|t:|1639648168
|move|p2a: 麻麻刺麻|U-turn|p1a: Perrserker
|-resisted|p1a: Perrserker
|-damage|p1a: Perrserker|69/100
|
|t:|1639648174
|switch|p2a: 姐姐好腿我好爱|Tsareena, F|100/100|[from]move: U-turn
|move|p1a: Perrserker|Close Combat|p2a: 姐姐好腿我好爱
|-damage|p2a: 姐姐好腿我好爱|36/100
|-unboost|p1a: Perrserker|def|1
|-unboost|p1a: Perrserker|spd|1
|
|upkeep
|turn|14
|
|t:|1639648184
|switch|p1a: Articuno|Articuno|94/100
|-ability|p1a: Articuno|Pressure
|move|p2a: 姐姐好腿我好爱|Triple Axel|p1a: Articuno
|-damage|p1a: Articuno|90/100
|-damage|p1a: Articuno|81/100
|-damage|p1a: Articuno|68/100
|-hitcount|p1a: Articuno|3
|
|upkeep
|turn|15
|
|t:|1639648195
|switch|p2a: 全集中岩之呼吸|Gigalith, M|100/100
|-weather|Sandstorm|[from] ability: Sand Stream|[of] p2a: 全集中岩之呼吸
|switch|p1a: Perrserker|Perrserker, M|69/100
|
|-weather|Sandstorm|[upkeep]
|upkeep
|turn|16
|
|t:|1639648199
|switch|p2a: 麻麻刺麻|Togedemaru, F|84/100
|move|p1a: Perrserker|Iron Head|p2a: 麻麻刺麻
|-resisted|p2a: 麻麻刺麻
|-damage|p2a: 麻麻刺麻|62/100
|-damage|p1a: Perrserker|56/100|[from] ability: Iron Barbs|[of] p2a: 麻麻刺麻
|
|-weather|Sandstorm|[upkeep]
|upkeep
|turn|17
|inactive|shalutianwang has 120 seconds left.
|inactive|shalutianwang has 90 seconds left.
|
|t:|1639648267
|move|p2a: 麻麻刺麻|Zing Zap|p1a: Perrserker
|-damage|p1a: Perrserker|22/100
|cant|p1a: Perrserker|flinch
|
|-weather|Sandstorm|[upkeep]
|upkeep
|turn|18
|
|t:|1639648274
|switch|p1a: Jolteon|Jolteon, M|100/100
|move|p2a: 麻麻刺麻|Zing Zap|p1a: Jolteon
|-immune|p1a: Jolteon|[from] ability: Volt Absorb
|
|-weather|Sandstorm|[upkeep]
|-damage|p1a: Jolteon|95/100|[from] Sandstorm
|upkeep
|turn|19
|
|t:|1639648283
|switch|p2a: 窗外的麻雀在电线杆上啵嘴|Aromatisse, F|100/100
|move|p1a: Jolteon|Thunderbolt|p2a: 窗外的麻雀在电线杆上啵嘴
|-damage|p2a: 窗外的麻雀在电线杆上啵嘴|38/100
|
|-weather|none
|-heal|p2a: 窗外的麻雀在电线杆上啵嘴|44/100|[from] item: Leftovers
|upkeep
|turn|20
|
|t:|1639648293
|move|p2a: 窗外的麻雀在电线杆上啵嘴|Protect|p2a: 窗外的麻雀在电线杆上啵嘴
|-singleturn|p2a: 窗外的麻雀在电线杆上啵嘴|Protect
|move|p1a: Jolteon|Thunderbolt|p2a: 窗外的麻雀在电线杆上啵嘴
|-activate|p2a: 窗外的麻雀在电线杆上啵嘴|move: Protect
|
|-heal|p2a: 窗外的麻雀在电线杆上啵嘴|50/100|[from] item: Leftovers
|upkeep
|turn|21
|
|t:|1639648295
|switch|p2a: 全集中岩之呼吸|Gigalith, M|100/100
|-weather|Sandstorm|[from] ability: Sand Stream|[of] p2a: 全集中岩之呼吸
|move|p1a: Jolteon|Thunderbolt|p2a: 全集中岩之呼吸
|-damage|p2a: 全集中岩之呼吸|63/100
|
|-weather|Sandstorm|[upkeep]
|-damage|p1a: Jolteon|89/100|[from] Sandstorm
|-heal|p2a: 全集中岩之呼吸|69/100|[from] item: Leftovers
|upkeep
|turn|22
|inactive|shalutianwang has 120 seconds left.
|
|t:|1639648309
|switch|p1a: Perrserker|Perrserker, M|22/100
|move|p2a: 全集中岩之呼吸|Rock Blast|p1a: Perrserker
|-resisted|p1a: Perrserker
|-damage|p1a: Perrserker|16/100
|-resisted|p1a: Perrserker
|-damage|p1a: Perrserker|11/100
|-resisted|p1a: Perrserker
|-damage|p1a: Perrserker|5/100
|-hitcount|p1a: Perrserker|3
|
|-weather|Sandstorm|[upkeep]
|-heal|p2a: 全集中岩之呼吸|75/100|[from] item: Leftovers
|upkeep
|turn|23
|inactive|shalutianwang has 120 seconds left.
|
|t:|1639648319
|switch|p2a: 麻麻刺麻|Togedemaru, F|62/100
|move|p1a: Perrserker|Close Combat|p2a: 麻麻刺麻
|-supereffective|p2a: 麻麻刺麻
|-damage|p2a: 麻麻刺麻|0 fnt
|-unboost|p1a: Perrserker|def|1
|-unboost|p1a: Perrserker|spd|1
|-damage|p1a: Perrserker|0 fnt|[from] ability: Iron Barbs|[of] p2a: 麻麻刺麻
|faint|p2a: 麻麻刺麻
|faint|p1a: Perrserker
|
|-weather|Sandstorm|[upkeep]
|upkeep
|inactive|shalutianwang has 120 seconds left.
|
|t:|1639648331
|switch|p2a: 死亡如风常伴吾身|Absol, F|100/100
|switch|p1a: Jolteon|Jolteon, M|89/100
|turn|24
|
|t:|1639648343
|move|p2a: 死亡如风常伴吾身|Sucker Punch|p1a: Jolteon
|-damage|p1a: Jolteon|0 fnt
|faint|p1a: Jolteon
|
|-weather|Sandstorm|[upkeep]
|-damage|p2a: 死亡如风常伴吾身|95/100|[from] Sandstorm
|upkeep
|
|t:|1639648349
|switch|p1a: Wishiwashi|Wishiwashi, M|100/100
|-formechange|p1a: Wishiwashi|Wishiwashi-School||[from] ability: Schooling
|turn|25
|
|t:|1639648360
|switch|p2a: 窗外的麻雀在电线杆上啵嘴|Aromatisse, F|50/100
|move|p1a: Wishiwashi|Flip Turn|p2a: 窗外的麻雀在电线杆上啵嘴
|-damage|p2a: 窗外的麻雀在电线杆上啵嘴|25/100
|
|t:|1639648368
|switch|p1a: Scyther|Scyther, M|100/100|[from]move: Flip Turn
|
|-weather|none
|-heal|p2a: 窗外的麻雀在电线杆上啵嘴|32/100|[from] item: Leftovers
|upkeep
|turn|26
|
|t:|1639648376
|switch|p2a: 全集中岩之呼吸|Gigalith, M|75/100
|-weather|Sandstorm|[from] ability: Sand Stream|[of] p2a: 全集中岩之呼吸
|move|p1a: Scyther|Dual Wingbeat|p2a: 全集中岩之呼吸
|-resisted|p2a: 全集中岩之呼吸
|-damage|p2a: 全集中岩之呼吸|66/100
|-resisted|p2a: 全集中岩之呼吸
|-damage|p2a: 全集中岩之呼吸|56/100
|-hitcount|p2a: 全集中岩之呼吸|2
|
|-weather|Sandstorm|[upkeep]
|-damage|p1a: Scyther|94/100|[from] Sandstorm
|-heal|p2a: 全集中岩之呼吸|62/100|[from] item: Leftovers
|upkeep
|turn|27
|
|t:|1639648381
|switch|p1a: Wishiwashi|Wishiwashi, M|100/100
|-formechange|p1a: Wishiwashi|Wishiwashi-School||[from] ability: Schooling
|move|p2a: 全集中岩之呼吸|Protect||[still]
|-fail|p2a: 全集中岩之呼吸
|
|-weather|Sandstorm|[upkeep]
|-damage|p1a: Wishiwashi|94/100|[from] Sandstorm
|-heal|p1a: Wishiwashi|100/100|[from] item: Leftovers
|-heal|p2a: 全集中岩之呼吸|69/100|[from] item: Leftovers
|upkeep
|turn|28
|
|t:|1639648386
|move|p2a: 全集中岩之呼吸|Protect|p2a: 全集中岩之呼吸
|-singleturn|p2a: 全集中岩之呼吸|Protect
|move|p1a: Wishiwashi|Flip Turn|p2a: 全集中岩之呼吸
|-activate|p2a: 全集中岩之呼吸|move: Protect
|
|-weather|Sandstorm|[upkeep]
|-damage|p1a: Wishiwashi|94/100|[from] Sandstorm
|-heal|p1a: Wishiwashi|100/100|[from] item: Leftovers
|-heal|p2a: 全集中岩之呼吸|75/100|[from] item: Leftovers
|upkeep
|turn|29
|
|t:|1639648392
|switch|p2a: 窗外的麻雀在电线杆上啵嘴|Aromatisse, F|32/100
|move|p1a: Wishiwashi|Flip Turn|p2a: 窗外的麻雀在电线杆上啵嘴
|-damage|p2a: 窗外的麻雀在电线杆上啵嘴|6/100
|
|t:|1639648399
|switch|p1a: Scyther|Scyther, M|94/100|[from]move: Flip Turn
|
|-weather|Sandstorm|[upkeep]
|-damage|p1a: Scyther|88/100|[from] Sandstorm
|-damage|p2a: 窗外的麻雀在电线杆上啵嘴|0 fnt|[from] Sandstorm
|faint|p2a: 窗外的麻雀在电线杆上啵嘴
|upkeep
|
|t:|1639648404
|switch|p2a: 全集中岩之呼吸|Gigalith, M|75/100
|turn|30
|
|t:|1639648418
|switch|p2a: 死亡如风常伴吾身|Absol, F|95/100
|move|p1a: Scyther|Brick Break|p2a: 死亡如风常伴吾身
|-supereffective|p2a: 死亡如风常伴吾身
|-damage|p2a: 死亡如风常伴吾身|1/100
|
|-weather|none
|upkeep
|turn|31
|
|t:|1639648428
|switch|p1a: Articuno|Articuno|68/100
|-ability|p1a: Articuno|Pressure
|move|p2a: 死亡如风常伴吾身|Sucker Punch||[still]
|-fail|p2a: 死亡如风常伴吾身
|
|upkeep
|turn|32
|
|t:|1639648435
|switch|p2a: 全集中岩之呼吸|Gigalith, M|75/100
|-weather|Sandstorm|[from] ability: Sand Stream|[of] p2a: 全集中岩之呼吸
|move|p1a: Articuno|Freeze-Dry|p2a: 全集中岩之呼吸
|-damage|p2a: 全集中岩之呼吸|64/100
|
|-weather|Sandstorm|[upkeep]
|-damage|p1a: Articuno|61/100|[from] Sandstorm
|-heal|p2a: 全集中岩之呼吸|70/100|[from] item: Leftovers
|upkeep
|turn|33
|
|t:|1639648447
|switch|p1a: Wishiwashi|Wishiwashi, M|100/100
|-formechange|p1a: Wishiwashi|Wishiwashi-School||[from] ability: Schooling
|move|p2a: 全集中岩之呼吸|Rock Blast|p1a: Wishiwashi
|-damage|p1a: Wishiwashi|90/100
|-damage|p1a: Wishiwashi|78/100
|-damage|p1a: Wishiwashi|67/100
|-hitcount|p1a: Wishiwashi|3
|
|-weather|Sandstorm|[upkeep]
|-damage|p1a: Wishiwashi|61/100|[from] Sandstorm
|-heal|p1a: Wishiwashi|67/100|[from] item: Leftovers
|-heal|p2a: 全集中岩之呼吸|76/100|[from] item: Leftovers
|upkeep
|turn|34
|
|t:|1639648454
|move|p2a: 全集中岩之呼吸|Protect|p2a: 全集中岩之呼吸
|-singleturn|p2a: 全集中岩之呼吸|Protect
|move|p1a: Wishiwashi|U-turn|p2a: 全集中岩之呼吸
|-activate|p2a: 全集中岩之呼吸|move: Protect
|
|-weather|Sandstorm|[upkeep]
|-damage|p1a: Wishiwashi|61/100|[from] Sandstorm
|-heal|p1a: Wishiwashi|67/100|[from] item: Leftovers
|-heal|p2a: 全集中岩之呼吸|82/100|[from] item: Leftovers
|upkeep
|turn|35
|
|t:|1639648460
|switch|p2a: 姐姐好腿我好爱|Tsareena, F|36/100
|move|p1a: Wishiwashi|Rest|p1a: Wishiwashi
|-status|p1a: Wishiwashi|slp|[from] move: Rest
|-heal|p1a: Wishiwashi|100/100 slp|[silent]
|
|-weather|Sandstorm|[upkeep]
|-damage|p2a: 姐姐好腿我好爱|30/100|[from] Sandstorm
|-damage|p1a: Wishiwashi|94/100 slp|[from] Sandstorm
|-heal|p1a: Wishiwashi|100/100 slp|[from] item: Leftovers
|upkeep
|turn|36
|
|t:|1639648467
|switch|p2a: 全集中岩之呼吸|Gigalith, M|82/100
|switch|p1a: Articuno|Articuno|61/100
|-ability|p1a: Articuno|Pressure
|
|-weather|none
|-heal|p2a: 全集中岩之呼吸|88/100|[from] item: Leftovers
|upkeep
|turn|37
|
|t:|1639648476
|move|p1a: Articuno|Roost|p1a: Articuno
|-heal|p1a: Articuno|100/100
|-singleturn|p1a: Articuno|move: Roost
|move|p2a: 全集中岩之呼吸|Rock Blast|p1a: Articuno
|-supereffective|p1a: Articuno
|-damage|p1a: Articuno|86/100
|-supereffective|p1a: Articuno
|-damage|p1a: Articuno|71/100
|-supereffective|p1a: Articuno
|-damage|p1a: Articuno|57/100
|-supereffective|p1a: Articuno
|-damage|p1a: Articuno|41/100
|-hitcount|p1a: Articuno|4
|
|-heal|p2a: 全集中岩之呼吸|94/100|[from] item: Leftovers
|upkeep
|turn|38
|
|t:|1639648486
|move|p1a: Articuno|Roost|p1a: Articuno
|-heal|p1a: Articuno|91/100
|-singleturn|p1a: Articuno|move: Roost
|move|p2a: 全集中岩之呼吸|Rock Blast|p1a: Articuno
|-supereffective|p1a: Articuno
|-damage|p1a: Articuno|75/100
|-supereffective|p1a: Articuno
|-damage|p1a: Articuno|61/100
|-supereffective|p1a: Articuno
|-damage|p1a: Articuno|47/100
|-supereffective|p1a: Articuno
|-crit|p1a: Articuno
|-damage|p1a: Articuno|24/100
|-hitcount|p1a: Articuno|4
|
|-heal|p2a: 全集中岩之呼吸|100/100|[from] item: Leftovers
|upkeep
|turn|39
|
|t:|1639648492
|move|p1a: Articuno|Roost|p1a: Articuno
|-heal|p1a: Articuno|74/100
|-singleturn|p1a: Articuno|move: Roost
|move|p2a: 全集中岩之呼吸|Rock Blast|p1a: Articuno
|-supereffective|p1a: Articuno
|-damage|p1a: Articuno|58/100
|-supereffective|p1a: Articuno
|-damage|p1a: Articuno|44/100
|-supereffective|p1a: Articuno
|-damage|p1a: Articuno|31/100
|-supereffective|p1a: Articuno
|-damage|p1a: Articuno|15/100
|-supereffective|p1a: Articuno
|-damage|p1a: Articuno|0 fnt
|faint|p1a: Articuno
|-hitcount|p1: Articuno|5
|
|upkeep
|
|t:|1639648504
|switch|p1a: Wishiwashi|Wishiwashi, M|100/100 slp
|-formechange|p1a: Wishiwashi|Wishiwashi-School||[from] ability: Schooling
|turn|40
|
|t:|1639648508
|switch|p2a: 姐姐好腿我好爱|Tsareena, F|30/100
|cant|p1a: Wishiwashi|slp
|move|p1a: Wishiwashi|Sleep Talk|p1a: Wishiwashi
|move|p1a: Wishiwashi|U-turn|p2a: 姐姐好腿我好爱|[from]move: Sleep Talk
|-supereffective|p2a: 姐姐好腿我好爱
|-damage|p2a: 姐姐好腿我好爱|0 fnt
|faint|p2a: 姐姐好腿我好爱
|
|t:|1639648516
|switch|p1a: Scyther|Scyther, M|88/100|[from]move: U-turn
|
|upkeep
|
|t:|1639648520
|switch|p2a: 全集中岩之呼吸|Gigalith, M|100/100
|-weather|Sandstorm|[from] ability: Sand Stream|[of] p2a: 全集中岩之呼吸
|turn|41
|
|t:|1639648525
|move|p1a: Scyther|U-turn|p2a: 全集中岩之呼吸
|-damage|p2a: 全集中岩之呼吸|76/100
|
|t:|1639648527
|switch|p1a: Wishiwashi|Wishiwashi, M|100/100 slp|[from]move: U-turn
|-formechange|p1a: Wishiwashi|Wishiwashi-School||[from] ability: Schooling
|move|p2a: 全集中岩之呼吸|Rock Blast|p1a: Wishiwashi
|-damage|p1a: Wishiwashi|90/100 slp
|-damage|p1a: Wishiwashi|80/100 slp
|-damage|p1a: Wishiwashi|70/100 slp
|-damage|p1a: Wishiwashi|60/100 slp
|-damage|p1a: Wishiwashi|49/100 slp
|-hitcount|p1a: Wishiwashi|5
|
|-weather|Sandstorm|[upkeep]
|-damage|p1a: Wishiwashi|43/100 slp|[from] Sandstorm
|-heal|p1a: Wishiwashi|49/100 slp|[from] item: Leftovers
|-heal|p2a: 全集中岩之呼吸|82/100|[from] item: Leftovers
|upkeep
|turn|42
|
|t:|1639648537
|cant|p1a: Wishiwashi|slp
|move|p1a: Wishiwashi|Sleep Talk|p1a: Wishiwashi
|move|p1a: Wishiwashi|Rest||[from]move: Sleep Talk|[still]
|-fail|p1a: Wishiwashi
|move|p2a: 全集中岩之呼吸|Rock Blast|p1a: Wishiwashi
|-crit|p1a: Wishiwashi
|-damage|p1a: Wishiwashi|35/100 slp
|-damage|p1a: Wishiwashi|24/100 slp
|-hitcount|p1a: Wishiwashi|2
|
|-weather|Sandstorm|[upkeep]
|-damage|p1a: Wishiwashi|18/100 slp|[from] Sandstorm
|-heal|p1a: Wishiwashi|24/100 slp|[from] item: Leftovers
|-heal|p2a: 全集中岩之呼吸|88/100|[from] item: Leftovers
|-formechange|p1a: Wishiwashi|Wishiwashi||[from] ability: Schooling
|upkeep
|turn|43
|
|t:|1639648545
|-curestatus|p1a: Wishiwashi|slp|[msg]
|move|p1a: Wishiwashi|Rest|p1a: Wishiwashi
|-status|p1a: Wishiwashi|slp|[from] move: Rest
|-heal|p1a: Wishiwashi|100/100 slp|[silent]
|move|p2a: 全集中岩之呼吸|Rock Blast|p1a: Wishiwashi
|-damage|p1a: Wishiwashi|63/100 slp
|-damage|p1a: Wishiwashi|19/100 slp
|-damage|p1a: Wishiwashi|0 fnt
|faint|p1a: Wishiwashi
|-hitcount|p1: Wishiwashi|3
|
|-weather|Sandstorm|[upkeep]
|-heal|p2a: 全集中岩之呼吸|94/100|[from] item: Leftovers
|upkeep
|
|t:|1639648552
|switch|p1a: Scyther|Scyther, M|88/100
|turn|44
|-message|Istarion forfeited.
|
|win|shalutianwang
|raw|Istarion's rating: 1551 &rarr; <strong>1529</strong><br />(-22 for losing)
|raw|shalutianwang's rating: 1517 &rarr; <strong>1539</strong><br />(+22 for winning)
|l|☆Istarion
|l|☆shalutianwang
