|raw|<div class="broadcast-blue"><strong>This battle is required to be public due to a player having a name starting with 'pult4c1'.</div>
|j|☆AJtraceyyo
|j|☆PULT4C1 mrsoup
|t:|1660723684
|gametype|singles
|player|p1|AJtraceyyo|richboy-gen4|1407
|player|p2|PULT4C1 mrsoup|furisodegirl-blue|1496
|teamsize|p1|6
|teamsize|p2|6
|gen|8
|tier|[Gen 8] PU
|rated|
|rule|Sleep Clause Mod: Limit one foe put to sleep
|rule|Species Clause: Limit one of each Pokémon
|rule|OHKO Clause: OHKO moves are banned
|rule|Evasion Items Clause: Evasion items are banned
|rule|Evasion Moves Clause: Evasion moves are banned
|rule|Endless Battle Clause: Forcing endless battles is banned
|rule|HP Percentage Mod: HP is shown in percentages
|rule|Dynamax Clause: You cannot dynamax
|clearpoke
|poke|p1|Liepard, M|
|poke|p1|Qwilfish, F|
|poke|p1|Ludicolo, M|
|poke|p1|Poliwrath, M|
|poke|p1|Accelgor, F|
|poke|p1|Doublade, F|
|poke|p2|Lanturn, F|
|poke|p2|Sandslash, F|
|poke|p2|Gigalith, M|
|poke|p2|Scyther, M|
|poke|p2|Gourgeist-*, M|
|poke|p2|Lopunny, F|
|teampreview
|inactive|Battle timer is ON: inactive players will automatically lose when time's up. (requested by AJtraceyyo)
|inactive|PULT4C1 mrsoup has 120 seconds left.
|inactive|PULT4C1 mrsoup has 90 seconds left.
|
|t:|1660723760
|start
|switch|p1a: Accelgor|Accelgor, F|100/100
|switch|p2a: Sandslash|Sandslash, F|100/100
|turn|1
|
|t:|1660723771
|move|p1a: Accelgor|Rain Dance|p1a: Accelgor
|-weather|RainDance
|move|p2a: Sandslash|Rapid Spin|p1a: Accelgor
|-damage|p1a: Accelgor|72/100
|-boost|p2a: Sandslash|spe|1
|
|-weather|RainDance|[upkeep]
|upkeep
|turn|2
|
|t:|1660723787
|move|p1a: Accelgor|Toxic Spikes|p2a: Sandslash
|-sidestart|p2: PULT4C1 mrsoup|move: Toxic Spikes
|move|p2a: Sandslash|Spikes|p1a: Accelgor
|-sidestart|p1: AJtraceyyo|Spikes
|
|-weather|RainDance|[upkeep]
|upkeep
|turn|3
|
|t:|1660723791
|switch|p1a: Doublade|Doublade, F|100/100
|-damage|p1a: Doublade|88/100|[from] Spikes
|move|p2a: Sandslash|Knock Off|p1a: Doublade
|-supereffective|p1a: Doublade
|-damage|p1a: Doublade|57/100
|-enditem|p1a: Doublade|Eviolite|[from] move: Knock Off|[of] p2a: Sandslash
|
|-weather|RainDance|[upkeep]
|upkeep
|turn|4
|
|t:|1660723799
|move|p2a: Sandslash|Knock Off|p1a: Doublade
|-supereffective|p1a: Doublade
|-damage|p1a: Doublade|25/100
|move|p1a: Doublade|Iron Head|p2a: Sandslash
|-damage|p2a: Sandslash|62/100
|
|-weather|RainDance|[upkeep]
|-heal|p2a: Sandslash|68/100|[from] item: Leftovers
|upkeep
|turn|5
|
|t:|1660723809
|move|p1a: Doublade|Shadow Sneak|p2a: Sandslash
|-damage|p2a: Sandslash|47/100
|move|p2a: Sandslash|Knock Off|p1a: Doublade
|-supereffective|p1a: Doublade
|-damage|p1a: Doublade|0 fnt
|faint|p1a: Doublade
|
|-weather|RainDance|[upkeep]
|-heal|p2a: Sandslash|53/100|[from] item: Leftovers
|upkeep
|
|t:|1660723811
|switch|p1a: Ludicolo|Ludicolo, M|100/100
|-damage|p1a: Ludicolo|88/100|[from] Spikes
|turn|6
|
|t:|1660723821
|switch|p2a: Gigalith|Gigalith, M|100/100
|-status|p2a: Gigalith|psn
|-weather|Sandstorm|[from] ability: Sand Stream|[of] p2a: Gigalith
|move|p1a: Ludicolo|Giga Drain|p2a: Gigalith
|-supereffective|p2a: Gigalith
|-damage|p2a: Gigalith|53/100 psn
|-heal|p1a: Ludicolo|100/100|[from] drain|[of] p2a: Gigalith
|-damage|p1a: Ludicolo|91/100|[from] item: Life Orb
|
|-weather|Sandstorm|[upkeep]
|-damage|p1a: Ludicolo|85/100|[from] Sandstorm
|-heal|p2a: Gigalith|59/100 psn|[from] item: Leftovers
|-damage|p2a: Gigalith|46/100 psn|[from] psn
|upkeep
|turn|7
|
|t:|1660723832
|switch|p2a: Scyther|Scyther, M|100/100
|move|p1a: Ludicolo|Surf|p2a: Scyther
|-damage|p2a: Scyther|24/100
|-damage|p1a: Ludicolo|75/100|[from] item: Life Orb
|
|-weather|Sandstorm|[upkeep]
|-damage|p2a: Scyther|18/100|[from] Sandstorm
|-damage|p1a: Ludicolo|69/100|[from] Sandstorm
|upkeep
|turn|8
|
|t:|1660723848
|switch|p2a: Sandslash|Sandslash, F|53/100
|-status|p2a: Sandslash|psn
|switch|p1a: Qwilfish|Qwilfish, F|100/100
|
|-weather|Sandstorm|[upkeep]
|-damage|p1a: Qwilfish|95/100|[from] Sandstorm
|-heal|p2a: Sandslash|59/100 psn|[from] item: Leftovers
|-damage|p2a: Sandslash|47/100 psn|[from] psn
|upkeep
|turn|9
|
|t:|1660723856
|switch|p1a: Ludicolo|Ludicolo, M|69/100
|-damage|p1a: Ludicolo|56/100|[from] Spikes
|move|p2a: Sandslash|Earthquake|p1a: Ludicolo
|-resisted|p1a: Ludicolo
|-damage|p1a: Ludicolo|19/100
|
|-weather|Sandstorm|[upkeep]
|-damage|p1a: Ludicolo|13/100|[from] Sandstorm
|-heal|p2a: Sandslash|53/100 psn|[from] item: Leftovers
|-damage|p2a: Sandslash|40/100 psn|[from] psn
|upkeep
|turn|10
|
|t:|1660723861
|move|p2a: Sandslash|Rapid Spin|p1a: Ludicolo
|-damage|p1a: Ludicolo|0 fnt
|-boost|p2a: Sandslash|spe|1
|-sideend|p2: PULT4C1 mrsoup|Toxic Spikes|[from] move: Rapid Spin|[of] p2a: Sandslash
|faint|p1a: Ludicolo
|
|-weather|none
|-heal|p2a: Sandslash|46/100 psn|[from] item: Leftovers
|-damage|p2a: Sandslash|34/100 psn|[from] psn
|upkeep
|
|t:|1660723865
|switch|p1a: Liepard|Liepard, M|100/100
|-damage|p1a: Liepard|88/100|[from] Spikes
|turn|11
|
|t:|1660723870
|move|p1a: Liepard|Rain Dance|p1a: Liepard
|-weather|RainDance
|move|p2a: Sandslash|Earthquake|p1a: Liepard
|-damage|p1a: Liepard|0 fnt
|faint|p1a: Liepard
|
|-weather|RainDance|[upkeep]
|-heal|p2a: Sandslash|40/100 psn|[from] item: Leftovers
|-damage|p2a: Sandslash|28/100 psn|[from] psn
|upkeep
|
|t:|1660723877
|switch|p1a: Poliwrath|Poliwrath, M|100/100
|turn|12
|
|t:|1660723888
|switch|p2a: Lanturn|Lanturn, F|100/100
|move|p1a: Poliwrath|Bulk Up|p1a: Poliwrath
|-boost|p1a: Poliwrath|atk|1
|-boost|p1a: Poliwrath|def|1
|
|-weather|RainDance|[upkeep]
|upkeep
|turn|13
|
|t:|1660723900
|move|p1a: Poliwrath|Close Combat|p2a: Lanturn
|-damage|p2a: Lanturn|0 fnt
|-unboost|p1a: Poliwrath|def|1
|-unboost|p1a: Poliwrath|spd|1
|faint|p2a: Lanturn
|
|-weather|RainDance|[upkeep]
|upkeep
|
|t:|1660723903
|switch|p2a: Gigalith|Gigalith, M|46/100 psn
|-weather|Sandstorm|[from] ability: Sand Stream|[of] p2a: Gigalith
|turn|14
|
|t:|1660723926
|switch|p2a: Gourgeist|Gourgeist-Super, M|100/100
|-item|p1a: Poliwrath|Heavy-Duty Boots|[from] ability: Frisk|[of] p2a: Gourgeist|[identify]
|move|p1a: Poliwrath|Bulk Up|p1a: Poliwrath
|-boost|p1a: Poliwrath|atk|1
|-boost|p1a: Poliwrath|def|1
|
|-weather|Sandstorm|[upkeep]
|-damage|p1a: Poliwrath|94/100|[from] Sandstorm
|-damage|p2a: Gourgeist|94/100|[from] Sandstorm
|upkeep
|turn|15
|
|t:|1660723932
|move|p1a: Poliwrath|Darkest Lariat|p2a: Gourgeist
|-supereffective|p2a: Gourgeist
|-damage|p2a: Gourgeist|3/100
|move|p2a: Gourgeist|Power Whip|p1a: Poliwrath
|-supereffective|p1a: Poliwrath
|-damage|p1a: Poliwrath|0 fnt
|faint|p1a: Poliwrath
|
|-weather|Sandstorm|[upkeep]
|-damage|p2a: Gourgeist|0 fnt|[from] Sandstorm
|faint|p2a: Gourgeist
|upkeep
|
|t:|1660723950
|switch|p1a: Accelgor|Accelgor, F|72/100
|switch|p2a: Scyther|Scyther, M|18/100
|-damage|p1a: Accelgor|59/100|[from] Spikes
|turn|16
|
|t:|1660723958
|move|p1a: Accelgor|Rain Dance|p1a: Accelgor
|-weather|RainDance
|move|p2a: Scyther|Dual Wingbeat|p1a: Accelgor
|-supereffective|p1a: Accelgor
|-damage|p1a: Accelgor|0 fnt
|faint|p1a: Accelgor
|-hitcount|p1: Accelgor|1
|
|-weather|RainDance|[upkeep]
|upkeep
|
|t:|1660723962
|switch|p1a: Qwilfish|Qwilfish, F|95/100
|turn|17
|
|t:|1660723964
|switch|p2a: Gigalith|Gigalith, M|46/100 psn
|-weather|Sandstorm|[from] ability: Sand Stream|[of] p2a: Gigalith
|move|p1a: Qwilfish|Swords Dance|p1a: Qwilfish
|-boost|p1a: Qwilfish|atk|2
|
|-weather|Sandstorm|[upkeep]
|-damage|p1a: Qwilfish|89/100|[from] Sandstorm
|-heal|p2a: Gigalith|53/100 psn|[from] item: Leftovers
|-damage|p2a: Gigalith|40/100 psn|[from] psn
|upkeep
|turn|18
|
|t:|1660723967
|move|p1a: Qwilfish|Liquidation|p2a: Gigalith
|-supereffective|p2a: Gigalith
|-damage|p2a: Gigalith|0 fnt
|faint|p2a: Gigalith
|
|-weather|Sandstorm|[upkeep]
|-damage|p1a: Qwilfish|83/100|[from] Sandstorm
|upkeep
|
|t:|1660723971
|switch|p2a: Sandslash|Sandslash, F|28/100 psn
|turn|19
|
|t:|1660723973
|move|p1a: Qwilfish|Aqua Jet|p2a: Sandslash
|-supereffective|p2a: Sandslash
|-crit|p2a: Sandslash
|-damage|p2a: Sandslash|0 fnt
|faint|p2a: Sandslash
|
|-weather|Sandstorm|[upkeep]
|-damage|p1a: Qwilfish|77/100|[from] Sandstorm
|upkeep
|
|t:|1660723977
|switch|p2a: Lopunny|Lopunny, F|100/100
|turn|20
|
|t:|1660723983
|move|p1a: Qwilfish|Liquidation|p2a: Lopunny
|-crit|p2a: Lopunny
|-damage|p2a: Lopunny|0 fnt
|faint|p2a: Lopunny
|
|-weather|Sandstorm|[upkeep]
|-damage|p1a: Qwilfish|71/100|[from] Sandstorm
|upkeep
|inactive|PULT4C1 mrsoup has 120 seconds left.
|inactive|PULT4C1 mrsoup has 90 seconds left.
|c|☆PULT4C1 mrsoup|i cant believe u just won off that lmao
|
|t:|1660724047
|switch|p2a: Scyther|Scyther, M|18/100
|turn|21
|c|☆AJtraceyyo|Lol
|j| daniYSB
|c|☆AJtraceyyo|How do you even ko with lopunny
|c|☆AJtraceyyo|and why your speed so low
|c|☆PULT4C1 mrsoup|healing wish
|c|☆AJtraceyyo|lmao
|c|☆PULT4C1 mrsoup|max hp max def
|inactive|AJtraceyyo has 120 seconds left.
|c|☆AJtraceyyo|Well you lost then
|c|☆AJtraceyyo|+2 kos
|c|☆PULT4C1 mrsoup|does it rly
|c|☆AJtraceyyo|Yup calc it
|
|t:|1660724098
|move|p1a: Qwilfish|Aqua Jet|p2a: Scyther
|-damage|p2a: Scyther|0 fnt
|faint|p2a: Scyther
|
|win|AJtraceyyo
|raw|AJtraceyyo's rating: 1407 &rarr; <strong>1432</strong><br />(+25 for winning)
|raw|PULT4C1 mrsoup's rating: 1496 &rarr; <strong>1471</strong><br />(-25 for losing)
|l| daniYSB
|c|☆PULT4C1 mrsoup|+2 252+ Atk Qwilfish Aqua Jet vs. 0 HP / 4 Def Scyther: 139-165 (49.4 - 58.7%) -- 98.8% chance to 2HKO
|c|☆PULT4C1 mrsoup|lmao what
|c|☆PULT4C1 mrsoup|r u sayin
|c|☆AJtraceyyo|Lopunny
|c|☆AJtraceyyo|gets koed
|c|☆AJtraceyyo|Lmao you fool
|c|☆PULT4C1 mrsoup|no it doesnt lol
|c|☆AJtraceyyo|Calc it
|c|☆PULT4C1 mrsoup|+2 252+ Atk Qwilfish Liquidation vs. 252 HP / 252+ Def Lopunny: 198-234 (59.2 - 70%) -- guaranteed 2HKO
|c|☆PULT4C1 mrsoup|what r u sayin
|c|☆AJtraceyyo|And
|c|☆AJtraceyyo|dual wing doesn’t ko
|c|☆PULT4C1 mrsoup|i healing wish
|c|☆PULT4C1 mrsoup|scyther
|c|☆AJtraceyyo|So even with surviving and wishing you lose lol
|c|☆PULT4C1 mrsoup|252 Atk Technician Scyther Dual Wingbeat (2 hits) vs. 0 HP / 4 Def Qwilfish: 200-236 (73.8 - 87%) -- approx. 2HKO after Black Sludge recovery
|c|☆PULT4C1 mrsoup|it kills
|c|☆PULT4C1 mrsoup|idk what ur sayin friend
|c|☆AJtraceyyo|Bro you choked
|c|☆AJtraceyyo|Even without crit
|c|☆AJtraceyyo|you should of won this matchup lmao
|c|☆AJtraceyyo|u bad
|c|☆PULT4C1 mrsoup|huh
|c|☆PULT4C1 mrsoup|i won
|c|☆PULT4C1 mrsoup|u vcrti me
|c|☆AJtraceyyo|You have giga and lanturn
|c|☆AJtraceyyo|and lost vs rain
|c|☆PULT4C1 mrsoup|and lying about calc
|c|☆PULT4C1 mrsoup|like what r u man
|c|☆PULT4C1 mrsoup|weirdo
|c|☆AJtraceyyo|You lost vs rain with those 2 mons
|c|☆AJtraceyyo|thats on you g lmao
|c|☆PULT4C1 mrsoup|ur weird dude
|c|☆AJtraceyyo|Down bad
|c|☆AJtraceyyo|Imagine losing rain with those 2 mons but crying about a crit
|c|☆AJtraceyyo|u deserve to lose lmao
|c|☆PULT4C1 mrsoup|i didnt really cry
|c|☆PULT4C1 mrsoup|i said lmao
|c|☆AJtraceyyo|U did
|c|☆PULT4C1 mrsoup|and then u asked why
|c|☆PULT4C1 mrsoup|so i showed u
|c|☆AJtraceyyo|U should focus on beating rain with the advantage
|c|☆AJtraceyyo|instead of crying about a crit lol
|c|☆PULT4C1 mrsoup|youre a very strange fella
|c|☆AJtraceyyo|Cheers mate
|c|☆AJtraceyyo|gg
|l|☆AJtraceyyo
