|j|☆MAC1295
|j|☆Firifirific
|t:|1602856049
|player|p1|MAC1295|lucian|1287
|player|p2|Firifirific|artist|1451
|teamsize|p1|6
|teamsize|p2|6
|gametype|singles
|gen|8
|tier|[Gen 8] PU
|rated|
|clearpoke
|poke|p1|Flareon, M|
|poke|p1|Leafeon, F|
|poke|p1|Stunfisk, M|
|poke|p1|Alcremie, F|
|poke|p1|Perrserker, M|
|poke|p1|Cramorant, F|
|poke|p2|Lurantis, F|
|poke|p2|Grookey, M|
|poke|p2|Drifblim, F|
|poke|p2|Avalugg, M|
|poke|p2|Manectric, M|
|poke|p2|Silvally-*|
|rule|Sleep Clause Mod: Limit one foe put to sleep
|rule|Species Clause: Limit one of each Pokémon
|rule|OHKO Clause: OHKO moves are banned
|rule|Evasion Moves Clause: Evasion moves are banned
|rule|Endless Battle Clause: Forcing endless battles is banned
|rule|HP Percentage Mod: HP is shown in percentages
|rule|Dynamax Clause: You cannot dynamax
|teampreview
|
|t:|1602856061
|start
|switch|p1a: Flareon|Flareon, M|100/100
|switch|p2a: Grookey|Grookey, M|100/100
|-fieldstart|move: Grassy Terrain|[from] ability: Grassy Surge|[of] p2a: Grookey
|turn|1
|inactive|Battle timer is ON: inactive players will automatically lose when time's up. (requested by MAC1295)
|
|t:|1602856074
|switch|p2a: Avalugg|Avalugg, M, shiny|100/100
|move|p1a: Flareon|Flare Blitz|p2a: Avalugg
|-supereffective|p2a: Avalugg
|-damage|p2a: Avalugg|57/100
|-damage|p1a: Flareon|84/100|[from] Recoil
|
|-heal|p1a: Flareon|90/100|[from] Grassy Terrain
|-heal|p2a: Avalugg|63/100|[from] Grassy Terrain
|upkeep
|turn|2
|
|t:|1602856086
|switch|p1a: Cramorant|Cramorant, F|100/100
|move|p2a: Avalugg|Recover|p2a: Avalugg
|-heal|p2a: Avalugg|100/100
|
|upkeep
|turn|3
|
|t:|1602856094
|switch|p2a: Manectric|Manectric, M|100/100
|move|p1a: Cramorant|Surf|p2a: Manectric
|-formechange|p1a: Cramorant|Cramorant-Gulping|
|-damage|p2a: Manectric|49/100
|
|-heal|p2a: Manectric|55/100|[from] Grassy Terrain
|upkeep
|turn|4
|
|t:|1602856103
|switch|p1a: Stunfisk|Stunfisk, M|100/100
|move|p2a: Manectric|Volt Switch|p1a: Stunfisk
|-immune|p1a: Stunfisk
|
|-heal|p2a: Manectric|61/100|[from] Grassy Terrain
|upkeep
|turn|5
|
|t:|1602856116
|switch|p2a: Silvally|Silvally-Poison|100/100
|move|p1a: Stunfisk|Toxic|p2a: Silvally
|-immune|p2a: Silvally
|
|upkeep
|turn|6
|
|t:|1602856122
|move|p2a: Silvally|Toxic|p1a: Stunfisk
|-status|p1a: Stunfisk|tox
|move|p1a: Stunfisk|Stealth Rock|p2a: Silvally
|-sidestart|p2: Firifirific|move: Stealth Rock
|
|-damage|p1a: Stunfisk|94/100 tox|[from] psn
|upkeep
|turn|7
|
|t:|1602856133
|switch|p2a: Avalugg|Avalugg, M, shiny|100/100
|move|p1a: Stunfisk|Earth Power|p2a: Avalugg
|-damage|p2a: Avalugg|58/100
|
|-heal|p1a: Stunfisk|100/100 tox|[from] Grassy Terrain
|-heal|p2a: Avalugg|64/100|[from] Grassy Terrain
|-damage|p1a: Stunfisk|88/100 tox|[from] psn
|upkeep
|turn|8
|
|t:|1602856144
|switch|p1a: Cramorant|Cramorant, F|100/100
|move|p2a: Avalugg|Recover|p2a: Avalugg
|-heal|p2a: Avalugg|100/100
|
|-fieldend|move: Grassy Terrain
|upkeep
|turn|9
|
|t:|1602856154
|switch|p2a: Silvally|Silvally-Poison|100/100
|-damage|p2a: Silvally|88/100|[from] Stealth Rock
|move|p1a: Cramorant|Surf|p2a: Silvally
|-formechange|p1a: Cramorant|Cramorant-Gulping|
|-damage|p2a: Silvally|71/100
|
|upkeep
|turn|10
|
|t:|1602856162
|switch|p1a: Stunfisk|Stunfisk, M|88/100 tox
|move|p2a: Silvally|Toxic|p1a: Stunfisk
|-fail|p1a: Stunfisk|tox
|
|-damage|p1a: Stunfisk|82/100 tox|[from] psn
|upkeep
|turn|11
|
|t:|1602856171
|move|p2a: Silvally|Parting Shot|p1a: Stunfisk
|-unboost|p1a: Stunfisk|atk|1
|-unboost|p1a: Stunfisk|spa|1
|
|t:|1602856174
|switch|p2a: Grookey|Grookey, M|100/100|[from]move: Parting Shot
|-damage|p2a: Grookey|88/100|[from] Stealth Rock
|-fieldstart|move: Grassy Terrain|[from] ability: Grassy Surge|[of] p2a: Grookey
|move|p1a: Stunfisk|Discharge|p2a: Grookey
|-resisted|p2a: Grookey
|-damage|p2a: Grookey|65/100
|
|-heal|p2a: Grookey|71/100|[from] Grassy Terrain
|-heal|p1a: Stunfisk|88/100 tox|[from] Grassy Terrain
|-damage|p1a: Stunfisk|76/100 tox|[from] psn
|upkeep
|turn|12
|
|t:|1602856189
|switch|p1a: Perrserker|Perrserker, M|100/100
|move|p2a: Grookey|Knock Off|p1a: Perrserker
|-damage|p1a: Perrserker|74/100
|-enditem|p1a: Perrserker|Choice Band|[from] move: Knock Off|[of] p2a: Grookey
|
|-heal|p2a: Grookey|77/100|[from] Grassy Terrain
|-heal|p1a: Perrserker|80/100|[from] Grassy Terrain
|upkeep
|turn|13
|
|t:|1602856200
|move|p2a: Grookey|U-turn|p1a: Perrserker
|-resisted|p1a: Perrserker
|-damage|p1a: Perrserker|69/100
|
|t:|1602856203
|switch|p2a: Avalugg|Avalugg, M, shiny|100/100|[from]move: U-turn
|move|p1a: Perrserker|Iron Head|p2a: Avalugg
|-supereffective|p2a: Avalugg
|-damage|p2a: Avalugg|59/100
|
|-heal|p1a: Perrserker|75/100|[from] Grassy Terrain
|-heal|p2a: Avalugg|65/100|[from] Grassy Terrain
|upkeep
|turn|14
|
|t:|1602856213
|move|p1a: Perrserker|Iron Head|p2a: Avalugg
|-supereffective|p2a: Avalugg
|-damage|p2a: Avalugg|24/100
|move|p2a: Avalugg|Rapid Spin|p1a: Perrserker
|-resisted|p1a: Perrserker
|-damage|p1a: Perrserker|66/100
|-boost|p2a: Avalugg|spe|1
|-sideend|p2: Firifirific|Stealth Rock|[from] move: Rapid Spin|[of] p2a: Avalugg
|
|-heal|p1a: Perrserker|72/100|[from] Grassy Terrain
|-heal|p2a: Avalugg|30/100|[from] Grassy Terrain
|upkeep
|turn|15
|
|t:|1602856225
|switch|p2a: Manectric|Manectric, M|61/100
|move|p1a: Perrserker|Iron Head|p2a: Manectric
|-resisted|p2a: Manectric
|-damage|p2a: Manectric|12/100
|
|-heal|p2a: Manectric|18/100|[from] Grassy Terrain
|-heal|p1a: Perrserker|78/100|[from] Grassy Terrain
|upkeep
|turn|16
|
|t:|1602856235
|switch|p1a: Stunfisk|Stunfisk, M|76/100 tox
|move|p2a: Manectric|Flamethrower|p1a: Stunfisk
|-damage|p1a: Stunfisk|50/100 tox
|
|-heal|p2a: Manectric|24/100|[from] Grassy Terrain
|-heal|p1a: Stunfisk|57/100 tox|[from] Grassy Terrain
|-damage|p1a: Stunfisk|50/100 tox|[from] psn
|upkeep
|turn|17
|
|t:|1602856245
|move|p2a: Manectric|Flamethrower|p1a: Stunfisk
|-damage|p1a: Stunfisk|27/100 tox
|move|p1a: Stunfisk|Stealth Rock|p2a: Manectric
|-sidestart|p2: Firifirific|move: Stealth Rock
|
|-heal|p2a: Manectric|30/100|[from] Grassy Terrain
|-heal|p1a: Stunfisk|33/100 tox|[from] Grassy Terrain
|-damage|p1a: Stunfisk|20/100 tox|[from] psn
|upkeep
|turn|18
|
|t:|1602856256
|switch|p2a: Avalugg|Avalugg, M, shiny|30/100
|switch|p1a: Flareon|Flareon, M|90/100
|
|-heal|p1a: Flareon|96/100|[from] Grassy Terrain
|-heal|p2a: Avalugg|36/100|[from] Grassy Terrain
|-fieldend|move: Grassy Terrain
|upkeep
|turn|19
|j| FishyFace47
|
|t:|1602856268
|move|p1a: Flareon|Flare Blitz|p2a: Avalugg
|-supereffective|p2a: Avalugg
|-damage|p2a: Avalugg|0 fnt
|-damage|p1a: Flareon|82/100|[from] Recoil
|faint|p2a: Avalugg
|
|upkeep
|
|t:|1602856287
|switch|p2a: Drifblim|Drifblim, F|100/100
|-damage|p2a: Drifblim|75/100|[from] Stealth Rock
|turn|20
|
|t:|1602856305
|move|p2a: Drifblim|Strength Sap|p1a: Flareon
|-unboost|p1a: Flareon|atk|1
|-heal|p2a: Drifblim|100/100
|move|p1a: Flareon|Wish|p1a: Flareon
|
|upkeep
|turn|21
|
|t:|1602856313
|move|p2a: Drifblim|Shadow Ball|p1a: Flareon
|-damage|p1a: Flareon|56/100
|move|p1a: Flareon|Heal Bell|p1a: Flareon
|-activate|p1a: Flareon|move: Heal Bell
|-curestatus|p1: Stunfisk|tox|[msg]
|
|-heal|p1a: Flareon|100/100|[from] move: Wish|[wisher] Flareon
|upkeep
|turn|22
|
|t:|1602856324
|switch|p1a: Cramorant|Cramorant, F|100/100
|move|p2a: Drifblim|Shadow Ball|p1a: Cramorant
|-damage|p1a: Cramorant|65/100
|
|upkeep
|turn|23
|
|t:|1602856332
|switch|p2a: Grookey|Grookey, M|77/100
|-damage|p2a: Grookey|65/100|[from] Stealth Rock
|-fieldstart|move: Grassy Terrain|[from] ability: Grassy Surge|[of] p2a: Grookey
|move|p1a: Cramorant|Surf|p2a: Grookey
|-resisted|p2a: Grookey
|-formechange|p1a: Cramorant|Cramorant-Gulping|
|-damage|p2a: Grookey|22/100
|
|-heal|p2a: Grookey|28/100|[from] Grassy Terrain
|upkeep
|turn|24
|
|t:|1602856347
|switch|p1a: Stunfisk|Stunfisk, M|20/100
|switch|p2a: Drifblim|Drifblim, F|100/100
|-damage|p2a: Drifblim|75/100|[from] Stealth Rock
|-enditem|p2a: Drifblim|Grassy Seed
|-boost|p2a: Drifblim|def|1|[from] item: Grassy Seed
|
|-heal|p1a: Stunfisk|27/100|[from] Grassy Terrain
|upkeep
|turn|25
|
|t:|1602856360
|move|p2a: Drifblim|Calm Mind|p2a: Drifblim
|-boost|p2a: Drifblim|spa|1
|-boost|p2a: Drifblim|spd|1
|move|p1a: Stunfisk|Discharge|p2a: Drifblim
|-supereffective|p2a: Drifblim
|-damage|p2a: Drifblim|40/100
|
|-heal|p1a: Stunfisk|33/100|[from] Grassy Terrain
|upkeep
|turn|26
|
|t:|1602856369
|move|p2a: Drifblim|Shadow Ball|p1a: Stunfisk
|-damage|p1a: Stunfisk|0 fnt
|faint|p1a: Stunfisk
|
|upkeep
|
|t:|1602856391
|switch|p1a: Cramorant|Cramorant, F|65/100
|turn|27
|
|t:|1602856396
|move|p2a: Drifblim|Shadow Ball|p1a: Cramorant
|-damage|p1a: Cramorant|7/100
|move|p1a: Cramorant|Surf|p2a: Drifblim
|-formechange|p1a: Cramorant|Cramorant-Gorging|
|-damage|p2a: Drifblim|17/100
|
|upkeep
|turn|28
|
|t:|1602856404
|move|p2a: Drifblim|Strength Sap|p1a: Cramorant
|-unboost|p1a: Cramorant|atk|1
|-heal|p2a: Drifblim|52/100
|move|p1a: Cramorant|Roost|p1a: Cramorant
|-heal|p1a: Cramorant|57/100
|-singleturn|p1a: Cramorant|move: Roost
|
|-heal|p1a: Cramorant|63/100|[from] Grassy Terrain
|upkeep
|turn|29
|
|t:|1602856415
|move|p2a: Drifblim|Shadow Ball|p1a: Cramorant
|-damage|p1a: Cramorant|10/100
|-unboost|p1a: Cramorant|spd|1
|-damage|p2a: Drifblim|27/100|[from] ability: Gulp Missile|[of] p1a: Cramorant
|-status|p2a: Drifblim|par
|-formechange|p1a: Cramorant|Cramorant|
|move|p1a: Cramorant|Roost|p1a: Cramorant
|-heal|p1a: Cramorant|60/100
|-singleturn|p1a: Cramorant|move: Roost
|
|-heal|p1a: Cramorant|66/100|[from] Grassy Terrain
|upkeep
|turn|30
|
|t:|1602856428
|cant|p2a: Drifblim|par
|move|p1a: Cramorant|Surf|p2a: Drifblim
|-formechange|p1a: Cramorant|Cramorant-Gulping|
|-damage|p2a: Drifblim|4/100 par
|
|-fieldend|move: Grassy Terrain
|upkeep
|turn|31
|
|t:|1602856447
|move|p2a: Drifblim|Destiny Bond|p2a: Drifblim
|-singlemove|p2a: Drifblim|Destiny Bond
|move|p1a: Cramorant|Surf|p2a: Drifblim
|-damage|p2a: Drifblim|0 fnt
|faint|p2a: Drifblim
|-activate|p2a: Drifblim|move: Destiny Bond
|faint|p1a: Cramorant
|
|upkeep
|
|t:|1602856457
|switch|p2a: Grookey|Grookey, M|28/100
|switch|p1a: Flareon|Flareon, M|100/100
|-damage|p2a: Grookey|15/100|[from] Stealth Rock
|-fieldstart|move: Grassy Terrain|[from] ability: Grassy Surge|[of] p2a: Grookey
|turn|32
|
|t:|1602856465
|move|p2a: Grookey|Grassy Glide|p1a: Flareon
|-resisted|p1a: Flareon
|-crit|p1a: Flareon
|-damage|p1a: Flareon|59/100
|move|p1a: Flareon|Flare Blitz|p2a: Grookey
|-supereffective|p2a: Grookey
|-damage|p2a: Grookey|0 fnt
|-damage|p1a: Flareon|55/100|[from] Recoil
|faint|p2a: Grookey
|
|-heal|p1a: Flareon|61/100|[from] Grassy Terrain
|upkeep
|
|t:|1602856477
|switch|p2a: Silvally|Silvally-Poison|71/100
|-damage|p2a: Silvally|59/100|[from] Stealth Rock
|turn|33
|
|t:|1602856487
|switch|p1a: Perrserker|Perrserker, M|78/100
|move|p2a: Silvally|Parting Shot|p1a: Perrserker
|-unboost|p1a: Perrserker|atk|1
|-unboost|p1a: Perrserker|spa|1
|
|t:|1602856492
|switch|p2a: Lurantis|Lurantis, F|100/100|[from]move: Parting Shot
|-damage|p2a: Lurantis|88/100|[from] Stealth Rock
|
|-heal|p1a: Perrserker|84/100|[from] Grassy Terrain
|-heal|p2a: Lurantis|94/100|[from] Grassy Terrain
|upkeep
|turn|34
|
|t:|1602856505
|move|p1a: Perrserker|U-turn|p2a: Lurantis
|-supereffective|p2a: Lurantis
|-damage|p2a: Lurantis|52/100
|
|t:|1602856517
|switch|p1a: Leafeon|Leafeon, F|100/100|[from]move: U-turn
|move|p2a: Lurantis|Superpower|p1a: Leafeon
|-damage|p1a: Leafeon|64/100
|-boost|p2a: Lurantis|atk|1
|-boost|p2a: Lurantis|def|1
|
|-heal|p1a: Leafeon|70/100|[from] Grassy Terrain
|-heal|p2a: Lurantis|58/100|[from] Grassy Terrain
|upkeep
|turn|35
|
|t:|1602856529
|move|p1a: Leafeon|X-Scissor|p2a: Lurantis
|-supereffective|p2a: Lurantis
|-damage|p2a: Lurantis|24/100
|move|p2a: Lurantis|Leech Life|p1a: Leafeon
|-supereffective|p1a: Leafeon
|-damage|p1a: Leafeon|0 fnt
|-heal|p2a: Lurantis|52/100|[from] drain|[of] p1a: Leafeon
|faint|p1a: Leafeon
|
|-heal|p2a: Lurantis|58/100|[from] Grassy Terrain
|upkeep
|
|t:|1602856539
|switch|p1a: Alcremie|Alcremie, F|100/100
|turn|36
|
|t:|1602856545
|move|p2a: Lurantis|Grassy Glide|p1a: Alcremie
|-damage|p1a: Alcremie|0 fnt
|faint|p1a: Alcremie
|
|-heal|p2a: Lurantis|64/100|[from] Grassy Terrain
|upkeep
|
|t:|1602856557
|switch|p1a: Perrserker|Perrserker, M|84/100
|turn|37
|
|t:|1602856562
|move|p1a: Perrserker|Iron Head|p2a: Lurantis
|-damage|p2a: Lurantis|27/100
|move|p2a: Lurantis|Superpower|p1a: Perrserker
|-supereffective|p1a: Perrserker
|-damage|p1a: Perrserker|0 fnt
|-boost|p2a: Lurantis|atk|1
|-boost|p2a: Lurantis|def|1
|faint|p1a: Perrserker
|
|-heal|p2a: Lurantis|33/100|[from] Grassy Terrain
|upkeep
|
|t:|1602856565
|switch|p1a: Flareon|Flareon, M|61/100
|turn|38
|
|t:|1602856576
|move|p2a: Lurantis|Grassy Glide|p1a: Flareon
|-resisted|p1a: Flareon
|-damage|p1a: Flareon|0 fnt
|faint|p1a: Flareon
|
|win|Firifirific
|l|☆MAC1295
|c|☆Firifirific|Gg
|raw|MAC1295's rating: 1256 &rarr; <strong>1244</strong><br />(-12 for losing)
|raw|Firifirific's rating: 1451 &rarr; <strong>1460</strong><br />(+9 for winning)
