|j|☆Standard Ice
|j|☆nearbearfair
|t:|1605897631
|player|p1|Standard Ice|1|1423
|player|p2|nearbearfair|hiker-gen4|1454
|teamsize|p1|6
|teamsize|p2|6
|gametype|singles
|gen|8
|tier|[Gen 8] PU
|rated|
|clearpoke
|poke|p1|Pinsir, F|
|poke|p1|Mawile, F|
|poke|p1|Poliwrath, M|
|poke|p1|Lickilicky, M|
|poke|p1|Rotom-Fan|
|poke|p1|Kadabra, M|
|poke|p2|Armaldo, M|
|poke|p2|Shiinotic, M|
|poke|p2|Liepard, M|
|poke|p2|Poliwrath, M|
|poke|p2|Jolteon, M|
|poke|p2|Sandslash, F|
|rule|Sleep Clause Mod: Limit one foe put to sleep
|rule|Species Clause: Limit one of each Pokémon
|rule|OHKO Clause: OHKO moves are banned
|rule|Evasion Moves Clause: Evasion moves are banned
|rule|Endless Battle Clause: Forcing endless battles is banned
|rule|HP Percentage Mod: HP is shown in percentages
|rule|Dynamax Clause: You cannot dynamax
|teampreview
|
|t:|1605897652
|start
|switch|p1a: Mawile|Mawile, F|100/100
|switch|p2a: Jolteon|Jolteon, M|100/100
|-ability|p1a: Mawile|Intimidate|boost
|-unboost|p2a: Jolteon|atk|1
|turn|1
|
|t:|1605897659
|move|p2a: Jolteon|Volt Switch|p1a: Mawile
|-damage|p1a: Mawile|52/100
|-damage|p2a: Jolteon|91/100|[from] item: Life Orb
|
|t:|1605897663
|switch|p2a: Sandslash|Sandslash, F|100/100|[from]move: Volt Switch
|move|p1a: Mawile|Knock Off|p2a: Sandslash
|-damage|p2a: Sandslash|88/100
|-damage|p1a: Mawile|35/100|[from] item: Rocky Helmet|[of] p2a: Sandslash
|-enditem|p2a: Sandslash|Rocky Helmet|[from] move: Knock Off|[of] p1a: Mawile
|
|-heal|p1a: Mawile|41/100|[from] item: Leftovers
|upkeep
|turn|2
|j| canard masque
|
|t:|1605897673
|switch|p1a: Poliwrath|Poliwrath, M|100/100
|move|p2a: Sandslash|Stealth Rock|p1a: Poliwrath
|-sidestart|p1: Standard Ice|move: Stealth Rock
|
|upkeep
|turn|3
|
|t:|1605897689
|switch|p2a: Shiinotic|Shiinotic, M|100/100
|move|p1a: Poliwrath|Toxic|p2a: Shiinotic
|-status|p2a: Shiinotic|tox
|
|-damage|p2a: Shiinotic|94/100 tox|[from] psn
|upkeep
|turn|4
|
|t:|1605897699
|switch|p1a: Mawile|Mawile, F|41/100
|-damage|p1a: Mawile|35/100|[from] Stealth Rock
|-ability|p1a: Mawile|Intimidate|boost
|-unboost|p2a: Shiinotic|atk|1
|move|p2a: Shiinotic|Spore|p1a: Mawile
|-status|p1a: Mawile|slp|[from] move: Spore
|
|-heal|p1a: Mawile|41/100 slp|[from] item: Leftovers
|-damage|p2a: Shiinotic|82/100 tox|[from] psn
|upkeep
|turn|5
|
|t:|1605897710
|switch|p1a: Lickilicky|Lickilicky, M|100/100
|-damage|p1a: Lickilicky|88/100|[from] Stealth Rock
|switch|p2a: Jolteon|Jolteon, M|91/100
|
|-heal|p1a: Lickilicky|94/100|[from] item: Leftovers
|upkeep
|turn|6
|
|t:|1605897719
|switch|p2a: Liepard|Liepard, M|100/100
|move|p1a: Lickilicky|Knock Off|p2a: Liepard
|-resisted|p2a: Liepard
|-damage|p2a: Liepard|80/100
|-enditem|p2a: Liepard|Damp Rock|[from] move: Knock Off|[of] p1a: Lickilicky
|
|-heal|p1a: Lickilicky|100/100|[from] item: Leftovers
|upkeep
|turn|7
|
|t:|1605897728
|switch|p1a: Poliwrath|Poliwrath, M|100/100
|-damage|p1a: Poliwrath|94/100|[from] Stealth Rock
|move|p2a: Liepard|Knock Off|p1a: Poliwrath
|-resisted|p1a: Poliwrath
|-damage|p1a: Poliwrath|82/100
|-enditem|p1a: Poliwrath|Leftovers|[from] move: Knock Off|[of] p2a: Liepard
|
|upkeep
|turn|8
|
|t:|1605897735
|move|p2a: Liepard|U-turn|p1a: Poliwrath
|-resisted|p1a: Poliwrath
|-damage|p1a: Poliwrath|75/100
|
|t:|1605897747
|switch|p2a: Shiinotic|Shiinotic, M|82/100 tox|[from]move: U-turn
|move|p1a: Poliwrath|Circle Throw|p2a: Shiinotic
|-resisted|p2a: Shiinotic
|-damage|p2a: Shiinotic|69/100 tox
|drag|p2a: Liepard|Liepard, M|80/100
|
|upkeep
|turn|9
|
|t:|1605897755
|move|p2a: Liepard|U-turn|p1a: Poliwrath
|-resisted|p1a: Poliwrath
|-damage|p1a: Poliwrath|69/100
|
|t:|1605897757
|switch|p2a: Sandslash|Sandslash, F|88/100|[from]move: U-turn
|move|p1a: Poliwrath|Scald|p2a: Sandslash
|-supereffective|p2a: Sandslash
|-damage|p2a: Sandslash|28/100
|-status|p2a: Sandslash|brn
|
|-damage|p2a: Sandslash|22/100 brn|[from] brn
|upkeep
|turn|10
|
|t:|1605897766
|switch|p2a: Shiinotic|Shiinotic, M|69/100 tox
|move|p1a: Poliwrath|Scald|p2a: Shiinotic
|-resisted|p2a: Shiinotic
|-damage|p2a: Shiinotic|61/100 tox
|
|-damage|p2a: Shiinotic|55/100 tox|[from] psn
|upkeep
|turn|11
|
|t:|1605897774
|switch|p1a: Lickilicky|Lickilicky, M|100/100
|-damage|p1a: Lickilicky|88/100|[from] Stealth Rock
|move|p2a: Shiinotic|Rain Dance|p2a: Shiinotic
|-weather|RainDance
|
|-weather|RainDance|[upkeep]
|-heal|p2a: Shiinotic|61/100 tox|[from] ability: Rain Dish
|-heal|p1a: Lickilicky|94/100|[from] item: Leftovers
|-damage|p2a: Shiinotic|49/100 tox|[from] psn
|upkeep
|turn|12
|
|t:|1605897785
|switch|p2a: Liepard|Liepard, M|80/100
|move|p1a: Lickilicky|Knock Off|p2a: Liepard
|-resisted|p2a: Liepard
|-damage|p2a: Liepard|66/100
|
|-weather|RainDance|[upkeep]
|-heal|p1a: Lickilicky|100/100|[from] item: Leftovers
|upkeep
|turn|13
|
|t:|1605897793
|move|p1a: Lickilicky|Protect|p1a: Lickilicky
|-singleturn|p1a: Lickilicky|Protect
|move|p2a: Liepard|U-turn|p1a: Lickilicky
|-activate|p1a: Lickilicky|move: Protect
|
|-weather|RainDance|[upkeep]
|upkeep
|turn|14
|
|t:|1605897800
|switch|p1a: Poliwrath|Poliwrath, M|69/100
|-damage|p1a: Poliwrath|63/100|[from] Stealth Rock
|move|p2a: Liepard|Knock Off|p1a: Poliwrath
|-resisted|p1a: Poliwrath
|-damage|p1a: Poliwrath|54/100
|
|-weather|RainDance|[upkeep]
|upkeep
|turn|15
|
|t:|1605897807
|move|p2a: Liepard|U-turn|p1a: Poliwrath
|-resisted|p1a: Poliwrath
|-damage|p1a: Poliwrath|47/100
|
|t:|1605897809
|switch|p2a: Shiinotic|Shiinotic, M|49/100 tox|[from]move: U-turn
|move|p1a: Poliwrath|Circle Throw|p2a: Shiinotic
|-resisted|p2a: Shiinotic
|-damage|p2a: Shiinotic|36/100 tox
|drag|p2a: Liepard|Liepard, M|66/100
|
|-weather|RainDance|[upkeep]
|upkeep
|turn|16
|j| yavin9
|
|t:|1605897818
|move|p2a: Liepard|U-turn|p1a: Poliwrath
|-resisted|p1a: Poliwrath
|-damage|p1a: Poliwrath|41/100
|
|t:|1605897822
|switch|p2a: Shiinotic|Shiinotic, M|36/100 tox|[from]move: U-turn
|move|p1a: Poliwrath|Circle Throw|p2a: Shiinotic
|-resisted|p2a: Shiinotic
|-damage|p2a: Shiinotic|23/100 tox
|drag|p2a: Sandslash|Sandslash, F|22/100 brn
|
|-weather|RainDance|[upkeep]
|-damage|p2a: Sandslash|16/100 brn|[from] brn
|upkeep
|turn|17
|
|t:|1605897831
|move|p1a: Poliwrath|Rest|p1a: Poliwrath
|-status|p1a: Poliwrath|slp|[from] move: Rest
|-heal|p1a: Poliwrath|100/100 slp|[silent]
|move|p2a: Sandslash|Earthquake|p1a: Poliwrath
|-damage|p1a: Poliwrath|89/100 slp
|
|-weather|RainDance|[upkeep]
|-damage|p2a: Sandslash|10/100 brn|[from] brn
|upkeep
|turn|18
|
|t:|1605897846
|switch|p1a: Pinsir|Pinsir, F|100/100
|-ability|p1a: Pinsir|Mold Breaker
|switch|p2a: Liepard|Liepard, M|66/100
|
|-weather|none
|upkeep
|turn|19
|
|t:|1605897853
|move|p2a: Liepard|Rain Dance|p2a: Liepard
|-weather|RainDance
|move|p1a: Pinsir|X-Scissor|p2a: Liepard
|-supereffective|p2a: Liepard
|-damage|p2a: Liepard|0 fnt
|faint|p2a: Liepard
|
|-weather|RainDance|[upkeep]
|upkeep
|
|t:|1605897858
|switch|p2a: Poliwrath|Poliwrath, M|100/100
|turn|20
|
|t:|1605897862
|move|p2a: Poliwrath|Bulk Up|p2a: Poliwrath
|-boost|p2a: Poliwrath|atk|1
|-boost|p2a: Poliwrath|def|1
|move|p1a: Pinsir|Earthquake|p2a: Poliwrath
|-damage|p2a: Poliwrath|75/100
|
|-weather|RainDance|[upkeep]
|upkeep
|turn|21
|
|t:|1605897874
|move|p2a: Poliwrath|Liquidation|p1a: Pinsir
|-damage|p1a: Pinsir|0 fnt
|faint|p1a: Pinsir
|
|-weather|RainDance|[upkeep]
|upkeep
|
|t:|1605897890
|switch|p1a: Lickilicky|Lickilicky, M|100/100
|-damage|p1a: Lickilicky|88/100|[from] Stealth Rock
|turn|22
|
|t:|1605897897
|switch|p1a: Mawile|Mawile, F|41/100 slp
|-damage|p1a: Mawile|35/100 slp|[from] Stealth Rock
|-ability|p1a: Mawile|Intimidate|boost
|-unboost|p2a: Poliwrath|atk|1
|move|p2a: Poliwrath|Bulk Up|p2a: Poliwrath
|-boost|p2a: Poliwrath|atk|1
|-boost|p2a: Poliwrath|def|1
|
|-weather|RainDance|[upkeep]
|-heal|p1a: Mawile|41/100 slp|[from] item: Leftovers
|upkeep
|turn|23
|
|t:|1605897907
|move|p2a: Poliwrath|Drain Punch|p1a: Mawile
|-damage|p1a: Mawile|0 fnt
|-heal|p2a: Poliwrath|95/100|[from] drain|[of] p1a: Mawile
|faint|p1a: Mawile
|
|-weather|none
|upkeep
|
|t:|1605897913
|switch|p1a: Kadabra|Kadabra, M|100/100
|turn|24
|
|t:|1605897917
|switch|p2a: Sandslash|Sandslash, F|10/100 brn
|move|p1a: Kadabra|Substitute|p1a: Kadabra
|-start|p1a: Kadabra|Substitute
|-damage|p1a: Kadabra|76/100
|
|-damage|p2a: Sandslash|4/100 brn|[from] brn
|upkeep
|turn|25
|
|t:|1605897924
|move|p1a: Kadabra|Psychic|p2a: Sandslash
|-damage|p2a: Sandslash|0 fnt
|faint|p2a: Sandslash
|
|upkeep
|
|t:|1605897927
|switch|p2a: Jolteon|Jolteon, M|91/100
|turn|26
|
|t:|1605897931
|move|p2a: Jolteon|Volt Switch|p1a: Kadabra
|-end|p1a: Kadabra|Substitute
|-damage|p2a: Jolteon|81/100|[from] item: Life Orb
|
|t:|1605897934
|switch|p2a: Shiinotic|Shiinotic, M|23/100 tox|[from]move: Volt Switch
|move|p1a: Kadabra|Substitute|p1a: Kadabra
|-start|p1a: Kadabra|Substitute
|-damage|p1a: Kadabra|51/100
|
|-damage|p2a: Shiinotic|17/100 tox|[from] psn
|upkeep
|turn|27
|
|t:|1605897941
|move|p1a: Kadabra|Psychic|p2a: Shiinotic
|-damage|p2a: Shiinotic|0 fnt
|faint|p2a: Shiinotic
|
|upkeep
|
|t:|1605897945
|switch|p2a: Armaldo|Armaldo, M|100/100
|turn|28
|
|t:|1605897951
|move|p2a: Armaldo|Aqua Jet|p1a: Kadabra
|-end|p1a: Kadabra|Substitute
|move|p1a: Kadabra|Psychic|p2a: Armaldo
|-damage|p2a: Armaldo|20/100
|
|upkeep
|turn|29
|
|t:|1605897959
|switch|p1a: Poliwrath|Poliwrath, M|89/100 slp
|-damage|p1a: Poliwrath|83/100 slp|[from] Stealth Rock
|move|p2a: Armaldo|Earthquake|p1a: Poliwrath
|-damage|p1a: Poliwrath|56/100 slp
|
|upkeep
|turn|30
|
|t:|1605897967
|switch|p1a: Rotom|Rotom-Fan|100/100
|-damage|p1a: Rotom|76/100|[from] Stealth Rock
|move|p2a: Armaldo|Swords Dance|p2a: Armaldo
|-boost|p2a: Armaldo|atk|2
|
|upkeep
|turn|31
|
|t:|1605897974
|move|p2a: Armaldo|Aqua Jet|p1a: Rotom
|-damage|p1a: Rotom|36/100
|move|p1a: Rotom|Air Slash|p2a: Armaldo
|-damage|p2a: Armaldo|0 fnt
|faint|p2a: Armaldo
|
|upkeep
|
|t:|1605897978
|switch|p2a: Jolteon|Jolteon, M|81/100
|turn|32
|
|t:|1605897985
|switch|p1a: Poliwrath|Poliwrath, M|56/100 slp
|-damage|p1a: Poliwrath|50/100 slp|[from] Stealth Rock
|move|p2a: Jolteon|Volt Switch|p1a: Poliwrath
|-supereffective|p1a: Poliwrath
|-crit|p1a: Poliwrath
|-damage|p1a: Poliwrath|0 fnt
|-damage|p2a: Jolteon|71/100|[from] item: Life Orb
|faint|p1a: Poliwrath
|
|t:|1605897988
|switch|p2a: Poliwrath|Poliwrath, M|95/100|[from]move: Volt Switch
|
|upkeep
|
|t:|1605897996
|switch|p1a: Kadabra|Kadabra, M|51/100
|turn|33
|
|t:|1605898000
|move|p1a: Kadabra|Psychic|p2a: Poliwrath
|-supereffective|p2a: Poliwrath
|-damage|p2a: Poliwrath|0 fnt
|faint|p2a: Poliwrath
|
|upkeep
|
|t:|1605898003
|switch|p2a: Jolteon|Jolteon, M|71/100
|turn|34
|
|t:|1605898009
|move|p2a: Jolteon|Volt Switch|p1a: Kadabra
|-damage|p1a: Kadabra|0 fnt
|-damage|p2a: Jolteon|61/100|[from] item: Life Orb
|faint|p1a: Kadabra
|
|upkeep
|
|t:|1605898014
|switch|p1a: Lickilicky|Lickilicky, M|88/100
|-damage|p1a: Lickilicky|76/100|[from] Stealth Rock
|turn|35
|
|t:|1605898017
|move|p2a: Jolteon|Thunder|p1a: Lickilicky
|-damage|p1a: Lickilicky|33/100
|-damage|p2a: Jolteon|51/100|[from] item: Life Orb
|move|p1a: Lickilicky|Knock Off|p2a: Jolteon
|-damage|p2a: Jolteon|16/100
|-enditem|p2a: Jolteon|Life Orb|[from] move: Knock Off|[of] p1a: Lickilicky
|
|-heal|p1a: Lickilicky|39/100|[from] item: Leftovers
|upkeep
|turn|36
|
|t:|1605898026
|move|p2a: Jolteon|Thunder|p1a: Lickilicky
|-damage|p1a: Lickilicky|7/100
|-status|p1a: Lickilicky|par
|cant|p1a: Lickilicky|par
|
|-heal|p1a: Lickilicky|13/100 par|[from] item: Leftovers
|upkeep
|turn|37
|
|t:|1605898033
|move|p2a: Jolteon|Volt Switch|p1a: Lickilicky
|-damage|p1a: Lickilicky|0 fnt
|faint|p1a: Lickilicky
|
|upkeep
|
|t:|1605898037
|switch|p1a: Rotom|Rotom-Fan|36/100
|-damage|p1a: Rotom|11/100|[from] Stealth Rock
|turn|38
|
|t:|1605898041
|move|p1a: Rotom|Air Slash|p2a: Jolteon
|-resisted|p2a: Jolteon
|-damage|p2a: Jolteon|0 fnt
|faint|p2a: Jolteon
|
|win|Standard Ice
|l|☆nearbearfair
|l|☆Standard Ice
||Ladder (probably) updated, but score could not be retrieved (Request timeout).
|j|☆Standard Ice
|player|p1|Standard Ice|1
