|j|☆pult94d baby keem
|j|☆pult94d irish
|t:|1629042607
|gametype|singles
|player|p1|pult94d baby keem|dragontamer|1574
|player|p2|pult94d irish|misty|1652
|teamsize|p1|6
|teamsize|p2|6
|gen|8
|tier|[Gen 8] PU
|rated|
|rule|Sleep Clause Mod: Limit one foe put to sleep
|rule|Species Clause: Limit one of each Pokémon
|rule|OHKO Clause: OHKO moves are banned
|rule|Evasion Moves Clause: Evasion moves are banned
|rule|Endless Battle Clause: Forcing endless battles is banned
|rule|HP Percentage Mod: HP is shown in percentages
|rule|Dynamax Clause: You cannot dynamax
|clearpoke
|poke|p1|Ferroseed, F|
|poke|p1|Charizard, M|
|poke|p1|Ribombee, F|
|poke|p1|Weezing, M|
|poke|p1|Scrafty, M|
|poke|p1|Gigalith, M|
|poke|p2|Sneasel, F|
|poke|p2|Ribombee, F|
|poke|p2|Rotom|
|poke|p2|Stunfisk-Galar, F|
|poke|p2|Wishiwashi, F|
|poke|p2|Weezing, F|
|teampreview
|c|☆pult94d irish|hf
|c|☆pult94d baby keem|u2
|
|t:|1629042626
|start
|switch|p1a: Scrafty|Scrafty, M|100/100
|switch|p2a: Weezing|Weezing, F|100/100
|-ability|p2a: Weezing|Neutralizing Gas
|turn|1
|
|t:|1629042630
|move|p1a: Scrafty|Knock Off|p2a: Weezing
|-damage|p2a: Weezing|79/100
|-damage|p1a: Scrafty|84/100|[from] item: Rocky Helmet|[of] p2a: Weezing
|-enditem|p2a: Weezing|Rocky Helmet|[from] move: Knock Off|[of] p1a: Scrafty
|move|p2a: Weezing|Toxic Spikes|p1a: Scrafty
|-sidestart|p1: pult94d baby keem|move: Toxic Spikes
|
|-heal|p1a: Scrafty|90/100|[from] item: Leftovers
|upkeep
|turn|2
|
|t:|1629042634
|-end|p2a: Weezing|ability: Neutralizing Gas
|switch|p2a: Ribombee|Ribombee, F|100/100
|switch|p1a: Weezing|Weezing, M|100/100
|
|upkeep
|turn|3
|
|t:|1629042639
|switch|p2a: Wishiwashi|Wishiwashi, F|100/100
|-formechange|p2a: Wishiwashi|Wishiwashi-School||[from] ability: Schooling
|switch|p1a: Ferroseed|Ferroseed, F|100/100
|
|upkeep
|turn|4
|
|t:|1629042643
|move|p2a: Wishiwashi|Scald|p1a: Ferroseed
|-resisted|p1a: Ferroseed
|-damage|p1a: Ferroseed|84/100
|move|p1a: Ferroseed|Spikes|p2a: Wishiwashi
|-sidestart|p2: pult94d irish|Spikes
|
|upkeep
|turn|5
|
|t:|1629042647
|switch|p1a: Scrafty|Scrafty, M|90/100
|-status|p1a: Scrafty|psn
|move|p2a: Wishiwashi|Scald|p1a: Scrafty
|-damage|p1a: Scrafty|58/100 psn
|
|-heal|p1a: Scrafty|64/100 psn|[from] item: Leftovers
|-damage|p1a: Scrafty|52/100 psn|[from] psn
|upkeep
|turn|6
|
|t:|1629042652
|switch|p2a: Ribombee|Ribombee, F|100/100
|move|p1a: Scrafty|Knock Off|p2a: Ribombee
|-resisted|p2a: Ribombee
|-damage|p2a: Ribombee|72/100
|-enditem|p2a: Ribombee|Heavy-Duty Boots|[from] move: Knock Off|[of] p1a: Scrafty
|
|-heal|p1a: Scrafty|58/100 psn|[from] item: Leftovers
|-damage|p1a: Scrafty|46/100 psn|[from] psn
|upkeep
|turn|7
|
|t:|1629042658
|switch|p1a: Ferroseed|Ferroseed, F|84/100
|move|p2a: Ribombee|Stun Spore|p1a: Ferroseed
|-immune|p1a: Ferroseed
|
|upkeep
|turn|8
|
|t:|1629042662
|switch|p2a: Wishiwashi|Wishiwashi, F|100/100
|-damage|p2a: Wishiwashi|88/100|[from] Spikes
|-formechange|p2a: Wishiwashi|Wishiwashi-School||[from] ability: Schooling
|move|p1a: Ferroseed|Leech Seed|p2a: Wishiwashi
|-start|p2a: Wishiwashi|move: Leech Seed
|
|-heal|p2a: Wishiwashi|94/100|[from] item: Leftovers
|-damage|p2a: Wishiwashi|82/100|[from] Leech Seed|[of] p1a: Ferroseed
|-heal|p1a: Ferroseed|97/100|[silent]
|upkeep
|turn|9
|
|t:|1629042665
|switch|p2a: Weezing|Weezing, F|79/100
|-ability|p2a: Weezing|Neutralizing Gas
|-damage|p2a: Weezing|67/100|[from] Spikes
|move|p1a: Ferroseed|Protect||[still]
|-fail|p1a: Ferroseed
|
|upkeep
|turn|10
|
|t:|1629042671
|switch|p1a: Weezing|Weezing, M|100/100
|-sideend|p1: pult94d baby keem|move: Toxic Spikes|[of] p1a: Weezing
|move|p2a: Weezing|Sludge Bomb|p1a: Weezing
|-resisted|p1a: Weezing
|-damage|p1a: Weezing|82/100
|
|upkeep
|turn|11
|
|t:|1629042673
|move|p1a: Weezing|Will-O-Wisp|p2a: Weezing
|-status|p2a: Weezing|brn
|move|p2a: Weezing|Toxic Spikes|p1a: Weezing
|-sidestart|p1: pult94d baby keem|move: Toxic Spikes
|
|-damage|p2a: Weezing|61/100 brn|[from] brn
|upkeep
|turn|12
|
|t:|1629042677
|-end|p2a: Weezing|ability: Neutralizing Gas
|switch|p2a: Rotom|Rotom|100/100
|move|p1a: Weezing|Toxic Spikes|p2a: Rotom
|-sidestart|p2: pult94d irish|move: Toxic Spikes
|
|upkeep
|turn|13
|
|t:|1629042688
|switch|p1a: Ferroseed|Ferroseed, F|97/100
|move|p2a: Rotom|Hex|p1a: Ferroseed
|-damage|p1a: Ferroseed|73/100
|
|upkeep
|turn|14
|j| phoenix373
|
|t:|1629042692
|move|p2a: Rotom|Will-O-Wisp|p1a: Ferroseed
|-status|p1a: Ferroseed|brn
|move|p1a: Ferroseed|Leech Seed|p2a: Rotom
|-start|p2a: Rotom|move: Leech Seed
|
|-damage|p2a: Rotom|88/100|[from] Leech Seed|[of] p1a: Ferroseed
|-heal|p1a: Ferroseed|83/100 brn|[silent]
|-damage|p1a: Ferroseed|77/100 brn|[from] brn
|upkeep
|turn|15
|
|t:|1629042696
|move|p2a: Rotom|Hex|p1a: Ferroseed
|-damage|p1a: Ferroseed|26/100 brn
|move|p1a: Ferroseed|Leech Seed||[still]
|-fail|p1a: Ferroseed
|
|-damage|p2a: Rotom|76/100|[from] Leech Seed|[of] p1a: Ferroseed
|-heal|p1a: Ferroseed|37/100 brn|[silent]
|-damage|p1a: Ferroseed|30/100 brn|[from] brn
|upkeep
|turn|16
|
|t:|1629042708
|switch|p2a: Sneasel|Sneasel, F|100/100
|-status|p2a: Sneasel|psn
|-damage|p2a: Sneasel|88/100 psn|[from] Spikes
|move|p1a: Ferroseed|Protect||[still]
|-fail|p1a: Ferroseed
|
|-damage|p2a: Sneasel|76/100 psn|[from] psn
|-damage|p1a: Ferroseed|24/100 brn|[from] brn
|upkeep
|turn|17
|j| pult94d somalia
|
|t:|1629042714
|move|p1a: Ferroseed|Protect|p1a: Ferroseed
|-singleturn|p1a: Ferroseed|Protect
|move|p2a: Sneasel|Knock Off|p1a: Ferroseed
|-activate|p1a: Ferroseed|move: Protect
|
|-damage|p2a: Sneasel|63/100 psn|[from] psn
|-damage|p1a: Ferroseed|18/100 brn|[from] brn
|upkeep
|turn|18
|
|t:|1629042717
|switch|p1a: Scrafty|Scrafty, M|46/100 psn
|move|p2a: Sneasel|Knock Off|p1a: Scrafty
|-resisted|p1a: Scrafty
|-crit|p1a: Scrafty
|-damage|p1a: Scrafty|29/100 psn
|-enditem|p1a: Scrafty|Leftovers|[from] move: Knock Off|[of] p2a: Sneasel
|
|-damage|p2a: Sneasel|51/100 psn|[from] psn
|-damage|p1a: Scrafty|16/100 psn|[from] psn
|upkeep
|turn|19
|
|t:|1629042720
|switch|p2a: Ribombee|Ribombee, F|72/100
|-status|p2a: Ribombee|psn
|-damage|p2a: Ribombee|60/100 psn|[from] Spikes
|move|p1a: Scrafty|Rest|p1a: Scrafty
|-status|p1a: Scrafty|slp|[from] move: Rest
|-heal|p1a: Scrafty|100/100 slp|[silent]
|
|-damage|p2a: Ribombee|48/100 psn|[from] psn
|upkeep
|turn|20
|
|t:|1629042727
|switch|p1a: Gigalith|Gigalith, M|100/100
|-status|p1a: Gigalith|psn
|-weather|Sandstorm|[from] ability: Sand Stream|[of] p1a: Gigalith
|move|p2a: Ribombee|Roost|p2a: Ribombee
|-heal|p2a: Ribombee|98/100 psn
|-singleturn|p2a: Ribombee|move: Roost
|
|-weather|Sandstorm|[upkeep]
|-damage|p2a: Ribombee|92/100 psn|[from] Sandstorm
|-damage|p2a: Ribombee|79/100 psn|[from] psn
|-damage|p1a: Gigalith|88/100 psn|[from] psn
|upkeep
|turn|21
|
|t:|1629042733
|switch|p2a: Stunfisk|Stunfisk-Galar, F|100/100
|-damage|p2a: Stunfisk|88/100|[from] Spikes
|move|p1a: Gigalith|Stealth Rock|p2a: Stunfisk
|-sidestart|p2: pult94d irish|move: Stealth Rock
|
|-weather|Sandstorm|[upkeep]
|-heal|p2a: Stunfisk|94/100|[from] item: Leftovers
|-heal|p1a: Gigalith|94/100 psn|[from] item: Leftovers
|-damage|p1a: Gigalith|82/100 psn|[from] psn
|upkeep
|turn|22
|
|t:|1629042738
|switch|p1a: Scrafty|Scrafty, M|100/100 slp
|move|p2a: Stunfisk|Stealth Rock|p1a: Scrafty
|-sidestart|p1: pult94d baby keem|move: Stealth Rock
|
|-weather|Sandstorm|[upkeep]
|-damage|p1a: Scrafty|95/100 slp|[from] Sandstorm
|-heal|p2a: Stunfisk|100/100|[from] item: Leftovers
|upkeep
|turn|23
|
|t:|1629042746
|switch|p2a: Ribombee|Ribombee, F|79/100 psn
|-damage|p2a: Ribombee|55/100 psn|[from] Stealth Rock
|-damage|p2a: Ribombee|42/100 psn|[from] Spikes
|cant|p1a: Scrafty|slp
|
|-weather|Sandstorm|[upkeep]
|-damage|p2a: Ribombee|36/100 psn|[from] Sandstorm
|-damage|p1a: Scrafty|89/100 slp|[from] Sandstorm
|-damage|p2a: Ribombee|24/100 psn|[from] psn
|upkeep
|turn|24
|
|t:|1629042751
|switch|p1a: Charizard|Charizard, M|100/100
|move|p2a: Ribombee|Roost|p2a: Ribombee
|-heal|p2a: Ribombee|74/100 psn
|-singleturn|p2a: Ribombee|move: Roost
|
|-weather|none
|-damage|p2a: Ribombee|62/100 psn|[from] psn
|upkeep
|turn|25
|
|t:|1629042758
|switch|p2a: Wishiwashi|Wishiwashi, F|82/100
|-damage|p2a: Wishiwashi|70/100|[from] Stealth Rock
|-status|p2a: Wishiwashi|psn
|-damage|p2a: Wishiwashi|58/100 psn|[from] Spikes
|-formechange|p2a: Wishiwashi|Wishiwashi-School||[from] ability: Schooling
|move|p1a: Charizard|Flamethrower|p2a: Wishiwashi
|-resisted|p2a: Wishiwashi
|-damage|p2a: Wishiwashi|43/100 psn
|
|-heal|p2a: Wishiwashi|49/100 psn|[from] item: Leftovers
|-damage|p2a: Wishiwashi|37/100 psn|[from] psn
|upkeep
|turn|26
|
|t:|1629042773
|switch|p1a: Scrafty|Scrafty, M|89/100 slp
|-damage|p1a: Scrafty|83/100 slp|[from] Stealth Rock
|move|p2a: Wishiwashi|Rest|p2a: Wishiwashi
|-status|p2a: Wishiwashi|slp|[from] move: Rest
|-heal|p2a: Wishiwashi|100/100 slp|[silent]
|
|upkeep
|turn|27
|
|t:|1629042777
|switch|p2a: Rotom|Rotom|76/100
|-damage|p2a: Rotom|63/100|[from] Stealth Rock
|cant|p1a: Scrafty|slp
|
|upkeep
|turn|28
|
|t:|1629042782
|move|p2a: Rotom|Defog|p1a: Scrafty
|-unboost|p1a: Scrafty|evasion|1
|-sideend|p1: pult94d baby keem|Toxic Spikes|[from] move: Defog|[of] p2a: Rotom
|-sideend|p1: pult94d baby keem|Stealth Rock|[from] move: Defog|[of] p2a: Rotom
|-sideend|p2: pult94d irish|Spikes|[from] move: Defog|[of] p2a: Rotom
|-sideend|p2: pult94d irish|Toxic Spikes|[from] move: Defog|[of] p2a: Rotom
|-sideend|p2: pult94d irish|Stealth Rock|[from] move: Defog|[of] p2a: Rotom
|-curestatus|p1a: Scrafty|slp|[msg]
|move|p1a: Scrafty|Knock Off|p2a: Rotom
|-supereffective|p2a: Rotom
|-enditem|p2a: Rotom|Colbur Berry|[eat]
|-enditem|p2a: Rotom|Colbur Berry|[weaken]
|-damage|p2a: Rotom|10/100
|
|upkeep
|turn|29
|l| phoenix373
|
|t:|1629042788
|switch|p1a: Gigalith|Gigalith, M|82/100 psn
|-weather|Sandstorm|[from] ability: Sand Stream|[of] p1a: Gigalith
|move|p2a: Rotom|Volt Switch|p1a: Gigalith
|-damage|p1a: Gigalith|66/100 psn
|
|t:|1629042795
|switch|p2a: Stunfisk|Stunfisk-Galar, F|100/100|[from]move: Volt Switch
|
|-weather|Sandstorm|[upkeep]
|-heal|p1a: Gigalith|72/100 psn|[from] item: Leftovers
|-damage|p1a: Gigalith|60/100 psn|[from] psn
|upkeep
|turn|30
|
|t:|1629042800
|switch|p1a: Weezing|Weezing, M|82/100
|move|p2a: Stunfisk|Earthquake|p1a: Weezing
|-immune|p1a: Weezing|[from] ability: Levitate
|
|-weather|Sandstorm|[upkeep]
|-damage|p1a: Weezing|76/100|[from] Sandstorm
|upkeep
|turn|31
|
|t:|1629042804
|switch|p2a: Wishiwashi|Wishiwashi, F|100/100 slp
|-formechange|p2a: Wishiwashi|Wishiwashi-School||[from] ability: Schooling
|move|p1a: Weezing|Will-O-Wisp||[still]
|-fail|p1a: Weezing
|
|-weather|Sandstorm|[upkeep]
|-damage|p1a: Weezing|70/100|[from] Sandstorm
|-damage|p2a: Wishiwashi|94/100 slp|[from] Sandstorm
|-heal|p2a: Wishiwashi|100/100 slp|[from] item: Leftovers
|upkeep
|turn|32
|
|t:|1629042810
|switch|p1a: Scrafty|Scrafty, M|83/100
|cant|p2a: Wishiwashi|slp
|move|p2a: Wishiwashi|Sleep Talk|p2a: Wishiwashi
|move|p2a: Wishiwashi|U-turn|p1a: Scrafty|[from]move: Sleep Talk
|-damage|p1a: Scrafty|65/100
|
|t:|1629042815
|switch|p2a: Ribombee|Ribombee, F|62/100 psn|[from]move: U-turn
|
|-weather|Sandstorm|[upkeep]
|-damage|p2a: Ribombee|56/100 psn|[from] Sandstorm
|-damage|p1a: Scrafty|59/100|[from] Sandstorm
|-damage|p2a: Ribombee|43/100 psn|[from] psn
|upkeep
|turn|33
|
|t:|1629042825
|switch|p1a: Gigalith|Gigalith, M|60/100 psn
|move|p2a: Ribombee|Roost|p2a: Ribombee
|-heal|p2a: Ribombee|94/100 psn
|-singleturn|p2a: Ribombee|move: Roost
|
|-weather|none
|-heal|p1a: Gigalith|66/100 psn|[from] item: Leftovers
|-damage|p2a: Ribombee|81/100 psn|[from] psn
|-damage|p1a: Gigalith|53/100 psn|[from] psn
|upkeep
|turn|34
|
|t:|1629042828
|switch|p2a: Rotom|Rotom|10/100
|move|p1a: Gigalith|Stealth Rock|p2a: Rotom
|-sidestart|p2: pult94d irish|move: Stealth Rock
|
|-heal|p1a: Gigalith|60/100 psn|[from] item: Leftovers
|-damage|p1a: Gigalith|47/100 psn|[from] psn
|upkeep
|turn|35
|
|t:|1629042830
|move|p2a: Rotom|Defog|p1a: Gigalith
|-unboost|p1a: Gigalith|evasion|1
|-sideend|p2: pult94d irish|Stealth Rock|[from] move: Defog|[of] p2a: Rotom
|move|p1a: Gigalith|Rock Blast|p2a: Rotom
|-damage|p2a: Rotom|0 fnt
|faint|p2a: Rotom
|-hitcount|p2: Rotom|1
|
|-heal|p1a: Gigalith|53/100 psn|[from] item: Leftovers
|-damage|p1a: Gigalith|41/100 psn|[from] psn
|upkeep
|
|t:|1629042834
|switch|p2a: Sneasel|Sneasel, F|51/100 psn
|turn|36
|
|t:|1629042838
|move|p1a: Gigalith|Protect|p1a: Gigalith
|-singleturn|p1a: Gigalith|Protect
|move|p2a: Sneasel|Triple Axel|p1a: Gigalith
|-activate|p1a: Gigalith|move: Protect
|
|-heal|p1a: Gigalith|47/100 psn|[from] item: Leftovers
|-damage|p2a: Sneasel|39/100 psn|[from] psn
|-damage|p1a: Gigalith|35/100 psn|[from] psn
|upkeep
|turn|37
|
|t:|1629042842
|switch|p2a: Wishiwashi|Wishiwashi, F|100/100 slp
|-formechange|p2a: Wishiwashi|Wishiwashi-School||[from] ability: Schooling
|switch|p1a: Weezing|Weezing, M|70/100
|
|upkeep
|turn|38
|
|t:|1629042847
|switch|p1a: Scrafty|Scrafty, M|59/100
|cant|p2a: Wishiwashi|slp
|move|p2a: Wishiwashi|Sleep Talk|p2a: Wishiwashi
|move|p2a: Wishiwashi|Scald|p1a: Scrafty|[from]move: Sleep Talk
|-damage|p1a: Scrafty|29/100
|
|upkeep
|turn|39
|
|t:|1629042851
|move|p1a: Scrafty|Rest|p1a: Scrafty
|-status|p1a: Scrafty|slp|[from] move: Rest
|-heal|p1a: Scrafty|100/100 slp|[silent]
|-curestatus|p2a: Wishiwashi|slp|[msg]
|move|p2a: Wishiwashi|U-turn|p1a: Scrafty
|-damage|p1a: Scrafty|84/100 slp
|
|t:|1629042854
|switch|p2a: Ribombee|Ribombee, F|81/100 psn|[from]move: U-turn
|
|-damage|p2a: Ribombee|69/100 psn|[from] psn
|upkeep
|turn|40
|
|t:|1629042860
|switch|p2a: Wishiwashi|Wishiwashi, F|100/100
|-formechange|p2a: Wishiwashi|Wishiwashi-School||[from] ability: Schooling
|switch|p1a: Charizard|Charizard, M|100/100
|
|upkeep
|turn|41
|
|t:|1629042869
|switch|p1a: Scrafty|Scrafty, M|84/100 slp
|move|p2a: Wishiwashi|Scald|p1a: Scrafty
|-damage|p1a: Scrafty|56/100 slp
|
|upkeep
|turn|42
|
|t:|1629042872
|cant|p1a: Scrafty|slp
|move|p2a: Wishiwashi|U-turn|p1a: Scrafty
|-damage|p1a: Scrafty|39/100 slp
|
|t:|1629042878
|switch|p2a: Ribombee|Ribombee, F|69/100 psn|[from]move: U-turn
|
|-damage|p2a: Ribombee|57/100 psn|[from] psn
|upkeep
|turn|43
|
|t:|1629042880
|switch|p2a: Wishiwashi|Wishiwashi, F|100/100
|-formechange|p2a: Wishiwashi|Wishiwashi-School||[from] ability: Schooling
|switch|p1a: Gigalith|Gigalith, M|35/100 psn
|-weather|Sandstorm|[from] ability: Sand Stream|[of] p1a: Gigalith
|
|-weather|Sandstorm|[upkeep]
|-damage|p2a: Wishiwashi|94/100|[from] Sandstorm
|-heal|p1a: Gigalith|41/100 psn|[from] item: Leftovers
|-heal|p2a: Wishiwashi|100/100|[from] item: Leftovers
|-damage|p1a: Gigalith|29/100 psn|[from] psn
|upkeep
|turn|44
|
|t:|1629042894
|switch|p1a: Ferroseed|Ferroseed, F|18/100 brn
|move|p2a: Wishiwashi|Scald|p1a: Ferroseed
|-resisted|p1a: Ferroseed
|-damage|p1a: Ferroseed|3/100 brn
|
|-weather|Sandstorm|[upkeep]
|-damage|p2a: Wishiwashi|94/100|[from] Sandstorm
|-heal|p2a: Wishiwashi|100/100|[from] item: Leftovers
|-damage|p1a: Ferroseed|0 fnt|[from] brn
|faint|p1a: Ferroseed
|upkeep
|
|t:|1629042912
|switch|p1a: Ribombee|Ribombee, F|100/100
|turn|45
|
|t:|1629042927
|move|p1a: Ribombee|Quiver Dance|p1a: Ribombee
|-boost|p1a: Ribombee|spa|1
|-boost|p1a: Ribombee|spd|1
|-boost|p1a: Ribombee|spe|1
|move|p2a: Wishiwashi|U-turn|p1a: Ribombee
|-resisted|p1a: Ribombee
|-damage|p1a: Ribombee|79/100
|
|t:|1629042930
|switch|p2a: Stunfisk|Stunfisk-Galar, F|100/100|[from]move: U-turn
|
|-weather|Sandstorm|[upkeep]
|-damage|p1a: Ribombee|73/100|[from] Sandstorm
|upkeep
|turn|46
|
|t:|1629042945
|switch|p1a: Weezing|Weezing, M|70/100
|move|p2a: Stunfisk|Stealth Rock|p1a: Weezing
|-sidestart|p1: pult94d baby keem|move: Stealth Rock
|
|-weather|Sandstorm|[upkeep]
|-damage|p1a: Weezing|64/100|[from] Sandstorm
|upkeep
|turn|47
|
|t:|1629042949
|switch|p2a: Wishiwashi|Wishiwashi, F|100/100
|-formechange|p2a: Wishiwashi|Wishiwashi-School||[from] ability: Schooling
|move|p1a: Weezing|Toxic Spikes|p2a: Wishiwashi
|-sidestart|p2: pult94d irish|move: Toxic Spikes
|
|-weather|none
|upkeep
|turn|48
|
|t:|1629042957
|move|p1a: Weezing|Sludge Bomb|p2a: Wishiwashi
|-damage|p2a: Wishiwashi|81/100
|move|p2a: Wishiwashi|Scald|p1a: Weezing
|-damage|p1a: Weezing|13/100
|
|-heal|p2a: Wishiwashi|87/100|[from] item: Leftovers
|upkeep
|turn|49
|
|t:|1629042964
|switch|p2a: Weezing|Weezing, F|61/100 brn
|-ability|p2a: Weezing|Neutralizing Gas
|-sideend|p2: pult94d irish|move: Toxic Spikes|[of] p2a: Weezing
|move|p1a: Weezing|Pain Split|p2a: Weezing
|-sethp|p2a: Weezing|37/100 brn|[from] move: Pain Split|[silent]
|-sethp|p1a: Weezing|37/100|[from] move: Pain Split
|
|-damage|p2a: Weezing|31/100 brn|[from] brn
|upkeep
|turn|50
|
|t:|1629042971
|-end|p2a: Weezing|ability: Neutralizing Gas
|switch|p2a: Wishiwashi|Wishiwashi, F|87/100
|-formechange|p2a: Wishiwashi|Wishiwashi-School||[from] ability: Schooling
|move|p1a: Weezing|Toxic Spikes|p2a: Wishiwashi
|-sidestart|p2: pult94d irish|move: Toxic Spikes
|
|-heal|p2a: Wishiwashi|93/100|[from] item: Leftovers
|upkeep
|turn|51
|
|t:|1629042974
|move|p1a: Weezing|Pain Split|p2a: Wishiwashi
|-sethp|p2a: Wishiwashi|67/100|[from] move: Pain Split|[silent]
|-sethp|p1a: Weezing|59/100|[from] move: Pain Split
|move|p2a: Wishiwashi|Scald|p1a: Weezing
|-damage|p1a: Weezing|13/100
|-status|p1a: Weezing|brn
|
|-heal|p2a: Wishiwashi|73/100|[from] item: Leftovers
|-damage|p1a: Weezing|7/100 brn|[from] brn
|upkeep
|turn|52
|
|t:|1629042979
|switch|p2a: Weezing|Weezing, F|31/100 brn
|-ability|p2a: Weezing|Neutralizing Gas
|-sideend|p2: pult94d irish|move: Toxic Spikes|[of] p2a: Weezing
|move|p1a: Weezing|Pain Split|p2a: Weezing
|-sethp|p2a: Weezing|19/100 brn|[from] move: Pain Split|[silent]
|-sethp|p1a: Weezing|19/100 brn|[from] move: Pain Split
|
|-damage|p1a: Weezing|13/100 brn|[from] brn
|-damage|p2a: Weezing|13/100 brn|[from] brn
|upkeep
|turn|53
|
|t:|1629042982
|move|p1a: Weezing|Sludge Bomb|p2a: Weezing
|-resisted|p2a: Weezing
|-damage|p2a: Weezing|0 fnt
|faint|p2a: Weezing
|-end|p2a: Weezing|ability: Neutralizing Gas
|
|-damage|p1a: Weezing|7/100 brn|[from] brn
|upkeep
|
|t:|1629042986
|switch|p2a: Ribombee|Ribombee, F|57/100 psn
|turn|54
|
|t:|1629042989
|switch|p1a: Charizard|Charizard, M|100/100
|move|p2a: Ribombee|Moonblast|p1a: Charizard
|-resisted|p1a: Charizard
|-damage|p1a: Charizard|76/100
|
|-damage|p2a: Ribombee|45/100 psn|[from] psn
|upkeep
|turn|55
|
|t:|1629043000
|switch|p2a: Stunfisk|Stunfisk-Galar, F|100/100
|move|p1a: Charizard|Hurricane|p2a: Stunfisk
|-resisted|p2a: Stunfisk
|-damage|p2a: Stunfisk|83/100
|-start|p2a: Stunfisk|confusion
|
|-heal|p2a: Stunfisk|90/100|[from] item: Leftovers
|upkeep
|turn|56
|
|t:|1629043004
|switch|p1a: Scrafty|Scrafty, M|39/100 slp
|-damage|p1a: Scrafty|33/100 slp|[from] Stealth Rock
|switch|p2a: Wishiwashi|Wishiwashi, F|73/100
|-formechange|p2a: Wishiwashi|Wishiwashi-School||[from] ability: Schooling
|
|-heal|p2a: Wishiwashi|79/100|[from] item: Leftovers
|upkeep
|turn|57
|
|t:|1629043007
|cant|p1a: Scrafty|slp
|move|p2a: Wishiwashi|U-turn|p1a: Scrafty
|-damage|p1a: Scrafty|17/100 slp
|
|t:|1629043012
|switch|p2a: Sneasel|Sneasel, F|39/100 psn|[from]move: U-turn
|
|-damage|p2a: Sneasel|26/100 psn|[from] psn
|upkeep
|turn|58
|
|t:|1629043018
|switch|p1a: Weezing|Weezing, M|7/100 brn
|-damage|p1a: Weezing|0 fnt|[from] Stealth Rock
|faint|p1a: Weezing
|move|p2a: Sneasel|Triple Axel|p1: Weezing|[notarget]
|-fail|p2a: Sneasel
|
|-damage|p2a: Sneasel|14/100 psn|[from] psn
|upkeep
|
|t:|1629043028
|switch|p1a: Gigalith|Gigalith, M|29/100 psn
|-damage|p1a: Gigalith|17/100 psn|[from] Stealth Rock
|-weather|Sandstorm|[from] ability: Sand Stream|[of] p1a: Gigalith
|turn|59
|
|t:|1629043033
|move|p2a: Sneasel|Triple Axel|p1a: Gigalith
|-damage|p1a: Gigalith|8/100 psn
|-damage|p1a: Gigalith|0 fnt
|faint|p1a: Gigalith
|-hitcount|p1: Gigalith|2
|
|-weather|Sandstorm|[upkeep]
|-damage|p2a: Sneasel|8/100 psn|[from] Sandstorm
|-damage|p2a: Sneasel|0 fnt|[from] psn
|faint|p2a: Sneasel
|upkeep
|
|t:|1629043049
|switch|p2a: Wishiwashi|Wishiwashi, F|79/100
|switch|p1a: Ribombee|Ribombee, F|73/100
|-formechange|p2a: Wishiwashi|Wishiwashi-School||[from] ability: Schooling
|turn|60
|
|t:|1629043054
|switch|p2a: Stunfisk|Stunfisk-Galar, F|90/100
|move|p1a: Ribombee|Moonblast|p2a: Stunfisk
|-resisted|p2a: Stunfisk
|-damage|p2a: Stunfisk|75/100
|-unboost|p2a: Stunfisk|spa|1
|
|-weather|Sandstorm|[upkeep]
|-damage|p1a: Ribombee|67/100|[from] Sandstorm
|-heal|p2a: Stunfisk|82/100|[from] item: Leftovers
|upkeep
|turn|61
|
|t:|1629043060
|move|p1a: Ribombee|Quiver Dance|p1a: Ribombee
|-boost|p1a: Ribombee|spa|1
|-boost|p1a: Ribombee|spd|1
|-boost|p1a: Ribombee|spe|1
|move|p2a: Stunfisk|Earthquake|p1a: Ribombee
|-resisted|p1a: Ribombee
|-crit|p1a: Ribombee
|-damage|p1a: Ribombee|26/100
|
|-weather|Sandstorm|[upkeep]
|-damage|p1a: Ribombee|20/100|[from] Sandstorm
|-heal|p2a: Stunfisk|88/100|[from] item: Leftovers
|upkeep
|turn|62
|
|t:|1629043065
|move|p1a: Ribombee|Roost|p1a: Ribombee
|-heal|p1a: Ribombee|70/100
|-singleturn|p1a: Ribombee|move: Roost
|move|p2a: Stunfisk|Stone Edge|p1a: Ribombee
|-supereffective|p1a: Ribombee
|-damage|p1a: Ribombee|0 fnt
|faint|p1a: Ribombee
|
|-weather|Sandstorm|[upkeep]
|-heal|p2a: Stunfisk|94/100|[from] item: Leftovers
|upkeep
|
|t:|1629043067
|switch|p1a: Scrafty|Scrafty, M|17/100 slp
|-damage|p1a: Scrafty|11/100 slp|[from] Stealth Rock
|turn|63
|
|t:|1629043072
|switch|p2a: Ribombee|Ribombee, F|45/100 psn
|-curestatus|p1a: Scrafty|slp|[msg]
|move|p1a: Scrafty|Rest|p1a: Scrafty
|-status|p1a: Scrafty|slp|[from] move: Rest
|-heal|p1a: Scrafty|100/100 slp|[silent]
|
|-weather|none
|-damage|p2a: Ribombee|32/100 psn|[from] psn
|upkeep
|turn|64
|
|t:|1629043076
|switch|p1a: Charizard|Charizard, M|76/100
|move|p2a: Ribombee|Roost|p2a: Ribombee
|-heal|p2a: Ribombee|82/100 psn
|-singleturn|p2a: Ribombee|move: Roost
|
|-damage|p2a: Ribombee|70/100 psn|[from] psn
|upkeep
|turn|65
|
|t:|1629043082
|switch|p2a: Wishiwashi|Wishiwashi, F|79/100
|-formechange|p2a: Wishiwashi|Wishiwashi-School||[from] ability: Schooling
|move|p1a: Charizard|Hurricane|p2a: Wishiwashi|[miss]
|-miss|p1a: Charizard|p2a: Wishiwashi
|
|-heal|p2a: Wishiwashi|86/100|[from] item: Leftovers
|upkeep
|turn|66
|
|t:|1629043088
|switch|p1a: Scrafty|Scrafty, M|100/100 slp
|-damage|p1a: Scrafty|95/100 slp|[from] Stealth Rock
|move|p2a: Wishiwashi|U-turn|p1a: Scrafty
|-damage|p1a: Scrafty|77/100 slp
|
|t:|1629043091
|switch|p2a: Ribombee|Ribombee, F|70/100 psn|[from]move: U-turn
|
|-damage|p2a: Ribombee|58/100 psn|[from] psn
|upkeep
|turn|67
|
|t:|1629043095
|switch|p1a: Charizard|Charizard, M|76/100
|move|p2a: Ribombee|Stun Spore|p1a: Charizard
|-status|p1a: Charizard|par
|
|-damage|p2a: Ribombee|46/100 psn|[from] psn
|upkeep
|turn|68
|j| Miyan
|
|t:|1629043102
|move|p2a: Ribombee|Moonblast|p1a: Charizard
|-resisted|p1a: Charizard
|-damage|p1a: Charizard|50/100 par
|move|p1a: Charizard|Hurricane|p2a: Ribombee|[miss]
|-miss|p1a: Charizard|p2a: Ribombee
|
|-damage|p2a: Ribombee|33/100 psn|[from] psn
|upkeep
|turn|69
|c|☆pult94d irish|sry
|
|t:|1629043113
|switch|p2a: Wishiwashi|Wishiwashi, F|86/100
|-formechange|p2a: Wishiwashi|Wishiwashi-School||[from] ability: Schooling
|switch|p1a: Scrafty|Scrafty, M|77/100 slp
|-damage|p1a: Scrafty|71/100 slp|[from] Stealth Rock
|
|-activate|p1a: Scrafty|ability: Shed Skin
|-curestatus|p1a: Scrafty|slp|[msg]
|-heal|p2a: Wishiwashi|92/100|[from] item: Leftovers
|upkeep
|turn|70
|
|t:|1629043119
|move|p1a: Scrafty|Knock Off|p2a: Wishiwashi
|-damage|p2a: Wishiwashi|63/100
|-enditem|p2a: Wishiwashi|Leftovers|[from] move: Knock Off|[of] p1a: Scrafty
|move|p2a: Wishiwashi|U-turn|p1a: Scrafty
|-damage|p1a: Scrafty|54/100
|
|t:|1629043124
|switch|p2a: Ribombee|Ribombee, F|33/100 psn|[from]move: U-turn
|
|-damage|p2a: Ribombee|21/100 psn|[from] psn
|upkeep
|turn|71
|
|t:|1629043140
|switch|p1a: Charizard|Charizard, M|50/100 par
|move|p2a: Ribombee|Roost|p2a: Ribombee
|-heal|p2a: Ribombee|71/100 psn
|-singleturn|p2a: Ribombee|move: Roost
|
|-damage|p2a: Ribombee|59/100 psn|[from] psn
|upkeep
|turn|72
|
|t:|1629043153
|switch|p2a: Wishiwashi|Wishiwashi, F|63/100
|-formechange|p2a: Wishiwashi|Wishiwashi-School||[from] ability: Schooling
|move|p1a: Charizard|Roost|p1a: Charizard
|-heal|p1a: Charizard|99/100 par
|-singleturn|p1a: Charizard|move: Roost
|
|upkeep
|turn|73
|
|t:|1629043175
|switch|p1a: Scrafty|Scrafty, M|54/100
|-damage|p1a: Scrafty|48/100|[from] Stealth Rock
|move|p2a: Wishiwashi|Scald|p1a: Scrafty
|-damage|p1a: Scrafty|20/100
|
|upkeep
|turn|74
|
|t:|1629043180
|move|p1a: Scrafty|Rest|p1a: Scrafty
|-status|p1a: Scrafty|slp|[from] move: Rest
|-heal|p1a: Scrafty|100/100 slp|[silent]
|move|p2a: Wishiwashi|U-turn|p1a: Scrafty
|-damage|p1a: Scrafty|83/100 slp
|
|t:|1629043182
|switch|p2a: Ribombee|Ribombee, F|59/100 psn|[from]move: U-turn
|
|-damage|p2a: Ribombee|47/100 psn|[from] psn
|upkeep
|turn|75
|
|t:|1629043187
|switch|p1a: Charizard|Charizard, M|99/100 par
|move|p2a: Ribombee|Roost|p2a: Ribombee
|-heal|p2a: Ribombee|97/100 psn
|-singleturn|p2a: Ribombee|move: Roost
|
|-damage|p2a: Ribombee|85/100 psn|[from] psn
|upkeep
|turn|76
|
|t:|1629043193
|switch|p2a: Stunfisk|Stunfisk-Galar, F|94/100
|cant|p1a: Charizard|par
|
|-heal|p2a: Stunfisk|99/100|[from] item: Leftovers
|upkeep
|turn|77
|
|t:|1629043197
|switch|p1a: Scrafty|Scrafty, M|83/100 slp
|-damage|p1a: Scrafty|77/100 slp|[from] Stealth Rock
|move|p2a: Stunfisk|Stone Edge|p1a: Scrafty
|-resisted|p1a: Scrafty
|-damage|p1a: Scrafty|70/100 slp
|
|-heal|p2a: Stunfisk|100/100|[from] item: Leftovers
|upkeep
|turn|78
|
|t:|1629043202
|switch|p2a: Ribombee|Ribombee, F|85/100 psn
|cant|p1a: Scrafty|slp
|
|-damage|p2a: Ribombee|73/100 psn|[from] psn
|upkeep
|turn|79
|
|t:|1629043205
|switch|p2a: Wishiwashi|Wishiwashi, F|63/100
|-formechange|p2a: Wishiwashi|Wishiwashi-School||[from] ability: Schooling
|switch|p1a: Charizard|Charizard, M|99/100 par
|
|upkeep
|turn|80
|
|t:|1629043211
|switch|p1a: Scrafty|Scrafty, M|70/100 slp
|-damage|p1a: Scrafty|64/100 slp|[from] Stealth Rock
|move|p2a: Wishiwashi|Rest|p2a: Wishiwashi
|-status|p2a: Wishiwashi|slp|[from] move: Rest
|-heal|p2a: Wishiwashi|100/100 slp|[silent]
|
|-activate|p1a: Scrafty|ability: Shed Skin
|-curestatus|p1a: Scrafty|slp|[msg]
|upkeep
|turn|81
|
|t:|1629043216
|switch|p2a: Ribombee|Ribombee, F|73/100 psn
|move|p1a: Scrafty|Drain Punch|p2a: Ribombee
|-resisted|p2a: Ribombee
|-damage|p2a: Ribombee|60/100 psn
|-heal|p1a: Scrafty|69/100|[from] drain|[of] p2a: Ribombee
|
|-damage|p2a: Ribombee|48/100 psn|[from] psn
|upkeep
|turn|82
|
|t:|1629043223
|switch|p1a: Charizard|Charizard, M|99/100 par
|move|p2a: Ribombee|Roost|p2a: Ribombee
|-heal|p2a: Ribombee|98/100 psn
|-singleturn|p2a: Ribombee|move: Roost
|
|-damage|p2a: Ribombee|86/100 psn|[from] psn
|upkeep
|turn|83
|
|t:|1629043228
|switch|p2a: Wishiwashi|Wishiwashi, F|100/100 slp
|-formechange|p2a: Wishiwashi|Wishiwashi-School||[from] ability: Schooling
|cant|p1a: Charizard|par
|
|upkeep
|turn|84
|
|t:|1629043245
|move|p1a: Charizard|Hurricane|p2a: Wishiwashi
|-damage|p2a: Wishiwashi|65/100 slp
|cant|p2a: Wishiwashi|slp
|move|p2a: Wishiwashi|Sleep Talk|p2a: Wishiwashi
|move|p2a: Wishiwashi|U-turn|p1a: Charizard|[from]move: Sleep Talk
|-resisted|p1a: Charizard
|-damage|p1a: Charizard|93/100 par
|
|t:|1629043250
|switch|p2a: Stunfisk|Stunfisk-Galar, F|100/100|[from]move: U-turn
|
|upkeep
|turn|85
|
|t:|1629043258
|switch|p1a: Scrafty|Scrafty, M|69/100
|-damage|p1a: Scrafty|63/100|[from] Stealth Rock
|move|p2a: Stunfisk|Stone Edge|p1a: Scrafty|[miss]
|-miss|p2a: Stunfisk|p1a: Scrafty
|
|upkeep
|turn|86
|
|t:|1629043264
|switch|p2a: Ribombee|Ribombee, F|86/100 psn
|move|p1a: Scrafty|Knock Off|p2a: Ribombee
|-resisted|p2a: Ribombee
|-damage|p2a: Ribombee|66/100 psn
|
|-damage|p2a: Ribombee|54/100 psn|[from] psn
|upkeep
|turn|87
|
|t:|1629043270
|switch|p2a: Wishiwashi|Wishiwashi, F|65/100 slp
|-formechange|p2a: Wishiwashi|Wishiwashi-School||[from] ability: Schooling
|switch|p1a: Charizard|Charizard, M|93/100 par
|
|upkeep
|turn|88
|
|t:|1629043274
|switch|p1a: Scrafty|Scrafty, M|63/100
|-damage|p1a: Scrafty|57/100|[from] Stealth Rock
|cant|p2a: Wishiwashi|slp
|move|p2a: Wishiwashi|Sleep Talk|p2a: Wishiwashi
|move|p2a: Wishiwashi|Scald|p1a: Scrafty|[from]move: Sleep Talk
|-damage|p1a: Scrafty|24/100
|-status|p1a: Scrafty|brn
|
|-activate|p1a: Scrafty|ability: Shed Skin
|-curestatus|p1a: Scrafty|brn|[msg]
|upkeep
|turn|89
|
|t:|1629043280
|move|p1a: Scrafty|Rest|p1a: Scrafty
|-status|p1a: Scrafty|slp|[from] move: Rest
|-heal|p1a: Scrafty|100/100 slp|[silent]
|-curestatus|p2a: Wishiwashi|slp|[msg]
|move|p2a: Wishiwashi|U-turn|p1a: Scrafty
|-damage|p1a: Scrafty|85/100 slp
|
|t:|1629043283
|switch|p2a: Ribombee|Ribombee, F|54/100 psn|[from]move: U-turn
|
|-damage|p2a: Ribombee|41/100 psn|[from] psn
|upkeep
|turn|90
|
|t:|1629043286
|switch|p1a: Charizard|Charizard, M|93/100 par
|move|p2a: Ribombee|Roost|p2a: Ribombee
|-heal|p2a: Ribombee|92/100 psn
|-singleturn|p2a: Ribombee|move: Roost
|
|-damage|p2a: Ribombee|79/100 psn|[from] psn
|upkeep
|turn|91
|
|t:|1629043290
|switch|p2a: Stunfisk|Stunfisk-Galar, F|100/100
|move|p1a: Charizard|Hurricane|p2a: Stunfisk
|-resisted|p2a: Stunfisk
|-damage|p2a: Stunfisk|84/100
|
|-heal|p2a: Stunfisk|90/100|[from] item: Leftovers
|upkeep
|turn|92
|
|t:|1629043301
|switch|p1a: Scrafty|Scrafty, M|85/100 slp
|-damage|p1a: Scrafty|79/100 slp|[from] Stealth Rock
|switch|p2a: Wishiwashi|Wishiwashi, F|65/100
|-formechange|p2a: Wishiwashi|Wishiwashi-School||[from] ability: Schooling
|
|upkeep
|turn|93
|
|t:|1629043321
|cant|p1a: Scrafty|slp
|move|p2a: Wishiwashi|U-turn|p1a: Scrafty
|-damage|p1a: Scrafty|63/100 slp
|
|t:|1629043323
|switch|p2a: Ribombee|Ribombee, F|79/100 psn|[from]move: U-turn
|
|-damage|p2a: Ribombee|67/100 psn|[from] psn
|upkeep
|turn|94
|
|t:|1629043328
|switch|p2a: Wishiwashi|Wishiwashi, F|65/100
|-formechange|p2a: Wishiwashi|Wishiwashi-School||[from] ability: Schooling
|switch|p1a: Charizard|Charizard, M|93/100 par
|
|upkeep
|turn|95
|
|t:|1629043334
|switch|p1a: Scrafty|Scrafty, M|63/100 slp
|-damage|p1a: Scrafty|57/100 slp|[from] Stealth Rock
|move|p2a: Wishiwashi|U-turn|p1a: Scrafty
|-damage|p1a: Scrafty|41/100 slp
|
|t:|1629043336
|switch|p2a: Ribombee|Ribombee, F|67/100 psn|[from]move: U-turn
|
|-damage|p2a: Ribombee|55/100 psn|[from] psn
|upkeep
|turn|96
|
|t:|1629043340
|switch|p2a: Wishiwashi|Wishiwashi, F|65/100
|-formechange|p2a: Wishiwashi|Wishiwashi-School||[from] ability: Schooling
|switch|p1a: Charizard|Charizard, M|93/100 par
|
|upkeep
|turn|97
|
|t:|1629043345
|switch|p1a: Scrafty|Scrafty, M|41/100 slp
|-damage|p1a: Scrafty|35/100 slp|[from] Stealth Rock
|move|p2a: Wishiwashi|Scald|p1a: Scrafty
|-damage|p1a: Scrafty|7/100 slp
|
|upkeep
|turn|98
|
|t:|1629043355
|cant|p1a: Scrafty|slp
|move|p2a: Wishiwashi|Scald|p1a: Scrafty
|-damage|p1a: Scrafty|0 fnt
|faint|p1a: Scrafty
|
|upkeep
|
|t:|1629043356
|switch|p1a: Charizard|Charizard, M|93/100 par
|turn|99
|
|t:|1629043358
|cant|p1a: Charizard|par
|move|p2a: Wishiwashi|Scald|p1a: Charizard
|-supereffective|p1a: Charizard
|-damage|p1a: Charizard|0 fnt
|faint|p1a: Charizard
|
|win|pult94d irish
|raw|pult94d baby keem's rating: 1573 &rarr; <strong>1557</strong><br />(-16 for losing)
|raw|pult94d irish's rating: 1651 &rarr; <strong>1667</strong><br />(+16 for winning)
|c|☆pult94d irish|gg sry bout the bs
|c|☆pult94d baby keem|gg
|c|☆pult94d irish|u shouldve had this
|c|☆pult94d baby keem|idk how i got that little hsed skins
|l| Miyan
|c|☆pult94d irish|yea
|l|☆pult94d baby keem
|c|☆pult94d irish|shed skins either broken or worthless lol
|l|☆pult94d irish
||Ladder isn't responding, score probably updated but might not have (Request timeout).
|l| pult94d somalia
|j| Pult94d Myn
|j| Gva
|l| Gva
|j| tlenit
|l| tlenit
|j| pult94d somalia
|l| pult94d somalia
|l| Pult94d Myn
