|j|☆Moeoe
|j|☆Tintincpajouer
|t:|1627224378
|gametype|singles
|player|p1|Moeoe|li|1213
|player|p2|Tintincpajouer|170|1212
|teamsize|p1|6
|teamsize|p2|6
|gen|8
|tier|[Gen 8] PU
|rated|
|rule|Sleep Clause Mod: Limit one foe put to sleep
|rule|Species Clause: Limit one of each Pokémon
|rule|OHKO Clause: OHKO moves are banned
|rule|Evasion Moves Clause: Evasion moves are banned
|rule|Endless Battle Clause: Forcing endless battles is banned
|rule|HP Percentage Mod: HP is shown in percentages
|rule|Dynamax Clause: You cannot dynamax
|clearpoke
|poke|p1|Morpeko, M|
|poke|p1|Duosion, M|
|poke|p1|Combusken, F|
|poke|p1|Tsareena, F|
|poke|p1|Dunsparce, M|
|poke|p1|Sableye, F|
|poke|p2|Hitmonlee, M|
|poke|p2|Absol, F|
|poke|p2|Silvally-*|
|poke|p2|Sandslash, F|
|poke|p2|Kadabra, F|
|poke|p2|Articuno-Galar|
|teampreview
|
|t:|1627224403
|start
|switch|p1a: Sableye|Sableye, F|100/100
|switch|p2a: Absol|Absol, F|100/100
|turn|1
|
|t:|1627224413
|move|p1a: Sableye|Will-O-Wisp|p2a: Absol
|-hint|Since gen 7, Dark is immune to Prankster moves.
|-immune|p2a: Absol
|move|p2a: Absol|Swords Dance|p2a: Absol
|-boost|p2a: Absol|atk|2
|
|upkeep
|turn|2
|
|t:|1627224428
|move|p2a: Absol|Swords Dance|p2a: Absol
|-boost|p2a: Absol|atk|2
|move|p1a: Sableye|Foul Play|p2a: Absol
|-resisted|p2a: Absol
|-damage|p2a: Absol|0 fnt
|faint|p2a: Absol
|
|upkeep
|c|☆Tintincpajouer|i was greedy
|c|☆Tintincpajouer|nice play
|
|t:|1627224449
|switch|p2a: Sandslash|Sandslash, F|100/100
|turn|3
|
|t:|1627224455
|move|p1a: Sableye|Will-O-Wisp|p2a: Sandslash|[miss]
|-miss|p1a: Sableye|p2a: Sandslash
|move|p2a: Sandslash|Toxic|p1a: Sableye
|-status|p1a: Sableye|tox
|
|-damage|p1a: Sableye|95/100 tox|[from] psn
|upkeep
|turn|4
|
|t:|1627224462
|move|p1a: Sableye|Encore|p2a: Sandslash
|-start|p2a: Sandslash|Encore
|move|p2a: Sandslash|Toxic|p1a: Sableye
|-fail|p1a: Sableye|tox
|
|-damage|p1a: Sableye|83/100 tox|[from] psn
|upkeep
|turn|5
|
|t:|1627224479
|switch|p2a: Silvally|Silvally-Ghost|100/100
|switch|p1a: Duosion|Duosion, M|100/100
|
|upkeep
|turn|6
|
|t:|1627224493
|switch|p1a: Dunsparce|Dunsparce, M|100/100
|move|p2a: Silvally|Shadow Ball|p1a: Dunsparce
|-immune|p1a: Dunsparce
|
|upkeep
|turn|7
|
|t:|1627224508
|move|p2a: Silvally|Toxic|p1a: Dunsparce
|-status|p1a: Dunsparce|tox
|move|p1a: Dunsparce|Stealth Rock|p2a: Silvally
|-sidestart|p2: Tintincpajouer|move: Stealth Rock
|
|-damage|p1a: Dunsparce|94/100 tox|[from] psn
|upkeep
|turn|8
|
|t:|1627224515
|move|p2a: Silvally|U-turn|p1a: Dunsparce
|-damage|p1a: Dunsparce|83/100 tox
|
|t:|1627224518
|switch|p2a: Sandslash|Sandslash, F|100/100|[from]move: U-turn
|-damage|p2a: Sandslash|94/100|[from] Stealth Rock
|move|p1a: Dunsparce|Yawn|p2a: Sandslash
|-start|p2a: Sandslash|move: Yawn|[of] p1a: Dunsparce
|
|-heal|p1a: Dunsparce|89/100 tox|[from] item: Leftovers
|-damage|p1a: Dunsparce|77/100 tox|[from] psn
|upkeep
|turn|9
|
|t:|1627224532
|switch|p2a: Silvally|Silvally-Ghost|100/100
|-damage|p2a: Silvally|88/100|[from] Stealth Rock
|switch|p1a: Sableye|Sableye, F|83/100 tox
|
|-damage|p1a: Sableye|77/100 tox|[from] psn
|upkeep
|turn|10
|
|t:|1627224545
|switch|p1a: Dunsparce|Dunsparce, M|77/100 tox
|move|p2a: Silvally|Defog|p1a: Dunsparce
|-unboost|p1a: Dunsparce|evasion|1
|-sideend|p2: Tintincpajouer|Stealth Rock|[from] move: Defog|[of] p2a: Silvally
|
|-heal|p1a: Dunsparce|83/100 tox|[from] item: Leftovers
|-damage|p1a: Dunsparce|77/100 tox|[from] psn
|upkeep
|turn|11
|
|t:|1627224557
|move|p2a: Silvally|U-turn|p1a: Dunsparce
|-damage|p1a: Dunsparce|66/100 tox
|
|t:|1627224562
|switch|p2a: Sandslash|Sandslash, F|94/100|[from]move: U-turn
|move|p1a: Dunsparce|Stealth Rock|p2a: Sandslash
|-sidestart|p2: Tintincpajouer|move: Stealth Rock
|
|-heal|p1a: Dunsparce|73/100 tox|[from] item: Leftovers
|-damage|p1a: Dunsparce|60/100 tox|[from] psn
|upkeep
|turn|12
|
|t:|1627224570
|switch|p1a: Sableye|Sableye, F|77/100 tox
|move|p2a: Sandslash|Stealth Rock|p1a: Sableye
|-sidestart|p1: Moeoe|move: Stealth Rock
|
|-damage|p1a: Sableye|71/100 tox|[from] psn
|upkeep
|turn|13
|
|t:|1627224578
|switch|p2a: Silvally|Silvally-Ghost|88/100
|-damage|p2a: Silvally|76/100|[from] Stealth Rock
|move|p1a: Sableye|Will-O-Wisp|p2a: Silvally
|-status|p2a: Silvally|brn
|
|-damage|p1a: Sableye|59/100 tox|[from] psn
|-damage|p2a: Silvally|70/100 brn|[from] brn
|upkeep
|turn|14
|
|t:|1627224592
|switch|p1a: Dunsparce|Dunsparce, M|60/100 tox
|-damage|p1a: Dunsparce|48/100 tox|[from] Stealth Rock
|move|p2a: Silvally|U-turn|p1a: Dunsparce
|-damage|p1a: Dunsparce|43/100 tox
|
|t:|1627224598
|switch|p2a: Hitmonlee|Hitmonlee, M|100/100|[from]move: U-turn
|-damage|p2a: Hitmonlee|94/100|[from] Stealth Rock
|
|-heal|p1a: Dunsparce|49/100 tox|[from] item: Leftovers
|-damage|p1a: Dunsparce|43/100 tox|[from] psn
|upkeep
|turn|15
|
|t:|1627224606
|move|p2a: Hitmonlee|Knock Off|p1a: Dunsparce
|-damage|p1a: Dunsparce|4/100 tox
|-enditem|p1a: Dunsparce|Leftovers|[from] move: Knock Off|[of] p2a: Hitmonlee
|move|p1a: Dunsparce|Body Slam|p2a: Hitmonlee
|-damage|p2a: Hitmonlee|39/100
|-status|p2a: Hitmonlee|par
|
|-damage|p1a: Dunsparce|0 fnt|[from] psn
|faint|p1a: Dunsparce
|upkeep
|
|t:|1627224622
|switch|p1a: Morpeko|Morpeko, M|100/100
|-damage|p1a: Morpeko|88/100|[from] Stealth Rock
|turn|16
|
|t:|1627224630
|switch|p2a: Silvally|Silvally-Ghost|70/100 brn
|-damage|p2a: Silvally|57/100 brn|[from] Stealth Rock
|move|p1a: Morpeko|Aura Wheel|p2a: Silvally
|-damage|p2a: Silvally|29/100 brn
|-boost|p1a: Morpeko|spe|1
|
|-damage|p2a: Silvally|23/100 brn|[from] brn
|-formechange|p1a: Morpeko|Morpeko-Hangry||[from] ability: Hunger Switch
|upkeep
|turn|17
|
|t:|1627224643
|move|p1a: Morpeko|Aura Wheel|p2a: Silvally
|-supereffective|p2a: Silvally
|-damage|p2a: Silvally|0 fnt
|-boost|p1a: Morpeko|spe|1
|faint|p2a: Silvally
|
|-formechange|p1a: Morpeko|Morpeko||[from] ability: Hunger Switch
|upkeep
|
|t:|1627224652
|switch|p2a: Sandslash|Sandslash, F|94/100
|-damage|p2a: Sandslash|88/100|[from] Stealth Rock
|turn|18
|
|t:|1627224658
|move|p1a: Morpeko|Endure|p1a: Morpeko
|-singleturn|p1a: Morpeko|move: Endure
|move|p2a: Sandslash|Earthquake|p1a: Morpeko
|-supereffective|p1a: Morpeko
|-activate|p1a: Morpeko|move: Endure
|-damage|p1a: Morpeko|1/100
|-enditem|p1a: Morpeko|Weakness Policy
|-boost|p1a: Morpeko|atk|2|[from] item: Weakness Policy
|-boost|p1a: Morpeko|spa|2|[from] item: Weakness Policy
|
|-formechange|p1a: Morpeko|Morpeko-Hangry||[from] ability: Hunger Switch
|upkeep
|turn|19
|
|t:|1627224675
|move|p1a: Morpeko|Power Trip|p2a: Sandslash
|-damage|p2a: Sandslash|18/100
|move|p2a: Sandslash|Rapid Spin|p1a: Morpeko
|-damage|p1a: Morpeko|0 fnt
|-boost|p2a: Sandslash|spe|1
|-sideend|p2: Tintincpajouer|Stealth Rock|[from] move: Rapid Spin|[of] p2a: Sandslash
|faint|p1a: Morpeko
|
|upkeep
|
|t:|1627224685
|switch|p1a: Tsareena|Tsareena, F|100/100
|turn|20
|
|t:|1627224714
|move|p2a: Sandslash|Toxic|p1a: Tsareena
|-status|p1a: Tsareena|tox
|move|p1a: Tsareena|Rapid Spin|p2a: Sandslash
|-damage|p2a: Sandslash|5/100
|-boost|p1a: Tsareena|spe|1
|-sideend|p1: Moeoe|Stealth Rock|[from] move: Rapid Spin|[of] p1a: Tsareena
|
|-damage|p1a: Tsareena|94/100 tox|[from] psn
|upkeep
|turn|21
|
|t:|1627224723
|move|p1a: Tsareena|Rapid Spin|p2a: Sandslash
|-damage|p2a: Sandslash|0 fnt
|-boost|p1a: Tsareena|spe|1
|faint|p2a: Sandslash
|
|-damage|p1a: Tsareena|82/100 tox|[from] psn
|upkeep
|
|t:|1627224735
|switch|p2a: Articuno|Articuno-Galar|100/100
|turn|22
|
|t:|1627224746
|switch|p1a: Sableye|Sableye, F|59/100 tox
|move|p2a: Articuno|Air Slash|p1a: Sableye
|-crit|p1a: Sableye
|-damage|p1a: Sableye|0 fnt
|faint|p1a: Sableye
|
|upkeep
|
|t:|1627224753
|switch|p1a: Duosion|Duosion, M|100/100
|turn|23
|
|t:|1627224759
|move|p2a: Articuno|Shadow Ball|p1a: Duosion
|-supereffective|p1a: Duosion
|-damage|p1a: Duosion|61/100
|move|p1a: Duosion|Calm Mind|p1a: Duosion
|-boost|p1a: Duosion|spa|1
|-boost|p1a: Duosion|spd|1
|
|upkeep
|turn|24
|
|t:|1627224768
|move|p2a: Articuno|Freezing Glare|p1a: Duosion
|-resisted|p1a: Duosion
|-damage|p1a: Duosion|50/100
|move|p1a: Duosion|Recover|p1a: Duosion
|-heal|p1a: Duosion|99/100
|
|upkeep
|turn|25
|
|t:|1627224774
|move|p2a: Articuno|Freezing Glare|p1a: Duosion
|-resisted|p1a: Duosion
|-damage|p1a: Duosion|89/100
|move|p1a: Duosion|Calm Mind|p1a: Duosion
|-boost|p1a: Duosion|spa|1
|-boost|p1a: Duosion|spd|1
|
|upkeep
|turn|26
|
|t:|1627224781
|move|p2a: Articuno|Freezing Glare|p1a: Duosion
|-resisted|p1a: Duosion
|-damage|p1a: Duosion|81/100
|move|p1a: Duosion|Calm Mind|p1a: Duosion
|-boost|p1a: Duosion|spa|1
|-boost|p1a: Duosion|spd|1
|
|upkeep
|turn|27
|
|t:|1627224787
|move|p2a: Articuno|Freezing Glare|p1a: Duosion
|-resisted|p1a: Duosion
|-damage|p1a: Duosion|74/100
|move|p1a: Duosion|Calm Mind|p1a: Duosion
|-boost|p1a: Duosion|spa|1
|-boost|p1a: Duosion|spd|1
|
|upkeep
|turn|28
|
|t:|1627224794
|move|p2a: Articuno|Freezing Glare|p1a: Duosion
|-resisted|p1a: Duosion
|-crit|p1a: Duosion
|-damage|p1a: Duosion|50/100
|move|p1a: Duosion|Stored Power|p2a: Articuno
|-resisted|p2a: Articuno
|-damage|p2a: Articuno|0 fnt
|faint|p2a: Articuno
|
|upkeep
|
|t:|1627224816
|switch|p2a: Hitmonlee|Hitmonlee, M|39/100 par
|turn|29
|
|t:|1627224819
|move|p2a: Hitmonlee|Knock Off|p1a: Duosion
|-supereffective|p1a: Duosion
|-damage|p1a: Duosion|0 fnt
|-enditem|p1a: Duosion|Eviolite|[from] move: Knock Off|[of] p2a: Hitmonlee
|faint|p1a: Duosion
|
|upkeep
|
|t:|1627224825
|switch|p1a: Tsareena|Tsareena, F|82/100 tox
|turn|30
|
|t:|1627224832
|move|p1a: Tsareena|Power Whip|p2a: Hitmonlee|[miss]
|-miss|p1a: Tsareena|p2a: Hitmonlee
|cant|p2a: Hitmonlee|par
|
|-damage|p1a: Tsareena|76/100 tox|[from] psn
|upkeep
|turn|31
|
|t:|1627224840
|move|p1a: Tsareena|Power Whip|p2a: Hitmonlee|[miss]
|-miss|p1a: Tsareena|p2a: Hitmonlee
|cant|p2a: Hitmonlee|par
|
|-damage|p1a: Tsareena|64/100 tox|[from] psn
|upkeep
|turn|32
|c|☆Moeoe|lol
|
|t:|1627224851
|move|p1a: Tsareena|Power Whip|p2a: Hitmonlee
|-damage|p2a: Hitmonlee|0 fnt
|faint|p2a: Hitmonlee
|
|-damage|p1a: Tsareena|46/100 tox|[from] psn
|upkeep
|c|☆Tintincpajouer|lol
|
|t:|1627224875
|switch|p2a: Kadabra|Kadabra, F|100/100
|turn|33
|
|t:|1627224879
|move|p2a: Kadabra|Psychic|p1a: Tsareena
|-damage|p1a: Tsareena|5/100 tox
|move|p1a: Tsareena|Power Whip|p2a: Kadabra
|-enditem|p2a: Kadabra|Focus Sash
|-damage|p2a: Kadabra|1/100
|
|-damage|p1a: Tsareena|0 fnt|[from] psn
|faint|p1a: Tsareena
|upkeep
|c|☆Moeoe|gg
|
|t:|1627224888
|switch|p1a: Combusken|Combusken, F|100/100
|turn|34
|
|t:|1627224892
|move|p2a: Kadabra|Psychic|p1a: Combusken
|-supereffective|p1a: Combusken
|-enditem|p1a: Combusken|Focus Sash
|-damage|p1a: Combusken|1/100
|move|p1a: Combusken|Night Slash|p2a: Kadabra
|-supereffective|p2a: Kadabra
|-damage|p2a: Kadabra|0 fnt
|faint|p2a: Kadabra
|
|win|Moeoe
|raw|Moeoe's rating: 1213 &rarr; <strong>1238</strong><br />(+25 for winning)
|raw|Tintincpajouer's rating: 1212 &rarr; <strong>1187</strong><br />(-25 for losing)
|c|☆Tintincpajouer|gg
|l|☆Moeoe
