|j|☆kacj2
|j|☆Allejo 07
|t:|1638348532
|gametype|singles
|player|p1|kacj2|169|1395
|player|p2|Allejo 07|li|1381
|teamsize|p1|6
|teamsize|p2|6
|gen|8
|tier|[Gen 8] PU
|rated|
|rule|Sleep Clause Mod: Limit one foe put to sleep
|rule|Species Clause: Limit one of each Pokémon
|rule|OHKO Clause: OHKO moves are banned
|rule|Evasion Moves Clause: Evasion moves are banned
|rule|Endless Battle Clause: Forcing endless battles is banned
|rule|HP Percentage Mod: HP is shown in percentages
|rule|Dynamax Clause: You cannot dynamax
|clearpoke
|poke|p1|Bouffalant, F|
|poke|p1|Druddigon, F|
|poke|p1|Hitmonlee, M|
|poke|p1|Tsareena, F|
|poke|p1|Accelgor, F|
|poke|p1|Lycanroc-Midnight, F|
|poke|p2|Articuno-Galar|
|poke|p2|Type: Null|
|poke|p2|Sandaconda, F|
|poke|p2|Tsareena, F|
|poke|p2|Lycanroc, F|
|poke|p2|Togedemaru, M|
|teampreview
|inactive|Battle timer is ON: inactive players will automatically lose when time's up. (requested by kacj2)
|j| Mak (pokechamp)
|inactive|Allejo 07 has 120 seconds left.
|
|t:|1638348578
|start
|switch|p1a: Druddigon|Druddigon, F|100/100
|switch|p2a: Lycanroc|Lycanroc, F|100/100
|turn|1
|
|t:|1638348584
|move|p2a: Lycanroc|Swords Dance|p2a: Lycanroc
|-boost|p2a: Lycanroc|atk|2
|move|p1a: Druddigon|Outrage|p2a: Lycanroc
|-damage|p2a: Lycanroc|0 fnt
|faint|p2a: Lycanroc
|
|upkeep
|
|t:|1638348591
|switch|p2a: Fissure|Sandaconda, F, shiny|100/100
|turn|2
|
|t:|1638348594
|move|p2a: Fissure|Earthquake|p1a: Druddigon
|-damage|p1a: Druddigon|65/100
|move|p1a: Druddigon|Outrage|p2a: Fissure|[from]lockedmove
|-damage|p2a: Fissure|41/100
|-damage|p1a: Druddigon|48/100|[from] item: Rocky Helmet|[of] p2a: Fissure
|
|upkeep
|turn|3
|
|t:|1638348604
|move|p2a: Fissure|Stealth Rock|p1a: Druddigon
|-sidestart|p1: kacj2|move: Stealth Rock
|move|p1a: Druddigon|Outrage|p2a: Fissure|[from]lockedmove
|-damage|p2a: Fissure|0 fnt
|-damage|p1a: Druddigon|32/100|[from] item: Rocky Helmet|[of] p2a: Fissure
|faint|p2a: Fissure
|-start|p1a: Druddigon|confusion|[fatigue]
|
|upkeep
|
|t:|1638348607
|switch|p2a: Articuno|Articuno-Galar|100/100
|turn|4
|
|t:|1638348616
|move|p2a: Articuno|Freezing Glare|p1a: Druddigon
|-damage|p1a: Druddigon|0 fnt
|faint|p1a: Druddigon
|
|upkeep
|
|t:|1638348621
|switch|p1a: Bouffalant|Bouffalant, F|100/100
|-damage|p1a: Bouffalant|88/100|[from] Stealth Rock
|turn|5
|
|t:|1638348631
|move|p2a: Articuno|Freezing Glare|p1a: Bouffalant
|-crit|p1a: Bouffalant
|-damage|p1a: Bouffalant|0 fnt
|faint|p1a: Bouffalant
|
|upkeep
|
|t:|1638348640
|switch|p1a: Lycanroc|Lycanroc-Midnight, F|100/100
|-damage|p1a: Lycanroc|88/100|[from] Stealth Rock
|turn|6
|
|t:|1638348647
|switch|p2a: Flash Cannon|Togedemaru, M|100/100
|move|p1a: Lycanroc|Rock Blast|p2a: Flash Cannon
|-resisted|p2a: Flash Cannon
|-damage|p2a: Flash Cannon|89/100
|-resisted|p2a: Flash Cannon
|-damage|p2a: Flash Cannon|77/100
|-resisted|p2a: Flash Cannon
|-damage|p2a: Flash Cannon|67/100
|-hitcount|p2a: Flash Cannon|3
|
|upkeep
|turn|7
|
|t:|1638348658
|switch|p1a: Tsareena|Tsareena, F|100/100
|-damage|p1a: Tsareena|88/100|[from] Stealth Rock
|move|p2a: Flash Cannon|Iron Head|p1a: Tsareena
|-damage|p1a: Tsareena|54/100
|
|upkeep
|turn|8
|
|t:|1638348673
|switch|p2a: Doubledge|Type: Null|100/100
|move|p1a: Tsareena|Rapid Spin|p2a: Doubledge
|-damage|p2a: Doubledge|90/100
|-boost|p1a: Tsareena|spe|1
|-sideend|p1: kacj2|Stealth Rock|[from] move: Rapid Spin|[of] p1a: Tsareena
|
|upkeep
|turn|9
|
|t:|1638348681
|move|p1a: Tsareena|Knock Off|p2a: Doubledge
|-damage|p2a: Doubledge|68/100
|-enditem|p2a: Doubledge|Eviolite|[from] move: Knock Off|[of] p1a: Tsareena
|move|p2a: Doubledge|U-turn|p1a: Tsareena
|-supereffective|p1a: Tsareena
|-damage|p1a: Tsareena|25/100
|-enditem|p1a: Tsareena|Sitrus Berry|[eat]
|-heal|p1a: Tsareena|50/100|[from] item: Sitrus Berry
|
|t:|1638348693
|switch|p2a: Flash Cannon|Togedemaru, M|67/100|[from]move: U-turn
|
|upkeep
|turn|10
|
|t:|1638348699
|move|p2a: Flash Cannon|U-turn|p1a: Tsareena
|-supereffective|p1a: Tsareena
|-damage|p1a: Tsareena|13/100
|
|t:|1638348703
|switch|p2a: Doubledge|Type: Null|68/100|[from]move: U-turn
|move|p1a: Tsareena|High Jump Kick|p2a: Doubledge
|-supereffective|p2a: Doubledge
|-damage|p2a: Doubledge|0 fnt
|faint|p2a: Doubledge
|
|upkeep
|
|t:|1638348712
|switch|p2a: Flash Cannon|Togedemaru, M|67/100
|turn|11
|
|t:|1638348716
|move|p2a: Flash Cannon|U-turn|p1a: Tsareena
|-supereffective|p1a: Tsareena
|-damage|p1a: Tsareena|0 fnt
|faint|p1a: Tsareena
|
|t:|1638348719
|switch|p2a: Articuno|Articuno-Galar|100/100|[from]move: U-turn
|
|upkeep
|
|t:|1638348733
|switch|p1a: Accelgor|Accelgor, F|100/100
|turn|12
|
|t:|1638348739
|switch|p2a: Flash Cannon|Togedemaru, M|67/100
|move|p1a: Accelgor|Bug Buzz|p2a: Flash Cannon
|-resisted|p2a: Flash Cannon
|-damage|p2a: Flash Cannon|15/100
|
|upkeep
|turn|13
|
|t:|1638348746
|move|p2a: Flash Cannon|Iron Head|p1a: Accelgor
|-damage|p1a: Accelgor|16/100
|move|p1a: Accelgor|Bug Buzz|p2a: Flash Cannon
|-resisted|p2a: Flash Cannon
|-damage|p2a: Flash Cannon|0 fnt
|faint|p2a: Flash Cannon
|
|upkeep
|
|t:|1638348751
|switch|p2a: Articuno|Articuno-Galar|100/100
|turn|14
|
|t:|1638348758
|move|p1a: Accelgor|Bug Buzz|p2a: Articuno
|-damage|p2a: Articuno|34/100
|move|p2a: Articuno|Freezing Glare|p1a: Accelgor
|-damage|p1a: Accelgor|0 fnt
|faint|p1a: Accelgor
|
|upkeep
|
|t:|1638348772
|switch|p1a: Lycanroc|Lycanroc-Midnight, F|88/100
|turn|15
|
|t:|1638348777
|move|p1a: Lycanroc|Rock Blast|p2a: Articuno
|-supereffective|p2a: Articuno
|-damage|p2a: Articuno|5/100
|-supereffective|p2a: Articuno
|-damage|p2a: Articuno|0 fnt
|faint|p2a: Articuno
|-hitcount|p2: Articuno|2
|
|upkeep
|
|t:|1638348782
|switch|p2a: Tsareena|Tsareena, F|100/100
|turn|16
|
|t:|1638348786
|move|p1a: Lycanroc|Rock Blast|p2a: Tsareena
|-damage|p2a: Tsareena|86/100
|-damage|p2a: Tsareena|71/100
|-damage|p2a: Tsareena|55/100
|-damage|p2a: Tsareena|41/100
|-hitcount|p2a: Tsareena|4
|move|p2a: Tsareena|Rapid Spin|p1a: Lycanroc
|-resisted|p1a: Lycanroc
|-damage|p1a: Lycanroc|76/100
|-boost|p2a: Tsareena|spe|1
|
|upkeep
|turn|17
|
|t:|1638348800
|move|p1a: Lycanroc|Rock Blast|p2a: Tsareena
|-damage|p2a: Tsareena|27/100
|-damage|p2a: Tsareena|13/100
|-damage|p2a: Tsareena|0 fnt
|faint|p2a: Tsareena
|-hitcount|p2: Tsareena|3
|
|win|kacj2
|raw|kacj2's rating: 1395 &rarr; <strong>1414</strong><br />(+19 for winning)
|raw|Allejo 07's rating: 1381 &rarr; <strong>1362</strong><br />(-19 for losing)
|l|☆Allejo 07
