|j|☆xskelly34
|j|☆Casual❊dot❊exe
|inactive|Battle timer is ON: inactive players will automatically lose when time's up.
|t:|1651802901
|gametype|singles
|player|p1|xskelly34|bugsy|
|player|p2|Casual❊dot❊exe|silver|
|teamsize|p1|6
|teamsize|p2|6
|gen|8
|tier|[Gen 8] PU
|rated|Tournament battle
|rule|Sleep Clause Mod: Limit one foe put to sleep
|rule|Species Clause: Limit one of each Pokémon
|rule|OHKO Clause: OHKO moves are banned
|rule|Evasion Moves Clause: Evasion moves are banned
|rule|Endless Battle Clause: Forcing endless battles is banned
|rule|HP Percentage Mod: HP is shown in percentages
|rule|Dynamax Clause: You cannot dynamax
|clearpoke
|poke|p1|Arctovish|
|poke|p1|Weezing, F|
|poke|p1|Eldegoss, M|
|poke|p1|Gigalith, M|
|poke|p1|Mesprit|
|poke|p1|Scrafty, M|
|poke|p2|Aggron, F|
|poke|p2|Haunter, M|
|poke|p2|Gallade, M|
|poke|p2|Charizard, M|
|poke|p2|Aromatisse, F|
|poke|p2|Quagsire, F|
|teampreview
|j|*Lady Monita ✿
|c|☆Casual❊dot❊exe|hf
|j| durarararara
|c|☆xskelly34|u2
|
|t:|1651802918
|start
|switch|p1a: Mesprit|Mesprit|100/100
|switch|p2a: Gallade|Gallade, M, shiny|100/100
|turn|1
|
|t:|1651802926
|move|p1a: Mesprit|U-turn|p2a: Gallade
|-damage|p2a: Gallade|72/100
|
|t:|1651802928
|switch|p1a: Eldegoss|Eldegoss, M|100/100|[from]move: U-turn
|move|p2a: Gallade|Knock Off|p1a: Eldegoss
|-damage|p1a: Eldegoss|68/100
|-enditem|p1a: Eldegoss|Heavy-Duty Boots|[from] move: Knock Off|[of] p2a: Gallade
|
|upkeep
|turn|2
|j| PokeArt2004❤
|j| joey milktank
|
|t:|1651802949
|move|p2a: Gallade|Close Combat|p1a: Eldegoss
|-damage|p1a: Eldegoss|14/100
|-unboost|p2a: Gallade|def|1
|-unboost|p2a: Gallade|spd|1
|move|p1a: Eldegoss|Leech Seed|p2a: Gallade
|-start|p2a: Gallade|move: Leech Seed
|
|-damage|p2a: Gallade|60/100|[from] Leech Seed|[of] p1a: Eldegoss
|-heal|p1a: Eldegoss|25/100|[silent]
|upkeep
|turn|3
|
|t:|1651802955
|switch|p2a: Haunter|Haunter, M, shiny|100/100
|switch|p1a: Weezing|Weezing, F|100/100
|-ability|p1a: Weezing|Neutralizing Gas
|
|upkeep
|turn|4
|
|t:|1651802961
|switch|p2a: Gallade|Gallade, M, shiny|60/100
|-end|p1a: Weezing|ability: Neutralizing Gas
|switch|p1a: Gigalith|Gigalith, M|100/100
|-weather|Sandstorm|[from] ability: Sand Stream|[of] p1a: Gigalith
|
|-weather|Sandstorm|[upkeep]
|-damage|p2a: Gallade|54/100|[from] Sandstorm
|upkeep
|turn|5
|
|t:|1651802966
|switch|p1a: Weezing|Weezing, F|100/100
|-ability|p1a: Weezing|Neutralizing Gas
|move|p2a: Gallade|Close Combat|p1a: Weezing
|-resisted|p1a: Weezing
|-damage|p1a: Weezing|79/100
|-unboost|p2a: Gallade|def|1
|-unboost|p2a: Gallade|spd|1
|
|-weather|Sandstorm|[upkeep]
|-damage|p2a: Gallade|47/100|[from] Sandstorm
|-damage|p1a: Weezing|73/100|[from] Sandstorm
|-heal|p1a: Weezing|79/100|[from] item: Black Sludge
|upkeep
|turn|6
|
|t:|1651802984
|switch|p2a: Aggron|Aggron, F, shiny|100/100
|move|p1a: Weezing|Sludge Bomb|p2a: Aggron
|-immune|p2a: Aggron
|
|-weather|Sandstorm|[upkeep]
|-damage|p1a: Weezing|73/100|[from] Sandstorm
|-heal|p1a: Weezing|79/100|[from] item: Black Sludge
|upkeep
|turn|7
|
|t:|1651802987
|move|p1a: Weezing|Will-O-Wisp|p2a: Aggron
|-status|p2a: Aggron|brn
|move|p2a: Aggron|Stealth Rock|p1a: Weezing
|-sidestart|p1: xskelly34|move: Stealth Rock
|
|-weather|Sandstorm|[upkeep]
|-damage|p1a: Weezing|73/100|[from] Sandstorm
|-heal|p1a: Weezing|79/100|[from] item: Black Sludge
|-damage|p2a: Aggron|94/100 brn|[from] brn
|upkeep
|turn|8
|
|t:|1651802993
|switch|p2a: Charizard|Charizard, M, shiny|100/100
|move|p1a: Weezing|Toxic Spikes|p2a: Charizard
|-sidestart|p2: Casual❊dot❊exe|move: Toxic Spikes
|
|-weather|none
|-heal|p1a: Weezing|85/100|[from] item: Black Sludge
|upkeep
|turn|9
|
|t:|1651803013
|-end|p1a: Weezing|ability: Neutralizing Gas
|switch|p1a: Gigalith|Gigalith, M|100/100
|-damage|p1a: Gigalith|88/100|[from] Stealth Rock
|-weather|Sandstorm|[from] ability: Sand Stream|[of] p1a: Gigalith
|move|p2a: Charizard|Defog|p1a: Gigalith
|-unboost|p1a: Gigalith|evasion|1
|-sideend|p1: xskelly34|Stealth Rock|[from] move: Defog|[of] p2a: Charizard
|-sideend|p2: Casual❊dot❊exe|Toxic Spikes|[from] move: Defog|[of] p2a: Charizard
|
|-weather|Sandstorm|[upkeep]
|-damage|p2a: Charizard|94/100|[from] Sandstorm
|-heal|p1a: Gigalith|94/100|[from] item: Leftovers
|upkeep
|turn|10
|
|t:|1651803023
|switch|p2a: Aromatisse|Aromatisse, F|100/100
|switch|p1a: Arctovish|Arctovish|100/100
|
|-weather|Sandstorm|[upkeep]
|-damage|p1a: Arctovish|94/100|[from] Sandstorm
|-damage|p2a: Aromatisse|94/100|[from] Sandstorm
|-heal|p2a: Aromatisse|100/100|[from] item: Leftovers
|upkeep
|turn|11
|
|t:|1651803029
|move|p1a: Arctovish|Fishious Rend|p2a: Aromatisse
|-damage|p2a: Aromatisse|10/100
|move|p2a: Aromatisse|Wish|p2a: Aromatisse
|
|-weather|Sandstorm|[upkeep]
|-damage|p1a: Arctovish|88/100|[from] Sandstorm
|-damage|p2a: Aromatisse|4/100|[from] Sandstorm
|-heal|p2a: Aromatisse|10/100|[from] item: Leftovers
|upkeep
|turn|12
|
|t:|1651803035
|move|p2a: Aromatisse|Protect|p2a: Aromatisse
|-singleturn|p2a: Aromatisse|Protect
|move|p1a: Arctovish|Fishious Rend|p2a: Aromatisse
|-activate|p2a: Aromatisse|move: Protect
|
|-weather|Sandstorm|[upkeep]
|-damage|p1a: Arctovish|82/100|[from] Sandstorm
|-damage|p2a: Aromatisse|4/100|[from] Sandstorm
|-heal|p2a: Aromatisse|54/100|[from] move: Wish|[wisher] Aromatisse
|-heal|p2a: Aromatisse|60/100|[from] item: Leftovers
|upkeep
|turn|13
|j| DraconicArticuno
|l| DraconicArticuno
|
|t:|1651803048
|move|p1a: Arctovish|Fishious Rend|p2a: Aromatisse
|-damage|p2a: Aromatisse|0 fnt
|faint|p2a: Aromatisse
|
|-weather|none
|upkeep
|
|t:|1651803051
|switch|p2a: Gallade|Gallade, M, shiny|47/100
|turn|14
|inactive|Casual❊dot❊exe has 120 seconds left.
|
|t:|1651803086
|switch|p1a: Mesprit|Mesprit|100/100
|move|p2a: Gallade|Zen Headbutt|p1a: Mesprit
|-resisted|p1a: Mesprit
|-crit|p1a: Mesprit
|-damage|p1a: Mesprit|61/100
|
|upkeep
|turn|15
|inactive|Casual❊dot❊exe has 120 seconds left.
|j| clean cuts
|
|t:|1651803094
|switch|p2a: Quagsire|Quagsire, F|100/100
|move|p1a: Mesprit|Psychic|p2a: Quagsire
|-damage|p2a: Quagsire|49/100
|-unboost|p2a: Quagsire|spd|1
|
|-heal|p2a: Quagsire|55/100|[from] item: Leftovers
|upkeep
|turn|16
|
|t:|1651803097
|switch|p2a: Aggron|Aggron, F, shiny|94/100 brn
|move|p1a: Mesprit|Psychic|p2a: Aggron
|-resisted|p2a: Aggron
|-damage|p2a: Aggron|76/100 brn
|
|-heal|p2a: Aggron|82/100 brn|[from] item: Leftovers
|-damage|p2a: Aggron|76/100 brn|[from] brn
|upkeep
|turn|17
|
|t:|1651803104
|switch|p1a: Eldegoss|Eldegoss, M|58/100
|switch|p2a: Gallade|Gallade, M, shiny|47/100
|
|upkeep
|turn|18
|inactive|Casual❊dot❊exe has 120 seconds left.
|
|t:|1651803129
|move|p2a: Gallade|Zen Headbutt|p1a: Eldegoss
|-damage|p1a: Eldegoss|21/100
|move|p1a: Eldegoss|Giga Drain|p2a: Gallade
|-crit|p2a: Gallade
|-damage|p2a: Gallade|12/100
|-heal|p1a: Eldegoss|36/100|[from] drain|[of] p2a: Gallade
|
|upkeep
|turn|19
|inactive|Casual❊dot❊exe has 120 seconds left.
|
|t:|1651803147
|switch|p1a: Gigalith|Gigalith, M|94/100
|-weather|Sandstorm|[from] ability: Sand Stream|[of] p1a: Gigalith
|move|p2a: Gallade|Close Combat|p1a: Gigalith
|-supereffective|p1a: Gigalith
|-damage|p1a: Gigalith|5/100
|-unboost|p2a: Gallade|def|1
|-unboost|p2a: Gallade|spd|1
|
|-weather|Sandstorm|[upkeep]
|-damage|p2a: Gallade|6/100|[from] Sandstorm
|-heal|p1a: Gigalith|11/100|[from] item: Leftovers
|upkeep
|turn|20
|
|t:|1651803153
|switch|p2a: Quagsire|Quagsire, F|55/100
|move|p1a: Gigalith|Protect||[still]
|-fail|p1a: Gigalith
|
|-weather|Sandstorm|[upkeep]
|-heal|p2a: Quagsire|61/100|[from] item: Leftovers
|-heal|p1a: Gigalith|17/100|[from] item: Leftovers
|upkeep
|turn|21
|
|t:|1651803162
|move|p1a: Gigalith|Protect|p1a: Gigalith
|-singleturn|p1a: Gigalith|Protect
|move|p2a: Quagsire|Toxic|p1a: Gigalith
|-activate|p1a: Gigalith|move: Protect
|
|-weather|Sandstorm|[upkeep]
|-heal|p2a: Quagsire|67/100|[from] item: Leftovers
|-heal|p1a: Gigalith|23/100|[from] item: Leftovers
|upkeep
|turn|22
|
|t:|1651803171
|switch|p1a: Arctovish|Arctovish|82/100
|move|p2a: Quagsire|Earthquake|p1a: Arctovish
|-damage|p1a: Arctovish|50/100
|
|-weather|Sandstorm|[upkeep]
|-damage|p1a: Arctovish|44/100|[from] Sandstorm
|-heal|p2a: Quagsire|73/100|[from] item: Leftovers
|upkeep
|turn|23
|j| Cerejassauro
|j| Fazeplaxe
|inactive|Casual❊dot❊exe has 120 seconds left.
|
|t:|1651803196
|move|p1a: Arctovish|Fishious Rend|p2a: Quagsire
|-damage|p2a: Quagsire|0 fnt
|faint|p2a: Quagsire
|
|-weather|none
|upkeep
|
|t:|1651803199
|switch|p2a: Haunter|Haunter, M, shiny|100/100
|turn|24
|
|t:|1651803203
|switch|p1a: Scrafty|Scrafty, M|100/100
|move|p2a: Haunter|Substitute|p2a: Haunter
|-start|p2a: Haunter|Substitute
|-damage|p2a: Haunter|76/100
|
|upkeep
|turn|25
|c| Cerejassauro|👁️👄👁️💅
|
|t:|1651803209
|move|p2a: Haunter|Dazzling Gleam|p1a: Scrafty
|-supereffective|p1a: Scrafty
|-damage|p1a: Scrafty|6/100
|-damage|p2a: Haunter|66/100|[from] item: Life Orb
|move|p1a: Scrafty|Knock Off|p2a: Haunter
|-supereffective|p2a: Haunter
|-end|p2a: Haunter|Substitute
|
|-heal|p1a: Scrafty|12/100|[from] item: Leftovers
|upkeep
|turn|26
|
|t:|1651803220
|move|p2a: Haunter|Shadow Ball|p1a: Scrafty
|-resisted|p1a: Scrafty
|-damage|p1a: Scrafty|0 fnt
|faint|p1a: Scrafty
|-damage|p2a: Haunter|56/100|[from] item: Life Orb
|
|upkeep
|
|t:|1651803225
|switch|p1a: Mesprit|Mesprit|61/100
|turn|27
|
|t:|1651803238
|switch|p2a: Aggron|Aggron, F, shiny|76/100 brn
|move|p1a: Mesprit|Psychic|p2a: Aggron
|-resisted|p2a: Aggron
|-damage|p2a: Aggron|57/100 brn
|-unboost|p2a: Aggron|spd|1
|
|-heal|p2a: Aggron|63/100 brn|[from] item: Leftovers
|-damage|p2a: Aggron|57/100 brn|[from] brn
|upkeep
|turn|28
|
|t:|1651803245
|switch|p1a: Arctovish|Arctovish|44/100
|move|p2a: Aggron|Stealth Rock|p1a: Arctovish
|-sidestart|p1: xskelly34|move: Stealth Rock
|
|-heal|p2a: Aggron|63/100 brn|[from] item: Leftovers
|-damage|p2a: Aggron|57/100 brn|[from] brn
|upkeep
|turn|29
|
|t:|1651803248
|move|p1a: Arctovish|Fishious Rend|p2a: Aggron
|-supereffective|p2a: Aggron
|-damage|p2a: Aggron|0 fnt
|faint|p2a: Aggron
|
|upkeep
|l| Cerejassauro
|
|t:|1651803250
|switch|p2a: Haunter|Haunter, M, shiny|56/100
|turn|30
|
|t:|1651803253
|move|p2a: Haunter|Shadow Ball|p1a: Arctovish
|-damage|p1a: Arctovish|0 fnt
|faint|p1a: Arctovish
|-damage|p2a: Haunter|46/100|[from] item: Life Orb
|
|upkeep
|
|t:|1651803256
|switch|p1a: Mesprit|Mesprit|61/100
|-damage|p1a: Mesprit|49/100|[from] Stealth Rock
|turn|31
|
|t:|1651803260
|switch|p2a: Gallade|Gallade, M, shiny|6/100
|move|p1a: Mesprit|Psychic|p2a: Gallade
|-damage|p2a: Gallade|0 fnt
|faint|p2a: Gallade
|
|upkeep
|
|t:|1651803263
|switch|p2a: Charizard|Charizard, M, shiny|94/100
|turn|32
|
|t:|1651803267
|switch|p1a: Eldegoss|Eldegoss, M|70/100
|-damage|p1a: Eldegoss|57/100|[from] Stealth Rock
|move|p2a: Charizard|Fire Blast|p1a: Eldegoss
|-supereffective|p1a: Eldegoss
|-damage|p1a: Eldegoss|0 fnt
|faint|p1a: Eldegoss
|
|upkeep
|j| DraconicArticuno
|
|t:|1651803272
|switch|p1a: Gigalith|Gigalith, M|23/100
|-damage|p1a: Gigalith|11/100|[from] Stealth Rock
|-weather|Sandstorm|[from] ability: Sand Stream|[of] p1a: Gigalith
|turn|33
|j| ii88
|
|t:|1651803287
|switch|p2a: Haunter|Haunter, M, shiny|46/100
|move|p1a: Gigalith|Protect||[still]
|-fail|p1a: Gigalith
|
|-weather|Sandstorm|[upkeep]
|-damage|p2a: Haunter|40/100|[from] Sandstorm
|-heal|p1a: Gigalith|17/100|[from] item: Leftovers
|upkeep
|turn|34
|
|t:|1651803291
|move|p2a: Haunter|Shadow Ball|p1a: Gigalith
|-damage|p1a: Gigalith|0 fnt
|faint|p1a: Gigalith
|-damage|p2a: Haunter|30/100|[from] item: Life Orb
|
|-weather|Sandstorm|[upkeep]
|-damage|p2a: Haunter|24/100|[from] Sandstorm
|upkeep
|
|t:|1651803295
|switch|p1a: Mesprit|Mesprit|49/100
|-damage|p1a: Mesprit|36/100|[from] Stealth Rock
|turn|35
|
|t:|1651803296
|move|p1a: Mesprit|Psychic|p2a: Haunter
|-supereffective|p2a: Haunter
|-damage|p2a: Haunter|0 fnt
|faint|p2a: Haunter
|
|-weather|Sandstorm|[upkeep]
|-damage|p1a: Mesprit|30/100|[from] Sandstorm
|upkeep
|
|t:|1651803298
|switch|p2a: Charizard|Charizard, M, shiny|94/100
|turn|36
|
|t:|1651803299
|move|p1a: Mesprit|Psychic|p2a: Charizard
|-damage|p2a: Charizard|40/100
|move|p2a: Charizard|Fire Blast|p1a: Mesprit|[miss]
|-miss|p2a: Charizard|p1a: Mesprit
|
|-weather|Sandstorm|[upkeep]
|-damage|p1a: Mesprit|24/100|[from] Sandstorm
|-damage|p2a: Charizard|34/100|[from] Sandstorm
|upkeep
|turn|37
|c|☆Casual❊dot❊exe|thats
|c|☆Casual❊dot❊exe|so unfortunate
|c|☆Casual❊dot❊exe|after I played it so well
|c|☆Casual❊dot❊exe|fml
|c| Fazeplaxe|Eesh
|inactive|Casual❊dot❊exe has 120 seconds left.
|
|t:|1651803333
|move|p1a: Mesprit|Psychic|p2a: Charizard
|-damage|p2a: Charizard|0 fnt
|faint|p2a: Charizard
|
|win|xskelly34
|n|☆xskelly34|xskelly34
|n|☆Casual❊dot❊exe|casualdotexe
|n|*Lady Monita ✿|ladymonita
|n| durarararara|durarararara
|n| PokeArt2004❤|pokeart2004
|n| joey milktank|joeymilktank
|n| clean cuts|cleancuts
|n| Fazeplaxe|fazeplaxe
|n| DraconicArticuno|draconicarticuno
|n| ii88|ii88
|l|*Lady Monita ✿
|c| Fazeplaxe|F
|l| DraconicArticuno
|l| Fazeplaxe
|l| clean cuts
|c|☆xskelly34|are you specs
|c|☆Casual❊dot❊exe|n
|l| ii88
|c|☆xskelly34|i think it came down to rolls then
|c|☆Casual❊dot❊exe|252 SpA Charizard Fire Blast vs. 0 HP / 0 SpD Mesprit: 153-181 (50.8 - 60.1%) -- guaranteed 2HKO
|c|☆Casual❊dot❊exe|and then vs weezing I roost up
|c|☆xskelly34|i meant for weezing
|c|☆Casual❊dot❊exe|0 SpA Weezing Sludge Bomb vs. 0 HP / 4 SpD Charizard: 97-115 (32.6 - 38.7%) -- 99.1% chance to 3HKO
|c|☆xskelly34|i have pain split
|c|☆xskelly34|do you have another attacking move
|c|☆Casual❊dot❊exe|hurricane
|c|☆Casual❊dot❊exe|so more bad acc but its enough pp
|c|☆Casual❊dot❊exe|also factor in blaze
|c|☆xskelly34|yeah
|c|☆Casual❊dot❊exe|so if u put me in blaze range I one shot
|c|☆Casual❊dot❊exe|252 SpA Blaze Charizard Fire Blast vs. 252 HP / 0 SpD Weezing: 319-376 (95.5 - 112.5%) -- 75% chance to OHKO
|l|☆xskelly34
