|raw|<div class="broadcast-blue"><strong>This battle is required to be public due to a player having a name starting with 'pult4t2'.</div>
|j|☆parent song
|j|☆PULT4T2 eifo
|t:|1661193703
|gametype|singles
|player|p1|parent song|ethan|1565
|player|p2|PULT4T2 eifo|camper|1537
|teamsize|p1|6
|teamsize|p2|6
|gen|8
|tier|[Gen 8] PU
|rated|
|rule|Sleep Clause Mod: Limit one foe put to sleep
|rule|Species Clause: Limit one of each Pokémon
|rule|OHKO Clause: OHKO moves are banned
|rule|Evasion Items Clause: Evasion items are banned
|rule|Evasion Moves Clause: Evasion moves are banned
|rule|Endless Battle Clause: Forcing endless battles is banned
|rule|HP Percentage Mod: HP is shown in percentages
|rule|Dynamax Clause: You cannot dynamax
|clearpoke
|poke|p1|Scrafty, M|
|poke|p1|Articuno-Galar|
|poke|p1|Whimsicott, M|
|poke|p1|Sandslash, M|
|poke|p1|Gigalith, M|
|poke|p1|Doublade, M|
|poke|p2|Scyther, F|
|poke|p2|Jellicent, F|
|poke|p2|Audino, F|
|poke|p2|Sandslash, M|
|poke|p2|Aggron, F|
|poke|p2|Comfey, F|
|teampreview
|inactive|Battle timer is ON: inactive players will automatically lose when time's up. (requested by parent song)
|
|t:|1661193756
|start
|switch|p1a: Gigalith|Gigalith, M|100/100
|switch|p2a: Scyther|Scyther, F|100/100
|-weather|Sandstorm|[from] ability: Sand Stream|[of] p1a: Gigalith
|turn|1
|
|t:|1661193762
|move|p2a: Scyther|U-turn|p1a: Gigalith
|-damage|p1a: Gigalith|77/100
|
|t:|1661193767
|switch|p2a: Sandslash|Sandslash, M|100/100|[from]move: U-turn
|move|p1a: Gigalith|Stealth Rock|p2a: Sandslash
|-sidestart|p2: PULT4T2 eifo|move: Stealth Rock
|
|-weather|Sandstorm|[upkeep]
|-heal|p1a: Gigalith|83/100|[from] item: Leftovers
|upkeep
|turn|2
|
|t:|1661193790
|switch|p1a: Whimsicott|Whimsicott, M|100/100
|move|p2a: Sandslash|Spikes|p1a: Whimsicott
|-sidestart|p1: parent song|Spikes
|
|-weather|Sandstorm|[upkeep]
|-damage|p1a: Whimsicott|94/100|[from] Sandstorm
|upkeep
|turn|3
|
|t:|1661193800
|switch|p2a: Audino|Audino, F|100/100
|move|p1a: Whimsicott|Knock Off|p2a: Audino
|-damage|p2a: Audino|86/100
|-enditem|p2a: Audino|Heavy-Duty Boots|[from] move: Knock Off|[of] p1a: Whimsicott
|
|-weather|Sandstorm|[upkeep]
|-damage|p1a: Whimsicott|88/100|[from] Sandstorm
|-damage|p2a: Audino|80/100|[from] Sandstorm
|upkeep
|turn|4
|
|t:|1661193817
|switch|p1a: Scrafty|Scrafty, M|100/100
|-damage|p1a: Scrafty|88/100|[from] Spikes
|move|p2a: Audino|Knock Off|p1a: Scrafty
|-resisted|p1a: Scrafty
|-damage|p1a: Scrafty|85/100
|-enditem|p1a: Scrafty|Leftovers|[from] move: Knock Off|[of] p2a: Audino
|
|-weather|Sandstorm|[upkeep]
|-damage|p1a: Scrafty|79/100|[from] Sandstorm
|-damage|p2a: Audino|73/100|[from] Sandstorm
|upkeep
|turn|5
|
|t:|1661193838
|move|p1a: Scrafty|Knock Off|p2a: Audino
|-damage|p2a: Audino|54/100
|move|p2a: Audino|Wish|p2a: Audino
|
|-weather|none
|upkeep
|turn|6
|
|t:|1661193844
|switch|p2a: Comfey|Comfey, F|100/100
|-damage|p2a: Comfey|88/100|[from] Stealth Rock
|move|p1a: Scrafty|Knock Off|p2a: Comfey
|-resisted|p2a: Comfey
|-damage|p2a: Comfey|69/100
|-enditem|p2a: Comfey|Life Orb|[from] move: Knock Off|[of] p1a: Scrafty
|
|-heal|p2a: Comfey|100/100|[from] move: Wish|[wisher] Audino
|upkeep
|turn|7
|inactive|parent song has 120 seconds left.
|inactive|PULT4T2 eifo has 120 seconds left.
|
|t:|1661193892
|switch|p1a: Doublade|Doublade, M|100/100
|-damage|p1a: Doublade|88/100|[from] Spikes
|move|p2a: Comfey|Draining Kiss|p1a: Doublade
|-resisted|p1a: Doublade
|-crit|p1a: Doublade
|-damage|p1a: Doublade|72/100
|
|upkeep
|turn|8
|
|t:|1661193902
|switch|p2a: Sandslash|Sandslash, M|100/100
|-damage|p2a: Sandslash|94/100|[from] Stealth Rock
|move|p1a: Doublade|Shadow Claw|p2a: Sandslash
|-damage|p2a: Sandslash|74/100
|
|-heal|p2a: Sandslash|80/100|[from] item: Leftovers
|upkeep
|turn|9
|
|t:|1661193913
|move|p2a: Sandslash|Knock Off|p1a: Doublade
|-supereffective|p1a: Doublade
|-damage|p1a: Doublade|52/100
|-enditem|p1a: Doublade|Eviolite|[from] move: Knock Off|[of] p2a: Sandslash
|move|p1a: Doublade|Toxic|p2a: Sandslash
|-status|p2a: Sandslash|tox
|
|-heal|p2a: Sandslash|86/100 tox|[from] item: Leftovers
|-damage|p2a: Sandslash|80/100 tox|[from] psn
|upkeep
|turn|10
|j| joey milktank
|inactive|PULT4T2 eifo has 120 seconds left.
|
|t:|1661193944
|switch|p2a: Audino|Audino, F|88/100
|-damage|p2a: Audino|75/100|[from] Stealth Rock
|switch|p1a: Whimsicott|Whimsicott, M|88/100
|
|upkeep
|turn|11
|inactive|PULT4T2 eifo has 120 seconds left.
|
|t:|1661193962
|switch|p1a: Scrafty|Scrafty, M|79/100
|-damage|p1a: Scrafty|67/100|[from] Spikes
|move|p2a: Audino|Wish|p2a: Audino
|
|upkeep
|turn|12
|
|t:|1661193971
|switch|p1a: Gigalith|Gigalith, M|83/100
|-damage|p1a: Gigalith|71/100|[from] Spikes
|-weather|Sandstorm|[from] ability: Sand Stream|[of] p1a: Gigalith
|switch|p2a: Comfey|Comfey, F|100/100
|-damage|p2a: Comfey|88/100|[from] Stealth Rock
|
|-weather|Sandstorm|[upkeep]
|-damage|p2a: Comfey|82/100|[from] Sandstorm
|-heal|p2a: Comfey|100/100|[from] move: Wish|[wisher] Audino
|-heal|p1a: Gigalith|77/100|[from] item: Leftovers
|upkeep
|turn|13
|inactive|PULT4T2 eifo has 120 seconds left.
|
|t:|1661193983
|switch|p2a: Audino|Audino, F|100/100
|-damage|p2a: Audino|88/100|[from] Stealth Rock
|move|p1a: Gigalith|Earthquake|p2a: Audino
|-damage|p2a: Audino|58/100
|
|-weather|Sandstorm|[upkeep]
|-damage|p2a: Audino|52/100|[from] Sandstorm
|-heal|p1a: Gigalith|83/100|[from] item: Leftovers
|upkeep
|turn|14
|inactive|parent song has 120 seconds left.
|
|t:|1661193989
|move|p2a: Audino|Knock Off|p1a: Gigalith
|-damage|p1a: Gigalith|74/100
|-enditem|p1a: Gigalith|Leftovers|[from] move: Knock Off|[of] p2a: Audino
|move|p1a: Gigalith|Rock Blast|p2a: Audino
|-damage|p2a: Audino|42/100
|-damage|p2a: Audino|31/100
|-damage|p2a: Audino|20/100
|-damage|p2a: Audino|9/100
|-hitcount|p2a: Audino|4
|
|-weather|Sandstorm|[upkeep]
|-damage|p2a: Audino|3/100|[from] Sandstorm
|upkeep
|turn|15
|
|t:|1661193996
|switch|p2a: Sandslash|Sandslash, M|80/100 tox
|-damage|p2a: Sandslash|74/100 tox|[from] Stealth Rock
|move|p1a: Gigalith|Earthquake|p2a: Sandslash
|-damage|p2a: Sandslash|52/100 tox
|
|-weather|Sandstorm|[upkeep]
|-heal|p2a: Sandslash|58/100 tox|[from] item: Leftovers
|-damage|p2a: Sandslash|52/100 tox|[from] psn
|upkeep
|turn|16
|
|t:|1661194009
|move|p1a: Gigalith|Protect|p1a: Gigalith
|-singleturn|p1a: Gigalith|Protect
|move|p2a: Sandslash|Rapid Spin|p1a: Gigalith
|-activate|p1a: Gigalith|move: Protect
|
|-weather|none
|-heal|p2a: Sandslash|58/100 tox|[from] item: Leftovers
|-damage|p2a: Sandslash|46/100 tox|[from] psn
|upkeep
|turn|17
|
|t:|1661194028
|switch|p2a: Scyther|Scyther, F|100/100
|switch|p1a: Whimsicott|Whimsicott, M|88/100
|
|upkeep
|turn|18
|
|t:|1661194035
|move|p1a: Whimsicott|Knock Off|p2a: Scyther
|-damage|p2a: Scyther|80/100
|-enditem|p2a: Scyther|Heavy-Duty Boots|[from] move: Knock Off|[of] p1a: Whimsicott
|move|p2a: Scyther|Dual Wingbeat|p1a: Whimsicott
|-supereffective|p1a: Whimsicott
|-damage|p1a: Whimsicott|3/100
|-supereffective|p1a: Whimsicott
|-damage|p1a: Whimsicott|0 fnt
|faint|p1a: Whimsicott
|-hitcount|p1: Whimsicott|2
|
|upkeep
|
|t:|1661194048
|switch|p1a: Gigalith|Gigalith, M|74/100
|-damage|p1a: Gigalith|61/100|[from] Spikes
|-weather|Sandstorm|[from] ability: Sand Stream|[of] p1a: Gigalith
|turn|19
|
|t:|1661194051
|move|p2a: Scyther|U-turn|p1a: Gigalith
|-damage|p1a: Gigalith|40/100
|
|t:|1661194064
|switch|p2a: Jellicent|Jellicent, F|100/100|[from]move: U-turn
|-damage|p2a: Jellicent|88/100|[from] Stealth Rock
|move|p1a: Gigalith|Earthquake|p2a: Jellicent
|-damage|p2a: Jellicent|62/100
|
|-weather|Sandstorm|[upkeep]
|-damage|p2a: Jellicent|56/100|[from] Sandstorm
|upkeep
|turn|20
|
|t:|1661194078
|switch|p1a: Doublade|Doublade, M|52/100
|-damage|p1a: Doublade|40/100|[from] Spikes
|move|p2a: Jellicent|Recover|p2a: Jellicent
|-heal|p2a: Jellicent|100/100
|
|-weather|Sandstorm|[upkeep]
|-damage|p2a: Jellicent|94/100|[from] Sandstorm
|upkeep
|turn|21
|
|t:|1661194095
|move|p2a: Jellicent|Scald|p1a: Doublade
|-damage|p1a: Doublade|4/100
|move|p1a: Doublade|Shadow Claw|p2a: Jellicent
|-supereffective|p2a: Jellicent
|-damage|p2a: Jellicent|49/100
|
|-weather|Sandstorm|[upkeep]
|-damage|p2a: Jellicent|43/100|[from] Sandstorm
|upkeep
|turn|22
|inactive|PULT4T2 eifo has 120 seconds left.
|
|t:|1661194131
|move|p2a: Jellicent|Recover|p2a: Jellicent
|-heal|p2a: Jellicent|93/100
|move|p1a: Doublade|Rest|p1a: Doublade
|-status|p1a: Doublade|slp|[from] move: Rest
|-heal|p1a: Doublade|100/100 slp|[silent]
|
|-weather|Sandstorm|[upkeep]
|-damage|p2a: Jellicent|87/100|[from] Sandstorm
|upkeep
|turn|23
|
|t:|1661194146
|move|p2a: Jellicent|Scald|p1a: Doublade
|-damage|p1a: Doublade|63/100 slp
|cant|p1a: Doublade|slp
|move|p1a: Doublade|Sleep Talk|p1a: Doublade
|move|p1a: Doublade|Shadow Claw|p2a: Jellicent|[from]move: Sleep Talk
|-supereffective|p2a: Jellicent
|-damage|p2a: Jellicent|41/100
|
|-weather|none
|upkeep
|turn|24
|
|t:|1661194153
|move|p2a: Jellicent|Recover|p2a: Jellicent
|-heal|p2a: Jellicent|91/100
|cant|p1a: Doublade|slp
|move|p1a: Doublade|Sleep Talk|p1a: Doublade
|move|p1a: Doublade|Toxic|p2a: Jellicent|[from]move: Sleep Talk
|-status|p2a: Jellicent|tox
|
|-damage|p2a: Jellicent|85/100 tox|[from] psn
|upkeep
|turn|25
|inactive|PULT4T2 eifo has 120 seconds left.
|
|t:|1661194162
|switch|p2a: Audino|Audino, F|36/100
|-damage|p2a: Audino|24/100|[from] Stealth Rock
|-curestatus|p1a: Doublade|slp|[msg]
|move|p1a: Doublade|Rest|p1a: Doublade
|-status|p1a: Doublade|slp|[from] move: Rest
|-heal|p1a: Doublade|100/100 slp|[silent]
|
|upkeep
|turn|26
|inactive|PULT4T2 eifo has 120 seconds left.
|
|t:|1661194179
|switch|p1a: Sandslash|Sandslash, M|100/100
|-damage|p1a: Sandslash|88/100|[from] Spikes
|move|p2a: Audino|Wish|p2a: Audino
|
|-heal|p1a: Sandslash|94/100|[from] item: Leftovers
|upkeep
|turn|27
|inactive|PULT4T2 eifo has 120 seconds left.
|
|t:|1661194197
|move|p2a: Audino|Protect|p2a: Audino
|-singleturn|p2a: Audino|Protect
|move|p1a: Sandslash|Rapid Spin|p2a: Audino
|-activate|p2a: Audino|move: Protect
|
|-heal|p2a: Audino|74/100|[from] move: Wish|[wisher] Audino
|-heal|p1a: Sandslash|100/100|[from] item: Leftovers
|upkeep
|turn|28
|
|t:|1661194199
|move|p1a: Sandslash|Rapid Spin|p2a: Audino
|-damage|p2a: Audino|63/100
|-boost|p1a: Sandslash|spe|1
|-sideend|p1: parent song|Spikes|[from] move: Rapid Spin|[of] p1a: Sandslash
|move|p2a: Audino|Toxic|p1a: Sandslash
|-status|p1a: Sandslash|tox
|
|-damage|p1a: Sandslash|94/100 tox|[from] psn
|upkeep
|turn|29
|
|t:|1661194206
|move|p1a: Sandslash|Spikes|p2a: Audino
|-sidestart|p2: PULT4T2 eifo|Spikes
|move|p2a: Audino|Wish|p2a: Audino
|
|-heal|p1a: Sandslash|100/100 tox|[from] item: Leftovers
|-damage|p1a: Sandslash|88/100 tox|[from] psn
|upkeep
|turn|30
|
|t:|1661194218
|move|p1a: Sandslash|Earthquake|p2a: Audino
|-damage|p2a: Audino|30/100
|move|p2a: Audino|Knock Off|p1a: Sandslash
|-damage|p1a: Sandslash|78/100 tox
|-enditem|p1a: Sandslash|Leftovers|[from] move: Knock Off|[of] p2a: Audino
|
|-heal|p2a: Audino|80/100|[from] move: Wish|[wisher] Audino
|-damage|p1a: Sandslash|60/100 tox|[from] psn
|upkeep
|turn|31
|
|t:|1661194244
|switch|p1a: Gigalith|Gigalith, M|40/100
|-weather|Sandstorm|[from] ability: Sand Stream|[of] p1a: Gigalith
|move|p2a: Audino|Wish|p2a: Audino
|
|-weather|Sandstorm|[upkeep]
|-damage|p2a: Audino|73/100|[from] Sandstorm
|upkeep
|turn|32
|inactive|parent song has 120 seconds left.
|inactive|PULT4T2 eifo has 120 seconds left.
|
|t:|1661194279
|switch|p2a: Sandslash|Sandslash, M|46/100 tox
|-damage|p2a: Sandslash|40/100 tox|[from] Stealth Rock
|-damage|p2a: Sandslash|27/100 tox|[from] Spikes
|switch|p1a: Scrafty|Scrafty, M|67/100
|
|-weather|Sandstorm|[upkeep]
|-damage|p1a: Scrafty|61/100|[from] Sandstorm
|-heal|p2a: Sandslash|85/100 tox|[from] move: Wish|[wisher] Audino
|-heal|p2a: Sandslash|91/100 tox|[from] item: Leftovers
|-damage|p2a: Sandslash|85/100 tox|[from] psn
|upkeep
|turn|33
|
|t:|1661194290
|switch|p1a: Doublade|Doublade, M|100/100 slp
|move|p2a: Sandslash|Rapid Spin|p1a: Doublade
|-immune|p1a: Doublade
|
|-weather|Sandstorm|[upkeep]
|-heal|p2a: Sandslash|91/100 tox|[from] item: Leftovers
|-damage|p2a: Sandslash|79/100 tox|[from] psn
|upkeep
|turn|34
|
|t:|1661194299
|switch|p2a: Aggron|Aggron, F|100/100
|-damage|p2a: Aggron|94/100|[from] Stealth Rock
|-damage|p2a: Aggron|82/100|[from] Spikes
|switch|p1a: Articuno|Articuno-Galar|100/100
|
|-weather|Sandstorm|[upkeep]
|-damage|p1a: Articuno|94/100|[from] Sandstorm
|-heal|p2a: Aggron|88/100|[from] item: Leftovers
|upkeep
|turn|35
|inactive|parent song has 120 seconds left.
|inactive|PULT4T2 eifo has 120 seconds left.
|
|t:|1661194310
|switch|p1a: Sandslash|Sandslash, M|60/100 tox
|move|p2a: Aggron|Stealth Rock|p1a: Sandslash
|-sidestart|p1: parent song|move: Stealth Rock
|
|-weather|none
|-heal|p2a: Aggron|94/100|[from] item: Leftovers
|-damage|p1a: Sandslash|54/100 tox|[from] psn
|upkeep
|turn|36
|inactive|PULT4T2 eifo has 120 seconds left.
|
|t:|1661194322
|switch|p2a: Audino|Audino, F|100/100
|-damage|p2a: Audino|88/100|[from] Stealth Rock
|-damage|p2a: Audino|76/100|[from] Spikes
|move|p1a: Sandslash|Spikes|p2a: Audino
|-sidestart|p2: PULT4T2 eifo|Spikes
|
|-damage|p1a: Sandslash|41/100 tox|[from] psn
|upkeep
|turn|37
|inactive|PULT4T2 eifo has 120 seconds left.
|
|t:|1661194331
|switch|p2a: Jellicent|Jellicent, F|85/100 tox
|-damage|p2a: Jellicent|72/100 tox|[from] Stealth Rock
|-damage|p2a: Jellicent|56/100 tox|[from] Spikes
|move|p1a: Sandslash|Spikes|p2a: Jellicent
|-sidestart|p2: PULT4T2 eifo|Spikes
|
|-damage|p2a: Jellicent|50/100 tox|[from] psn
|-damage|p1a: Sandslash|23/100 tox|[from] psn
|upkeep
|turn|38
|
|t:|1661194339
|switch|p1a: Doublade|Doublade, M|100/100 slp
|-damage|p1a: Doublade|94/100 slp|[from] Stealth Rock
|move|p2a: Jellicent|Recover|p2a: Jellicent
|-heal|p2a: Jellicent|99/100 tox
|
|-damage|p2a: Jellicent|88/100 tox|[from] psn
|upkeep
|turn|39
|inactive|PULT4T2 eifo has 120 seconds left.
|
|t:|1661194384
|move|p2a: Jellicent|Scald|p1a: Doublade
|-damage|p1a: Doublade|57/100 slp
|cant|p1a: Doublade|slp
|move|p1a: Doublade|Sleep Talk|p1a: Doublade
|move|p1a: Doublade|Shadow Claw|p2a: Jellicent|[from]move: Sleep Talk
|-supereffective|p2a: Jellicent
|-damage|p2a: Jellicent|42/100 tox
|
|-damage|p2a: Jellicent|24/100 tox|[from] psn
|upkeep
|turn|40
|
|t:|1661194388
|move|p2a: Jellicent|Scald|p1a: Doublade
|-damage|p1a: Doublade|21/100 slp
|cant|p1a: Doublade|slp
|move|p1a: Doublade|Sleep Talk|p1a: Doublade
|move|p1a: Doublade|Shadow Claw|p2a: Jellicent|[from]move: Sleep Talk
|-supereffective|p2a: Jellicent
|-crit|p2a: Jellicent
|-damage|p2a: Jellicent|0 fnt
|faint|p2a: Jellicent
|
|upkeep
|
|t:|1661194397
|switch|p2a: Sandslash|Sandslash, M|79/100 tox
|-damage|p2a: Sandslash|73/100 tox|[from] Stealth Rock
|-damage|p2a: Sandslash|48/100 tox|[from] Spikes
|turn|41
|
|t:|1661194422
|move|p2a: Sandslash|Knock Off|p1a: Doublade
|-supereffective|p1a: Doublade
|-damage|p1a: Doublade|3/100 slp
|-curestatus|p1a: Doublade|slp|[msg]
|move|p1a: Doublade|Shadow Claw|p2a: Sandslash
|-damage|p2a: Sandslash|28/100 tox
|
|-heal|p2a: Sandslash|34/100 tox|[from] item: Leftovers
|-damage|p2a: Sandslash|28/100 tox|[from] psn
|upkeep
|turn|42
|
|t:|1661194429
|move|p2a: Sandslash|Knock Off|p1a: Doublade
|-supereffective|p1a: Doublade
|-damage|p1a: Doublade|0 fnt
|faint|p1a: Doublade
|
|-heal|p2a: Sandslash|34/100 tox|[from] item: Leftovers
|-damage|p2a: Sandslash|21/100 tox|[from] psn
|upkeep
|c|☆PULT4T2 eifo|what the hell is that doub
|
|t:|1661194436
|switch|p1a: Articuno|Articuno-Galar|94/100
|-damage|p1a: Articuno|69/100|[from] Stealth Rock
|turn|43
|inactive|PULT4T2 eifo has 120 seconds left.
|
|t:|1661194449
|move|p1a: Articuno|Psyshock|p2a: Sandslash
|-damage|p2a: Sandslash|0 fnt
|faint|p2a: Sandslash
|
|upkeep
|inactive|PULT4T2 eifo has 90 seconds left.
|
|t:|1661194489
|switch|p2a: Scyther|Scyther, F|80/100
|-damage|p2a: Scyther|30/100|[from] Stealth Rock
|turn|44
|inactive|PULT4T2 eifo has 90 seconds left.
|
|t:|1661194509
|switch|p1a: Scrafty|Scrafty, M|61/100
|-damage|p1a: Scrafty|55/100|[from] Stealth Rock
|move|p2a: Scyther|Knock Off|p1a: Scrafty
|-resisted|p1a: Scrafty
|-damage|p1a: Scrafty|50/100
|
|upkeep
|turn|45
|inactive|parent song has 120 seconds left.
|
|t:|1661194554
|move|p2a: Scyther|Roost|p2a: Scyther
|-heal|p2a: Scyther|80/100
|-singleturn|p2a: Scyther|move: Roost
|move|p1a: Scrafty|Knock Off|p2a: Scyther
|-damage|p2a: Scyther|49/100
|
|upkeep
|turn|46
|inactive|PULT4T2 eifo has 90 seconds left.
|inactive|parent song has 90 seconds left.
|
|t:|1661194575
|move|p2a: Scyther|Dual Wingbeat|p1a: Scrafty
|-supereffective|p1a: Scrafty
|-damage|p1a: Scrafty|5/100
|-supereffective|p1a: Scrafty
|-damage|p1a: Scrafty|0 fnt
|faint|p1a: Scrafty
|-hitcount|p1: Scrafty|2
|
|upkeep
|
|t:|1661194578
|switch|p1a: Gigalith|Gigalith, M|40/100
|-damage|p1a: Gigalith|28/100|[from] Stealth Rock
|-weather|Sandstorm|[from] ability: Sand Stream|[of] p1a: Gigalith
|turn|47
|inactive|PULT4T2 eifo has 90 seconds left.
|
|t:|1661194607
|move|p2a: Scyther|U-turn|p1a: Gigalith
|-damage|p1a: Gigalith|3/100
|
|t:|1661194611
|switch|p2a: Audino|Audino, F|100/100|[from]move: U-turn
|-damage|p2a: Audino|88/100|[from] Stealth Rock
|-damage|p2a: Audino|63/100|[from] Spikes
|move|p1a: Gigalith|Rock Blast|p2a: Audino|[miss]
|-miss|p1a: Gigalith|p2a: Audino
|
|-weather|Sandstorm|[upkeep]
|-damage|p2a: Audino|57/100|[from] Sandstorm
|upkeep
|turn|48
|c|☆PULT4T2 eifo|wait that was dumb
|inactive|parent song has 90 seconds left.
|c|☆PULT4T2 eifo|i got distracted
|
|t:|1661194643
|move|p2a: Audino|Wish|p2a: Audino
|move|p1a: Gigalith|Rock Blast|p2a: Audino
|-damage|p2a: Audino|46/100
|-damage|p2a: Audino|35/100
|-damage|p2a: Audino|25/100
|-hitcount|p2a: Audino|3
|
|-weather|Sandstorm|[upkeep]
|-damage|p2a: Audino|19/100|[from] Sandstorm
|upkeep
|turn|49
|c|☆PULT4T2 eifo|that was terrible
|inactive|parent song has 90 seconds left.
|
|t:|1661194659
|switch|p1a: Sandslash|Sandslash, M|23/100 tox
|-damage|p1a: Sandslash|16/100 tox|[from] Stealth Rock
|move|p2a: Audino|Protect||[still]
|-fail|p2a: Audino
|
|-weather|Sandstorm|[upkeep]
|-damage|p2a: Audino|13/100|[from] Sandstorm
|-heal|p2a: Audino|63/100|[from] move: Wish|[wisher] Audino
|-damage|p1a: Sandslash|10/100 tox|[from] psn
|upkeep
|turn|50
|
|t:|1661194668
|move|p1a: Sandslash|Rapid Spin|p2a: Audino
|-damage|p2a: Audino|51/100
|-boost|p1a: Sandslash|spe|1
|-sideend|p1: parent song|Stealth Rock|[from] move: Rapid Spin|[of] p1a: Sandslash
|move|p2a: Audino|Wish|p2a: Audino
|
|-weather|Sandstorm|[upkeep]
|-damage|p2a: Audino|45/100|[from] Sandstorm
|-damage|p1a: Sandslash|0 fnt|[from] psn
|faint|p1a: Sandslash
|upkeep
|
|t:|1661194673
|switch|p1a: Articuno|Articuno-Galar|69/100
|turn|51
|
|t:|1661194677
|move|p2a: Audino|Protect|p2a: Audino
|-singleturn|p2a: Audino|Protect
|move|p1a: Articuno|Psyshock|p2a: Audino
|-activate|p2a: Audino|move: Protect
|
|-weather|none
|-heal|p2a: Audino|95/100|[from] move: Wish|[wisher] Audino
|upkeep
|turn|52
|
|t:|1661194680
|move|p1a: Articuno|Psyshock|p2a: Audino
|-damage|p2a: Audino|29/100
|move|p2a: Audino|Knock Off|p1a: Articuno
|-supereffective|p1a: Articuno
|-damage|p1a: Articuno|31/100
|-enditem|p1a: Articuno|Choice Specs|[from] move: Knock Off|[of] p2a: Audino
|
|upkeep
|turn|53
|
|t:|1661194688
|switch|p2a: Scyther|Scyther, F|49/100
|-damage|p2a: Scyther|0 fnt|[from] Stealth Rock
|faint|p2a: Scyther
|move|p1a: Articuno|Psyshock|p2: Scyther|[notarget]
|-fail|p1a: Articuno
|
|upkeep
|
|t:|1661194698
|switch|p2a: Aggron|Aggron, F|94/100
|-damage|p2a: Aggron|88/100|[from] Stealth Rock
|-damage|p2a: Aggron|63/100|[from] Spikes
|turn|54
|inactive|parent song has 120 seconds left.
|inactive|PULT4T2 eifo has 120 seconds left.
|j| xXcrossbowXx
|inactive|parent song has 90 seconds left.
|inactive|PULT4T2 eifo has 90 seconds left.
|
|t:|1661194745
|move|p1a: Articuno|Hurricane|p2a: Aggron|[miss]
|-miss|p1a: Articuno|p2a: Aggron
|move|p2a: Aggron|Body Press|p1a: Articuno
|-resisted|p1a: Articuno
|-damage|p1a: Articuno|21/100
|
|-heal|p2a: Aggron|69/100|[from] item: Leftovers
|upkeep
|turn|55
|inactive|parent song has 90 seconds left.
|
|t:|1661194754
|move|p1a: Articuno|Hurricane|p2a: Aggron
|-resisted|p2a: Aggron
|-damage|p2a: Aggron|55/100
|-start|p2a: Aggron|confusion
|-activate|p2a: Aggron|confusion
|move|p2a: Aggron|Body Press|p1a: Articuno
|-resisted|p1a: Articuno
|-damage|p1a: Articuno|12/100
|
|-heal|p2a: Aggron|61/100|[from] item: Leftovers
|upkeep
|turn|56
|l| xXcrossbowXx
|inactive|parent song has 90 seconds left.
|
|t:|1661194766
|move|p1a: Articuno|Freezing Glare|p2a: Aggron
|-resisted|p2a: Aggron
|-damage|p2a: Aggron|35/100
|-activate|p2a: Aggron|confusion
|-damage|p2a: Aggron|28/100|[from] confusion
|
|-heal|p2a: Aggron|35/100|[from] item: Leftovers
|upkeep
|turn|57
|
|t:|1661194771
|move|p1a: Articuno|Freezing Glare|p2a: Aggron
|-resisted|p2a: Aggron
|-damage|p2a: Aggron|11/100
|-activate|p2a: Aggron|confusion
|move|p2a: Aggron|Toxic|p1a: Articuno
|-status|p1a: Articuno|tox
|
|-heal|p2a: Aggron|17/100|[from] item: Leftovers
|-damage|p1a: Articuno|5/100 tox|[from] psn
|upkeep
|turn|58
|
|t:|1661194776
|move|p1a: Articuno|Freezing Glare|p2a: Aggron
|-resisted|p2a: Aggron
|-damage|p2a: Aggron|0 fnt
|faint|p2a: Aggron
|
|-damage|p1a: Articuno|0 fnt|[from] psn
|faint|p1a: Articuno
|upkeep
|
|t:|1661194780
|switch|p1a: Gigalith|Gigalith, M|3/100
|switch|p2a: Audino|Audino, F|62/100
|-damage|p2a: Audino|50/100|[from] Stealth Rock
|-damage|p2a: Audino|25/100|[from] Spikes
|-weather|Sandstorm|[from] ability: Sand Stream|[of] p1a: Gigalith
|turn|59
|
|t:|1661194784
|move|p2a: Audino|Knock Off|p1a: Gigalith
|-damage|p1a: Gigalith|0 fnt
|faint|p1a: Gigalith
|
|win|PULT4T2 eifo
|raw|parent song's rating: 1565 &rarr; <strong>1543</strong><br />(-22 for losing)
|raw|PULT4T2 eifo's rating: 1537 &rarr; <strong>1559</strong><br />(+22 for winning)
|c|☆PULT4T2 eifo|gg
|c|☆parent song|gg
|l|☆PULT4T2 eifo
||Ladder isn't responding, score probably updated but might not have (Request timeout).
