|j|☆Testpu12
|j|☆Waze Up
|t:|1610264196
|player|p1|Testpu12|dawn|1357
|player|p2|Waze Up|flint|1087
|teamsize|p1|6
|teamsize|p2|6
|gametype|singles
|gen|8
|tier|[Gen 8] PU
|rated|
|clearpoke
|poke|p1|Heliolisk, M|
|poke|p1|Thievul, F|
|poke|p1|Sandslash-Alola, F|
|poke|p1|Weezing, M|
|poke|p1|Marowak, M|
|poke|p1|Poliwrath, F|
|poke|p2|Scyther, F|
|poke|p2|Hitmontop, M|
|poke|p2|Druddigon, F|
|poke|p2|Togedemaru, M|
|poke|p2|Xatu, M|
|poke|p2|Talonflame, M|
|rule|Sleep Clause Mod: Limit one foe put to sleep
|rule|Species Clause: Limit one of each Pokémon
|rule|OHKO Clause: OHKO moves are banned
|rule|Evasion Moves Clause: Evasion moves are banned
|rule|Endless Battle Clause: Forcing endless battles is banned
|rule|HP Percentage Mod: HP is shown in percentages
|rule|Dynamax Clause: You cannot dynamax
|teampreview
|
|t:|1610264213
|start
|switch|p1a: Marowak|Marowak, M|100/100
|switch|p2a: Xatu|Xatu, M|100/100
|turn|1
|
|t:|1610264219
|move|p2a: Xatu|Giga Drain|p1a: Marowak
|-supereffective|p1a: Marowak
|-damage|p1a: Marowak|44/100
|move|p1a: Marowak|Knock Off|p2a: Xatu
|-supereffective|p2a: Xatu
|-damage|p2a: Xatu|0 fnt
|-enditem|p2a: Xatu|Assault Vest|[from] move: Knock Off|[of] p1a: Marowak
|faint|p2a: Xatu
|
|upkeep
|
|t:|1610264231
|switch|p2a: Hitmontop|Hitmontop, M|100/100
|turn|2
|
|t:|1610264235
|switch|p1a: Poliwrath|Poliwrath, F|100/100
|move|p2a: Hitmontop|Fake Out|p1a: Poliwrath
|-crit|p1a: Poliwrath
|-damage|p1a: Poliwrath|81/100
|-damage|p2a: Hitmontop|84/100|[from] item: Rocky Helmet|[of] p1a: Poliwrath
|
|upkeep
|turn|3
|
|t:|1610264244
|switch|p2a: Druddigon|Druddigon, F|100/100
|move|p1a: Poliwrath|Scald|p2a: Druddigon
|-resisted|p2a: Druddigon
|-damage|p2a: Druddigon|90/100
|
|upkeep
|turn|4
|
|t:|1610264250
|move|p1a: Poliwrath|Scald|p2a: Druddigon
|-resisted|p2a: Druddigon
|-damage|p2a: Druddigon|81/100
|move|p2a: Druddigon|Glare|p1a: Poliwrath
|-status|p1a: Poliwrath|par
|
|upkeep
|turn|5
|
|t:|1610264256
|switch|p1a: Marowak|Marowak, M|44/100
|move|p2a: Druddigon|Stealth Rock|p1a: Marowak
|-sidestart|p1: Testpu12|move: Stealth Rock
|
|upkeep
|turn|6
|
|t:|1610264262
|move|p1a: Marowak|Bonemerang|p2a: Druddigon
|-damage|p2a: Druddigon|52/100
|-damage|p2a: Druddigon|19/100
|-hitcount|p2a: Druddigon|2
|move|p2a: Druddigon|Dragon Claw|p1a: Marowak
|-damage|p1a: Marowak|7/100
|
|upkeep
|turn|7
|
|t:|1610264295
|move|p1a: Marowak|Stealth Rock|p2a: Druddigon
|-sidestart|p2: Waze Up|move: Stealth Rock
|move|p2a: Druddigon|Glare|p1a: Marowak
|-status|p1a: Marowak|par
|
|upkeep
|turn|8
|
|t:|1610264300
|move|p2a: Druddigon|Dragon Claw|p1a: Marowak
|-damage|p1a: Marowak|0 fnt
|faint|p1a: Marowak
|
|upkeep
|
|t:|1610264304
|switch|p1a: Thievul|Thievul, F|100/100
|-damage|p1a: Thievul|88/100|[from] Stealth Rock
|turn|9
|
|t:|1610264309
|move|p1a: Thievul|Psychic|p2a: Druddigon
|-damage|p2a: Druddigon|0 fnt
|faint|p2a: Druddigon
|
|upkeep
|
|t:|1610264312
|switch|p2a: Hitmontop|Hitmontop, M|84/100
|-damage|p2a: Hitmontop|78/100|[from] Stealth Rock
|turn|10
|
|t:|1610264318
|move|p1a: Thievul|Psychic|p2a: Hitmontop
|-supereffective|p2a: Hitmontop
|-damage|p2a: Hitmontop|32/100
|move|p2a: Hitmontop|Rapid Spin|p1a: Thievul
|-damage|p1a: Thievul|46/100
|-boost|p2a: Hitmontop|spe|1
|-sideend|p2: Waze Up|Stealth Rock|[from] move: Rapid Spin|[of] p2a: Hitmontop
|
|upkeep
|turn|11
|
|t:|1610264330
|switch|p1a: Poliwrath|Poliwrath, F|81/100 par
|-damage|p1a: Poliwrath|75/100 par|[from] Stealth Rock
|switch|p2a: Togedemaru|Togedemaru, M|100/100
|
|upkeep
|turn|12
|
|t:|1610264337
|move|p2a: Togedemaru|Zing Zap|p1a: Poliwrath
|-supereffective|p1a: Poliwrath
|-damage|p1a: Poliwrath|39/100 par
|-damage|p2a: Togedemaru|84/100|[from] item: Rocky Helmet|[of] p1a: Poliwrath
|cant|p1a: Poliwrath|flinch
|
|upkeep
|turn|13
|
|t:|1610264358
|move|p2a: Togedemaru|Zing Zap|p1a: Poliwrath
|-supereffective|p1a: Poliwrath
|-damage|p1a: Poliwrath|3/100 par
|-damage|p2a: Togedemaru|68/100|[from] item: Rocky Helmet|[of] p1a: Poliwrath
|cant|p1a: Poliwrath|flinch
|
|upkeep
|turn|14
|
|t:|1610264367
|move|p2a: Togedemaru|U-turn|p1a: Poliwrath
|-resisted|p1a: Poliwrath
|-damage|p1a: Poliwrath|0 fnt
|-damage|p2a: Togedemaru|51/100|[from] item: Rocky Helmet|[of] p1a: Poliwrath
|faint|p1a: Poliwrath
|
|t:|1610264377
|switch|p2a: Hitmontop|Hitmontop, M|32/100|[from]move: U-turn
|
|upkeep
|
|t:|1610264383
|switch|p1a: Weezing|Weezing, M|100/100
|-damage|p1a: Weezing|88/100|[from] Stealth Rock
|turn|15
|
|t:|1610264405
|move|p2a: Hitmontop|Fake Out|p1a: Weezing
|-damage|p1a: Weezing|71/100
|cant|p1a: Weezing|flinch
|
|-heal|p1a: Weezing|77/100|[from] item: Black Sludge
|upkeep
|turn|16
|
|t:|1610264413
|switch|p2a: Togedemaru|Togedemaru, M|51/100
|move|p1a: Weezing|Sludge Bomb|p2a: Togedemaru
|-immune|p2a: Togedemaru
|
|-heal|p1a: Weezing|83/100|[from] item: Black Sludge
|upkeep
|turn|17
|
|t:|1610264420
|move|p2a: Togedemaru|Wish|p2a: Togedemaru
|move|p1a: Weezing|Flamethrower|p2a: Togedemaru
|-supereffective|p2a: Togedemaru
|-damage|p2a: Togedemaru|4/100
|
|-heal|p1a: Weezing|89/100|[from] item: Black Sludge
|upkeep
|turn|18
|
|t:|1610264426
|move|p2a: Togedemaru|Spiky Shield|p2a: Togedemaru
|-singleturn|p2a: Togedemaru|move: Protect
|move|p1a: Weezing|Toxic Spikes|p2a: Togedemaru
|-sidestart|p2: Waze Up|move: Toxic Spikes
|
|-heal|p2a: Togedemaru|54/100|[from] move: Wish|[wisher] Togedemaru
|-heal|p1a: Weezing|95/100|[from] item: Black Sludge
|upkeep
|turn|19
|
|t:|1610264434
|move|p2a: Togedemaru|Wish|p2a: Togedemaru
|move|p1a: Weezing|Flamethrower|p2a: Togedemaru
|-supereffective|p2a: Togedemaru
|-damage|p2a: Togedemaru|2/100
|
|-heal|p1a: Weezing|100/100|[from] item: Black Sludge
|upkeep
|turn|20
|
|t:|1610264444
|move|p2a: Togedemaru|Zing Zap|p1a: Weezing
|-damage|p1a: Weezing|75/100
|move|p1a: Weezing|Toxic Spikes|p2a: Togedemaru
|-sidestart|p2: Waze Up|move: Toxic Spikes
|
|-heal|p2a: Togedemaru|52/100|[from] move: Wish|[wisher] Togedemaru
|-heal|p1a: Weezing|81/100|[from] item: Black Sludge
|upkeep
|turn|21
|
|t:|1610264453
|move|p2a: Togedemaru|Zing Zap|p1a: Weezing
|-damage|p1a: Weezing|56/100
|move|p1a: Weezing|Flamethrower|p2a: Togedemaru
|-supereffective|p2a: Togedemaru
|-damage|p2a: Togedemaru|8/100
|
|-heal|p1a: Weezing|62/100|[from] item: Black Sludge
|upkeep
|turn|22
|
|t:|1610264465
|move|p2a: Togedemaru|Wish|p2a: Togedemaru
|move|p1a: Weezing|Flamethrower|p2a: Togedemaru
|-supereffective|p2a: Togedemaru
|-damage|p2a: Togedemaru|0 fnt
|faint|p2a: Togedemaru
|
|-heal|p1a: Weezing|68/100|[from] item: Black Sludge
|upkeep
|
|t:|1610264475
|switch|p2a: Scyther|Scyther, F|100/100
|turn|23
|
|t:|1610264481
|move|p2a: Scyther|Swords Dance|p2a: Scyther
|-boost|p2a: Scyther|atk|2
|move|p1a: Weezing|Sludge Bomb|p2a: Scyther
|-damage|p2a: Scyther|76/100
|
|-heal|p2a: Scyther|100/100|[from] move: Wish|[wisher] Togedemaru
|-heal|p1a: Weezing|74/100|[from] item: Black Sludge
|upkeep
|turn|24
|
|t:|1610264490
|move|p2a: Scyther|Swords Dance|p2a: Scyther
|-boost|p2a: Scyther|atk|2
|move|p1a: Weezing|Sludge Bomb|p2a: Scyther
|-damage|p2a: Scyther|76/100
|
|-heal|p1a: Weezing|80/100|[from] item: Black Sludge
|upkeep
|turn|25
|
|t:|1610264498
|move|p2a: Scyther|Swords Dance|p2a: Scyther
|-boost|p2a: Scyther|atk|2
|move|p1a: Weezing|Sludge Bomb|p2a: Scyther
|-damage|p2a: Scyther|49/100
|
|-heal|p1a: Weezing|86/100|[from] item: Black Sludge
|upkeep
|turn|26
|
|t:|1610264505
|move|p2a: Scyther|Dual Wingbeat|p1a: Weezing
|-damage|p1a: Weezing|0 fnt
|-hitcount|p1a: Weezing|1
|faint|p1a: Weezing
|
|upkeep
|
|t:|1610264511
|switch|p1a: Sandslash|Sandslash-Alola, F|100/100
|-damage|p1a: Sandslash|88/100|[from] Stealth Rock
|turn|27
|j| BigConns
|
|t:|1610264516
|move|p1a: Sandslash|Ice Shard|p2a: Scyther
|-supereffective|p2a: Scyther
|-damage|p2a: Scyther|2/100
|-damage|p1a: Sandslash|78/100|[from] item: Life Orb
|move|p2a: Scyther|Knock Off|p1a: Sandslash
|-damage|p1a: Sandslash|0 fnt
|-enditem|p1a: Sandslash|Life Orb|[from] move: Knock Off|[of] p2a: Scyther
|faint|p1a: Sandslash
|
|upkeep
|
|t:|1610264523
|switch|p1a: Heliolisk|Heliolisk, M|100/100
|-damage|p1a: Heliolisk|88/100|[from] Stealth Rock
|turn|28
|
|t:|1610264539
|move|p1a: Heliolisk|Thunderbolt|p2a: Scyther
|-supereffective|p2a: Scyther
|-damage|p2a: Scyther|0 fnt
|faint|p2a: Scyther
|
|upkeep
|
|t:|1610264544
|switch|p2a: Hitmontop|Hitmontop, M|32/100
|-status|p2a: Hitmontop|tox
|turn|29
|
|t:|1610264549
|switch|p1a: Thievul|Thievul, F|46/100
|-damage|p1a: Thievul|34/100|[from] Stealth Rock
|move|p2a: Hitmontop|Fake Out|p1a: Thievul
|-damage|p1a: Thievul|0 fnt
|faint|p1a: Thievul
|
|-damage|p2a: Hitmontop|25/100 tox|[from] psn
|upkeep
|
|t:|1610264555
|switch|p1a: Heliolisk|Heliolisk, M|88/100
|-damage|p1a: Heliolisk|76/100|[from] Stealth Rock
|turn|30
|
|t:|1610264566
|move|p2a: Hitmontop|Bullet Punch|p1a: Heliolisk
|-resisted|p1a: Heliolisk
|-damage|p1a: Heliolisk|54/100
|move|p1a: Heliolisk|Thunderbolt|p2a: Hitmontop
|-damage|p2a: Hitmontop|0 fnt
|faint|p2a: Hitmontop
|
|upkeep
|
|t:|1610264575
|switch|p2a: Talonflame|Talonflame, M|100/100
|turn|31
|inactive|Battle timer is ON: inactive players will automatically lose when time's up. (requested by Testpu12)
|
|t:|1610264584
|move|p2a: Talonflame|Brave Bird|p1a: Heliolisk
|-resisted|p1a: Heliolisk
|-damage|p1a: Heliolisk|0 fnt
|-damage|p2a: Talonflame|85/100|[from] Recoil
|faint|p1a: Heliolisk
|
|win|Waze Up
|raw|Testpu12's rating: 1357 &rarr; <strong>1324</strong><br />(-33 for losing)
|raw|Waze Up's rating: 1087 &rarr; <strong>1132</strong><br />(+45 for winning)
|l|☆Testpu12
