|j|☆Mr.X&Y97
|j|☆GammaGoGamma
|t:|1665801447
|gametype|singles
|player|p1|Mr.X&Y97|ingo|1217
|player|p2|GammaGoGamma|burglar|1514
|teamsize|p1|6
|teamsize|p2|6
|gen|8
|tier|[Gen 8] PU
|rated|
|rule|Sleep Clause Mod: Limit one foe put to sleep
|rule|Species Clause: Limit one of each Pokémon
|rule|OHKO Clause: OHKO moves are banned
|rule|Evasion Items Clause: Evasion items are banned
|rule|Evasion Moves Clause: Evasion moves are banned
|rule|Endless Battle Clause: Forcing endless battles is banned
|rule|HP Percentage Mod: HP is shown in percentages
|rule|Dynamax Clause: You cannot dynamax
|clearpoke
|poke|p1|Galvantula, F|
|poke|p1|Piloswine, F|
|poke|p1|Eiscue, F|
|poke|p1|Kabutops, F|
|poke|p1|Accelgor, M|
|poke|p1|Magmortar, M|
|poke|p2|Jellicent, M|
|poke|p2|Charizard, M|
|poke|p2|Ferroseed, F|
|poke|p2|Silvally-*|
|poke|p2|Gigalith, M|
|poke|p2|Sandslash, F|
|teampreview
|inactive|Battle timer is ON: inactive players will automatically lose when time's up. (requested by Mr.X&Y97)
|c|☆Mr.X&Y97|Glhf!
|inactive|GammaGoGamma has 120 seconds left.
|
|t:|1665801483
|start
|switch|p1a: Piloswine|Piloswine, F|100/100
|switch|p2a: Gigalith|Gigalith, M, shiny|100/100
|-weather|Sandstorm|[from] ability: Sand Stream|[of] p2a: Gigalith
|turn|1
|
|t:|1665801487
|switch|p2a: Jellicent|Jellicent, M|100/100
|move|p1a: Piloswine|Stealth Rock|p2a: Jellicent
|-sidestart|p2: GammaGoGamma|move: Stealth Rock
|
|-weather|Sandstorm|[upkeep]
|-damage|p2a: Jellicent|94/100|[from] Sandstorm
|upkeep
|turn|2
|
|t:|1665801493
|switch|p1a: Galvantula|Galvantula, F|100/100
|move|p2a: Jellicent|Water Spout|p1a: Galvantula
|-damage|p1a: Galvantula|0 fnt
|faint|p1a: Galvantula
|
|-weather|Sandstorm|[upkeep]
|-damage|p2a: Jellicent|88/100|[from] Sandstorm
|upkeep
|
|t:|1665801505
|switch|p1a: Magmortar|Magmortar, M|100/100
|turn|3
|
|t:|1665801510
|switch|p2a: Gigalith|Gigalith, M, shiny|100/100
|-damage|p2a: Gigalith|88/100|[from] Stealth Rock
|move|p1a: Magmortar|Thunderbolt|p2a: Gigalith
|-damage|p2a: Gigalith|71/100
|
|-weather|Sandstorm|[upkeep]
|-damage|p1a: Magmortar|94/100|[from] Sandstorm
|-heal|p2a: Gigalith|77/100|[from] item: Leftovers
|upkeep
|turn|4
|
|t:|1665801524
|switch|p1a: Piloswine|Piloswine, F|100/100
|move|p2a: Gigalith|Stealth Rock|p1a: Piloswine
|-sidestart|p1: Mr.X&Y97|move: Stealth Rock
|
|-weather|Sandstorm|[upkeep]
|-heal|p2a: Gigalith|83/100|[from] item: Leftovers
|upkeep
|turn|5
|
|t:|1665801528
|switch|p2a: Jellicent|Jellicent, M|88/100
|-damage|p2a: Jellicent|76/100|[from] Stealth Rock
|move|p1a: Piloswine|Earthquake|p2a: Jellicent
|-damage|p2a: Jellicent|11/100
|
|-weather|none
|upkeep
|turn|6
|
|t:|1665801533
|move|p1a: Piloswine|Ice Shard|p2a: Jellicent
|-resisted|p2a: Jellicent
|-damage|p2a: Jellicent|0 fnt
|faint|p2a: Jellicent
|
|upkeep
|
|t:|1665801537
|switch|p2a: Charizard|Charizard, M, shiny|100/100
|turn|7
|
|t:|1665801542
|move|p2a: Charizard|Fire Blast|p1a: Piloswine
|-supereffective|p1a: Piloswine
|-damage|p1a: Piloswine|60/100
|move|p1a: Piloswine|Endeavor|p2a: Charizard
|-damage|p2a: Charizard|81/100
|
|upkeep
|turn|8
|
|t:|1665801548
|move|p1a: Piloswine|Ice Shard|p2a: Charizard
|-crit|p2a: Charizard
|-damage|p2a: Charizard|44/100
|move|p2a: Charizard|Fire Blast|p1a: Piloswine
|-supereffective|p1a: Piloswine
|-damage|p1a: Piloswine|14/100
|
|upkeep
|turn|9
|
|t:|1665801553
|move|p1a: Piloswine|Ice Shard|p2a: Charizard
|-damage|p2a: Charizard|16/100
|move|p2a: Charizard|Roost|p2a: Charizard
|-heal|p2a: Charizard|66/100
|-singleturn|p2a: Charizard|move: Roost
|
|upkeep
|turn|10
|
|t:|1665801558
|move|p1a: Piloswine|Ice Shard|p2a: Charizard
|-damage|p2a: Charizard|37/100
|move|p2a: Charizard|Fire Blast|p1a: Piloswine
|-supereffective|p1a: Piloswine
|-damage|p1a: Piloswine|0 fnt
|faint|p1a: Piloswine
|
|upkeep
|
|t:|1665801562
|switch|p1a: Accelgor|Accelgor, M|100/100
|-damage|p1a: Accelgor|76/100|[from] Stealth Rock
|turn|11
|
|t:|1665801566
|switch|p2a: Silvally|Silvally-Fairy|100/100
|-damage|p2a: Silvally|88/100|[from] Stealth Rock
|move|p1a: Accelgor|Sludge Bomb|p2a: Silvally
|-supereffective|p2a: Silvally
|-damage|p2a: Silvally|33/100
|
|upkeep
|turn|12
|
|t:|1665801569
|switch|p2a: Ferroseed|Ferroseed, F, shiny|100/100
|-damage|p2a: Ferroseed|94/100|[from] Stealth Rock
|move|p1a: Accelgor|Bug Buzz|p2a: Ferroseed
|-damage|p2a: Ferroseed|53/100
|-enditem|p1a: Accelgor|Throat Spray
|-boost|p1a: Accelgor|spa|1|[from] item: Throat Spray
|
|upkeep
|turn|13
|
|t:|1665801575
|move|p1a: Accelgor|Bug Buzz|p2a: Ferroseed
|-crit|p2a: Ferroseed
|-damage|p2a: Ferroseed|0 fnt
|faint|p2a: Ferroseed
|
|upkeep
|
|t:|1665801579
|switch|p2a: Gigalith|Gigalith, M, shiny|83/100
|-damage|p2a: Gigalith|71/100|[from] Stealth Rock
|-weather|Sandstorm|[from] ability: Sand Stream|[of] p2a: Gigalith
|turn|14
|
|t:|1665801586
|move|p1a: Accelgor|Focus Blast|p2a: Gigalith
|-supereffective|p2a: Gigalith
|-damage|p2a: Gigalith|15/100
|move|p2a: Gigalith|Rock Blast|p1a: Accelgor
|-supereffective|p1a: Accelgor
|-damage|p1a: Accelgor|27/100
|-supereffective|p1a: Accelgor
|-damage|p1a: Accelgor|0 fnt
|faint|p1a: Accelgor
|-hitcount|p1: Accelgor|2
|
|-weather|Sandstorm|[upkeep]
|-heal|p2a: Gigalith|21/100|[from] item: Leftovers
|upkeep
|
|t:|1665801599
|switch|p1a: Kabutops|Kabutops, F|100/100
|turn|15
|
|t:|1665801604
|move|p1a: Kabutops|Rapid Spin|p2a: Gigalith
|-resisted|p2a: Gigalith
|-damage|p2a: Gigalith|14/100
|-boost|p1a: Kabutops|spe|1
|-sideend|p1: Mr.X&Y97|Stealth Rock|[from] move: Rapid Spin|[of] p1a: Kabutops
|move|p2a: Gigalith|Earthquake|p1a: Kabutops
|-supereffective|p1a: Kabutops
|-damage|p1a: Kabutops|22/100
|
|-weather|Sandstorm|[upkeep]
|-heal|p2a: Gigalith|21/100|[from] item: Leftovers
|upkeep
|turn|16
|
|t:|1665801609
|switch|p2a: Silvally|Silvally-Fairy|33/100
|-damage|p2a: Silvally|21/100|[from] Stealth Rock
|move|p1a: Kabutops|Liquidation|p2a: Silvally
|-damage|p2a: Silvally|0 fnt
|faint|p2a: Silvally
|
|-weather|Sandstorm|[upkeep]
|upkeep
|
|t:|1665801610
|switch|p2a: Sandslash|Sandslash, F|100/100
|-damage|p2a: Sandslash|94/100|[from] Stealth Rock
|turn|17
|
|t:|1665801613
|move|p2a: Sandslash|Earthquake|p1a: Kabutops
|-supereffective|p1a: Kabutops
|-damage|p1a: Kabutops|0 fnt
|faint|p1a: Kabutops
|-damage|p2a: Sandslash|84/100|[from] item: Life Orb
|
|-weather|Sandstorm|[upkeep]
|upkeep
|
|t:|1665801617
|switch|p1a: Eiscue|Eiscue, F|100/100
|turn|18
|
|t:|1665801621
|switch|p2a: Charizard|Charizard, M, shiny|37/100
|move|p1a: Eiscue|Ice Punch|p2a: Charizard
|-damage|p2a: Charizard|0 fnt
|faint|p2a: Charizard
|
|-weather|none
|upkeep
|
|t:|1665801623
|switch|p2a: Gigalith|Gigalith, M, shiny|21/100
|-damage|p2a: Gigalith|8/100|[from] Stealth Rock
|-weather|Sandstorm|[from] ability: Sand Stream|[of] p2a: Gigalith
|turn|19
|
|t:|1665801628
|move|p1a: Eiscue|Ice Punch|p2a: Gigalith
|-damage|p2a: Gigalith|0 fnt
|faint|p2a: Gigalith
|
|-weather|Sandstorm|[upkeep]
|-damage|p1a: Eiscue|94/100|[from] Sandstorm
|upkeep
|
|t:|1665801629
|switch|p2a: Sandslash|Sandslash, F|84/100
|-damage|p2a: Sandslash|78/100|[from] Stealth Rock
|turn|20
|
|t:|1665801631
|move|p2a: Sandslash|Rock Slide|p1a: Eiscue
|-activate|p1a: Eiscue|ability: Ice Face
|-damage|p1a: Eiscue|94/100
|detailschange|p1a: Eiscue|Eiscue-Noice, F
|-damage|p2a: Sandslash|68/100|[from] item: Life Orb
|cant|p1a: Eiscue|flinch
|
|-weather|Sandstorm|[upkeep]
|-damage|p1a: Eiscue|88/100|[from] Sandstorm
|upkeep
|turn|21
|inactive|GammaGoGamma has 120 seconds left.
|inactive|Mr.X&Y97 has 120 seconds left.
|inactive|GammaGoGamma has 90 seconds left.
|
|t:|1665801694
|move|p2a: Sandslash|Rock Slide|p1a: Eiscue
|-supereffective|p1a: Eiscue
|-damage|p1a: Eiscue|2/100
|-damage|p2a: Sandslash|58/100|[from] item: Life Orb
|cant|p1a: Eiscue|flinch
|
|-weather|Sandstorm|[upkeep]
|-damage|p1a: Eiscue|0 fnt|[from] Sandstorm
|faint|p1a: Eiscue
|upkeep
|
|t:|1665801700
|switch|p1a: Magmortar|Magmortar, M|94/100
|turn|22
|inactive|Mr.X&Y97 has 120 seconds left.
|
|t:|1665801708
|move|p2a: Sandslash|Earthquake|p1a: Magmortar
|-supereffective|p1a: Magmortar
|-damage|p1a: Magmortar|0 fnt
|faint|p1a: Magmortar
|-damage|p2a: Sandslash|48/100|[from] item: Life Orb
|
|win|GammaGoGamma
|raw|Mr.X&amp;Y97's rating: 1217 &rarr; <strong>1209</strong><br />(-8 for losing)
|raw|GammaGoGamma's rating: 1514 &rarr; <strong>1520</strong><br />(+6 for winning)
|c|☆Mr.X&Y97|Ggs wp!
|c|☆GammaGoGamma|gg
|l|☆GammaGoGamma
