|j|☆ayo bb
|j|☆Tripacci
|player|p1|ayo bb|266|1476
|player|p2|Tripacci|giovanni-gen3|1307
|teamsize|p1|6
|teamsize|p2|6
|gametype|singles
|gen|8
|tier|[Gen 8] PU
|rated|
|clearpoke
|poke|p1|Butterfree, F|
|poke|p1|Perrserker, F|
|poke|p1|Exeggutor, M|
|poke|p1|Stunfisk, M|
|poke|p1|Mr. Rime, M|
|poke|p1|Wigglytuff, F|
|poke|p2|Mawile, M|
|poke|p2|Musharna, F|
|poke|p2|Butterfree, M|
|poke|p2|Hakamo-o, F|
|poke|p2|Manectric, M|
|poke|p2|Silvally-*|
|rule|Sleep Clause Mod: Limit one foe put to sleep
|rule|Species Clause: Limit one of each Pokémon
|rule|OHKO Clause: OHKO moves are banned
|rule|Evasion Moves Clause: Evasion moves are banned
|rule|Endless Battle Clause: Forcing endless battles is banned
|rule|HP Percentage Mod: HP is shown in percentages
|rule|Dynamax Clause: You cannot dynamax
|teampreview
|
|start
|switch|p1a: Wigglytuff|Wigglytuff, F|100/100
|switch|p2a: Mawile|Mawile, M|100/100
|turn|1
|
|move|p2a: Mawile|Stealth Rock|p1a: Wigglytuff
|-sidestart|p1: ayo bb|move: Stealth Rock
|move|p1a: Wigglytuff|Teleport|p1a: Wigglytuff
|
|switch|p1a: Stunfisk|Stunfisk, M|100/100|[from]move: Teleport
|-damage|p1a: Stunfisk|94/100|[from] Stealth Rock
|
|-heal|p1a: Stunfisk|100/100|[from] item: Leftovers
|upkeep
|turn|2
|
|move|p2a: Mawile|Ice Beam|p1a: Stunfisk
|-supereffective|p1a: Stunfisk
|-damage|p1a: Stunfisk|41/100
|move|p1a: Stunfisk|Stealth Rock|p2a: Mawile
|-sidestart|p2: Tripacci|move: Stealth Rock
|
|-heal|p1a: Stunfisk|47/100|[from] item: Leftovers
|upkeep
|turn|3
|
|switch|p1a: Mr. Rime|Mr. Rime, M|100/100
|move|p2a: Mawile|Ice Beam|p1a: Mr. Rime
|-resisted|p1a: Mr. Rime
|-damage|p1a: Mr. Rime|81/100
|
|upkeep
|turn|4
|
|move|p1a: Mr. Rime|Ice Beam|p2a: Mawile
|-resisted|p2a: Mawile
|-damage|p2a: Mawile|51/100
|move|p2a: Mawile|Iron Head|p1a: Mr. Rime
|-supereffective|p1a: Mr. Rime
|-damage|p1a: Mr. Rime|0 fnt
|faint|p1a: Mr. Rime
|
|upkeep
|
|switch|p1a: Perrserker|Perrserker, F|100/100
|-damage|p1a: Perrserker|94/100|[from] Stealth Rock
|turn|5
|
|move|p2a: Mawile|Flamethrower|p1a: Perrserker
|-supereffective|p1a: Perrserker
|-damage|p1a: Perrserker|0 fnt
|faint|p1a: Perrserker
|
|upkeep
|
|switch|p1a: Butterfree|Butterfree, F|100/100
|-damage|p1a: Butterfree|51/100|[from] Stealth Rock
|turn|6
|
|move|p1a: Butterfree|Sleep Powder|p2a: Mawile
|-status|p2a: Mawile|slp|[from] move: Sleep Powder
|cant|p2a: Mawile|slp
|
|-heal|p1a: Butterfree|57/100|[from] item: Leftovers
|upkeep
|turn|7
|
|switch|p2a: Silvally|Silvally-Ice|100/100
|-damage|p2a: Silvally|76/100|[from] Stealth Rock
|move|p1a: Butterfree|Substitute|p1a: Butterfree
|-start|p1a: Butterfree|Substitute
|-damage|p1a: Butterfree|32/100
|
|-heal|p1a: Butterfree|38/100|[from] item: Leftovers
|upkeep
|turn|8
|
|move|p2a: Silvally|Flame Charge|p1a: Butterfree
|-supereffective|p1a: Butterfree
|-end|p1a: Butterfree|Substitute
|-boost|p2a: Silvally|spe|1
|move|p1a: Butterfree|Hurricane|p2a: Silvally
|-damage|p2a: Silvally|24/100
|-start|p2a: Silvally|confusion
|
|-heal|p1a: Butterfree|44/100|[from] item: Leftovers
|upkeep
|turn|9
|
|switch|p1a: Wigglytuff|Wigglytuff, F|100/100
|-damage|p1a: Wigglytuff|88/100|[from] Stealth Rock
|-activate|p2a: Silvally|confusion
|move|p2a: Silvally|Multi-Attack|p1a: Wigglytuff
|-crit|p1a: Wigglytuff
|-damage|p1a: Wigglytuff|0 fnt
|faint|p1a: Wigglytuff
|
|upkeep
|
|switch|p1a: Exeggutor|Exeggutor, M|100/100
|-damage|p1a: Exeggutor|88/100|[from] Stealth Rock
|turn|10
|
|-activate|p2a: Silvally|confusion
|-damage|p2a: Silvally|12/100|[from] confusion
|move|p1a: Exeggutor|Giga Drain|p2a: Silvally
|-damage|p2a: Silvally|0 fnt
|-heal|p1a: Exeggutor|93/100|[from] drain|[of] p2a: Silvally
|faint|p2a: Silvally
|
|upkeep
|
|switch|p2a: Butterfree|Butterfree, M|100/100
|turn|11
|
|move|p2a: Butterfree|Quiver Dance|p2a: Butterfree
|-boost|p2a: Butterfree|spa|1
|-boost|p2a: Butterfree|spd|1
|-boost|p2a: Butterfree|spe|1
|move|p1a: Exeggutor|Future Sight|p2a: Butterfree
|-start|p1a: Exeggutor|move: Future Sight
|
|upkeep
|turn|12
|
|move|p2a: Butterfree|Bug Buzz|p1a: Exeggutor
|-supereffective|p1a: Exeggutor
|-damage|p1a: Exeggutor|0 fnt
|faint|p1a: Exeggutor
|
|upkeep
|
|switch|p1a: Stunfisk|Stunfisk, M|47/100
|-damage|p1a: Stunfisk|41/100|[from] Stealth Rock
|turn|13
|
|move|p2a: Butterfree|Giga Drain|p1a: Stunfisk
|-supereffective|p1a: Stunfisk
|-damage|p1a: Stunfisk|0 fnt
|faint|p1a: Stunfisk
|
|-end|p2a: Butterfree|move: Future Sight
|-damage|p2a: Butterfree|47/100
|upkeep
|
|switch|p1a: Butterfree|Butterfree, F|44/100
|-damage|p1a: Butterfree|0 fnt|[from] Stealth Rock
|faint|p1a: Butterfree
|
|win|Tripacci
|c|☆ayo bb|gg
|c|☆Tripacci|gg
|l|☆ayo bb
|raw|ayo bb's rating: 1476 &rarr; <strong>1447</strong><br />(-29 for losing)
|raw|Tripacci's rating: 1307 &rarr; <strong>1336</strong><br />(+29 for winning)
|c|☆Tripacci|wow mawile mvp
|c|☆Tripacci|beat a 1447
