|j|☆yassy slay
|j|☆Jhizlaine
|t:|1658953663
|gametype|singles
|player|p1|yassy slay|clown|1515
|player|p2|Jhizlaine|jasmine-gen2|1516
|teamsize|p1|6
|teamsize|p2|6
|gen|8
|tier|[Gen 8] PU
|rated|
|rule|Sleep Clause Mod: Limit one foe put to sleep
|rule|Species Clause: Limit one of each Pokémon
|rule|OHKO Clause: OHKO moves are banned
|rule|Evasion Moves Clause: Evasion moves are banned
|rule|Endless Battle Clause: Forcing endless battles is banned
|rule|HP Percentage Mod: HP is shown in percentages
|rule|Dynamax Clause: You cannot dynamax
|clearpoke
|poke|p1|Lunatone|
|poke|p1|Stunfisk-Galar, F|
|poke|p1|Jellicent, M|
|poke|p1|Scrafty, M|
|poke|p1|Ribombee, F|
|poke|p1|Charizard, M|
|poke|p2|Whimsicott, M|
|poke|p2|Sandaconda, M|
|poke|p2|Rapidash, F|
|poke|p2|Perrserker, M|
|poke|p2|Lanturn, M|
|poke|p2|Mr. Rime, M|
|teampreview
|
|t:|1658953689
|start
|switch|p1a: Stunfisk|Stunfisk-Galar, F|100/100
|switch|p2a: Mecha-Garfield|Perrserker, M|100/100
|turn|1
|
|t:|1658953700
|move|p2a: Mecha-Garfield|Close Combat|p1a: Stunfisk
|-supereffective|p1a: Stunfisk
|-damage|p1a: Stunfisk|7/100
|-unboost|p2a: Mecha-Garfield|def|1
|-unboost|p2a: Mecha-Garfield|spd|1
|move|p1a: Stunfisk|Earthquake|p2a: Mecha-Garfield
|-supereffective|p2a: Mecha-Garfield
|-damage|p2a: Mecha-Garfield|0 fnt
|faint|p2a: Mecha-Garfield
|
|-heal|p1a: Stunfisk|13/100|[from] item: Leftovers
|upkeep
|
|t:|1658953712
|switch|p2a: Snow Biden|Mr. Rime, M|100/100
|turn|2
|
|t:|1658953730
|switch|p1a: Charizard|Charizard, M|100/100
|move|p2a: Snow Biden|Freeze-Dry|p1a: Charizard
|-damage|p1a: Charizard|55/100
|
|upkeep
|turn|3
|j| Belindas Dad
|
|t:|1658953737
|switch|p2a: Lanturn|Lanturn, M|100/100
|move|p1a: Charizard|Toxic|p2a: Lanturn
|-status|p2a: Lanturn|tox
|
|-damage|p2a: Lanturn|94/100 tox|[from] psn
|upkeep
|turn|4
|
|t:|1658953744
|switch|p1a: Scrafty|Scrafty, M|100/100
|move|p2a: Lanturn|Scald|p1a: Scrafty
|-damage|p1a: Scrafty|78/100
|
|-heal|p1a: Scrafty|84/100|[from] item: Leftovers
|-heal|p2a: Lanturn|100/100 tox|[from] item: Leftovers
|-damage|p2a: Lanturn|88/100 tox|[from] psn
|upkeep
|turn|5
|
|t:|1658953751
|move|p1a: Scrafty|Knock Off|p2a: Lanturn
|-crit|p2a: Lanturn
|-damage|p2a: Lanturn|17/100 tox
|-enditem|p2a: Lanturn|Leftovers|[from] move: Knock Off|[of] p1a: Scrafty
|move|p2a: Lanturn|Volt Switch|p1a: Scrafty
|-damage|p1a: Scrafty|62/100
|
|t:|1658953773
|switch|p2a: Joe|Whimsicott, M|100/100|[from]move: Volt Switch
|
|-heal|p1a: Scrafty|68/100|[from] item: Leftovers
|upkeep
|turn|6
|
|t:|1658953778
|switch|p1a: Charizard|Charizard, M|55/100
|move|p2a: Joe|Knock Off|p1a: Charizard
|-damage|p1a: Charizard|35/100
|-enditem|p1a: Charizard|Heavy-Duty Boots|[from] move: Knock Off|[of] p2a: Joe
|
|upkeep
|turn|7
|
|t:|1658953782
|move|p2a: Joe|Moonblast|p1a: Charizard
|-resisted|p1a: Charizard
|-damage|p1a: Charizard|12/100
|move|p1a: Charizard|Roost|p1a: Charizard
|-heal|p1a: Charizard|62/100
|-singleturn|p1a: Charizard|move: Roost
|
|upkeep
|turn|8
|
|t:|1658953787
|move|p2a: Joe|Encore|p1a: Charizard
|-start|p1a: Charizard|Encore
|move|p1a: Charizard|Roost|p1a: Charizard
|-heal|p1a: Charizard|100/100
|-singleturn|p1a: Charizard|move: Roost
|
|upkeep
|turn|9
|
|t:|1658953798
|switch|p2a: Kaa|Sandaconda, M|100/100
|switch|p1a: Lunatone|Lunatone|100/100
|
|upkeep
|turn|10
|
|t:|1658953803
|move|p1a: Lunatone|Future Sight|p2a: Kaa
|-start|p1a: Lunatone|move: Future Sight
|move|p2a: Kaa|Stealth Rock|p1a: Lunatone
|-sidestart|p1: yassy slay|move: Stealth Rock
|
|upkeep
|turn|11
|
|t:|1658953808
|move|p1a: Lunatone|Power Gem|p2a: Kaa
|-resisted|p2a: Kaa
|-damage|p2a: Kaa|76/100
|move|p2a: Kaa|Stone Edge|p1a: Lunatone
|-damage|p1a: Lunatone|65/100
|
|-heal|p1a: Lunatone|71/100|[from] item: Leftovers
|upkeep
|turn|12
|
|t:|1658953813
|switch|p2a: Lanturn|Lanturn, M|17/100 tox
|move|p1a: Lunatone|Power Gem|p2a: Lanturn
|-damage|p2a: Lanturn|0 fnt
|faint|p2a: Lanturn
|
|-hint|Future Sight did not hit because the target is fainted.
|-heal|p1a: Lunatone|77/100|[from] item: Leftovers
|upkeep
|
|t:|1658953818
|switch|p2a: Joe|Whimsicott, M|100/100
|turn|13
|
|t:|1658953827
|move|p2a: Joe|Moonblast|p1a: Lunatone
|-damage|p1a: Lunatone|32/100
|move|p1a: Lunatone|Power Gem|p2a: Joe
|-damage|p2a: Joe|37/100
|
|-heal|p1a: Lunatone|39/100|[from] item: Leftovers
|upkeep
|turn|14
|
|t:|1658953837
|move|p2a: Joe|Giga Drain|p1a: Lunatone
|-supereffective|p1a: Lunatone
|-damage|p1a: Lunatone|0 fnt
|-heal|p2a: Joe|60/100|[from] drain|[of] p1a: Lunatone
|faint|p1a: Lunatone
|
|upkeep
|
|t:|1658953854
|switch|p1a: Charizard|Charizard, M|100/100
|-damage|p1a: Charizard|51/100|[from] Stealth Rock
|turn|15
|
|t:|1658953859
|switch|p2a: Clop|Rapidash, F|100/100
|move|p1a: Charizard|Defog|p2a: Clop
|-unboost|p2a: Clop|evasion|1
|-sideend|p1: yassy slay|Stealth Rock|[from] move: Defog|[of] p1a: Charizard
|
|upkeep
|turn|16
|
|t:|1658953864
|switch|p1a: Jellicent|Jellicent, M|100/100
|move|p2a: Clop|Swords Dance|p2a: Clop
|-boost|p2a: Clop|atk|2
|
|upkeep
|turn|17
|
|t:|1658953867
|move|p2a: Clop|Wild Charge|p1a: Jellicent
|-supereffective|p1a: Jellicent
|-damage|p1a: Jellicent|13/100
|-damage|p2a: Clop|68/100|[from] Recoil
|move|p1a: Jellicent|Hex|p2a: Clop
|-damage|p2a: Clop|38/100
|
|upkeep
|turn|18
|
|t:|1658953873
|move|p2a: Clop|Wild Charge|p1a: Jellicent
|-supereffective|p1a: Jellicent
|-damage|p1a: Jellicent|0 fnt
|-start|p2a: Clop|Disable|Wild Charge|[from] ability: Cursed Body|[of] p1a: Jellicent
|faint|p1a: Jellicent
|-damage|p2a: Clop|33/100|[from] Recoil
|
|upkeep
|
|t:|1658953882
|switch|p1a: Ribombee|Ribombee, F|100/100
|turn|19
|
|t:|1658953884
|move|p1a: Ribombee|Moonblast|p2a: Clop
|-resisted|p2a: Clop
|-damage|p2a: Clop|0 fnt
|faint|p2a: Clop
|
|upkeep
|
|t:|1658953896
|switch|p2a: Kaa|Sandaconda, M|76/100
|turn|20
|
|t:|1658953905
|move|p1a: Ribombee|Moonblast|p2a: Kaa
|-damage|p2a: Kaa|0 fnt
|faint|p2a: Kaa
|
|upkeep
|
|t:|1658953909
|switch|p2a: Snow Biden|Mr. Rime, M|100/100
|turn|21
|
|t:|1658953913
|move|p1a: Ribombee|Moonblast|p2a: Snow Biden
|-crit|p2a: Snow Biden
|-damage|p2a: Snow Biden|5/100
|move|p2a: Snow Biden|Freeze-Dry|p1a: Ribombee
|-damage|p1a: Ribombee|41/100
|
|upkeep
|turn|22
|
|t:|1658953919
|move|p1a: Ribombee|Moonblast|p2a: Snow Biden
|-damage|p2a: Snow Biden|0 fnt
|faint|p2a: Snow Biden
|
|upkeep
|
|t:|1658953921
|switch|p2a: Joe|Whimsicott, M|60/100
|turn|23
|
|t:|1658953923
|move|p1a: Ribombee|Moonblast|p2a: Joe
|-damage|p2a: Joe|0 fnt
|faint|p2a: Joe
|
|win|yassy slay
|raw|yassy slay's rating: 1515 &rarr; <strong>1535</strong><br />(+20 for winning)
|raw|Jhizlaine's rating: 1516 &rarr; <strong>1496</strong><br />(-20 for losing)
|c|☆yassy slay|gg
|l|☆Jhizlaine
||Ladder isn't responding, score probably updated but might not have (Request timeout).
