|j|☆er could do yano
|j|☆Haffling tester
|t:|1654863179
|gametype|singles
|player|p1|er could do yano|fisherman-gen4|1239
|player|p2|Haffling tester|cyrus|1590
|teamsize|p1|6
|teamsize|p2|6
|gen|8
|tier|[Gen 8] PU
|rated|
|rule|Sleep Clause Mod: Limit one foe put to sleep
|rule|Species Clause: Limit one of each Pokémon
|rule|OHKO Clause: OHKO moves are banned
|rule|Evasion Moves Clause: Evasion moves are banned
|rule|Endless Battle Clause: Forcing endless battles is banned
|rule|HP Percentage Mod: HP is shown in percentages
|rule|Dynamax Clause: You cannot dynamax
|clearpoke
|poke|p1|Rotom|
|poke|p1|Weezing, M|
|poke|p1|Audino, F|
|poke|p1|Claydol|
|poke|p1|Swoobat, F|
|poke|p1|Archeops, M|
|poke|p2|Thwackey, M|
|poke|p2|Perrserker, F|
|poke|p2|Weezing, M|
|poke|p2|Charizard, F|
|poke|p2|Regirock|
|poke|p2|Lanturn, M|
|teampreview
|
|t:|1654863198
|start
|switch|p1a: Weezing|Weezing, M|100/100
|switch|p2a: Tonton|Lanturn, M|100/100
|-ability|p1a: Weezing|Neutralizing Gas
|turn|1
|inactive|Battle timer is ON: inactive players will automatically lose when time's up. (requested by er could do yano)
|
|t:|1654863214
|-end|p1a: Weezing|ability: Neutralizing Gas
|switch|p1a: Audino|Audino, F|100/100
|move|p2a: Tonton|Scald|p1a: Audino
|-damage|p1a: Audino|90/100
|
|upkeep
|turn|2
|
|t:|1654863236
|switch|p1a: Rotom|Rotom|100/100
|move|p2a: Tonton|Volt Switch|p1a: Rotom
|-resisted|p1a: Rotom
|-damage|p1a: Rotom|84/100
|
|t:|1654863245
|switch|p2a: Mix-Max|Regirock|100/100|[from]move: Volt Switch
|
|upkeep
|turn|3
|
|t:|1654863250
|switch|p2a: Tonton|Lanturn, M|100/100
|move|p1a: Rotom|Trick|p2a: Tonton
|-activate|p1a: Rotom|move: Trick|[of] p2a: Tonton
|-item|p2a: Tonton|Choice Scarf|[from] move: Trick
|-item|p1a: Rotom|Leftovers|[from] move: Trick
|
|-heal|p1a: Rotom|91/100|[from] item: Leftovers
|upkeep
|turn|4
|
|t:|1654863263
|switch|p1a: Audino|Audino, F|100/100
|move|p2a: Tonton|Scald|p1a: Audino
|-damage|p1a: Audino|88/100
|
|upkeep
|turn|5
|
|t:|1654863274
|move|p2a: Tonton|Scald|p1a: Audino
|-damage|p1a: Audino|78/100
|move|p1a: Audino|Surf|p2a: Tonton
|-resisted|p2a: Tonton
|-damage|p2a: Tonton|94/100
|
|upkeep
|turn|6
|
|t:|1654863280
|move|p2a: Tonton|Scald|p1a: Audino
|-damage|p1a: Audino|65/100
|-status|p1a: Audino|brn
|move|p1a: Audino|Surf|p2a: Tonton
|-resisted|p2a: Tonton
|-damage|p2a: Tonton|86/100
|
|-damage|p1a: Audino|59/100 brn|[from] brn
|upkeep
|turn|7
|
|t:|1654863286
|move|p2a: Tonton|Scald|p1a: Audino
|-damage|p1a: Audino|49/100 brn
|move|p1a: Audino|Surf|p2a: Tonton
|-resisted|p2a: Tonton
|-damage|p2a: Tonton|80/100
|
|-damage|p1a: Audino|43/100 brn|[from] brn
|upkeep
|turn|8
|
|t:|1654863290
|move|p2a: Tonton|Scald|p1a: Audino
|-damage|p1a: Audino|31/100 brn
|move|p1a: Audino|Hyper Voice|p2a: Tonton
|-damage|p2a: Tonton|60/100
|
|-damage|p1a: Audino|25/100 brn|[from] brn
|upkeep
|turn|9
|
|t:|1654863299
|switch|p1a: Rotom|Rotom|91/100
|move|p2a: Tonton|Scald|p1a: Rotom
|-damage|p1a: Rotom|48/100
|-status|p1a: Rotom|brn
|
|-heal|p1a: Rotom|54/100 brn|[from] item: Leftovers
|-damage|p1a: Rotom|48/100 brn|[from] brn
|upkeep
|turn|10
|
|t:|1654863309
|switch|p1a: Audino|Audino, F|58/100 brn
|move|p2a: Tonton|Scald|p1a: Audino
|-damage|p1a: Audino|46/100 brn
|
|-damage|p1a: Audino|40/100 brn|[from] brn
|upkeep
|turn|11
|
|t:|1654863318
|move|p2a: Tonton|Scald|p1a: Audino
|-damage|p1a: Audino|29/100 brn
|move|p1a: Audino|Hyper Voice|p2a: Tonton
|-damage|p2a: Tonton|40/100
|
|-damage|p1a: Audino|23/100 brn|[from] brn
|upkeep
|turn|12
|
|t:|1654863328
|switch|p1a: Swoobat|Swoobat, F|100/100
|move|p2a: Tonton|Scald|p1a: Swoobat
|-damage|p1a: Swoobat|57/100
|
|upkeep
|turn|13
|
|t:|1654863341
|move|p1a: Swoobat|Nasty Plot|p1a: Swoobat
|-boost|p1a: Swoobat|spa|4
|move|p2a: Tonton|Scald|p1a: Swoobat
|-damage|p1a: Swoobat|12/100
|-enditem|p1a: Swoobat|Salac Berry|[eat]
|-boost|p1a: Swoobat|spe|2|[from] item: Salac Berry
|
|upkeep
|turn|14
|
|t:|1654863350
|move|p1a: Swoobat|Psychic|p2a: Tonton
|-damage|p2a: Tonton|0 fnt
|faint|p2a: Tonton
|
|upkeep
|
|t:|1654863353
|switch|p2a: THWACK|Thwackey, M|100/100
|-fieldstart|move: Grassy Terrain|[from] ability: Grassy Surge|[of] p2a: THWACK
|turn|15
|
|t:|1654863361
|switch|p1a: Weezing|Weezing, M|100/100
|-ability|p1a: Weezing|Neutralizing Gas
|move|p2a: THWACK|Grassy Glide|p1a: Weezing
|-resisted|p1a: Weezing
|-damage|p1a: Weezing|85/100
|
|-heal|p1a: Weezing|91/100|[from] Grassy Terrain
|-heal|p1a: Weezing|97/100|[from] item: Black Sludge
|upkeep
|turn|16
|
|t:|1654863370
|switch|p2a: Zarders|Charizard, F|100/100
|move|p1a: Weezing|Will-O-Wisp|p2a: Zarders|[miss]
|-miss|p1a: Weezing|p2a: Zarders
|
|-heal|p1a: Weezing|100/100|[from] Grassy Terrain
|upkeep
|turn|17
|
|t:|1654863376
|-end|p1a: Weezing|ability: Neutralizing Gas
|switch|p1a: Audino|Audino, F|56/100 brn
|move|p2a: Zarders|Flamethrower|p1a: Audino
|-damage|p1a: Audino|35/100 brn
|
|-heal|p1a: Audino|41/100 brn|[from] Grassy Terrain
|-damage|p1a: Audino|35/100 brn|[from] brn
|upkeep
|turn|18
|
|t:|1654863384
|switch|p2a: Kash-Mmoney|Perrserker, F, shiny|100/100
|switch|p1a: Claydol|Claydol|100/100
|
|upkeep
|turn|19
|
|t:|1654863392
|switch|p1a: Weezing|Weezing, M|100/100
|-ability|p1a: Weezing|Neutralizing Gas
|move|p2a: Kash-Mmoney|Seed Bomb|p1a: Weezing
|-resisted|p1a: Weezing
|-damage|p1a: Weezing|89/100
|
|-heal|p1a: Weezing|95/100|[from] Grassy Terrain
|-heal|p1a: Weezing|100/100|[from] item: Black Sludge
|-fieldend|move: Grassy Terrain
|upkeep
|turn|20
|
|t:|1654863400
|move|p2a: Kash-Mmoney|Substitute|p2a: Kash-Mmoney
|-start|p2a: Kash-Mmoney|Substitute
|-damage|p2a: Kash-Mmoney|76/100
|move|p1a: Weezing|Sludge Bomb|p2a: Kash-Mmoney
|-immune|p2a: Kash-Mmoney
|
|-heal|p2a: Kash-Mmoney|82/100|[from] item: Leftovers
|upkeep
|turn|21
|
|t:|1654863429
|-end|p1a: Weezing|ability: Neutralizing Gas
|switch|p1a: Claydol|Claydol|100/100
|move|p2a: Kash-Mmoney|Swords Dance|p2a: Kash-Mmoney
|-boost|p2a: Kash-Mmoney|atk|2
|
|-heal|p2a: Kash-Mmoney|88/100|[from] item: Leftovers
|upkeep
|turn|22
|
|t:|1654863436
|move|p2a: Kash-Mmoney|Seed Bomb|p1a: Claydol
|-supereffective|p1a: Claydol
|-damage|p1a: Claydol|0 fnt
|faint|p1a: Claydol
|
|-heal|p2a: Kash-Mmoney|94/100|[from] item: Leftovers
|upkeep
|
|t:|1654863439
|switch|p1a: Rotom|Rotom|48/100 brn
|turn|23
|
|t:|1654863442
|move|p1a: Rotom|Shadow Ball|p2a: Kash-Mmoney
|-end|p2a: Kash-Mmoney|Substitute
|move|p2a: Kash-Mmoney|Seed Bomb|p1a: Rotom
|-damage|p1a: Rotom|0 fnt
|faint|p1a: Rotom
|
|-heal|p2a: Kash-Mmoney|99/100|[from] item: Leftovers
|upkeep
|
|t:|1654863444
|switch|p1a: Archeops|Archeops, M|100/100
|turn|24
|
|t:|1654863448
|switch|p2a: Mix-Max|Regirock|100/100
|move|p1a: Archeops|Earthquake|p2a: Mix-Max
|-supereffective|p2a: Mix-Max
|-damage|p2a: Mix-Max|54/100
|
|-heal|p2a: Mix-Max|60/100|[from] item: Leftovers
|upkeep
|turn|25
|
|t:|1654863454
|move|p1a: Archeops|Earthquake|p2a: Mix-Max
|-supereffective|p2a: Mix-Max
|-damage|p2a: Mix-Max|15/100
|move|p2a: Mix-Max|Body Press|p1a: Archeops
|-damage|p1a: Archeops|30/100
|
|-heal|p2a: Mix-Max|21/100|[from] item: Leftovers
|upkeep
|turn|26
|
|t:|1654863460
|switch|p2a: THWACK|Thwackey, M|100/100
|-fieldstart|move: Grassy Terrain|[from] ability: Grassy Surge|[of] p2a: THWACK
|move|p1a: Archeops|Earthquake|p2a: THWACK
|-resisted|p2a: THWACK
|-damage|p2a: THWACK|90/100
|
|-heal|p2a: THWACK|96/100|[from] Grassy Terrain
|upkeep
|turn|27
|
|t:|1654863463
|switch|p1a: Weezing|Weezing, M|100/100
|-ability|p1a: Weezing|Neutralizing Gas
|move|p2a: THWACK|U-turn|p1a: Weezing
|-resisted|p1a: Weezing
|-damage|p1a: Weezing|91/100
|
|t:|1654863465
|switch|p2a: Kash-Mmoney|Perrserker, F, shiny|99/100|[from]move: U-turn
|
|-heal|p2a: Kash-Mmoney|100/100|[from] Grassy Terrain
|-heal|p1a: Weezing|97/100|[from] Grassy Terrain
|-heal|p1a: Weezing|100/100|[from] item: Black Sludge
|upkeep
|turn|28
|
|t:|1654863470
|-end|p1a: Weezing|ability: Neutralizing Gas
|switch|p1a: Archeops|Archeops, M|30/100
|move|p2a: Kash-Mmoney|Substitute|p2a: Kash-Mmoney
|-start|p2a: Kash-Mmoney|Substitute
|-damage|p2a: Kash-Mmoney|76/100
|
|-heal|p2a: Kash-Mmoney|82/100|[from] Grassy Terrain
|-heal|p2a: Kash-Mmoney|88/100|[from] item: Leftovers
|upkeep
|turn|29
|
|t:|1654863473
|move|p1a: Archeops|Earthquake|p2a: Kash-Mmoney
|-supereffective|p2a: Kash-Mmoney
|-end|p2a: Kash-Mmoney|Substitute
|move|p2a: Kash-Mmoney|Iron Head|p1a: Archeops
|-supereffective|p1a: Archeops
|-damage|p1a: Archeops|0 fnt
|faint|p1a: Archeops
|
|-heal|p2a: Kash-Mmoney|94/100|[from] Grassy Terrain
|-heal|p2a: Kash-Mmoney|99/100|[from] item: Leftovers
|upkeep
|
|t:|1654863480
|switch|p1a: Audino|Audino, F|68/100 brn
|turn|30
|
|t:|1654863483
|move|p2a: Kash-Mmoney|Substitute|p2a: Kash-Mmoney
|-start|p2a: Kash-Mmoney|Substitute
|-damage|p2a: Kash-Mmoney|75/100
|move|p1a: Audino|Fire Blast|p2a: Kash-Mmoney
|-supereffective|p2a: Kash-Mmoney
|-end|p2a: Kash-Mmoney|Substitute
|
|-heal|p2a: Kash-Mmoney|81/100|[from] Grassy Terrain
|-heal|p2a: Kash-Mmoney|87/100|[from] item: Leftovers
|-heal|p1a: Audino|74/100 brn|[from] Grassy Terrain
|-damage|p1a: Audino|68/100 brn|[from] brn
|-fieldend|move: Grassy Terrain
|upkeep
|turn|31
|
|t:|1654863488
|move|p2a: Kash-Mmoney|Iron Head|p1a: Audino
|-damage|p1a: Audino|0 fnt
|faint|p1a: Audino
|
|-heal|p2a: Kash-Mmoney|93/100|[from] item: Leftovers
|upkeep
|
|t:|1654863492
|switch|p1a: Swoobat|Swoobat, F|12/100
|turn|32
|
|t:|1654863497
|move|p1a: Swoobat|Air Slash|p2a: Kash-Mmoney
|-resisted|p2a: Kash-Mmoney
|-damage|p2a: Kash-Mmoney|69/100
|move|p2a: Kash-Mmoney|Iron Head|p1a: Swoobat
|-damage|p1a: Swoobat|0 fnt
|faint|p1a: Swoobat
|
|-heal|p2a: Kash-Mmoney|75/100|[from] item: Leftovers
|upkeep
|
|t:|1654863500
|switch|p1a: Weezing|Weezing, M|100/100
|-ability|p1a: Weezing|Neutralizing Gas
|turn|33
|-message|er could do yano forfeited.
|
|win|Haffling tester
|raw|er could do yano's rating: 1239 &rarr; <strong>1233</strong><br />(-6 for losing)
|raw|Haffling tester's rating: 1590 &rarr; <strong>1595</strong><br />(+5 for winning)
|c|☆er could do yano|gg
|c|☆Haffling tester|gg
|l|☆Haffling tester
