|j|☆Conor3197❤☁☆
|j|☆uult1 SOMALIA
|player|p1|Conor3197❤☁☆|266|
|player|p2|uult1 SOMALIA|alder|
|teamsize|p1|6
|teamsize|p2|6
|gametype|singles
|gen|8
|tier|[Gen 8] PU
|rated|Tournament battle
|clearpoke
|poke|p1|Slowpoke-Galar, F|
|poke|p1|Zweilous, M|
|poke|p1|Solrock|
|poke|p1|Mawile, F|
|poke|p1|Trevenant, F|
|poke|p1|Gothitelle, M|
|poke|p2|Fraxure, M|
|poke|p2|Duosion, F|
|poke|p2|Falinks|
|poke|p2|Crustle, F|
|poke|p2|Leafeon, M|
|poke|p2|Pawniard, F|
|rule|Sleep Clause Mod: Limit one foe put to sleep
|rule|Species Clause: Limit one of each Pokémon
|rule|OHKO Clause: OHKO moves are banned
|rule|Evasion Moves Clause: Evasion moves are banned
|rule|Endless Battle Clause: Forcing endless battles is banned
|rule|HP Percentage Mod: HP is shown in percentages
|rule|Dynamax Clause: You cannot dynamax
|teampreview
|j| SopeMan
|c|☆uult1 SOMALIA|hf champ
|j|%uhuhuhu7
|inactive|Battle timer is ON: inactive players will automatically lose when time's up. (requested by uult1 SOMALIA)
|j| Pearlshipping4ever
|c|%uhuhuhu7|i thought slowpoke was smaller
|j| The_Gunstar_Black
|c|☆uult1 SOMALIA|damn he bulked
|j| MJ2020
|c|☆uult1 SOMALIA|bro
|c|☆Conor3197❤☁☆|Glhf
|j|+yogibears
|inactive|Conor3197❤☁☆ has 120 seconds left.
|inactive|uult1 SOMALIA has 120 seconds left.
|l| MJ2020
|c| The_Gunstar_Black|dude you could slide into his as
|c|☆uult1 SOMALIA|LOL
|
|start
|switch|p1a: Solrock|Solrock|100/100
|switch|p2a: EVOLUTION|Crustle, F|100/100
|turn|1
|c| The_Gunstar_Black|dude swelous could put a head in there
|c| The_Gunstar_Black|like holy shit
|
|move|p2a: EVOLUTION|Stealth Rock|p1a: Solrock
|-sidestart|p1: Conor3197❤☁☆|move: Stealth Rock
|move|p1a: Solrock|Trick Room|p1a: Solrock
|-fieldstart|move: Trick Room|[of] p1a: Solrock
|
|upkeep
|turn|2
|
|move|p1a: Solrock|Stealth Rock|p2a: EVOLUTION
|-sidestart|p2: uult1 SOMALIA|move: Stealth Rock
|move|p2a: EVOLUTION|Spikes|p1a: Solrock
|-sidestart|p1: Conor3197❤☁☆|Spikes
|
|upkeep
|turn|3
|c| Pearlshipping4ever|I think that's illegal everywhere except Detroit
|c|☆uult1 SOMALIA|lololol
|
|move|p1a: Solrock|Swords Dance|p1a: Solrock
|-boost|p1a: Solrock|atk|2
|move|p2a: EVOLUTION|Spikes|p1a: Solrock
|-sidestart|p1: Conor3197❤☁☆|Spikes
|
|upkeep
|turn|4
|c|☆uult1 SOMALIA|wtf
|c|☆uult1 SOMALIA|it gets swords dance
|c|☆uult1 SOMALIA|thats new
|j| pattek
|
|move|p1a: Solrock|Earthquake|p2a: EVOLUTION
|-damage|p2a: EVOLUTION|40/100
|move|p2a: EVOLUTION|Rock Blast|p1a: Solrock
|-damage|p1a: Solrock|88/100
|-crit|p1a: Solrock
|-damage|p1a: Solrock|72/100
|-damage|p1a: Solrock|60/100
|-hitcount|p1a: Solrock|3
|
|upkeep
|turn|5
|
|move|p1a: Solrock|Earthquake|p2a: EVOLUTION
|-damage|p2a: EVOLUTION|0 fnt
|faint|p2a: EVOLUTION
|
|-fieldend|move: Trick Room
|upkeep
|c| The_Gunstar_Black|lunatone also gets nasty plot
|j| iluvgifts
|c|☆uult1 SOMALIA|darn
|inactive|uult1 SOMALIA has 120 seconds left.
|
|switch|p2a: NIKO STYLE|Leafeon, M|100/100
|-damage|p2a: NIKO STYLE|88/100|[from] Stealth Rock
|turn|6
|j| i am uncomfortable
|
|move|p2a: NIKO STYLE|Leaf Blade|p1a: Solrock
|-supereffective|p1a: Solrock
|-damage|p1a: Solrock|0 fnt
|-damage|p2a: NIKO STYLE|78/100|[from] item: Life Orb
|faint|p1a: Solrock
|
|upkeep
|
|switch|p1a: Gothitelle|Gothitelle, M|100/100
|-damage|p1a: Gothitelle|84/100|[from] Spikes
|-damage|p1a: Gothitelle|71/100|[from] Stealth Rock
|turn|7
|
|move|p2a: NIKO STYLE|Knock Off|p1a: Gothitelle
|-supereffective|p1a: Gothitelle
|-crit|p1a: Gothitelle
|-enditem|p1a: Gothitelle|Colbur Berry|[eat]
|-enditem|p1a: Gothitelle|Colbur Berry|[weaken]
|-damage|p1a: Gothitelle|7/100
|-damage|p2a: NIKO STYLE|68/100|[from] item: Life Orb
|move|p1a: Gothitelle|Trick Room|p1a: Gothitelle
|-fieldstart|move: Trick Room|[of] p1a: Gothitelle
|
|upkeep
|turn|8
|c|☆uult1 SOMALIA|damn thats bulky son
|
|switch|p2a: DEVIL'S LANCE|Pawniard, F|100/100
|-damage|p2a: DEVIL'S LANCE|94/100|[from] Stealth Rock
|move|p1a: Gothitelle|Psychic|p2a: DEVIL'S LANCE
|-immune|p2a: DEVIL'S LANCE
|
|upkeep
|turn|9
|l| iluvgifts
|inactive|uult1 SOMALIA has 120 seconds left.
|j| iluvgifts
|c|☆Conor3197❤☁☆|Ikr crit and all
|
|switch|p1a: Zweilous|Zweilous, M|100/100
|-damage|p1a: Zweilous|88/100|[from] Stealth Rock
|-damage|p1a: Zweilous|71/100|[from] Spikes
|move|p2a: DEVIL'S LANCE|Swords Dance|p2a: DEVIL'S LANCE
|-boost|p2a: DEVIL'S LANCE|atk|2
|
|upkeep
|turn|10
|inactive|uult1 SOMALIA has 90 seconds left.
|inactive|uult1 SOMALIA has 60 seconds left.
|l| pattek
|
|move|p2a: DEVIL'S LANCE|Sucker Punch|p1a: Zweilous
|-resisted|p1a: Zweilous
|-damage|p1a: Zweilous|30/100
|move|p1a: Zweilous|Superpower|p2a: DEVIL'S LANCE
|-supereffective|p2a: DEVIL'S LANCE
|-damage|p2a: DEVIL'S LANCE|0 fnt
|-unboost|p1a: Zweilous|atk|1
|-unboost|p1a: Zweilous|def|1
|faint|p2a: DEVIL'S LANCE
|
|upkeep
|l| iluvgifts
|inactive|uult1 SOMALIA has 30 seconds left.
|j| iluvgifts
|inactive|uult1 SOMALIA has 20 seconds left.
|inactive|uult1 SOMALIA has 15 seconds left.
|inactive|uult1 SOMALIA has 10 seconds left.
|
|switch|p2a: NIKO STYLE|Leafeon, M|68/100
|-damage|p2a: NIKO STYLE|56/100|[from] Stealth Rock
|turn|11
|inactive|uult1 SOMALIA has 20 seconds left this turn.
|l| i am uncomfortable
|
|move|p1a: Zweilous|Superpower|p2a: NIKO STYLE|[miss]
|-miss|p1a: Zweilous|p2a: NIKO STYLE
|move|p2a: NIKO STYLE|Leaf Blade|p1a: Zweilous
|-resisted|p1a: Zweilous
|-crit|p1a: Zweilous
|-damage|p1a: Zweilous|0 fnt
|-damage|p2a: NIKO STYLE|46/100|[from] item: Life Orb
|faint|p1a: Zweilous
|
|-fieldend|move: Trick Room
|upkeep
|inactive|uult1 SOMALIA has 25 seconds left this turn.
|l| Pearlshipping4ever
|
|switch|p1a: Slowpoke|Slowpoke-Galar, F|100/100
|-damage|p1a: Slowpoke|84/100|[from] Spikes
|-damage|p1a: Slowpoke|72/100|[from] Stealth Rock
|turn|12
|
|move|p2a: NIKO STYLE|Leaf Blade|p1a: Slowpoke
|-crit|p1a: Slowpoke
|-damage|p1a: Slowpoke|3/100
|-damage|p2a: NIKO STYLE|36/100|[from] item: Life Orb
|move|p1a: Slowpoke|Trick Room|p1a: Slowpoke
|-fieldstart|move: Trick Room|[of] p1a: Slowpoke
|
|upkeep
|turn|13
|l| iluvgifts
|
|move|p1a: Slowpoke|Zen Headbutt|p2a: NIKO STYLE
|-damage|p2a: NIKO STYLE|9/100
|cant|p2a: NIKO STYLE|flinch
|
|upkeep
|turn|14
|j| iluvgifts
|
|move|p1a: Slowpoke|Zen Headbutt|p2a: NIKO STYLE
|-crit|p2a: NIKO STYLE
|-damage|p2a: NIKO STYLE|0 fnt
|faint|p2a: NIKO STYLE
|
|upkeep
|
|switch|p2a: HITMAN STYLE|Duosion, F|100/100
|turn|15
|
|switch|p1a: Mawile|Mawile, F|100/100
|-damage|p1a: Mawile|84/100|[from] Spikes
|-damage|p1a: Mawile|78/100|[from] Stealth Rock
|move|p2a: HITMAN STYLE|Acid Armor|p2a: HITMAN STYLE
|-boost|p2a: HITMAN STYLE|def|2
|
|upkeep
|turn|16
|
|move|p2a: HITMAN STYLE|Acid Armor|p2a: HITMAN STYLE
|-boost|p2a: HITMAN STYLE|def|2
|move|p1a: Mawile|Swords Dance|p1a: Mawile
|-boost|p1a: Mawile|atk|2
|
|-fieldend|move: Trick Room
|upkeep
|turn|17
|j| i am uncomfortable
|
|move|p1a: Mawile|Play Rough|p2a: HITMAN STYLE
|-damage|p2a: HITMAN STYLE|68/100
|move|p2a: HITMAN STYLE|Calm Mind|p2a: HITMAN STYLE
|-boost|p2a: HITMAN STYLE|spa|1
|-boost|p2a: HITMAN STYLE|spd|1
|
|upkeep
|turn|18
|
|move|p1a: Mawile|Swords Dance|p1a: Mawile
|-boost|p1a: Mawile|atk|2
|move|p2a: HITMAN STYLE|Recover|p2a: HITMAN STYLE
|-heal|p2a: HITMAN STYLE|100/100
|
|upkeep
|turn|19
|
|move|p1a: Mawile|Play Rough|p2a: HITMAN STYLE
|-damage|p2a: HITMAN STYLE|48/100
|move|p2a: HITMAN STYLE|Stored Power|p1a: Mawile
|-resisted|p1a: Mawile
|-damage|p1a: Mawile|0 fnt
|faint|p1a: Mawile
|
|upkeep
|
|switch|p1a: Trevenant|Trevenant, F|100/100
|-damage|p1a: Trevenant|88/100|[from] Stealth Rock
|-damage|p1a: Trevenant|72/100|[from] Spikes
|turn|20
|c|☆Conor3197❤☁☆|Gg
|
|move|p1a: Trevenant|Foul Play|p2a: HITMAN STYLE
|-supereffective|p2a: HITMAN STYLE
|-crit|p2a: HITMAN STYLE
|-damage|p2a: HITMAN STYLE|32/100
|move|p2a: HITMAN STYLE|Stored Power|p1a: Trevenant
|-damage|p1a: Trevenant|0 fnt
|faint|p1a: Trevenant
|
|upkeep
|c|☆uult1 SOMALIA|gg
|
|switch|p1a: Gothitelle|Gothitelle, M|7/100
|-damage|p1a: Gothitelle|0 fnt|[from] Spikes
|faint|p1a: Gothitelle
|
|switch|p1a: Slowpoke|Slowpoke-Galar, F|3/100
|-damage|p1a: Slowpoke|0 fnt|[from] Stealth Rock
|faint|p1a: Slowpoke
|
|win|uult1 SOMALIA
