|j|☆Decem
|j|☆sugar ovens
|t:|1629592614
|gametype|singles
|player|p1|Decem|acetrainerf-gen4|
|player|p2|sugar ovens|twins|
|teamsize|p1|6
|teamsize|p2|6
|gen|8
|tier|[Gen 8] PU
|rule|Sleep Clause Mod: Limit one foe put to sleep
|rule|Species Clause: Limit one of each Pokémon
|rule|OHKO Clause: OHKO moves are banned
|rule|Evasion Moves Clause: Evasion moves are banned
|rule|Endless Battle Clause: Forcing endless battles is banned
|rule|HP Percentage Mod: HP is shown in percentages
|rule|Dynamax Clause: You cannot dynamax
|clearpoke
|poke|p1|Centiskorch, F|
|poke|p1|Togedemaru, F|
|poke|p1|Tsareena, F|
|poke|p1|Ribombee, M|
|poke|p1|Scrafty, M|
|poke|p1|Archeops, F|
|poke|p2|Charizard, F|
|poke|p2|Scrafty, F|
|poke|p2|Gigalith, F|
|poke|p2|Weezing, F|
|poke|p2|Eldegoss, M|
|poke|p2|Poliwrath, F|
|teampreview
|inactive|Battle timer is ON: inactive players will automatically lose when time's up. (requested by Decem)
|c|☆Decem|hf
|c|☆sugar ovens|gl, hf
|inactive|Decem has 270 seconds left.
|inactive|sugar ovens has 270 seconds left.
|j| Z Strats
|j| keppy ㋛
|j| Gva
|inactive|Decem has 240 seconds left.
|j| MartAlvarez♫
|
|t:|1629592679
|start
|switch|p1a: Ribombee|Ribombee, M|100/100
|switch|p2a: Weezing|Weezing, F|100/100
|-ability|p2a: Weezing|Neutralizing Gas
|turn|1
|j|+chlo
|j| turtledoggo1
|
|t:|1629592692
|switch|p1a: Scrafty|Scrafty, M|100/100
|move|p2a: Weezing|Sludge Bomb|p1a: Scrafty
|-damage|p1a: Scrafty|83/100
|
|-heal|p1a: Scrafty|89/100|[from] item: Leftovers
|upkeep
|turn|2
|
|t:|1629592695
|move|p2a: Weezing|Toxic Spikes|p1a: Scrafty
|-sidestart|p1: Decem|move: Toxic Spikes
|move|p1a: Scrafty|Knock Off|p2a: Weezing
|-damage|p2a: Weezing|80/100
|-enditem|p2a: Weezing|Black Sludge|[from] move: Knock Off|[of] p1a: Scrafty
|
|-heal|p1a: Scrafty|95/100|[from] item: Leftovers
|upkeep
|turn|3
|
|t:|1629592705
|-end|p2a: Weezing|ability: Neutralizing Gas
|switch|p2a: Poliwrath|Poliwrath, F|100/100
|move|p1a: Scrafty|Bulk Up|p1a: Scrafty
|-boost|p1a: Scrafty|atk|1
|-boost|p1a: Scrafty|def|1
|
|-heal|p1a: Scrafty|100/100|[from] item: Leftovers
|upkeep
|turn|4
|j| pkmn cypher 2013
|
|t:|1629592711
|move|p2a: Poliwrath|Close Combat|p1a: Scrafty
|-supereffective|p1a: Scrafty
|-crit|p1a: Scrafty
|-damage|p1a: Scrafty|0 fnt
|-unboost|p2a: Poliwrath|def|1
|-unboost|p2a: Poliwrath|spd|1
|faint|p1a: Scrafty
|
|upkeep
|j| Expulso
|c|☆Decem|unfortunate
|
|t:|1629592724
|switch|p1a: Centiskorch|Centiskorch, F|100/100
|turn|5
|j|+gum
|
|t:|1629592735
|switch|p2a: Charizard|Charizard, F|100/100
|move|p1a: Centiskorch|Knock Off|p2a: Charizard
|-damage|p2a: Charizard|50/100
|-enditem|p2a: Charizard|Heavy-Duty Boots|[from] move: Knock Off|[of] p1a: Centiskorch
|
|upkeep
|turn|6
|
|t:|1629592742
|switch|p1a: Archeops|Archeops, F|100/100
|move|p2a: Charizard|Roost|p2a: Charizard
|-heal|p2a: Charizard|99/100
|-singleturn|p2a: Charizard|move: Roost
|
|upkeep
|turn|7
|l|+gum
|
|t:|1629592752
|switch|p2a: Scrafty|Scrafty, F|100/100
|move|p1a: Archeops|Stealth Rock|p2a: Scrafty
|-sidestart|p2: sugar ovens|move: Stealth Rock
|
|upkeep
|turn|8
|
|t:|1629592761
|switch|p1a: Ribombee|Ribombee, M|100/100
|-status|p1a: Ribombee|psn
|move|p2a: Scrafty|Knock Off|p1a: Ribombee
|-resisted|p1a: Ribombee
|-damage|p1a: Ribombee|69/100 psn
|-enditem|p1a: Ribombee|Choice Specs|[from] move: Knock Off|[of] p2a: Scrafty
|
|-damage|p1a: Ribombee|57/100 psn|[from] psn
|upkeep
|turn|9
|l| Expulso
|
|t:|1629592769
|switch|p1a: Tsareena|Tsareena, F|100/100
|switch|p2a: Gigalith|Gigalith, F|100/100
|-damage|p2a: Gigalith|88/100|[from] Stealth Rock
|-weather|Sandstorm|[from] ability: Sand Stream|[of] p2a: Gigalith
|
|-weather|Sandstorm|[upkeep]
|-damage|p1a: Tsareena|95/100|[from] Sandstorm
|-heal|p2a: Gigalith|94/100|[from] item: Leftovers
|upkeep
|turn|10
|
|t:|1629592774
|move|p2a: Gigalith|Protect|p2a: Gigalith
|-singleturn|p2a: Gigalith|Protect
|move|p1a: Tsareena|Power Whip|p2a: Gigalith
|-activate|p2a: Gigalith|move: Protect
|
|-weather|Sandstorm|[upkeep]
|-damage|p1a: Tsareena|89/100|[from] Sandstorm
|-heal|p2a: Gigalith|100/100|[from] item: Leftovers
|upkeep
|turn|11
|
|t:|1629592781
|switch|p2a: Weezing|Weezing, F|80/100
|-ability|p2a: Weezing|Neutralizing Gas
|-damage|p2a: Weezing|67/100|[from] Stealth Rock
|move|p1a: Tsareena|Power Whip|p2a: Weezing
|-resisted|p2a: Weezing
|-damage|p2a: Weezing|44/100
|
|-weather|Sandstorm|[upkeep]
|-damage|p1a: Tsareena|83/100|[from] Sandstorm
|-damage|p2a: Weezing|38/100|[from] Sandstorm
|upkeep
|turn|12
|j| bagoftrixx
|j| ambipom unviable
|
|t:|1629592791
|switch|p1a: Centiskorch|Centiskorch, F|100/100
|move|p2a: Weezing|Pain Split|p1a: Centiskorch
|-sethp|p1a: Centiskorch|69/100|[from] move: Pain Split|[silent]
|-sethp|p2a: Weezing|70/100|[from] move: Pain Split
|
|-weather|Sandstorm|[upkeep]
|-damage|p1a: Centiskorch|63/100|[from] Sandstorm
|-damage|p2a: Weezing|64/100|[from] Sandstorm
|upkeep
|turn|13
|
|t:|1629592804
|-end|p2a: Weezing|ability: Neutralizing Gas
|switch|p2a: Charizard|Charizard, F|99/100
|-damage|p2a: Charizard|50/100|[from] Stealth Rock
|move|p1a: Centiskorch|Fire Lash|p2a: Charizard
|-resisted|p2a: Charizard
|-damage|p2a: Charizard|22/100
|-unboost|p2a: Charizard|def|1
|
|-weather|none
|upkeep
|turn|14
|
|t:|1629592815
|switch|p1a: Archeops|Archeops, F|100/100
|move|p2a: Charizard|Roost|p2a: Charizard
|-heal|p2a: Charizard|72/100
|-singleturn|p2a: Charizard|move: Roost
|
|upkeep
|turn|15
|
|t:|1629592821
|switch|p1a: Ribombee|Ribombee, M|57/100 psn
|switch|p2a: Eldegoss|Eldegoss, M|100/100
|
|-damage|p1a: Ribombee|45/100 psn|[from] psn
|upkeep
|turn|16
|l| turtledoggo1
|
|t:|1629592829
|move|p1a: Ribombee|Trick|p2a: Eldegoss
|-activate|p1a: Ribombee|move: Trick|[of] p2a: Eldegoss
|-enditem|p2a: Eldegoss|Heavy-Duty Boots|[silent]|[from] move: Trick
|-item|p1a: Ribombee|Heavy-Duty Boots|[from] move: Trick
|move|p2a: Eldegoss|Rapid Spin|p1a: Ribombee
|-damage|p1a: Ribombee|33/100 psn
|-boost|p2a: Eldegoss|spe|1
|-sideend|p2: sugar ovens|Stealth Rock|[from] move: Rapid Spin|[of] p2a: Eldegoss
|
|-damage|p1a: Ribombee|21/100 psn|[from] psn
|upkeep
|turn|17
|j| Jhang
|
|t:|1629592848
|switch|p1a: Tsareena|Tsareena, F|83/100
|move|p2a: Eldegoss|Leaf Storm|p1a: Tsareena|[miss]
|-miss|p2a: Eldegoss|p1a: Tsareena
|
|upkeep
|turn|18
|
|t:|1629592853
|switch|p2a: Charizard|Charizard, F|72/100
|move|p1a: Tsareena|Rapid Spin|p2a: Charizard
|-damage|p2a: Charizard|46/100
|-boost|p1a: Tsareena|spe|1
|-sideend|p1: Decem|Toxic Spikes|[from] move: Rapid Spin|[of] p1a: Tsareena
|
|upkeep
|turn|19
|
|t:|1629592859
|switch|p1a: Archeops|Archeops, F|100/100
|move|p2a: Charizard|Roost|p2a: Charizard
|-heal|p2a: Charizard|96/100
|-singleturn|p2a: Charizard|move: Roost
|
|upkeep
|turn|20
|j|+MZ
|
|t:|1629592864
|switch|p2a: Eldegoss|Eldegoss, M|100/100
|move|p1a: Archeops|Stone Edge|p2a: Eldegoss|[miss]
|-miss|p1a: Archeops|p2a: Eldegoss
|
|upkeep
|turn|21
|l|+MZ
|
|t:|1629592876
|move|p1a: Archeops|Stealth Rock|p2a: Eldegoss
|-sidestart|p2: sugar ovens|move: Stealth Rock
|move|p2a: Eldegoss|Leaf Storm|p1a: Archeops|[miss]
|-miss|p2a: Eldegoss|p1a: Archeops
|
|upkeep
|turn|22
|
|t:|1629592882
|switch|p1a: Centiskorch|Centiskorch, F|63/100
|move|p2a: Eldegoss|Rapid Spin|p1a: Centiskorch
|-damage|p1a: Centiskorch|54/100
|-boost|p2a: Eldegoss|spe|1
|-sideend|p2: sugar ovens|Stealth Rock|[from] move: Rapid Spin|[of] p2a: Eldegoss
|
|upkeep
|turn|23
|
|t:|1629592892
|switch|p2a: Charizard|Charizard, F|96/100
|switch|p1a: Archeops|Archeops, F|100/100
|
|upkeep
|turn|24
|inactive|sugar ovens has 270 seconds left.
|
|t:|1629592922
|switch|p2a: Gigalith|Gigalith, F|100/100
|-weather|Sandstorm|[from] ability: Sand Stream|[of] p2a: Gigalith
|move|p1a: Archeops|Stealth Rock|p2a: Gigalith
|-sidestart|p2: sugar ovens|move: Stealth Rock
|
|-weather|Sandstorm|[upkeep]
|upkeep
|turn|25
|
|t:|1629592931
|switch|p1a: Togedemaru|Togedemaru, F|100/100
|move|p2a: Gigalith|Toxic|p1a: Togedemaru
|-immune|p1a: Togedemaru
|
|-weather|Sandstorm|[upkeep]
|upkeep
|turn|26
|j| IX - THE HERMIT
|
|t:|1629592937
|switch|p1a: Tsareena|Tsareena, F|83/100
|move|p2a: Gigalith|Stealth Rock|p1a: Tsareena
|-sidestart|p1: Decem|move: Stealth Rock
|
|-weather|Sandstorm|[upkeep]
|-damage|p1a: Tsareena|77/100|[from] Sandstorm
|upkeep
|turn|27
|
|t:|1629592945
|move|p2a: Gigalith|Protect|p2a: Gigalith
|-singleturn|p2a: Gigalith|Protect
|move|p1a: Tsareena|Power Whip|p2a: Gigalith
|-activate|p2a: Gigalith|move: Protect
|
|-weather|Sandstorm|[upkeep]
|-damage|p1a: Tsareena|71/100|[from] Sandstorm
|upkeep
|turn|28
|inactive|sugar ovens has 270 seconds left.
|
|t:|1629592971
|switch|p2a: Weezing|Weezing, F|64/100
|-ability|p2a: Weezing|Neutralizing Gas
|-damage|p2a: Weezing|52/100|[from] Stealth Rock
|move|p1a: Tsareena|Power Whip|p2a: Weezing
|-resisted|p2a: Weezing
|-crit|p2a: Weezing
|-damage|p2a: Weezing|18/100
|
|-weather|none
|upkeep
|turn|29
|
|t:|1629592983
|move|p1a: Tsareena|Power Whip|p2a: Weezing|[miss]
|-miss|p1a: Tsareena|p2a: Weezing
|move|p2a: Weezing|Pain Split|p1a: Tsareena
|-sethp|p1a: Tsareena|46/100|[from] move: Pain Split|[silent]
|-sethp|p2a: Weezing|39/100|[from] move: Pain Split
|
|upkeep
|turn|30
|
|t:|1629592990
|switch|p1a: Archeops|Archeops, F|100/100
|move|p2a: Weezing|Sludge Bomb|p1a: Archeops
|-resisted|p1a: Archeops
|-damage|p1a: Archeops|80/100
|
|upkeep
|turn|31
|
|t:|1629592999
|move|p1a: Archeops|Earthquake|p2a: Weezing
|-supereffective|p2a: Weezing
|-damage|p2a: Weezing|0 fnt
|faint|p2a: Weezing
|-end|p2a: Weezing|ability: Neutralizing Gas
|
|upkeep
|
|t:|1629593004
|switch|p2a: Poliwrath|Poliwrath, F|100/100
|-damage|p2a: Poliwrath|94/100|[from] Stealth Rock
|turn|32
|j| 5cy
|l| 5cy
|
|t:|1629593029
|switch|p1a: Togedemaru|Togedemaru, F|100/100
|move|p2a: Poliwrath|Liquidation|p1a: Togedemaru
|-damage|p1a: Togedemaru|41/100
|
|upkeep
|turn|33
|
|t:|1629593035
|move|p1a: Togedemaru|Spiky Shield|p1a: Togedemaru
|-singleturn|p1a: Togedemaru|move: Protect
|move|p2a: Poliwrath|Liquidation|p1a: Togedemaru
|-activate|p1a: Togedemaru|move: Protect
|-damage|p2a: Poliwrath|82/100|[from] Spiky Shield|[of] p1a: Togedemaru
|
|upkeep
|turn|34
|
|t:|1629593038
|move|p1a: Togedemaru|Spiky Shield||[still]
|-fail|p1a: Togedemaru
|move|p2a: Poliwrath|Liquidation|p1a: Togedemaru
|-damage|p1a: Togedemaru|0 fnt
|faint|p1a: Togedemaru
|
|upkeep
|j| turtledoggo1
|
|t:|1629593040
|switch|p1a: Tsareena|Tsareena, F|46/100
|turn|35
|l| turtledoggo1
|
|t:|1629593049
|switch|p2a: Eldegoss|Eldegoss, M|100/100
|-damage|p2a: Eldegoss|88/100|[from] Stealth Rock
|move|p1a: Tsareena|Rapid Spin|p2a: Eldegoss
|-damage|p2a: Eldegoss|68/100
|-boost|p1a: Tsareena|spe|1
|-sideend|p1: Decem|Stealth Rock|[from] move: Rapid Spin|[of] p1a: Tsareena
|
|upkeep
|turn|36
|
|t:|1629593068
|move|p1a: Tsareena|Power Whip|p2a: Eldegoss
|-resisted|p2a: Eldegoss
|-damage|p2a: Eldegoss|30/100
|move|p2a: Eldegoss|Rapid Spin|p1a: Tsareena
|-damage|p1a: Tsareena|38/100
|-boost|p2a: Eldegoss|spe|1
|-sideend|p2: sugar ovens|Stealth Rock|[from] move: Rapid Spin|[of] p2a: Eldegoss
|
|upkeep
|turn|37
|j| 5cy
|
|t:|1629593082
|switch|p2a: Charizard|Charizard, F|96/100
|move|p1a: Tsareena|Knock Off|p2a: Charizard
|-damage|p2a: Charizard|61/100
|
|upkeep
|turn|38
|
|t:|1629593091
|switch|p1a: Archeops|Archeops, F|80/100
|switch|p2a: Eldegoss|Eldegoss, M|63/100
|
|upkeep
|turn|39
|
|t:|1629593098
|switch|p2a: Poliwrath|Poliwrath, F|82/100
|move|p1a: Archeops|Stealth Rock|p2a: Poliwrath
|-sidestart|p2: sugar ovens|move: Stealth Rock
|
|upkeep
|turn|40
|
|t:|1629593103
|move|p2a: Poliwrath|Liquidation|p1a: Archeops
|-supereffective|p1a: Archeops
|-damage|p1a: Archeops|0 fnt
|faint|p1a: Archeops
|
|upkeep
|
|t:|1629593105
|switch|p1a: Tsareena|Tsareena, F|38/100
|turn|41
|l| 5cy
|
|t:|1629593116
|switch|p2a: Eldegoss|Eldegoss, M|96/100
|-damage|p2a: Eldegoss|84/100|[from] Stealth Rock
|move|p1a: Tsareena|Power Whip|p2a: Eldegoss
|-resisted|p2a: Eldegoss
|-damage|p2a: Eldegoss|45/100
|
|upkeep
|turn|42
|
|t:|1629593121
|move|p1a: Tsareena|Power Whip|p2a: Eldegoss
|-resisted|p2a: Eldegoss
|-damage|p2a: Eldegoss|8/100
|move|p2a: Eldegoss|Rapid Spin|p1a: Tsareena
|-damage|p1a: Tsareena|31/100
|-boost|p2a: Eldegoss|spe|1
|-sideend|p2: sugar ovens|Stealth Rock|[from] move: Rapid Spin|[of] p2a: Eldegoss
|
|upkeep
|turn|43
|j|+ez
|
|t:|1629593124
|move|p1a: Tsareena|Rapid Spin|p2a: Eldegoss
|-damage|p2a: Eldegoss|0 fnt
|-boost|p1a: Tsareena|spe|1
|faint|p2a: Eldegoss
|
|upkeep
|
|t:|1629593126
|switch|p2a: Charizard|Charizard, F|61/100
|turn|44
|
|t:|1629593134
|move|p1a: Tsareena|Knock Off|p2a: Charizard
|-damage|p2a: Charizard|28/100
|move|p2a: Charizard|Flamethrower|p1a: Tsareena
|-supereffective|p1a: Tsareena
|-damage|p1a: Tsareena|0 fnt
|faint|p1a: Tsareena
|
|upkeep
|
|t:|1629593138
|switch|p1a: Ribombee|Ribombee, M|21/100 psn
|turn|45
|c|☆Decem|gg
|
|t:|1629593141
|move|p1a: Ribombee|Moonblast|p2a: Charizard
|-resisted|p2a: Charizard
|-damage|p2a: Charizard|1/100
|-unboost|p2a: Charizard|spa|1
|move|p2a: Charizard|Flamethrower|p1a: Ribombee
|-supereffective|p1a: Ribombee
|-damage|p1a: Ribombee|0 fnt
|faint|p1a: Ribombee
|
|upkeep
|
|t:|1629593143
|switch|p1a: Centiskorch|Centiskorch, F|54/100
|turn|46
|c|☆sugar ovens|gg
|
|t:|1629593146
|move|p2a: Charizard|Hurricane|p1a: Centiskorch
|-supereffective|p1a: Centiskorch
|-crit|p1a: Centiskorch
|-damage|p1a: Centiskorch|0 fnt
|faint|p1a: Centiskorch
|
|win|sugar ovens
|l|☆Decem
|l|+ez
|l| Jhang
|l|☆sugar ovens
|l| ambipom unviable
|l| Z Strats
|l| Gva
|j|+TSR
|l| IX - THE HERMIT
|l|+chlo
|j| Tlenit
|l| Tlenit
|j| turtledoggo1
|l| turtledoggo1
|j|+avarice
|l|+avarice
