|html|<div class="broadcast-blue"><strong>[Gen 8] PU is currently suspecting Vanilluxe! For information on how to participate check out the <a href="https://www.smogon.com/forums/threads/np-ss-pu-stage-10-ice-cream-vanilluxe-suspect-test.3705646/">suspect thread</a>.</strong></div>
|j|☆Haffling
|j|☆zoowi
|t:|1660435710
|gametype|singles
|player|p1|Haffling|cyrus|
|player|p2|zoowi|burglar-gen2|
|teamsize|p1|6
|teamsize|p2|6
|gen|8
|tier|[Gen 8] PU
|rated|Tournament battle
|rule|Sleep Clause Mod: Limit one foe put to sleep
|rule|Species Clause: Limit one of each Pokémon
|rule|OHKO Clause: OHKO moves are banned
|rule|Evasion Items Clause: Evasion items are banned
|rule|Evasion Moves Clause: Evasion moves are banned
|rule|Endless Battle Clause: Forcing endless battles is banned
|rule|HP Percentage Mod: HP is shown in percentages
|rule|Dynamax Clause: You cannot dynamax
|clearpoke
|poke|p1|Audino, M|
|poke|p1|Eldegoss, F|
|poke|p1|Corsola, M|
|poke|p1|Duosion, F|
|poke|p1|Mareanie, F|
|poke|p1|Mienfoo, M|
|poke|p2|Vanilluxe, M|
|poke|p2|Doublade, M|
|poke|p2|Jolteon, M|
|poke|p2|Wishiwashi, M|
|poke|p2|Coalossal, M|
|poke|p2|Eldegoss, M|
|teampreview
|j| isabela000◥▶_◀◤
|j| joey milktank
|
|t:|1660435728
|start
|switch|p1a: Corsola|Corsola, M|100/100
|switch|p2a: Jolteon|Jolteon, M|100/100
|turn|1
|
|t:|1660435733
|switch|p1a: Eldegoss|Eldegoss, F|100/100
|move|p2a: Jolteon|Volt Switch|p1a: Eldegoss
|-resisted|p1a: Eldegoss
|-damage|p1a: Eldegoss|77/100
|
|t:|1660435736
|switch|p2a: Vanilluxe|Vanilluxe, M|100/100|[from]move: Volt Switch
|-weather|Hail|[from] ability: Snow Warning|[of] p2a: Vanilluxe
|
|-weather|Hail|[upkeep]
|-damage|p1a: Eldegoss|71/100|[from] Hail
|upkeep
|turn|2
|
|t:|1660435741
|switch|p1a: Audino|Audino, M|100/100
|move|p2a: Vanilluxe|Blizzard|p1a: Audino
|-damage|p1a: Audino|40/100
|
|-weather|Hail|[upkeep]
|-damage|p1a: Audino|34/100|[from] Hail
|upkeep
|turn|3
|
|t:|1660435745
|switch|p2a: Jolteon|Jolteon, M|100/100
|move|p1a: Audino|Protect||[still]
|-fail|p1a: Audino
|
|-weather|Hail|[upkeep]
|-damage|p2a: Jolteon|95/100|[from] Hail
|-damage|p1a: Audino|28/100|[from] Hail
|upkeep
|turn|4
|
|t:|1660435750
|switch|p1a: Duosion|Duosion, F|100/100
|move|p2a: Jolteon|Volt Switch|p1a: Duosion
|-damage|p1a: Duosion|66/100
|
|t:|1660435753
|switch|p2a: Vanilluxe|Vanilluxe, M|100/100|[from]move: Volt Switch
|
|-weather|Hail|[upkeep]
|-damage|p1a: Duosion|60/100|[from] Hail
|upkeep
|turn|5
|
|t:|1660435758
|switch|p1a: Mareanie|Mareanie, F|100/100
|move|p2a: Vanilluxe|Blizzard|p1a: Mareanie
|-resisted|p1a: Mareanie
|-damage|p1a: Mareanie|55/100
|
|-weather|none
|upkeep
|turn|6
|
|t:|1660435764
|switch|p2a: Jolteon|Jolteon, M|95/100
|move|p1a: Mareanie|Recover|p1a: Mareanie
|-heal|p1a: Mareanie|100/100
|
|upkeep
|turn|7
|
|t:|1660435769
|switch|p1a: Audino|Audino, M|61/100
|move|p2a: Jolteon|Volt Switch|p1a: Audino
|-damage|p1a: Audino|26/100
|
|t:|1660435773
|switch|p2a: Vanilluxe|Vanilluxe, M|100/100|[from]move: Volt Switch
|-weather|Hail|[from] ability: Snow Warning|[of] p2a: Vanilluxe
|
|-weather|Hail|[upkeep]
|-damage|p1a: Audino|20/100|[from] Hail
|upkeep
|turn|8
|
|t:|1660435776
|move|p1a: Audino|Protect|p1a: Audino
|-singleturn|p1a: Audino|Protect
|move|p2a: Vanilluxe|Freeze-Dry|p1a: Audino
|-activate|p1a: Audino|move: Protect
|
|-weather|Hail|[upkeep]
|-damage|p1a: Audino|14/100|[from] Hail
|upkeep
|turn|9
|
|t:|1660435780
|switch|p1a: Duosion|Duosion, F|93/100
|move|p2a: Vanilluxe|Freeze-Dry|p1a: Duosion
|-damage|p1a: Duosion|56/100
|
|-weather|Hail|[upkeep]
|-damage|p1a: Duosion|50/100|[from] Hail
|upkeep
|turn|10
|
|t:|1660435783
|switch|p2a: Jolteon|Jolteon, M|95/100
|move|p1a: Duosion|Recover|p1a: Duosion
|-heal|p1a: Duosion|99/100
|
|-weather|Hail|[upkeep]
|-damage|p2a: Jolteon|89/100|[from] Hail
|-damage|p1a: Duosion|94/100|[from] Hail
|upkeep
|turn|11
|
|t:|1660435791
|move|p2a: Jolteon|Volt Switch|p1a: Duosion
|-damage|p1a: Duosion|59/100
|
|t:|1660435807
|switch|p2a: Vanilluxe|Vanilluxe, M|100/100|[from]move: Volt Switch
|move|p1a: Duosion|Toxic|p2a: Vanilluxe
|-status|p2a: Vanilluxe|tox
|
|-weather|none
|-damage|p2a: Vanilluxe|94/100 tox|[from] psn
|upkeep
|turn|12
|j| QiYu5
|
|t:|1660435827
|move|p2a: Vanilluxe|Blizzard|p1a: Duosion|[miss]
|-miss|p2a: Vanilluxe|p1a: Duosion
|move|p1a: Duosion|Recover|p1a: Duosion
|-heal|p1a: Duosion|100/100
|
|-damage|p2a: Vanilluxe|82/100 tox|[from] psn
|upkeep
|turn|13
|
|t:|1660435830
|switch|p2a: Jolteon|Jolteon, M|89/100
|move|p1a: Duosion|Future Sight|p2a: Jolteon
|-start|p1a: Duosion|move: Future Sight
|
|upkeep
|turn|14
|l| QiYu5
|
|t:|1660435841
|switch|p1a: Mienfoo|Mienfoo, M, shiny|100/100
|move|p2a: Jolteon|Volt Switch|p1a: Mienfoo
|-damage|p1a: Mienfoo|38/100
|
|t:|1660435845
|switch|p2a: Coalossal|Coalossal, M|100/100|[from]move: Volt Switch
|
|upkeep
|turn|15
|
|t:|1660435865
|move|p1a: Mienfoo|Taunt|p2a: Coalossal
|-start|p2a: Coalossal|move: Taunt
|cant|p2a: Coalossal|move: Taunt|Stealth Rock
|
|-end|p2a: Coalossal|move: Future Sight
|-damage|p2a: Coalossal|58/100
|upkeep
|turn|16
|
|t:|1660435870
|move|p1a: Mienfoo|Close Combat|p2a: Coalossal
|-supereffective|p2a: Coalossal
|-crit|p2a: Coalossal
|-damage|p2a: Coalossal|0 fnt
|-unboost|p1a: Mienfoo|def|1
|-unboost|p1a: Mienfoo|spd|1
|faint|p2a: Coalossal
|
|upkeep
|
|t:|1660435875
|switch|p2a: Jolteon|Jolteon, M|89/100
|turn|17
|
|t:|1660435881
|switch|p1a: Eldegoss|Eldegoss, F|100/100
|move|p2a: Jolteon|Volt Switch|p1a: Eldegoss
|-resisted|p1a: Eldegoss
|-damage|p1a: Eldegoss|80/100
|j| Riquelme♡14
|
|t:|1660435885
|switch|p2a: Vanilluxe|Vanilluxe, M|82/100 tox|[from]move: Volt Switch
|-weather|Hail|[from] ability: Snow Warning|[of] p2a: Vanilluxe
|
|-weather|Hail|[upkeep]
|-damage|p1a: Eldegoss|74/100|[from] Hail
|-damage|p2a: Vanilluxe|76/100 tox|[from] psn
|upkeep
|turn|18
|l| Riquelme♡14
|
|t:|1660435899
|switch|p1a: Duosion|Duosion, F|100/100
|move|p2a: Vanilluxe|Blizzard|p1a: Duosion
|-damage|p1a: Duosion|41/100
|
|-weather|Hail|[upkeep]
|-damage|p1a: Duosion|35/100|[from] Hail
|-damage|p2a: Vanilluxe|64/100 tox|[from] psn
|upkeep
|turn|19
|
|t:|1660435904
|switch|p1a: Mareanie|Mareanie, F|100/100
|move|p2a: Vanilluxe|Blizzard|p1a: Mareanie
|-resisted|p1a: Mareanie
|-damage|p1a: Mareanie|55/100
|
|-weather|Hail|[upkeep]
|-damage|p1a: Mareanie|49/100|[from] Hail
|-damage|p2a: Vanilluxe|46/100 tox|[from] psn
|upkeep
|turn|20
|
|t:|1660435908
|switch|p2a: Jolteon|Jolteon, M|89/100
|switch|p1a: Corsola|Corsola, M|100/100
|
|-weather|Hail|[upkeep]
|-damage|p2a: Jolteon|83/100|[from] Hail
|-damage|p1a: Corsola|95/100|[from] Hail
|upkeep
|turn|21
|j| Riquelme♡14
|
|t:|1660435913
|switch|p1a: Eldegoss|Eldegoss, F|100/100
|move|p2a: Jolteon|Volt Switch|p1a: Eldegoss
|-resisted|p1a: Eldegoss
|-damage|p1a: Eldegoss|77/100
|j| ekelelellee
|
|t:|1660435930
|switch|p2a: Doublade|Doublade, M|100/100|[from]move: Volt Switch
|
|-weather|none
|upkeep
|turn|22
|
|t:|1660435935
|move|p1a: Eldegoss|Leech Seed|p2a: Doublade
|-start|p2a: Doublade|move: Leech Seed
|move|p2a: Doublade|Swords Dance|p2a: Doublade
|-boost|p2a: Doublade|atk|2
|
|-damage|p2a: Doublade|88/100|[from] Leech Seed|[of] p1a: Eldegoss
|-heal|p1a: Eldegoss|90/100|[silent]
|upkeep
|turn|23
|l| Riquelme♡14
|
|t:|1660435938
|move|p1a: Eldegoss|Sleep Powder|p2a: Doublade
|-status|p2a: Doublade|slp|[from] move: Sleep Powder
|cant|p2a: Doublade|slp
|
|-damage|p2a: Doublade|76/100 slp|[from] Leech Seed|[of] p1a: Eldegoss
|-heal|p1a: Eldegoss|100/100|[silent]
|upkeep
|turn|24
|
|t:|1660435944
|switch|p1a: Mareanie|Mareanie, F|82/100
|switch|p2a: Jolteon|Jolteon, M|83/100
|
|upkeep
|turn|25
|
|t:|1660435946
|switch|p1a: Eldegoss|Eldegoss, F|100/100
|move|p2a: Jolteon|Thunderbolt|p1a: Eldegoss
|-resisted|p1a: Eldegoss
|-damage|p1a: Eldegoss|71/100
|-status|p1a: Eldegoss|par
|
|upkeep
|turn|26
|
|t:|1660435954
|switch|p2a: Doublade|Doublade, M|76/100 slp
|move|p1a: Eldegoss|Leech Seed|p2a: Doublade
|-start|p2a: Doublade|move: Leech Seed
|
|-damage|p2a: Doublade|63/100 slp|[from] Leech Seed|[of] p1a: Eldegoss
|-heal|p1a: Eldegoss|84/100 par|[silent]
|upkeep
|turn|27
|
|t:|1660435962
|switch|p2a: Jolteon|Jolteon, M|83/100
|switch|p1a: Audino|Audino, M|47/100
|
|upkeep
|turn|28
|
|t:|1660435964
|move|p1a: Audino|Protect|p1a: Audino
|-singleturn|p1a: Audino|Protect
|move|p2a: Jolteon|Thunderbolt|p1a: Audino
|-activate|p1a: Audino|move: Protect
|
|upkeep
|turn|29
|
|t:|1660435967
|switch|p1a: Eldegoss|Eldegoss, F|100/100 par
|move|p2a: Jolteon|Thunderbolt|p1a: Eldegoss
|-resisted|p1a: Eldegoss
|-damage|p1a: Eldegoss|71/100 par
|
|upkeep
|turn|30
|
|t:|1660435971
|switch|p2a: Eldegoss|Eldegoss, M|100/100
|move|p1a: Eldegoss|Leech Seed|p2a: Eldegoss
|-immune|p2a: Eldegoss
|
|upkeep
|turn|31
|
|t:|1660435977
|switch|p2a: Doublade|Doublade, M|63/100 slp
|switch|p1a: Duosion|Duosion, F|68/100
|
|upkeep
|turn|32
|
|t:|1660435980
|-curestatus|p2a: Doublade|slp|[msg]
|move|p2a: Doublade|Swords Dance|p2a: Doublade
|-boost|p2a: Doublade|atk|2
|move|p1a: Duosion|Future Sight|p2a: Doublade
|-start|p1a: Duosion|move: Future Sight
|
|upkeep
|turn|33
|
|t:|1660435988
|switch|p1a: Mareanie|Mareanie, F|100/100
|move|p2a: Doublade|Swords Dance|p2a: Doublade
|-boost|p2a: Doublade|atk|2
|
|upkeep
|turn|34
|
|t:|1660435991
|move|p1a: Mareanie|Haze|p1a: Mareanie
|-clearallboost
|move|p2a: Doublade|Iron Head|p1a: Mareanie
|-resisted|p1a: Mareanie
|-damage|p1a: Mareanie|83/100
|
|-end|p2a: Doublade|move: Future Sight
|-resisted|p2a: Doublade
|-damage|p2a: Doublade|35/100
|upkeep
|turn|35
|
|t:|1660435998
|switch|p2a: Jolteon|Jolteon, M|83/100
|move|p1a: Mareanie|Toxic Spikes|p2a: Jolteon
|-sidestart|p2: zoowi|move: Toxic Spikes
|
|upkeep
|turn|36
|
|t:|1660436005
|switch|p1a: Duosion|Duosion, F|100/100
|move|p2a: Jolteon|Volt Switch|p1a: Duosion
|-damage|p1a: Duosion|68/100
|
|t:|1660436007
|switch|p2a: Eldegoss|Eldegoss, M|100/100|[from]move: Volt Switch
|
|upkeep
|turn|37
|
|t:|1660436013
|move|p2a: Eldegoss|Sleep Powder|p1a: Duosion
|-status|p1a: Duosion|slp|[from] move: Sleep Powder
|cant|p1a: Duosion|slp
|
|upkeep
|turn|38
|
|t:|1660436017
|move|p2a: Eldegoss|Rapid Spin|p1a: Duosion
|-damage|p1a: Duosion|61/100 slp
|-boost|p2a: Eldegoss|spe|1
|-sideend|p2: zoowi|Toxic Spikes|[from] move: Rapid Spin|[of] p2a: Eldegoss
|-curestatus|p1a: Duosion|slp|[msg]
|move|p1a: Duosion|Toxic|p2a: Eldegoss
|-status|p2a: Eldegoss|tox
|
|-damage|p2a: Eldegoss|94/100 tox|[from] psn
|upkeep
|turn|39
|
|t:|1660436021
|move|p2a: Eldegoss|Sleep Powder|p1a: Duosion
|-status|p1a: Duosion|slp|[from] move: Sleep Powder
|cant|p1a: Duosion|slp
|
|-damage|p2a: Eldegoss|82/100 tox|[from] psn
|upkeep
|turn|40
|
|t:|1660436024
|switch|p2a: Vanilluxe|Vanilluxe, M|46/100 tox
|-weather|Hail|[from] ability: Snow Warning|[of] p2a: Vanilluxe
|-curestatus|p1a: Duosion|slp|[msg]
|move|p1a: Duosion|Future Sight|p2a: Vanilluxe
|-start|p1a: Duosion|move: Future Sight
|
|-weather|Hail|[upkeep]
|-damage|p1a: Duosion|55/100|[from] Hail
|-damage|p2a: Vanilluxe|40/100 tox|[from] psn
|upkeep
|turn|41
|
|t:|1660436028
|switch|p1a: Audino|Audino, M|80/100
|move|p2a: Vanilluxe|Freeze-Dry|p1a: Audino
|-damage|p1a: Audino|48/100
|
|-weather|Hail|[upkeep]
|-damage|p1a: Audino|41/100|[from] Hail
|-damage|p2a: Vanilluxe|28/100 tox|[from] psn
|upkeep
|turn|42
|
|t:|1660436036
|switch|p2a: Jolteon|Jolteon, M|83/100
|switch|p1a: Duosion|Duosion, F|88/100
|
|-weather|Hail|[upkeep]
|-damage|p2a: Jolteon|77/100|[from] Hail
|-damage|p1a: Duosion|82/100|[from] Hail
|-end|p2a: Jolteon|move: Future Sight
|-damage|p2a: Jolteon|15/100
|upkeep
|turn|43
|
|t:|1660436041
|move|p2a: Jolteon|Thunderbolt|p1a: Duosion
|-damage|p1a: Duosion|42/100
|move|p1a: Duosion|Future Sight|p2a: Jolteon
|-start|p1a: Duosion|move: Future Sight
|
|-weather|Hail|[upkeep]
|-damage|p2a: Jolteon|9/100|[from] Hail
|-damage|p1a: Duosion|36/100|[from] Hail
|upkeep
|turn|44
|
|t:|1660436044
|switch|p2a: Vanilluxe|Vanilluxe, M|28/100 tox
|switch|p1a: Eldegoss|Eldegoss, F|100/100 par
|
|-weather|none
|-damage|p2a: Vanilluxe|22/100 tox|[from] psn
|upkeep
|turn|45
|
|t:|1660436049
|switch|p1a: Audino|Audino, M|75/100
|move|p2a: Vanilluxe|Blizzard|p1a: Audino
|-crit|p1a: Audino
|-damage|p1a: Audino|0 fnt
|faint|p1a: Audino
|
|-end|p2a: Vanilluxe|move: Future Sight
|-damage|p2a: Vanilluxe|0 fnt
|faint|p2a: Vanilluxe
|upkeep
|c|☆Haffling|nooo
|
|t:|1660436063
|switch|p2a: Wishiwashi|Wishiwashi, M|100/100
|switch|p1a: Duosion|Duosion, F|70/100
|-formechange|p2a: Wishiwashi|Wishiwashi-School||[from] ability: Schooling
|turn|46
|
|t:|1660436074
|move|p2a: Wishiwashi|U-turn|p1a: Duosion
|-supereffective|p1a: Duosion
|-damage|p1a: Duosion|22/100
|
|t:|1660436076
|switch|p2a: Doublade|Doublade, M|35/100|[from]move: U-turn
|move|p1a: Duosion|Future Sight|p2a: Doublade
|-start|p1a: Duosion|move: Future Sight
|
|upkeep
|turn|47
|
|t:|1660436081
|switch|p2a: Wishiwashi|Wishiwashi, M|100/100
|-formechange|p2a: Wishiwashi|Wishiwashi-School||[from] ability: Schooling
|switch|p1a: Mareanie|Mareanie, F|100/100
|
|upkeep
|turn|48
|
|t:|1660436083
|move|p1a: Mareanie|Toxic Spikes|p2a: Wishiwashi
|-sidestart|p2: zoowi|move: Toxic Spikes
|move|p2a: Wishiwashi|Scald|p1a: Mareanie
|-resisted|p1a: Mareanie
|-damage|p1a: Mareanie|80/100
|-status|p1a: Mareanie|brn
|
|-end|p2a: Wishiwashi|move: Future Sight
|-damage|p2a: Wishiwashi|58/100
|-heal|p2a: Wishiwashi|64/100|[from] item: Leftovers
|-damage|p1a: Mareanie|74/100 brn|[from] brn
|upkeep
|turn|49
|
|t:|1660436089
|move|p1a: Mareanie|Recover|p1a: Mareanie
|-heal|p1a: Mareanie|100/100 brn
|move|p2a: Wishiwashi|U-turn|p1a: Mareanie
|-resisted|p1a: Mareanie
|-damage|p1a: Mareanie|93/100 brn
|
|t:|1660436093
|switch|p2a: Eldegoss|Eldegoss, M|100/100 tox|[from]move: U-turn
|
|-damage|p2a: Eldegoss|94/100 tox|[from] psn
|-damage|p1a: Mareanie|87/100 brn|[from] brn
|upkeep
|turn|50
|
|t:|1660436102
|switch|p1a: Duosion|Duosion, F|55/100
|move|p2a: Eldegoss|Rapid Spin|p1a: Duosion
|-damage|p1a: Duosion|48/100
|-boost|p2a: Eldegoss|spe|1
|-sideend|p2: zoowi|Toxic Spikes|[from] move: Rapid Spin|[of] p2a: Eldegoss
|
|-damage|p2a: Eldegoss|82/100 tox|[from] psn
|upkeep
|turn|51
|
|t:|1660436112
|move|p2a: Eldegoss|Leech Seed|p1a: Duosion
|-start|p1a: Duosion|move: Leech Seed
|move|p1a: Duosion|Recover|p1a: Duosion
|-heal|p1a: Duosion|98/100
|
|-damage|p1a: Duosion|86/100|[from] Leech Seed|[of] p2a: Eldegoss
|-heal|p2a: Eldegoss|95/100 tox|[silent]
|-damage|p2a: Eldegoss|76/100 tox|[from] psn
|upkeep
|turn|52
|
|t:|1660436118
|switch|p2a: Jolteon|Jolteon, M|9/100
|switch|p1a: Mienfoo|Mienfoo, M, shiny|71/100
|
|upkeep
|turn|53
|
|t:|1660436123
|switch|p2a: Doublade|Doublade, M|35/100
|switch|p1a: Eldegoss|Eldegoss, F|100/100 par
|
|upkeep
|turn|54
|
|t:|1660436127
|move|p2a: Doublade|Iron Head|p1a: Eldegoss
|-damage|p1a: Eldegoss|67/100 par
|cant|p1a: Eldegoss|par
|
|upkeep
|turn|55
|
|t:|1660436135
|switch|p1a: Mareanie|Mareanie, F|100/100 brn
|move|p2a: Doublade|Iron Head|p1a: Mareanie
|-resisted|p1a: Mareanie
|-damage|p1a: Mareanie|85/100 brn
|
|-damage|p1a: Mareanie|79/100 brn|[from] brn
|upkeep
|turn|56
|
|t:|1660436138
|switch|p2a: Eldegoss|Eldegoss, M|100/100 tox
|move|p1a: Mareanie|Toxic Spikes|p2a: Eldegoss
|-sidestart|p2: zoowi|move: Toxic Spikes
|
|-damage|p2a: Eldegoss|94/100 tox|[from] psn
|-damage|p1a: Mareanie|73/100 brn|[from] brn
|upkeep
|turn|57
|
|t:|1660436142
|switch|p1a: Duosion|Duosion, F|100/100
|move|p2a: Eldegoss|Leech Seed|p1a: Duosion
|-start|p1a: Duosion|move: Leech Seed
|
|-damage|p1a: Duosion|88/100|[from] Leech Seed|[of] p2a: Eldegoss
|-heal|p2a: Eldegoss|100/100 tox|[silent]
|-damage|p2a: Eldegoss|88/100 tox|[from] psn
|upkeep
|turn|58
|
|t:|1660436145
|move|p2a: Eldegoss|Sleep Powder|p1a: Duosion
|-status|p1a: Duosion|slp|[from] move: Sleep Powder
|cant|p1a: Duosion|slp
|
|-damage|p1a: Duosion|76/100 slp|[from] Leech Seed|[of] p2a: Eldegoss
|-heal|p2a: Eldegoss|100/100 tox|[silent]
|-damage|p2a: Eldegoss|82/100 tox|[from] psn
|upkeep
|turn|59
|
|t:|1660436148
|switch|p1a: Mienfoo|Mienfoo, M, shiny|100/100
|move|p2a: Eldegoss|Rapid Spin|p1a: Mienfoo
|-damage|p1a: Mienfoo|92/100
|-boost|p2a: Eldegoss|spe|1
|-sideend|p2: zoowi|Toxic Spikes|[from] move: Rapid Spin|[of] p2a: Eldegoss
|
|-damage|p2a: Eldegoss|57/100 tox|[from] psn
|upkeep
|turn|60
|
|t:|1660436154
|switch|p2a: Doublade|Doublade, M|35/100
|move|p1a: Mienfoo|Knock Off|p2a: Doublade
|-supereffective|p2a: Doublade
|-damage|p2a: Doublade|14/100
|-enditem|p2a: Doublade|Eviolite|[from] move: Knock Off|[of] p1a: Mienfoo
|
|upkeep
|turn|61
|
|t:|1660436162
|switch|p2a: Eldegoss|Eldegoss, M|91/100 tox
|move|p1a: Mienfoo|Knock Off|p2a: Eldegoss
|-damage|p2a: Eldegoss|69/100 tox
|-enditem|p2a: Eldegoss|Heavy-Duty Boots|[from] move: Knock Off|[of] p1a: Mienfoo
|
|-damage|p2a: Eldegoss|63/100 tox|[from] psn
|upkeep
|turn|62
|
|t:|1660436168
|move|p1a: Mienfoo|U-turn|p2a: Eldegoss
|-supereffective|p2a: Eldegoss
|-damage|p2a: Eldegoss|32/100 tox
|
|t:|1660436172
|switch|p1a: Duosion|Duosion, F|100/100 slp|[from]move: U-turn
|move|p2a: Eldegoss|Leech Seed|p1a: Duosion
|-start|p1a: Duosion|move: Leech Seed
|
|-damage|p1a: Duosion|88/100 slp|[from] Leech Seed|[of] p2a: Eldegoss
|-heal|p2a: Eldegoss|45/100 tox|[silent]
|-damage|p2a: Eldegoss|33/100 tox|[from] psn
|upkeep
|turn|63
|
|t:|1660436178
|switch|p2a: Doublade|Doublade, M|14/100
|switch|p1a: Mienfoo|Mienfoo, M, shiny|100/100
|
|upkeep
|turn|64
|
|t:|1660436181
|switch|p2a: Eldegoss|Eldegoss, M|66/100 tox
|move|p1a: Mienfoo|Knock Off|p2a: Eldegoss
|-damage|p2a: Eldegoss|50/100 tox
|
|-damage|p2a: Eldegoss|44/100 tox|[from] psn
|upkeep
|turn|65
|
|t:|1660436184
|switch|p2a: Doublade|Doublade, M|14/100
|move|p1a: Mienfoo|Taunt|p2a: Doublade
|-start|p2a: Doublade|move: Taunt
|
|upkeep
|turn|66
|
|t:|1660436188
|switch|p2a: Eldegoss|Eldegoss, M|77/100 tox
|move|p1a: Mienfoo|Knock Off|p2a: Eldegoss
|-damage|p2a: Eldegoss|61/100 tox
|
|-damage|p2a: Eldegoss|55/100 tox|[from] psn
|upkeep
|turn|67
|
|t:|1660436193
|move|p1a: Mienfoo|Close Combat|p2a: Eldegoss
|-damage|p2a: Eldegoss|14/100 tox
|-unboost|p1a: Mienfoo|def|1
|-unboost|p1a: Mienfoo|spd|1
|move|p2a: Eldegoss|Leech Seed|p1a: Mienfoo
|-start|p1a: Mienfoo|move: Leech Seed
|
|-damage|p1a: Mienfoo|88/100|[from] Leech Seed|[of] p2a: Eldegoss
|-heal|p2a: Eldegoss|25/100 tox|[silent]
|-damage|p2a: Eldegoss|13/100 tox|[from] psn
|upkeep
|turn|68
|
|t:|1660436198
|switch|p2a: Wishiwashi|Wishiwashi, M|64/100
|-formechange|p2a: Wishiwashi|Wishiwashi-School||[from] ability: Schooling
|move|p1a: Mienfoo|U-turn|p2a: Wishiwashi
|-damage|p2a: Wishiwashi|55/100
|
|t:|1660436202
|switch|p1a: Corsola|Corsola, M|100/100|[from]move: U-turn
|
|-heal|p2a: Wishiwashi|61/100|[from] item: Leftovers
|upkeep
|turn|69
|
|t:|1660436206
|move|p1a: Corsola|Stealth Rock|p2a: Wishiwashi
|-sidestart|p2: zoowi|move: Stealth Rock
|move|p2a: Wishiwashi|Scald|p1a: Corsola
|-damage|p1a: Corsola|64/100
|-status|p1a: Corsola|brn
|
|-heal|p2a: Wishiwashi|67/100|[from] item: Leftovers
|-damage|p1a: Corsola|58/100 brn|[from] brn
|upkeep
|turn|70
|
|t:|1660436213
|move|p1a: Corsola|Recover|p1a: Corsola
|-heal|p1a: Corsola|100/100 brn
|move|p2a: Wishiwashi|Scald|p1a: Corsola
|-damage|p1a: Corsola|62/100 brn
|
|-heal|p2a: Wishiwashi|73/100|[from] item: Leftovers
|-damage|p1a: Corsola|56/100 brn|[from] brn
|upkeep
|turn|71
|
|t:|1660436218
|switch|p1a: Duosion|Duosion, F|100/100 slp
|move|p2a: Wishiwashi|Scald|p1a: Duosion
|-damage|p1a: Duosion|77/100 slp
|
|-heal|p2a: Wishiwashi|79/100|[from] item: Leftovers
|upkeep
|turn|72
|
|t:|1660436222
|-curestatus|p1a: Duosion|slp|[msg]
|move|p1a: Duosion|Future Sight|p2a: Wishiwashi
|-start|p1a: Duosion|move: Future Sight
|move|p2a: Wishiwashi|Scald|p1a: Duosion
|-damage|p1a: Duosion|53/100
|
|-heal|p2a: Wishiwashi|86/100|[from] item: Leftovers
|upkeep
|turn|73
|
|t:|1660436226
|move|p2a: Wishiwashi|U-turn|p1a: Duosion
|-supereffective|p1a: Duosion
|-damage|p1a: Duosion|5/100
|
|t:|1660436229
|switch|p2a: Eldegoss|Eldegoss, M|46/100 tox|[from]move: U-turn
|-damage|p2a: Eldegoss|34/100 tox|[from] Stealth Rock
|move|p1a: Duosion|Recover|p1a: Duosion
|-heal|p1a: Duosion|55/100
|
|-damage|p2a: Eldegoss|28/100 tox|[from] psn
|upkeep
|turn|74
|
|t:|1660436234
|switch|p2a: Wishiwashi|Wishiwashi, M|86/100
|-damage|p2a: Wishiwashi|73/100|[from] Stealth Rock
|-formechange|p2a: Wishiwashi|Wishiwashi-School||[from] ability: Schooling
|move|p1a: Duosion|Recover|p1a: Duosion
|-heal|p1a: Duosion|100/100
|
|-end|p2a: Wishiwashi|move: Future Sight
|-damage|p2a: Wishiwashi|27/100
|-heal|p2a: Wishiwashi|33/100|[from] item: Leftovers
|upkeep
|turn|75
|
|t:|1660436237
|move|p2a: Wishiwashi|Scald|p1a: Duosion
|-damage|p1a: Duosion|76/100
|move|p1a: Duosion|Future Sight|p2a: Wishiwashi
|-start|p1a: Duosion|move: Future Sight
|
|-heal|p2a: Wishiwashi|39/100|[from] item: Leftovers
|upkeep
|turn|76
|
|t:|1660436242
|move|p1a: Duosion|Recover|p1a: Duosion
|-heal|p1a: Duosion|100/100
|move|p2a: Wishiwashi|Scald|p1a: Duosion
|-damage|p1a: Duosion|76/100
|-status|p1a: Duosion|brn
|
|-heal|p2a: Wishiwashi|45/100|[from] item: Leftovers
|-damage|p1a: Duosion|70/100 brn|[from] brn
|upkeep
|turn|77
|
|t:|1660436250
|switch|p1a: Mienfoo|Mienfoo, M, shiny|100/100
|move|p2a: Wishiwashi|Rest|p2a: Wishiwashi
|-status|p2a: Wishiwashi|slp|[from] move: Rest
|-heal|p2a: Wishiwashi|100/100 slp|[silent]
|
|-end|p2a: Wishiwashi|move: Future Sight
|-damage|p2a: Wishiwashi|57/100 slp
|-heal|p2a: Wishiwashi|63/100 slp|[from] item: Leftovers
|upkeep
|turn|78
|
|t:|1660436253
|move|p1a: Mienfoo|Knock Off|p2a: Wishiwashi
|-damage|p2a: Wishiwashi|50/100 slp
|-enditem|p2a: Wishiwashi|Leftovers|[from] move: Knock Off|[of] p1a: Mienfoo
|cant|p2a: Wishiwashi|slp
|move|p2a: Wishiwashi|Sleep Talk|p2a: Wishiwashi
|move|p2a: Wishiwashi|Scald|p1a: Mienfoo|[from]move: Sleep Talk
|-damage|p1a: Mienfoo|48/100
|
|upkeep
|turn|79
|
|t:|1660436255
|move|p1a: Mienfoo|Taunt|p2a: Wishiwashi
|-start|p2a: Wishiwashi|move: Taunt
|cant|p2a: Wishiwashi|slp
|cant|p2a: Wishiwashi|move: Taunt|Sleep Talk
|
|upkeep
|turn|80
|
|t:|1660436258
|move|p1a: Mienfoo|U-turn|p2a: Wishiwashi
|-damage|p2a: Wishiwashi|40/100 slp
|
|t:|1660436262
|switch|p1a: Eldegoss|Eldegoss, F|100/100 par|[from]move: U-turn
|-curestatus|p2a: Wishiwashi|slp|[msg]
|move|p2a: Wishiwashi|Scald|p1a: Eldegoss
|-resisted|p1a: Eldegoss
|-damage|p1a: Eldegoss|85/100 par
|
|upkeep
|turn|81
|
|t:|1660436265
|move|p2a: Wishiwashi|U-turn|p1a: Eldegoss
|-supereffective|p1a: Eldegoss
|-damage|p1a: Eldegoss|56/100 par
|
|t:|1660436267
|switch|p2a: Eldegoss|Eldegoss, M|61/100 tox|[from]move: U-turn
|-damage|p2a: Eldegoss|49/100 tox|[from] Stealth Rock
|move|p1a: Eldegoss|Grass Knot|p2a: Eldegoss
|-resisted|p2a: Eldegoss
|-damage|p2a: Eldegoss|47/100 tox
|
|-damage|p2a: Eldegoss|41/100 tox|[from] psn
|upkeep
|turn|82
|
|t:|1660436273
|switch|p1a: Mienfoo|Mienfoo, M, shiny|81/100
|move|p2a: Eldegoss|Rapid Spin|p1a: Mienfoo
|-damage|p1a: Mienfoo|74/100
|-boost|p2a: Eldegoss|spe|1
|-sideend|p2: zoowi|Stealth Rock|[from] move: Rapid Spin|[of] p2a: Eldegoss
|
|-damage|p2a: Eldegoss|28/100 tox|[from] psn
|upkeep
|turn|83
|
|t:|1660436280
|switch|p2a: Wishiwashi|Wishiwashi, M|40/100
|-formechange|p2a: Wishiwashi|Wishiwashi-School||[from] ability: Schooling
|move|p1a: Mienfoo|Close Combat|p2a: Wishiwashi
|-damage|p2a: Wishiwashi|17/100
|-unboost|p1a: Mienfoo|def|1
|-unboost|p1a: Mienfoo|spd|1
|
|-formechange|p2a: Wishiwashi|Wishiwashi||[from] ability: Schooling
|upkeep
|turn|84
|
|t:|1660436285
|switch|p2a: Doublade|Doublade, M|14/100
|move|p1a: Mienfoo|Knock Off|p2a: Doublade
|-supereffective|p2a: Doublade
|-damage|p2a: Doublade|0 fnt
|faint|p2a: Doublade
|
|upkeep
|
|t:|1660436286
|switch|p2a: Jolteon|Jolteon, M|9/100
|turn|85
|
|t:|1660436294
|switch|p1a: Eldegoss|Eldegoss, F|89/100 par
|move|p2a: Jolteon|Shadow Ball|p1a: Eldegoss
|-damage|p1a: Eldegoss|54/100 par
|
|upkeep
|turn|86
|j|+Roonie217
|
|t:|1660436300
|move|p2a: Jolteon|Shadow Ball|p1a: Eldegoss
|-damage|p1a: Eldegoss|21/100 par
|-unboost|p1a: Eldegoss|spd|1
|move|p1a: Eldegoss|Grass Knot|p2a: Jolteon
|-damage|p2a: Jolteon|0 fnt
|faint|p2a: Jolteon
|
|upkeep
|
|t:|1660436303
|switch|p2a: Wishiwashi|Wishiwashi, M|17/100
|turn|87
|
|t:|1660436311
|move|p2a: Wishiwashi|Rest|p2a: Wishiwashi
|-status|p2a: Wishiwashi|slp|[from] move: Rest
|-heal|p2a: Wishiwashi|100/100 slp|[silent]
|move|p1a: Eldegoss|Leech Seed|p2a: Wishiwashi
|-start|p2a: Wishiwashi|move: Leech Seed
|
|-damage|p2a: Wishiwashi|88/100 slp|[from] Leech Seed|[of] p1a: Eldegoss
|-heal|p1a: Eldegoss|33/100 par|[silent]
|-formechange|p2a: Wishiwashi|Wishiwashi-School||[from] ability: Schooling
|upkeep
|turn|88
|
|t:|1660436316
|switch|p1a: Duosion|Duosion, F|100/100 brn
|cant|p2a: Wishiwashi|slp
|move|p2a: Wishiwashi|Sleep Talk|p2a: Wishiwashi
|move|p2a: Wishiwashi|Rest||[from]move: Sleep Talk|[still]
|-fail|p2a: Wishiwashi
|
|-damage|p2a: Wishiwashi|76/100 slp|[from] Leech Seed|[of] p1a: Duosion
|-damage|p1a: Duosion|95/100 brn|[from] brn
|upkeep
|turn|89
|
|t:|1660436319
|move|p1a: Duosion|Future Sight|p2a: Wishiwashi
|-start|p1a: Duosion|move: Future Sight
|cant|p2a: Wishiwashi|slp
|move|p2a: Wishiwashi|Sleep Talk|p2a: Wishiwashi
|move|p2a: Wishiwashi|U-turn|p1a: Duosion|[from]move: Sleep Talk
|-supereffective|p1a: Duosion
|-damage|p1a: Duosion|47/100 brn
|
|t:|1660436321
|switch|p2a: Eldegoss|Eldegoss, M|62/100 tox|[from]move: U-turn
|
|-damage|p2a: Eldegoss|55/100 tox|[from] psn
|-damage|p1a: Duosion|41/100 brn|[from] brn
|upkeep
|turn|90
|
|t:|1660436326
|switch|p1a: Eldegoss|Eldegoss, F|66/100 par
|move|p2a: Eldegoss|Giga Drain|p1a: Eldegoss
|-resisted|p1a: Eldegoss
|-damage|p1a: Eldegoss|57/100 par
|-heal|p2a: Eldegoss|60/100 tox|[from] drain|[of] p1a: Eldegoss
|
|-damage|p2a: Eldegoss|48/100 tox|[from] psn
|upkeep
|turn|91
|
|t:|1660436330
|move|p2a: Eldegoss|Giga Drain|p1a: Eldegoss
|-resisted|p1a: Eldegoss
|-damage|p1a: Eldegoss|47/100 par
|-heal|p2a: Eldegoss|53/100 tox|[from] drain|[of] p1a: Eldegoss
|cant|p1a: Eldegoss|par
|
|-end|p2a: Eldegoss|move: Future Sight
|-damage|p2a: Eldegoss|17/100 tox
|-damage|p2a: Eldegoss|0 fnt|[from] psn
|faint|p2a: Eldegoss
|upkeep
|
|t:|1660436332
|switch|p2a: Wishiwashi|Wishiwashi, M|76/100 slp
|-formechange|p2a: Wishiwashi|Wishiwashi-School||[from] ability: Schooling
|turn|92
|c|☆zoowi|woof lol
|c| joey milktank|Regen to the top 🏆
|
|t:|1660436345
|-curestatus|p2a: Wishiwashi|slp|[msg]
|move|p2a: Wishiwashi|U-turn|p1a: Eldegoss
|-supereffective|p1a: Eldegoss
|-damage|p1a: Eldegoss|14/100 par
|move|p1a: Eldegoss|Leech Seed|p2a: Wishiwashi
|-start|p2a: Wishiwashi|move: Leech Seed
|
|-damage|p2a: Wishiwashi|64/100|[from] Leech Seed|[of] p1a: Eldegoss
|-heal|p1a: Eldegoss|25/100 par|[silent]
|upkeep
|turn|93
|
|t:|1660436350
|switch|p1a: Mareanie|Mareanie, F|100/100 brn
|move|p2a: Wishiwashi|U-turn|p1a: Mareanie
|-resisted|p1a: Mareanie
|-damage|p1a: Mareanie|93/100 brn
|
|-damage|p2a: Wishiwashi|52/100|[from] Leech Seed|[of] p1a: Mareanie
|-heal|p1a: Mareanie|100/100 brn|[silent]
|-damage|p1a: Mareanie|95/100 brn|[from] brn
|upkeep
|turn|94
|
|t:|1660436356
|switch|p1a: Duosion|Duosion, F|74/100 brn
|move|p2a: Wishiwashi|Scald|p1a: Duosion
|-damage|p1a: Duosion|49/100 brn
|
|-damage|p2a: Wishiwashi|39/100|[from] Leech Seed|[of] p1a: Duosion
|-heal|p1a: Duosion|60/100 brn|[silent]
|-damage|p1a: Duosion|54/100 brn|[from] brn
|upkeep
|turn|95
|
|t:|1660436361
|switch|p1a: Mienfoo|Mienfoo, M, shiny|100/100
|move|p2a: Wishiwashi|U-turn|p1a: Mienfoo
|-resisted|p1a: Mienfoo
|-damage|p1a: Mienfoo|88/100
|
|-damage|p2a: Wishiwashi|27/100|[from] Leech Seed|[of] p1a: Mienfoo
|-heal|p1a: Mienfoo|99/100|[silent]
|upkeep
|turn|96
|
|t:|1660436363
|move|p1a: Mienfoo|Taunt|p2a: Wishiwashi
|-start|p2a: Wishiwashi|move: Taunt
|move|p2a: Wishiwashi|Scald|p1a: Mienfoo
|-damage|p1a: Mienfoo|52/100
|-status|p1a: Mienfoo|brn
|
|-damage|p2a: Wishiwashi|15/100|[from] Leech Seed|[of] p1a: Mienfoo
|-heal|p1a: Mienfoo|64/100 brn|[silent]
|-damage|p1a: Mienfoo|58/100 brn|[from] brn
|-formechange|p2a: Wishiwashi|Wishiwashi||[from] ability: Schooling
|upkeep
|turn|97
|
|t:|1660436366
|move|p1a: Mienfoo|Close Combat|p2a: Wishiwashi
|-damage|p2a: Wishiwashi|0 fnt
|-unboost|p1a: Mienfoo|def|1
|-unboost|p1a: Mienfoo|spd|1
|faint|p2a: Wishiwashi
|
|win|Haffling
|n|☆Haffling|haffling
|n|☆zoowi|zoowi
|n| isabela000◥▶_◀◤|isabela000
|n| joey milktank|joeymilktank
|n| ekelelellee|ekelelellee
|n| Roonie217|roonie217
|l|☆zoowi
|c|☆Haffling|gg
|l| isabela000◥▶_◀◤
