|j|☆70to90gxe
|j|☆IDM Blim✔️
|t:|1656292249
|gametype|singles
|player|p1|70to90gxe|lucas|
|player|p2|IDM Blim✔️|#bltviiiturtwigs|
|teamsize|p1|6
|teamsize|p2|6
|gen|8
|tier|[Gen 8] PU
|rule|Sleep Clause Mod: Limit one foe put to sleep
|rule|Species Clause: Limit one of each Pokémon
|rule|OHKO Clause: OHKO moves are banned
|rule|Evasion Moves Clause: Evasion moves are banned
|rule|Endless Battle Clause: Forcing endless battles is banned
|rule|HP Percentage Mod: HP is shown in percentages
|rule|Dynamax Clause: You cannot dynamax
|clearpoke
|poke|p1|Sandaconda, F|
|poke|p1|Ferroseed, M|
|poke|p1|Hattrem, F|
|poke|p1|Jellicent, M|
|poke|p1|Silvally-*|
|poke|p1|Archeops, F|
|poke|p2|Charizard, F|
|poke|p2|Togedemaru, M|
|poke|p2|Wishiwashi, F|
|poke|p2|Trevenant, M|
|poke|p2|Ribombee, F|
|poke|p2|Regirock|
|teampreview
|c|☆IDM Blim✔️|hf
|c|☆70to90gxe|Hf
|c|☆IDM Blim✔️|ill link
|c|☆IDM Blim✔️|1 sec
|c|☆70to90gxe|Kk
|j|+tjay
|c|☆IDM Blim✔️|les go!!!!
|j| bdov
|j| TEAM CHARM
|c|+tjay|go blim!
|j| new jersey jerseys
|j| Dunoks
|inactive|Battle timer is ON: inactive players will automatically lose when time's up. (requested by IDM Blim✔️)
|j| wesh papillon
|j| blce
|j| hjkhj ㋛
|l| blce
|inactive|IDM Blim✔️ has 270 seconds left.
|j| imjustgray
|c| imjustgray|BLIM
|c|☆70to90gxe|GRAY
|j| Surfy
|c| new jersey jerseys|BLIM
|j| plunder@!
|c| imjustgray|sorry gxe
|inactive|IDM Blim✔️ has 240 seconds left.
|c|☆70to90gxe|:(
|
|t:|1656292354
|start
|switch|p1a: Jellicent|Jellicent, M|100/100
|switch|p2a: Wishiwashi|Wishiwashi, F|100/100
|-formechange|p2a: Wishiwashi|Wishiwashi-School||[from] ability: Schooling
|turn|1
|
|t:|1656292362
|move|p1a: Jellicent|Shadow Ball|p2a: Wishiwashi
|-damage|p2a: Wishiwashi|62/100
|-unboost|p2a: Wishiwashi|spd|1
|move|p2a: Wishiwashi|U-turn|p1a: Jellicent
|-resisted|p1a: Jellicent
|-damage|p1a: Jellicent|85/100
|
|t:|1656292380
|switch|p2a: Togedemaru|Togedemaru, M|100/100|[from]move: U-turn
|
|upkeep
|turn|2
|
|t:|1656292389
|switch|p1a: Ferroseed|Ferroseed, M|100/100
|move|p2a: Togedemaru|U-turn|p1a: Ferroseed
|-damage|p1a: Ferroseed|89/100
|-damage|p2a: Togedemaru|88/100|[from] ability: Iron Barbs|[of] p1a: Ferroseed
|inactive|IDM Blim✔️ has 270 seconds left.
|
|t:|1656292422
|switch|p2a: Trevenant|Trevenant, M|100/100|[from]move: U-turn
|
|upkeep
|turn|3
|
|t:|1656292427
|move|p2a: Trevenant|Substitute|p2a: Trevenant
|-start|p2a: Trevenant|Substitute
|-damage|p2a: Trevenant|75/100
|move|p1a: Ferroseed|Knock Off|p2a: Trevenant
|-supereffective|p2a: Trevenant
|-end|p2a: Trevenant|Substitute
|
|upkeep
|turn|4
|
|t:|1656292432
|move|p2a: Trevenant|Substitute|p2a: Trevenant
|-start|p2a: Trevenant|Substitute
|-damage|p2a: Trevenant|50/100
|-enditem|p2a: Trevenant|Sitrus Berry|[eat]
|-heal|p2a: Trevenant|75/100|[from] item: Sitrus Berry
|move|p1a: Ferroseed|Knock Off|p2a: Trevenant
|-supereffective|p2a: Trevenant
|-activate|p2a: Trevenant|move: Substitute|[damage]
|
|upkeep
|turn|5
|
|t:|1656292442
|move|p2a: Trevenant|Drain Punch|p1a: Ferroseed
|-supereffective|p1a: Ferroseed
|-damage|p1a: Ferroseed|53/100
|-heal|p2a: Trevenant|92/100|[from] drain|[of] p1a: Ferroseed
|-damage|p2a: Trevenant|80/100|[from] ability: Iron Barbs|[of] p1a: Ferroseed
|move|p1a: Ferroseed|Knock Off|p2a: Trevenant
|-supereffective|p2a: Trevenant
|-end|p2a: Trevenant|Substitute
|
|-item|p2a: Trevenant|Sitrus Berry|[from] ability: Harvest
|upkeep
|turn|6
|
|t:|1656292450
|switch|p1a: Silvally|Silvally-Fairy|100/100
|move|p2a: Trevenant|Substitute|p2a: Trevenant
|-start|p2a: Trevenant|Substitute
|-damage|p2a: Trevenant|55/100
|
|upkeep
|turn|7
|
|t:|1656292462
|move|p1a: Silvally|Multi-Attack|p2a: Trevenant
|-end|p2a: Trevenant|Substitute
|move|p2a: Trevenant|Wood Hammer|p1a: Silvally
|-damage|p1a: Silvally|30/100
|-damage|p2a: Trevenant|30/100|[from] Recoil
|-enditem|p2a: Trevenant|Sitrus Berry|[eat]
|-heal|p2a: Trevenant|56/100|[from] item: Sitrus Berry
|
|-item|p2a: Trevenant|Sitrus Berry|[from] ability: Harvest
|upkeep
|turn|8
|
|t:|1656292477
|switch|p1a: Jellicent|Jellicent, M|85/100
|switch|p2a: Regirock|Regirock|100/100
|
|upkeep
|turn|9
|j| blce
|l| blce
|inactive|70to90gxe has 270 seconds left.
|
|t:|1656292508
|switch|p2a: Togedemaru|Togedemaru, M|88/100
|move|p1a: Jellicent|Water Spout|p2a: Togedemaru
|-crit|p2a: Togedemaru
|-damage|p2a: Togedemaru|0 fnt
|faint|p2a: Togedemaru
|
|upkeep
|inactive|IDM Blim✔️ has 270 seconds left.
|j| NDLT SLAYER
|inactive|IDM Blim✔️ has 240 seconds left.
|l| TEAM CHARM
|l| Surfy
|inactive|IDM Blim✔️ has 210 seconds left.
|
|t:|1656292606
|switch|p2a: Trevenant|Trevenant, M|56/100
|turn|10
|
|t:|1656292611
|move|p1a: Jellicent|Water Spout|p2a: Trevenant
|-resisted|p2a: Trevenant
|-crit|p2a: Trevenant
|-damage|p2a: Trevenant|0 fnt
|faint|p2a: Trevenant
|
|upkeep
|j| TEAM CHARM
|l| NDLT SLAYER
|
|t:|1656292635
|switch|p2a: Ribombee|Ribombee, F|100/100
|turn|11
|
|t:|1656292640
|switch|p1a: Ferroseed|Ferroseed, M|53/100
|move|p2a: Ribombee|Moonblast|p1a: Ferroseed
|-resisted|p1a: Ferroseed
|-damage|p1a: Ferroseed|37/100
|
|upkeep
|turn|12
|l| TEAM CHARM
|
|t:|1656292654
|switch|p2a: Regirock|Regirock|100/100
|move|p1a: Ferroseed|Gyro Ball|p2a: Regirock
|-supereffective|p2a: Regirock
|-damage|p2a: Regirock|75/100
|
|-heal|p2a: Regirock|81/100|[from] item: Leftovers
|upkeep
|turn|13
|
|t:|1656292659
|switch|p1a: Hattrem|Hattrem, F|100/100
|move|p2a: Regirock|Rock Blast|p1a: Hattrem
|-damage|p1a: Hattrem|95/100
|-damage|p1a: Hattrem|89/100
|-damage|p1a: Hattrem|83/100
|-damage|p1a: Hattrem|76/100
|-hitcount|p1a: Hattrem|4
|
|-heal|p2a: Regirock|87/100|[from] item: Leftovers
|upkeep
|turn|14
|j| TEAM CHARM
|
|t:|1656292676
|move|p2a: Regirock|Rock Blast|p1a: Hattrem
|-damage|p1a: Hattrem|69/100
|-damage|p1a: Hattrem|63/100
|-damage|p1a: Hattrem|57/100
|-hitcount|p1a: Hattrem|3
|move|p1a: Hattrem|Nuzzle|p2a: Regirock
|-damage|p2a: Regirock|86/100
|-status|p2a: Regirock|par
|
|-heal|p2a: Regirock|92/100 par|[from] item: Leftovers
|upkeep
|turn|15
|
|t:|1656292687
|switch|p2a: Charizard|Charizard, F|100/100
|move|p1a: Hattrem|Giga Drain|p2a: Charizard
|-resisted|p2a: Charizard
|-damage|p2a: Charizard|97/100
|-heal|p1a: Hattrem|60/100|[from] drain|[of] p2a: Charizard
|
|upkeep
|turn|16
|
|t:|1656292695
|switch|p1a: Archeops|Archeops, F|100/100
|move|p2a: Charizard|Flamethrower|p1a: Archeops
|-resisted|p1a: Archeops
|-damage|p1a: Archeops|75/100
|
|upkeep
|turn|17
|
|t:|1656292702
|switch|p2a: Regirock|Regirock|92/100 par
|move|p1a: Archeops|U-turn|p2a: Regirock
|-damage|p2a: Regirock|80/100 par
|
|t:|1656292704
|switch|p1a: Jellicent|Jellicent, M|85/100|[from]move: U-turn
|
|-heal|p2a: Regirock|86/100 par|[from] item: Leftovers
|upkeep
|turn|18
|inactive|IDM Blim✔️ has 210 seconds left.
|
|t:|1656292723
|switch|p2a: Wishiwashi|Wishiwashi, F|62/100
|-formechange|p2a: Wishiwashi|Wishiwashi-School||[from] ability: Schooling
|move|p1a: Jellicent|Water Spout|p2a: Wishiwashi
|-resisted|p2a: Wishiwashi
|-damage|p2a: Wishiwashi|28/100
|
|-heal|p2a: Wishiwashi|35/100|[from] item: Leftovers
|upkeep
|turn|19
|inactive|IDM Blim✔️ has 210 seconds left.
|
|t:|1656292729
|move|p1a: Jellicent|Water Spout|p2a: Wishiwashi
|-resisted|p2a: Wishiwashi
|-damage|p2a: Wishiwashi|5/100
|move|p2a: Wishiwashi|Rest|p2a: Wishiwashi
|-status|p2a: Wishiwashi|slp|[from] move: Rest
|-heal|p2a: Wishiwashi|100/100 slp|[silent]
|
|upkeep
|turn|20
|
|t:|1656292733
|switch|p1a: Hattrem|Hattrem, F|60/100
|cant|p2a: Wishiwashi|slp
|move|p2a: Wishiwashi|Sleep Talk|p2a: Wishiwashi
|move|p2a: Wishiwashi|U-turn|p1a: Hattrem|[from]move: Sleep Talk
|-supereffective|p1a: Hattrem
|-damage|p1a: Hattrem|30/100
|inactive|IDM Blim✔️ has 210 seconds left.
|l| TEAM CHARM
|inactive|IDM Blim✔️ has 180 seconds left.
|j| TEAM CHARM
|l| TEAM CHARM
|inactive|IDM Blim✔️ has 150 seconds left.
|
|t:|1656292824
|switch|p2a: Charizard|Charizard, F|97/100|[from]move: U-turn
|
|upkeep
|turn|21
|j|+micoy
|j| TEAM CHARM
|
|t:|1656292833
|switch|p1a: Archeops|Archeops, F|75/100
|move|p2a: Charizard|Flamethrower|p1a: Archeops
|-resisted|p1a: Archeops
|-damage|p1a: Archeops|49/100
|
|upkeep
|turn|22
|
|t:|1656292841
|switch|p2a: Regirock|Regirock|86/100 par
|move|p1a: Archeops|Roost|p1a: Archeops
|-heal|p1a: Archeops|99/100
|-singleturn|p1a: Archeops|move: Roost
|
|-heal|p2a: Regirock|92/100 par|[from] item: Leftovers
|upkeep
|turn|23
|inactive|IDM Blim✔️ has 150 seconds left.
|
|t:|1656292847
|move|p1a: Archeops|U-turn|p2a: Regirock
|-damage|p2a: Regirock|81/100 par
|
|t:|1656292850
|switch|p1a: Hattrem|Hattrem, F|30/100|[from]move: U-turn
|move|p2a: Regirock|Rock Blast|p1a: Hattrem
|-damage|p1a: Hattrem|24/100
|-damage|p1a: Hattrem|18/100
|-hitcount|p1a: Hattrem|2
|
|-heal|p2a: Regirock|87/100 par|[from] item: Leftovers
|upkeep
|turn|24
|
|t:|1656292859
|switch|p2a: Charizard|Charizard, F|97/100
|move|p1a: Hattrem|Healing Wish|p1a: Hattrem
|faint|p1a: Hattrem
|
|upkeep
|
|t:|1656292860
|switch|p1a: Ferroseed|Ferroseed, M|37/100
|-heal|p1a: Ferroseed|100/100|[from] move: Healing Wish
|turn|25
|
|t:|1656292865
|switch|p1a: Archeops|Archeops, F|99/100
|move|p2a: Charizard|Toxic|p1a: Archeops
|-status|p1a: Archeops|tox
|
|-damage|p1a: Archeops|93/100 tox|[from] psn
|upkeep
|turn|26
|inactive|IDM Blim✔️ has 180 seconds left.
|j| PokeArt2004❤
|
|t:|1656292873
|switch|p2a: Regirock|Regirock|87/100 par
|move|p1a: Archeops|U-turn|p2a: Regirock
|-damage|p2a: Regirock|75/100 par
|
|t:|1656292875
|switch|p1a: Jellicent|Jellicent, M|85/100|[from]move: U-turn
|
|-heal|p2a: Regirock|81/100 par|[from] item: Leftovers
|upkeep
|turn|27
|
|t:|1656292882
|switch|p2a: Wishiwashi|Wishiwashi, F|100/100 slp
|-formechange|p2a: Wishiwashi|Wishiwashi-School||[from] ability: Schooling
|move|p1a: Jellicent|Shadow Ball|p2a: Wishiwashi
|-damage|p2a: Wishiwashi|59/100 slp
|
|-heal|p2a: Wishiwashi|65/100 slp|[from] item: Leftovers
|upkeep
|turn|28
|
|t:|1656292889
|move|p1a: Jellicent|Shadow Ball|p2a: Wishiwashi
|-damage|p2a: Wishiwashi|22/100 slp
|cant|p2a: Wishiwashi|slp
|move|p2a: Wishiwashi|Sleep Talk|p2a: Wishiwashi
|move|p2a: Wishiwashi|Rest||[from]move: Sleep Talk|[still]
|-fail|p2a: Wishiwashi
|
|-heal|p2a: Wishiwashi|28/100 slp|[from] item: Leftovers
|upkeep
|turn|29
|
|t:|1656292907
|move|p1a: Jellicent|Shadow Ball|p2a: Wishiwashi
|-damage|p2a: Wishiwashi|0 fnt
|faint|p2a: Wishiwashi
|
|upkeep
|
|t:|1656292908
|switch|p2a: Ribombee|Ribombee, F|100/100
|turn|30
|
|t:|1656292912
|switch|p1a: Ferroseed|Ferroseed, M|100/100
|move|p2a: Ribombee|Moonblast|p1a: Ferroseed
|-resisted|p1a: Ferroseed
|-damage|p1a: Ferroseed|86/100
|-unboost|p1a: Ferroseed|spa|1
|
|upkeep
|turn|31
|
|t:|1656292919
|switch|p2a: Charizard|Charizard, F|97/100
|move|p1a: Ferroseed|Leech Seed|p2a: Charizard
|-start|p2a: Charizard|move: Leech Seed
|
|-damage|p2a: Charizard|84/100|[from] Leech Seed|[of] p1a: Ferroseed
|-heal|p1a: Ferroseed|100/100|[silent]
|upkeep
|turn|32
|
|t:|1656292924
|switch|p2a: Ribombee|Ribombee, F|100/100
|switch|p1a: Jellicent|Jellicent, M|85/100
|
|upkeep
|turn|33
|
|t:|1656292929
|switch|p1a: Ferroseed|Ferroseed, M|100/100
|move|p2a: Ribombee|Moonblast|p1a: Ferroseed
|-resisted|p1a: Ferroseed
|-damage|p1a: Ferroseed|84/100
|
|upkeep
|turn|34
|inactive|IDM Blim✔️ has 240 seconds left.
|
|t:|1656292936
|move|p2a: Ribombee|Moonblast|p1a: Ferroseed
|-resisted|p1a: Ferroseed
|-damage|p1a: Ferroseed|70/100
|move|p1a: Ferroseed|Leech Seed|p2a: Ribombee
|-start|p2a: Ribombee|move: Leech Seed
|
|-damage|p2a: Ribombee|88/100|[from] Leech Seed|[of] p1a: Ferroseed
|-heal|p1a: Ferroseed|81/100|[silent]
|upkeep
|turn|35
|
|t:|1656292941
|switch|p2a: Charizard|Charizard, F|84/100
|move|p1a: Ferroseed|Leech Seed|p2a: Charizard
|-start|p2a: Charizard|move: Leech Seed
|
|-damage|p2a: Charizard|72/100|[from] Leech Seed|[of] p1a: Ferroseed
|-heal|p1a: Ferroseed|96/100|[silent]
|upkeep
|turn|36
|
|t:|1656292947
|switch|p2a: Ribombee|Ribombee, F|88/100
|switch|p1a: Jellicent|Jellicent, M|85/100
|
|upkeep
|turn|37
|
|t:|1656292953
|switch|p2a: Regirock|Regirock|81/100 par
|switch|p1a: Ferroseed|Ferroseed, M|96/100
|
|-heal|p2a: Regirock|87/100 par|[from] item: Leftovers
|upkeep
|turn|38
|
|t:|1656292962
|switch|p1a: Jellicent|Jellicent, M|85/100
|cant|p2a: Regirock|par
|
|-heal|p2a: Regirock|93/100 par|[from] item: Leftovers
|upkeep
|turn|39
|l| TEAM CHARM
|j| TEAM CHARM
|
|t:|1656292986
|move|p1a: Jellicent|Water Spout|p2a: Regirock
|-supereffective|p2a: Regirock
|-damage|p2a: Regirock|0 fnt
|faint|p2a: Regirock
|
|upkeep
|
|t:|1656292988
|switch|p2a: Ribombee|Ribombee, F|88/100
|turn|40
|
|t:|1656292992
|switch|p1a: Ferroseed|Ferroseed, M|96/100
|move|p2a: Ribombee|Moonblast|p1a: Ferroseed
|-resisted|p1a: Ferroseed
|-damage|p1a: Ferroseed|80/100
|
|upkeep
|turn|41
|inactive|IDM Blim✔️ has 270 seconds left.
|
|t:|1656292999
|switch|p2a: Charizard|Charizard, F|72/100
|move|p1a: Ferroseed|Gyro Ball|p2a: Charizard
|-resisted|p2a: Charizard
|-damage|p2a: Charizard|55/100
|
|upkeep
|turn|42
|
|t:|1656293016
|switch|p2a: Ribombee|Ribombee, F|88/100
|switch|p1a: Silvally|Silvally-Fairy|30/100
|
|upkeep
|turn|43
|
|t:|1656293025
|switch|p1a: Ferroseed|Ferroseed, M|80/100
|move|p2a: Ribombee|Moonblast|p1a: Ferroseed
|-resisted|p1a: Ferroseed
|-damage|p1a: Ferroseed|66/100
|-unboost|p1a: Ferroseed|spa|1
|
|upkeep
|turn|44
|
|t:|1656293044
|switch|p2a: Charizard|Charizard, F|55/100
|move|p1a: Ferroseed|Leech Seed|p2a: Charizard
|-start|p2a: Charizard|move: Leech Seed
|
|-damage|p2a: Charizard|43/100|[from] Leech Seed|[of] p1a: Ferroseed
|-heal|p1a: Ferroseed|81/100|[silent]
|upkeep
|turn|45
|
|t:|1656293047
|switch|p2a: Ribombee|Ribombee, F|88/100
|switch|p1a: Archeops|Archeops, F|93/100 tox
|
|-damage|p1a: Archeops|87/100 tox|[from] psn
|upkeep
|turn|46
|
|t:|1656293053
|move|p2a: Ribombee|Moonblast|p1a: Archeops
|-damage|p1a: Archeops|27/100 tox
|move|p1a: Archeops|Stone Edge|p2a: Ribombee
|-supereffective|p2a: Ribombee
|-damage|p2a: Ribombee|3/100
|
|-damage|p1a: Archeops|14/100 tox|[from] psn
|upkeep
|turn|47
|
|t:|1656293067
|switch|p1a: Jellicent|Jellicent, M|85/100
|move|p2a: Ribombee|Moonblast|p1a: Jellicent
|-damage|p1a: Jellicent|48/100
|
|upkeep
|turn|48
|j| userawesome
|
|t:|1656293075
|move|p2a: Ribombee|Moonblast|p1a: Jellicent
|-damage|p1a: Jellicent|12/100
|move|p1a: Jellicent|Shadow Ball|p2a: Ribombee
|-damage|p2a: Ribombee|0 fnt
|faint|p2a: Ribombee
|
|upkeep
|
|t:|1656293078
|switch|p2a: Charizard|Charizard, F|43/100
|turn|49
|
|t:|1656293088
|move|p2a: Charizard|Roost|p2a: Charizard
|-heal|p2a: Charizard|93/100
|-singleturn|p2a: Charizard|move: Roost
|move|p1a: Jellicent|Shadow Ball|p2a: Charizard
|-damage|p2a: Charizard|46/100
|
|upkeep
|turn|50
|
|t:|1656293091
|move|p2a: Charizard|Roost|p2a: Charizard
|-heal|p2a: Charizard|96/100
|-singleturn|p2a: Charizard|move: Roost
|move|p1a: Jellicent|Shadow Ball|p2a: Charizard
|-damage|p2a: Charizard|49/100
|-unboost|p2a: Charizard|spd|1
|
|upkeep
|turn|51
|
|t:|1656293094
|move|p2a: Charizard|Flamethrower|p1a: Jellicent
|-resisted|p1a: Jellicent
|-damage|p1a: Jellicent|0 fnt
|faint|p1a: Jellicent
|
|upkeep
|
|t:|1656293096
|switch|p1a: Archeops|Archeops, F|14/100 tox
|turn|52
|
|t:|1656293099
|move|p1a: Archeops|Roost|p1a: Archeops
|-heal|p1a: Archeops|64/100 tox
|-singleturn|p1a: Archeops|move: Roost
|move|p2a: Charizard|Flamethrower|p1a: Archeops
|-resisted|p1a: Archeops
|-damage|p1a: Archeops|39/100 tox
|
|-damage|p1a: Archeops|32/100 tox|[from] psn
|upkeep
|turn|53
|l| Dunoks
|
|t:|1656293103
|move|p1a: Archeops|Roost|p1a: Archeops
|-heal|p1a: Archeops|83/100 tox
|-singleturn|p1a: Archeops|move: Roost
|move|p2a: Charizard|Flamethrower|p1a: Archeops
|-resisted|p1a: Archeops
|-damage|p1a: Archeops|57/100 tox
|
|-damage|p1a: Archeops|44/100 tox|[from] psn
|upkeep
|turn|54
|
|t:|1656293107
|switch|p1a: Silvally|Silvally-Fairy|30/100
|move|p2a: Charizard|Flamethrower|p1a: Silvally
|-damage|p1a: Silvally|0 fnt
|faint|p1a: Silvally
|
|upkeep
|
|t:|1656293108
|switch|p1a: Archeops|Archeops, F|44/100 tox
|turn|55
|
|t:|1656293112
|move|p1a: Archeops|Roost|p1a: Archeops
|-heal|p1a: Archeops|95/100 tox
|-singleturn|p1a: Archeops|move: Roost
|move|p2a: Charizard|Roost|p2a: Charizard
|-heal|p2a: Charizard|99/100
|-singleturn|p2a: Charizard|move: Roost
|
|-damage|p1a: Archeops|88/100 tox|[from] psn
|upkeep
|turn|56
|
|t:|1656293115
|move|p1a: Archeops|Stone Edge|p2a: Charizard
|-supereffective|p2a: Charizard
|-damage|p2a: Charizard|0 fnt
|faint|p2a: Charizard
|
|win|70to90gxe
|c|☆IDM Blim✔️|gg wp
|l| TEAM CHARM
|c|☆70to90gxe|gg
|l|☆IDM Blim✔️
|j| Z Strats
|l| userawesome
|l|+micoy
|l| Z Strats
|l|☆70to90gxe
|l| imjustgray
|l| plunder
|l| bdov
|l| new jersey jerseys
