|j|☆Kyanno
|j|☆Heracross2.0
|t:|1651331692
|gametype|singles
|player|p1|Kyanno|gladion-stance|
|player|p2|Heracross2.0|klara|
|teamsize|p1|6
|teamsize|p2|6
|gen|8
|tier|[Gen 8] PU
|rated|Tournament battle
|rule|Sleep Clause Mod: Limit one foe put to sleep
|rule|Species Clause: Limit one of each Pokémon
|rule|OHKO Clause: OHKO moves are banned
|rule|Evasion Moves Clause: Evasion moves are banned
|rule|Endless Battle Clause: Forcing endless battles is banned
|rule|HP Percentage Mod: HP is shown in percentages
|rule|Dynamax Clause: You cannot dynamax
|clearpoke
|poke|p1|Lycanroc-Midnight, M|
|poke|p1|Gigalith, M|
|poke|p1|Scyther, F|
|poke|p1|Skuntank, M|
|poke|p1|Aggron, F|
|poke|p1|Whimsicott, M|
|poke|p2|Gallade, M|
|poke|p2|Togedemaru, F|
|poke|p2|Eldegoss, F|
|poke|p2|Regirock|
|poke|p2|Quagsire, M|
|poke|p2|Jellicent, M|
|teampreview
|inactive|Battle timer is ON: inactive players will automatically lose when time's up. (requested by Kyanno)
|c|☆Heracross2.0|Hf
|c|☆Kyanno|u2
|inactive|Kyanno has 120 seconds left.
|inactive|Kyanno has 90 seconds left.
|
|t:|1651331756
|start
|switch|p1a: Denial|Skuntank, M|100/100
|switch|p2a: ün ün ün|Regirock|100/100
|turn|1
|
|t:|1651331765
|move|p1a: Denial|Taunt|p2a: ün ün ün
|-start|p2a: ün ün ün|move: Taunt
|cant|p2a: ün ün ün|move: Taunt|Stealth Rock
|
|upkeep
|turn|2
|
|t:|1651331782
|switch|p1a: Mama Odie|Whimsicott, M|100/100
|move|p2a: ün ün ün|Rock Blast|p1a: Mama Odie
|-damage|p1a: Mama Odie|90/100
|-damage|p1a: Mama Odie|78/100
|-hitcount|p1a: Mama Odie|2
|
|upkeep
|turn|3
|
|t:|1651331787
|switch|p2a: To Ge De Me|Togedemaru, F|100/100
|move|p1a: Mama Odie|Knock Off|p2a: To Ge De Me
|-damage|p2a: To Ge De Me|79/100
|-enditem|p2a: To Ge De Me|Leftovers|[from] move: Knock Off|[of] p1a: Mama Odie
|
|upkeep
|turn|4
|
|t:|1651331802
|switch|p1a: Goliath|Aggron, F|100/100
|move|p2a: To Ge De Me|U-turn|p1a: Goliath
|-resisted|p1a: Goliath
|-damage|p1a: Goliath|95/100
|
|t:|1651331816
|switch|p2a: Gelitan|Jellicent, M|100/100|[from]move: U-turn
|
|upkeep
|turn|5
|
|t:|1651331829
|switch|p1a: Mama Odie|Whimsicott, M|78/100
|move|p2a: Gelitan|Water Spout|p1a: Mama Odie
|-resisted|p1a: Mama Odie
|-damage|p1a: Mama Odie|20/100
|
|upkeep
|turn|6
|
|t:|1651331857
|switch|p1a: Goliath|Aggron, F|95/100
|switch|p2a: To Ge De Me|Togedemaru, F|79/100
|
|upkeep
|turn|7
|inactive|Kyanno has 120 seconds left.
|j| Gabezacian44
|j| ziris10
|
|t:|1651331899
|move|p2a: To Ge De Me|U-turn|p1a: Goliath
|-resisted|p1a: Goliath
|-damage|p1a: Goliath|89/100
|l|☆Heracross2.0
|inactive|Heracross2.0 disconnected and has a minute to reconnect!
|player|p2|
|l| ziris10
|j|☆Heracross2.0
|inactive|Heracross2.0 reconnected and has 145 seconds left.
|player|p2|Heracross2.0|klara
|
|t:|1651331910
|switch|p2a: ün ün ün|Regirock|100/100|[from]move: U-turn
|move|p1a: Goliath|Superpower|p2a: ün ün ün
|-supereffective|p2a: ün ün ün
|-damage|p2a: ün ün ün|46/100
|-unboost|p1a: Goliath|atk|1
|-unboost|p1a: Goliath|def|1
|
|-heal|p2a: ün ün ün|52/100|[from] item: Leftovers
|upkeep
|turn|8
|
|t:|1651331917
|switch|p1a: Mama Odie|Whimsicott, M|20/100
|move|p2a: ün ün ün|Stealth Rock|p1a: Mama Odie
|-sidestart|p1: Kyanno|move: Stealth Rock
|
|-heal|p2a: ün ün ün|58/100|[from] item: Leftovers
|upkeep
|turn|9
|
|t:|1651331925
|switch|p2a: To Ge De Me|Togedemaru, F|79/100
|move|p1a: Mama Odie|Giga Drain|p2a: To Ge De Me
|-resisted|p2a: To Ge De Me
|-damage|p2a: To Ge De Me|69/100
|-heal|p1a: Mama Odie|25/100|[from] drain|[of] p2a: To Ge De Me
|
|upkeep
|turn|10
|inactive|Kyanno has 90 seconds left.
|
|t:|1651331956
|move|p1a: Mama Odie|Giga Drain|p2a: To Ge De Me
|-resisted|p2a: To Ge De Me
|-damage|p2a: To Ge De Me|59/100
|-heal|p1a: Mama Odie|30/100|[from] drain|[of] p2a: To Ge De Me
|move|p2a: To Ge De Me|Iron Head|p1a: Mama Odie
|-supereffective|p1a: Mama Odie
|-damage|p1a: Mama Odie|0 fnt
|faint|p1a: Mama Odie
|
|upkeep
|inactive|Kyanno has 90 seconds left.
|inactive|Kyanno has 60 seconds left.
|
|t:|1651331994
|switch|p1a: Goliath|Aggron, F|89/100
|-damage|p1a: Goliath|83/100|[from] Stealth Rock
|turn|11
|inactive|Kyanno has 60 seconds left.
|
|t:|1651332016
|move|p2a: To Ge De Me|Spiky Shield|p2a: To Ge De Me
|-singleturn|p2a: To Ge De Me|move: Protect
|move|p1a: Goliath|Head Smash|p2a: To Ge De Me
|-activate|p2a: To Ge De Me|move: Protect
|-damage|p1a: Goliath|70/100|[from] Spiky Shield|[of] p2a: To Ge De Me
|
|upkeep
|turn|12
|
|t:|1651332025
|move|p2a: To Ge De Me|U-turn|p1a: Goliath
|-resisted|p1a: Goliath
|-damage|p1a: Goliath|65/100
|
|t:|1651332028
|switch|p2a: Sire|Quagsire, M|100/100|[from]move: U-turn
|move|p1a: Goliath|Head Smash|p2a: Sire
|-resisted|p2a: Sire
|-damage|p2a: Sire|59/100
|-damage|p1a: Goliath|48/100|[from] item: Rocky Helmet|[of] p2a: Sire
|
|upkeep
|turn|13
|inactive|Kyanno has 60 seconds left.
|
|t:|1651332039
|switch|p1a: Blade Runner|Scyther, F, shiny|100/100
|move|p2a: Sire|Recover|p2a: Sire
|-heal|p2a: Sire|100/100
|
|upkeep
|turn|14
|
|t:|1651332042
|switch|p2a: ün ün ün|Regirock|58/100
|move|p1a: Blade Runner|Knock Off|p2a: ün ün ün
|-damage|p2a: ün ün ün|46/100
|-enditem|p2a: ün ün ün|Leftovers|[from] move: Knock Off|[of] p1a: Blade Runner
|
|upkeep
|turn|15
|
|t:|1651332047
|move|p1a: Blade Runner|U-turn|p2a: ün ün ün
|-damage|p2a: ün ün ün|31/100
|
|t:|1651332050
|switch|p1a: Goliath|Aggron, F|48/100|[from]move: U-turn
|-damage|p1a: Goliath|42/100|[from] Stealth Rock
|move|p2a: ün ün ün|Rock Blast|p1a: Goliath
|-resisted|p1a: Goliath
|-damage|p1a: Goliath|39/100
|-resisted|p1a: Goliath
|-damage|p1a: Goliath|36/100
|-hitcount|p1a: Goliath|2
|
|upkeep
|turn|16
|inactive|Kyanno has 90 seconds left.
|
|t:|1651332065
|switch|p2a: Edelgard|Eldegoss, F, shiny|100/100
|move|p1a: Goliath|Head Smash|p2a: Edelgard|[miss]
|-miss|p1a: Goliath|p2a: Edelgard
|
|upkeep
|turn|17
|
|t:|1651332072
|move|p1a: Goliath|Head Smash|p2a: Edelgard
|-damage|p2a: Edelgard|0 fnt
|faint|p2a: Edelgard
|
|upkeep
|
|t:|1651332074
|switch|p2a: Gelitan|Jellicent, M|100/100
|turn|18
|inactive|Kyanno has 90 seconds left.
|l| Gabezacian44
|inactive|Kyanno has 60 seconds left.
|
|t:|1651332123
|move|p2a: Gelitan|Water Spout|p1a: Goliath
|-supereffective|p1a: Goliath
|-damage|p1a: Goliath|0 fnt
|faint|p1a: Goliath
|
|upkeep
|
|t:|1651332126
|switch|p1a: Crystal|Gigalith, M, shiny|100/100
|-damage|p1a: Crystal|88/100|[from] Stealth Rock
|-weather|Sandstorm|[from] ability: Sand Stream|[of] p1a: Crystal
|turn|19
|inactive|Kyanno has 60 seconds left.
|
|t:|1651332157
|move|p1a: Crystal|Protect|p1a: Crystal
|-singleturn|p1a: Crystal|Protect
|move|p2a: Gelitan|Water Spout|p1a: Crystal
|-activate|p1a: Crystal|move: Protect
|
|-weather|Sandstorm|[upkeep]
|-damage|p2a: Gelitan|94/100|[from] Sandstorm
|-heal|p1a: Crystal|94/100|[from] item: Leftovers
|upkeep
|turn|20
|
|t:|1651332176
|move|p2a: Gelitan|Water Spout|p1a: Crystal
|-supereffective|p1a: Crystal
|-damage|p1a: Crystal|0 fnt
|faint|p1a: Crystal
|
|-weather|Sandstorm|[upkeep]
|-damage|p2a: Gelitan|88/100|[from] Sandstorm
|upkeep
|
|t:|1651332182
|switch|p1a: Denial|Skuntank, M|100/100
|-damage|p1a: Denial|88/100|[from] Stealth Rock
|turn|21
|c|☆Kyanno|dang i was hoping you wouldnt get the roll XD
|
|t:|1651332203
|switch|p2a: ün ün ün|Regirock|31/100
|move|p1a: Denial|Sucker Punch||[still]
|-fail|p1a: Denial
|
|-weather|Sandstorm|[upkeep]
|-damage|p1a: Denial|82/100|[from] Sandstorm
|-heal|p1a: Denial|88/100|[from] item: Black Sludge
|upkeep
|turn|22
|
|t:|1651332209
|move|p1a: Denial|Sucker Punch|p2a: ün ün ün
|-damage|p2a: ün ün ün|17/100
|move|p2a: ün ün ün|Rock Blast|p1a: Denial
|-damage|p1a: Denial|76/100
|-damage|p1a: Denial|64/100
|-damage|p1a: Denial|51/100
|-damage|p1a: Denial|39/100
|-damage|p1a: Denial|28/100
|-hitcount|p1a: Denial|5
|
|-weather|Sandstorm|[upkeep]
|-damage|p1a: Denial|22/100|[from] Sandstorm
|-heal|p1a: Denial|28/100|[from] item: Black Sludge
|upkeep
|turn|23
|
|t:|1651332214
|move|p1a: Denial|Defog|p2a: ün ün ün
|-fail|p2a: ün ün ün|unboost|[from] ability: Clear Body|[of] p2a: ün ün ün
|-sideend|p1: Kyanno|Stealth Rock|[from] move: Defog|[of] p1a: Denial
|move|p2a: ün ün ün|Body Press|p1a: Denial
|-damage|p1a: Denial|0 fnt
|-damage|p2a: ün ün ün|0 fnt|[from] ability: Aftermath|[of] p1a: Denial
|faint|p1a: Denial
|faint|p2a: ün ün ün
|
|-weather|none
|upkeep
|
|t:|1651332225
|switch|p1a: Chetney|Lycanroc-Midnight, M|100/100
|switch|p2a: To Ge De Me|Togedemaru, F|59/100
|turn|24
|inactive|Kyanno has 30 seconds left.
|
|t:|1651332258
|switch|p2a: Sire|Quagsire, M|100/100
|move|p1a: Chetney|Close Combat|p2a: Sire
|-damage|p2a: Sire|71/100
|-unboost|p1a: Chetney|def|1
|-unboost|p1a: Chetney|spd|1
|-damage|p1a: Chetney|84/100|[from] item: Rocky Helmet|[of] p2a: Sire
|
|upkeep
|turn|25
|
|t:|1651332263
|switch|p1a: Blade Runner|Scyther, F, shiny|100/100
|move|p2a: Sire|Recover|p2a: Sire
|-heal|p2a: Sire|100/100
|
|upkeep
|turn|26
|
|t:|1651332270
|switch|p2a: To Ge De Me|Togedemaru, F|59/100
|move|p1a: Blade Runner|Swords Dance|p1a: Blade Runner
|-boost|p1a: Blade Runner|atk|2
|
|upkeep
|turn|27
|inactive|Kyanno has 30 seconds left.
|
|t:|1651332300
|switch|p2a: Gelitan|Jellicent, M|88/100
|move|p1a: Blade Runner|Knock Off|p2a: Gelitan
|-supereffective|p2a: Gelitan
|-damage|p2a: Gelitan|0 fnt
|-enditem|p2a: Gelitan|Choice Specs|[from] move: Knock Off|[of] p1a: Blade Runner
|faint|p2a: Gelitan
|
|upkeep
|
|t:|1651332302
|switch|p2a: Sire|Quagsire, M|100/100
|turn|28
|
|t:|1651332307
|move|p1a: Blade Runner|Dual Wingbeat|p2a: Sire
|-damage|p2a: Sire|79/100
|-damage|p1a: Blade Runner|84/100|[from] item: Rocky Helmet|[of] p2a: Sire
|-damage|p2a: Sire|60/100
|-damage|p1a: Blade Runner|68/100|[from] item: Rocky Helmet|[of] p2a: Sire
|-hitcount|p2a: Sire|2
|move|p2a: Sire|Scald|p1a: Blade Runner
|-damage|p1a: Blade Runner|42/100
|-status|p1a: Blade Runner|brn
|
|-damage|p1a: Blade Runner|36/100 brn|[from] brn
|upkeep
|turn|29
|c|☆Heracross2.0|Gg
|
|t:|1651332326
|move|p1a: Blade Runner|Dual Wingbeat|p2a: Sire
|-damage|p2a: Sire|50/100
|-damage|p1a: Blade Runner|20/100 brn|[from] item: Rocky Helmet|[of] p2a: Sire
|-damage|p2a: Sire|41/100
|-damage|p1a: Blade Runner|3/100 brn|[from] item: Rocky Helmet|[of] p2a: Sire
|-hitcount|p2a: Sire|2
|move|p2a: Sire|Recover|p2a: Sire
|-heal|p2a: Sire|91/100
|
|-damage|p1a: Blade Runner|0 fnt|[from] brn
|faint|p1a: Blade Runner
|upkeep
|
|t:|1651332330
|switch|p1a: Chetney|Lycanroc-Midnight, M|84/100
|turn|30
|
|t:|1651332338
|move|p1a: Chetney|Crunch|p2a: Sire
|-damage|p2a: Sire|74/100
|-damage|p1a: Chetney|68/100|[from] item: Rocky Helmet|[of] p2a: Sire
|move|p2a: Sire|Scald|p1a: Chetney
|-supereffective|p1a: Chetney
|-damage|p1a: Chetney|19/100
|
|upkeep
|turn|31
|c|☆Kyanno|gg
|
|t:|1651332343
|move|p1a: Chetney|Crunch|p2a: Sire
|-damage|p2a: Sire|55/100
|-unboost|p2a: Sire|def|1
|-damage|p1a: Chetney|3/100|[from] item: Rocky Helmet|[of] p2a: Sire
|move|p2a: Sire|Earthquake|p1a: Chetney
|-supereffective|p1a: Chetney
|-damage|p1a: Chetney|0 fnt
|faint|p1a: Chetney
|
|win|Heracross2.0
|n|☆Kyanno|kyanno
|n|☆Heracross2.0|heracross20
