|j|☆Mia Karst
|j|☆drud ladder pu 2
|t:|1616926074
|player|p1|Mia Karst|jasmine-gen2|1507
|player|p2|drud ladder pu 2|richboy-gen4|1313
|teamsize|p1|6
|teamsize|p2|6
|gametype|singles
|gen|8
|tier|[Gen 8] PU
|rated|
|clearpoke
|poke|p1|Druddigon, M|
|poke|p1|Togedemaru, M|
|poke|p1|Scrafty, M|
|poke|p1|Garbodor, F|
|poke|p1|Vanilluxe, M|
|poke|p1|Talonflame, F|
|poke|p2|Runerigus, F|
|poke|p2|Vikavolt, F|
|poke|p2|Clawitzer, M|
|poke|p2|Sandslash-Alola, F|
|poke|p2|Archeops, F|
|poke|p2|Passimian, M|
|rule|Sleep Clause Mod: Limit one foe put to sleep
|rule|Species Clause: Limit one of each Pokémon
|rule|OHKO Clause: OHKO moves are banned
|rule|Evasion Moves Clause: Evasion moves are banned
|rule|Endless Battle Clause: Forcing endless battles is banned
|rule|HP Percentage Mod: HP is shown in percentages
|rule|Dynamax Clause: You cannot dynamax
|teampreview
|
|t:|1616926103
|start
|switch|p1a: Garbodor|Garbodor, F|100/100
|switch|p2a: Clawitzer|Clawitzer, M|100/100
|turn|1
|
|t:|1616926117
|switch|p1a: Scrafty|Scrafty, M|100/100
|move|p2a: Clawitzer|Water Pulse|p1a: Scrafty
|-damage|p1a: Scrafty|53/100
|
|-heal|p1a: Scrafty|59/100|[from] item: Leftovers
|upkeep
|turn|2
|
|t:|1616926136
|switch|p2a: Runerigus|Runerigus, F|100/100
|move|p1a: Scrafty|Drain Punch|p2a: Runerigus
|-immune|p2a: Runerigus
|
|-heal|p1a: Scrafty|65/100|[from] item: Leftovers
|upkeep
|turn|3
|
|t:|1616926143
|switch|p1a: Druddigon|Druddigon, M|100/100
|move|p2a: Runerigus|Stealth Rock|p1a: Druddigon
|-sidestart|p1: Mia Karst|move: Stealth Rock
|
|upkeep
|turn|4
|
|t:|1616926148
|move|p1a: Druddigon|Stealth Rock|p2a: Runerigus
|-sidestart|p2: drud ladder pu 2|move: Stealth Rock
|move|p2a: Runerigus|Toxic Spikes|p1a: Druddigon
|-sidestart|p1: Mia Karst|move: Toxic Spikes
|
|upkeep
|turn|5
|
|t:|1616926155
|move|p2a: Runerigus|Earthquake|p1a: Druddigon
|-damage|p1a: Druddigon|75/100
|move|p1a: Druddigon|Dragon Tail|p2a: Runerigus
|-damage|p2a: Runerigus|85/100
|-activate|p2a: Runerigus|ability: Wandering Spirit|Rough Skin|Wandering Spirit|[of] p1a: Druddigon
|drag|p2a: Passimian|Passimian, M|100/100
|-damage|p2a: Passimian|94/100|[from] Stealth Rock
|
|upkeep
|turn|6
|
|t:|1616926169
|switch|p1a: Garbodor|Garbodor, F|100/100
|-sideend|p1: Mia Karst|move: Toxic Spikes|[of] p1a: Garbodor
|-damage|p1a: Garbodor|88/100|[from] Stealth Rock
|move|p2a: Passimian|U-turn|p1a: Garbodor
|-resisted|p1a: Garbodor
|-damage|p1a: Garbodor|80/100
|-damage|p2a: Passimian|78/100|[from] item: Rocky Helmet|[of] p1a: Garbodor
|j| Planktocosm
|
|t:|1616926172
|switch|p2a: Clawitzer|Clawitzer, M|100/100|[from]move: U-turn
|-damage|p2a: Clawitzer|88/100|[from] Stealth Rock
|
|upkeep
|turn|7
|
|t:|1616926182
|move|p2a: Clawitzer|Water Pulse|p1a: Garbodor
|-damage|p1a: Garbodor|5/100
|move|p1a: Garbodor|Spikes|p2a: Clawitzer
|-sidestart|p2: drud ladder pu 2|Spikes
|
|upkeep
|turn|8
|
|t:|1616926188
|move|p2a: Clawitzer|Water Pulse|p1a: Garbodor
|-damage|p1a: Garbodor|0 fnt
|faint|p1a: Garbodor
|
|upkeep
|
|t:|1616926189
|switch|p1a: Vanilluxe|Vanilluxe, M|100/100
|-weather|Hail|[from] ability: Snow Warning|[of] p1a: Vanilluxe
|turn|9
|
|t:|1616926195
|switch|p1a: Talonflame|Talonflame, F|100/100
|switch|p2a: Sandslash|Sandslash-Alola, F|100/100
|-damage|p2a: Sandslash|88/100|[from] Stealth Rock
|-damage|p2a: Sandslash|76/100|[from] Spikes
|
|-weather|Hail|[upkeep]
|-damage|p1a: Talonflame|94/100|[from] Hail
|upkeep
|turn|10
|
|t:|1616926200
|move|p2a: Sandslash|Rapid Spin|p1a: Talonflame
|-damage|p1a: Talonflame|77/100
|-boost|p2a: Sandslash|spe|1
|-sideend|p2: drud ladder pu 2|Spikes|[from] move: Rapid Spin|[of] p2a: Sandslash
|-sideend|p2: drud ladder pu 2|Stealth Rock|[from] move: Rapid Spin|[of] p2a: Sandslash
|move|p1a: Talonflame|Flare Blitz|p2a: Sandslash
|-supereffective|p2a: Sandslash
|-damage|p2a: Sandslash|0 fnt
|-damage|p1a: Talonflame|57/100|[from] Recoil
|faint|p2a: Sandslash
|
|-weather|Hail|[upkeep]
|-damage|p1a: Talonflame|50/100|[from] Hail
|upkeep
|
|t:|1616926204
|switch|p2a: Clawitzer|Clawitzer, M|88/100
|turn|11
|l| Planktocosm
|
|t:|1616926215
|move|p1a: Talonflame|U-turn|p2a: Clawitzer
|-damage|p2a: Clawitzer|71/100
|
|t:|1616926220
|switch|p1a: Scrafty|Scrafty, M|65/100|[from]move: U-turn
|-damage|p1a: Scrafty|59/100|[from] Stealth Rock
|move|p2a: Clawitzer|Water Pulse|p1a: Scrafty
|-damage|p1a: Scrafty|7/100
|
|-weather|Hail|[upkeep]
|-damage|p2a: Clawitzer|65/100|[from] Hail
|-damage|p1a: Scrafty|0 fnt|[from] Hail
|faint|p1a: Scrafty
|upkeep
|j| SesshomaruDogFarts
|
|t:|1616926224
|switch|p1a: Vanilluxe|Vanilluxe, M|100/100
|turn|12
|
|t:|1616926251
|switch|p2a: Archeops|Archeops, F|100/100
|move|p1a: Vanilluxe|Freeze-Dry|p2a: Archeops
|-supereffective|p2a: Archeops
|-damage|p2a: Archeops|0 fnt
|faint|p2a: Archeops
|
|-weather|Hail|[upkeep]
|upkeep
|
|t:|1616926262
|switch|p2a: Passimian|Passimian, M|78/100
|turn|13
|
|t:|1616926268
|move|p1a: Vanilluxe|Protect|p1a: Vanilluxe
|-singleturn|p1a: Vanilluxe|Protect
|move|p2a: Passimian|Close Combat|p1a: Vanilluxe
|-activate|p1a: Vanilluxe|move: Protect
|
|-weather|none
|upkeep
|turn|14
|
|t:|1616926275
|switch|p2a: Vikavolt|Vikavolt, F|100/100
|switch|p1a: Druddigon|Druddigon, M|75/100
|-damage|p1a: Druddigon|63/100|[from] Stealth Rock
|
|upkeep
|turn|15
|
|t:|1616926289
|move|p2a: Vikavolt|Bug Buzz|p1a: Druddigon
|-damage|p1a: Druddigon|16/100
|-unboost|p1a: Druddigon|spd|1
|move|p1a: Druddigon|Dragon Tail|p2a: Vikavolt|[miss]
|-miss|p1a: Druddigon|p2a: Vikavolt
|
|upkeep
|turn|16
|
|t:|1616926307
|switch|p1a: Togedemaru|Togedemaru, M|100/100
|-damage|p1a: Togedemaru|95/100|[from] Stealth Rock
|move|p2a: Vikavolt|Bug Buzz|p1a: Togedemaru
|-resisted|p1a: Togedemaru
|-damage|p1a: Togedemaru|54/100
|
|upkeep
|turn|17
|
|t:|1616926313
|move|p1a: Togedemaru|U-turn|p2a: Vikavolt
|-damage|p2a: Vikavolt|82/100
|
|t:|1616926316
|switch|p1a: Druddigon|Druddigon, M|16/100|[from]move: U-turn
|-damage|p1a: Druddigon|4/100|[from] Stealth Rock
|move|p2a: Vikavolt|Volt Switch|p1a: Druddigon
|-resisted|p1a: Druddigon
|-crit|p1a: Druddigon
|-damage|p1a: Druddigon|0 fnt
|faint|p1a: Druddigon
|
|t:|1616926323
|switch|p2a: Passimian|Passimian, M|78/100|[from]move: Volt Switch
|
|upkeep
|
|t:|1616926329
|switch|p1a: Talonflame|Talonflame, F|50/100
|turn|18
|
|t:|1616926337
|move|p2a: Passimian|Gunk Shot|p1a: Talonflame
|-damage|p1a: Talonflame|4/100
|move|p1a: Talonflame|Roost|p1a: Talonflame
|-heal|p1a: Talonflame|54/100
|-singleturn|p1a: Talonflame|move: Roost
|
|upkeep
|turn|19
|
|t:|1616926348
|switch|p2a: Runerigus|Runerigus, F|85/100
|switch|p1a: Togedemaru|Togedemaru, M|54/100
|-damage|p1a: Togedemaru|48/100|[from] Stealth Rock
|
|upkeep
|turn|20
|
|t:|1616926354
|switch|p1a: Talonflame|Talonflame, F|54/100
|move|p2a: Runerigus|Earthquake|p1a: Talonflame
|-immune|p1a: Talonflame
|
|upkeep
|turn|21
|
|t:|1616926362
|move|p1a: Talonflame|U-turn|p2a: Runerigus
|-resisted|p2a: Runerigus
|-damage|p2a: Runerigus|81/100
|-activate|p2a: Runerigus|ability: Wandering Spirit|Flame Body|Wandering Spirit|[of] p1a: Talonflame
|-enditem|p2a: Runerigus|Eject Button
|
|t:|1616926364
|switch|p2a: Clawitzer|Clawitzer, M|65/100
|
|upkeep
|turn|22
|
|t:|1616926376
|move|p1a: Talonflame|U-turn|p2a: Clawitzer
|-damage|p2a: Clawitzer|45/100
|c| SesshomaruDogFarts|:)
|
|t:|1616926401
|switch|p1a: Vanilluxe|Vanilluxe, M|100/100|[from]move: U-turn
|-weather|Hail|[from] ability: Snow Warning|[of] p1a: Vanilluxe
|move|p2a: Clawitzer|Water Pulse|p1a: Vanilluxe
|-damage|p1a: Vanilluxe|3/100
|
|-weather|Hail|[upkeep]
|-damage|p2a: Clawitzer|39/100|[from] Hail
|upkeep
|turn|23
|
|t:|1616926412
|switch|p2a: Runerigus|Runerigus, F|81/100
|move|p1a: Vanilluxe|Freeze-Dry|p2a: Runerigus
|-supereffective|p2a: Runerigus
|-damage|p2a: Runerigus|2/100
|-status|p2a: Runerigus|frz
|
|-weather|Hail|[upkeep]
|-damage|p2a: Runerigus|0 fnt|[from] Hail
|faint|p2a: Runerigus
|upkeep
|
|t:|1616926413
|switch|p2a: Passimian|Passimian, M|78/100
|turn|24
|
|t:|1616926417
|move|p1a: Vanilluxe|Protect|p1a: Vanilluxe
|-singleturn|p1a: Vanilluxe|Protect
|move|p2a: Passimian|Knock Off|p1a: Vanilluxe
|-activate|p1a: Vanilluxe|move: Protect
|
|-weather|Hail|[upkeep]
|-damage|p2a: Passimian|72/100|[from] Hail
|upkeep
|turn|25
|
|t:|1616926460
|switch|p1a: Togedemaru|Togedemaru, M|48/100
|-damage|p1a: Togedemaru|43/100|[from] Stealth Rock
|move|p2a: Passimian|Knock Off|p1a: Togedemaru
|-damage|p1a: Togedemaru|0 fnt
|-enditem|p1a: Togedemaru|Choice Scarf|[from] move: Knock Off|[of] p2a: Passimian
|faint|p1a: Togedemaru
|
|-weather|Hail|[upkeep]
|-damage|p2a: Passimian|66/100|[from] Hail
|upkeep
|
|t:|1616926463
|switch|p1a: Talonflame|Talonflame, F|54/100
|turn|26
|
|t:|1616926470
|switch|p2a: Vikavolt|Vikavolt, F|82/100
|move|p1a: Talonflame|Roost|p1a: Talonflame
|-heal|p1a: Talonflame|100/100
|-singleturn|p1a: Talonflame|move: Roost
|
|-weather|none
|upkeep
|turn|27
|
|t:|1616926473
|move|p1a: Talonflame|Flare Blitz|p2a: Vikavolt
|-supereffective|p2a: Vikavolt
|-damage|p2a: Vikavolt|18/100
|-damage|p1a: Talonflame|79/100|[from] Recoil
|move|p2a: Vikavolt|Volt Switch|p1a: Talonflame
|-supereffective|p1a: Talonflame
|-damage|p1a: Talonflame|0 fnt
|faint|p1a: Talonflame
|
|t:|1616926476
|switch|p2a: Passimian|Passimian, M|66/100|[from]move: Volt Switch
|
|upkeep
|
|t:|1616926479
|switch|p1a: Vanilluxe|Vanilluxe, M|3/100
|-weather|Hail|[from] ability: Snow Warning|[of] p1a: Vanilluxe
|turn|28
|
|t:|1616926482
|move|p1a: Vanilluxe|Protect|p1a: Vanilluxe
|-singleturn|p1a: Vanilluxe|Protect
|move|p2a: Passimian|Knock Off|p1a: Vanilluxe
|-activate|p1a: Vanilluxe|move: Protect
|
|-weather|Hail|[upkeep]
|-damage|p2a: Passimian|59/100|[from] Hail
|upkeep
|turn|29
|
|t:|1616926484
|move|p1a: Vanilluxe|Protect|p1a: Vanilluxe
|-singleturn|p1a: Vanilluxe|Protect
|move|p2a: Passimian|Knock Off|p1a: Vanilluxe
|-activate|p1a: Vanilluxe|move: Protect
|
|-weather|Hail|[upkeep]
|-damage|p2a: Passimian|53/100|[from] Hail
|upkeep
|turn|30
|
|t:|1616926487
|move|p1a: Vanilluxe|Protect||[still]
|-fail|p1a: Vanilluxe
|move|p2a: Passimian|Knock Off|p1a: Vanilluxe
|-damage|p1a: Vanilluxe|0 fnt
|-enditem|p1a: Vanilluxe|Heavy-Duty Boots|[from] move: Knock Off|[of] p2a: Passimian
|faint|p1a: Vanilluxe
|
|win|drud ladder pu 2
|raw|Mia Karst's rating: 1507 &rarr; <strong>1477</strong><br />(-30 for losing)
|raw|drud ladder pu 2's rating: 1313 &rarr; <strong>1343</strong><br />(+30 for winning)
|l|☆Mia Karst
|c|☆drud ladder pu 2|gg
|l|☆drud ladder pu 2
