|raw|<div class="broadcast-blue"><strong>This battle is required to be public due to a player having a name starting with 'pult61a'.</div>
|j|☆pult61atl
|j|☆thinking of chu
|t:|1627037001
|gametype|singles
|player|p1|pult61atl|265|1650
|player|p2|thinking of chu|clown|1650
|teamsize|p1|6
|teamsize|p2|6
|gen|8
|tier|[Gen 8] PU
|rated|
|rule|Sleep Clause Mod: Limit one foe put to sleep
|rule|Species Clause: Limit one of each Pokémon
|rule|OHKO Clause: OHKO moves are banned
|rule|Evasion Moves Clause: Evasion moves are banned
|rule|Endless Battle Clause: Forcing endless battles is banned
|rule|HP Percentage Mod: HP is shown in percentages
|rule|Dynamax Clause: You cannot dynamax
|clearpoke
|poke|p1|Avalugg, M|
|poke|p1|Quagsire, M|
|poke|p1|Audino, F|
|poke|p1|Weezing, F|
|poke|p1|Corsola-Galar, M|
|poke|p1|Sneasel, F|
|poke|p2|Turtonator, M|
|poke|p2|Lunatone|
|poke|p2|Poliwrath, F|
|poke|p2|Silvally-*|
|poke|p2|Stunfisk-Galar, M|
|poke|p2|Miltank, F|
|teampreview
|
|t:|1627037034
|start
|switch|p1a: Weezing|Weezing, F|100/100
|switch|p2a: Lunatone|Lunatone|100/100
|-ability|p1a: Weezing|Neutralizing Gas
|turn|1
|
|t:|1627037039
|move|p2a: Lunatone|Stealth Rock|p1a: Weezing
|-sidestart|p1: pult61atl|move: Stealth Rock
|move|p1a: Weezing|Toxic Spikes|p2a: Lunatone
|-sidestart|p2: thinking of chu|move: Toxic Spikes
|
|upkeep
|turn|2
|
|t:|1627037043
|-end|p1a: Weezing|ability: Neutralizing Gas
|switch|p1a: Audino|Audino, F|100/100
|-damage|p1a: Audino|88/100|[from] Stealth Rock
|move|p2a: Lunatone|Future Sight|p1a: Audino
|-start|p2a: Lunatone|move: Future Sight
|
|-heal|p1a: Audino|94/100|[from] item: Leftovers
|upkeep
|turn|3
|
|t:|1627037056
|switch|p2a: Silvally|Silvally-Ghost|100/100
|-status|p2a: Silvally|psn
|move|p1a: Audino|Knock Off|p2a: Silvally
|-supereffective|p2a: Silvally
|-damage|p2a: Silvally|87/100 psn
|
|-heal|p1a: Audino|99/100|[from] item: Leftovers
|-damage|p2a: Silvally|74/100 psn|[from] psn
|upkeep
|turn|4
|
|t:|1627037067
|move|p1a: Audino|Knock Off|p2a: Silvally
|-supereffective|p2a: Silvally
|-damage|p2a: Silvally|60/100 psn
|move|p2a: Silvally|Roar|p1a: Audino
|drag|p1a: Avalugg|Avalugg, M|100/100
|
|-end|p1a: Avalugg|move: Future Sight
|-damage|p1a: Avalugg|19/100
|-damage|p2a: Silvally|48/100 psn|[from] psn
|upkeep
|turn|5
|
|t:|1627037080
|move|p1a: Avalugg|Recover|p1a: Avalugg
|-heal|p1a: Avalugg|69/100
|move|p2a: Silvally|Roar|p1a: Avalugg
|drag|p1a: Corsola|Corsola-Galar, M|100/100
|-damage|p1a: Corsola|88/100|[from] Stealth Rock
|
|-damage|p2a: Silvally|35/100 psn|[from] psn
|upkeep
|turn|6
|
|t:|1627037086
|move|p2a: Silvally|Rest|p2a: Silvally
|-status|p2a: Silvally|slp|[from] move: Rest
|-heal|p2a: Silvally|100/100 slp|[silent]
|move|p1a: Corsola|Stealth Rock|p2a: Silvally
|-sidestart|p2: thinking of chu|move: Stealth Rock
|
|upkeep
|turn|7
|
|t:|1627037093
|switch|p1a: Avalugg|Avalugg, M|69/100
|cant|p2a: Silvally|slp
|move|p2a: Silvally|Sleep Talk|p2a: Silvally
|move|p2a: Silvally|Rest||[from]move: Sleep Talk|[still]
|-fail|p2a: Silvally
|
|upkeep
|turn|8
|
|t:|1627037096
|cant|p2a: Silvally|slp
|move|p2a: Silvally|Sleep Talk|p2a: Silvally
|move|p2a: Silvally|Rest||[from]move: Sleep Talk|[still]
|-fail|p2a: Silvally
|move|p1a: Avalugg|Recover|p1a: Avalugg
|-heal|p1a: Avalugg|100/100
|
|upkeep
|turn|9
|
|t:|1627037113
|-curestatus|p2a: Silvally|slp|[msg]
|move|p2a: Silvally|Multi-Attack|p1a: Avalugg
|-damage|p1a: Avalugg|86/100
|move|p1a: Avalugg|Toxic|p2a: Silvally
|-status|p2a: Silvally|tox
|
|-damage|p2a: Silvally|94/100 tox|[from] psn
|upkeep
|turn|10
|
|t:|1627037120
|move|p2a: Silvally|Multi-Attack|p1a: Avalugg
|-damage|p1a: Avalugg|71/100
|move|p1a: Avalugg|Recover|p1a: Avalugg
|-heal|p1a: Avalugg|100/100
|
|-damage|p2a: Silvally|82/100 tox|[from] psn
|upkeep
|turn|11
|
|t:|1627037127
|move|p2a: Silvally|Multi-Attack|p1a: Avalugg
|-damage|p1a: Avalugg|84/100
|move|p1a: Avalugg|Rapid Spin|p2a: Silvally
|-immune|p2a: Silvally
|
|-damage|p2a: Silvally|64/100 tox|[from] psn
|upkeep
|turn|12
|
|t:|1627037142
|switch|p1a: Sneasel|Sneasel, F|100/100
|-damage|p1a: Sneasel|76/100|[from] Stealth Rock
|move|p2a: Silvally|Rest|p2a: Silvally
|-status|p2a: Silvally|slp|[from] move: Rest
|-heal|p2a: Silvally|100/100 slp|[silent]
|
|upkeep
|turn|13
|
|t:|1627037147
|switch|p2a: Poliwrath|Poliwrath, F|100/100
|-status|p2a: Poliwrath|psn
|-damage|p2a: Poliwrath|94/100 psn|[from] Stealth Rock
|move|p1a: Sneasel|Knock Off|p2a: Poliwrath
|-resisted|p2a: Poliwrath
|-damage|p2a: Poliwrath|73/100 psn
|-enditem|p2a: Poliwrath|Leftovers|[from] move: Knock Off|[of] p1a: Sneasel
|
|-damage|p2a: Poliwrath|61/100 psn|[from] psn
|upkeep
|turn|14
|
|t:|1627037160
|switch|p1a: Weezing|Weezing, F|100/100
|-ability|p1a: Weezing|Neutralizing Gas
|-damage|p1a: Weezing|88/100|[from] Stealth Rock
|move|p2a: Poliwrath|Rest|p2a: Poliwrath
|-status|p2a: Poliwrath|slp|[from] move: Rest
|-heal|p2a: Poliwrath|100/100 slp|[silent]
|
|-heal|p1a: Weezing|94/100|[from] item: Black Sludge
|upkeep
|turn|15
|
|t:|1627037165
|switch|p2a: Turtonator|Turtonator, M|100/100
|move|p1a: Weezing|Sludge Bomb|p2a: Turtonator
|-damage|p2a: Turtonator|58/100
|
|-heal|p1a: Weezing|99/100|[from] item: Black Sludge
|upkeep
|turn|16
|
|t:|1627037171
|move|p2a: Turtonator|Draco Meteor|p1a: Weezing
|-damage|p1a: Weezing|21/100
|-unboost|p2a: Turtonator|spa|2
|move|p1a: Weezing|Sludge Bomb|p2a: Turtonator
|-damage|p2a: Turtonator|20/100
|
|-heal|p1a: Weezing|27/100|[from] item: Black Sludge
|upkeep
|turn|17
|
|t:|1627037181
|-end|p1a: Weezing|ability: Neutralizing Gas
|switch|p1a: Corsola|Corsola-Galar, M|88/100
|-damage|p1a: Corsola|76/100|[from] Stealth Rock
|move|p2a: Turtonator|Draco Meteor|p1a: Corsola
|-damage|p1a: Corsola|55/100
|-unboost|p2a: Turtonator|spa|2
|
|upkeep
|turn|18
|
|t:|1627037187
|switch|p2a: Lunatone|Lunatone|100/100
|-damage|p2a: Lunatone|88/100|[from] Stealth Rock
|move|p1a: Corsola|Strength Sap|p2a: Lunatone
|-unboost|p2a: Lunatone|atk|1
|-heal|p1a: Corsola|87/100
|
|-heal|p2a: Lunatone|94/100|[from] item: Leftovers
|upkeep
|turn|19
|
|t:|1627037192
|switch|p1a: Audino|Audino, F|100/100
|-damage|p1a: Audino|88/100|[from] Stealth Rock
|move|p2a: Lunatone|Future Sight|p1a: Audino
|-start|p2a: Lunatone|move: Future Sight
|
|-heal|p2a: Lunatone|100/100|[from] item: Leftovers
|-heal|p1a: Audino|94/100|[from] item: Leftovers
|upkeep
|turn|20
|
|t:|1627037200
|switch|p2a: Silvally|Silvally-Ghost|100/100 slp
|-damage|p2a: Silvally|88/100 slp|[from] Stealth Rock
|move|p1a: Audino|Wish|p1a: Audino
|
|-heal|p1a: Audino|99/100|[from] item: Leftovers
|upkeep
|turn|21
|
|t:|1627037206
|switch|p1a: Sneasel|Sneasel, F|76/100
|-damage|p1a: Sneasel|51/100|[from] Stealth Rock
|cant|p2a: Silvally|slp
|move|p2a: Silvally|Sleep Talk|p2a: Silvally
|move|p2a: Silvally|Rest||[from]move: Sleep Talk|[still]
|-fail|p2a: Silvally
|
|-end|p1a: Sneasel|move: Future Sight
|-immune|p1a: Sneasel
|-heal|p1a: Sneasel|100/100|[from] move: Wish|[wisher] Audino
|upkeep
|turn|22
|
|t:|1627037250
|switch|p2a: Poliwrath|Poliwrath, F|100/100 slp
|-damage|p2a: Poliwrath|94/100 slp|[from] Stealth Rock
|move|p1a: Sneasel|Icicle Crash|p2a: Poliwrath
|-resisted|p2a: Poliwrath
|-damage|p2a: Poliwrath|75/100 slp
|
|upkeep
|turn|23
|
|t:|1627037259
|switch|p1a: Corsola|Corsola-Galar, M|87/100
|-damage|p1a: Corsola|74/100|[from] Stealth Rock
|cant|p2a: Poliwrath|slp
|move|p2a: Poliwrath|Sleep Talk|p2a: Poliwrath
|move|p2a: Poliwrath|Rest||[from]move: Sleep Talk|[still]
|-fail|p2a: Poliwrath
|
|upkeep
|turn|24
|
|t:|1627037267
|cant|p2a: Poliwrath|slp
|move|p2a: Poliwrath|Sleep Talk|p2a: Poliwrath
|move|p2a: Poliwrath|Scald|p1a: Corsola|[from]move: Sleep Talk
|-damage|p1a: Corsola|60/100
|-status|p1a: Corsola|brn
|move|p1a: Corsola|Night Shade|p2a: Poliwrath
|-damage|p2a: Poliwrath|49/100 slp
|
|-damage|p1a: Corsola|54/100 brn|[from] brn
|upkeep
|turn|25
|
|t:|1627037273
|-curestatus|p2a: Poliwrath|slp|[msg]
|move|p2a: Poliwrath|Rest|p2a: Poliwrath
|-status|p2a: Poliwrath|slp|[from] move: Rest
|-heal|p2a: Poliwrath|100/100 slp|[silent]
|move|p1a: Corsola|Strength Sap|p2a: Poliwrath
|-unboost|p2a: Poliwrath|atk|1
|-heal|p1a: Corsola|100/100 brn
|
|-damage|p1a: Corsola|94/100 brn|[from] brn
|upkeep
|turn|26
|
|t:|1627037276
|cant|p2a: Poliwrath|slp
|move|p2a: Poliwrath|Sleep Talk|p2a: Poliwrath
|move|p2a: Poliwrath|Circle Throw|p1a: Corsola|[from]move: Sleep Talk
|-immune|p1a: Corsola
|move|p1a: Corsola|Night Shade|p2a: Poliwrath
|-damage|p2a: Poliwrath|74/100 slp
|
|-damage|p1a: Corsola|88/100 brn|[from] brn
|upkeep
|turn|27
|
|t:|1627037281
|cant|p2a: Poliwrath|slp
|move|p2a: Poliwrath|Sleep Talk|p2a: Poliwrath
|move|p2a: Poliwrath|Scald|p1a: Corsola|[from]move: Sleep Talk
|-crit|p1a: Corsola
|-damage|p1a: Corsola|66/100 brn
|move|p1a: Corsola|Night Shade|p2a: Poliwrath
|-damage|p2a: Poliwrath|48/100 slp
|
|-damage|p1a: Corsola|60/100 brn|[from] brn
|upkeep
|turn|28
|
|t:|1627037285
|-curestatus|p2a: Poliwrath|slp|[msg]
|move|p2a: Poliwrath|Rest|p2a: Poliwrath
|-status|p2a: Poliwrath|slp|[from] move: Rest
|-heal|p2a: Poliwrath|100/100 slp|[silent]
|move|p1a: Corsola|Strength Sap|p2a: Poliwrath
|-unboost|p2a: Poliwrath|atk|1
|-heal|p1a: Corsola|100/100 brn
|
|-damage|p1a: Corsola|94/100 brn|[from] brn
|upkeep
|turn|29
|
|t:|1627037299
|switch|p1a: Audino|Audino, F|100/100
|-damage|p1a: Audino|88/100|[from] Stealth Rock
|cant|p2a: Poliwrath|slp
|move|p2a: Poliwrath|Sleep Talk|p2a: Poliwrath
|move|p2a: Poliwrath|Circle Throw|p1a: Audino|[from]move: Sleep Talk
|-supereffective|p1a: Audino
|-crit|p1a: Audino
|-damage|p1a: Audino|32/100
|drag|p1a: Quagsire|Quagsire, M|100/100
|-damage|p1a: Quagsire|94/100|[from] Stealth Rock
|
|-heal|p1a: Quagsire|100/100|[from] item: Leftovers
|upkeep
|turn|30
|
|t:|1627037316
|switch|p1a: Audino|Audino, F|65/100
|-damage|p1a: Audino|53/100|[from] Stealth Rock
|cant|p2a: Poliwrath|slp
|move|p2a: Poliwrath|Sleep Talk|p2a: Poliwrath
|move|p2a: Poliwrath|Circle Throw|p1a: Audino|[from]move: Sleep Talk
|-supereffective|p1a: Audino
|-damage|p1a: Audino|32/100
|drag|p1a: Corsola|Corsola-Galar, M|94/100 brn
|-damage|p1a: Corsola|82/100 brn|[from] Stealth Rock
|
|-damage|p1a: Corsola|76/100 brn|[from] brn
|upkeep
|turn|31
|
|t:|1627037327
|switch|p2a: Lunatone|Lunatone|100/100
|-damage|p2a: Lunatone|88/100|[from] Stealth Rock
|move|p1a: Corsola|Strength Sap|p2a: Lunatone
|-unboost|p2a: Lunatone|atk|1
|-heal|p1a: Corsola|100/100 brn
|
|-heal|p2a: Lunatone|94/100|[from] item: Leftovers
|-damage|p1a: Corsola|94/100 brn|[from] brn
|upkeep
|turn|32
|
|t:|1627037330
|move|p2a: Lunatone|Future Sight|p1a: Corsola
|-start|p2a: Lunatone|move: Future Sight
|move|p1a: Corsola|Will-O-Wisp|p2a: Lunatone|[miss]
|-miss|p1a: Corsola|p2a: Lunatone
|
|-heal|p2a: Lunatone|100/100|[from] item: Leftovers
|-damage|p1a: Corsola|88/100 brn|[from] brn
|upkeep
|turn|33
|
|t:|1627037334
|switch|p1a: Audino|Audino, F|65/100
|-damage|p1a: Audino|52/100|[from] Stealth Rock
|move|p2a: Lunatone|Power Gem|p1a: Audino
|-damage|p1a: Audino|29/100
|
|-heal|p1a: Audino|35/100|[from] item: Leftovers
|upkeep
|turn|34
|
|t:|1627037343
|move|p1a: Audino|Protect|p1a: Audino
|-singleturn|p1a: Audino|Protect
|move|p2a: Lunatone|Power Gem|p1a: Audino
|-activate|p1a: Audino|move: Protect
|
|-end|p1a: Audino|move: Future Sight
|-damage|p1a: Audino|0 fnt
|faint|p1a: Audino
|upkeep
|c|☆pult61atl|prolly should have calced it, but my mind said its not even a roll
|
|t:|1627037374
|switch|p1a: Sneasel|Sneasel, F|100/100
|-damage|p1a: Sneasel|76/100|[from] Stealth Rock
|turn|35
|
|t:|1627037378
|switch|p2a: Poliwrath|Poliwrath, F|100/100 slp
|-damage|p2a: Poliwrath|94/100 slp|[from] Stealth Rock
|move|p1a: Sneasel|Icicle Crash|p2a: Poliwrath
|-resisted|p2a: Poliwrath
|-damage|p2a: Poliwrath|75/100 slp
|
|upkeep
|turn|36
|
|t:|1627037383
|switch|p1a: Weezing|Weezing, F|27/100
|-ability|p1a: Weezing|Neutralizing Gas
|-damage|p1a: Weezing|15/100|[from] Stealth Rock
|-curestatus|p2a: Poliwrath|slp|[msg]
|move|p2a: Poliwrath|Scald|p1a: Weezing
|-damage|p1a: Weezing|0 fnt
|faint|p1a: Weezing
|-end|p1a: Weezing|ability: Neutralizing Gas
|
|upkeep
|
|t:|1627037393
|switch|p1a: Avalugg|Avalugg, M|84/100
|turn|37
|
|t:|1627037401
|switch|p2a: Silvally|Silvally-Ghost|88/100 slp
|-damage|p2a: Silvally|76/100 slp|[from] Stealth Rock
|move|p1a: Avalugg|Rapid Spin|p2a: Silvally
|-immune|p2a: Silvally
|
|upkeep
|turn|38
|
|t:|1627037420
|switch|p1a: Sneasel|Sneasel, F|76/100
|-damage|p1a: Sneasel|51/100|[from] Stealth Rock
|cant|p2a: Silvally|slp
|move|p2a: Silvally|Sleep Talk|p2a: Silvally
|move|p2a: Silvally|Roar|p1a: Sneasel|[from]move: Sleep Talk
|drag|p1a: Corsola|Corsola-Galar, M|88/100 brn
|-damage|p1a: Corsola|76/100 brn|[from] Stealth Rock
|
|-damage|p1a: Corsola|70/100 brn|[from] brn
|upkeep
|turn|39
|
|t:|1627037425
|-curestatus|p2a: Silvally|slp|[msg]
|move|p2a: Silvally|Multi-Attack|p1a: Corsola
|-supereffective|p1a: Corsola
|-crit|p1a: Corsola
|-damage|p1a: Corsola|12/100 brn
|move|p1a: Corsola|Night Shade|p2a: Silvally
|-damage|p2a: Silvally|50/100
|
|-damage|p1a: Corsola|6/100 brn|[from] brn
|upkeep
|turn|40
|
|t:|1627037429
|move|p2a: Silvally|Multi-Attack|p1a: Corsola
|-supereffective|p1a: Corsola
|-damage|p1a: Corsola|0 fnt
|faint|p1a: Corsola
|
|upkeep
|
|t:|1627037432
|switch|p1a: Sneasel|Sneasel, F|51/100
|-damage|p1a: Sneasel|26/100|[from] Stealth Rock
|turn|41
|
|t:|1627037435
|switch|p2a: Poliwrath|Poliwrath, F|75/100
|-status|p2a: Poliwrath|psn
|-damage|p2a: Poliwrath|69/100 psn|[from] Stealth Rock
|move|p1a: Sneasel|Icicle Crash|p2a: Poliwrath
|-resisted|p2a: Poliwrath
|-damage|p2a: Poliwrath|52/100 psn
|
|-damage|p2a: Poliwrath|39/100 psn|[from] psn
|upkeep
|turn|42
|
|t:|1627037441
|move|p1a: Sneasel|Icicle Crash|p2a: Poliwrath
|-resisted|p2a: Poliwrath
|-damage|p2a: Poliwrath|22/100 psn
|cant|p2a: Poliwrath|flinch
|
|-damage|p2a: Poliwrath|10/100 psn|[from] psn
|upkeep
|turn|43
|
|t:|1627037446
|switch|p2a: Miltank|Miltank, F|100/100
|move|p1a: Sneasel|Icicle Crash|p2a: Miltank
|-damage|p2a: Miltank|68/100
|
|upkeep
|turn|44
|
|t:|1627037456
|move|p1a: Sneasel|Icicle Crash|p2a: Miltank
|-damage|p2a: Miltank|36/100
|move|p2a: Miltank|Body Press|p1a: Sneasel
|-supereffective|p1a: Sneasel
|-damage|p1a: Sneasel|0 fnt
|faint|p1a: Sneasel
|
|upkeep
|
|t:|1627037476
|switch|p1a: Avalugg|Avalugg, M|84/100
|turn|45
|
|t:|1627037494
|switch|p2a: Lunatone|Lunatone|100/100
|-damage|p2a: Lunatone|88/100|[from] Stealth Rock
|move|p1a: Avalugg|Body Press|p2a: Lunatone
|-damage|p2a: Lunatone|36/100
|
|-heal|p2a: Lunatone|42/100|[from] item: Leftovers
|upkeep
|turn|46
|
|t:|1627037505
|switch|p1a: Quagsire|Quagsire, M|100/100
|-damage|p1a: Quagsire|94/100|[from] Stealth Rock
|move|p2a: Lunatone|Power Gem|p1a: Quagsire
|-resisted|p1a: Quagsire
|-damage|p1a: Quagsire|78/100
|
|-heal|p2a: Lunatone|49/100|[from] item: Leftovers
|-heal|p1a: Quagsire|84/100|[from] item: Leftovers
|upkeep
|turn|47
|
|t:|1627037512
|move|p2a: Lunatone|Future Sight|p1a: Quagsire
|-start|p2a: Lunatone|move: Future Sight
|move|p1a: Quagsire|Curse|p1a: Quagsire
|-unboost|p1a: Quagsire|spe|1
|-boost|p1a: Quagsire|atk|1
|-boost|p1a: Quagsire|def|1
|
|-heal|p2a: Lunatone|55/100|[from] item: Leftovers
|-heal|p1a: Quagsire|90/100|[from] item: Leftovers
|upkeep
|turn|48
|
|t:|1627037547
|switch|p2a: Stunfisk|Stunfisk-Galar, M|100/100
|-damage|p2a: Stunfisk|97/100|[from] Stealth Rock
|move|p1a: Quagsire|Curse|p1a: Quagsire
|-unboost|p1a: Quagsire|spe|1
|-boost|p1a: Quagsire|atk|1
|-boost|p1a: Quagsire|def|1
|
|-heal|p2a: Stunfisk|100/100|[from] item: Leftovers
|-heal|p1a: Quagsire|96/100|[from] item: Leftovers
|upkeep
|turn|49
|
|t:|1627037555
|move|p2a: Stunfisk|Yawn|p1a: Quagsire
|-start|p1a: Quagsire|move: Yawn|[of] p2a: Stunfisk
|move|p1a: Quagsire|Waterfall|p2a: Stunfisk
|-supereffective|p2a: Stunfisk
|-damage|p2a: Stunfisk|28/100
|
|-end|p1a: Quagsire|move: Future Sight
|-damage|p1a: Quagsire|52/100
|-heal|p2a: Stunfisk|34/100|[from] item: Leftovers
|-heal|p1a: Quagsire|58/100|[from] item: Leftovers
|upkeep
|turn|50
|
|t:|1627037583
|move|p2a: Stunfisk|Snap Trap|p1a: Quagsire
|-supereffective|p1a: Quagsire
|-damage|p1a: Quagsire|45/100
|-activate|p1a: Quagsire|move: Snap Trap|[of] p2a: Stunfisk
|move|p1a: Quagsire|Recover|p1a: Quagsire
|-heal|p1a: Quagsire|95/100
|
|-heal|p2a: Stunfisk|40/100|[from] item: Leftovers
|-heal|p1a: Quagsire|100/100|[from] item: Leftovers
|-damage|p1a: Quagsire|88/100|[from] move: Snap Trap|[partiallytrapped]
|-end|p1a: Quagsire|move: Yawn|[silent]
|-status|p1a: Quagsire|slp
|upkeep
|turn|51
|
|t:|1627037590
|switch|p2a: Turtonator|Turtonator, M|20/100
|cant|p1a: Quagsire|slp
|
|-heal|p1a: Quagsire|94/100 slp|[from] item: Leftovers
|-end|p1a: Quagsire|Snap Trap|[partiallytrapped]|[silent]
|upkeep
|turn|52
|
|t:|1627037596
|move|p2a: Turtonator|Rapid Spin|p1a: Quagsire
|-damage|p1a: Quagsire|89/100 slp
|-boost|p2a: Turtonator|spe|1
|-sideend|p2: thinking of chu|Toxic Spikes|[from] move: Rapid Spin|[of] p2a: Turtonator
|-sideend|p2: thinking of chu|Stealth Rock|[from] move: Rapid Spin|[of] p2a: Turtonator
|cant|p1a: Quagsire|slp
|
|-heal|p1a: Quagsire|95/100 slp|[from] item: Leftovers
|upkeep
|turn|53
|
|t:|1627037599
|move|p2a: Turtonator|Draco Meteor|p1a: Quagsire
|-damage|p1a: Quagsire|51/100 slp
|-unboost|p2a: Turtonator|spa|2
|cant|p1a: Quagsire|slp
|
|-heal|p1a: Quagsire|57/100 slp|[from] item: Leftovers
|upkeep
|turn|54
|
|t:|1627037602
|move|p2a: Turtonator|Draco Meteor|p1a: Quagsire
|-damage|p1a: Quagsire|17/100 slp
|-unboost|p2a: Turtonator|spa|2
|-curestatus|p1a: Quagsire|slp|[msg]
|move|p1a: Quagsire|Recover|p1a: Quagsire
|-heal|p1a: Quagsire|67/100
|
|-heal|p1a: Quagsire|73/100|[from] item: Leftovers
|upkeep
|turn|55
|
|t:|1627037614
|move|p2a: Turtonator|Draco Meteor|p1a: Quagsire
|-damage|p1a: Quagsire|32/100
|-unboost|p2a: Turtonator|spa|2
|move|p1a: Quagsire|Recover|p1a: Quagsire
|-heal|p1a: Quagsire|82/100
|
|-heal|p1a: Quagsire|88/100|[from] item: Leftovers
|upkeep
|turn|56
|
|t:|1627037620
|move|p2a: Turtonator|Draco Meteor|p1a: Quagsire
|-damage|p1a: Quagsire|44/100
|move|p1a: Quagsire|Waterfall|p2a: Turtonator
|-damage|p2a: Turtonator|0 fnt
|faint|p2a: Turtonator
|
|-heal|p1a: Quagsire|50/100|[from] item: Leftovers
|upkeep
|
|t:|1627037624
|switch|p2a: Poliwrath|Poliwrath, F|10/100 psn
|turn|57
|
|t:|1627037629
|move|p2a: Poliwrath|Rest|p2a: Poliwrath
|-status|p2a: Poliwrath|slp|[from] move: Rest
|-heal|p2a: Poliwrath|100/100 slp|[silent]
|move|p1a: Quagsire|Recover|p1a: Quagsire
|-heal|p1a: Quagsire|99/100
|
|-heal|p1a: Quagsire|100/100|[from] item: Leftovers
|upkeep
|turn|58
|
|t:|1627037641
|switch|p1a: Avalugg|Avalugg, M|84/100
|cant|p2a: Poliwrath|slp
|move|p2a: Poliwrath|Sleep Talk|p2a: Poliwrath
|move|p2a: Poliwrath|Rest||[from]move: Sleep Talk|[still]
|-fail|p2a: Poliwrath
|
|upkeep
|turn|59
|
|t:|1627037644
|switch|p2a: Silvally|Silvally-Ghost|50/100
|move|p1a: Avalugg|Rapid Spin|p2a: Silvally
|-immune|p2a: Silvally
|
|upkeep
|turn|60
|
|t:|1627037650
|move|p2a: Silvally|Multi-Attack|p1a: Avalugg
|-damage|p1a: Avalugg|69/100
|move|p1a: Avalugg|Toxic|p2a: Silvally
|-status|p2a: Silvally|tox
|
|-damage|p2a: Silvally|44/100 tox|[from] psn
|upkeep
|turn|61
|
|t:|1627037666
|move|p2a: Silvally|Multi-Attack|p1a: Avalugg
|-damage|p1a: Avalugg|54/100
|move|p1a: Avalugg|Recover|p1a: Avalugg
|-heal|p1a: Avalugg|100/100
|
|-damage|p2a: Silvally|32/100 tox|[from] psn
|upkeep
|turn|62
|
|t:|1627037673
|move|p2a: Silvally|Rest|p2a: Silvally
|-status|p2a: Silvally|slp|[from] move: Rest
|-heal|p2a: Silvally|100/100 slp|[silent]
|move|p1a: Avalugg|Rapid Spin|p2a: Silvally
|-immune|p2a: Silvally
|
|upkeep
|turn|63
|
|t:|1627037675
|cant|p2a: Silvally|slp
|move|p2a: Silvally|Sleep Talk|p2a: Silvally
|move|p2a: Silvally|Rest||[from]move: Sleep Talk|[still]
|-fail|p2a: Silvally
|move|p1a: Avalugg|Rapid Spin|p2a: Silvally
|-immune|p2a: Silvally
|
|upkeep
|turn|64
|
|t:|1627037687
|cant|p2a: Silvally|slp
|move|p2a: Silvally|Sleep Talk|p2a: Silvally
|move|p2a: Silvally|Multi-Attack|p1a: Avalugg|[from]move: Sleep Talk
|-damage|p1a: Avalugg|85/100
|move|p1a: Avalugg|Rapid Spin|p2a: Silvally
|-immune|p2a: Silvally
|
|upkeep
|turn|65
|
|t:|1627037693
|move|p1a: Avalugg|Rapid Spin|p2a: Silvally
|-immune|p2a: Silvally
|-curestatus|p2a: Silvally|slp|[msg]
|move|p2a: Silvally|Roar|p1a: Avalugg
|drag|p1a: Quagsire|Quagsire, M|100/100
|-damage|p1a: Quagsire|94/100|[from] Stealth Rock
|
|-heal|p1a: Quagsire|100/100|[from] item: Leftovers
|upkeep
|turn|66
|
|t:|1627037701
|switch|p1a: Avalugg|Avalugg, M|85/100
|move|p2a: Silvally|Multi-Attack|p1a: Avalugg
|-damage|p1a: Avalugg|68/100
|
|upkeep
|turn|67
|
|t:|1627037705
|move|p1a: Avalugg|Recover|p1a: Avalugg
|-heal|p1a: Avalugg|100/100
|move|p2a: Silvally|Roar|p1a: Avalugg
|drag|p1a: Quagsire|Quagsire, M|100/100
|-damage|p1a: Quagsire|94/100|[from] Stealth Rock
|
|-heal|p1a: Quagsire|100/100|[from] item: Leftovers
|upkeep
|turn|68
|
|t:|1627037715
|switch|p2a: Poliwrath|Poliwrath, F|100/100 slp
|switch|p1a: Avalugg|Avalugg, M|100/100
|
|upkeep
|turn|69
|
|t:|1627037718
|switch|p1a: Quagsire|Quagsire, M|100/100
|-damage|p1a: Quagsire|94/100|[from] Stealth Rock
|cant|p2a: Poliwrath|slp
|move|p2a: Poliwrath|Sleep Talk|p2a: Poliwrath
|move|p2a: Poliwrath|Scald|p1a: Quagsire|[from]move: Sleep Talk
|-damage|p1a: Quagsire|79/100
|
|-heal|p1a: Quagsire|85/100|[from] item: Leftovers
|upkeep
|turn|70
|
|t:|1627037721
|switch|p1a: Avalugg|Avalugg, M|100/100
|-curestatus|p2a: Poliwrath|slp|[msg]
|move|p2a: Poliwrath|Scald|p1a: Avalugg
|-damage|p1a: Avalugg|66/100
|-status|p1a: Avalugg|brn
|
|-damage|p1a: Avalugg|60/100 brn|[from] brn
|upkeep
|turn|71
|-message|pult61atl forfeited.
|
|win|thinking of chu
|raw|pult61atl's rating: 1621 &rarr; <strong>1603</strong><br />(-18 for losing)
|raw|thinking of chu's rating: 1650 &rarr; <strong>1668</strong><br />(+18 for winning)
|l|☆pult61atl
