|j|☆Schizoption
|j|☆Pichu and Pikachu.
|player|p1|Schizoption|burglar-gen1|1000
|player|p2|Pichu and Pikachu.|101|1000
|teamsize|p1|6
|teamsize|p2|6
|gametype|singles
|gen|8
|tier|[Gen 8] PU
|rated|
|clearpoke
|poke|p1|Dedenne, M|
|poke|p1|Sandslash, F|
|poke|p1|Stoutland, F|
|poke|p1|Seaking, M|
|poke|p1|Throh, M|
|poke|p1|Mawile, M|
|poke|p2|Lilligant, F|
|poke|p2|Mr. Rime, M|
|poke|p2|Pawniard, M|
|poke|p2|Crustle, M|
|poke|p2|Throh, M|
|poke|p2|Pikachu, F|
|rule|Sleep Clause Mod: Limit one foe put to sleep
|rule|Species Clause: Limit one of each Pokémon
|rule|OHKO Clause: OHKO moves are banned
|rule|Evasion Moves Clause: Evasion moves are banned
|rule|Endless Battle Clause: Forcing endless battles is banned
|rule|HP Percentage Mod: HP is shown in percentages
|rule|Dynamax Clause: You cannot dynamax
|teampreview
|
|start
|switch|p1a: Seaking|Seaking, M|100/100
|switch|p2a: Lilligant|Lilligant, F, shiny|100/100
|turn|1
|
|move|p1a: Seaking|Flip Turn|p2a: Lilligant
|-resisted|p2a: Lilligant
|-damage|p2a: Lilligant|82/100
|
|switch|p1a: Mawile|Mawile, M|100/100|[from]move: Flip Turn
|-ability|p1a: Mawile|Intimidate|boost
|-unboost|p2a: Lilligant|atk|1
|move|p2a: Lilligant|Sleep Powder|p1a: Mawile
|-status|p1a: Mawile|slp|[from] move: Sleep Powder
|
|upkeep
|turn|2
|
|switch|p1a: Throh|Throh, M|100/100
|move|p2a: Lilligant|Quiver Dance|p2a: Lilligant
|-boost|p2a: Lilligant|spa|1
|-boost|p2a: Lilligant|spd|1
|-boost|p2a: Lilligant|spe|1
|
|upkeep
|turn|3
|
|move|p2a: Lilligant|Giga Drain|p1a: Throh
|-damage|p1a: Throh|57/100
|-heal|p2a: Lilligant|100/100|[from] drain|[of] p1a: Throh
|-damage|p2a: Lilligant|91/100|[from] item: Life Orb
|move|p1a: Throh|Poison Jab|p2a: Lilligant
|-supereffective|p2a: Lilligant
|-damage|p2a: Lilligant|12/100
|-status|p2a: Lilligant|psn
|
|-damage|p2a: Lilligant|0 fnt|[from] psn
|faint|p2a: Lilligant
|upkeep
|
|switch|p2a: Crustle|Crustle, M|100/100
|turn|4
|
|switch|p1a: Sandslash|Sandslash, F|100/100
|move|p2a: Crustle|Shell Smash|p2a: Crustle
|-unboost|p2a: Crustle|def|1
|-unboost|p2a: Crustle|spd|1
|-boost|p2a: Crustle|atk|2
|-boost|p2a: Crustle|spa|2
|-boost|p2a: Crustle|spe|2
|-enditem|p2a: Crustle|White Herb
|-clearnegativeboost|p2a: Crustle|[silent]
|
|upkeep
|turn|5
|
|move|p2a: Crustle|X-Scissor|p1a: Sandslash
|-damage|p1a: Sandslash|47/100
|move|p1a: Sandslash|Earthquake|p2a: Crustle
|-damage|p2a: Crustle|67/100
|
|-heal|p1a: Sandslash|53/100|[from] item: Leftovers
|upkeep
|turn|6
|
|move|p2a: Crustle|X-Scissor|p1a: Sandslash
|-crit|p1a: Sandslash
|-damage|p1a: Sandslash|0 fnt
|faint|p1a: Sandslash
|
|upkeep
|
|switch|p1a: Seaking|Seaking, M|100/100
|turn|7
|c|☆Schizoption|il te défonce
|
|move|p1a: Seaking|Waterfall|p2a: Crustle
|-supereffective|p2a: Crustle
|-damage|p2a: Crustle|4/100
|cant|p2a: Crustle|flinch
|
|upkeep
|turn|8
|
|move|p1a: Seaking|Waterfall|p2a: Crustle
|-supereffective|p2a: Crustle
|-damage|p2a: Crustle|0 fnt
|faint|p2a: Crustle
|
|upkeep
|c|☆Schizoption|oklm
|c|☆Pichu and Pikachu.|scarf...
|c|☆Schizoption|non specs
|c|☆Schizoption|tema la game
|c|☆Schizoption|où je suis
|c|☆Schizoption|pepe
|c|☆Pichu and Pikachu.|tu parles francais...
|
|switch|p2a: Throh|Throh, M|100/100
|turn|9
|c|☆Schizoption|nn jparle anglais
|
|switch|p1a: Mawile|Mawile, M|100/100 slp
|-ability|p1a: Mawile|Intimidate|boost
|-unboost|p2a: Throh|atk|1
|move|p2a: Throh|Circle Throw|p1a: Mawile
|-damage|p1a: Mawile|89/100 slp
|-damage|p2a: Throh|84/100|[from] item: Rocky Helmet|[of] p1a: Mawile
|drag|p1a: Stoutland|Stoutland, F|100/100
|
|-heal|p2a: Throh|90/100|[from] item: Leftovers
|upkeep
|turn|10
|
|move|p1a: Stoutland|Strength|p2a: Throh
|-damage|p2a: Throh|40/100
|move|p2a: Throh|Circle Throw|p1a: Stoutland
|-supereffective|p1a: Stoutland
|-damage|p1a: Stoutland|69/100
|drag|p1a: Throh|Throh, M|57/100
|
|-heal|p2a: Throh|46/100|[from] item: Leftovers
|upkeep
|turn|11
|
|move|p1a: Throh|Storm Throw|p2a: Throh
|-crit|p2a: Throh
|-damage|p2a: Throh|10/100
|move|p2a: Throh|Rest|p2a: Throh
|-status|p2a: Throh|slp|[from] move: Rest
|-heal|p2a: Throh|100/100 slp|[silent]
|
|upkeep
|turn|12
|
|move|p1a: Throh|Knock Off|p2a: Throh
|-resisted|p2a: Throh
|-damage|p2a: Throh|87/100 slp
|-enditem|p2a: Throh|Leftovers|[from] move: Knock Off|[of] p1a: Throh
|cant|p2a: Throh|slp
|move|p2a: Throh|Sleep Talk|p2a: Throh
|move|p2a: Throh|Rest|p2a: Throh|[from]Sleep Talk
|-fail|p2a: Throh
|
|upkeep
|turn|13
|
|move|p1a: Throh|Storm Throw|p2a: Throh
|-crit|p2a: Throh
|-damage|p2a: Throh|50/100 slp
|cant|p2a: Throh|slp
|move|p2a: Throh|Sleep Talk|p2a: Throh
|move|p2a: Throh|Rest|p2a: Throh|[from]Sleep Talk
|-fail|p2a: Throh
|
|upkeep
|turn|14
|
|move|p1a: Throh|Storm Throw|p2a: Throh
|-crit|p2a: Throh
|-damage|p2a: Throh|13/100 slp
|-curestatus|p2a: Throh|slp|[msg]
|move|p2a: Throh|Rest|p2a: Throh
|-status|p2a: Throh|slp|[from] move: Rest
|-heal|p2a: Throh|100/100 slp|[silent]
|
|upkeep
|turn|15
|
|move|p1a: Throh|Storm Throw|p2a: Throh
|-crit|p2a: Throh
|-damage|p2a: Throh|64/100 slp
|cant|p2a: Throh|slp
|move|p2a: Throh|Sleep Talk|p2a: Throh
|move|p2a: Throh|Circle Throw|p1a: Throh|[from]Sleep Talk
|-damage|p1a: Throh|40/100
|drag|p1a: Dedenne|Dedenne, M|100/100
|
|upkeep
|turn|16
|
|move|p1a: Dedenne|Substitute|p1a: Dedenne
|-start|p1a: Dedenne|Substitute
|-damage|p1a: Dedenne|75/100
|cant|p2a: Throh|slp
|move|p2a: Throh|Sleep Talk|p2a: Throh
|move|p2a: Throh|Circle Throw|p1a: Dedenne|[from]Sleep Talk
|-resisted|p1a: Dedenne
|-activate|p1a: Dedenne|move: Substitute|[damage]
|
|upkeep
|turn|17
|
|move|p1a: Dedenne|Dazzling Gleam|p2a: Throh
|-supereffective|p2a: Throh
|-damage|p2a: Throh|31/100 slp
|-curestatus|p2a: Throh|slp|[msg]
|move|p2a: Throh|Circle Throw|p1a: Dedenne
|-resisted|p1a: Dedenne
|-end|p1a: Dedenne|Substitute
|
|upkeep
|turn|18
|c|☆Schizoption|zero
|
|move|p1a: Dedenne|Substitute|p1a: Dedenne
|-start|p1a: Dedenne|Substitute
|-damage|p1a: Dedenne|50/100
|move|p2a: Throh|Knock Off|p1a: Dedenne
|-resisted|p1a: Dedenne
|-activate|p1a: Dedenne|move: Substitute|[damage]
|
|upkeep
|turn|19
|
|move|p1a: Dedenne|Dazzling Gleam|p2a: Throh
|-supereffective|p2a: Throh
|-damage|p2a: Throh|2/100
|move|p2a: Throh|Circle Throw|p1a: Dedenne
|-resisted|p1a: Dedenne
|-activate|p1a: Dedenne|move: Substitute|[damage]
|
|upkeep
|turn|20
|
|move|p1a: Dedenne|Dazzling Gleam|p2a: Throh
|-supereffective|p2a: Throh
|-damage|p2a: Throh|0 fnt
|faint|p2a: Throh
|
|upkeep
|
|switch|p2a: Pikachu|Pikachu, F|100/100
|turn|21
|
|move|p2a: Pikachu|Fake Out|p1a: Dedenne
|-end|p1a: Dedenne|Substitute
|move|p1a: Dedenne|Substitute|p1a: Dedenne
|-start|p1a: Dedenne|Substitute
|-damage|p1a: Dedenne|25/100
|-enditem|p1a: Dedenne|Petaya Berry|[eat]
|-boost|p1a: Dedenne|spa|1|[from] item: Petaya Berry
|-heal|p1a: Dedenne|59/100|[from] ability: Cheek Pouch
|
|upkeep
|turn|22
|
|move|p2a: Pikachu|Extreme Speed|p1a: Dedenne
|-end|p1a: Dedenne|Substitute
|move|p1a: Dedenne|Dazzling Gleam|p2a: Pikachu
|-damage|p2a: Pikachu|0 fnt
|faint|p2a: Pikachu
|
|upkeep
|
|switch|p2a: Pawniard|Pawniard, M, shiny|100/100
|turn|23
|
|move|p1a: Dedenne|Thunderbolt|p2a: Pawniard
|-damage|p2a: Pawniard|17/100
|move|p2a: Pawniard|Knock Off|p1a: Dedenne
|-resisted|p1a: Dedenne
|-damage|p1a: Dedenne|40/100
|
|upkeep
|turn|24
|
|move|p1a: Dedenne|Thunderbolt|p2a: Pawniard
|-damage|p2a: Pawniard|0 fnt
|faint|p2a: Pawniard
|
|upkeep
|
|switch|p2a: Mr. Rime|Mr. Rime, M|100/100
|turn|25
|
|move|p1a: Dedenne|Thunderbolt|p2a: Mr. Rime
|-damage|p2a: Mr. Rime|54/100
|move|p2a: Mr. Rime|Psychic|p1a: Dedenne
|-damage|p1a: Dedenne|0 fnt
|faint|p1a: Dedenne
|
|upkeep
|
|switch|p1a: Seaking|Seaking, M|100/100
|turn|26
|
|move|p1a: Seaking|Knock Off|p2a: Mr. Rime
|-supereffective|p2a: Mr. Rime
|-damage|p2a: Mr. Rime|0 fnt
|-enditem|p2a: Mr. Rime|Heavy-Duty Boots|[from] move: Knock Off|[of] p1a: Seaking
|faint|p2a: Mr. Rime
|
|win|Schizoption
|c|☆Schizoption|scarf!
|c|☆Schizoption|il a tué
|c|☆Schizoption|:o
|c|☆Pichu and Pikachu.|lol
