|j|☆thedazedturtle
|j|☆DoubleMissMatt
|t:|1642374030
|gametype|singles
|player|p1|thedazedturtle|medium|1314
|player|p2|DoubleMissMatt|170|1483
|teamsize|p1|6
|teamsize|p2|6
|gen|8
|tier|[Gen 8] PU
|rated|
|rule|Sleep Clause Mod: Limit one foe put to sleep
|rule|Species Clause: Limit one of each Pokémon
|rule|OHKO Clause: OHKO moves are banned
|rule|Evasion Moves Clause: Evasion moves are banned
|rule|Endless Battle Clause: Forcing endless battles is banned
|rule|HP Percentage Mod: HP is shown in percentages
|rule|Dynamax Clause: You cannot dynamax
|clearpoke
|poke|p1|Rotom|
|poke|p1|Qwilfish, M|
|poke|p1|Articuno-Galar|
|poke|p1|Scrafty, M|
|poke|p1|Eldegoss, F|
|poke|p1|Togedemaru, M|
|poke|p2|Whimsicott, F|
|poke|p2|Lycanroc-Midnight, F|
|poke|p2|Qwilfish, F|
|poke|p2|Silvally-*|
|poke|p2|Jolteon, M|
|poke|p2|Mesprit|
|teampreview
|inactive|Battle timer is ON: inactive players will automatically lose when time's up. (requested by thedazedturtle)
|
|t:|1642374041
|start
|switch|p1a: Togedemaru|Togedemaru, M, shiny|100/100
|switch|p2a: Mesprit|Mesprit|100/100
|turn|1
|
|t:|1642374060
|move|p1a: Togedemaru|U-turn|p2a: Mesprit
|-supereffective|p2a: Mesprit
|-damage|p2a: Mesprit|61/100
|
|t:|1642374077
|switch|p1a: Scrafty|Scrafty, M|100/100|[from]move: U-turn
|move|p2a: Mesprit|Stealth Rock|p1a: Scrafty
|-sidestart|p1: thedazedturtle|move: Stealth Rock
|
|upkeep
|turn|2
|
|t:|1642374084
|switch|p1a: Articuno|Articuno-Galar|100/100
|switch|p2a: Qwilfish|Qwilfish, F|100/100
|-ability|p2a: Qwilfish|Intimidate|boost
|-unboost|p1a: Articuno|atk|1
|-ability|p1a: Articuno|Competitive
|-boost|p1a: Articuno|spa|2
|
|upkeep
|turn|3
|
|t:|1642374094
|switch|p2a: Mesprit|Mesprit|61/100
|move|p1a: Articuno|Future Sight|p2a: Mesprit
|-start|p1a: Articuno|move: Future Sight
|
|upkeep
|turn|4
|
|t:|1642374098
|move|p1a: Articuno|Air Slash|p2a: Mesprit
|-damage|p2a: Mesprit|22/100
|cant|p2a: Mesprit|flinch
|
|upkeep
|turn|5
|
|t:|1642374102
|move|p1a: Articuno|Air Slash|p2a: Mesprit
|-damage|p2a: Mesprit|0 fnt
|faint|p2a: Mesprit
|
|-hint|Future Sight did not hit because the target is fainted.
|upkeep
|
|t:|1642374108
|switch|p2a: Jolteon|Jolteon, M|100/100
|turn|6
|
|t:|1642374116
|switch|p1a: Eldegoss|Eldegoss, F|100/100
|move|p2a: Jolteon|Shadow Ball|p1a: Eldegoss
|-damage|p1a: Eldegoss|66/100
|-unboost|p1a: Eldegoss|spd|1
|
|upkeep
|turn|7
|
|t:|1642374143
|switch|p2a: Silvally|Silvally-Ghost|100/100
|switch|p1a: Scrafty|Scrafty, M|100/100
|-damage|p1a: Scrafty|95/100|[from] Stealth Rock
|
|-heal|p1a: Scrafty|100/100|[from] item: Leftovers
|upkeep
|turn|8
|inactive|thedazedturtle has 120 seconds left.
|
|t:|1642374160
|move|p2a: Silvally|U-turn|p1a: Scrafty
|-damage|p1a: Scrafty|80/100
|
|t:|1642374167
|switch|p2a: Qwilfish|Qwilfish, F|100/100|[from]move: U-turn
|-ability|p2a: Qwilfish|Intimidate|boost
|-unboost|p1a: Scrafty|atk|1
|move|p1a: Scrafty|Dragon Dance|p1a: Scrafty
|-boost|p1a: Scrafty|atk|1
|-boost|p1a: Scrafty|spe|1
|
|-heal|p1a: Scrafty|86/100|[from] item: Leftovers
|upkeep
|turn|9
|
|t:|1642374178
|move|p1a: Scrafty|Dragon Dance|p1a: Scrafty
|-boost|p1a: Scrafty|atk|1
|-boost|p1a: Scrafty|spe|1
|move|p2a: Qwilfish|Thunder Wave|p1a: Scrafty
|-status|p1a: Scrafty|par
|
|-activate|p1a: Scrafty|ability: Shed Skin
|-curestatus|p1a: Scrafty|par|[msg]
|-heal|p1a: Scrafty|92/100|[from] item: Leftovers
|upkeep
|turn|10
|
|t:|1642374188
|move|p1a: Scrafty|Knock Off|p2a: Qwilfish
|-damage|p2a: Qwilfish|23/100
|-damage|p1a: Scrafty|75/100|[from] item: Rocky Helmet|[of] p2a: Qwilfish
|-enditem|p2a: Qwilfish|Rocky Helmet|[from] move: Knock Off|[of] p1a: Scrafty
|move|p2a: Qwilfish|Thunder Wave|p1a: Scrafty
|-status|p1a: Scrafty|par
|
|-heal|p1a: Scrafty|81/100 par|[from] item: Leftovers
|upkeep
|turn|11
|
|t:|1642374200
|move|p2a: Qwilfish|Taunt|p1a: Scrafty
|-start|p1a: Scrafty|move: Taunt
|cant|p1a: Scrafty|par
|
|-activate|p1a: Scrafty|ability: Shed Skin
|-curestatus|p1a: Scrafty|par|[msg]
|-heal|p1a: Scrafty|87/100|[from] item: Leftovers
|upkeep
|turn|12
|
|t:|1642374210
|move|p1a: Scrafty|Poison Jab|p2a: Qwilfish
|-resisted|p2a: Qwilfish
|-damage|p2a: Qwilfish|2/100
|move|p2a: Qwilfish|Thunder Wave|p1a: Scrafty
|-status|p1a: Scrafty|par
|
|-heal|p1a: Scrafty|93/100 par|[from] item: Leftovers
|upkeep
|turn|13
|
|t:|1642374220
|move|p2a: Qwilfish|Liquidation|p1a: Scrafty
|-crit|p1a: Scrafty
|-damage|p1a: Scrafty|47/100 par
|-unboost|p1a: Scrafty|def|1
|move|p1a: Scrafty|Knock Off|p2a: Qwilfish
|-damage|p2a: Qwilfish|0 fnt
|faint|p2a: Qwilfish
|
|-heal|p1a: Scrafty|53/100 par|[from] item: Leftovers
|-end|p1a: Scrafty|move: Taunt
|upkeep
|
|t:|1642374223
|switch|p2a: Whimsicott|Whimsicott, F|100/100
|turn|14
|
|t:|1642374234
|switch|p1a: Articuno|Articuno-Galar|100/100
|move|p2a: Whimsicott|Moonblast|p1a: Articuno
|-damage|p1a: Articuno|65/100
|-unboost|p1a: Articuno|spa|1
|-ability|p1a: Articuno|Competitive
|-boost|p1a: Articuno|spa|2
|
|upkeep
|turn|15
|
|t:|1642374244
|switch|p2a: Jolteon|Jolteon, M|100/100
|move|p1a: Articuno|Future Sight|p2a: Jolteon
|-start|p1a: Articuno|move: Future Sight
|
|upkeep
|turn|16
|
|t:|1642374253
|switch|p1a: Eldegoss|Eldegoss, F|99/100
|move|p2a: Jolteon|Shadow Ball|p1a: Eldegoss
|-damage|p1a: Eldegoss|63/100
|
|upkeep
|turn|17
|
|t:|1642374268
|switch|p2a: Whimsicott|Whimsicott, F|100/100
|move|p1a: Eldegoss|Aromatherapy|p1a: Eldegoss
|-activate|p1a: Eldegoss|move: Aromatherapy
|-curestatus|p1: Scrafty|par|[msg]
|
|-end|p2a: Whimsicott|move: Future Sight
|-damage|p2a: Whimsicott|13/100
|upkeep
|turn|18
|
|t:|1642374276
|move|p2a: Whimsicott|U-turn|p1a: Eldegoss
|-supereffective|p1a: Eldegoss
|-damage|p1a: Eldegoss|44/100
|
|t:|1642374279
|switch|p2a: Silvally|Silvally-Ghost|100/100|[from]move: U-turn
|move|p1a: Eldegoss|Rapid Spin|p2a: Silvally
|-immune|p2a: Silvally
|
|upkeep
|turn|19
|
|t:|1642374285
|switch|p1a: Qwilfish|Qwilfish, M|100/100
|-damage|p1a: Qwilfish|88/100|[from] Stealth Rock
|-ability|p1a: Qwilfish|Intimidate|boost
|-unboost|p2a: Silvally|atk|1
|move|p2a: Silvally|Swords Dance|p2a: Silvally
|-boost|p2a: Silvally|atk|2
|
|-heal|p1a: Qwilfish|94/100|[from] item: Black Sludge
|upkeep
|turn|20
|
|t:|1642374295
|move|p2a: Silvally|Multi-Attack|p1a: Qwilfish
|-damage|p1a: Qwilfish|29/100
|move|p1a: Qwilfish|Poison Jab|p2a: Silvally
|-resisted|p2a: Silvally
|-damage|p2a: Silvally|86/100
|
|-heal|p1a: Qwilfish|35/100|[from] item: Black Sludge
|upkeep
|turn|21
|
|t:|1642374303
|move|p2a: Silvally|Swords Dance|p2a: Silvally
|-boost|p2a: Silvally|atk|2
|move|p1a: Qwilfish|Poison Jab|p2a: Silvally
|-resisted|p2a: Silvally
|-damage|p2a: Silvally|71/100
|
|-heal|p1a: Qwilfish|41/100|[from] item: Black Sludge
|upkeep
|turn|22
|
|t:|1642374311
|move|p2a: Silvally|Flame Charge|p1a: Qwilfish
|-resisted|p1a: Qwilfish
|-damage|p1a: Qwilfish|27/100
|-boost|p2a: Silvally|spe|1
|move|p1a: Qwilfish|Poison Jab|p2a: Silvally
|-resisted|p2a: Silvally
|-damage|p2a: Silvally|57/100
|-status|p2a: Silvally|psn
|
|-heal|p1a: Qwilfish|33/100|[from] item: Black Sludge
|-damage|p2a: Silvally|45/100 psn|[from] psn
|upkeep
|turn|23
|
|t:|1642374327
|switch|p1a: Scrafty|Scrafty, M|53/100
|-damage|p1a: Scrafty|47/100|[from] Stealth Rock
|move|p2a: Silvally|Multi-Attack|p1a: Scrafty
|-resisted|p1a: Scrafty
|-damage|p1a: Scrafty|0 fnt
|faint|p1a: Scrafty
|
|-damage|p2a: Silvally|33/100 psn|[from] psn
|upkeep
|j| Moo Moo MiIk
|
|t:|1642374347
|switch|p1a: Togedemaru|Togedemaru, M, shiny|100/100
|-damage|p1a: Togedemaru|95/100|[from] Stealth Rock
|turn|24
|
|t:|1642374355
|move|p2a: Silvally|Multi-Attack|p1a: Togedemaru
|-damage|p1a: Togedemaru|0 fnt
|-damage|p2a: Silvally|20/100 psn|[from] ability: Iron Barbs|[of] p1a: Togedemaru
|faint|p1a: Togedemaru
|
|-damage|p2a: Silvally|8/100 psn|[from] psn
|upkeep
|inactive|thedazedturtle has 120 seconds left.
|inactive|thedazedturtle has 90 seconds left.
|
|t:|1642374401
|switch|p1a: Rotom|Rotom|100/100
|-damage|p1a: Rotom|88/100|[from] Stealth Rock
|turn|25
|
|t:|1642374407
|move|p2a: Silvally|Multi-Attack|p1a: Rotom
|-supereffective|p1a: Rotom
|-damage|p1a: Rotom|0 fnt
|faint|p1a: Rotom
|
|-damage|p2a: Silvally|0 fnt|[from] psn
|faint|p2a: Silvally
|upkeep
|
|t:|1642374421
|switch|p2a: Lycanroc|Lycanroc-Midnight, F|100/100
|switch|p1a: Eldegoss|Eldegoss, F|77/100
|turn|26
|
|t:|1642374438
|move|p2a: Lycanroc|Stone Edge|p1a: Eldegoss
|-damage|p1a: Eldegoss|28/100
|-damage|p2a: Lycanroc|91/100|[from] item: Life Orb
|move|p1a: Eldegoss|Giga Drain|p2a: Lycanroc
|-supereffective|p2a: Lycanroc
|-damage|p2a: Lycanroc|32/100
|-heal|p1a: Eldegoss|56/100|[from] drain|[of] p2a: Lycanroc
|
|upkeep
|turn|27
|
|t:|1642374449
|move|p2a: Lycanroc|Stone Edge|p1a: Eldegoss
|-damage|p1a: Eldegoss|6/100
|-damage|p2a: Lycanroc|22/100|[from] item: Life Orb
|move|p1a: Eldegoss|Giga Drain|p2a: Lycanroc
|-supereffective|p2a: Lycanroc
|-damage|p2a: Lycanroc|0 fnt
|-heal|p1a: Eldegoss|17/100|[from] drain|[of] p2a: Lycanroc
|faint|p2a: Lycanroc
|
|upkeep
|
|t:|1642374454
|switch|p2a: Jolteon|Jolteon, M|100/100
|turn|28
|
|t:|1642374467
|switch|p1a: Qwilfish|Qwilfish, M|33/100
|-damage|p1a: Qwilfish|21/100|[from] Stealth Rock
|-ability|p1a: Qwilfish|Intimidate|boost
|-unboost|p2a: Jolteon|atk|1
|move|p2a: Jolteon|Shadow Ball|p1a: Qwilfish
|-damage|p1a: Qwilfish|0 fnt
|faint|p1a: Qwilfish
|
|upkeep
|
|t:|1642374486
|switch|p1a: Eldegoss|Eldegoss, F|50/100
|turn|29
|
|t:|1642374498
|move|p2a: Jolteon|Shadow Ball|p1a: Eldegoss
|-damage|p1a: Eldegoss|15/100
|move|p1a: Eldegoss|Giga Drain|p2a: Jolteon
|-damage|p2a: Jolteon|72/100
|-heal|p1a: Eldegoss|27/100|[from] drain|[of] p2a: Jolteon
|
|upkeep
|turn|30
|-message|thedazedturtle forfeited.
|
|win|DoubleMissMatt
|raw|thedazedturtle's rating: 1314 &rarr; <strong>1303</strong><br />(-11 for losing)
|raw|DoubleMissMatt's rating: 1483 &rarr; <strong>1494</strong><br />(+11 for winning)
|l|☆thedazedturtle
|l|☆DoubleMissMatt
