|j|☆mr milez
|j|☆Joke sets
|t:|1606464033
|player|p1|mr milez|battlegirl-gen4|
|player|p2|Joke sets|jasmine|
|teamsize|p1|6
|teamsize|p2|6
|gametype|singles
|gen|8
|tier|[Gen 8] PU
|rated|Tournament battle
|clearpoke
|poke|p1|Wishiwashi, M|
|poke|p1|Skuntank, F|
|poke|p1|Lycanroc, M|
|poke|p1|Sandaconda, M|
|poke|p1|Togedemaru, F|
|poke|p1|Rotom-Fan|
|poke|p2|Magnemite|
|poke|p2|Runerigus, F|
|poke|p2|Musharna, F|
|poke|p2|Poliwrath, M|
|poke|p2|Frosmoth, M|
|poke|p2|Skuntank, M|
|rule|Sleep Clause Mod: Limit one foe put to sleep
|rule|Species Clause: Limit one of each Pokémon
|rule|OHKO Clause: OHKO moves are banned
|rule|Evasion Moves Clause: Evasion moves are banned
|rule|Endless Battle Clause: Forcing endless battles is banned
|rule|HP Percentage Mod: HP is shown in percentages
|rule|Dynamax Clause: You cannot dynamax
|teampreview
|c|☆mr milez|glhf
|c|☆Joke sets|u2
|
|t:|1606464069
|start
|switch|p1a: Wishiwashi|Wishiwashi, M|100/100
|switch|p2a: Musharna|Musharna, F|100/100
|-formechange|p1a: Wishiwashi|Wishiwashi-School||[from] ability: Schooling
|turn|1
|
|t:|1606464085
|move|p2a: Musharna|Yawn|p1a: Wishiwashi
|-start|p1a: Wishiwashi|move: Yawn|[of] p2a: Musharna
|move|p1a: Wishiwashi|U-turn|p2a: Musharna
|-supereffective|p2a: Musharna
|-damage|p2a: Musharna|72/100
|
|t:|1606464090
|switch|p1a: Skuntank|Skuntank, F|100/100|[from]move: U-turn
|
|upkeep
|turn|2
|
|t:|1606464101
|switch|p2a: Skuntank|Skuntank, M|100/100
|move|p1a: Skuntank|Nasty Plot|p1a: Skuntank
|-boost|p1a: Skuntank|spa|2
|
|upkeep
|turn|3
|
|t:|1606464108
|move|p2a: Skuntank|Nasty Plot|p2a: Skuntank
|-boost|p2a: Skuntank|spa|2
|move|p1a: Skuntank|Dark Pulse|p2a: Skuntank
|-resisted|p2a: Skuntank
|-damage|p2a: Skuntank|43/100
|
|-heal|p2a: Skuntank|49/100|[from] item: Black Sludge
|upkeep
|turn|4
|
|t:|1606464115
|move|p2a: Skuntank|Fire Blast|p1a: Skuntank
|-crit|p1a: Skuntank
|-damage|p1a: Skuntank|0 fnt
|faint|p1a: Skuntank
|
|-heal|p2a: Skuntank|56/100|[from] item: Black Sludge
|upkeep
|
|t:|1606464134
|switch|p1a: Lycanroc|Lycanroc, M|100/100
|turn|5
|
|t:|1606464139
|switch|p2a: Runerigus|Runerigus, F|100/100
|move|p1a: Lycanroc|Stone Edge|p2a: Runerigus
|-resisted|p2a: Runerigus
|-damage|p2a: Runerigus|79/100
|-enditem|p2a: Runerigus|Eject Button
|-damage|p1a: Lycanroc|91/100|[from] item: Life Orb
|
|t:|1606464151
|switch|p2a: Musharna|Musharna, F|72/100
|
|upkeep
|turn|6
|
|t:|1606464163
|move|p1a: Lycanroc|Swords Dance|p1a: Lycanroc
|-boost|p1a: Lycanroc|atk|2
|move|p2a: Musharna|Yawn|p1a: Lycanroc
|-start|p1a: Lycanroc|move: Yawn|[of] p2a: Musharna
|
|upkeep
|turn|7
|
|t:|1606464169
|switch|p1a: Wishiwashi|Wishiwashi, M|100/100
|-formechange|p1a: Wishiwashi|Wishiwashi-School||[from] ability: Schooling
|move|p2a: Musharna|Trick|p1a: Wishiwashi
|-activate|p2a: Musharna|move: Trick|[of] p1a: Wishiwashi
|-item|p1a: Wishiwashi|Ring Target|[from] move: Trick
|-item|p2a: Musharna|Leftovers|[from] move: Trick
|
|-heal|p2a: Musharna|78/100|[from] item: Leftovers
|upkeep
|turn|8
|
|t:|1606464178
|move|p2a: Musharna|Future Sight|p1a: Wishiwashi
|-start|p2a: Musharna|move: Future Sight
|move|p1a: Wishiwashi|U-turn|p2a: Musharna
|-supereffective|p2a: Musharna
|-damage|p2a: Musharna|50/100
|
|t:|1606464185
|switch|p1a: Rotom|Rotom-Fan|100/100|[from]move: U-turn
|
|-heal|p2a: Musharna|56/100|[from] item: Leftovers
|upkeep
|turn|9
|
|t:|1606464193
|move|p1a: Rotom|Nasty Plot|p1a: Rotom
|-boost|p1a: Rotom|spa|2
|move|p2a: Musharna|Moonlight|p2a: Musharna
|-heal|p2a: Musharna|100/100
|
|upkeep
|turn|10
|
|t:|1606464201
|move|p1a: Rotom|Volt Switch|p2a: Musharna
|-damage|p2a: Musharna|55/100
|
|t:|1606464206
|switch|p1a: Togedemaru|Togedemaru, F|100/100|[from]move: Volt Switch
|move|p2a: Musharna|Yawn|p1a: Togedemaru
|-start|p1a: Togedemaru|move: Yawn|[of] p2a: Musharna
|
|-end|p1a: Togedemaru|move: Future Sight
|-resisted|p1a: Togedemaru
|-damage|p1a: Togedemaru|63/100
|-heal|p2a: Musharna|61/100|[from] item: Leftovers
|upkeep
|turn|11
|
|t:|1606464217
|move|p1a: Togedemaru|U-turn|p2a: Musharna
|-supereffective|p2a: Musharna
|-damage|p2a: Musharna|35/100
|
|t:|1606464232
|switch|p1a: Wishiwashi|Wishiwashi, M|100/100|[from]move: U-turn
|-formechange|p1a: Wishiwashi|Wishiwashi-School||[from] ability: Schooling
|move|p2a: Musharna|Moonlight|p2a: Musharna
|-heal|p2a: Musharna|85/100
|
|-heal|p2a: Musharna|91/100|[from] item: Leftovers
|upkeep
|turn|12
|
|t:|1606464254
|move|p2a: Musharna|Yawn|p1a: Wishiwashi
|-start|p1a: Wishiwashi|move: Yawn|[of] p2a: Musharna
|move|p1a: Wishiwashi|Toxic|p2a: Musharna
|-status|p2a: Musharna|tox
|-activate|p2a: Musharna|ability: Synchronize
|-status|p1a: Wishiwashi|tox
|
|-heal|p2a: Musharna|97/100 tox|[from] item: Leftovers
|-damage|p2a: Musharna|91/100 tox|[from] psn
|-damage|p1a: Wishiwashi|94/100 tox|[from] psn
|upkeep
|turn|13
|
|t:|1606464264
|move|p2a: Musharna|Trick|p1a: Wishiwashi
|-activate|p2a: Musharna|move: Trick|[of] p1a: Wishiwashi
|-item|p1a: Wishiwashi|Leftovers|[from] move: Trick
|-item|p2a: Musharna|Ring Target|[from] move: Trick
|move|p1a: Wishiwashi|U-turn|p2a: Musharna
|-supereffective|p2a: Musharna
|-damage|p2a: Musharna|63/100 tox
|
|t:|1606464276
|switch|p1a: Sandaconda|Sandaconda, M|100/100|[from]move: U-turn
|
|-damage|p2a: Musharna|51/100 tox|[from] psn
|upkeep
|turn|14
|
|t:|1606464291
|switch|p2a: Frosmoth|Frosmoth, M|100/100
|move|p1a: Sandaconda|Stealth Rock|p2a: Frosmoth
|-sidestart|p2: Joke sets|move: Stealth Rock
|
|upkeep
|turn|15
|
|t:|1606464299
|switch|p1a: Togedemaru|Togedemaru, F|63/100
|move|p2a: Frosmoth|Ice Beam|p1a: Togedemaru
|-resisted|p1a: Togedemaru
|-crit|p1a: Togedemaru
|-damage|p1a: Togedemaru|5/100
|
|upkeep
|turn|16
|
|t:|1606464313
|switch|p2a: Magnemite|Magnemite|100/100
|-damage|p2a: Magnemite|95/100|[from] Stealth Rock
|move|p1a: Togedemaru|U-turn|p2a: Magnemite
|-resisted|p2a: Magnemite
|-damage|p2a: Magnemite|83/100
|
|t:|1606464324
|switch|p1a: Lycanroc|Lycanroc, M|91/100|[from]move: U-turn
|
|upkeep
|turn|17
|j| Glaciallic
|
|t:|1606464333
|switch|p1a: Rotom|Rotom-Fan|100/100
|switch|p2a: Runerigus|Runerigus, F|79/100
|-damage|p2a: Runerigus|73/100|[from] Stealth Rock
|
|upkeep
|turn|18
|
|t:|1606464341
|move|p1a: Rotom|Nasty Plot|p1a: Rotom
|-boost|p1a: Rotom|spa|2
|move|p2a: Runerigus|Stealth Rock|p1a: Rotom
|-sidestart|p1: mr milez|move: Stealth Rock
|
|upkeep
|turn|19
|
|t:|1606464347
|move|p1a: Rotom|Air Slash|p2a: Runerigus
|-damage|p2a: Runerigus|20/100
|move|p2a: Runerigus|Poltergeist|p1a: Rotom
|-activate|p1a: Rotom|move: Poltergeist|Heavy-Duty Boots
|-damage|p1a: Rotom|54/100
|
|upkeep
|turn|20
|
|t:|1606464361
|move|p1a: Rotom|Air Slash|p2a: Runerigus
|-damage|p2a: Runerigus|0 fnt
|faint|p2a: Runerigus
|
|upkeep
|
|t:|1606464365
|switch|p2a: Magnemite|Magnemite|83/100
|-damage|p2a: Magnemite|77/100|[from] Stealth Rock
|turn|21
|
|t:|1606464374
|move|p1a: Rotom|Volt Switch|p2a: Magnemite
|-resisted|p2a: Magnemite
|-damage|p2a: Magnemite|18/100
|
|t:|1606464383
|switch|p1a: Togedemaru|Togedemaru, F|5/100|[from]move: Volt Switch
|-damage|p1a: Togedemaru|0 fnt|[from] Stealth Rock
|faint|p1a: Togedemaru
|move|p2a: Magnemite|Rain Dance|p2a: Magnemite
|-weather|RainDance
|
|-weather|RainDance|[upkeep]
|upkeep
|
|t:|1606464426
|switch|p1a: Lycanroc|Lycanroc, M|91/100
|-damage|p1a: Lycanroc|78/100|[from] Stealth Rock
|turn|22
|
|t:|1606464432
|move|p1a: Lycanroc|Close Combat|p2a: Magnemite
|-supereffective|p2a: Magnemite
|-damage|p2a: Magnemite|0 fnt
|-unboost|p1a: Lycanroc|def|1
|-unboost|p1a: Lycanroc|spd|1
|-damage|p1a: Lycanroc|69/100|[from] item: Life Orb
|faint|p2a: Magnemite
|
|-weather|RainDance|[upkeep]
|upkeep
|l| Glaciallic
|
|t:|1606464440
|switch|p2a: Poliwrath|Poliwrath, M|100/100
|-damage|p2a: Poliwrath|94/100|[from] Stealth Rock
|turn|23
|j| Glaciallic
|
|t:|1606464450
|switch|p1a: Wishiwashi|Wishiwashi, M|94/100 tox
|-damage|p1a: Wishiwashi|82/100 tox|[from] Stealth Rock
|-formechange|p1a: Wishiwashi|Wishiwashi-School||[from] ability: Schooling
|move|p2a: Poliwrath|Substitute|p2a: Poliwrath
|-start|p2a: Poliwrath|Substitute
|-damage|p2a: Poliwrath|69/100
|
|-weather|RainDance|[upkeep]
|-heal|p1a: Wishiwashi|88/100 tox|[from] item: Leftovers
|-damage|p1a: Wishiwashi|82/100 tox|[from] psn
|upkeep
|turn|24
|
|t:|1606464461
|move|p2a: Poliwrath|Belly Drum|p2a: Poliwrath
|-damage|p2a: Poliwrath|19/100
|-setboost|p2a: Poliwrath|atk|6|[from] move: Belly Drum
|-enditem|p2a: Poliwrath|Salac Berry|[eat]
|-boost|p2a: Poliwrath|spe|1|[from] item: Salac Berry
|move|p1a: Wishiwashi|Scald|p2a: Poliwrath
|-resisted|p2a: Poliwrath
|-end|p2a: Poliwrath|Substitute
|
|-weather|RainDance|[upkeep]
|-heal|p1a: Wishiwashi|88/100 tox|[from] item: Leftovers
|-damage|p1a: Wishiwashi|76/100 tox|[from] psn
|upkeep
|turn|25
|
|t:|1606464477
|switch|p1a: Sandaconda|Sandaconda, M|100/100
|-damage|p1a: Sandaconda|94/100|[from] Stealth Rock
|move|p2a: Poliwrath|Drain Punch|p1a: Sandaconda
|-damage|p1a: Sandaconda|17/100
|-heal|p2a: Poliwrath|61/100|[from] drain|[of] p1a: Sandaconda
|-damage|p2a: Poliwrath|45/100|[from] item: Rocky Helmet|[of] p1a: Sandaconda
|
|-weather|RainDance|[upkeep]
|upkeep
|turn|26
|l| Glaciallic
|
|t:|1606464489
|move|p2a: Poliwrath|Drain Punch|p1a: Sandaconda
|-damage|p1a: Sandaconda|0 fnt
|-heal|p2a: Poliwrath|54/100|[from] drain|[of] p1a: Sandaconda
|-damage|p2a: Poliwrath|37/100|[from] item: Rocky Helmet|[of] p1a: Sandaconda
|faint|p1a: Sandaconda
|
|-weather|RainDance|[upkeep]
|upkeep
|
|t:|1606464508
|switch|p1a: Wishiwashi|Wishiwashi, M|76/100 tox
|-damage|p1a: Wishiwashi|64/100 tox|[from] Stealth Rock
|-formechange|p1a: Wishiwashi|Wishiwashi-School||[from] ability: Schooling
|turn|27
|
|t:|1606464513
|move|p1a: Wishiwashi|Protect|p1a: Wishiwashi
|-singleturn|p1a: Wishiwashi|Protect
|move|p2a: Poliwrath|Drain Punch|p1a: Wishiwashi
|-activate|p1a: Wishiwashi|move: Protect
|
|-weather|RainDance|[upkeep]
|-heal|p1a: Wishiwashi|70/100 tox|[from] item: Leftovers
|-damage|p1a: Wishiwashi|64/100 tox|[from] psn
|upkeep
|turn|28
|
|t:|1606464521
|move|p2a: Poliwrath|Drain Punch|p1a: Wishiwashi
|-damage|p1a: Wishiwashi|0 fnt
|-heal|p2a: Poliwrath|66/100|[from] drain|[of] p1a: Wishiwashi
|faint|p1a: Wishiwashi
|
|-weather|none
|upkeep
|c|☆mr milez|gg
|-message|mr milez forfeited.
|
|win|Joke sets
|c|☆Joke sets|gg
|l|☆mr milez
