|j|☆Lecks
|j|☆sawkahtoa
|t:|1601833268
|player|p1|Lecks|thorton|1316
|player|p2|sawkahtoa|iris-gen5bw2|1335
|teamsize|p1|6
|teamsize|p2|6
|gametype|singles
|gen|8
|tier|[Gen 8] PU
|rated|
|clearpoke
|poke|p1|Grapploct, M|
|poke|p1|Mawile, F|
|poke|p1|Mr. Mime, M|
|poke|p1|Roselia, M|
|poke|p1|Silvally-*|
|poke|p1|Quagsire, F|
|poke|p2|Alcremie, F|
|poke|p2|Ferroseed, M|
|poke|p2|Sandslash, F|
|poke|p2|Sawk, M|
|poke|p2|Galvantula, F|
|poke|p2|Golduck, M|
|rule|Sleep Clause Mod: Limit one foe put to sleep
|rule|Species Clause: Limit one of each Pokémon
|rule|OHKO Clause: OHKO moves are banned
|rule|Evasion Moves Clause: Evasion moves are banned
|rule|Endless Battle Clause: Forcing endless battles is banned
|rule|HP Percentage Mod: HP is shown in percentages
|rule|Dynamax Clause: You cannot dynamax
|teampreview
|inactive|Battle timer is ON: inactive players will automatically lose when time's up. (requested by sawkahtoa)
|c|☆Lecks|hf
|c|☆sawkahtoa|u2
|
|t:|1601833288
|start
|switch|p1a: Silvally|Silvally-Dark|100/100
|switch|p2a: Galvantula|Galvantula, F|100/100
|turn|1
|
|t:|1601833294
|move|p2a: Galvantula|Bug Buzz|p1a: Silvally
|-supereffective|p1a: Silvally
|-damage|p1a: Silvally|17/100
|move|p1a: Silvally|Flame Charge|p2a: Galvantula
|-supereffective|p2a: Galvantula
|-damage|p2a: Galvantula|47/100
|-boost|p1a: Silvally|spe|1
|
|upkeep
|turn|2
|
|t:|1601833302
|switch|p2a: Alcremie|Alcremie, F|100/100
|move|p1a: Silvally|Flame Charge|p2a: Alcremie
|-damage|p2a: Alcremie|89/100
|-boost|p1a: Silvally|spe|1
|
|-heal|p2a: Alcremie|95/100|[from] item: Leftovers
|upkeep
|turn|3
|
|t:|1601833310
|switch|p1a: Roselia|Roselia, M|100/100
|switch|p2a: Sandslash|Sandslash, F|100/100
|
|upkeep
|turn|4
|
|t:|1601833316
|move|p2a: Sandslash|Knock Off|p1a: Roselia
|-damage|p1a: Roselia|68/100
|-enditem|p1a: Roselia|Eviolite|[from] move: Knock Off|[of] p2a: Sandslash
|move|p1a: Roselia|Giga Drain|p2a: Sandslash
|-supereffective|p2a: Sandslash
|-damage|p2a: Sandslash|21/100
|-heal|p1a: Roselia|100/100|[from] drain|[of] p2a: Sandslash
|
|upkeep
|turn|5
|
|t:|1601833324
|switch|p2a: Ferroseed|Ferroseed, M|100/100
|move|p1a: Roselia|Giga Drain|p2a: Ferroseed
|-resisted|p2a: Ferroseed
|-crit|p2a: Ferroseed
|-damage|p2a: Ferroseed|95/100
|
|upkeep
|turn|6
|
|t:|1601833336
|switch|p1a: Silvally|Silvally-Dark|17/100
|move|p2a: Ferroseed|Spikes|p1a: Silvally
|-sidestart|p1: Lecks|Spikes
|
|upkeep
|turn|7
|
|t:|1601833343
|move|p1a: Silvally|Swords Dance|p1a: Silvally
|-boost|p1a: Silvally|atk|2
|move|p2a: Ferroseed|Leech Seed|p1a: Silvally|[miss]
|-miss|p2a: Ferroseed|p1a: Silvally
|
|upkeep
|turn|8
|
|t:|1601833358
|switch|p2a: Alcremie|Alcremie, F|95/100
|move|p1a: Silvally|Flame Charge|p2a: Alcremie
|-damage|p2a: Alcremie|68/100
|-boost|p1a: Silvally|spe|1
|
|-heal|p2a: Alcremie|74/100|[from] item: Leftovers
|upkeep
|turn|9
|
|t:|1601833368
|switch|p1a: Roselia|Roselia, M|100/100
|-damage|p1a: Roselia|88/100|[from] Spikes
|move|p2a: Alcremie|Dazzling Gleam|p1a: Roselia
|-resisted|p1a: Roselia
|-damage|p1a: Roselia|73/100
|
|-heal|p2a: Alcremie|80/100|[from] item: Leftovers
|upkeep
|turn|10
|
|t:|1601833376
|switch|p2a: Ferroseed|Ferroseed, M|95/100
|move|p1a: Roselia|Spikes|p2a: Ferroseed
|-sidestart|p2: sawkahtoa|Spikes
|
|upkeep
|turn|11
|
|t:|1601833381
|switch|p1a: Mawile|Mawile, F|100/100
|-damage|p1a: Mawile|88/100|[from] Spikes
|-ability|p1a: Mawile|Intimidate|boost
|-unboost|p2a: Ferroseed|atk|1
|move|p2a: Ferroseed|Leech Seed|p1a: Mawile
|-start|p1a: Mawile|move: Leech Seed
|
|-damage|p1a: Mawile|75/100|[from] Leech Seed|[of] p2a: Ferroseed
|-heal|p2a: Ferroseed|100/100|[silent]
|upkeep
|turn|12
|
|t:|1601833391
|switch|p2a: Sandslash|Sandslash, F|21/100
|move|p1a: Mawile|Knock Off|p2a: Sandslash
|-damage|p2a: Sandslash|8/100
|-enditem|p2a: Sandslash|Heavy-Duty Boots|[from] move: Knock Off|[of] p1a: Mawile
|
|-damage|p1a: Mawile|63/100|[from] Leech Seed|[of] p2a: Sandslash
|-heal|p2a: Sandslash|18/100|[silent]
|upkeep
|turn|13
|
|t:|1601833400
|move|p2a: Sandslash|Rapid Spin|p1a: Mawile
|-resisted|p1a: Mawile
|-damage|p1a: Mawile|58/100
|-boost|p2a: Sandslash|spe|1
|-damage|p2a: Sandslash|2/100|[from] item: Rocky Helmet|[of] p1a: Mawile
|-sideend|p2: sawkahtoa|Spikes|[from] move: Rapid Spin|[of] p2a: Sandslash
|move|p1a: Mawile|Stealth Rock|p2a: Sandslash
|-sidestart|p2: sawkahtoa|move: Stealth Rock
|
|-damage|p1a: Mawile|46/100|[from] Leech Seed|[of] p2a: Sandslash
|-heal|p2a: Sandslash|12/100|[silent]
|upkeep
|turn|14
|
|t:|1601833409
|switch|p1a: Quagsire|Quagsire, F|100/100
|-damage|p1a: Quagsire|88/100|[from] Spikes
|move|p2a: Sandslash|Stealth Rock|p1a: Quagsire
|-sidestart|p1: Lecks|move: Stealth Rock
|
|-heal|p1a: Quagsire|94/100|[from] item: Leftovers
|upkeep
|turn|15
|
|t:|1601833416
|move|p2a: Sandslash|Rapid Spin|p1a: Quagsire
|-damage|p1a: Quagsire|86/100
|-boost|p2a: Sandslash|spe|1
|-sideend|p2: sawkahtoa|Stealth Rock|[from] move: Rapid Spin|[of] p2a: Sandslash
|move|p1a: Quagsire|Scald|p2a: Sandslash
|-supereffective|p2a: Sandslash
|-damage|p2a: Sandslash|0 fnt
|faint|p2a: Sandslash
|
|-heal|p1a: Quagsire|92/100|[from] item: Leftovers
|upkeep
|
|t:|1601833418
|switch|p2a: Galvantula|Galvantula, F|47/100
|turn|16
|
|t:|1601833427
|move|p2a: Galvantula|Energy Ball|p1a: Quagsire
|-supereffective|p1a: Quagsire
|-damage|p1a: Quagsire|0 fnt
|faint|p1a: Quagsire
|
|upkeep
|
|t:|1601833435
|switch|p1a: Roselia|Roselia, M|73/100
|-damage|p1a: Roselia|61/100|[from] Spikes
|-damage|p1a: Roselia|48/100|[from] Stealth Rock
|turn|17
|
|t:|1601833441
|move|p2a: Galvantula|Volt Switch|p1a: Roselia
|-resisted|p1a: Roselia
|-damage|p1a: Roselia|33/100
|
|t:|1601833444
|switch|p2a: Ferroseed|Ferroseed, M|100/100|[from]move: Volt Switch
|move|p1a: Roselia|Sludge Bomb|p2a: Ferroseed
|-immune|p2a: Ferroseed
|
|upkeep
|turn|18
|
|t:|1601833455
|switch|p1a: Grapploct|Grapploct, M|100/100
|-damage|p1a: Grapploct|94/100|[from] Stealth Rock
|-damage|p1a: Grapploct|82/100|[from] Spikes
|move|p2a: Ferroseed|Gyro Ball|p1a: Grapploct
|-damage|p1a: Grapploct|60/100
|
|-heal|p1a: Grapploct|66/100|[from] item: Leftovers
|upkeep
|turn|19
|
|t:|1601833464
|switch|p2a: Alcremie|Alcremie, F|80/100
|move|p1a: Grapploct|Drain Punch|p2a: Alcremie
|-resisted|p2a: Alcremie
|-damage|p2a: Alcremie|63/100
|-heal|p1a: Grapploct|74/100|[from] drain|[of] p2a: Alcremie
|
|-heal|p2a: Alcremie|69/100|[from] item: Leftovers
|-heal|p1a: Grapploct|80/100|[from] item: Leftovers
|upkeep
|turn|20
|
|t:|1601833475
|switch|p1a: Roselia|Roselia, M|33/100
|-damage|p1a: Roselia|21/100|[from] Stealth Rock
|-damage|p1a: Roselia|8/100|[from] Spikes
|move|p2a: Alcremie|Dazzling Gleam|p1a: Roselia
|-resisted|p1a: Roselia
|-damage|p1a: Roselia|0 fnt
|faint|p1a: Roselia
|
|-heal|p2a: Alcremie|75/100|[from] item: Leftovers
|upkeep
|
|t:|1601833491
|switch|p1a: Mr. Mime|Mr. Mime, M|100/100
|-damage|p1a: Mr. Mime|88/100|[from] Stealth Rock
|-damage|p1a: Mr. Mime|76/100|[from] Spikes
|turn|21
|
|t:|1601833504
|move|p1a: Mr. Mime|Psychic|p2a: Alcremie
|-damage|p2a: Alcremie|38/100
|move|p2a: Alcremie|Calm Mind|p2a: Alcremie
|-boost|p2a: Alcremie|spa|1
|-boost|p2a: Alcremie|spd|1
|
|-heal|p2a: Alcremie|44/100|[from] item: Leftovers
|upkeep
|turn|22
|
|t:|1601833511
|move|p1a: Mr. Mime|Psychic|p2a: Alcremie
|-damage|p2a: Alcremie|20/100
|move|p2a: Alcremie|Recover|p2a: Alcremie
|-heal|p2a: Alcremie|70/100
|
|-heal|p2a: Alcremie|76/100|[from] item: Leftovers
|upkeep
|turn|23
|
|t:|1601833518
|move|p1a: Mr. Mime|Psychic|p2a: Alcremie
|-damage|p2a: Alcremie|54/100
|move|p2a: Alcremie|Calm Mind|p2a: Alcremie
|-boost|p2a: Alcremie|spa|1
|-boost|p2a: Alcremie|spd|1
|
|-heal|p2a: Alcremie|60/100|[from] item: Leftovers
|upkeep
|turn|24
|
|t:|1601833524
|move|p1a: Mr. Mime|Psychic|p2a: Alcremie
|-damage|p2a: Alcremie|43/100
|move|p2a: Alcremie|Acid Armor|p2a: Alcremie
|-boost|p2a: Alcremie|def|2
|
|-heal|p2a: Alcremie|49/100|[from] item: Leftovers
|upkeep
|turn|25
|
|t:|1601833532
|move|p1a: Mr. Mime|Psychic|p2a: Alcremie
|-damage|p2a: Alcremie|34/100
|move|p2a: Alcremie|Recover|p2a: Alcremie
|-heal|p2a: Alcremie|84/100
|
|-heal|p2a: Alcremie|90/100|[from] item: Leftovers
|upkeep
|turn|26
|
|t:|1601833539
|switch|p1a: Mawile|Mawile, F|46/100
|-damage|p1a: Mawile|33/100|[from] Spikes
|-damage|p1a: Mawile|27/100|[from] Stealth Rock
|-ability|p1a: Mawile|Intimidate|boost
|-unboost|p2a: Alcremie|atk|1
|move|p2a: Alcremie|Dazzling Gleam|p1a: Mawile
|-resisted|p1a: Mawile
|-damage|p1a: Mawile|0 fnt
|faint|p1a: Mawile
|
|-heal|p2a: Alcremie|96/100|[from] item: Leftovers
|upkeep
|
|t:|1601833551
|switch|p1a: Mr. Mime|Mr. Mime, M|76/100
|-damage|p1a: Mr. Mime|64/100|[from] Stealth Rock
|-damage|p1a: Mr. Mime|52/100|[from] Spikes
|turn|27
|
|t:|1601833557
|move|p1a: Mr. Mime|Trick|p2a: Alcremie
|-activate|p1a: Mr. Mime|move: Trick|[of] p2a: Alcremie
|-item|p2a: Alcremie|Choice Scarf|[from] move: Trick
|-item|p1a: Mr. Mime|Leftovers|[from] move: Trick
|move|p2a: Alcremie|Dazzling Gleam|p1a: Mr. Mime
|-damage|p1a: Mr. Mime|0 fnt
|faint|p1a: Mr. Mime
|
|upkeep
|c|☆Lecks|gg
|c|☆sawkahtoa|gg
|inactive|Lecks has 120 seconds left.
|-message|Lecks forfeited.
|
|win|sawkahtoa
|l|☆Lecks
