|j|☆rthhjy
|j|☆yassy slay
|t:|1655378247
|gametype|singles
|player|p1|rthhjy|grimsley-gen7|1259
|player|p2|yassy slay|clown|1541
|teamsize|p1|6
|teamsize|p2|6
|gen|8
|tier|[Gen 8] PU
|rated|
|rule|Sleep Clause Mod: Limit one foe put to sleep
|rule|Species Clause: Limit one of each Pokémon
|rule|OHKO Clause: OHKO moves are banned
|rule|Evasion Moves Clause: Evasion moves are banned
|rule|Endless Battle Clause: Forcing endless battles is banned
|rule|HP Percentage Mod: HP is shown in percentages
|rule|Dynamax Clause: You cannot dynamax
|clearpoke
|poke|p1|Perrserker, M|
|poke|p1|Charizard, F|
|poke|p1|Ribombee, M|
|poke|p1|Jellicent, F|
|poke|p1|Sandaconda, F|
|poke|p1|Audino, F|
|poke|p2|Musharna, M|
|poke|p2|Ferroseed, F|
|poke|p2|Charizard, F|
|poke|p2|Ribombee, M|
|poke|p2|Frosmoth, F|
|poke|p2|Dubwool, F|
|teampreview
|inactive|Battle timer is ON: inactive players will automatically lose when time's up. (requested by rthhjy)
|inactive|yassy slay has 120 seconds left.
|inactive|yassy slay has 90 seconds left.
|
|t:|1655378340
|start
|switch|p1a: Perrserker|Perrserker, M|100/100
|switch|p2a: Ribombee|Ribombee, M|100/100
|turn|1
|
|t:|1655378347
|move|p2a: Ribombee|U-turn|p1a: Perrserker
|-resisted|p1a: Perrserker
|-damage|p1a: Perrserker|92/100
|
|t:|1655378348
|switch|p2a: Dubwool|Dubwool, F|100/100|[from]move: U-turn
|move|p1a: Perrserker|U-turn|p2a: Dubwool
|-damage|p2a: Dubwool|86/100
|
|t:|1655378356
|switch|p1a: Jellicent|Jellicent, F|100/100|[from]move: U-turn
|
|-heal|p2a: Dubwool|92/100|[from] item: Leftovers
|upkeep
|turn|2
|
|t:|1655378361
|switch|p2a: Ferroseed|Ferroseed, F|100/100
|move|p1a: Jellicent|Trick|p2a: Ferroseed
|-activate|p1a: Jellicent|move: Trick|[of] p2a: Ferroseed
|-item|p2a: Ferroseed|Choice Specs|[from] move: Trick
|-item|p1a: Jellicent|Eviolite|[from] move: Trick
|
|upkeep
|turn|3
|
|t:|1655378372
|switch|p1a: Charizard|Charizard, F, shiny|100/100
|move|p2a: Ferroseed|Stealth Rock|p1a: Charizard
|-sidestart|p1: rthhjy|move: Stealth Rock
|
|upkeep
|turn|4
|
|t:|1655378375
|switch|p2a: Musharna|Musharna, M|100/100
|move|p1a: Charizard|Defog|p2a: Musharna
|-unboost|p2a: Musharna|evasion|1
|-sideend|p1: rthhjy|Stealth Rock|[from] move: Defog|[of] p1a: Charizard
|
|upkeep
|turn|5
|
|t:|1655378378
|switch|p1a: Audino|Audino, F|100/100
|move|p2a: Musharna|Future Sight|p1a: Audino
|-start|p2a: Musharna|move: Future Sight
|
|upkeep
|turn|6
|
|t:|1655378380
|move|p1a: Audino|Toxic|p2a: Musharna
|-status|p2a: Musharna|tox
|-activate|p2a: Musharna|ability: Synchronize
|-status|p1a: Audino|tox
|move|p2a: Musharna|Yawn||[still]
|-fail|p2a: Musharna
|
|-damage|p1a: Audino|94/100 tox|[from] psn
|-damage|p2a: Musharna|94/100 tox|[from] psn
|upkeep
|turn|7
|
|t:|1655378386
|move|p1a: Audino|Knock Off|p2a: Musharna
|-supereffective|p2a: Musharna
|-damage|p2a: Musharna|68/100 tox
|-enditem|p2a: Musharna|Heavy-Duty Boots|[from] move: Knock Off|[of] p1a: Audino
|move|p2a: Musharna|Heal Bell|p2a: Musharna
|-activate|p2a: Musharna|move: Heal Bell
|-curestatus|p2a: Musharna|tox|[msg]
|
|-end|p1a: Audino|move: Future Sight
|-damage|p1a: Audino|67/100 tox
|-damage|p1a: Audino|54/100 tox|[from] psn
|upkeep
|turn|8
|
|t:|1655378393
|switch|p1a: Jellicent|Jellicent, F|100/100
|move|p2a: Musharna|Future Sight|p1a: Jellicent
|-start|p2a: Musharna|move: Future Sight
|
|upkeep
|turn|9
|
|t:|1655378397
|move|p1a: Jellicent|Water Spout|p2a: Musharna
|-damage|p2a: Musharna|27/100
|move|p2a: Musharna|Moonlight|p2a: Musharna
|-heal|p2a: Musharna|77/100
|
|upkeep
|turn|10
|
|t:|1655378402
|move|p1a: Jellicent|Shadow Ball|p2a: Musharna
|-supereffective|p2a: Musharna
|-damage|p2a: Musharna|40/100
|move|p2a: Musharna|Yawn|p1a: Jellicent
|-start|p1a: Jellicent|move: Yawn|[of] p2a: Musharna
|
|-end|p1a: Jellicent|move: Future Sight
|-damage|p1a: Jellicent|58/100
|upkeep
|turn|11
|
|t:|1655378407
|switch|p1a: Audino|Audino, F|88/100 tox
|move|p2a: Musharna|Moonlight|p2a: Musharna
|-heal|p2a: Musharna|90/100
|
|-damage|p1a: Audino|81/100 tox|[from] psn
|upkeep
|turn|12
|
|t:|1655378416
|switch|p2a: Ferroseed|Ferroseed, F|100/100
|move|p1a: Audino|Wish|p1a: Audino
|
|-damage|p1a: Audino|69/100 tox|[from] psn
|upkeep
|turn|13
|
|t:|1655378419
|switch|p1a: Jellicent|Jellicent, F|58/100
|move|p2a: Ferroseed|Stealth Rock|p1a: Jellicent
|-sidestart|p1: rthhjy|move: Stealth Rock
|
|-heal|p1a: Jellicent|100/100|[from] move: Wish|[wisher] Audino
|upkeep
|turn|14
|
|t:|1655378426
|switch|p2a: Frosmoth|Frosmoth, F|100/100
|move|p1a: Jellicent|Shadow Ball|p2a: Frosmoth
|-damage|p2a: Frosmoth|81/100
|
|upkeep
|turn|15
|
|t:|1655378430
|switch|p1a: Charizard|Charizard, F, shiny|100/100
|move|p2a: Frosmoth|Ice Beam|p1a: Charizard
|-damage|p1a: Charizard|56/100
|
|upkeep
|turn|16
|
|t:|1655378436
|switch|p2a: Musharna|Musharna, M|90/100
|move|p1a: Charizard|Roost|p1a: Charizard
|-heal|p1a: Charizard|100/100
|-singleturn|p1a: Charizard|move: Roost
|
|upkeep
|turn|17
|
|t:|1655378439
|move|p1a: Charizard|Defog|p2a: Musharna
|-unboost|p2a: Musharna|evasion|1
|-sideend|p1: rthhjy|Stealth Rock|[from] move: Defog|[of] p1a: Charizard
|move|p2a: Musharna|Future Sight|p1a: Charizard
|-start|p2a: Musharna|move: Future Sight
|
|upkeep
|turn|18
|
|t:|1655378459
|move|p1a: Charizard|Mystical Fire|p2a: Musharna
|-damage|p2a: Musharna|72/100
|-unboost|p2a: Musharna|spa|1
|move|p2a: Musharna|Yawn|p1a: Charizard
|-start|p1a: Charizard|move: Yawn|[of] p2a: Musharna
|
|upkeep
|turn|19
|
|t:|1655378471
|switch|p1a: Audino|Audino, F|100/100 tox
|switch|p2a: Ribombee|Ribombee, M|100/100
|
|-end|p1a: Audino|move: Future Sight
|-damage|p1a: Audino|71/100 tox
|-damage|p1a: Audino|65/100 tox|[from] psn
|upkeep
|turn|20
|
|t:|1655378478
|move|p2a: Ribombee|Moonblast|p1a: Audino
|-damage|p1a: Audino|26/100 tox
|-unboost|p1a: Audino|spa|1
|move|p1a: Audino|Toxic|p2a: Ribombee
|-status|p2a: Ribombee|tox
|
|-damage|p2a: Ribombee|94/100 tox|[from] psn
|-damage|p1a: Audino|14/100 tox|[from] psn
|upkeep
|turn|21
|
|t:|1655378486
|switch|p2a: Musharna|Musharna, M|72/100
|switch|p1a: Charizard|Charizard, F, shiny|100/100
|
|upkeep
|turn|22
|
|t:|1655378488
|switch|p1a: Audino|Audino, F|47/100 tox
|move|p2a: Musharna|Future Sight|p1a: Audino
|-start|p2a: Musharna|move: Future Sight
|
|-damage|p1a: Audino|41/100 tox|[from] psn
|upkeep
|turn|23
|
|t:|1655378492
|switch|p1a: Perrserker|Perrserker, M|92/100
|switch|p2a: Frosmoth|Frosmoth, F|81/100
|
|upkeep
|turn|24
|
|t:|1655378495
|switch|p2a: Ferroseed|Ferroseed, F|100/100
|move|p1a: Perrserker|U-turn|p2a: Ferroseed
|-damage|p2a: Ferroseed|60/100
|-damage|p1a: Perrserker|80/100|[from] ability: Iron Barbs|[of] p2a: Ferroseed
|
|t:|1655378499
|switch|p1a: Charizard|Charizard, F, shiny|100/100|[from]move: U-turn
|
|-end|p1a: Charizard|move: Future Sight
|-damage|p1a: Charizard|50/100
|upkeep
|turn|25
|
|t:|1655378504
|move|p1a: Charizard|Roost|p1a: Charizard
|-heal|p1a: Charizard|100/100
|-singleturn|p1a: Charizard|move: Roost
|move|p2a: Ferroseed|Knock Off|p1a: Charizard
|-damage|p1a: Charizard|86/100
|-enditem|p1a: Charizard|Heavy-Duty Boots|[from] move: Knock Off|[of] p2a: Ferroseed
|
|upkeep
|turn|26
|
|t:|1655378507
|switch|p2a: Musharna|Musharna, M|72/100
|move|p1a: Charizard|Mystical Fire|p2a: Musharna
|-damage|p2a: Musharna|57/100
|-unboost|p2a: Musharna|spa|1
|
|upkeep
|turn|27
|
|t:|1655378515
|switch|p1a: Jellicent|Jellicent, F|100/100
|move|p2a: Musharna|Future Sight|p1a: Jellicent
|-start|p2a: Musharna|move: Future Sight
|
|upkeep
|turn|28
|
|t:|1655378519
|switch|p2a: Frosmoth|Frosmoth, F|81/100
|move|p1a: Jellicent|Trick|p2a: Frosmoth
|-activate|p1a: Jellicent|move: Trick|[of] p2a: Frosmoth
|-item|p2a: Frosmoth|Eviolite|[from] move: Trick
|-item|p1a: Jellicent|Heavy-Duty Boots|[from] move: Trick
|
|upkeep
|turn|29
|
|t:|1655378525
|switch|p1a: Charizard|Charizard, F, shiny|86/100
|move|p2a: Frosmoth|Quiver Dance|p2a: Frosmoth
|-boost|p2a: Frosmoth|spa|1
|-boost|p2a: Frosmoth|spd|1
|-boost|p2a: Frosmoth|spe|1
|
|-end|p1a: Charizard|move: Future Sight
|-damage|p1a: Charizard|36/100
|upkeep
|turn|30
|
|t:|1655378528
|move|p2a: Frosmoth|Ice Beam|p1a: Charizard
|-damage|p1a: Charizard|0 fnt
|faint|p1a: Charizard
|
|upkeep
|
|t:|1655378531
|switch|p1a: Perrserker|Perrserker, M|80/100
|turn|31
|
|t:|1655378537
|switch|p2a: Ferroseed|Ferroseed, F|60/100
|move|p1a: Perrserker|Iron Head|p2a: Ferroseed
|-resisted|p2a: Ferroseed
|-damage|p2a: Ferroseed|5/100
|-damage|p1a: Perrserker|67/100|[from] ability: Iron Barbs|[of] p2a: Ferroseed
|
|upkeep
|turn|32
|
|t:|1655378544
|move|p1a: Perrserker|Iron Head|p2a: Ferroseed
|-resisted|p2a: Ferroseed
|-damage|p2a: Ferroseed|0 fnt
|-damage|p1a: Perrserker|55/100|[from] ability: Iron Barbs|[of] p2a: Ferroseed
|faint|p2a: Ferroseed
|
|upkeep
|
|t:|1655378548
|switch|p2a: Charizard|Charizard, F|100/100
|turn|33
|
|t:|1655378551
|switch|p1a: Audino|Audino, F|74/100 tox
|move|p2a: Charizard|Flamethrower|p1a: Audino
|-damage|p1a: Audino|47/100 tox
|
|-damage|p1a: Audino|41/100 tox|[from] psn
|upkeep
|turn|34
|
|t:|1655378556
|switch|p1a: Jellicent|Jellicent, F|100/100
|move|p2a: Charizard|Flamethrower|p1a: Jellicent
|-resisted|p1a: Jellicent
|-damage|p1a: Jellicent|82/100
|
|upkeep
|turn|35
|
|t:|1655378561
|switch|p2a: Frosmoth|Frosmoth, F|81/100
|move|p1a: Jellicent|Hydro Pump|p2a: Frosmoth
|-damage|p2a: Frosmoth|55/100
|
|upkeep
|turn|36
|
|t:|1655378569
|switch|p1a: Perrserker|Perrserker, M|55/100
|move|p2a: Frosmoth|Substitute|p2a: Frosmoth
|-start|p2a: Frosmoth|Substitute
|-damage|p2a: Frosmoth|30/100
|
|upkeep
|turn|37
|
|t:|1655378571
|move|p2a: Frosmoth|Ice Beam|p1a: Perrserker
|-resisted|p1a: Perrserker
|-damage|p1a: Perrserker|17/100
|move|p1a: Perrserker|Iron Head|p2a: Frosmoth
|-supereffective|p2a: Frosmoth
|-crit|p2a: Frosmoth
|-end|p2a: Frosmoth|Substitute
|
|upkeep
|turn|38
|
|t:|1655378574
|move|p2a: Frosmoth|Ice Beam|p1a: Perrserker
|-resisted|p1a: Perrserker
|-damage|p1a: Perrserker|0 fnt
|faint|p1a: Perrserker
|
|upkeep
|
|t:|1655378582
|switch|p1a: Jellicent|Jellicent, F|82/100
|turn|39
|
|t:|1655378584
|move|p2a: Frosmoth|Giga Drain|p1a: Jellicent
|-supereffective|p1a: Jellicent
|-damage|p1a: Jellicent|36/100
|-heal|p2a: Frosmoth|54/100|[from] drain|[of] p1a: Jellicent
|move|p1a: Jellicent|Water Spout|p2a: Frosmoth
|-damage|p2a: Frosmoth|40/100
|
|upkeep
|turn|40
|-message|rthhjy forfeited.
|
|win|yassy slay
|raw|rthhjy's rating: 1259 &rarr; <strong>1251</strong><br />(-8 for losing)
|raw|yassy slay's rating: 1541 &rarr; <strong>1548</strong><br />(+7 for winning)
|l|☆rthhjy
