|j|☆GammaGoGamma
|j|☆SirMrWail
|inactive|Battle timer is ON: inactive players will automatically lose when time's up.
|t:|1635378075
|gametype|singles
|player|p1|GammaGoGamma|giovanni|
|player|p2|SirMrWail|2|
|teamsize|p1|6
|teamsize|p2|6
|gen|8
|tier|[Gen 8] PU
|rated|Tournament battle
|rule|Sleep Clause Mod: Limit one foe put to sleep
|rule|Species Clause: Limit one of each Pokémon
|rule|OHKO Clause: OHKO moves are banned
|rule|Evasion Moves Clause: Evasion moves are banned
|rule|Endless Battle Clause: Forcing endless battles is banned
|rule|HP Percentage Mod: HP is shown in percentages
|rule|Dynamax Clause: You cannot dynamax
|clearpoke
|poke|p1|Articuno-Galar|
|poke|p1|Absol, M|
|poke|p1|Gigalith, M|
|poke|p1|Weezing, F|
|poke|p1|Hitmontop, M|
|poke|p1|Rotom|
|poke|p2|Whimsicott, M|
|poke|p2|Froslass, F|
|poke|p2|Archeops, M|
|poke|p2|Silvally-*|
|poke|p2|Quagsire, F|
|poke|p2|Scrafty, F|
|teampreview
|j|*Lady Monita ☽
|inactive|SirMrWail also wants the timer to be on.
|c|☆SirMrWail|glhf
|c|☆GammaGoGamma|u2
|
|t:|1635378084
|start
|switch|p1a: Rotom|Rotom, shiny|100/100
|switch|p2a: Froslass|Froslass, F|100/100
|turn|1
|inactive|GammaGoGamma has 120 seconds left.
|
|t:|1635378119
|move|p1a: Rotom|Shadow Ball|p2a: Froslass
|-supereffective|p2a: Froslass
|-enditem|p2a: Froslass|Focus Sash
|-damage|p2a: Froslass|1/100
|-unboost|p2a: Froslass|spd|1
|-start|p1a: Rotom|Disable|Shadow Ball|[from] ability: Cursed Body|[of] p2a: Froslass
|move|p2a: Froslass|Spikes|p1a: Rotom
|-sidestart|p1: GammaGoGamma|Spikes
|
|upkeep
|turn|2
|j| wesh papillon
|
|t:|1635378130
|switch|p2a: Scrafty|Scrafty, F|100/100
|-activate|p1a: Rotom|move: Struggle
|move|p1a: Rotom|Struggle|p2a: Scrafty
|-damage|p2a: Scrafty|95/100
|-damage|p1a: Rotom|76/100|[from] recoil
|
|-heal|p2a: Scrafty|100/100|[from] item: Leftovers
|upkeep
|turn|3
|
|t:|1635378136
|switch|p1a: Weezing|Weezing, F|100/100
|move|p2a: Scrafty|Knock Off|p1a: Weezing
|-damage|p1a: Weezing|81/100
|-enditem|p1a: Weezing|Black Sludge|[from] move: Knock Off|[of] p2a: Scrafty
|
|upkeep
|turn|4
|
|t:|1635378140
|move|p1a: Weezing|Toxic Spikes|p2a: Scrafty
|-sidestart|p2: SirMrWail|move: Toxic Spikes
|move|p2a: Scrafty|Bulk Up|p2a: Scrafty
|-boost|p2a: Scrafty|atk|1
|-boost|p2a: Scrafty|def|1
|
|upkeep
|turn|5
|
|t:|1635378146
|move|p1a: Weezing|Toxic Spikes|p2a: Scrafty
|-sidestart|p2: SirMrWail|move: Toxic Spikes
|move|p2a: Scrafty|Bulk Up|p2a: Scrafty
|-boost|p2a: Scrafty|atk|1
|-boost|p2a: Scrafty|def|1
|
|upkeep
|turn|6
|
|t:|1635378149
|move|p1a: Weezing|Sludge Bomb|p2a: Scrafty
|-damage|p2a: Scrafty|83/100
|-status|p2a: Scrafty|psn
|move|p2a: Scrafty|Knock Off|p1a: Weezing
|-damage|p1a: Weezing|55/100
|
|-heal|p2a: Scrafty|89/100 psn|[from] item: Leftovers
|-damage|p2a: Scrafty|77/100 psn|[from] psn
|upkeep
|turn|7
|
|t:|1635378162
|switch|p1a: Hitmontop|Hitmontop, M|100/100
|-damage|p1a: Hitmontop|88/100|[from] Spikes
|move|p2a: Scrafty|Knock Off|p1a: Hitmontop
|-resisted|p1a: Hitmontop
|-damage|p1a: Hitmontop|51/100
|-enditem|p1a: Hitmontop|Assault Vest|[from] move: Knock Off|[of] p2a: Scrafty
|
|-heal|p2a: Scrafty|83/100 psn|[from] item: Leftovers
|-damage|p2a: Scrafty|71/100 psn|[from] psn
|upkeep
|turn|8
|
|t:|1635378167
|switch|p2a: Froslass|Froslass, F|1/100
|-status|p2a: Froslass|tox
|move|p1a: Hitmontop|Rapid Spin|p2a: Froslass
|-immune|p2a: Froslass
|
|-damage|p2a: Froslass|0 fnt|[from] psn
|faint|p2a: Froslass
|upkeep
|
|t:|1635378172
|switch|p2a: Silvally|Silvally-Poison|100/100
|-sideend|p2: SirMrWail|move: Toxic Spikes|[of] p2a: Silvally
|turn|9
|
|t:|1635378177
|switch|p1a: Weezing|Weezing, F|55/100
|move|p2a: Silvally|Swords Dance|p2a: Silvally
|-boost|p2a: Silvally|atk|2
|
|upkeep
|turn|10
|
|t:|1635378180
|move|p2a: Silvally|Multi-Attack|p1a: Weezing
|-resisted|p1a: Weezing
|-damage|p1a: Weezing|22/100
|move|p1a: Weezing|Will-O-Wisp|p2a: Silvally
|-status|p2a: Silvally|brn
|
|-damage|p2a: Silvally|94/100 brn|[from] brn
|upkeep
|turn|11
|
|t:|1635378184
|move|p2a: Silvally|Swords Dance|p2a: Silvally
|-boost|p2a: Silvally|atk|2
|move|p1a: Weezing|Pain Split|p2a: Silvally
|-sethp|p2a: Silvally|58/100 brn|[from] move: Pain Split|[silent]
|-sethp|p1a: Weezing|58/100|[from] move: Pain Split
|
|-damage|p2a: Silvally|52/100 brn|[from] brn
|upkeep
|turn|12
|
|t:|1635378187
|move|p2a: Silvally|Swords Dance|p2a: Silvally
|-boost|p2a: Silvally|atk|2
|move|p1a: Weezing|Sludge Bomb|p2a: Silvally
|-resisted|p2a: Silvally
|-damage|p2a: Silvally|38/100 brn
|
|-damage|p2a: Silvally|32/100 brn|[from] brn
|upkeep
|turn|13
|
|t:|1635378191
|move|p2a: Silvally|Multi-Attack|p1a: Weezing
|-resisted|p1a: Weezing
|-damage|p1a: Weezing|22/100
|move|p1a: Weezing|Pain Split|p2a: Silvally
|-sethp|p2a: Silvally|27/100 brn|[from] move: Pain Split|[silent]
|-sethp|p1a: Weezing|27/100|[from] move: Pain Split
|
|-damage|p2a: Silvally|21/100 brn|[from] brn
|upkeep
|turn|14
|
|t:|1635378200
|move|p2a: Silvally|Multi-Attack|p1a: Weezing
|-resisted|p1a: Weezing
|-damage|p1a: Weezing|0 fnt
|faint|p1a: Weezing
|
|-damage|p2a: Silvally|15/100 brn|[from] brn
|upkeep
|
|t:|1635378203
|switch|p1a: Rotom|Rotom, shiny|76/100
|turn|15
|
|t:|1635378211
|switch|p2a: Quagsire|Quagsire, F|100/100
|move|p1a: Rotom|Shadow Ball|p2a: Quagsire
|-damage|p2a: Quagsire|72/100
|
|-heal|p2a: Quagsire|78/100|[from] item: Leftovers
|upkeep
|turn|16
|
|t:|1635378218
|switch|p1a: Hitmontop|Hitmontop, M|51/100
|-damage|p1a: Hitmontop|38/100|[from] Spikes
|move|p2a: Quagsire|Curse|p2a: Quagsire
|-unboost|p2a: Quagsire|spe|1
|-boost|p2a: Quagsire|atk|1
|-boost|p2a: Quagsire|def|1
|
|-heal|p2a: Quagsire|84/100|[from] item: Leftovers
|upkeep
|turn|17
|
|t:|1635378221
|move|p1a: Hitmontop|Rapid Spin|p2a: Quagsire
|-damage|p2a: Quagsire|68/100
|-boost|p1a: Hitmontop|spe|1
|-sideend|p1: GammaGoGamma|Spikes|[from] move: Rapid Spin|[of] p1a: Hitmontop
|move|p2a: Quagsire|Curse|p2a: Quagsire
|-unboost|p2a: Quagsire|spe|1
|-boost|p2a: Quagsire|atk|1
|-boost|p2a: Quagsire|def|1
|
|-heal|p2a: Quagsire|74/100|[from] item: Leftovers
|upkeep
|turn|18
|
|t:|1635378226
|move|p1a: Hitmontop|Triple Axel|p2a: Quagsire
|-damage|p2a: Quagsire|70/100
|-damage|p2a: Quagsire|60/100
|-damage|p2a: Quagsire|45/100
|-hitcount|p2a: Quagsire|3
|move|p2a: Quagsire|Liquidation|p1a: Hitmontop
|-damage|p1a: Hitmontop|0 fnt
|faint|p1a: Hitmontop
|
|-heal|p2a: Quagsire|51/100|[from] item: Leftovers
|upkeep
|
|t:|1635378233
|switch|p1a: Articuno|Articuno-Galar|100/100
|turn|19
|
|t:|1635378238
|move|p1a: Articuno|Hurricane|p2a: Quagsire
|-damage|p2a: Quagsire|6/100
|move|p2a: Quagsire|Recover|p2a: Quagsire
|-heal|p2a: Quagsire|56/100
|
|-heal|p2a: Quagsire|62/100|[from] item: Leftovers
|upkeep
|turn|20
|
|t:|1635378244
|move|p1a: Articuno|Future Sight|p2a: Quagsire
|-start|p1a: Articuno|move: Future Sight
|move|p2a: Quagsire|Liquidation|p1a: Articuno
|-crit|p1a: Articuno
|-damage|p1a: Articuno|0 fnt
|faint|p1a: Articuno
|
|-heal|p2a: Quagsire|69/100|[from] item: Leftovers
|upkeep
|
|t:|1635378248
|switch|p1a: Rotom|Rotom, shiny|76/100
|turn|21
|
|t:|1635378251
|switch|p2a: Scrafty|Scrafty, F|71/100 psn
|move|p1a: Rotom|Shadow Ball|p2a: Scrafty
|-resisted|p2a: Scrafty
|-damage|p2a: Scrafty|60/100 psn
|
|-activate|p2a: Scrafty|ability: Shed Skin
|-curestatus|p2a: Scrafty|psn|[msg]
|-heal|p2a: Scrafty|66/100|[from] item: Leftovers
|upkeep
|turn|22
|
|t:|1635378254
|switch|p1a: Absol|Absol, M, shiny|100/100
|move|p2a: Scrafty|Knock Off|p1a: Absol
|-resisted|p1a: Absol
|-damage|p1a: Absol|73/100
|-ability|p1a: Absol|Justified|boost
|-boost|p1a: Absol|atk|1
|-enditem|p1a: Absol|Life Orb|[from] move: Knock Off|[of] p2a: Scrafty
|
|-end|p2a: Scrafty|move: Future Sight
|-immune|p2a: Scrafty
|-heal|p2a: Scrafty|72/100|[from] item: Leftovers
|upkeep
|turn|23
|
|t:|1635378261
|move|p1a: Absol|Play Rough|p2a: Scrafty
|-supereffective|p2a: Scrafty
|-damage|p2a: Scrafty|0 fnt
|faint|p2a: Scrafty
|
|upkeep
|
|t:|1635378265
|switch|p2a: Whimsicott|Whimsicott, M|100/100
|turn|24
|
|t:|1635378268
|switch|p1a: Gigalith|Gigalith, M, shiny|100/100
|-weather|Sandstorm|[from] ability: Sand Stream|[of] p1a: Gigalith
|move|p2a: Whimsicott|Energy Ball|p1a: Gigalith
|-supereffective|p1a: Gigalith
|-damage|p1a: Gigalith|50/100
|
|-weather|Sandstorm|[upkeep]
|-damage|p2a: Whimsicott|94/100|[from] Sandstorm
|-heal|p1a: Gigalith|56/100|[from] item: Leftovers
|upkeep
|turn|25
|
|t:|1635378272
|switch|p2a: Quagsire|Quagsire, F|69/100
|move|p1a: Gigalith|Protect||[still]
|-fail|p1a: Gigalith
|
|-weather|Sandstorm|[upkeep]
|-heal|p2a: Quagsire|75/100|[from] item: Leftovers
|-heal|p1a: Gigalith|63/100|[from] item: Leftovers
|upkeep
|turn|26
|
|t:|1635378276
|switch|p1a: Rotom|Rotom, shiny|76/100
|move|p2a: Quagsire|Curse|p2a: Quagsire
|-unboost|p2a: Quagsire|spe|1
|-boost|p2a: Quagsire|atk|1
|-boost|p2a: Quagsire|def|1
|
|-weather|Sandstorm|[upkeep]
|-damage|p1a: Rotom|69/100|[from] Sandstorm
|-heal|p2a: Quagsire|81/100|[from] item: Leftovers
|upkeep
|turn|27
|
|t:|1635378278
|move|p1a: Rotom|Trick|p2a: Quagsire
|-activate|p1a: Rotom|move: Trick|[of] p2a: Quagsire
|-item|p2a: Quagsire|Choice Scarf|[from] move: Trick
|-item|p1a: Rotom|Leftovers|[from] move: Trick
|move|p2a: Quagsire|Recover|p2a: Quagsire
|-heal|p2a: Quagsire|100/100
|
|-weather|Sandstorm|[upkeep]
|-damage|p1a: Rotom|63/100|[from] Sandstorm
|-heal|p1a: Rotom|69/100|[from] item: Leftovers
|upkeep
|turn|28
|
|t:|1635378284
|switch|p2a: Silvally|Silvally-Poison|15/100 brn
|move|p1a: Rotom|Shadow Ball|p2a: Silvally
|-damage|p2a: Silvally|0 fnt
|faint|p2a: Silvally
|
|-weather|none
|-heal|p1a: Rotom|76/100|[from] item: Leftovers
|upkeep
|
|t:|1635378292
|switch|p2a: Archeops|Archeops, M|100/100
|turn|29
|
|t:|1635378299
|move|p2a: Archeops|Meteor Beam||[still]
|-prepare|p2a: Archeops|Meteor Beam
|-boost|p2a: Archeops|spa|1
|-enditem|p2a: Archeops|Power Herb
|-anim|p2a: Archeops|Meteor Beam|p1a: Rotom
|-damage|p1a: Rotom|0 fnt
|faint|p1a: Rotom
|
|upkeep
|
|t:|1635378301
|switch|p1a: Absol|Absol, M, shiny|73/100
|turn|30
|
|t:|1635378305
|move|p1a: Absol|Sucker Punch|p2a: Archeops
|-damage|p2a: Archeops|39/100
|move|p2a: Archeops|Air Slash|p1a: Absol
|-damage|p1a: Absol|22/100
|
|upkeep
|turn|31
|
|t:|1635378308
|move|p2a: Archeops|Air Slash|p1a: Absol
|-damage|p1a: Absol|0 fnt
|faint|p1a: Absol
|
|upkeep
|
|t:|1635378309
|switch|p1a: Gigalith|Gigalith, M, shiny|63/100
|-weather|Sandstorm|[from] ability: Sand Stream|[of] p1a: Gigalith
|turn|32
|
|t:|1635378311
|move|p2a: Archeops|Earth Power|p1a: Gigalith
|-supereffective|p1a: Gigalith
|-damage|p1a: Gigalith|41/100
|move|p1a: Gigalith|Rock Blast|p2a: Archeops
|-supereffective|p2a: Archeops
|-damage|p2a: Archeops|0 fnt
|faint|p2a: Archeops
|-hitcount|p2: Archeops|1
|
|-weather|Sandstorm|[upkeep]
|-heal|p1a: Gigalith|47/100|[from] item: Leftovers
|upkeep
|
|t:|1635378313
|switch|p2a: Whimsicott|Whimsicott, M|94/100
|turn|33
|
|t:|1635378315
|move|p1a: Gigalith|Protect|p1a: Gigalith
|-singleturn|p1a: Gigalith|Protect
|move|p2a: Whimsicott|Energy Ball|p1a: Gigalith
|-activate|p1a: Gigalith|move: Protect
|
|-weather|Sandstorm|[upkeep]
|-damage|p2a: Whimsicott|88/100|[from] Sandstorm
|-heal|p1a: Gigalith|53/100|[from] item: Leftovers
|upkeep
|turn|34
|
|t:|1635378317
|move|p2a: Whimsicott|Energy Ball|p1a: Gigalith
|-supereffective|p1a: Gigalith
|-damage|p1a: Gigalith|3/100
|move|p1a: Gigalith|Rock Blast|p2a: Whimsicott
|-damage|p2a: Whimsicott|69/100
|-damage|p2a: Whimsicott|51/100
|-damage|p2a: Whimsicott|33/100
|-hitcount|p2a: Whimsicott|3
|
|-weather|Sandstorm|[upkeep]
|-damage|p2a: Whimsicott|27/100|[from] Sandstorm
|-heal|p1a: Gigalith|9/100|[from] item: Leftovers
|upkeep
|turn|35
|c|☆SirMrWail|gg
|c|☆GammaGoGamma|gg
|
|t:|1635378325
|move|p1a: Gigalith|Protect|p1a: Gigalith
|-singleturn|p1a: Gigalith|Protect
|move|p2a: Whimsicott|Energy Ball|p1a: Gigalith
|-activate|p1a: Gigalith|move: Protect
|
|-weather|Sandstorm|[upkeep]
|-damage|p2a: Whimsicott|21/100|[from] Sandstorm
|-heal|p1a: Gigalith|15/100|[from] item: Leftovers
|upkeep
|turn|36
|
|t:|1635378327
|move|p2a: Whimsicott|Energy Ball|p1a: Gigalith
|-supereffective|p1a: Gigalith
|-damage|p1a: Gigalith|0 fnt
|faint|p1a: Gigalith
|
|win|SirMrWail
|n|☆GammaGoGamma|gammagogamma
|n|☆SirMrWail|sirmrwail
|n|*Lady Monita ☽|ladymonita
|n| wesh papillon|weshpapillon
|l|*Lady Monita ☽
|l|☆SirMrWail
|l| wesh papillon
