|j|☆AnarchyAbsol
|j|☆Bigkevinm84
|t:|1623396966
|gametype|singles
|player|p1|AnarchyAbsol|101|1159
|player|p2|Bigkevinm84|acetrainer-gen4dp|1403
|teamsize|p1|6
|teamsize|p2|6
|gen|8
|tier|[Gen 8] PU
|rated|
|rule|Sleep Clause Mod: Limit one foe put to sleep
|rule|Species Clause: Limit one of each Pokémon
|rule|OHKO Clause: OHKO moves are banned
|rule|Evasion Moves Clause: Evasion moves are banned
|rule|Endless Battle Clause: Forcing endless battles is banned
|rule|HP Percentage Mod: HP is shown in percentages
|rule|Dynamax Clause: You cannot dynamax
|clearpoke
|poke|p1|Absol, M|
|poke|p1|Shuckle, M|
|poke|p1|Passimian, M|
|poke|p1|Whimsicott, M|
|poke|p1|Mesprit|
|poke|p1|Haunter, M|
|poke|p2|Togedemaru, L1, M|
|poke|p2|Gigalith, M|
|poke|p2|Sandslash, M|
|poke|p2|Qwilfish, M|
|poke|p2|Silvally-*|
|poke|p2|Exeggutor-Alola, F|
|teampreview
|inactive|Battle timer is ON: inactive players will automatically lose when time's up. (requested by AnarchyAbsol)
|
|t:|1623396984
|start
|switch|p1a: Shuckle|Shuckle, M|100/100
|switch|p2a: Squilly|Qwilfish, M|100/100
|-ability|p2a: Squilly|Intimidate|boost
|-boost|p1a: Shuckle|atk|1
|turn|1
|
|t:|1623396991
|move|p2a: Squilly|Taunt|p1a: Shuckle
|-start|p1a: Shuckle|move: Taunt
|move|p1a: Shuckle|Infestation|p2a: Squilly
|-resisted|p2a: Squilly
|-damage|p2a: Squilly|99/100
|-activate|p2a: Squilly|move: Infestation|[of] p1a: Shuckle
|
|-heal|p2a: Squilly|100/100|[from] item: Black Sludge
|-damage|p2a: Squilly|88/100|[from] move: Infestation|[partiallytrapped]
|upkeep
|turn|2
|
|t:|1623396999
|move|p2a: Squilly|Toxic Spikes|p1a: Shuckle
|-sidestart|p1: AnarchyAbsol|move: Toxic Spikes
|move|p1a: Shuckle|Infestation|p2a: Squilly
|-resisted|p2a: Squilly
|-damage|p2a: Squilly|87/100
|
|-heal|p2a: Squilly|93/100|[from] item: Black Sludge
|-damage|p2a: Squilly|80/100|[from] move: Infestation|[partiallytrapped]
|upkeep
|turn|3
|
|t:|1623397008
|switch|p1a: Haunter|Haunter, M|100/100
|move|p2a: Squilly|Scald|p1a: Haunter
|-damage|p1a: Haunter|65/100
|
|-heal|p2a: Squilly|86/100|[from] item: Black Sludge
|-end|p2a: Squilly|Infestation|[partiallytrapped]|[silent]
|upkeep
|turn|4
|
|t:|1623397016
|switch|p2a: Purple Majesty|Gigalith, M, shiny|100/100
|-weather|Sandstorm|[from] ability: Sand Stream|[of] p2a: Purple Majesty
|move|p1a: Haunter|Giga Drain|p2a: Purple Majesty
|-supereffective|p2a: Purple Majesty
|-crit|p2a: Purple Majesty
|-damage|p2a: Purple Majesty|63/100
|-heal|p1a: Haunter|96/100|[from] drain|[of] p2a: Purple Majesty
|
|-weather|Sandstorm|[upkeep]
|-damage|p1a: Haunter|90/100|[from] Sandstorm
|upkeep
|turn|5
|
|t:|1623397027
|switch|p1a: Whimsicott|Whimsicott, M|100/100
|-status|p1a: Whimsicott|psn
|move|p2a: Purple Majesty|Rock Blast|p1a: Whimsicott
|-damage|p1a: Whimsicott|90/100 psn
|-damage|p1a: Whimsicott|80/100 psn
|-damage|p1a: Whimsicott|69/100 psn
|-damage|p1a: Whimsicott|57/100 psn
|-hitcount|p1a: Whimsicott|4
|
|-weather|Sandstorm|[upkeep]
|-damage|p1a: Whimsicott|51/100 psn|[from] Sandstorm
|-heal|p1a: Whimsicott|57/100 psn|[from] item: Leftovers
|-damage|p1a: Whimsicott|45/100 psn|[from] psn
|upkeep
|turn|6
|
|t:|1623397040
|move|p1a: Whimsicott|Stun Spore|p2a: Purple Majesty
|-status|p2a: Purple Majesty|par
|move|p2a: Purple Majesty|Rock Blast|p1a: Whimsicott
|-damage|p1a: Whimsicott|34/100 psn
|-damage|p1a: Whimsicott|23/100 psn
|-damage|p1a: Whimsicott|12/100 psn
|-hitcount|p1a: Whimsicott|3
|
|-weather|Sandstorm|[upkeep]
|-damage|p1a: Whimsicott|5/100 psn|[from] Sandstorm
|-heal|p1a: Whimsicott|12/100 psn|[from] item: Leftovers
|-damage|p1a: Whimsicott|0 fnt|[from] psn
|faint|p1a: Whimsicott
|upkeep
|
|t:|1623397045
|switch|p1a: Mesprit|Mesprit|100/100
|turn|7
|
|t:|1623397055
|move|p1a: Mesprit|Nasty Plot|p1a: Mesprit
|-boost|p1a: Mesprit|spa|2
|move|p2a: Purple Majesty|Stealth Rock|p1a: Mesprit
|-sidestart|p1: AnarchyAbsol|move: Stealth Rock
|
|-weather|Sandstorm|[upkeep]
|-damage|p1a: Mesprit|95/100|[from] Sandstorm
|upkeep
|turn|8
|
|t:|1623397062
|move|p1a: Mesprit|Nasty Plot|p1a: Mesprit
|-boost|p1a: Mesprit|spa|2
|move|p2a: Purple Majesty|Toxic|p1a: Mesprit|[miss]
|-miss|p2a: Purple Majesty|p1a: Mesprit
|
|-weather|Sandstorm|[upkeep]
|-damage|p1a: Mesprit|89/100|[from] Sandstorm
|upkeep
|turn|9
|
|t:|1623397080
|switch|p2a: Guroe|Silvally-Ghost|100/100
|move|p1a: Mesprit|Psychic|p2a: Guroe
|-damage|p2a: Guroe|0 fnt
|faint|p2a: Guroe
|-damage|p1a: Mesprit|79/100|[from] item: Life Orb
|
|-weather|Sandstorm|[upkeep]
|-damage|p1a: Mesprit|73/100|[from] Sandstorm
|upkeep
|
|t:|1623397090
|switch|p2a: Mecha-Mickey|Togedemaru, L1, M|100/100
|turn|10
|
|t:|1623397093
|move|p1a: Mesprit|Psychic|p2a: Mecha-Mickey
|-resisted|p2a: Mecha-Mickey
|-ability|p2a: Mecha-Mickey|Sturdy
|-damage|p2a: Mecha-Mickey|9/100
|-damage|p1a: Mesprit|63/100|[from] item: Life Orb
|move|p2a: Mecha-Mickey|Endeavor|p1a: Mesprit
|-damage|p1a: Mesprit|1/100
|-heal|p2a: Mecha-Mickey|100/100|[from] item: Shell Bell|[of] p1a: Mesprit
|
|-weather|Sandstorm|[upkeep]
|-damage|p1a: Mesprit|0 fnt|[from] Sandstorm
|faint|p1a: Mesprit
|upkeep
|c|☆AnarchyAbsol|not this bs
|
|t:|1623397116
|switch|p1a: Haunter|Haunter, M|90/100
|-damage|p1a: Haunter|77/100|[from] Stealth Rock
|turn|11
|
|t:|1623397124
|move|p2a: Mecha-Mickey|Spiky Shield|p2a: Mecha-Mickey
|-singleturn|p2a: Mecha-Mickey|move: Protect
|move|p1a: Haunter|Giga Drain|p2a: Mecha-Mickey
|-activate|p2a: Mecha-Mickey|move: Protect
|
|-weather|none
|upkeep
|turn|12
|
|t:|1623397130
|switch|p2a: Purple Majesty|Gigalith, M, shiny|63/100 par
|-weather|Sandstorm|[from] ability: Sand Stream|[of] p2a: Purple Majesty
|move|p1a: Haunter|Giga Drain|p2a: Purple Majesty
|-supereffective|p2a: Purple Majesty
|-damage|p2a: Purple Majesty|36/100 par
|-heal|p1a: Haunter|99/100|[from] drain|[of] p2a: Purple Majesty
|
|-weather|Sandstorm|[upkeep]
|-damage|p1a: Haunter|93/100|[from] Sandstorm
|upkeep
|turn|13
|
|t:|1623397137
|move|p1a: Haunter|Giga Drain|p2a: Purple Majesty
|-supereffective|p2a: Purple Majesty
|-damage|p2a: Purple Majesty|12/100 par
|-heal|p1a: Haunter|100/100|[from] drain|[of] p2a: Purple Majesty
|move|p2a: Purple Majesty|Rock Blast|p1a: Haunter
|-damage|p1a: Haunter|72/100
|-damage|p1a: Haunter|38/100
|-hitcount|p1a: Haunter|2
|
|-weather|Sandstorm|[upkeep]
|-damage|p1a: Haunter|32/100|[from] Sandstorm
|upkeep
|turn|14
|
|t:|1623397147
|switch|p2a: Long Girl|Exeggutor-Alola, F|100/100
|move|p1a: Haunter|Giga Drain|p2a: Long Girl
|-resisted|p2a: Long Girl
|-damage|p2a: Long Girl|94/100
|-heal|p1a: Haunter|38/100|[from] drain|[of] p2a: Long Girl
|
|-weather|Sandstorm|[upkeep]
|-damage|p1a: Haunter|32/100|[from] Sandstorm
|-damage|p2a: Long Girl|88/100|[from] Sandstorm
|upkeep
|turn|15
|
|t:|1623397155
|move|p1a: Haunter|Clear Smog|p2a: Long Girl
|-supereffective|p2a: Long Girl
|-damage|p2a: Long Girl|33/100
|-clearboost|p2a: Long Girl
|-enditem|p2a: Long Girl|Sitrus Berry|[eat]
|-heal|p2a: Long Girl|58/100|[from] item: Sitrus Berry
|move|p2a: Long Girl|Substitute|p2a: Long Girl
|-start|p2a: Long Girl|Substitute
|-damage|p2a: Long Girl|33/100
|
|-weather|Sandstorm|[upkeep]
|-damage|p1a: Haunter|25/100|[from] Sandstorm
|-damage|p2a: Long Girl|27/100|[from] Sandstorm
|upkeep
|turn|16
|
|t:|1623397166
|move|p1a: Haunter|Clear Smog|p2a: Long Girl
|-supereffective|p2a: Long Girl
|-end|p2a: Long Girl|Substitute
|move|p2a: Long Girl|Knock Off|p1a: Haunter
|-supereffective|p1a: Haunter
|-damage|p1a: Haunter|0 fnt
|faint|p1a: Haunter
|
|-weather|Sandstorm|[upkeep]
|-damage|p2a: Long Girl|20/100|[from] Sandstorm
|upkeep
|
|t:|1623397172
|switch|p1a: Shuckle|Shuckle, M|100/100
|-status|p1a: Shuckle|psn
|-damage|p1a: Shuckle|75/100 psn|[from] Stealth Rock
|turn|17
|
|t:|1623397184
|switch|p2a: Baby Blue|Sandslash, M, shiny|100/100
|move|p1a: Shuckle|Sticky Web|p2a: Baby Blue
|-sidestart|p2: Bigkevinm84|move: Sticky Web
|
|-weather|Sandstorm|[upkeep]
|-heal|p1a: Shuckle|82/100 psn|[from] item: Leftovers
|-damage|p1a: Shuckle|69/100 psn|[from] psn
|upkeep
|turn|18
|
|t:|1623397191
|move|p2a: Baby Blue|Swords Dance|p2a: Baby Blue
|-boost|p2a: Baby Blue|atk|2
|move|p1a: Shuckle|Toxic|p2a: Baby Blue
|-status|p2a: Baby Blue|tox
|-enditem|p2a: Baby Blue|Lum Berry|[eat]
|-curestatus|p2a: Baby Blue|tox|[msg]
|
|-weather|Sandstorm|[upkeep]
|-heal|p1a: Shuckle|75/100 psn|[from] item: Leftovers
|-damage|p1a: Shuckle|63/100 psn|[from] psn
|upkeep
|turn|19
|
|t:|1623397197
|move|p2a: Baby Blue|Earthquake|p1a: Shuckle
|-crit|p1a: Shuckle
|-damage|p1a: Shuckle|0 fnt
|faint|p1a: Shuckle
|
|-weather|none
|upkeep
|
|t:|1623397202
|switch|p1a: Passimian|Passimian, M|100/100
|-damage|p1a: Passimian|94/100|[from] Stealth Rock
|-status|p1a: Passimian|psn
|turn|20
|
|t:|1623397207
|move|p1a: Passimian|Drain Punch|p2a: Baby Blue
|-damage|p2a: Baby Blue|59/100
|-heal|p1a: Passimian|100/100 psn|[from] drain|[of] p2a: Baby Blue
|move|p2a: Baby Blue|Earthquake|p1a: Passimian
|-damage|p1a: Passimian|0 fnt
|faint|p1a: Passimian
|
|upkeep
|
|t:|1623397211
|switch|p1a: Absol|Absol, M|100/100
|-status|p1a: Absol|psn
|-damage|p1a: Absol|88/100 psn|[from] Stealth Rock
|turn|21
|
|t:|1623397217
|move|p1a: Absol|Night Slash|p2a: Baby Blue
|-crit|p2a: Baby Blue
|-damage|p2a: Baby Blue|0 fnt
|faint|p2a: Baby Blue
|
|-damage|p1a: Absol|75/100 psn|[from] psn
|upkeep
|
|t:|1623397227
|switch|p2a: Mecha-Mickey|Togedemaru, L1, M|100/100
|-activate|p2a: Mecha-Mickey|move: Sticky Web
|-unboost|p2a: Mecha-Mickey|spe|1
|turn|22
|
|t:|1623397232
|move|p1a: Absol|Stone Edge|p2a: Mecha-Mickey
|-resisted|p2a: Mecha-Mickey
|-crit|p2a: Mecha-Mickey
|-ability|p2a: Mecha-Mickey|Sturdy
|-damage|p2a: Mecha-Mickey|9/100
|move|p2a: Mecha-Mickey|Endeavor|p1a: Absol
|-damage|p1a: Absol|1/100 psn
|-heal|p2a: Mecha-Mickey|100/100|[from] item: Shell Bell|[of] p1a: Absol
|
|-damage|p1a: Absol|0 fnt|[from] psn
|faint|p1a: Absol
|
|win|Bigkevinm84
|upkeep
|raw|AnarchyAbsol's rating: 1159 &rarr; <strong>1149</strong><br />(-10 for losing)
|raw|Bigkevinm84's rating: 1403 &rarr; <strong>1411</strong><br />(+8 for winning)
|c|☆Bigkevinm84|gg
