|j|☆one of the bouys
|j|☆gu87
|t:|1637062904
|gametype|singles
|player|p1|one of the bouys|clown|1531
|player|p2|gu87|102|1259
|teamsize|p1|6
|teamsize|p2|6
|gen|8
|tier|[Gen 8] PU
|rated|
|rule|Sleep Clause Mod: Limit one foe put to sleep
|rule|Species Clause: Limit one of each Pokémon
|rule|OHKO Clause: OHKO moves are banned
|rule|Evasion Moves Clause: Evasion moves are banned
|rule|Endless Battle Clause: Forcing endless battles is banned
|rule|HP Percentage Mod: HP is shown in percentages
|rule|Dynamax Clause: You cannot dynamax
|clearpoke
|poke|p1|Flapple, F|
|poke|p1|Hitmonlee, M|
|poke|p1|Mesprit|
|poke|p1|Cinccino, M|
|poke|p1|Tsareena, F|
|poke|p1|Magneton|
|poke|p2|Kangaskhan, F|
|poke|p2|Weezing, F|
|poke|p2|Audino, F|
|poke|p2|Palossand, F|
|poke|p2|Articuno-Galar|
|poke|p2|Silvally-*|
|teampreview
|
|t:|1637062918
|start
|switch|p1a: Magneton|Magneton|100/100
|switch|p2a: Kangaskhan|Kangaskhan, F|100/100
|turn|1
|
|t:|1637062921
|switch|p1a: Mesprit|Mesprit|100/100
|move|p2a: Kangaskhan|Fake Out|p1a: Mesprit
|-damage|p1a: Mesprit|78/100
|
|upkeep
|turn|2
|
|t:|1637062924
|move|p1a: Mesprit|Stealth Rock|p2a: Kangaskhan
|-sidestart|p2: gu87|move: Stealth Rock
|move|p2a: Kangaskhan|Double-Edge|p1a: Mesprit
|-damage|p1a: Mesprit|8/100
|-damage|p2a: Kangaskhan|81/100|[from] Recoil
|
|upkeep
|turn|3
|
|t:|1637062930
|move|p2a: Kangaskhan|Sucker Punch||[still]
|-fail|p2a: Kangaskhan
|move|p1a: Mesprit|Healing Wish|p1a: Mesprit
|faint|p1a: Mesprit
|
|upkeep
|
|t:|1637062942
|switch|p1a: Hitmonlee|Hitmonlee, M|100/100
|turn|4
|
|t:|1637062947
|switch|p2a: Weezing|Weezing, F|100/100
|-ability|p2a: Weezing|Neutralizing Gas
|-damage|p2a: Weezing|88/100|[from] Stealth Rock
|move|p1a: Hitmonlee|Close Combat|p2a: Weezing
|-resisted|p2a: Weezing
|-damage|p2a: Weezing|64/100
|-unboost|p1a: Hitmonlee|def|1
|-unboost|p1a: Hitmonlee|spd|1
|-damage|p1a: Hitmonlee|84/100|[from] item: Rocky Helmet|[of] p2a: Weezing
|-damage|p1a: Hitmonlee|74/100|[from] item: Life Orb
|
|upkeep
|turn|5
|
|t:|1637062955
|switch|p1a: Magneton|Magneton|100/100
|move|p2a: Weezing|Toxic Spikes|p1a: Magneton
|-sidestart|p1: one of the bouys|move: Toxic Spikes
|
|upkeep
|turn|6
|
|t:|1637062961
|-end|p2a: Weezing|ability: Neutralizing Gas
|switch|p2a: Audino|Audino, F|100/100
|-damage|p2a: Audino|88/100|[from] Stealth Rock
|move|p1a: Magneton|Flash Cannon|p2a: Audino
|-damage|p2a: Audino|53/100
|
|-heal|p2a: Audino|59/100|[from] item: Leftovers
|upkeep
|turn|7
|
|t:|1637062969
|move|p1a: Magneton|Thunder|p2a: Audino
|-damage|p2a: Audino|21/100
|-status|p2a: Audino|par
|move|p2a: Audino|Wish|p2a: Audino
|
|-heal|p2a: Audino|27/100 par|[from] item: Leftovers
|upkeep
|turn|8
|
|t:|1637062976
|switch|p2a: Palossand|Palossand, F|100/100
|-damage|p2a: Palossand|94/100|[from] Stealth Rock
|move|p1a: Magneton|Flash Cannon|p2a: Palossand
|-crit|p2a: Palossand
|-damage|p2a: Palossand|0 fnt
|faint|p2a: Palossand
|
|upkeep
|
|t:|1637062985
|switch|p2a: Kangaskhan|Kangaskhan, F|81/100
|-damage|p2a: Kangaskhan|69/100|[from] Stealth Rock
|turn|9
|
|t:|1637063011
|switch|p1a: Hitmonlee|Hitmonlee, M|74/100
|-heal|p1a: Hitmonlee|100/100|[from] move: Healing Wish
|-status|p1a: Hitmonlee|psn
|move|p2a: Kangaskhan|Hammer Arm|p1a: Hitmonlee
|-damage|p1a: Hitmonlee|32/100 psn
|-unboost|p2a: Kangaskhan|spe|1
|
|-damage|p1a: Hitmonlee|20/100 psn|[from] psn
|upkeep
|turn|10
|
|t:|1637063031
|move|p1a: Hitmonlee|Sucker Punch|p2a: Kangaskhan
|-damage|p2a: Kangaskhan|33/100
|-damage|p1a: Hitmonlee|10/100 psn|[from] item: Life Orb
|move|p2a: Kangaskhan|Sucker Punch||[still]
|-fail|p2a: Kangaskhan
|
|-damage|p1a: Hitmonlee|0 fnt|[from] psn
|faint|p1a: Hitmonlee
|upkeep
|
|t:|1637063037
|switch|p1a: Tsareena|Tsareena, F|100/100
|turn|11
|
|t:|1637063041
|switch|p2a: Weezing|Weezing, F|64/100
|-ability|p2a: Weezing|Neutralizing Gas
|-damage|p2a: Weezing|51/100|[from] Stealth Rock
|move|p1a: Tsareena|Rapid Spin|p2a: Weezing
|-damage|p2a: Weezing|39/100
|-boost|p1a: Tsareena|spe|1
|-damage|p1a: Tsareena|84/100|[from] item: Rocky Helmet|[of] p2a: Weezing
|-sideend|p1: one of the bouys|Toxic Spikes|[from] move: Rapid Spin|[of] p1a: Tsareena
|
|upkeep
|turn|12
|
|t:|1637063048
|move|p1a: Tsareena|Knock Off|p2a: Weezing
|-damage|p2a: Weezing|15/100
|-damage|p1a: Tsareena|68/100|[from] item: Rocky Helmet|[of] p2a: Weezing
|-enditem|p2a: Weezing|Rocky Helmet|[from] move: Knock Off|[of] p1a: Tsareena
|move|p2a: Weezing|Flamethrower|p1a: Tsareena
|-supereffective|p1a: Tsareena
|-damage|p1a: Tsareena|23/100
|
|upkeep
|turn|13
|
|t:|1637063056
|move|p1a: Tsareena|Knock Off|p2a: Weezing
|-damage|p2a: Weezing|0 fnt
|faint|p2a: Weezing
|-end|p2a: Weezing|ability: Neutralizing Gas
|
|upkeep
|
|t:|1637063059
|switch|p2a: Articuno|Articuno-Galar|100/100
|-damage|p2a: Articuno|76/100|[from] Stealth Rock
|turn|14
|
|t:|1637063066
|move|p2a: Articuno|Freezing Glare|p1a: Tsareena
|-damage|p1a: Tsareena|0 fnt
|faint|p1a: Tsareena
|
|upkeep
|
|t:|1637063069
|switch|p1a: Magneton|Magneton|100/100
|turn|15
|
|t:|1637063078
|switch|p2a: Audino|Audino, F|61/100 par
|-damage|p2a: Audino|48/100 par|[from] Stealth Rock
|move|p1a: Magneton|Volt Switch|p2a: Audino
|-damage|p2a: Audino|13/100 par
|
|t:|1637063085
|switch|p1a: Cinccino|Cinccino, M|100/100|[from]move: Volt Switch
|
|-heal|p2a: Audino|19/100 par|[from] item: Leftovers
|upkeep
|turn|16
|
|t:|1637063097
|move|p2a: Audino|Protect|p2a: Audino
|-singleturn|p2a: Audino|Protect
|move|p1a: Cinccino|Knock Off|p2a: Audino
|-activate|p2a: Audino|move: Protect
|
|-heal|p2a: Audino|25/100 par|[from] item: Leftovers
|upkeep
|turn|17
|
|t:|1637063130
|move|p1a: Cinccino|Knock Off|p2a: Audino
|-damage|p2a: Audino|0 fnt
|-enditem|p2a: Audino|Leftovers|[from] move: Knock Off|[of] p1a: Cinccino
|faint|p2a: Audino
|
|upkeep
|
|t:|1637063134
|switch|p2a: Silvally|Silvally-Fairy|100/100
|-damage|p2a: Silvally|88/100|[from] Stealth Rock
|turn|18
|
|t:|1637063142
|switch|p1a: Magneton|Magneton|100/100
|move|p2a: Silvally|Multi-Attack|p1a: Magneton
|-resisted|p1a: Magneton
|-damage|p1a: Magneton|81/100
|
|upkeep
|turn|19
|
|t:|1637063144
|move|p2a: Silvally|Flamethrower|p1a: Magneton
|-supereffective|p1a: Magneton
|-damage|p1a: Magneton|40/100
|move|p1a: Magneton|Flash Cannon|p2a: Silvally
|-supereffective|p2a: Silvally
|-damage|p2a: Silvally|0 fnt
|faint|p2a: Silvally
|
|upkeep
|
|t:|1637063154
|switch|p2a: Kangaskhan|Kangaskhan, F|33/100
|-damage|p2a: Kangaskhan|21/100|[from] Stealth Rock
|turn|20
|
|t:|1637063159
|switch|p1a: Flapple|Flapple, F|100/100
|move|p2a: Kangaskhan|Hammer Arm|p1a: Flapple
|-damage|p1a: Flapple|48/100
|-unboost|p2a: Kangaskhan|spe|1
|
|upkeep
|turn|21
|
|t:|1637063163
|move|p2a: Kangaskhan|Sucker Punch|p1a: Flapple
|-damage|p1a: Flapple|14/100
|move|p1a: Flapple|Grav Apple|p2a: Kangaskhan
|-damage|p2a: Kangaskhan|0 fnt
|faint|p2a: Kangaskhan
|-damage|p1a: Flapple|4/100|[from] item: Life Orb
|
|upkeep
|
|t:|1637063166
|switch|p2a: Articuno|Articuno-Galar|76/100
|-damage|p2a: Articuno|51/100|[from] Stealth Rock
|turn|22
|
|t:|1637063183
|move|p1a: Flapple|Sucker Punch|p2a: Articuno
|-supereffective|p2a: Articuno
|-damage|p2a: Articuno|0 fnt
|faint|p2a: Articuno
|-damage|p1a: Flapple|0 fnt|[from] item: Life Orb
|faint|p1a: Flapple
|
|win|one of the bouys
|raw|one of the bouys's rating: 1531 &rarr; <strong>1538</strong><br />(+7 for winning)
|raw|gu87's rating: 1259 &rarr; <strong>1250</strong><br />(-9 for losing)
|c|☆one of the bouys|gg
