|j|☆mefrog
|j|☆Supix
|t:|1613938909
|player|p1|mefrog|pokefan-gen4|1410
|player|p2|Supix|cheren|1415
|teamsize|p1|6
|teamsize|p2|6
|gametype|singles
|gen|8
|tier|[Gen 8] PU
|rated|
|clearpoke
|poke|p1|Carbink|
|poke|p1|Marowak, F|
|poke|p1|Wishiwashi, F|
|poke|p1|Vikavolt, F|
|poke|p1|Uxie|
|poke|p1|Cofagrigus, F|
|poke|p2|Uxie|
|poke|p2|Gurdurr, M|
|poke|p2|Vikavolt, F|
|poke|p2|Exeggutor-Alola, M|
|poke|p2|Aggron, F|
|poke|p2|Aromatisse, F|
|rule|Sleep Clause Mod: Limit one foe put to sleep
|rule|Species Clause: Limit one of each Pokémon
|rule|OHKO Clause: OHKO moves are banned
|rule|Evasion Moves Clause: Evasion moves are banned
|rule|Endless Battle Clause: Forcing endless battles is banned
|rule|HP Percentage Mod: HP is shown in percentages
|rule|Dynamax Clause: You cannot dynamax
|teampreview
|
|t:|1613938920
|start
|switch|p1a: Wishiwashi|Wishiwashi, F|100/100
|switch|p2a: Uxie|Uxie|100/100
|-formechange|p1a: Wishiwashi|Wishiwashi-School||[from] ability: Schooling
|turn|1
|inactive|Battle timer is ON: inactive players will automatically lose when time's up. (requested by Supix)
|
|t:|1613938929
|move|p1a: Wishiwashi|U-turn|p2a: Uxie
|-supereffective|p2a: Uxie
|-damage|p2a: Uxie|76/100
|
|t:|1613938933
|switch|p1a: Uxie|Uxie|100/100|[from]move: U-turn
|move|p2a: Uxie|Trick Room|p2a: Uxie
|-fieldstart|move: Trick Room|[of] p2a: Uxie
|
|upkeep
|turn|2
|
|t:|1613938940
|move|p2a: Uxie|U-turn|p1a: Uxie
|-supereffective|p1a: Uxie
|-damage|p1a: Uxie|87/100
|
|t:|1613938944
|switch|p2a: Exeggutor|Exeggutor-Alola, M|100/100|[from]move: U-turn
|-item|p1a: Uxie|Colbur Berry|[from] ability: Frisk|[of] p2a: Exeggutor|[identify]
|move|p1a: Uxie|U-turn|p2a: Exeggutor
|-supereffective|p2a: Exeggutor
|-damage|p2a: Exeggutor|80/100
|
|t:|1613938954
|switch|p1a: Carbink|Carbink|100/100|[from]move: U-turn
|
|upkeep
|turn|3
|
|t:|1613938959
|switch|p2a: Aggron|Aggron, F|100/100
|move|p1a: Carbink|Stealth Rock|p2a: Aggron
|-sidestart|p2: Supix|move: Stealth Rock
|
|upkeep
|turn|4
|
|t:|1613938965
|move|p2a: Aggron|Head Smash|p1a: Carbink
|-damage|p1a: Carbink|10/100
|move|p1a: Carbink|Misty Explosion|p2a: Aggron
|-resisted|p2a: Aggron
|-damage|p2a: Aggron|87/100
|faint|p1a: Carbink
|
|upkeep
|
|t:|1613938973
|switch|p1a: Wishiwashi|Wishiwashi, F|100/100
|-formechange|p1a: Wishiwashi|Wishiwashi-School||[from] ability: Schooling
|turn|5
|j| bugsarebugs
|
|t:|1613938987
|switch|p2a: Exeggutor|Exeggutor-Alola, M|80/100
|-damage|p2a: Exeggutor|67/100|[from] Stealth Rock
|-item|p1a: Wishiwashi|Mystic Water|[from] ability: Frisk|[of] p2a: Exeggutor|[identify]
|move|p1a: Wishiwashi|Surf|p2a: Exeggutor
|-resisted|p2a: Exeggutor
|-damage|p2a: Exeggutor|50/100
|
|-fieldend|move: Trick Room
|upkeep
|turn|6
|j| LegendaryPUplayer
|
|t:|1613938994
|switch|p1a: Uxie|Uxie|87/100
|move|p2a: Exeggutor|Energy Ball|p1a: Uxie
|-damage|p1a: Uxie|49/100
|
|upkeep
|turn|7
|
|t:|1613938998
|move|p2a: Exeggutor|Draco Meteor|p1a: Uxie
|-damage|p1a: Uxie|0 fnt
|-unboost|p2a: Exeggutor|spa|2
|-enditem|p2a: Exeggutor|Eject Pack
|faint|p1a: Uxie
|
|t:|1613939001
|switch|p2a: Aromatisse|Aromatisse, F|100/100
|-damage|p2a: Aromatisse|88/100|[from] Stealth Rock
|
|-heal|p2a: Aromatisse|94/100|[from] item: Leftovers
|upkeep
|
|t:|1613939010
|switch|p1a: Marowak|Marowak, F|100/100
|turn|8
|
|t:|1613939013
|move|p1a: Marowak|Swords Dance|p1a: Marowak
|-boost|p1a: Marowak|atk|2
|move|p2a: Aromatisse|Trick Room|p2a: Aromatisse
|-fieldstart|move: Trick Room|[of] p2a: Aromatisse
|
|-heal|p2a: Aromatisse|100/100|[from] item: Leftovers
|upkeep
|turn|9
|
|t:|1613939017
|move|p2a: Aromatisse|Moonblast|p1a: Marowak
|-damage|p1a: Marowak|60/100
|-unboost|p1a: Marowak|spa|1
|move|p1a: Marowak|Double-Edge|p2a: Aromatisse
|-damage|p2a: Aromatisse|0 fnt
|faint|p2a: Aromatisse
|
|upkeep
|
|t:|1613939028
|switch|p2a: Exeggutor|Exeggutor-Alola, M|50/100
|-damage|p2a: Exeggutor|38/100|[from] Stealth Rock
|-item|p1a: Marowak|Thick Club|[from] ability: Frisk|[of] p2a: Exeggutor|[identify]
|turn|10
|
|t:|1613939034
|switch|p1a: Vikavolt|Vikavolt, F|100/100
|move|p2a: Exeggutor|Energy Ball|p1a: Vikavolt
|-resisted|p1a: Vikavolt
|-damage|p1a: Vikavolt|72/100
|
|upkeep
|turn|11
|
|t:|1613939039
|move|p2a: Exeggutor|Flamethrower|p1a: Vikavolt
|-supereffective|p1a: Vikavolt
|-damage|p1a: Vikavolt|0 fnt
|faint|p1a: Vikavolt
|
|upkeep
|
|t:|1613939046
|switch|p1a: Cofagrigus|Cofagrigus, F|100/100
|turn|12
|
|t:|1613939055
|move|p2a: Exeggutor|Energy Ball|p1a: Cofagrigus
|-damage|p1a: Cofagrigus|50/100
|move|p1a: Cofagrigus|Nasty Plot|p1a: Cofagrigus
|-boost|p1a: Cofagrigus|spa|2
|
|-fieldend|move: Trick Room
|upkeep
|turn|13
|
|t:|1613939065
|move|p1a: Cofagrigus|Shadow Ball|p2a: Exeggutor
|-damage|p2a: Exeggutor|0 fnt
|faint|p2a: Exeggutor
|
|upkeep
|
|t:|1613939074
|switch|p2a: Gurdurr|Gurdurr, M|100/100
|-damage|p2a: Gurdurr|94/100|[from] Stealth Rock
|turn|14
|
|t:|1613939078
|move|p2a: Gurdurr|Knock Off|p1a: Cofagrigus
|-supereffective|p1a: Cofagrigus
|-enditem|p1a: Cofagrigus|Colbur Berry|[eat]
|-enditem|p1a: Cofagrigus|Colbur Berry|[weaken]
|-damage|p1a: Cofagrigus|36/100
|-activate|p1a: Cofagrigus|ability: Mummy|Guts|[of] p2a: Gurdurr
|move|p1a: Cofagrigus|Trick Room|p1a: Cofagrigus
|-fieldstart|move: Trick Room|[of] p1a: Cofagrigus
|
|upkeep
|turn|15
|
|t:|1613939088
|move|p2a: Gurdurr|Knock Off|p1a: Cofagrigus
|-supereffective|p1a: Cofagrigus
|-damage|p1a: Cofagrigus|18/100
|move|p1a: Cofagrigus|Shadow Ball|p2a: Gurdurr
|-damage|p2a: Gurdurr|43/100
|
|upkeep
|turn|16
|
|t:|1613939092
|move|p2a: Gurdurr|Knock Off|p1a: Cofagrigus
|-supereffective|p1a: Cofagrigus
|-damage|p1a: Cofagrigus|0 fnt
|faint|p1a: Cofagrigus
|
|upkeep
|
|t:|1613939095
|switch|p1a: Wishiwashi|Wishiwashi, F|100/100
|-formechange|p1a: Wishiwashi|Wishiwashi-School||[from] ability: Schooling
|turn|17
|
|t:|1613939099
|move|p2a: Gurdurr|Drain Punch|p1a: Wishiwashi
|-damage|p1a: Wishiwashi|77/100
|-heal|p2a: Gurdurr|52/100|[from] drain|[of] p1a: Wishiwashi
|move|p1a: Wishiwashi|Surf|p2a: Gurdurr
|-crit|p2a: Gurdurr
|-damage|p2a: Gurdurr|0 fnt
|faint|p2a: Gurdurr
|
|upkeep
|l| bugsarebugs
|
|t:|1613939107
|switch|p2a: Vikavolt|Vikavolt, F|100/100
|-damage|p2a: Vikavolt|76/100|[from] Stealth Rock
|turn|18
|
|t:|1613939117
|move|p2a: Vikavolt|Volt Switch|p1a: Wishiwashi
|-supereffective|p1a: Wishiwashi
|-damage|p1a: Wishiwashi|0 fnt
|-damage|p2a: Vikavolt|66/100|[from] item: Life Orb
|faint|p1a: Wishiwashi
|
|t:|1613939120
|switch|p2a: Uxie|Uxie|76/100|[from]move: Volt Switch
|-damage|p2a: Uxie|64/100|[from] Stealth Rock
|
|-fieldend|move: Trick Room
|upkeep
|-message|mefrog forfeited.
|
|win|Supix
|l|☆mefrog
