|j|☆ThesisStatement7
|j|☆AwesomePU
|t:|1655943820
|gametype|singles
|player|p1|ThesisStatement7|sabrina|1276
|player|p2|AwesomePU|brycenman|1340
|teamsize|p1|6
|teamsize|p2|6
|gen|8
|tier|[Gen 8] PU
|rated|
|rule|Sleep Clause Mod: Limit one foe put to sleep
|rule|Species Clause: Limit one of each Pokémon
|rule|OHKO Clause: OHKO moves are banned
|rule|Evasion Moves Clause: Evasion moves are banned
|rule|Endless Battle Clause: Forcing endless battles is banned
|rule|HP Percentage Mod: HP is shown in percentages
|rule|Dynamax Clause: You cannot dynamax
|clearpoke
|poke|p1|Uxie|
|poke|p1|Perrserker, F|
|poke|p1|Glastrier|
|poke|p1|Ribombee, M|
|poke|p1|Electivire, M|
|poke|p1|Articuno-Galar|
|poke|p2|Claydol|
|poke|p2|Thwackey, M|
|poke|p2|Absol, M|
|poke|p2|Aggron, M|
|poke|p2|Lanturn, M|
|poke|p2|Hitmonlee, M|
|teampreview
|inactive|Battle timer is ON: inactive players will automatically lose when time's up. (requested by AwesomePU)
|
|t:|1655943829
|start
|switch|p1a: Uxie|Uxie, shiny|100/100
|switch|p2a: Louie|Thwackey, M|100/100
|-fieldstart|move: Grassy Terrain|[from] ability: Grassy Surge|[of] p2a: Louie
|turn|1
|
|t:|1655943845
|move|p2a: Louie|Knock Off|p1a: Uxie
|-supereffective|p1a: Uxie
|-damage|p1a: Uxie|39/100
|-enditem|p1a: Uxie|Life Orb|[from] move: Knock Off|[of] p2a: Louie
|move|p1a: Uxie|Trick Room|p1a: Uxie
|-fieldstart|move: Trick Room|[of] p1a: Uxie
|
|upkeep
|turn|2
|
|t:|1655943854
|switch|p2a: Daru|Claydol|100/100
|move|p1a: Uxie|Psychic|p2a: Daru
|-resisted|p2a: Daru
|-damage|p2a: Daru|89/100
|-unboost|p2a: Daru|spd|1
|
|upkeep
|turn|3
|
|t:|1655943861
|switch|p2a: Aggron|Aggron, M|100/100
|move|p1a: Uxie|U-turn|p2a: Aggron
|-resisted|p2a: Aggron
|-damage|p2a: Aggron|96/100
|
|t:|1655943872
|switch|p1a: Perrserker|Perrserker, F|100/100|[from]move: U-turn
|
|-heal|p2a: Aggron|100/100|[from] Grassy Terrain
|upkeep
|turn|4
|
|t:|1655943897
|move|p1a: Perrserker|Close Combat|p2a: Aggron
|-supereffective|p2a: Aggron
|-damage|p2a: Aggron|0 fnt
|-unboost|p1a: Perrserker|def|1
|-unboost|p1a: Perrserker|spd|1
|faint|p2a: Aggron
|-damage|p1a: Perrserker|91/100|[from] item: Life Orb
|
|-heal|p1a: Perrserker|97/100|[from] Grassy Terrain
|upkeep
|
|t:|1655943903
|switch|p2a: Reaper|Absol, M|100/100
|turn|5
|
|t:|1655943915
|move|p2a: Reaper|Sucker Punch|p1a: Perrserker
|-damage|p1a: Perrserker|46/100
|move|p1a: Perrserker|Close Combat|p2a: Reaper
|-supereffective|p2a: Reaper
|-damage|p2a: Reaper|0 fnt
|-unboost|p1a: Perrserker|def|1
|-unboost|p1a: Perrserker|spd|1
|faint|p2a: Reaper
|-damage|p1a: Perrserker|36/100|[from] item: Life Orb
|
|-heal|p1a: Perrserker|42/100|[from] Grassy Terrain
|-fieldend|move: Trick Room
|-fieldend|move: Grassy Terrain
|upkeep
|
|t:|1655943923
|switch|p2a: Fish God|Lanturn, M|100/100
|turn|6
|
|t:|1655943935
|switch|p1a: Electivire|Electivire, M, shiny|100/100
|move|p2a: Fish God|Scald|p1a: Electivire
|-damage|p1a: Electivire|62/100
|
|upkeep
|turn|7
|
|t:|1655943944
|switch|p2a: Daru|Claydol|89/100
|move|p1a: Electivire|Earthquake|p2a: Daru
|-immune|p2a: Daru|[from] ability: Levitate
|
|upkeep
|turn|8
|
|t:|1655943948
|switch|p1a: Uxie|Uxie, shiny|39/100
|move|p2a: Daru|Earthquake|p1a: Uxie
|-immune|p1a: Uxie|[from] ability: Levitate
|
|upkeep
|turn|9
|
|t:|1655943951
|switch|p2a: Louie|Thwackey, M|100/100
|-fieldstart|move: Grassy Terrain|[from] ability: Grassy Surge|[of] p2a: Louie
|move|p1a: Uxie|Trick Room|p1a: Uxie
|-fieldstart|move: Trick Room|[of] p1a: Uxie
|
|upkeep
|turn|10
|
|t:|1655943954
|move|p1a: Uxie|U-turn|p2a: Louie
|-supereffective|p2a: Louie
|-damage|p2a: Louie|59/100
|
|t:|1655943958
|switch|p1a: Perrserker|Perrserker, F|42/100|[from]move: U-turn
|move|p2a: Louie|U-turn|p1a: Perrserker
|-resisted|p1a: Perrserker
|-damage|p1a: Perrserker|28/100
|
|t:|1655943963
|switch|p2a: Daru|Claydol|89/100|[from]move: U-turn
|
|-heal|p1a: Perrserker|34/100|[from] Grassy Terrain
|upkeep
|turn|11
|
|t:|1655943968
|move|p1a: Perrserker|Iron Head|p2a: Daru
|-damage|p2a: Daru|25/100
|-damage|p1a: Perrserker|24/100|[from] item: Life Orb
|cant|p2a: Daru|flinch
|
|-heal|p1a: Perrserker|30/100|[from] Grassy Terrain
|upkeep
|turn|12
|c|☆AwesomePU|rip
|
|t:|1655943974
|move|p1a: Perrserker|Iron Head|p2a: Daru
|-damage|p2a: Daru|0 fnt
|faint|p2a: Daru
|-damage|p1a: Perrserker|20/100|[from] item: Life Orb
|
|-heal|p1a: Perrserker|26/100|[from] Grassy Terrain
|upkeep
|
|t:|1655943977
|switch|p2a: Louie|Thwackey, M|59/100
|turn|13
|
|t:|1655943983
|move|p2a: Louie|Grassy Glide|p1a: Perrserker
|-resisted|p1a: Perrserker
|-damage|p1a: Perrserker|1/100
|move|p1a: Perrserker|Gunk Shot|p2a: Louie
|-supereffective|p2a: Louie
|-damage|p2a: Louie|0 fnt
|faint|p2a: Louie
|-damage|p1a: Perrserker|0 fnt|[from] item: Life Orb
|faint|p1a: Perrserker
|
|-fieldend|move: Trick Room
|-fieldend|move: Grassy Terrain
|upkeep
|
|t:|1655944005
|switch|p2a: Bruce|Hitmonlee, M|100/100
|switch|p1a: Ribombee|Ribombee, M, shiny|100/100
|turn|14
|
|t:|1655944009
|move|p1a: Ribombee|Moonblast|p2a: Bruce
|-supereffective|p2a: Bruce
|-damage|p2a: Bruce|0 fnt
|faint|p2a: Bruce
|-damage|p1a: Ribombee|91/100|[from] item: Life Orb
|
|upkeep
|
|t:|1655944011
|switch|p2a: Fish God|Lanturn, M|100/100
|turn|15
|
|t:|1655944013
|move|p2a: Fish God|Volt Switch|p1a: Ribombee
|-damage|p1a: Ribombee|49/100
|move|p1a: Ribombee|Energy Ball|p2a: Fish God
|-supereffective|p2a: Fish God
|-damage|p2a: Fish God|35/100
|-damage|p1a: Ribombee|39/100|[from] item: Life Orb
|
|upkeep
|turn|16
|c|☆AwesomePU|gg
|
|t:|1655944020
|switch|p1a: Electivire|Electivire, M, shiny|62/100
|move|p2a: Fish God|Volt Switch|p1a: Electivire
|-ability|p1a: Electivire|Motor Drive|boost
|-boost|p1a: Electivire|spe|1
|
|upkeep
|turn|17
|
|t:|1655944025
|move|p1a: Electivire|Earthquake|p2a: Fish God
|-supereffective|p2a: Fish God
|-damage|p2a: Fish God|0 fnt
|faint|p2a: Fish God
|-damage|p1a: Electivire|52/100|[from] item: Life Orb
|
|win|ThesisStatement7
|raw|ThesisStatement7's rating: 1276 &rarr; <strong>1306</strong><br />(+30 for winning)
|raw|AwesomePU's rating: 1340 &rarr; <strong>1316</strong><br />(-24 for losing)
|l|☆AwesomePU
||Ladder isn't responding, score probably updated but might not have (Request timeout).
