|j|☆superjester5
|j|☆kurtyv
|t:|1629156350
|gametype|singles
|player|p1|superjester5|lucas|1217
|player|p2|kurtyv|169|1529
|teamsize|p1|6
|teamsize|p2|6
|gen|8
|tier|[Gen 8] PU
|rated|
|rule|Sleep Clause Mod: Limit one foe put to sleep
|rule|Species Clause: Limit one of each Pokémon
|rule|OHKO Clause: OHKO moves are banned
|rule|Evasion Moves Clause: Evasion moves are banned
|rule|Endless Battle Clause: Forcing endless battles is banned
|rule|HP Percentage Mod: HP is shown in percentages
|rule|Dynamax Clause: You cannot dynamax
|clearpoke
|poke|p1|Drifblim, M|
|poke|p1|Rapidash, M|
|poke|p1|Drampa, F|
|poke|p1|Skuntank, M|
|poke|p1|Tsareena, F|
|poke|p1|Froslass, F|
|poke|p2|Carracosta, F|
|poke|p2|Togedemaru, F|
|poke|p2|Trevenant, F|
|poke|p2|Charizard, M|
|poke|p2|Whimsicott, M|
|poke|p2|Hitmonlee, M|
|teampreview
|inactive|Battle timer is ON: inactive players will automatically lose when time's up. (requested by superjester5)
|
|t:|1629156381
|start
|switch|p1a: Froslass|Froslass, F|100/100
|switch|p2a: Togedemaru|Togedemaru, F|100/100
|turn|1
|
|t:|1629156388
|move|p2a: Togedemaru|Iron Head|p1a: Froslass
|-supereffective|p1a: Froslass
|-enditem|p1a: Froslass|Focus Sash
|-damage|p1a: Froslass|1/100
|move|p1a: Froslass|Spikes|p2a: Togedemaru
|-sidestart|p2: kurtyv|Spikes
|
|upkeep
|turn|2
|
|t:|1629156395
|switch|p1a: Drampa|Drampa, F|100/100
|move|p2a: Togedemaru|Iron Head|p1a: Drampa
|-damage|p1a: Drampa|61/100
|
|upkeep
|turn|3
|
|t:|1629156404
|move|p2a: Togedemaru|Iron Head|p1a: Drampa
|-damage|p1a: Drampa|21/100
|-ability|p1a: Drampa|Berserk|boost
|-boost|p1a: Drampa|spa|1
|move|p1a: Drampa|Flamethrower|p2a: Togedemaru
|-supereffective|p2a: Togedemaru
|-damage|p2a: Togedemaru|0 fnt
|faint|p2a: Togedemaru
|-damage|p1a: Drampa|11/100|[from] item: Life Orb
|
|upkeep
|
|t:|1629156426
|switch|p2a: Whimsicott|Whimsicott, M|100/100
|-damage|p2a: Whimsicott|88/100|[from] Spikes
|turn|4
|
|t:|1629156429
|move|p2a: Whimsicott|U-turn|p1a: Drampa
|-damage|p1a: Drampa|0 fnt
|faint|p1a: Drampa
|
|t:|1629156432
|switch|p2a: Carracosta|Carracosta, F|100/100|[from]move: U-turn
|
|upkeep
|
|t:|1629156436
|switch|p1a: Froslass|Froslass, F|1/100
|turn|5
|
|t:|1629156439
|move|p2a: Carracosta|Aqua Jet|p1a: Froslass
|-damage|p1a: Froslass|0 fnt
|faint|p1a: Froslass
|
|upkeep
|
|t:|1629156444
|switch|p1a: Tsareena|Tsareena, F|100/100
|turn|6
|
|t:|1629156447
|switch|p2a: Charizard|Charizard, M|100/100
|move|p1a: Tsareena|Rapid Spin|p2a: Charizard
|-crit|p2a: Charizard
|-damage|p2a: Charizard|60/100
|-boost|p1a: Tsareena|spe|1
|
|upkeep
|turn|7
|
|t:|1629156454
|move|p1a: Tsareena|Triple Axel|p2a: Charizard
|-damage|p2a: Charizard|50/100
|-damage|p2a: Charizard|29/100
|-damage|p2a: Charizard|0 fnt
|faint|p2a: Charizard
|-hitcount|p2: Charizard|3
|
|upkeep
|
|t:|1629156475
|switch|p2a: Whimsicott|Whimsicott, M|88/100
|-damage|p2a: Whimsicott|76/100|[from] Spikes
|turn|8
|
|t:|1629156479
|move|p2a: Whimsicott|Tailwind|p2a: Whimsicott
|-sidestart|p2: kurtyv|move: Tailwind
|move|p1a: Tsareena|Triple Axel|p2a: Whimsicott
|-supereffective|p2a: Whimsicott
|-damage|p2a: Whimsicott|55/100
|-supereffective|p2a: Whimsicott
|-damage|p2a: Whimsicott|15/100
|-supereffective|p2a: Whimsicott
|-damage|p2a: Whimsicott|0 fnt
|faint|p2a: Whimsicott
|-hitcount|p2: Whimsicott|3
|
|upkeep
|
|t:|1629156494
|switch|p2a: Hitmonlee|Hitmonlee, M|100/100
|-damage|p2a: Hitmonlee|88/100|[from] Spikes
|turn|9
|
|t:|1629156497
|move|p2a: Hitmonlee|High Jump Kick|p1a: Tsareena
|-damage|p1a: Tsareena|0 fnt
|faint|p1a: Tsareena
|-damage|p2a: Hitmonlee|78/100|[from] item: Life Orb
|
|upkeep
|
|t:|1629156503
|switch|p1a: Drifblim|Drifblim, M|100/100
|turn|10
|
|t:|1629156508
|move|p2a: Hitmonlee|Knock Off|p1a: Drifblim
|-supereffective|p1a: Drifblim
|-damage|p1a: Drifblim|0 fnt
|-enditem|p1a: Drifblim|Power Herb|[from] move: Knock Off|[of] p2a: Hitmonlee
|faint|p1a: Drifblim
|-damage|p2a: Hitmonlee|68/100|[from] item: Life Orb
|
|upkeep
|
|t:|1629156515
|switch|p1a: Skuntank|Skuntank, M|100/100
|turn|11
|
|t:|1629156518
|move|p1a: Skuntank|Protect|p1a: Skuntank
|-singleturn|p1a: Skuntank|Protect
|move|p2a: Hitmonlee|High Jump Kick|p1a: Skuntank
|-activate|p1a: Skuntank|move: Protect
|-damage|p2a: Hitmonlee|18/100|[from] highjumpkick
|
|-sideend|p2: kurtyv|move: Tailwind
|upkeep
|turn|12
|
|t:|1629156526
|move|p1a: Skuntank|Foul Play|p2a: Hitmonlee
|-resisted|p2a: Hitmonlee
|-crit|p2a: Hitmonlee
|-damage|p2a: Hitmonlee|0 fnt
|faint|p2a: Hitmonlee
|
|upkeep
|
|t:|1629156533
|switch|p2a: Trevenant|Trevenant, F|100/100
|-damage|p2a: Trevenant|88/100|[from] Spikes
|turn|13
|
|t:|1629156544
|move|p1a: Skuntank|Toxic|p2a: Trevenant
|-status|p2a: Trevenant|tox
|move|p2a: Trevenant|Drain Punch|p1a: Skuntank
|-damage|p1a: Skuntank|55/100
|-heal|p2a: Trevenant|100/100 tox|[from] drain|[of] p1a: Skuntank
|
|-heal|p1a: Skuntank|61/100|[from] item: Black Sludge
|-damage|p2a: Trevenant|94/100 tox|[from] psn
|upkeep
|turn|14
|
|t:|1629156553
|move|p1a: Skuntank|Protect|p1a: Skuntank
|-singleturn|p1a: Skuntank|Protect
|move|p2a: Trevenant|Drain Punch|p1a: Skuntank
|-activate|p1a: Skuntank|move: Protect
|
|-heal|p1a: Skuntank|67/100|[from] item: Black Sludge
|-damage|p2a: Trevenant|82/100 tox|[from] psn
|upkeep
|turn|15
|
|t:|1629156560
|move|p1a: Skuntank|Foul Play|p2a: Trevenant
|-supereffective|p2a: Trevenant
|-damage|p2a: Trevenant|0 fnt
|faint|p2a: Trevenant
|
|-heal|p1a: Skuntank|73/100|[from] item: Black Sludge
|upkeep
|
|t:|1629156563
|switch|p2a: Carracosta|Carracosta, F|100/100
|turn|16
|
|t:|1629156567
|move|p1a: Skuntank|Foul Play|p2a: Carracosta
|-damage|p2a: Carracosta|57/100
|move|p2a: Carracosta|Shell Smash|p2a: Carracosta
|-unboost|p2a: Carracosta|def|1
|-unboost|p2a: Carracosta|spd|1
|-boost|p2a: Carracosta|atk|2
|-boost|p2a: Carracosta|spa|2
|-boost|p2a: Carracosta|spe|2
|
|-heal|p1a: Skuntank|79/100|[from] item: Black Sludge
|upkeep
|turn|17
|
|t:|1629156583
|move|p1a: Skuntank|Protect|p1a: Skuntank
|-singleturn|p1a: Skuntank|Protect
|move|p2a: Carracosta|Liquidation|p1a: Skuntank
|-activate|p1a: Skuntank|move: Protect
|
|-heal|p1a: Skuntank|85/100|[from] item: Black Sludge
|upkeep
|turn|18
|
|t:|1629156589
|move|p2a: Carracosta|Liquidation|p1a: Skuntank
|-damage|p1a: Skuntank|2/100
|move|p1a: Skuntank|Foul Play|p2a: Carracosta
|-damage|p2a: Carracosta|0 fnt
|faint|p2a: Carracosta
|
|win|superjester5
|raw|superjester5's rating: 1217 &rarr; <strong>1260</strong><br />(+43 for winning)
|raw|kurtyv's rating: 1529 &rarr; <strong>1495</strong><br />(-34 for losing)
|l|☆kurtyv
