|j|☆allstarapology
|j|☆Johto the kid
|player|p1|allstarapology|shelly-gen3|1373
|player|p2|Johto the kid|ethan-gen2|1280
|teamsize|p1|6
|teamsize|p2|6
|gametype|singles
|gen|8
|tier|[Gen 8] PU
|rated|
|clearpoke
|poke|p1|Whirlipede, M|
|poke|p1|Mawile, M|
|poke|p1|Falinks|
|poke|p1|Dusknoir, M|
|poke|p1|Kadabra, M|
|poke|p1|Thievul, M|
|poke|p2|Meowstic, M|
|poke|p2|Ludicolo, M|
|poke|p2|Dubwool, F|
|poke|p2|Lapras, F|
|poke|p2|Manectric, M|
|poke|p2|Mareanie, F|
|rule|Sleep Clause Mod: Limit one foe put to sleep
|rule|Species Clause: Limit one of each Pokémon
|rule|OHKO Clause: OHKO moves are banned
|rule|Evasion Moves Clause: Evasion moves are banned
|rule|Endless Battle Clause: Forcing endless battles is banned
|rule|HP Percentage Mod: HP is shown in percentages
|rule|Dynamax Clause: You cannot dynamax
|teampreview
|inactive|Battle timer is ON: inactive players will automatically lose when time's up. (requested by allstarapology)
|
|start
|switch|p1a: Whirlipede|Whirlipede, M|100/100
|switch|p2a: Meow|Meowstic, M|100/100
|turn|1
|j| adhadda
|
|move|p2a: Meow|Magic Coat|p2a: Meow
|-singleturn|p2a: Meow|move: Magic Coat
|move|p1a: Whirlipede|Spikes|p2a: Meow
|move|p2a: Meow|Spikes|p1a: Whirlipede|[from]Magic Coat
|-sidestart|p1: allstarapology|Spikes
|
|-ability|p1a: Whirlipede|Speed Boost|boost
|-boost|p1a: Whirlipede|spe|1
|upkeep
|turn|2
|
|switch|p1a: Dusknoir|Dusknoir, M|100/100
|-damage|p1a: Dusknoir|88/100|[from] Spikes
|-item|p2a: Meow|Damp Rock|[from] ability: Frisk|[of] p1a: Dusknoir|[identify]
|move|p2a: Meow|Reflect|p2a: Meow
|-sidestart|p2: Johto the kid|Reflect
|
|upkeep
|turn|3
|
|move|p2a: Meow|Light Screen|p2a: Meow
|-sidestart|p2: Johto the kid|move: Light Screen
|move|p1a: Dusknoir|Power-Up Punch|p2a: Meow
|-resisted|p2a: Meow
|-damage|p2a: Meow|96/100
|-boost|p1a: Dusknoir|atk|1
|
|upkeep
|turn|4
|
|move|p2a: Meow|Rain Dance|p2a: Meow
|-weather|RainDance
|move|p1a: Dusknoir|Power-Up Punch|p2a: Meow
|-resisted|p2a: Meow
|-damage|p2a: Meow|90/100
|-boost|p1a: Dusknoir|atk|1
|
|-weather|RainDance|[upkeep]
|upkeep
|turn|5
|
|switch|p2a: Stall wall|Mareanie, F|100/100
|move|p1a: Dusknoir|Poltergeist|p2a: Stall wall
|-activate|p2a: Stall wall|move: Poltergeist|Eviolite
|-damage|p2a: Stall wall|63/100
|
|-weather|RainDance|[upkeep]
|upkeep
|turn|6
|
|move|p1a: Dusknoir|Earthquake|p2a: Stall wall
|-supereffective|p2a: Stall wall
|-damage|p2a: Stall wall|20/100
|move|p2a: Stall wall|Haze|p2a: Stall wall
|-clearallboost
|
|-weather|RainDance|[upkeep]
|-sideend|p2: Johto the kid|Reflect
|upkeep
|turn|7
|
|switch|p1a: Whirlipede|Whirlipede, M|100/100
|-damage|p1a: Whirlipede|88/100|[from] Spikes
|move|p2a: Stall wall|Recover|p2a: Stall wall
|-heal|p2a: Stall wall|70/100
|
|-weather|RainDance|[upkeep]
|-sideend|p2: Johto the kid|move: Light Screen
|upkeep
|turn|8
|
|switch|p2a: Kappa|Ludicolo, M, shiny|100/100
|move|p1a: Whirlipede|Spikes|p2a: Kappa
|-sidestart|p2: Johto the kid|Spikes
|
|-weather|RainDance|[upkeep]
|-ability|p1a: Whirlipede|Speed Boost|boost
|-boost|p1a: Whirlipede|spe|1
|upkeep
|turn|9
|
|move|p1a: Whirlipede|Protect|p1a: Whirlipede
|-singleturn|p1a: Whirlipede|Protect
|move|p2a: Kappa|Scald|p1a: Whirlipede
|-activate|p1a: Whirlipede|move: Protect
|
|-weather|RainDance|[upkeep]
|-ability|p1a: Whirlipede|Speed Boost|boost
|-boost|p1a: Whirlipede|spe|1
|upkeep
|turn|10
|inactive|allstarapology has 120 seconds left.
|
|move|p1a: Whirlipede|Protect|p1a: Whirlipede
|-singleturn|p1a: Whirlipede|Protect
|move|p2a: Kappa|Scald|p1a: Whirlipede
|-activate|p1a: Whirlipede|move: Protect
|
|-weather|RainDance|[upkeep]
|-ability|p1a: Whirlipede|Speed Boost|boost
|-boost|p1a: Whirlipede|spe|1
|upkeep
|turn|11
|
|move|p1a: Whirlipede|Spikes|p2a: Kappa
|-sidestart|p2: Johto the kid|Spikes
|move|p2a: Kappa|Scald|p1a: Whirlipede
|-damage|p1a: Whirlipede|0 fnt
|-damage|p2a: Kappa|91/100|[from] item: Life Orb
|faint|p1a: Whirlipede
|
|-weather|none
|upkeep
|
|switch|p1a: Falinks|Falinks|100/100
|-damage|p1a: Falinks|88/100|[from] Spikes
|turn|12
|
|move|p1a: Falinks|No Retreat|p1a: Falinks
|-boost|p1a: Falinks|atk|1
|-boost|p1a: Falinks|def|1
|-boost|p1a: Falinks|spa|1
|-boost|p1a: Falinks|spd|1
|-boost|p1a: Falinks|spe|1
|-start|p1a: Falinks|move: No Retreat
|move|p2a: Kappa|Rain Dance|p2a: Kappa
|-weather|RainDance
|
|-weather|RainDance|[upkeep]
|upkeep
|turn|13
|
|switch|p2a: Stall wall|Mareanie, F|100/100
|-damage|p2a: Stall wall|84/100|[from] Spikes
|move|p1a: Falinks|Close Combat|p2a: Stall wall
|-resisted|p2a: Stall wall
|-crit|p2a: Stall wall
|-damage|p2a: Stall wall|44/100
|-unboost|p1a: Falinks|def|1
|-unboost|p1a: Falinks|spd|1
|
|-weather|RainDance|[upkeep]
|upkeep
|turn|14
|
|move|p1a: Falinks|Zen Headbutt|p2a: Stall wall
|-supereffective|p2a: Stall wall
|-damage|p2a: Stall wall|0 fnt
|faint|p2a: Stall wall
|
|-weather|RainDance|[upkeep]
|upkeep
|
|switch|p2a: Kappa|Ludicolo, M, shiny|91/100
|-damage|p2a: Kappa|74/100|[from] Spikes
|turn|15
|
|move|p2a: Kappa|Scald|p1a: Falinks
|-damage|p1a: Falinks|0 fnt
|-damage|p2a: Kappa|64/100|[from] item: Life Orb
|faint|p1a: Falinks
|
|-weather|RainDance|[upkeep]
|upkeep
|
|switch|p1a: Dusknoir|Dusknoir, M|88/100
|-damage|p1a: Dusknoir|76/100|[from] Spikes
|-item|p2a: Kappa|Life Orb|[from] ability: Frisk|[of] p1a: Dusknoir|[identify]
|turn|16
|
|move|p2a: Kappa|Scald|p1a: Dusknoir
|-damage|p1a: Dusknoir|34/100
|-damage|p2a: Kappa|54/100|[from] item: Life Orb
|move|p1a: Dusknoir|Poltergeist|p2a: Kappa
|-activate|p2a: Kappa|move: Poltergeist|Life Orb
|-damage|p2a: Kappa|0 fnt
|faint|p2a: Kappa
|
|-weather|none
|upkeep
|
|switch|p2a: Meow|Meowstic, M|90/100
|-damage|p2a: Meow|74/100|[from] Spikes
|turn|17
|
|switch|p1a: Thievul|Thievul, M|100/100
|-damage|p1a: Thievul|88/100|[from] Spikes
|move|p2a: Meow|Reflect|p2a: Meow
|-sidestart|p2: Johto the kid|Reflect
|
|upkeep
|turn|18
|
|move|p2a: Meow|Rain Dance|p2a: Meow
|-weather|RainDance
|move|p1a: Thievul|Snarl|p2a: Meow
|-supereffective|p2a: Meow
|-crit|p2a: Meow
|-damage|p2a: Meow|0 fnt
|-enditem|p1a: Thievul|Throat Spray
|-boost|p1a: Thievul|spa|1|[from] item: Throat Spray
|faint|p2a: Meow
|
|-weather|RainDance|[upkeep]
|upkeep
|
|switch|p2a: Nessi|Lapras, F, shiny|100/100
|-damage|p2a: Nessi|84/100|[from] Spikes
|turn|19
|
|move|p1a: Thievul|Dark Pulse|p2a: Nessi
|-damage|p2a: Nessi|57/100
|move|p2a: Nessi|Surf|p1a: Thievul
|-damage|p1a: Thievul|15/100
|
|-weather|RainDance|[upkeep]
|upkeep
|turn|20
|
|move|p1a: Thievul|Dark Pulse|p2a: Nessi
|-damage|p2a: Nessi|30/100
|move|p2a: Nessi|Ancient Power|p1a: Thievul
|-damage|p1a: Thievul|0 fnt
|faint|p1a: Thievul
|
|-weather|RainDance|[upkeep]
|upkeep
|
|switch|p1a: Mawile|Mawile, M|100/100
|-damage|p1a: Mawile|88/100|[from] Spikes
|turn|21
|
|move|p1a: Mawile|Iron Head|p2a: Nessi
|-damage|p2a: Nessi|6/100
|move|p2a: Nessi|Surf|p1a: Mawile
|-damage|p1a: Mawile|0 fnt
|faint|p1a: Mawile
|
|-weather|RainDance|[upkeep]
|-sideend|p2: Johto the kid|Reflect
|upkeep
|
|switch|p1a: Kadabra|Kadabra, M|100/100
|turn|22
|
|move|p1a: Kadabra|Psychic|p2a: Nessi
|-damage|p2a: Nessi|0 fnt
|faint|p2a: Nessi
|
|-weather|RainDance|[upkeep]
|upkeep
|
|switch|p2a: Bolt|Manectric, M|100/100
|-damage|p2a: Bolt|84/100|[from] Spikes
|turn|23
|
|move|p2a: Bolt|Discharge|p1a: Kadabra
|-damage|p1a: Kadabra|29/100
|-status|p1a: Kadabra|par
|cant|p1a: Kadabra|par
|
|-weather|RainDance|[upkeep]
|upkeep
|turn|24
|-message|allstarapology forfeited.
|
|win|Johto the kid
|l|☆allstarapology
|raw|allstarapology's rating: 1389 &rarr; <strong>1363</strong><br />(-26 for losing)
|raw|Johto the kid's rating: 1280 &rarr; <strong>1313</strong><br />(+33 for winning)
|l|☆Johto the kid
|l| adhadda
|j|☆Johto the kid
|player|p2|Johto the kid|ethan-gen2
