|j|☆lakiro
|j|☆ayo bb
|t:|1620075001
|gametype|singles
|player|p1|lakiro|170|1266
|player|p2|ayo bb|1|1565
|teamsize|p1|6
|teamsize|p2|6
|gen|8
|tier|[Gen 8] PU
|rated|
|clearpoke
|poke|p1|Aromatisse, M|
|poke|p1|Coalossal, F|
|poke|p1|Lanturn, M|
|poke|p1|Whirlipede, F|
|poke|p1|Perrserker, M|
|poke|p1|Gourgeist-*, M|
|poke|p2|Gigalith, F|
|poke|p2|Persian-Alola, M|
|poke|p2|Stunfisk-Galar, F|
|poke|p2|Gourgeist-*, M|
|poke|p2|Golbat, M|
|poke|p2|Qwilfish, M|
|rule|Sleep Clause Mod: Limit one foe put to sleep
|rule|Species Clause: Limit one of each Pokémon
|rule|OHKO Clause: OHKO moves are banned
|rule|Evasion Moves Clause: Evasion moves are banned
|rule|Endless Battle Clause: Forcing endless battles is banned
|rule|HP Percentage Mod: HP is shown in percentages
|rule|Dynamax Clause: You cannot dynamax
|teampreview
|
|t:|1620075011
|start
|switch|p1a: Perrserker|Perrserker, M, shiny|100/100
|switch|p2a: Qwilfish|Qwilfish, M|100/100
|-ability|p2a: Qwilfish|Intimidate|boost
|-unboost|p1a: Perrserker|atk|1
|turn|1
|
|t:|1620075017
|switch|p1a: Whirlipede|Whirlipede, F, shiny|100/100
|move|p2a: Qwilfish|Substitute|p2a: Qwilfish
|-start|p2a: Qwilfish|Substitute
|-damage|p2a: Qwilfish|76/100
|
|upkeep
|turn|2
|
|t:|1620075019
|move|p2a: Qwilfish|Liquidation|p1a: Whirlipede
|-damage|p1a: Whirlipede|75/100
|-damage|p2a: Qwilfish|66/100|[from] item: Life Orb
|move|p1a: Whirlipede|Toxic Spikes|p2a: Qwilfish
|-sidestart|p2: ayo bb|move: Toxic Spikes
|
|-ability|p1a: Whirlipede|Speed Boost|boost
|-boost|p1a: Whirlipede|spe|1
|upkeep
|turn|3
|
|t:|1620075023
|move|p2a: Qwilfish|Liquidation|p1a: Whirlipede
|-damage|p1a: Whirlipede|48/100
|-unboost|p1a: Whirlipede|def|1
|-damage|p2a: Qwilfish|56/100|[from] item: Life Orb
|move|p1a: Whirlipede|Toxic Spikes|p2a: Qwilfish
|-sidestart|p2: ayo bb|move: Toxic Spikes
|
|-ability|p1a: Whirlipede|Speed Boost|boost
|-boost|p1a: Whirlipede|spe|1
|upkeep
|turn|4
|
|t:|1620075028
|move|p2a: Qwilfish|Liquidation|p1a: Whirlipede
|-damage|p1a: Whirlipede|11/100
|-damage|p2a: Qwilfish|46/100|[from] item: Life Orb
|move|p1a: Whirlipede|Endeavor|p2a: Qwilfish
|-end|p2a: Qwilfish|Substitute
|
|-ability|p1a: Whirlipede|Speed Boost|boost
|-boost|p1a: Whirlipede|spe|1
|upkeep
|turn|5
|inactive|Battle timer is ON: inactive players will automatically lose when time's up. (requested by lakiro)
|
|t:|1620075064
|switch|p2a: Golbat|Golbat, M|100/100
|move|p1a: Whirlipede|Endeavor|p2a: Golbat
|-damage|p2a: Golbat|9/100
|
|-ability|p1a: Whirlipede|Speed Boost|boost
|-boost|p1a: Whirlipede|spe|1
|upkeep
|turn|6
|
|t:|1620075073
|move|p1a: Whirlipede|Skitter Smack|p2a: Golbat
|-resisted|p2a: Golbat
|-damage|p2a: Golbat|6/100
|-unboost|p2a: Golbat|spa|1
|move|p2a: Golbat|Defog|p1a: Whirlipede
|-unboost|p1a: Whirlipede|evasion|1
|-sideend|p2: ayo bb|Toxic Spikes|[from] move: Defog|[of] p2a: Golbat
|
|-ability|p1a: Whirlipede|Speed Boost|boost
|-boost|p1a: Whirlipede|spe|1
|upkeep
|turn|7
|
|t:|1620075084
|switch|p2a: Gigalith|Gigalith, F|100/100
|-weather|Sandstorm|[from] ability: Sand Stream|[of] p2a: Gigalith
|move|p1a: Whirlipede|Toxic Spikes|p2a: Gigalith
|-sidestart|p2: ayo bb|move: Toxic Spikes
|
|-weather|Sandstorm|[upkeep]
|-damage|p1a: Whirlipede|5/100|[from] Sandstorm
|-ability|p1a: Whirlipede|Speed Boost|boost
|-boost|p1a: Whirlipede|spe|1
|upkeep
|turn|8
|
|t:|1620075089
|move|p2a: Gigalith|Protect|p2a: Gigalith
|-singleturn|p2a: Gigalith|Protect
|move|p1a: Whirlipede|Endeavor|p2a: Gigalith
|-activate|p2a: Gigalith|move: Protect
|
|-weather|Sandstorm|[upkeep]
|-damage|p1a: Whirlipede|0 fnt|[from] Sandstorm
|faint|p1a: Whirlipede
|upkeep
|
|t:|1620075095
|switch|p1a: Perrserker|Perrserker, M, shiny|100/100
|turn|9
|
|t:|1620075104
|switch|p2a: Persian|Persian-Alola, M|100/100
|-status|p2a: Persian|psn
|move|p1a: Perrserker|Iron Head|p2a: Persian
|-damage|p2a: Persian|52/100 psn
|
|-weather|Sandstorm|[upkeep]
|-damage|p2a: Persian|46/100 psn|[from] Sandstorm
|-heal|p2a: Persian|52/100 psn|[from] item: Leftovers
|-damage|p2a: Persian|40/100 psn|[from] psn
|upkeep
|turn|10
|
|t:|1620075115
|move|p2a: Persian|Parting Shot|p1a: Perrserker
|-unboost|p1a: Perrserker|atk|1
|-unboost|p1a: Perrserker|spa|1
|
|t:|1620075117
|switch|p2a: Stunfisk|Stunfisk-Galar, F|100/100|[from]move: Parting Shot
|move|p1a: Perrserker|U-turn|p2a: Stunfisk
|-resisted|p2a: Stunfisk
|-damage|p2a: Stunfisk|96/100
|
|t:|1620075124
|switch|p1a: Lanturn|Lanturn, M|100/100|[from]move: U-turn
|
|-weather|Sandstorm|[upkeep]
|-damage|p1a: Lanturn|94/100|[from] Sandstorm
|-heal|p2a: Stunfisk|100/100|[from] item: Leftovers
|upkeep
|turn|11
|
|t:|1620075129
|move|p1a: Lanturn|Scald|p2a: Stunfisk
|-supereffective|p2a: Stunfisk
|-damage|p2a: Stunfisk|15/100
|move|p2a: Stunfisk|Yawn|p1a: Lanturn
|-start|p1a: Lanturn|move: Yawn|[of] p2a: Stunfisk
|
|-weather|none
|-heal|p2a: Stunfisk|21/100|[from] item: Leftovers
|upkeep
|turn|12
|
|t:|1620075137
|move|p1a: Lanturn|Scald|p2a: Stunfisk
|-supereffective|p2a: Stunfisk
|-damage|p2a: Stunfisk|0 fnt
|faint|p2a: Stunfisk
|
|-end|p1a: Lanturn|move: Yawn|[silent]
|-status|p1a: Lanturn|slp
|upkeep
|
|t:|1620075141
|switch|p2a: Qwilfish|Qwilfish, M|46/100
|-sideend|p2: ayo bb|move: Toxic Spikes|[of] p2a: Qwilfish
|-ability|p2a: Qwilfish|Intimidate|boost
|-unboost|p1a: Lanturn|atk|1
|turn|13
|
|t:|1620075156
|switch|p1a: Gourgeist|Gourgeist-Large, M, shiny|100/100
|-item|p2a: Qwilfish|Life Orb|[from] ability: Frisk|[of] p1a: Gourgeist|[identify]
|move|p2a: Qwilfish|Substitute|p2a: Qwilfish
|-start|p2a: Qwilfish|Substitute
|-damage|p2a: Qwilfish|21/100
|
|upkeep
|turn|14
|
|t:|1620075160
|move|p2a: Qwilfish|Pain Split|p1a: Gourgeist
|-sethp|p1a: Gourgeist|60/100|[from] move: Pain Split|[silent]
|-sethp|p2a: Qwilfish|65/100|[from] move: Pain Split
|move|p1a: Gourgeist|Substitute|p1a: Gourgeist
|-start|p1a: Gourgeist|Substitute
|-damage|p1a: Gourgeist|35/100
|
|-heal|p1a: Gourgeist|41/100|[from] item: Leftovers
|upkeep
|turn|15
|
|t:|1620075163
|move|p2a: Qwilfish|Poison Jab|p1a: Gourgeist
|-activate|p1a: Gourgeist|move: Substitute|[damage]
|-damage|p2a: Qwilfish|55/100|[from] item: Life Orb
|move|p1a: Gourgeist|Poltergeist|p2a: Qwilfish
|-activate|p2a: Qwilfish|move: Poltergeist|Life Orb
|-end|p2a: Qwilfish|Substitute
|
|-heal|p1a: Gourgeist|47/100|[from] item: Leftovers
|upkeep
|turn|16
|
|t:|1620075176
|switch|p2a: Persian|Persian-Alola, M|40/100 psn
|move|p1a: Gourgeist|Leech Seed|p2a: Persian
|-start|p2a: Persian|move: Leech Seed
|
|-heal|p2a: Persian|46/100 psn|[from] item: Leftovers
|-heal|p1a: Gourgeist|54/100|[from] item: Leftovers
|-damage|p2a: Persian|33/100 psn|[from] Leech Seed|[of] p1a: Gourgeist
|-heal|p1a: Gourgeist|65/100|[silent]
|-damage|p2a: Persian|21/100 psn|[from] psn
|upkeep
|turn|17
|
|t:|1620075185
|move|p2a: Persian|Rest|p2a: Persian
|-status|p2a: Persian|slp|[from] move: Rest
|-heal|p2a: Persian|100/100 slp|[silent]
|move|p1a: Gourgeist|Substitute|p1a: Gourgeist
|-fail|p1a: Gourgeist|move: Substitute
|
|-heal|p1a: Gourgeist|71/100|[from] item: Leftovers
|-damage|p2a: Persian|88/100 slp|[from] Leech Seed|[of] p1a: Gourgeist
|-heal|p1a: Gourgeist|83/100|[silent]
|upkeep
|turn|18
|
|t:|1620075189
|cant|p2a: Persian|slp
|move|p2a: Persian|Sleep Talk|p2a: Persian
|move|p2a: Persian|Foul Play|p1a: Gourgeist|[from]move: Sleep Talk
|-supereffective|p1a: Gourgeist
|-end|p1a: Gourgeist|Substitute
|move|p1a: Gourgeist|Poltergeist|p2a: Persian
|-activate|p2a: Persian|move: Poltergeist|Leftovers
|-resisted|p2a: Persian
|-damage|p2a: Persian|77/100 slp
|
|-heal|p2a: Persian|83/100 slp|[from] item: Leftovers
|-heal|p1a: Gourgeist|89/100|[from] item: Leftovers
|-damage|p2a: Persian|71/100 slp|[from] Leech Seed|[of] p1a: Gourgeist
|-heal|p1a: Gourgeist|100/100|[silent]
|upkeep
|turn|19
|
|t:|1620075196
|switch|p1a: Coalossal|Coalossal, F|100/100
|cant|p2a: Persian|slp
|move|p2a: Persian|Sleep Talk|p2a: Persian
|move|p2a: Persian|Foul Play|p1a: Coalossal|[from]move: Sleep Talk
|-crit|p1a: Coalossal
|-damage|p1a: Coalossal|83/100
|
|-heal|p2a: Persian|77/100 slp|[from] item: Leftovers
|-damage|p2a: Persian|65/100 slp|[from] Leech Seed|[of] p1a: Coalossal
|-heal|p1a: Coalossal|92/100|[silent]
|upkeep
|turn|20
|
|t:|1620075200
|-curestatus|p2a: Persian|slp|[msg]
|move|p2a: Persian|Parting Shot|p1a: Coalossal
|-unboost|p1a: Coalossal|atk|1
|-unboost|p1a: Coalossal|spa|1
|
|t:|1620075201
|switch|p2a: Golbat|Golbat, M|6/100|[from]move: Parting Shot
|move|p1a: Coalossal|Fire Spin|p2a: Golbat
|-damage|p2a: Golbat|1/100
|-activate|p2a: Golbat|move: Fire Spin|[of] p1a: Coalossal
|
|-damage|p2a: Golbat|0 fnt|[from] move: Fire Spin|[partiallytrapped]
|faint|p2a: Golbat
|upkeep
|
|t:|1620075209
|switch|p2a: Qwilfish|Qwilfish, M|55/100
|-ability|p2a: Qwilfish|Intimidate|boost
|-unboost|p1a: Coalossal|atk|1
|turn|21
|
|t:|1620075216
|move|p2a: Qwilfish|Substitute|p2a: Qwilfish
|-start|p2a: Qwilfish|Substitute
|-damage|p2a: Qwilfish|30/100
|move|p1a: Coalossal|Stealth Rock|p2a: Qwilfish
|-sidestart|p2: ayo bb|move: Stealth Rock
|
|upkeep
|turn|22
|
|t:|1620075222
|switch|p1a: Gourgeist|Gourgeist-Large, M, shiny|100/100
|-item|p2a: Qwilfish|Life Orb|[from] ability: Frisk|[of] p1a: Gourgeist|[identify]
|move|p2a: Qwilfish|Liquidation|p1a: Gourgeist
|-resisted|p1a: Gourgeist
|-damage|p1a: Gourgeist|87/100
|-damage|p2a: Qwilfish|20/100|[from] item: Life Orb
|
|-heal|p1a: Gourgeist|93/100|[from] item: Leftovers
|upkeep
|turn|23
|
|t:|1620075226
|move|p2a: Qwilfish|Pain Split|p1a: Gourgeist
|-sethp|p1a: Gourgeist|56/100|[from] move: Pain Split|[silent]
|-sethp|p2a: Qwilfish|61/100|[from] move: Pain Split
|move|p1a: Gourgeist|Substitute|p1a: Gourgeist
|-start|p1a: Gourgeist|Substitute
|-damage|p1a: Gourgeist|31/100
|
|-heal|p1a: Gourgeist|38/100|[from] item: Leftovers
|upkeep
|turn|24
|
|t:|1620075231
|move|p2a: Qwilfish|Poison Jab|p1a: Gourgeist
|-activate|p1a: Gourgeist|move: Substitute|[damage]
|-damage|p2a: Qwilfish|51/100|[from] item: Life Orb
|move|p1a: Gourgeist|Poltergeist|p2a: Qwilfish|[miss]
|-miss|p1a: Gourgeist|p2a: Qwilfish
|
|-heal|p1a: Gourgeist|44/100|[from] item: Leftovers
|upkeep
|turn|25
|
|t:|1620075240
|move|p2a: Qwilfish|Poison Jab|p1a: Gourgeist
|-end|p1a: Gourgeist|Substitute
|-damage|p2a: Qwilfish|41/100|[from] item: Life Orb
|move|p1a: Gourgeist|Substitute|p1a: Gourgeist
|-start|p1a: Gourgeist|Substitute
|-damage|p1a: Gourgeist|19/100
|
|-heal|p1a: Gourgeist|25/100|[from] item: Leftovers
|upkeep
|turn|26
|
|t:|1620075251
|move|p2a: Qwilfish|Poison Jab|p1a: Gourgeist
|-activate|p1a: Gourgeist|move: Substitute|[damage]
|-damage|p2a: Qwilfish|32/100|[from] item: Life Orb
|move|p1a: Gourgeist|Poltergeist|p2a: Qwilfish
|-activate|p2a: Qwilfish|move: Poltergeist|Life Orb
|-end|p2a: Qwilfish|Substitute
|
|-heal|p1a: Gourgeist|31/100|[from] item: Leftovers
|upkeep
|turn|27
|
|t:|1620075261
|switch|p2a: Persian|Persian-Alola, M|65/100
|-damage|p2a: Persian|52/100|[from] Stealth Rock
|move|p1a: Gourgeist|Leech Seed|p2a: Persian
|-start|p2a: Persian|move: Leech Seed
|
|-heal|p2a: Persian|58/100|[from] item: Leftovers
|-heal|p1a: Gourgeist|38/100|[from] item: Leftovers
|-damage|p2a: Persian|46/100|[from] Leech Seed|[of] p1a: Gourgeist
|-heal|p1a: Gourgeist|49/100|[silent]
|upkeep
|turn|28
|
|t:|1620075269
|switch|p1a: Lanturn|Lanturn, M|94/100 slp
|move|p2a: Persian|Parting Shot|p1a: Lanturn
|-unboost|p1a: Lanturn|atk|1
|-unboost|p1a: Lanturn|spa|1
|
|t:|1620075280
|switch|p2a: Qwilfish|Qwilfish, M|32/100|[from]move: Parting Shot
|-damage|p2a: Qwilfish|19/100|[from] Stealth Rock
|-ability|p2a: Qwilfish|Intimidate|boost
|-unboost|p1a: Lanturn|atk|1
|
|upkeep
|turn|29
|
|t:|1620075288
|move|p2a: Qwilfish|Pain Split|p1a: Lanturn
|-sethp|p1a: Lanturn|54/100 slp|[from] move: Pain Split|[silent]
|-sethp|p2a: Qwilfish|75/100|[from] move: Pain Split
|cant|p1a: Lanturn|slp
|
|upkeep
|turn|30
|
|t:|1620075297
|switch|p1a: Perrserker|Perrserker, M, shiny|100/100
|move|p2a: Qwilfish|Poison Jab|p1a: Perrserker
|-immune|p1a: Perrserker
|
|upkeep
|turn|31
|
|t:|1620075303
|move|p2a: Qwilfish|Substitute|p2a: Qwilfish
|-start|p2a: Qwilfish|Substitute
|-damage|p2a: Qwilfish|50/100
|move|p1a: Perrserker|U-turn|p2a: Qwilfish
|-resisted|p2a: Qwilfish
|-activate|p2a: Qwilfish|move: Substitute|[damage]
|
|t:|1620075309
|switch|p1a: Lanturn|Lanturn, M|54/100 slp|[from]move: U-turn
|
|upkeep
|turn|32
|
|t:|1620075313
|switch|p1a: Perrserker|Perrserker, M, shiny|100/100
|move|p2a: Qwilfish|Poison Jab|p1a: Perrserker
|-immune|p1a: Perrserker
|
|upkeep
|turn|33
|
|t:|1620075322
|move|p2a: Qwilfish|Liquidation|p1a: Perrserker
|-damage|p1a: Perrserker|56/100
|-damage|p2a: Qwilfish|40/100|[from] item: Life Orb
|move|p1a: Perrserker|U-turn|p2a: Qwilfish
|-resisted|p2a: Qwilfish
|-end|p2a: Qwilfish|Substitute
|
|t:|1620075332
|switch|p1a: Gourgeist|Gourgeist-Large, M, shiny|49/100|[from]move: U-turn
|-item|p2a: Qwilfish|Life Orb|[from] ability: Frisk|[of] p1a: Gourgeist|[identify]
|
|-heal|p1a: Gourgeist|55/100|[from] item: Leftovers
|upkeep
|turn|34
|
|t:|1620075340
|switch|p2a: Persian|Persian-Alola, M|46/100
|-damage|p2a: Persian|34/100|[from] Stealth Rock
|move|p1a: Gourgeist|Substitute|p1a: Gourgeist
|-start|p1a: Gourgeist|Substitute
|-damage|p1a: Gourgeist|30/100
|
|-heal|p2a: Persian|40/100|[from] item: Leftovers
|-heal|p1a: Gourgeist|37/100|[from] item: Leftovers
|upkeep
|turn|35
|
|t:|1620075343
|move|p2a: Persian|Foul Play|p1a: Gourgeist
|-supereffective|p1a: Gourgeist
|-end|p1a: Gourgeist|Substitute
|move|p1a: Gourgeist|Leech Seed|p2a: Persian
|-start|p2a: Persian|move: Leech Seed
|
|-heal|p2a: Persian|46/100|[from] item: Leftovers
|-heal|p1a: Gourgeist|43/100|[from] item: Leftovers
|-damage|p2a: Persian|33/100|[from] Leech Seed|[of] p1a: Gourgeist
|-heal|p1a: Gourgeist|54/100|[silent]
|upkeep
|turn|36
|
|t:|1620075352
|move|p2a: Persian|Parting Shot|p1a: Gourgeist
|-unboost|p1a: Gourgeist|atk|1
|-unboost|p1a: Gourgeist|spa|1
|
|t:|1620075357
|switch|p2a: Gigalith|Gigalith, F|100/100|[from]move: Parting Shot
|-damage|p2a: Gigalith|88/100|[from] Stealth Rock
|-weather|Sandstorm|[from] ability: Sand Stream|[of] p2a: Gigalith
|move|p1a: Gourgeist|Substitute|p1a: Gourgeist
|-start|p1a: Gourgeist|Substitute
|-damage|p1a: Gourgeist|30/100
|
|-weather|Sandstorm|[upkeep]
|-damage|p1a: Gourgeist|23/100|[from] Sandstorm
|-heal|p1a: Gourgeist|30/100|[from] item: Leftovers
|-heal|p2a: Gigalith|94/100|[from] item: Leftovers
|upkeep
|turn|37
|
|t:|1620075361
|move|p1a: Gourgeist|Will-O-Wisp|p2a: Gigalith
|-status|p2a: Gigalith|brn
|move|p2a: Gigalith|Stealth Rock|p1a: Gourgeist
|-sidestart|p1: lakiro|move: Stealth Rock
|
|-weather|Sandstorm|[upkeep]
|-damage|p1a: Gourgeist|23/100|[from] Sandstorm
|-heal|p1a: Gourgeist|30/100|[from] item: Leftovers
|-heal|p2a: Gigalith|100/100 brn|[from] item: Leftovers
|-damage|p2a: Gigalith|94/100 brn|[from] brn
|upkeep
|turn|38
|
|t:|1620075369
|switch|p2a: Persian|Persian-Alola, M|33/100
|-damage|p2a: Persian|21/100|[from] Stealth Rock
|move|p1a: Gourgeist|Leech Seed|p2a: Persian
|-start|p2a: Persian|move: Leech Seed
|
|-weather|Sandstorm|[upkeep]
|-damage|p2a: Persian|15/100|[from] Sandstorm
|-damage|p1a: Gourgeist|23/100|[from] Sandstorm
|-heal|p2a: Persian|21/100|[from] item: Leftovers
|-heal|p1a: Gourgeist|30/100|[from] item: Leftovers
|-damage|p2a: Persian|9/100|[from] Leech Seed|[of] p1a: Gourgeist
|-heal|p1a: Gourgeist|41/100|[silent]
|upkeep
|turn|39
|
|t:|1620075384
|switch|p1a: Coalossal|Coalossal, F|92/100
|move|p2a: Persian|Rest|p2a: Persian
|-status|p2a: Persian|slp|[from] move: Rest
|-heal|p2a: Persian|100/100 slp|[silent]
|
|-weather|Sandstorm|[upkeep]
|-damage|p2a: Persian|95/100 slp|[from] Sandstorm
|-heal|p2a: Persian|100/100 slp|[from] item: Leftovers
|-damage|p2a: Persian|88/100 slp|[from] Leech Seed|[of] p1a: Coalossal
|-heal|p1a: Coalossal|100/100|[silent]
|upkeep
|turn|40
|
|t:|1620075387
|cant|p2a: Persian|slp
|move|p2a: Persian|Sleep Talk|p2a: Persian
|move|p2a: Persian|Parting Shot|p1a: Coalossal|[from]move: Sleep Talk
|-unboost|p1a: Coalossal|atk|1
|-unboost|p1a: Coalossal|spa|1
|
|t:|1620075394
|switch|p2a: Qwilfish|Qwilfish, M|40/100|[from]move: Parting Shot
|-damage|p2a: Qwilfish|28/100|[from] Stealth Rock
|-ability|p2a: Qwilfish|Intimidate|boost
|-unboost|p1a: Coalossal|atk|1
|move|p1a: Coalossal|Rapid Spin|p2a: Qwilfish
|-damage|p2a: Qwilfish|23/100
|-boost|p1a: Coalossal|spe|1
|-sideend|p1: lakiro|Stealth Rock|[from] move: Rapid Spin|[of] p1a: Coalossal
|
|-weather|none
|upkeep
|turn|41
|
|t:|1620075402
|move|p2a: Qwilfish|Pain Split|p1a: Coalossal
|-sethp|p1a: Coalossal|59/100|[from] move: Pain Split|[silent]
|-sethp|p2a: Qwilfish|76/100|[from] move: Pain Split
|move|p1a: Coalossal|Fire Spin|p2a: Qwilfish
|-resisted|p2a: Qwilfish
|-damage|p2a: Qwilfish|71/100
|-activate|p2a: Qwilfish|move: Fire Spin|[of] p1a: Coalossal
|
|-damage|p2a: Qwilfish|59/100|[from] move: Fire Spin|[partiallytrapped]
|upkeep
|turn|42
|
|t:|1620075417
|switch|p1a: Gourgeist|Gourgeist-Large, M, shiny|41/100
|-item|p2a: Qwilfish|Life Orb|[from] ability: Frisk|[of] p1a: Gourgeist|[identify]
|move|p2a: Qwilfish|Substitute|p2a: Qwilfish
|-start|p2a: Qwilfish|Substitute
|-end|p2a: Qwilfish|Fire Spin|[partiallytrapped]|[silent]
|-damage|p2a: Qwilfish|34/100
|
|-heal|p1a: Gourgeist|47/100|[from] item: Leftovers
|upkeep
|turn|43
|
|t:|1620075427
|switch|p1a: Perrserker|Perrserker, M, shiny|56/100
|move|p2a: Qwilfish|Poison Jab|p1a: Perrserker
|-immune|p1a: Perrserker
|
|upkeep
|turn|44
|
|t:|1620075433
|move|p2a: Qwilfish|Liquidation|p1a: Perrserker
|-damage|p1a: Perrserker|14/100
|-damage|p2a: Qwilfish|24/100|[from] item: Life Orb
|move|p1a: Perrserker|U-turn|p2a: Qwilfish
|-resisted|p2a: Qwilfish
|-activate|p2a: Qwilfish|move: Substitute|[damage]
|
|t:|1620075443
|switch|p1a: Lanturn|Lanturn, M|54/100 slp|[from]move: U-turn
|
|upkeep
|turn|45
|
|t:|1620075447
|move|p2a: Qwilfish|Pain Split|p1a: Lanturn
|-sethp|p1a: Lanturn|36/100 slp|[from] move: Pain Split|[silent]
|-sethp|p2a: Qwilfish|49/100|[from] move: Pain Split
|cant|p1a: Lanturn|slp
|
|upkeep
|turn|46
|
|t:|1620075453
|move|p2a: Qwilfish|Poison Jab|p1a: Lanturn
|-damage|p1a: Lanturn|0 fnt
|faint|p1a: Lanturn
|-damage|p2a: Qwilfish|40/100|[from] item: Life Orb
|
|upkeep
|
|t:|1620075458
|switch|p1a: Aromatisse|Aromatisse, M, shiny|100/100
|turn|47
|
|t:|1620075465
|move|p2a: Qwilfish|Pain Split|p1a: Aromatisse
|-sethp|p1a: Aromatisse|66/100|[from] move: Pain Split|[silent]
|-sethp|p2a: Qwilfish|82/100|[from] move: Pain Split
|move|p1a: Aromatisse|Wish|p1a: Aromatisse
|
|-heal|p1a: Aromatisse|72/100|[from] item: Leftovers
|upkeep
|turn|48
|
|t:|1620075467
|switch|p1a: Gourgeist|Gourgeist-Large, M, shiny|47/100
|-item|p2a: Qwilfish|Life Orb|[from] ability: Frisk|[of] p1a: Gourgeist|[identify]
|move|p2a: Qwilfish|Poison Jab|p1a: Gourgeist
|-damage|p1a: Gourgeist|22/100
|-damage|p2a: Qwilfish|72/100|[from] item: Life Orb
|
|-heal|p1a: Gourgeist|79/100|[from] move: Wish|[wisher] Aromatisse
|-heal|p1a: Gourgeist|86/100|[from] item: Leftovers
|upkeep
|turn|49
|
|t:|1620075470
|move|p2a: Qwilfish|Poison Jab|p1a: Gourgeist
|-damage|p1a: Gourgeist|60/100
|-damage|p2a: Qwilfish|63/100|[from] item: Life Orb
|move|p1a: Gourgeist|Substitute|p1a: Gourgeist
|-start|p1a: Gourgeist|Substitute
|-damage|p1a: Gourgeist|35/100
|
|-heal|p1a: Gourgeist|41/100|[from] item: Leftovers
|upkeep
|turn|50
|
|t:|1620075476
|move|p2a: Qwilfish|Poison Jab|p1a: Gourgeist
|-activate|p1a: Gourgeist|move: Substitute|[damage]
|-damage|p2a: Qwilfish|53/100|[from] item: Life Orb
|move|p1a: Gourgeist|Poltergeist|p2a: Qwilfish
|-activate|p2a: Qwilfish|move: Poltergeist|Life Orb
|-end|p2a: Qwilfish|Substitute
|
|-heal|p1a: Gourgeist|48/100|[from] item: Leftovers
|upkeep
|turn|51
|
|t:|1620075480
|switch|p2a: Persian|Persian-Alola, M|88/100 slp
|-damage|p2a: Persian|76/100 slp|[from] Stealth Rock
|move|p1a: Gourgeist|Poltergeist|p2a: Persian
|-activate|p2a: Persian|move: Poltergeist|Leftovers
|-resisted|p2a: Persian
|-damage|p2a: Persian|65/100 slp
|
|-heal|p2a: Persian|71/100 slp|[from] item: Leftovers
|-heal|p1a: Gourgeist|54/100|[from] item: Leftovers
|upkeep
|turn|52
|
|t:|1620075486
|switch|p1a: Aromatisse|Aromatisse, M, shiny|72/100
|cant|p2a: Persian|slp
|move|p2a: Persian|Sleep Talk|p2a: Persian
|move|p2a: Persian|Parting Shot|p1a: Aromatisse|[from]move: Sleep Talk
|-unboost|p1a: Aromatisse|atk|1
|-unboost|p1a: Aromatisse|spa|1
|
|t:|1620075488
|switch|p2a: Qwilfish|Qwilfish, M|53/100|[from]move: Parting Shot
|-damage|p2a: Qwilfish|40/100|[from] Stealth Rock
|-ability|p2a: Qwilfish|Intimidate|boost
|-unboost|p1a: Aromatisse|atk|1
|
|-heal|p1a: Aromatisse|78/100|[from] item: Leftovers
|upkeep
|turn|53
|
|t:|1620075496
|move|p2a: Qwilfish|Substitute|p2a: Qwilfish
|-start|p2a: Qwilfish|Substitute
|-damage|p2a: Qwilfish|16/100
|move|p1a: Aromatisse|Psychic|p2a: Qwilfish
|-supereffective|p2a: Qwilfish
|-end|p2a: Qwilfish|Substitute
|
|-heal|p1a: Aromatisse|84/100|[from] item: Leftovers
|upkeep
|turn|54
|j| no+de3xdia
|
|t:|1620075507
|move|p2a: Qwilfish|Poison Jab|p1a: Aromatisse
|-supereffective|p1a: Aromatisse
|-damage|p1a: Aromatisse|0 fnt
|faint|p1a: Aromatisse
|-damage|p2a: Qwilfish|6/100|[from] item: Life Orb
|
|upkeep
|
|t:|1620075513
|switch|p1a: Gourgeist|Gourgeist-Large, M, shiny|54/100
|-item|p2a: Qwilfish|Life Orb|[from] ability: Frisk|[of] p1a: Gourgeist|[identify]
|turn|55
|
|t:|1620075524
|move|p2a: Qwilfish|Poison Jab|p1a: Gourgeist
|-damage|p1a: Gourgeist|30/100
|-damage|p2a: Qwilfish|0 fnt|[from] item: Life Orb
|faint|p2a: Qwilfish
|move|p1a: Gourgeist|Substitute|p1a: Gourgeist
|-start|p1a: Gourgeist|Substitute
|-damage|p1a: Gourgeist|5/100
|
|-heal|p1a: Gourgeist|11/100|[from] item: Leftovers
|upkeep
|
|t:|1620075528
|switch|p2a: Persian|Persian-Alola, M|71/100 slp
|-damage|p2a: Persian|58/100 slp|[from] Stealth Rock
|turn|56
|
|t:|1620075532
|-curestatus|p2a: Persian|slp|[msg]
|move|p2a: Persian|Foul Play|p1a: Gourgeist
|-supereffective|p1a: Gourgeist
|-end|p1a: Gourgeist|Substitute
|move|p1a: Gourgeist|Leech Seed|p2a: Persian
|-start|p2a: Persian|move: Leech Seed
|
|-heal|p2a: Persian|64/100|[from] item: Leftovers
|-heal|p1a: Gourgeist|17/100|[from] item: Leftovers
|-damage|p2a: Persian|52/100|[from] Leech Seed|[of] p1a: Gourgeist
|-heal|p1a: Gourgeist|29/100|[silent]
|upkeep
|turn|57
|
|t:|1620075543
|move|p2a: Persian|Foul Play|p1a: Gourgeist
|-supereffective|p1a: Gourgeist
|-damage|p1a: Gourgeist|0 fnt
|faint|p1a: Gourgeist
|
|-heal|p2a: Persian|58/100|[from] item: Leftovers
|upkeep
|
|t:|1620075546
|switch|p1a: Coalossal|Coalossal, F|59/100
|turn|58
|
|t:|1620075552
|move|p2a: Persian|Parting Shot|p1a: Coalossal
|-unboost|p1a: Coalossal|atk|1
|-unboost|p1a: Coalossal|spa|1
|
|t:|1620075555
|switch|p2a: Gigalith|Gigalith, F|94/100 brn|[from]move: Parting Shot
|-damage|p2a: Gigalith|82/100 brn|[from] Stealth Rock
|-weather|Sandstorm|[from] ability: Sand Stream|[of] p2a: Gigalith
|move|p1a: Coalossal|Fire Spin|p2a: Gigalith
|-resisted|p2a: Gigalith
|-damage|p2a: Gigalith|80/100 brn
|-activate|p2a: Gigalith|move: Fire Spin|[of] p1a: Coalossal
|
|-weather|Sandstorm|[upkeep]
|-heal|p2a: Gigalith|86/100 brn|[from] item: Leftovers
|-damage|p2a: Gigalith|80/100 brn|[from] brn
|-damage|p2a: Gigalith|68/100 brn|[from] move: Fire Spin|[partiallytrapped]
|upkeep
|turn|59
|
|t:|1620075569
|move|p2a: Gigalith|Toxic|p1a: Coalossal
|-status|p1a: Coalossal|tox
|move|p1a: Coalossal|Body Press|p2a: Gigalith
|-supereffective|p2a: Gigalith
|-damage|p2a: Gigalith|29/100 brn
|
|-weather|Sandstorm|[upkeep]
|-heal|p2a: Gigalith|35/100 brn|[from] item: Leftovers
|-damage|p1a: Coalossal|53/100 tox|[from] psn
|-damage|p2a: Gigalith|29/100 brn|[from] brn
|-damage|p2a: Gigalith|17/100 brn|[from] move: Fire Spin|[partiallytrapped]
|upkeep
|turn|60
|
|t:|1620075575
|move|p2a: Gigalith|Rock Blast|p1a: Coalossal
|-supereffective|p1a: Coalossal
|-damage|p1a: Coalossal|46/100 tox
|-supereffective|p1a: Coalossal
|-damage|p1a: Coalossal|40/100 tox
|-supereffective|p1a: Coalossal
|-damage|p1a: Coalossal|34/100 tox
|-hitcount|p1a: Coalossal|3
|move|p1a: Coalossal|Body Press|p2a: Gigalith
|-supereffective|p2a: Gigalith
|-damage|p2a: Gigalith|0 fnt
|faint|p2a: Gigalith
|
|-weather|Sandstorm|[upkeep]
|-damage|p1a: Coalossal|22/100 tox|[from] psn
|upkeep
|
|t:|1620075586
|switch|p2a: Gourgeist|Gourgeist-Super, M|100/100
|-damage|p2a: Gourgeist|88/100|[from] Stealth Rock
|-item|p1a: Coalossal|Heavy-Duty Boots|[from] ability: Frisk|[of] p2a: Gourgeist|[identify]
|turn|61
|
|t:|1620075592
|move|p2a: Gourgeist|Poltergeist|p1a: Coalossal
|-activate|p1a: Coalossal|move: Poltergeist|Heavy-Duty Boots
|-damage|p1a: Coalossal|0 fnt
|faint|p1a: Coalossal
|
|-weather|Sandstorm|[upkeep]
|-damage|p2a: Gourgeist|82/100|[from] Sandstorm
|upkeep
|
|t:|1620075596
|switch|p1a: Perrserker|Perrserker, M, shiny|14/100
|turn|62
|
|t:|1620075600
|move|p2a: Gourgeist|Poltergeist|p1a: Perrserker
|-activate|p1a: Perrserker|move: Poltergeist|Metal Coat
|-damage|p1a: Perrserker|0 fnt
|faint|p1a: Perrserker
|
|win|ayo bb
|raw|lakiro's rating: 1266 &rarr; <strong>1258</strong><br />(-8 for losing)
|raw|ayo bb's rating: 1565 &rarr; <strong>1571</strong><br />(+6 for winning)
|l|☆lakiro
|l|☆ayo bb
||Ladder isn't responding, score probably updated but might not have (Request timeout).
|l| no+de3xdia
