|raw|<div class="broadcast-blue"><strong>This battle is required to be public due to a player having a name starting with 'pult4t2'.</div>
|j|☆Uix
|j|☆PULT4T2 za
|t:|1661671637
|gametype|singles
|player|p1|Uix|riley|1346
|player|p2|PULT4T2 za|acetrainer-gen4dp|1660
|teamsize|p1|6
|teamsize|p2|6
|gen|8
|tier|[Gen 8] PU
|rated|
|rule|Sleep Clause Mod: Limit one foe put to sleep
|rule|Species Clause: Limit one of each Pokémon
|rule|OHKO Clause: OHKO moves are banned
|rule|Evasion Items Clause: Evasion items are banned
|rule|Evasion Moves Clause: Evasion moves are banned
|rule|Endless Battle Clause: Forcing endless battles is banned
|rule|HP Percentage Mod: HP is shown in percentages
|rule|Dynamax Clause: You cannot dynamax
|clearpoke
|poke|p1|Galvantula, F|
|poke|p1|Silvally-*|
|poke|p1|Sandslash, F|
|poke|p1|Lycanroc, M|
|poke|p1|Frosmoth, F|
|poke|p1|Ferroseed, M|
|poke|p2|Doublade, F|
|poke|p2|Sandslash, M|
|poke|p2|Eldegoss, F|
|poke|p2|Ribombee, F|
|poke|p2|Scyther, F|
|poke|p2|Gigalith, F|
|teampreview
|inactive|Battle timer is ON: inactive players will automatically lose when time's up. (requested by Uix)
|
|t:|1661671660
|start
|switch|p1a: Lycanroc|Lycanroc, M, shiny|100/100
|switch|p2a: Gigalith|Gigalith, F|100/100
|-weather|Sandstorm|[from] ability: Sand Stream|[of] p2a: Gigalith
|turn|1
|
|t:|1661671678
|move|p1a: Lycanroc|Close Combat|p2a: Gigalith
|-supereffective|p2a: Gigalith
|-damage|p2a: Gigalith|3/100
|-unboost|p1a: Lycanroc|def|1
|-unboost|p1a: Lycanroc|spd|1
|move|p2a: Gigalith|Earthquake|p1a: Lycanroc
|-supereffective|p1a: Lycanroc
|-damage|p1a: Lycanroc|0 fnt
|faint|p1a: Lycanroc
|
|-weather|Sandstorm|[upkeep]
|-heal|p2a: Gigalith|9/100|[from] item: Leftovers
|upkeep
|
|t:|1661671693
|switch|p1a: Galvantula|Galvantula, F|100/100
|turn|2
|j| Volcaronium
|
|t:|1661671704
|move|p1a: Galvantula|Energy Ball|p2a: Gigalith
|-supereffective|p2a: Gigalith
|-damage|p2a: Gigalith|0 fnt
|faint|p2a: Gigalith
|
|-weather|Sandstorm|[upkeep]
|-damage|p1a: Galvantula|94/100|[from] Sandstorm
|upkeep
|
|t:|1661671716
|switch|p2a: Sandslash|Sandslash, M|100/100
|turn|3
|
|t:|1661671724
|move|p1a: Galvantula|Sticky Web|p2a: Sandslash
|-sidestart|p2: PULT4T2 za|move: Sticky Web
|move|p2a: Sandslash|Rapid Spin|p1a: Galvantula
|-damage|p1a: Galvantula|71/100
|-boost|p2a: Sandslash|spe|1
|-sideend|p2: PULT4T2 za|Sticky Web|[from] move: Rapid Spin|[of] p2a: Sandslash
|
|-weather|Sandstorm|[upkeep]
|-damage|p1a: Galvantula|65/100|[from] Sandstorm
|upkeep
|turn|4
|
|t:|1661671731
|move|p2a: Sandslash|Earthquake|p1a: Galvantula
|-crit|p1a: Galvantula
|-damage|p1a: Galvantula|0 fnt
|faint|p1a: Galvantula
|
|-weather|Sandstorm|[upkeep]
|upkeep
|
|t:|1661671740
|switch|p1a: Sandslash|Sandslash, F, shiny|100/100
|turn|5
|
|t:|1661671744
|move|p2a: Sandslash|Knock Off|p1a: Sandslash
|-damage|p1a: Sandslash|75/100
|-enditem|p1a: Sandslash|Heavy-Duty Boots|[from] move: Knock Off|[of] p2a: Sandslash
|move|p1a: Sandslash|Earthquake|p2a: Sandslash
|-damage|p2a: Sandslash|66/100
|
|-weather|none
|-heal|p2a: Sandslash|73/100|[from] item: Leftovers
|upkeep
|turn|6
|j| Haffling
|
|t:|1661671750
|move|p2a: Sandslash|Spikes|p1a: Sandslash
|-sidestart|p1: Uix|Spikes
|move|p1a: Sandslash|Knock Off|p2a: Sandslash
|-damage|p2a: Sandslash|53/100
|-enditem|p2a: Sandslash|Leftovers|[from] move: Knock Off|[of] p1a: Sandslash
|
|upkeep
|turn|7
|
|t:|1661671753
|move|p2a: Sandslash|Earthquake|p1a: Sandslash
|-damage|p1a: Sandslash|37/100
|move|p1a: Sandslash|Rapid Spin|p2a: Sandslash
|-damage|p2a: Sandslash|43/100
|-boost|p1a: Sandslash|spe|1
|-sideend|p1: Uix|Spikes|[from] move: Rapid Spin|[of] p1a: Sandslash
|
|upkeep
|turn|8
|
|t:|1661671757
|move|p1a: Sandslash|Earthquake|p2a: Sandslash
|-damage|p2a: Sandslash|12/100
|move|p2a: Sandslash|Rapid Spin|p1a: Sandslash
|-damage|p1a: Sandslash|24/100
|-boost|p2a: Sandslash|spe|1
|
|upkeep
|turn|9
|
|t:|1661671763
|move|p1a: Sandslash|Earthquake|p2a: Sandslash
|-damage|p2a: Sandslash|0 fnt
|faint|p2a: Sandslash
|
|upkeep
|
|t:|1661671773
|switch|p2a: Doublade|Doublade, F|100/100
|turn|10
|
|t:|1661671781
|move|p1a: Sandslash|Earthquake|p2a: Doublade
|-supereffective|p2a: Doublade
|-damage|p2a: Doublade|44/100
|move|p2a: Doublade|Swords Dance|p2a: Doublade
|-boost|p2a: Doublade|atk|2
|
|upkeep
|turn|11
|
|t:|1661671785
|move|p2a: Doublade|Shadow Sneak|p1a: Sandslash
|-damage|p1a: Sandslash|0 fnt
|faint|p1a: Sandslash
|
|upkeep
|
|t:|1661671788
|switch|p1a: Ferroseed|Ferroseed, M, shiny|100/100
|turn|12
|
|t:|1661671796
|move|p2a: Doublade|Close Combat|p1a: Ferroseed
|-supereffective|p1a: Ferroseed
|-crit|p1a: Ferroseed
|-damage|p1a: Ferroseed|0 fnt
|-unboost|p2a: Doublade|def|1
|-unboost|p2a: Doublade|spd|1
|-damage|p2a: Doublade|31/100|[from] ability: Iron Barbs|[of] p1a: Ferroseed
|faint|p1a: Ferroseed
|
|upkeep
|
|t:|1661671799
|switch|p1a: Silvally|Silvally-Fairy|100/100
|turn|13
|
|t:|1661671802
|move|p2a: Doublade|Shadow Sneak|p1a: Silvally
|-damage|p1a: Silvally|52/100
|move|p1a: Silvally|Flame Charge|p2a: Doublade
|-supereffective|p2a: Doublade
|-damage|p2a: Doublade|6/100
|-boost|p1a: Silvally|spe|1
|
|upkeep
|turn|14
|
|t:|1661671809
|move|p2a: Doublade|Shadow Sneak|p1a: Silvally
|-damage|p1a: Silvally|10/100
|move|p1a: Silvally|Flame Charge|p2a: Doublade
|-supereffective|p2a: Doublade
|-damage|p2a: Doublade|0 fnt
|-boost|p1a: Silvally|spe|1
|faint|p2a: Doublade
|
|upkeep
|
|t:|1661671811
|switch|p2a: Eldegoss|Eldegoss, F|100/100
|turn|15
|
|t:|1661671817
|move|p1a: Silvally|Multi-Attack|p2a: Eldegoss
|-damage|p2a: Eldegoss|55/100
|move|p2a: Eldegoss|Charm|p1a: Silvally
|-unboost|p1a: Silvally|atk|2
|
|upkeep
|turn|16
|
|t:|1661671824
|move|p1a: Silvally|Swords Dance|p1a: Silvally
|-boost|p1a: Silvally|atk|2
|move|p2a: Eldegoss|Charm|p1a: Silvally
|-unboost|p1a: Silvally|atk|2
|
|upkeep
|turn|17
|
|t:|1661671827
|move|p1a: Silvally|Swords Dance|p1a: Silvally
|-boost|p1a: Silvally|atk|2
|move|p2a: Eldegoss|Charm|p1a: Silvally
|-unboost|p1a: Silvally|atk|2
|
|upkeep
|turn|18
|
|t:|1661671833
|move|p1a: Silvally|Flame Charge|p2a: Eldegoss
|-supereffective|p2a: Eldegoss
|-damage|p2a: Eldegoss|42/100
|-boost|p1a: Silvally|spe|1
|move|p2a: Eldegoss|Charm|p1a: Silvally
|-unboost|p1a: Silvally|atk|2
|
|upkeep
|turn|19
|
|t:|1661671838
|switch|p2a: Scyther|Scyther, F|100/100
|move|p1a: Silvally|Multi-Attack|p2a: Scyther
|-damage|p2a: Scyther|73/100
|
|upkeep
|turn|20
|
|t:|1661671846
|move|p1a: Silvally|Rock Slide|p2a: Scyther
|-supereffective|p2a: Scyther
|-damage|p2a: Scyther|28/100
|move|p2a: Scyther|Knock Off|p1a: Silvally
|-resisted|p1a: Silvally
|-damage|p1a: Silvally|0 fnt
|faint|p1a: Silvally
|
|upkeep
|
|t:|1661671849
|switch|p1a: Frosmoth|Frosmoth, F|100/100
|turn|21
|
|t:|1661671852
|move|p2a: Scyther|Dual Wingbeat|p1a: Frosmoth
|-supereffective|p1a: Frosmoth
|-damage|p1a: Frosmoth|6/100
|-supereffective|p1a: Frosmoth
|-damage|p1a: Frosmoth|0 fnt
|faint|p1a: Frosmoth
|-hitcount|p1: Frosmoth|2
|
|win|PULT4T2 za
|raw|Uix's rating: 1346 &rarr; <strong>1340</strong><br />(-6 for losing)
|raw|PULT4T2 za's rating: 1660 &rarr; <strong>1666</strong><br />(+6 for winning)
|l| Haffling
|l|☆Uix
