|j|☆Uberfiend
|j|☆Testpu12
|t:|1612586998
|player|p1|Uberfiend|youngcouple-gen4dp|1428
|player|p2|Testpu12|lucas|1464
|teamsize|p1|6
|teamsize|p2|6
|gametype|singles
|gen|8
|tier|[Gen 8] PU
|rated|
|clearpoke
|poke|p1|Whimsicott, M|
|poke|p1|Archeops, F|
|poke|p1|Hitmontop, M|
|poke|p1|Braviary, M|
|poke|p1|Druddigon, M|
|poke|p1|Accelgor, F|
|poke|p2|Whimsicott, F|
|poke|p2|Charizard, F|
|poke|p2|Lapras, F|
|poke|p2|Aromatisse, F|
|poke|p2|Gigalith, M|
|poke|p2|Sandslash, M|
|rule|Sleep Clause Mod: Limit one foe put to sleep
|rule|Species Clause: Limit one of each Pokémon
|rule|OHKO Clause: OHKO moves are banned
|rule|Evasion Moves Clause: Evasion moves are banned
|rule|Endless Battle Clause: Forcing endless battles is banned
|rule|HP Percentage Mod: HP is shown in percentages
|rule|Dynamax Clause: You cannot dynamax
|teampreview
|
|t:|1612587016
|start
|switch|p1a: 🦅💥|Braviary, M, shiny|100/100
|switch|p2a: Gigalith|Gigalith, M|100/100
|-weather|Sandstorm|[from] ability: Sand Stream|[of] p2a: Gigalith
|turn|1
|
|t:|1612587022
|move|p1a: 🦅💥|Close Combat|p2a: Gigalith
|-supereffective|p2a: Gigalith
|-damage|p2a: Gigalith|22/100
|-unboost|p1a: 🦅💥|def|1
|-unboost|p1a: 🦅💥|spd|1
|-damage|p1a: 🦅💥|91/100|[from] item: Life Orb
|move|p2a: Gigalith|Stone Edge|p1a: 🦅💥
|-supereffective|p1a: 🦅💥
|-damage|p1a: 🦅💥|0 fnt
|faint|p1a: 🦅💥
|
|-weather|Sandstorm|[upkeep]
|upkeep
|
|t:|1612587028
|switch|p1a: Ibuki🖖|Accelgor, F, shiny|100/100
|turn|2
|
|t:|1612587044
|switch|p2a: Lapras|Lapras, F|100/100
|move|p1a: Ibuki🖖|Bug Buzz|p2a: Lapras
|-damage|p2a: Lapras|69/100
|-enditem|p1a: Ibuki🖖|Throat Spray
|-boost|p1a: Ibuki🖖|spa|1|[from] item: Throat Spray
|
|-weather|Sandstorm|[upkeep]
|-damage|p1a: Ibuki🖖|94/100|[from] Sandstorm
|-damage|p2a: Lapras|63/100|[from] Sandstorm
|upkeep
|turn|3
|
|t:|1612587055
|move|p1a: Ibuki🖖|Energy Ball|p2a: Lapras
|-supereffective|p2a: Lapras
|-damage|p2a: Lapras|0 fnt
|faint|p2a: Lapras
|
|-weather|Sandstorm|[upkeep]
|-damage|p1a: Ibuki🖖|88/100|[from] Sandstorm
|upkeep
|
|t:|1612587068
|switch|p2a: Charizard|Charizard, F|100/100
|turn|4
|
|t:|1612587074
|move|p1a: Ibuki🖖|Water Shuriken|p2a: Charizard
|-supereffective|p2a: Charizard
|-damage|p2a: Charizard|81/100
|-supereffective|p2a: Charizard
|-damage|p2a: Charizard|61/100
|-supereffective|p2a: Charizard
|-damage|p2a: Charizard|43/100
|-hitcount|p2a: Charizard|3
|move|p2a: Charizard|Flamethrower|p1a: Ibuki🖖
|-supereffective|p1a: Ibuki🖖
|-damage|p1a: Ibuki🖖|0 fnt
|faint|p1a: Ibuki🖖
|
|-weather|Sandstorm|[upkeep]
|-damage|p2a: Charizard|37/100|[from] Sandstorm
|upkeep
|
|t:|1612587090
|switch|p1a: Main character|Druddigon, M|100/100
|-ability|p1a: Main character|Mold Breaker
|turn|5
|
|t:|1612587099
|switch|p2a: Aromatisse|Aromatisse, F|100/100
|move|p1a: Main character|Glare|p2a: Aromatisse
|-status|p2a: Aromatisse|par
|
|-weather|Sandstorm|[upkeep]
|-damage|p1a: Main character|94/100|[from] Sandstorm
|-damage|p2a: Aromatisse|94/100 par|[from] Sandstorm
|upkeep
|turn|6
|j| Lsldkkrnr
|
|t:|1612587126
|move|p1a: Main character|Stealth Rock|p2a: Aromatisse
|-sidestart|p2: Testpu12|move: Stealth Rock
|move|p2a: Aromatisse|Moonblast|p1a: Main character
|-supereffective|p1a: Main character
|-damage|p1a: Main character|26/100
|-unboost|p1a: Main character|spa|1
|
|-weather|Sandstorm|[upkeep]
|-damage|p1a: Main character|19/100|[from] Sandstorm
|-damage|p2a: Aromatisse|88/100 par|[from] Sandstorm
|upkeep
|turn|7
|
|t:|1612587141
|move|p1a: Main character|Earthquake|p2a: Aromatisse
|-damage|p2a: Aromatisse|61/100 par
|move|p2a: Aromatisse|Aromatherapy|p2a: Aromatisse
|-activate|p2a: Aromatisse|move: Aromatherapy
|-curestatus|p2a: Aromatisse|par|[msg]
|
|-weather|Sandstorm|[upkeep]
|-damage|p1a: Main character|13/100|[from] Sandstorm
|-damage|p2a: Aromatisse|55/100|[from] Sandstorm
|upkeep
|turn|8
|
|t:|1612587184
|move|p1a: Main character|Glare|p2a: Aromatisse
|-status|p2a: Aromatisse|par
|cant|p2a: Aromatisse|par
|
|-weather|none
|upkeep
|turn|9
|c|☆Testpu12|You have so many birds in your team xD
|
|t:|1612587197
|move|p1a: Main character|Earthquake|p2a: Aromatisse
|-damage|p2a: Aromatisse|30/100 par
|move|p2a: Aromatisse|Wish|p2a: Aromatisse
|
|upkeep
|turn|10
|
|t:|1612587202
|cant|p2a: Aromatisse|par
|move|p1a: Main character|Earthquake|p2a: Aromatisse
|-damage|p2a: Aromatisse|5/100 par
|
|-heal|p2a: Aromatisse|55/100 par|[from] move: Wish|[wisher] Aromatisse
|upkeep
|turn|11
|
|t:|1612587206
|switch|p1a: 🦅💨|Archeops, F, shiny|100/100
|move|p2a: Aromatisse|Wish|p2a: Aromatisse
|
|upkeep
|turn|12
|
|t:|1612587211
|cant|p2a: Aromatisse|par
|move|p1a: 🦅💨|Meteor Beam||[still]
|-prepare|p1a: 🦅💨|Meteor Beam
|-boost|p1a: 🦅💨|spa|1
|-enditem|p1a: 🦅💨|Power Herb
|-anim|p1a: 🦅💨|Meteor Beam|p2a: Aromatisse
|-damage|p2a: Aromatisse|0 fnt
|faint|p2a: Aromatisse
|
|upkeep
|
|t:|1612587215
|switch|p2a: Gigalith|Gigalith, M|22/100
|-damage|p2a: Gigalith|10/100|[from] Stealth Rock
|-weather|Sandstorm|[from] ability: Sand Stream|[of] p2a: Gigalith
|turn|13
|
|t:|1612587230
|move|p1a: 🦅💨|Earth Power|p2a: Gigalith
|-supereffective|p2a: Gigalith
|-damage|p2a: Gigalith|0 fnt
|faint|p2a: Gigalith
|
|-weather|Sandstorm|[upkeep]
|upkeep
|
|t:|1612587233
|switch|p2a: Sandslash|Sandslash, M|100/100
|-damage|p2a: Sandslash|94/100|[from] Stealth Rock
|turn|14
|
|t:|1612587240
|move|p2a: Sandslash|Stone Edge|p1a: 🦅💨|[miss]
|-miss|p2a: Sandslash|p1a: 🦅💨
|move|p1a: 🦅💨|Air Slash|p2a: Sandslash
|-damage|p2a: Sandslash|0 fnt
|faint|p2a: Sandslash
|
|-weather|Sandstorm|[upkeep]
|upkeep
|c|☆Testpu12|Like come on
|c|☆Testpu12|every turn
|-message|Testpu12 forfeited.
|
|win|Uberfiend
|raw|Uberfiend's rating: 1428 &rarr; <strong>1450</strong><br />(+22 for winning)
|raw|Testpu12's rating: 1465 &rarr; <strong>1443</strong><br />(-22 for losing)
