|html|<div class="broadcast-blue"><strong>[Gen 8] PU is currently suspecting Araquanid! For information on how to participate check out the <a href="https://www.smogon.com/forums/threads/np-pu-stage-9-itsy-bitsy-spider.3704256/">suspect thread</a>.</strong></div>
|j|☆PUAS tic
|j|☆Shybeedrill
|t:|1657689682
|gametype|singles
|player|p1|PUAS tic|sordward-shielbert|1234
|player|p2|Shybeedrill|170|1204
|teamsize|p1|6
|teamsize|p2|6
|gen|8
|tier|[Gen 8] PU
|rated|
|rule|Sleep Clause Mod: Limit one foe put to sleep
|rule|Species Clause: Limit one of each Pokémon
|rule|OHKO Clause: OHKO moves are banned
|rule|Evasion Moves Clause: Evasion moves are banned
|rule|Endless Battle Clause: Forcing endless battles is banned
|rule|HP Percentage Mod: HP is shown in percentages
|rule|Dynamax Clause: You cannot dynamax
|clearpoke
|poke|p1|Araquanid, M|
|poke|p1|Scyther, M|
|poke|p1|Ferroseed, M|
|poke|p1|Sandslash, M|
|poke|p1|Gigalith, F|
|poke|p1|Whimsicott, F|
|poke|p2|Basculin, F|
|poke|p2|Ferroseed, F|
|poke|p2|Silvally-*|
|poke|p2|Galvantula, F|
|poke|p2|Gigalith, M|
|poke|p2|Sandslash, M|
|teampreview
|
|t:|1657689700
|start
|switch|p1a: Gigalith|Gigalith, F|100/100
|switch|p2a: Galvantula|Galvantula, F|100/100
|-weather|Sandstorm|[from] ability: Sand Stream|[of] p1a: Gigalith
|turn|1
|
|t:|1657689712
|move|p2a: Galvantula|Volt Switch|p1a: Gigalith
|-damage|p1a: Gigalith|84/100
|
|t:|1657689716
|switch|p2a: Sandslash|Sandslash, M|100/100|[from]move: Volt Switch
|move|p1a: Gigalith|Rock Blast|p2a: Sandslash
|-resisted|p2a: Sandslash
|-damage|p2a: Sandslash|94/100
|-resisted|p2a: Sandslash
|-damage|p2a: Sandslash|88/100
|-hitcount|p2a: Sandslash|2
|
|-weather|Sandstorm|[upkeep]
|-heal|p2a: Sandslash|94/100|[from] item: Leftovers
|-heal|p1a: Gigalith|90/100|[from] item: Leftovers
|upkeep
|turn|2
|
|t:|1657689736
|switch|p1a: Whimsicott|Whimsicott, F|100/100
|move|p2a: Sandslash|Knock Off|p1a: Whimsicott
|-resisted|p1a: Whimsicott
|-damage|p1a: Whimsicott|78/100
|-enditem|p1a: Whimsicott|Choice Specs|[from] move: Knock Off|[of] p2a: Sandslash
|
|-weather|Sandstorm|[upkeep]
|-damage|p1a: Whimsicott|72/100|[from] Sandstorm
|-heal|p2a: Sandslash|100/100|[from] item: Leftovers
|upkeep
|turn|3
|
|t:|1657689743
|switch|p2a: Ferroseed|Ferroseed, F|100/100
|move|p1a: Whimsicott|U-turn|p2a: Ferroseed
|-damage|p2a: Ferroseed|94/100
|-damage|p1a: Whimsicott|60/100|[from] ability: Iron Barbs|[of] p2a: Ferroseed
|
|t:|1657689750
|switch|p1a: Ferroseed|Ferroseed, M|100/100|[from]move: U-turn
|
|-weather|Sandstorm|[upkeep]
|upkeep
|turn|4
|
|t:|1657689758
|move|p1a: Ferroseed|Knock Off|p2a: Ferroseed
|-damage|p2a: Ferroseed|86/100
|-damage|p1a: Ferroseed|88/100|[from] ability: Iron Barbs|[of] p2a: Ferroseed
|-enditem|p2a: Ferroseed|Eviolite|[from] move: Knock Off|[of] p1a: Ferroseed
|move|p2a: Ferroseed|Spikes|p1a: Ferroseed
|-sidestart|p1: PUAS tic|Spikes
|
|-weather|Sandstorm|[upkeep]
|upkeep
|turn|5
|
|t:|1657689765
|move|p1a: Ferroseed|Spikes|p2a: Ferroseed
|-sidestart|p2: Shybeedrill|Spikes
|move|p2a: Ferroseed|Spikes|p1a: Ferroseed
|-sidestart|p1: PUAS tic|Spikes
|
|-weather|none
|upkeep
|turn|6
|
|t:|1657689781
|switch|p1a: Araquanid|Araquanid, M|100/100
|-damage|p1a: Araquanid|84/100|[from] Spikes
|move|p2a: Ferroseed|Spikes|p1a: Araquanid
|-sidestart|p1: PUAS tic|Spikes
|
|-heal|p1a: Araquanid|90/100|[from] item: Leftovers
|upkeep
|turn|7
|
|t:|1657689794
|move|p1a: Araquanid|Substitute|p1a: Araquanid
|-start|p1a: Araquanid|Substitute
|-damage|p1a: Araquanid|65/100
|move|p2a: Ferroseed|Toxic|p1a: Araquanid|[miss]
|-miss|p2a: Ferroseed|p1a: Araquanid
|
|-heal|p1a: Araquanid|71/100|[from] item: Leftovers
|upkeep
|turn|8
|
|t:|1657689814
|switch|p2a: Basculin|Basculin, F|100/100
|-damage|p2a: Basculin|88/100|[from] Spikes
|move|p1a: Araquanid|Leech Life|p2a: Basculin
|-damage|p2a: Basculin|42/100
|-heal|p1a: Araquanid|95/100|[from] drain|[of] p2a: Basculin
|
|-heal|p1a: Araquanid|100/100|[from] item: Leftovers
|upkeep
|turn|9
|
|t:|1657689823
|move|p2a: Basculin|Flip Turn|p1a: Araquanid
|-resisted|p1a: Araquanid
|-crit|p1a: Araquanid
|-end|p1a: Araquanid|Substitute
|
|t:|1657689831
|switch|p2a: Galvantula|Galvantula, F|100/100|[from]move: Flip Turn
|move|p1a: Araquanid|Substitute|p1a: Araquanid
|-start|p1a: Araquanid|Substitute
|-damage|p1a: Araquanid|76/100
|
|-heal|p1a: Araquanid|82/100|[from] item: Leftovers
|upkeep
|turn|10
|
|t:|1657689844
|move|p2a: Galvantula|Thunder|p1a: Araquanid
|-supereffective|p1a: Araquanid
|-end|p1a: Araquanid|Substitute
|move|p1a: Araquanid|Liquidation|p2a: Galvantula
|-damage|p2a: Galvantula|0 fnt
|faint|p2a: Galvantula
|
|-heal|p1a: Araquanid|88/100|[from] item: Leftovers
|upkeep
|
|t:|1657689855
|switch|p2a: Silvally|Silvally-Ghost|100/100
|-damage|p2a: Silvally|88/100|[from] Spikes
|turn|11
|inactive|Battle timer is ON: inactive players will automatically lose when time's up. (requested by Shybeedrill)
|
|t:|1657689899
|switch|p1a: Gigalith|Gigalith, F|90/100
|-damage|p1a: Gigalith|65/100|[from] Spikes
|-weather|Sandstorm|[from] ability: Sand Stream|[of] p1a: Gigalith
|move|p2a: Silvally|Multi-Attack|p1a: Gigalith
|-damage|p1a: Gigalith|31/100
|
|-weather|Sandstorm|[upkeep]
|-damage|p2a: Silvally|82/100|[from] Sandstorm
|-heal|p1a: Gigalith|37/100|[from] item: Leftovers
|upkeep
|turn|12
|
|t:|1657689908
|move|p2a: Silvally|Parting Shot|p1a: Gigalith
|-unboost|p1a: Gigalith|atk|1
|-unboost|p1a: Gigalith|spa|1
|
|t:|1657689913
|switch|p2a: Sandslash|Sandslash, M|100/100|[from]move: Parting Shot
|-damage|p2a: Sandslash|88/100|[from] Spikes
|move|p1a: Gigalith|Stealth Rock|p2a: Sandslash
|-sidestart|p2: Shybeedrill|move: Stealth Rock
|
|-weather|Sandstorm|[upkeep]
|-heal|p2a: Sandslash|94/100|[from] item: Leftovers
|-heal|p1a: Gigalith|43/100|[from] item: Leftovers
|upkeep
|turn|13
|
|t:|1657689920
|switch|p1a: Sandslash|Sandslash, M|100/100
|-damage|p1a: Sandslash|76/100|[from] Spikes
|move|p2a: Sandslash|Rapid Spin|p1a: Sandslash
|-damage|p1a: Sandslash|58/100
|-boost|p2a: Sandslash|spe|1
|-sideend|p2: Shybeedrill|Spikes|[from] move: Rapid Spin|[of] p2a: Sandslash
|-sideend|p2: Shybeedrill|Stealth Rock|[from] move: Rapid Spin|[of] p2a: Sandslash
|
|-weather|Sandstorm|[upkeep]
|-heal|p2a: Sandslash|100/100|[from] item: Leftovers
|-heal|p1a: Sandslash|64/100|[from] item: Leftovers
|upkeep
|turn|14
|
|t:|1657689932
|switch|p2a: Silvally|Silvally-Ghost|82/100
|move|p1a: Sandslash|Rapid Spin|p2a: Silvally
|-immune|p2a: Silvally
|
|-weather|Sandstorm|[upkeep]
|-damage|p2a: Silvally|76/100|[from] Sandstorm
|-heal|p1a: Sandslash|70/100|[from] item: Leftovers
|upkeep
|turn|15
|
|t:|1657689938
|move|p1a: Sandslash|Earthquake|p2a: Silvally
|-damage|p2a: Silvally|22/100
|move|p2a: Silvally|Multi-Attack|p1a: Sandslash
|-damage|p1a: Sandslash|14/100
|
|-weather|none
|-heal|p1a: Sandslash|20/100|[from] item: Leftovers
|upkeep
|turn|16
|
|t:|1657689968
|move|p2a: Silvally|Multi-Attack|p1a: Sandslash
|-damage|p1a: Sandslash|0 fnt
|faint|p1a: Sandslash
|
|upkeep
|
|t:|1657689971
|switch|p1a: Scyther|Scyther, M|100/100
|turn|17
|j| Stratis
|
|t:|1657689980
|switch|p2a: Gigalith|Gigalith, M|100/100
|-weather|Sandstorm|[from] ability: Sand Stream|[of] p2a: Gigalith
|move|p1a: Scyther|Knock Off|p2a: Gigalith
|-damage|p2a: Gigalith|79/100
|-enditem|p2a: Gigalith|Leftovers|[from] move: Knock Off|[of] p1a: Scyther
|
|-weather|Sandstorm|[upkeep]
|-damage|p1a: Scyther|94/100|[from] Sandstorm
|upkeep
|turn|18
|
|t:|1657689990
|move|p1a: Scyther|U-turn|p2a: Gigalith
|-damage|p2a: Gigalith|55/100
|
|t:|1657689992
|switch|p1a: Gigalith|Gigalith, F|43/100|[from]move: U-turn
|-damage|p1a: Gigalith|18/100|[from] Spikes
|move|p2a: Gigalith|Stealth Rock|p1a: Gigalith
|-sidestart|p1: PUAS tic|move: Stealth Rock
|
|-weather|Sandstorm|[upkeep]
|-heal|p1a: Gigalith|25/100|[from] item: Leftovers
|upkeep
|turn|19
|
|t:|1657690008
|switch|p2a: Sandslash|Sandslash, M|100/100
|move|p1a: Gigalith|Stealth Rock|p2a: Sandslash
|-sidestart|p2: Shybeedrill|move: Stealth Rock
|
|-weather|Sandstorm|[upkeep]
|-heal|p1a: Gigalith|31/100|[from] item: Leftovers
|upkeep
|turn|20
|
|t:|1657690028
|move|p2a: Sandslash|Swords Dance|p2a: Sandslash
|-boost|p2a: Sandslash|atk|2
|move|p1a: Gigalith|Earthquake|p2a: Sandslash
|-damage|p2a: Sandslash|67/100
|
|-weather|Sandstorm|[upkeep]
|-heal|p2a: Sandslash|73/100|[from] item: Leftovers
|-heal|p1a: Gigalith|37/100|[from] item: Leftovers
|upkeep
|turn|21
|
|t:|1657690040
|move|p2a: Sandslash|Rapid Spin|p1a: Gigalith
|-resisted|p1a: Gigalith
|-damage|p1a: Gigalith|26/100
|-boost|p2a: Sandslash|spe|1
|-sideend|p2: Shybeedrill|Stealth Rock|[from] move: Rapid Spin|[of] p2a: Sandslash
|move|p1a: Gigalith|Earthquake|p2a: Sandslash
|-damage|p2a: Sandslash|38/100
|
|-weather|none
|-heal|p2a: Sandslash|44/100|[from] item: Leftovers
|-heal|p1a: Gigalith|32/100|[from] item: Leftovers
|upkeep
|turn|22
|
|t:|1657690049
|move|p2a: Sandslash|Earthquake|p1a: Gigalith
|-supereffective|p1a: Gigalith
|-damage|p1a: Gigalith|0 fnt
|faint|p1a: Gigalith
|
|-heal|p2a: Sandslash|50/100|[from] item: Leftovers
|upkeep
|inactive|PUAS tic has 120 seconds left.
|
|t:|1657690091
|switch|p1a: Whimsicott|Whimsicott, F|60/100
|-damage|p1a: Whimsicott|35/100|[from] Spikes
|-damage|p1a: Whimsicott|23/100|[from] Stealth Rock
|turn|23
|
|t:|1657690097
|move|p1a: Whimsicott|Energy Ball|p2a: Sandslash
|-supereffective|p2a: Sandslash
|-damage|p2a: Sandslash|0 fnt
|faint|p2a: Sandslash
|
|upkeep
|
|t:|1657690109
|switch|p2a: Ferroseed|Ferroseed, F|86/100
|turn|24
|inactive|PUAS tic has 120 seconds left.
|inactive|PUAS tic has 90 seconds left.
|
|t:|1657690159
|move|p1a: Whimsicott|Moonblast|p2a: Ferroseed
|-resisted|p2a: Ferroseed
|-damage|p2a: Ferroseed|64/100
|move|p2a: Ferroseed|Leech Seed|p1a: Whimsicott
|-immune|p1a: Whimsicott
|
|upkeep
|turn|25
|
|t:|1657690165
|move|p1a: Whimsicott|Moonblast|p2a: Ferroseed
|-resisted|p2a: Ferroseed
|-damage|p2a: Ferroseed|41/100
|move|p2a: Ferroseed|Toxic|p1a: Whimsicott
|-status|p1a: Whimsicott|tox
|
|-damage|p1a: Whimsicott|17/100 tox|[from] psn
|upkeep
|turn|26
|
|t:|1657690171
|switch|p2a: Gigalith|Gigalith, M|55/100
|-weather|Sandstorm|[from] ability: Sand Stream|[of] p2a: Gigalith
|move|p1a: Whimsicott|Energy Ball|p2a: Gigalith
|-supereffective|p2a: Gigalith
|-damage|p2a: Gigalith|4/100
|
|-weather|Sandstorm|[upkeep]
|-damage|p1a: Whimsicott|10/100 tox|[from] Sandstorm
|-damage|p1a: Whimsicott|0 fnt|[from] psn
|faint|p1a: Whimsicott
|upkeep
|
|t:|1657690181
|switch|p1a: Scyther|Scyther, M|94/100
|turn|27
|
|t:|1657690185
|move|p1a: Scyther|Knock Off|p2a: Gigalith
|-damage|p2a: Gigalith|0 fnt
|faint|p2a: Gigalith
|
|-weather|Sandstorm|[upkeep]
|-damage|p1a: Scyther|88/100|[from] Sandstorm
|upkeep
|
|t:|1657690192
|switch|p2a: Ferroseed|Ferroseed, F|41/100
|turn|28
|
|t:|1657690196
|move|p1a: Scyther|Dual Wingbeat|p2a: Ferroseed
|-damage|p2a: Ferroseed|17/100
|-damage|p1a: Scyther|76/100|[from] ability: Iron Barbs|[of] p2a: Ferroseed
|-damage|p2a: Ferroseed|0 fnt
|-damage|p1a: Scyther|63/100|[from] ability: Iron Barbs|[of] p2a: Ferroseed
|faint|p2a: Ferroseed
|-hitcount|p2: Ferroseed|2
|
|-weather|Sandstorm|[upkeep]
|-damage|p1a: Scyther|57/100|[from] Sandstorm
|upkeep
|-message|Shybeedrill forfeited.
|
|win|PUAS tic
|raw|PUAS tic's rating: 1234 &rarr; <strong>1257</strong><br />(+23 for winning)
|raw|Shybeedrill's rating: 1204 &rarr; <strong>1181</strong><br />(-23 for losing)
|l|☆Shybeedrill
