|j|☆Creeperman129Poke
|j|☆cafay sukray
|t:|1650988564
|gametype|singles
|player|p1|Creeperman129Poke|cyrus|1376
|player|p2|cafay sukray|swimmer-gen4dp|1598
|teamsize|p1|6
|teamsize|p2|6
|gen|8
|tier|[Gen 8] PU
|rated|
|rule|Sleep Clause Mod: Limit one foe put to sleep
|rule|Species Clause: Limit one of each Pokémon
|rule|OHKO Clause: OHKO moves are banned
|rule|Evasion Moves Clause: Evasion moves are banned
|rule|Endless Battle Clause: Forcing endless battles is banned
|rule|HP Percentage Mod: HP is shown in percentages
|rule|Dynamax Clause: You cannot dynamax
|clearpoke
|poke|p1|Audino, M|
|poke|p1|Comfey, F|
|poke|p1|Magneton|
|poke|p1|Cinccino, F|
|poke|p1|Charizard, M|
|poke|p1|Garbodor, F|
|poke|p2|Togedemaru, F|
|poke|p2|Shiftry, F|
|poke|p2|Ribombee, F|
|poke|p2|Kabutops, F|
|poke|p2|Gallade, M|
|poke|p2|Sandaconda, M|
|teampreview
|
|t:|1650988580
|start
|switch|p1a: Garbodor|Garbodor, F|100/100
|switch|p2a: Gallade|Gallade, M|100/100
|turn|1
|
|t:|1650988585
|move|p2a: Gallade|Zen Headbutt|p1a: Garbodor
|-supereffective|p1a: Garbodor
|-damage|p1a: Garbodor|0 fnt
|-damage|p2a: Gallade|76/100|[from] ability: Aftermath|[of] p1a: Garbodor
|-damage|p2a: Gallade|59/100|[from] item: Rocky Helmet|[of] p1a: Garbodor
|faint|p1a: Garbodor
|
|upkeep
|
|t:|1650988589
|switch|p1a: Charizard|Charizard, M, shiny|100/100
|turn|2
|
|t:|1650988593
|switch|p2a: Kabutops|Kabutops, F|100/100
|move|p1a: Charizard|Air Slash|p2a: Kabutops
|-resisted|p2a: Kabutops
|-damage|p2a: Kabutops|84/100
|
|-heal|p2a: Kabutops|90/100|[from] item: Leftovers
|upkeep
|turn|3
|
|t:|1650988600
|switch|p1a: Comfey|Comfey, F, shiny|100/100
|move|p2a: Kabutops|Stealth Rock|p1a: Comfey
|-sidestart|p1: Creeperman129Poke|move: Stealth Rock
|
|-heal|p2a: Kabutops|96/100|[from] item: Leftovers
|upkeep
|turn|4
|
|t:|1650988611
|switch|p2a: Togedemaru|Togedemaru, F|100/100
|move|p1a: Comfey|Giga Drain|p2a: Togedemaru
|-resisted|p2a: Togedemaru
|-damage|p2a: Togedemaru|89/100
|-damage|p1a: Comfey|91/100|[from] item: Life Orb
|
|-heal|p2a: Togedemaru|95/100|[from] item: Leftovers
|upkeep
|turn|5
|
|t:|1650988617
|move|p1a: Comfey|Calm Mind|p1a: Comfey
|-boost|p1a: Comfey|spa|1
|-boost|p1a: Comfey|spd|1
|move|p2a: Togedemaru|Iron Head|p1a: Comfey
|-supereffective|p1a: Comfey
|-damage|p1a: Comfey|3/100
|
|-heal|p2a: Togedemaru|100/100|[from] item: Leftovers
|upkeep
|turn|6
|
|t:|1650988625
|switch|p1a: Charizard|Charizard, M, shiny|100/100
|move|p2a: Togedemaru|Iron Head|p1a: Charizard
|-resisted|p1a: Charizard
|-damage|p1a: Charizard|80/100
|
|upkeep
|turn|7
|
|t:|1650988631
|switch|p2a: Kabutops|Kabutops, F|96/100
|move|p1a: Charizard|Defog|p2a: Kabutops
|-unboost|p2a: Kabutops|evasion|1
|-sideend|p1: Creeperman129Poke|Stealth Rock|[from] move: Defog|[of] p1a: Charizard
|
|-heal|p2a: Kabutops|100/100|[from] item: Leftovers
|upkeep
|turn|8
|
|t:|1650988639
|switch|p1a: Magneton|Magneton|100/100
|move|p2a: Kabutops|Stealth Rock|p1a: Magneton
|-sidestart|p1: Creeperman129Poke|move: Stealth Rock
|
|upkeep
|turn|9
|
|t:|1650988645
|switch|p2a: Togedemaru|Togedemaru, F|100/100
|move|p1a: Magneton|Flash Cannon|p2a: Togedemaru
|-resisted|p2a: Togedemaru
|-damage|p2a: Togedemaru|83/100
|
|-heal|p2a: Togedemaru|89/100|[from] item: Leftovers
|upkeep
|turn|10
|
|t:|1650988651
|switch|p1a: Audino|Audino, M, shiny|100/100
|move|p2a: Togedemaru|Wish|p2a: Togedemaru
|
|-heal|p2a: Togedemaru|95/100|[from] item: Leftovers
|upkeep
|turn|11
|
|t:|1650988656
|move|p2a: Togedemaru|U-turn|p1a: Audino
|-damage|p1a: Audino|85/100
|
|t:|1650988659
|switch|p2a: Gallade|Gallade, M|59/100|[from]move: U-turn
|move|p1a: Audino|Knock Off|p2a: Gallade
|-damage|p2a: Gallade|36/100
|-ability|p2a: Gallade|Justified|boost
|-boost|p2a: Gallade|atk|1
|-enditem|p2a: Gallade|Muscle Band|[from] move: Knock Off|[of] p1a: Audino
|
|-heal|p2a: Gallade|89/100|[from] move: Wish|[wisher] Togedemaru
|upkeep
|turn|12
|
|t:|1650988669
|move|p2a: Gallade|Close Combat|p1a: Audino
|-supereffective|p1a: Audino
|-damage|p1a: Audino|0 fnt
|-unboost|p2a: Gallade|def|1
|-unboost|p2a: Gallade|spd|1
|faint|p1a: Audino
|
|upkeep
|c|☆Creeperman129Poke|gg
|c|☆cafay sukray|gg
|-message|Creeperman129Poke forfeited.
|
|win|cafay sukray
|raw|Creeperman129Poke's rating: 1376 &rarr; <strong>1367</strong><br />(-9 for losing)
|raw|cafay sukray's rating: 1598 &rarr; <strong>1607</strong><br />(+9 for winning)
