|j|☆Joke sets
|j|☆PULT4S3 NUPE
|t:|1661909318
|gametype|singles
|player|p1|Joke sets|170|1391
|player|p2|PULT4S3 NUPE|pokekidf-gen8|1310
|teamsize|p1|6
|teamsize|p2|6
|gen|8
|tier|[Gen 8] PU
|rated|
|rule|Sleep Clause Mod: Limit one foe put to sleep
|rule|Species Clause: Limit one of each Pokémon
|rule|OHKO Clause: OHKO moves are banned
|rule|Evasion Items Clause: Evasion items are banned
|rule|Evasion Moves Clause: Evasion moves are banned
|rule|Endless Battle Clause: Forcing endless battles is banned
|rule|HP Percentage Mod: HP is shown in percentages
|rule|Dynamax Clause: You cannot dynamax
|clearpoke
|poke|p1|Quagsire, F|
|poke|p1|Audino, M|
|poke|p1|Doublade, M|
|poke|p1|Tangela, M|
|poke|p1|Coalossal, F|
|poke|p1|Ribombee, M|
|poke|p2|Aggron, M|
|poke|p2|Basculin, M|
|poke|p2|Gigalith, F|
|poke|p2|Lycanroc, F|
|poke|p2|Eldegoss, M|
|poke|p2|Jolteon, F|
|teampreview
|
|t:|1661909350
|start
|switch|p1a: Coalossal|Coalossal, F|100/100
|switch|p2a: Jolteon|Jolteon, F|100/100
|turn|1
|
|t:|1661909358
|move|p2a: Jolteon|Volt Switch|p1a: Coalossal
|-damage|p1a: Coalossal|71/100
|
|t:|1661909360
|switch|p2a: Gigalith|Gigalith, F|100/100|[from]move: Volt Switch
|-weather|Sandstorm|[from] ability: Sand Stream|[of] p2a: Gigalith
|move|p1a: Coalossal|Stealth Rock|p2a: Gigalith
|-sidestart|p2: PULT4S3 NUPE|move: Stealth Rock
|
|-weather|Sandstorm|[upkeep]
|upkeep
|turn|2
|
|t:|1661909367
|switch|p1a: Tangela|Tangela, M|100/100
|move|p2a: Gigalith|Stealth Rock|p1a: Tangela
|-sidestart|p1: Joke sets|move: Stealth Rock
|
|-weather|Sandstorm|[upkeep]
|-damage|p1a: Tangela|95/100|[from] Sandstorm
|upkeep
|turn|3
|
|t:|1661909374
|switch|p2a: Eldegoss|Eldegoss, M|100/100
|-damage|p2a: Eldegoss|88/100|[from] Stealth Rock
|move|p1a: Tangela|Knock Off|p2a: Eldegoss
|-damage|p2a: Eldegoss|82/100
|
|-weather|Sandstorm|[upkeep]
|-damage|p1a: Tangela|89/100|[from] Sandstorm
|-damage|p2a: Eldegoss|75/100|[from] Sandstorm
|upkeep
|turn|4
|
|t:|1661909390
|switch|p1a: Audino|Audino, M|100/100
|move|p2a: Eldegoss|Rapid Spin|p1a: Audino
|-damage|p1a: Audino|95/100
|-boost|p2a: Eldegoss|spe|1
|-sideend|p2: PULT4S3 NUPE|Stealth Rock|[from] move: Rapid Spin|[of] p2a: Eldegoss
|
|-weather|Sandstorm|[upkeep]
|-damage|p2a: Eldegoss|69/100|[from] Sandstorm
|-damage|p1a: Audino|89/100|[from] Sandstorm
|upkeep
|turn|5
|
|t:|1661909399
|switch|p2a: Basculin|Basculin, M|100/100
|move|p1a: Audino|Wish|p1a: Audino
|
|-weather|none
|upkeep
|turn|6
|j| PULT4S3 hjkhj
|
|t:|1661909408
|switch|p1a: Tangela|Tangela, M|100/100
|-damage|p1a: Tangela|88/100|[from] Stealth Rock
|move|p2a: Basculin|Toxic|p1a: Tangela
|-status|p1a: Tangela|tox
|
|-heal|p1a: Tangela|100/100 tox|[from] move: Wish|[wisher] Audino
|-damage|p1a: Tangela|95/100 tox|[from] psn
|upkeep
|turn|7
|
|t:|1661909418
|switch|p2a: Eldegoss|Eldegoss, M|100/100
|switch|p1a: Coalossal|Coalossal, F|71/100
|-damage|p1a: Coalossal|46/100|[from] Stealth Rock
|
|upkeep
|turn|8
|
|t:|1661909430
|switch|p2a: Gigalith|Gigalith, F|100/100
|-weather|Sandstorm|[from] ability: Sand Stream|[of] p2a: Gigalith
|move|p1a: Coalossal|Rapid Spin|p2a: Gigalith
|-resisted|p2a: Gigalith
|-damage|p2a: Gigalith|97/100
|-boost|p1a: Coalossal|spe|1
|-sideend|p1: Joke sets|Stealth Rock|[from] move: Rapid Spin|[of] p1a: Coalossal
|
|-weather|Sandstorm|[upkeep]
|-heal|p2a: Gigalith|100/100|[from] item: Leftovers
|upkeep
|turn|9
|
|t:|1661909443
|move|p1a: Coalossal|Stealth Rock|p2a: Gigalith
|-sidestart|p2: PULT4S3 NUPE|move: Stealth Rock
|move|p2a: Gigalith|Stealth Rock|p1a: Coalossal
|-sidestart|p1: Joke sets|move: Stealth Rock
|
|-weather|Sandstorm|[upkeep]
|upkeep
|turn|10
|
|t:|1661909457
|switch|p1a: Quagsire|Quagsire, F|100/100
|move|p2a: Gigalith|Earthquake|p1a: Quagsire
|-damage|p1a: Quagsire|79/100
|
|-weather|Sandstorm|[upkeep]
|upkeep
|turn|11
|
|t:|1661909464
|switch|p2a: Eldegoss|Eldegoss, M|100/100
|-damage|p2a: Eldegoss|88/100|[from] Stealth Rock
|move|p1a: Quagsire|Toxic|p2a: Eldegoss
|-status|p2a: Eldegoss|tox
|
|-weather|Sandstorm|[upkeep]
|-damage|p2a: Eldegoss|82/100 tox|[from] Sandstorm
|-damage|p2a: Eldegoss|76/100 tox|[from] psn
|upkeep
|turn|12
|
|t:|1661909472
|switch|p1a: Doublade|Doublade, M|100/100
|-damage|p1a: Doublade|94/100|[from] Stealth Rock
|move|p2a: Eldegoss|Rapid Spin|p1a: Doublade
|-immune|p1a: Doublade
|
|-weather|none
|-damage|p2a: Eldegoss|63/100 tox|[from] psn
|upkeep
|turn|13
|
|t:|1661909481
|move|p2a: Eldegoss|Sleep Powder|p1a: Doublade
|-status|p1a: Doublade|slp|[from] move: Sleep Powder
|cant|p1a: Doublade|slp
|
|-damage|p2a: Eldegoss|45/100 tox|[from] psn
|upkeep
|turn|14
|
|t:|1661909487
|switch|p2a: Jolteon|Jolteon, F|100/100
|-curestatus|p1a: Doublade|slp|[msg]
|move|p1a: Doublade|Swords Dance|p1a: Doublade
|-boost|p1a: Doublade|atk|2
|
|upkeep
|turn|15
|
|t:|1661909498
|switch|p1a: Audino|Audino, M|100/100
|move|p2a: Jolteon|Shadow Ball|p1a: Audino
|-immune|p1a: Audino
|
|upkeep
|turn|16
|
|t:|1661909512
|move|p2a: Jolteon|Volt Switch|p1a: Audino
|-damage|p1a: Audino|78/100
|
|t:|1661909514
|switch|p2a: Eldegoss|Eldegoss, M|78/100 tox|[from]move: Volt Switch
|-damage|p2a: Eldegoss|66/100 tox|[from] Stealth Rock
|move|p1a: Audino|Knock Off|p2a: Eldegoss
|-damage|p2a: Eldegoss|58/100 tox
|
|-damage|p2a: Eldegoss|52/100 tox|[from] psn
|upkeep
|turn|17
|
|t:|1661909521
|move|p1a: Audino|Protect|p1a: Audino
|-singleturn|p1a: Audino|Protect
|move|p2a: Eldegoss|Sleep Powder|p1a: Audino
|-activate|p1a: Audino|move: Protect
|
|-damage|p2a: Eldegoss|39/100 tox|[from] psn
|upkeep
|turn|18
|
|t:|1661909534
|switch|p2a: Lycanroc|Lycanroc, F|100/100
|-damage|p2a: Lycanroc|88/100|[from] Stealth Rock
|move|p1a: Audino|Wish|p1a: Audino
|
|upkeep
|turn|19
|
|t:|1661909542
|switch|p1a: Quagsire|Quagsire, F|79/100
|move|p2a: Lycanroc|Close Combat|p1a: Quagsire
|-damage|p1a: Quagsire|45/100
|-unboost|p2a: Lycanroc|def|1
|-unboost|p2a: Lycanroc|spd|1
|
|-heal|p1a: Quagsire|97/100|[from] move: Wish|[wisher] Audino
|upkeep
|turn|20
|
|t:|1661909554
|switch|p2a: Eldegoss|Eldegoss, M|73/100 tox
|-damage|p2a: Eldegoss|60/100 tox|[from] Stealth Rock
|move|p1a: Quagsire|Liquidation|p2a: Eldegoss
|-resisted|p2a: Eldegoss
|-damage|p2a: Eldegoss|50/100 tox
|-unboost|p2a: Eldegoss|def|1
|
|-damage|p2a: Eldegoss|43/100 tox|[from] psn
|upkeep
|turn|21
|
|t:|1661909564
|switch|p2a: Jolteon|Jolteon, F|100/100
|switch|p1a: Tangela|Tangela, M|100/100 tox
|-damage|p1a: Tangela|88/100 tox|[from] Stealth Rock
|
|-damage|p1a: Tangela|82/100 tox|[from] psn
|upkeep
|turn|22
|
|t:|1661909575
|move|p2a: Jolteon|Volt Switch|p1a: Tangela
|-resisted|p1a: Tangela
|-damage|p1a: Tangela|60/100 tox
|
|t:|1661909578
|switch|p2a: Eldegoss|Eldegoss, M|77/100 tox|[from]move: Volt Switch
|-damage|p2a: Eldegoss|64/100 tox|[from] Stealth Rock
|move|p1a: Tangela|Giga Drain|p2a: Eldegoss
|-resisted|p2a: Eldegoss
|-damage|p2a: Eldegoss|52/100 tox
|-heal|p1a: Tangela|66/100 tox|[from] drain|[of] p2a: Eldegoss
|
|-damage|p1a: Tangela|54/100 tox|[from] psn
|-damage|p2a: Eldegoss|46/100 tox|[from] psn
|upkeep
|turn|23
|
|t:|1661909601
|switch|p1a: Doublade|Doublade, M|94/100
|-damage|p1a: Doublade|88/100|[from] Stealth Rock
|switch|p2a: Jolteon|Jolteon, F|100/100
|
|upkeep
|turn|24
|
|t:|1661909610
|switch|p1a: Quagsire|Quagsire, F|97/100
|move|p2a: Jolteon|Toxic|p1a: Quagsire|[miss]
|-miss|p2a: Jolteon|p1a: Quagsire
|
|upkeep
|turn|25
|
|t:|1661909622
|switch|p2a: Eldegoss|Eldegoss, M|79/100 tox
|-damage|p2a: Eldegoss|67/100 tox|[from] Stealth Rock
|switch|p1a: Doublade|Doublade, M|88/100
|-damage|p1a: Doublade|82/100|[from] Stealth Rock
|
|-damage|p2a: Eldegoss|61/100 tox|[from] psn
|upkeep
|turn|26
|
|t:|1661909634
|move|p1a: Doublade|Shadow Sneak|p2a: Eldegoss
|-damage|p2a: Eldegoss|49/100 tox
|move|p2a: Eldegoss|Sleep Powder|p1a: Doublade
|-status|p1a: Doublade|slp|[from] move: Sleep Powder
|
|-damage|p2a: Eldegoss|36/100 tox|[from] psn
|upkeep
|turn|27
|
|t:|1661909642
|switch|p2a: Jolteon|Jolteon, F|100/100
|switch|p1a: Audino|Audino, M|100/100
|
|upkeep
|turn|28
|
|t:|1661909649
|move|p2a: Jolteon|Volt Switch|p1a: Audino
|-damage|p1a: Audino|78/100
|
|t:|1661909652
|switch|p2a: Aggron|Aggron, M|100/100|[from]move: Volt Switch
|-damage|p2a: Aggron|94/100|[from] Stealth Rock
|move|p1a: Audino|Heal Bell|p1a: Audino
|-activate|p1a: Audino|move: Heal Bell
|-curestatus|p1: Tangela|tox|[msg]
|-curestatus|p1: Doublade|slp|[msg]
|
|upkeep
|turn|29
|
|t:|1661909661
|move|p1a: Audino|Protect|p1a: Audino
|-singleturn|p1a: Audino|Protect
|move|p2a: Aggron|Heavy Slam|p1a: Audino
|-activate|p1a: Audino|move: Protect
|
|upkeep
|turn|30
|
|t:|1661909668
|switch|p2a: Eldegoss|Eldegoss, M|70/100 tox
|-damage|p2a: Eldegoss|57/100 tox|[from] Stealth Rock
|move|p1a: Audino|Wish|p1a: Audino
|
|-damage|p2a: Eldegoss|51/100 tox|[from] psn
|upkeep
|turn|31
|
|t:|1661909676
|switch|p2a: Gigalith|Gigalith, F|100/100
|-damage|p2a: Gigalith|88/100|[from] Stealth Rock
|-weather|Sandstorm|[from] ability: Sand Stream|[of] p2a: Gigalith
|switch|p1a: Coalossal|Coalossal, F|46/100
|-damage|p1a: Coalossal|21/100|[from] Stealth Rock
|
|-weather|Sandstorm|[upkeep]
|-heal|p1a: Coalossal|70/100|[from] move: Wish|[wisher] Audino
|-heal|p2a: Gigalith|94/100|[from] item: Leftovers
|upkeep
|turn|32
|inactive|Battle timer is ON: inactive players will automatically lose when time's up. (requested by PULT4S3 NUPE)
|
|t:|1661909693
|switch|p1a: Tangela|Tangela, M|87/100
|-damage|p1a: Tangela|75/100|[from] Stealth Rock
|move|p2a: Gigalith|Earthquake|p1a: Tangela
|-resisted|p1a: Tangela
|-damage|p1a: Tangela|68/100
|
|-weather|Sandstorm|[upkeep]
|-damage|p1a: Tangela|62/100|[from] Sandstorm
|-heal|p2a: Gigalith|100/100|[from] item: Leftovers
|upkeep
|turn|33
|
|t:|1661909703
|switch|p1a: Doublade|Doublade, M|82/100
|-damage|p1a: Doublade|76/100|[from] Stealth Rock
|switch|p2a: Eldegoss|Eldegoss, M|84/100 tox
|-damage|p2a: Eldegoss|72/100 tox|[from] Stealth Rock
|
|-weather|Sandstorm|[upkeep]
|-damage|p2a: Eldegoss|66/100 tox|[from] Sandstorm
|-damage|p2a: Eldegoss|60/100 tox|[from] psn
|upkeep
|turn|34
|
|t:|1661909723
|switch|p1a: Ribombee|Ribombee, M|100/100
|move|p2a: Eldegoss|Sleep Powder|p1a: Ribombee|[miss]
|-miss|p2a: Eldegoss|p1a: Ribombee
|
|-weather|Sandstorm|[upkeep]
|-damage|p1a: Ribombee|94/100|[from] Sandstorm
|-damage|p2a: Eldegoss|54/100 tox|[from] Sandstorm
|-damage|p2a: Eldegoss|41/100 tox|[from] psn
|upkeep
|turn|35
|j| ETJX
|l| ETJX
|
|t:|1661909733
|switch|p2a: Aggron|Aggron, M|94/100
|-damage|p2a: Aggron|88/100|[from] Stealth Rock
|move|p1a: Ribombee|Moonblast|p2a: Aggron
|-resisted|p2a: Aggron
|-damage|p2a: Aggron|62/100
|
|-weather|none
|upkeep
|turn|36
|
|t:|1661909741
|switch|p1a: Quagsire|Quagsire, F|97/100
|move|p2a: Aggron|Fire Punch|p1a: Quagsire
|-resisted|p1a: Quagsire
|-damage|p1a: Quagsire|81/100
|
|upkeep
|turn|37
|
|t:|1661909747
|switch|p2a: Eldegoss|Eldegoss, M|75/100 tox
|-damage|p2a: Eldegoss|62/100 tox|[from] Stealth Rock
|switch|p1a: Ribombee|Ribombee, M|94/100
|
|-damage|p2a: Eldegoss|56/100 tox|[from] psn
|upkeep
|turn|38
|
|t:|1661909755
|switch|p2a: Gigalith|Gigalith, F|100/100
|-damage|p2a: Gigalith|88/100|[from] Stealth Rock
|-weather|Sandstorm|[from] ability: Sand Stream|[of] p2a: Gigalith
|move|p1a: Ribombee|Moonblast|p2a: Gigalith
|-damage|p2a: Gigalith|69/100
|-unboost|p2a: Gigalith|spa|1
|
|-weather|Sandstorm|[upkeep]
|-damage|p1a: Ribombee|88/100|[from] Sandstorm
|-heal|p2a: Gigalith|76/100|[from] item: Leftovers
|upkeep
|turn|39
|
|t:|1661909767
|switch|p1a: Tangela|Tangela, M|95/100
|-damage|p1a: Tangela|83/100|[from] Stealth Rock
|switch|p2a: Eldegoss|Eldegoss, M|89/100 tox
|-damage|p2a: Eldegoss|77/100 tox|[from] Stealth Rock
|
|-weather|Sandstorm|[upkeep]
|-damage|p1a: Tangela|77/100|[from] Sandstorm
|-damage|p2a: Eldegoss|71/100 tox|[from] Sandstorm
|-damage|p2a: Eldegoss|65/100 tox|[from] psn
|upkeep
|turn|40
|
|t:|1661909778
|move|p1a: Tangela|Knock Off|p2a: Eldegoss
|-damage|p2a: Eldegoss|57/100 tox
|move|p2a: Eldegoss|Rapid Spin|p1a: Tangela
|-damage|p1a: Tangela|74/100
|-boost|p2a: Eldegoss|spe|1
|-sideend|p2: PULT4S3 NUPE|Stealth Rock|[from] move: Rapid Spin|[of] p2a: Eldegoss
|
|-weather|Sandstorm|[upkeep]
|-damage|p2a: Eldegoss|51/100 tox|[from] Sandstorm
|-damage|p1a: Tangela|68/100|[from] Sandstorm
|-damage|p2a: Eldegoss|39/100 tox|[from] psn
|upkeep
|turn|41
|
|t:|1661909787
|switch|p2a: Gigalith|Gigalith, F|76/100
|move|p1a: Tangela|Knock Off|p2a: Gigalith
|-damage|p2a: Gigalith|67/100
|-enditem|p2a: Gigalith|Leftovers|[from] move: Knock Off|[of] p1a: Tangela
|
|-weather|Sandstorm|[upkeep]
|-damage|p1a: Tangela|62/100|[from] Sandstorm
|upkeep
|turn|42
|inactive|PULT4S3 NUPE has 120 seconds left.
|
|t:|1661909819
|switch|p2a: Eldegoss|Eldegoss, M|72/100 tox
|move|p1a: Tangela|Giga Drain|p2a: Eldegoss
|-resisted|p2a: Eldegoss
|-damage|p2a: Eldegoss|61/100 tox
|-heal|p1a: Tangela|67/100|[from] drain|[of] p2a: Eldegoss
|
|-weather|none
|-damage|p2a: Eldegoss|55/100 tox|[from] psn
|upkeep
|turn|43
|
|t:|1661909827
|switch|p2a: Aggron|Aggron, M|62/100
|move|p1a: Tangela|Giga Drain|p2a: Aggron
|-damage|p2a: Aggron|17/100
|-heal|p1a: Tangela|86/100|[from] drain|[of] p2a: Aggron
|
|upkeep
|turn|44
|inactive|PULT4S3 NUPE has 120 seconds left.
|
|t:|1661909856
|switch|p1a: Quagsire|Quagsire, F|81/100
|move|p2a: Aggron|Heavy Slam|p1a: Quagsire
|-resisted|p1a: Quagsire
|-damage|p1a: Quagsire|51/100
|
|upkeep
|turn|45
|
|t:|1661909862
|switch|p2a: Eldegoss|Eldegoss, M|88/100 tox
|move|p1a: Quagsire|Recover|p1a: Quagsire
|-heal|p1a: Quagsire|100/100
|
|-damage|p2a: Eldegoss|82/100 tox|[from] psn
|upkeep
|turn|46
|inactive|PULT4S3 NUPE has 120 seconds left.
|
|t:|1661909880
|switch|p1a: Tangela|Tangela, M|100/100
|-damage|p1a: Tangela|88/100|[from] Stealth Rock
|move|p2a: Eldegoss|Sleep Powder|p1a: Tangela
|-immune|p1a: Tangela
|
|-damage|p2a: Eldegoss|70/100 tox|[from] psn
|upkeep
|turn|47
|
|t:|1661909888
|switch|p2a: Gigalith|Gigalith, F|67/100
|-weather|Sandstorm|[from] ability: Sand Stream|[of] p2a: Gigalith
|move|p1a: Tangela|Giga Drain|p2a: Gigalith
|-supereffective|p2a: Gigalith
|-damage|p2a: Gigalith|40/100
|-heal|p1a: Tangela|100/100|[from] drain|[of] p2a: Gigalith
|
|-weather|Sandstorm|[upkeep]
|-damage|p1a: Tangela|95/100|[from] Sandstorm
|upkeep
|turn|48
|
|t:|1661909899
|move|p1a: Tangela|Knock Off|p2a: Gigalith
|-crit|p2a: Gigalith
|-damage|p2a: Gigalith|30/100
|move|p2a: Gigalith|Rock Blast|p1a: Tangela
|-damage|p1a: Tangela|89/100
|-damage|p1a: Tangela|84/100
|-hitcount|p1a: Tangela|2
|
|-weather|Sandstorm|[upkeep]
|-damage|p1a: Tangela|78/100|[from] Sandstorm
|upkeep
|turn|49
|
|t:|1661909908
|move|p1a: Tangela|Giga Drain|p2a: Gigalith
|-supereffective|p2a: Gigalith
|-damage|p2a: Gigalith|6/100
|-heal|p1a: Tangela|91/100|[from] drain|[of] p2a: Gigalith
|move|p2a: Gigalith|Explosion|p1a: Tangela
|-damage|p1a: Tangela|59/100
|faint|p2a: Gigalith
|
|-weather|Sandstorm|[upkeep]
|-damage|p1a: Tangela|53/100|[from] Sandstorm
|upkeep
|
|t:|1661909913
|switch|p2a: Lycanroc|Lycanroc, F|88/100
|turn|50
|
|t:|1661909918
|move|p2a: Lycanroc|Swords Dance|p2a: Lycanroc
|-boost|p2a: Lycanroc|atk|2
|move|p1a: Tangela|Giga Drain|p2a: Lycanroc
|-supereffective|p2a: Lycanroc
|-damage|p2a: Lycanroc|30/100
|-heal|p1a: Tangela|78/100|[from] drain|[of] p2a: Lycanroc
|
|-weather|Sandstorm|[upkeep]
|-damage|p1a: Tangela|72/100|[from] Sandstorm
|upkeep
|turn|51
|
|t:|1661909927
|switch|p1a: Quagsire|Quagsire, F|100/100
|move|p2a: Lycanroc|Close Combat|p1a: Quagsire
|-damage|p1a: Quagsire|68/100
|-unboost|p2a: Lycanroc|def|1
|-unboost|p2a: Lycanroc|spd|1
|
|-weather|none
|upkeep
|turn|52
|
|t:|1661909935
|move|p2a: Lycanroc|Close Combat|p1a: Quagsire
|-damage|p1a: Quagsire|33/100
|-unboost|p2a: Lycanroc|def|1
|-unboost|p2a: Lycanroc|spd|1
|move|p1a: Quagsire|Recover|p1a: Quagsire
|-heal|p1a: Quagsire|83/100
|
|upkeep
|turn|53
|
|t:|1661909946
|move|p2a: Lycanroc|Close Combat|p1a: Quagsire
|-damage|p1a: Quagsire|52/100
|-unboost|p2a: Lycanroc|def|1
|-unboost|p2a: Lycanroc|spd|1
|move|p1a: Quagsire|Liquidation|p2a: Lycanroc
|-supereffective|p2a: Lycanroc
|-damage|p2a: Lycanroc|0 fnt
|faint|p2a: Lycanroc
|
|upkeep
|
|t:|1661909954
|switch|p2a: Eldegoss|Eldegoss, M|100/100 tox
|turn|54
|
|t:|1661909961
|switch|p2a: Aggron|Aggron, M|17/100
|switch|p1a: Tangela|Tangela, M|100/100
|-damage|p1a: Tangela|88/100|[from] Stealth Rock
|
|upkeep
|turn|55
|
|t:|1661909972
|move|p2a: Aggron|Head Smash|p1a: Tangela
|-damage|p1a: Tangela|34/100
|move|p1a: Tangela|Giga Drain|p2a: Aggron
|-damage|p2a: Aggron|0 fnt
|-heal|p1a: Tangela|41/100|[from] drain|[of] p2a: Aggron
|faint|p2a: Aggron
|
|upkeep
|
|t:|1661909977
|switch|p2a: Jolteon|Jolteon, F|100/100
|turn|56
|
|t:|1661909983
|switch|p1a: Audino|Audino, M|100/100
|move|p2a: Jolteon|Shadow Ball|p1a: Audino
|-immune|p1a: Audino
|
|upkeep
|turn|57
|c|☆Joke sets|not sure what people like about this meta where wallbreakers don't work or don't exist
|inactive|PULT4S3 NUPE has 120 seconds left.
|
|t:|1661910018
|move|p2a: Jolteon|Toxic|p1a: Audino
|-status|p1a: Audino|tox
|move|p1a: Audino|Wish|p1a: Audino
|
|-damage|p1a: Audino|94/100 tox|[from] psn
|upkeep
|turn|58
|inactive|PULT4S3 NUPE has 120 seconds left.
|
|t:|1661910034
|move|p2a: Jolteon|Thunderbolt|p1a: Audino
|-damage|p1a: Audino|67/100 tox
|move|p1a: Audino|Knock Off|p2a: Jolteon
|-damage|p2a: Jolteon|70/100
|-enditem|p2a: Jolteon|Heavy-Duty Boots|[from] move: Knock Off|[of] p1a: Audino
|
|-heal|p1a: Audino|100/100 tox|[from] move: Wish|[wisher] Audino
|-damage|p1a: Audino|88/100 tox|[from] psn
|upkeep
|turn|59
|
|t:|1661910046
|move|p2a: Jolteon|Thunderbolt|p1a: Audino
|-crit|p1a: Audino
|-damage|p1a: Audino|50/100 tox
|move|p1a: Audino|Wish|p1a: Audino
|
|-damage|p1a: Audino|32/100 tox|[from] psn
|upkeep
|turn|60
|c|☆PULT4S3 NUPE|comfey stored power is a good wallbreaker
|inactive|PULT4S3 NUPE has 120 seconds left.
|
|t:|1661910060
|switch|p2a: Basculin|Basculin, M|100/100
|switch|p1a: Quagsire|Quagsire, F|52/100
|
|-heal|p1a: Quagsire|100/100|[from] move: Wish|[wisher] Audino
|upkeep
|turn|61
|c|☆PULT4S3 NUPE|gg
|c|☆Joke sets|gg
|
|t:|1661910078
|switch|p1a: Doublade|Doublade, M|76/100
|-damage|p1a: Doublade|69/100|[from] Stealth Rock
|move|p2a: Basculin|Flip Turn|p1a: Doublade
|-damage|p1a: Doublade|54/100
|
|t:|1661910083
|switch|p2a: Jolteon|Jolteon, F|70/100|[from]move: Flip Turn
|
|upkeep
|turn|62
|
|t:|1661910087
|switch|p1a: Quagsire|Quagsire, F|100/100
|move|p2a: Jolteon|Volt Switch|p1a: Quagsire
|-immune|p1a: Quagsire
|
|upkeep
|turn|63
|
|t:|1661910098
|move|p2a: Jolteon|Shadow Ball|p1a: Quagsire
|-damage|p1a: Quagsire|74/100
|move|p1a: Quagsire|Liquidation|p2a: Jolteon
|-damage|p2a: Jolteon|19/100
|-unboost|p2a: Jolteon|def|1
|
|upkeep
|turn|64
|
|t:|1661910111
|switch|p1a: Audino|Audino, M|65/100 tox
|move|p2a: Jolteon|Shadow Ball|p1a: Audino
|-immune|p1a: Audino
|
|-damage|p1a: Audino|59/100 tox|[from] psn
|upkeep
|turn|65
|
|t:|1661910119
|move|p2a: Jolteon|Volt Switch|p1a: Audino
|-damage|p1a: Audino|39/100 tox
|
|t:|1661910124
|switch|p2a: Basculin|Basculin, M|100/100|[from]move: Volt Switch
|move|p1a: Audino|Wish|p1a: Audino
|
|-damage|p1a: Audino|27/100 tox|[from] psn
|upkeep
|turn|66
|
|t:|1661910130
|move|p1a: Audino|Protect|p1a: Audino
|-singleturn|p1a: Audino|Protect
|move|p2a: Basculin|Flip Turn|p1a: Audino
|-activate|p1a: Audino|move: Protect
|
|-heal|p1a: Audino|77/100 tox|[from] move: Wish|[wisher] Audino
|-damage|p1a: Audino|59/100 tox|[from] psn
|upkeep
|turn|67
|
|t:|1661910144
|switch|p1a: Tangela|Tangela, M|74/100
|-damage|p1a: Tangela|62/100|[from] Stealth Rock
|move|p2a: Basculin|Flip Turn|p1a: Tangela
|-resisted|p1a: Tangela
|-damage|p1a: Tangela|54/100
|
|t:|1661910145
|switch|p2a: Eldegoss|Eldegoss, M|100/100 tox|[from]move: Flip Turn
|
|-damage|p2a: Eldegoss|94/100 tox|[from] psn
|upkeep
|turn|68
|
|t:|1661910155
|move|p1a: Tangela|Knock Off|p2a: Eldegoss
|-damage|p2a: Eldegoss|87/100 tox
|move|p2a: Eldegoss|Rapid Spin|p1a: Tangela
|-damage|p1a: Tangela|52/100
|-boost|p2a: Eldegoss|spe|1
|
|-damage|p2a: Eldegoss|75/100 tox|[from] psn
|upkeep
|turn|69
|
|t:|1661910178
|move|p2a: Eldegoss|Rapid Spin|p1a: Tangela
|-damage|p1a: Tangela|49/100
|-boost|p2a: Eldegoss|spe|1
|move|p1a: Tangela|Giga Drain|p2a: Eldegoss
|-resisted|p2a: Eldegoss
|-damage|p2a: Eldegoss|63/100 tox
|-heal|p1a: Tangela|54/100|[from] drain|[of] p2a: Eldegoss
|
|-damage|p2a: Eldegoss|45/100 tox|[from] psn
|upkeep
|turn|70
|
|t:|1661910187
|switch|p2a: Jolteon|Jolteon, F|19/100
|move|p1a: Tangela|Giga Drain|p2a: Jolteon
|-damage|p2a: Jolteon|0 fnt
|-heal|p1a: Tangela|62/100|[from] drain|[of] p2a: Jolteon
|faint|p2a: Jolteon
|
|upkeep
|j| Pult miyan
|
|t:|1661910194
|switch|p2a: Eldegoss|Eldegoss, M|78/100 tox
|turn|71
|-message|PULT4S3 NUPE forfeited.
|
|win|Joke sets
|raw|Joke sets's rating: 1391 &rarr; <strong>1403</strong><br />(+12 for winning)
|raw|PULT4S3 NUPE's rating: 1250 &rarr; <strong>1235</strong><br />(-15 for losing)
|l|☆PULT4S3 NUPE
|l| Pult miyan
||Ladder isn't responding, score probably updated but might not have (Request timeout).
