|j|☆Eesturn
|j|☆stump 123
|t:|1607224937
|player|p1|Eesturn|psychic-gen4|1442
|player|p2|stump 123|102|1296
|teamsize|p1|6
|teamsize|p2|6
|gametype|singles
|gen|8
|tier|[Gen 8] PU
|rated|
|clearpoke
|poke|p1|Regice|
|poke|p1|Turtonator, F|
|poke|p1|Carracosta, M|
|poke|p1|Skuntank, M|
|poke|p1|Hitmonchan, M|
|poke|p1|Cradily, M|
|poke|p2|Jolteon, F|
|poke|p2|Cinccino, F|
|poke|p2|Stunfisk-Galar, M|
|poke|p2|Qwilfish, M|
|poke|p2|Hitmonchan, M|
|poke|p2|Rotom-Fan|
|rule|Sleep Clause Mod: Limit one foe put to sleep
|rule|Species Clause: Limit one of each Pokémon
|rule|OHKO Clause: OHKO moves are banned
|rule|Evasion Moves Clause: Evasion moves are banned
|rule|Endless Battle Clause: Forcing endless battles is banned
|rule|HP Percentage Mod: HP is shown in percentages
|rule|Dynamax Clause: You cannot dynamax
|teampreview
|
|t:|1607224943
|start
|switch|p1a: Cradily|Cradily, M|100/100
|switch|p2a: Rotom|Rotom-Fan|100/100
|turn|1
|
|t:|1607224960
|move|p2a: Rotom|Volt Switch|p1a: Cradily
|-resisted|p1a: Cradily
|-damage|p1a: Cradily|90/100
|
|t:|1607224963
|switch|p2a: Hitmonchan|Hitmonchan, M|100/100|[from]move: Volt Switch
|move|p1a: Cradily|Stealth Rock|p2a: Hitmonchan
|-sidestart|p2: stump 123|move: Stealth Rock
|
|-heal|p1a: Cradily|96/100|[from] item: Leftovers
|upkeep
|turn|2
|
|t:|1607224971
|switch|p1a: Skuntank|Skuntank, M|100/100
|move|p2a: Hitmonchan|Rapid Spin|p1a: Skuntank
|-damage|p1a: Skuntank|87/100
|-boost|p2a: Hitmonchan|spe|1
|-sideend|p2: stump 123|Stealth Rock|[from] move: Rapid Spin|[of] p2a: Hitmonchan
|
|-heal|p1a: Skuntank|93/100|[from] item: Black Sludge
|upkeep
|turn|3
|
|t:|1607224990
|switch|p2a: Stunfisk|Stunfisk-Galar, M|100/100
|move|p1a: Skuntank|Corrosive Gas|p2a: Stunfisk
|-enditem|p2a: Stunfisk|Leftovers|[from] move: Corrosive Gas|[of] p1a: Skuntank
|
|-heal|p1a: Skuntank|99/100|[from] item: Black Sludge
|upkeep
|turn|4
|j| Ooga Booga XD
|l| Ooga Booga XD
|
|t:|1607225008
|switch|p1a: Hitmonchan|Hitmonchan, M|100/100
|move|p2a: Stunfisk|Stealth Rock|p1a: Hitmonchan
|-sidestart|p1: Eesturn|move: Stealth Rock
|
|upkeep
|turn|5
|
|t:|1607225021
|switch|p2a: Rotom|Rotom-Fan|100/100
|move|p1a: Hitmonchan|Rapid Spin|p2a: Rotom
|-damage|p2a: Rotom|88/100
|-boost|p1a: Hitmonchan|spe|1
|-sideend|p1: Eesturn|Stealth Rock|[from] move: Rapid Spin|[of] p1a: Hitmonchan
|
|upkeep
|turn|6
|
|t:|1607225028
|move|p2a: Rotom|Air Slash|p1a: Hitmonchan
|-supereffective|p1a: Hitmonchan
|-damage|p1a: Hitmonchan|58/100
|move|p1a: Hitmonchan|Toxic|p2a: Rotom
|-status|p2a: Rotom|tox
|
|-heal|p1a: Hitmonchan|64/100|[from] item: Leftovers
|-damage|p2a: Rotom|81/100 tox|[from] psn
|upkeep
|turn|7
|
|t:|1607225036
|switch|p1a: Regice|Regice|100/100
|move|p2a: Rotom|Air Slash|p1a: Regice
|-damage|p1a: Regice|86/100
|
|-heal|p1a: Regice|92/100|[from] item: Leftovers
|-damage|p2a: Rotom|69/100 tox|[from] psn
|upkeep
|turn|8
|
|t:|1607225044
|move|p2a: Rotom|Volt Switch|p1a: Regice
|-damage|p1a: Regice|80/100
|
|t:|1607225046
|switch|p2a: Hitmonchan|Hitmonchan, M|100/100|[from]move: Volt Switch
|move|p1a: Regice|Focus Blast|p2a: Hitmonchan|[miss]
|-miss|p1a: Regice|p2a: Hitmonchan
|
|-heal|p1a: Regice|86/100|[from] item: Leftovers
|upkeep
|turn|9
|
|t:|1607225060
|switch|p1a: Skuntank|Skuntank, M|99/100
|move|p2a: Hitmonchan|Drain Punch|p1a: Skuntank
|-damage|p1a: Skuntank|63/100
|
|-heal|p1a: Skuntank|69/100|[from] item: Black Sludge
|upkeep
|turn|10
|
|t:|1607225091
|switch|p1a: Hitmonchan|Hitmonchan, M|64/100
|switch|p2a: Qwilfish|Qwilfish, M|100/100
|-ability|p2a: Qwilfish|Intimidate|boost
|-unboost|p1a: Hitmonchan|atk|1
|
|-heal|p1a: Hitmonchan|70/100|[from] item: Leftovers
|upkeep
|turn|11
|
|t:|1607225102
|switch|p1a: Cradily|Cradily, M|96/100
|move|p2a: Qwilfish|Spikes|p1a: Cradily
|-sidestart|p1: Eesturn|Spikes
|
|-heal|p1a: Cradily|100/100|[from] item: Leftovers
|upkeep
|turn|12
|
|t:|1607225112
|move|p2a: Qwilfish|Taunt|p1a: Cradily
|-start|p1a: Cradily|move: Taunt
|move|p1a: Cradily|Rock Slide|p2a: Qwilfish
|-damage|p2a: Qwilfish|75/100
|
|upkeep
|turn|13
|
|t:|1607225120
|move|p2a: Qwilfish|Thunder Wave|p1a: Cradily
|-status|p1a: Cradily|par
|move|p1a: Cradily|Giga Drain|p2a: Qwilfish
|-damage|p2a: Qwilfish|37/100
|
|upkeep
|turn|14
|
|t:|1607225126
|switch|p2a: Hitmonchan|Hitmonchan, M|100/100
|switch|p1a: Hitmonchan|Hitmonchan, M|70/100
|-damage|p1a: Hitmonchan|58/100|[from] Spikes
|
|-heal|p1a: Hitmonchan|64/100|[from] item: Leftovers
|upkeep
|turn|15
|
|t:|1607225134
|move|p2a: Hitmonchan|Drain Punch|p1a: Hitmonchan
|-crit|p1a: Hitmonchan
|-damage|p1a: Hitmonchan|0 fnt
|faint|p1a: Hitmonchan
|
|upkeep
|
|t:|1607225141
|switch|p1a: Turtonator|Turtonator, F|100/100
|-damage|p1a: Turtonator|88/100|[from] Spikes
|turn|16
|
|t:|1607225147
|move|p2a: Hitmonchan|Drain Punch|p1a: Turtonator
|-damage|p1a: Turtonator|49/100
|move|p1a: Turtonator|Shell Smash|p1a: Turtonator
|-unboost|p1a: Turtonator|def|1
|-unboost|p1a: Turtonator|spd|1
|-boost|p1a: Turtonator|atk|2
|-boost|p1a: Turtonator|spa|2
|-boost|p1a: Turtonator|spe|2
|-enditem|p1a: Turtonator|White Herb
|-clearnegativeboost|p1a: Turtonator|[silent]
|
|upkeep
|turn|17
|
|t:|1607225156
|move|p1a: Turtonator|Flamethrower|p2a: Hitmonchan
|-damage|p2a: Hitmonchan|46/100
|move|p2a: Hitmonchan|Drain Punch|p1a: Turtonator
|-damage|p1a: Turtonator|9/100
|-heal|p2a: Hitmonchan|64/100|[from] drain|[of] p1a: Turtonator
|
|upkeep
|turn|18
|
|t:|1607225162
|move|p2a: Hitmonchan|Mach Punch|p1a: Turtonator
|-damage|p1a: Turtonator|0 fnt
|faint|p1a: Turtonator
|
|upkeep
|-message|Eesturn forfeited.
|
|win|stump 123
|l|☆Eesturn
|raw|Eesturn's rating: 1417 &rarr; <strong>1390</strong><br />(-27 for losing)
|raw|stump 123's rating: 1296 &rarr; <strong>1329</strong><br />(+33 for winning)
