|j|☆allstarapology
|j|☆Iprocrastinatealot
|t:|1602383111
|player|p1|allstarapology|iris-gen5bw2|1545
|player|p2|Iprocrastinatealot|roark|1350
|teamsize|p1|6
|teamsize|p2|6
|gametype|singles
|gen|8
|tier|[Gen 8] PU
|rated|
|clearpoke
|poke|p1|Alcremie-Lemon-Cream, F|
|poke|p1|Ferroseed, M|
|poke|p1|Corsola-Galar, F|
|poke|p1|Kangaskhan, F|
|poke|p1|Morpeko, F|
|poke|p1|Golduck, M|
|poke|p2|Ferroseed, F|
|poke|p2|Cramorant, F|
|poke|p2|Dusknoir, M|
|poke|p2|Liepard, F|
|poke|p2|Jolteon, M|
|poke|p2|Alcremie, F|
|rule|Sleep Clause Mod: Limit one foe put to sleep
|rule|Species Clause: Limit one of each Pokémon
|rule|OHKO Clause: OHKO moves are banned
|rule|Evasion Moves Clause: Evasion moves are banned
|rule|Endless Battle Clause: Forcing endless battles is banned
|rule|HP Percentage Mod: HP is shown in percentages
|rule|Dynamax Clause: You cannot dynamax
|teampreview
|inactive|Battle timer is ON: inactive players will automatically lose when time's up. (requested by allstarapology)
|
|t:|1602383148
|start
|switch|p1a: Morpeko|Morpeko, F|100/100
|switch|p2a: Alcremie|Alcremie, F|100/100
|turn|1
|
|t:|1602383161
|move|p1a: Morpeko|Parting Shot|p2a: Alcremie
|-unboost|p2a: Alcremie|atk|1
|-unboost|p2a: Alcremie|spa|1
|inactive|allstarapology has 120 seconds left.
|
|t:|1602383207
|switch|p1a: Corsola|Corsola-Galar, F|100/100|[from]move: Parting Shot
|move|p2a: Alcremie|Draining Kiss|p1a: Corsola
|-damage|p1a: Corsola|92/100
|
|upkeep
|turn|2
|
|t:|1602383214
|switch|p2a: Ferroseed|Ferroseed, F|100/100
|move|p1a: Corsola|Will-O-Wisp|p2a: Ferroseed
|-status|p2a: Ferroseed|brn
|
|-damage|p2a: Ferroseed|94/100 brn|[from] brn
|upkeep
|turn|3
|
|t:|1602383223
|move|p1a: Corsola|Night Shade|p2a: Ferroseed
|-damage|p2a: Ferroseed|60/100 brn
|move|p2a: Ferroseed|Stealth Rock|p1a: Corsola
|-sidestart|p1: allstarapology|move: Stealth Rock
|
|-damage|p2a: Ferroseed|54/100 brn|[from] brn
|upkeep
|turn|4
|inactive|allstarapology has 120 seconds left.
|
|t:|1602383234
|move|p1a: Corsola|Stealth Rock|p2a: Ferroseed
|-sidestart|p2: Iprocrastinatealot|move: Stealth Rock
|move|p2a: Ferroseed|Leech Seed|p1a: Corsola
|-start|p1a: Corsola|move: Leech Seed
|
|-damage|p1a: Corsola|80/100|[from] Leech Seed|[of] p2a: Ferroseed
|-heal|p2a: Ferroseed|68/100 brn|[silent]
|-damage|p2a: Ferroseed|61/100 brn|[from] brn
|upkeep
|turn|5
|
|t:|1602383244
|switch|p1a: Ferroseed|Ferroseed, M|100/100
|-damage|p1a: Ferroseed|94/100|[from] Stealth Rock
|move|p2a: Ferroseed|Knock Off|p1a: Ferroseed
|-damage|p1a: Ferroseed|91/100
|-damage|p2a: Ferroseed|49/100 brn|[from] ability: Iron Barbs|[of] p1a: Ferroseed
|-enditem|p1a: Ferroseed|Eviolite|[from] move: Knock Off|[of] p2a: Ferroseed
|
|-damage|p2a: Ferroseed|43/100 brn|[from] brn
|upkeep
|turn|6
|
|t:|1602383253
|switch|p2a: Alcremie|Alcremie, F|100/100
|-damage|p2a: Alcremie|88/100|[from] Stealth Rock
|move|p1a: Ferroseed|Leech Seed|p2a: Alcremie
|-start|p2a: Alcremie|move: Leech Seed
|
|-heal|p2a: Alcremie|94/100|[from] item: Leftovers
|-damage|p2a: Alcremie|82/100|[from] Leech Seed|[of] p1a: Ferroseed
|-heal|p1a: Ferroseed|100/100|[silent]
|upkeep
|turn|7
|
|t:|1602383262
|switch|p2a: Liepard|Liepard, F|100/100
|-damage|p2a: Liepard|88/100|[from] Stealth Rock
|switch|p1a: Kangaskhan|Kangaskhan, F|100/100
|
|upkeep
|turn|8
|
|t:|1602383267
|switch|p2a: Ferroseed|Ferroseed, F|43/100 brn
|-damage|p2a: Ferroseed|37/100 brn|[from] Stealth Rock
|move|p1a: Kangaskhan|Fake Out|p2a: Ferroseed
|-resisted|p2a: Ferroseed
|-damage|p2a: Ferroseed|31/100 brn
|-damage|p1a: Kangaskhan|88/100|[from] ability: Iron Barbs|[of] p2a: Ferroseed
|
|-damage|p2a: Ferroseed|24/100 brn|[from] brn
|upkeep
|turn|9
|
|t:|1602383275
|switch|p1a: Ferroseed|Ferroseed, M|100/100
|-damage|p1a: Ferroseed|94/100|[from] Stealth Rock
|switch|p2a: Cramorant|Cramorant, F|100/100
|
|upkeep
|turn|10
|
|t:|1602383280
|move|p2a: Cramorant|Hurricane|p1a: Ferroseed
|-damage|p1a: Ferroseed|40/100
|move|p1a: Ferroseed|Leech Seed|p2a: Cramorant
|-start|p2a: Cramorant|move: Leech Seed
|
|-damage|p2a: Cramorant|88/100|[from] Leech Seed|[of] p1a: Ferroseed
|-heal|p1a: Ferroseed|52/100|[silent]
|upkeep
|turn|11
|
|t:|1602383291
|switch|p2a: Liepard|Liepard, F|88/100
|-damage|p2a: Liepard|76/100|[from] Stealth Rock
|move|p1a: Ferroseed|Protect||[still]
|-fail|p1a: Ferroseed
|
|upkeep
|turn|12
|
|t:|1602383296
|move|p2a: Liepard|Encore|p1a: Ferroseed
|-start|p1a: Ferroseed|Encore
|move|p1a: Ferroseed|Protect||[still]
|-fail|p1a: Ferroseed
|
|upkeep
|turn|13
|
|t:|1602383302
|switch|p2a: Alcremie|Alcremie, F|82/100
|-damage|p2a: Alcremie|70/100|[from] Stealth Rock
|switch|p1a: Alcremie|Alcremie-Lemon-Cream, F|100/100
|-damage|p1a: Alcremie|88/100|[from] Stealth Rock
|
|-heal|p2a: Alcremie|76/100|[from] item: Leftovers
|upkeep
|turn|14
|
|t:|1602383311
|switch|p1a: Kangaskhan|Kangaskhan, F|88/100
|switch|p2a: Jolteon|Jolteon, M|100/100
|-damage|p2a: Jolteon|88/100|[from] Stealth Rock
|-item|p2a: Jolteon|Air Balloon
|
|upkeep
|turn|15
|
|t:|1602383315
|move|p2a: Jolteon|Protect|p2a: Jolteon
|-singleturn|p2a: Jolteon|Protect
|move|p1a: Kangaskhan|Fake Out|p2a: Jolteon
|-activate|p2a: Jolteon|move: Protect
|
|upkeep
|turn|16
|
|t:|1602383321
|switch|p1a: Ferroseed|Ferroseed, M|52/100
|-damage|p1a: Ferroseed|46/100|[from] Stealth Rock
|move|p2a: Jolteon|Volt Switch|p1a: Ferroseed
|-resisted|p1a: Ferroseed
|-damage|p1a: Ferroseed|28/100
|
|t:|1602383328
|switch|p2a: Alcremie|Alcremie, F|76/100|[from]move: Volt Switch
|-damage|p2a: Alcremie|64/100|[from] Stealth Rock
|
|-heal|p2a: Alcremie|70/100|[from] item: Leftovers
|upkeep
|turn|17
|
|t:|1602383337
|switch|p1a: Corsola|Corsola-Galar, F|80/100
|-damage|p1a: Corsola|67/100|[from] Stealth Rock
|move|p2a: Alcremie|Mystical Fire|p1a: Corsola
|-damage|p1a: Corsola|55/100
|-unboost|p1a: Corsola|spa|1
|
|-heal|p2a: Alcremie|76/100|[from] item: Leftovers
|upkeep
|turn|18
|
|t:|1602383347
|move|p2a: Alcremie|Calm Mind|p2a: Alcremie
|-boost|p2a: Alcremie|spa|1
|-boost|p2a: Alcremie|spd|1
|move|p1a: Corsola|Strength Sap|p2a: Alcremie
|-unboost|p2a: Alcremie|atk|1
|-heal|p1a: Corsola|89/100
|
|-heal|p2a: Alcremie|82/100|[from] item: Leftovers
|upkeep
|turn|19
|
|t:|1602383352
|move|p2a: Alcremie|Draining Kiss|p1a: Corsola
|-damage|p1a: Corsola|70/100
|-heal|p2a: Alcremie|98/100|[from] drain|[of] p1a: Corsola
|move|p1a: Corsola|Will-O-Wisp|p2a: Alcremie
|-status|p2a: Alcremie|brn
|
|-heal|p2a: Alcremie|100/100 brn|[from] item: Leftovers
|-damage|p2a: Alcremie|94/100 brn|[from] brn
|upkeep
|turn|20
|
|t:|1602383359
|move|p2a: Alcremie|Calm Mind|p2a: Alcremie
|-boost|p2a: Alcremie|spa|1
|-boost|p2a: Alcremie|spd|1
|move|p1a: Corsola|Night Shade|p2a: Alcremie
|-damage|p2a: Alcremie|62/100 brn
|
|-heal|p2a: Alcremie|68/100 brn|[from] item: Leftovers
|-damage|p2a: Alcremie|62/100 brn|[from] brn
|upkeep
|turn|21
|
|t:|1602383366
|move|p2a: Alcremie|Draining Kiss|p1a: Corsola
|-damage|p1a: Corsola|46/100
|-heal|p2a: Alcremie|80/100 brn|[from] drain|[of] p1a: Corsola
|move|p1a: Corsola|Night Shade|p2a: Alcremie
|-damage|p2a: Alcremie|48/100 brn
|
|-heal|p2a: Alcremie|54/100 brn|[from] item: Leftovers
|-damage|p2a: Alcremie|48/100 brn|[from] brn
|upkeep
|turn|22
|
|t:|1602383371
|switch|p1a: Ferroseed|Ferroseed, M|28/100
|-damage|p1a: Ferroseed|21/100|[from] Stealth Rock
|move|p2a: Alcremie|Substitute|p2a: Alcremie
|-start|p2a: Alcremie|Substitute
|-damage|p2a: Alcremie|23/100 brn
|
|-heal|p2a: Alcremie|29/100 brn|[from] item: Leftovers
|-damage|p2a: Alcremie|23/100 brn|[from] brn
|upkeep
|turn|23
|
|t:|1602383376
|move|p1a: Ferroseed|Protect|p1a: Ferroseed
|-singleturn|p1a: Ferroseed|Protect
|move|p2a: Alcremie|Mystical Fire|p1a: Ferroseed
|-activate|p1a: Ferroseed|move: Protect
|
|-heal|p2a: Alcremie|29/100 brn|[from] item: Leftovers
|-damage|p2a: Alcremie|23/100 brn|[from] brn
|upkeep
|turn|24
|
|t:|1602383381
|move|p2a: Alcremie|Mystical Fire|p1a: Ferroseed
|-supereffective|p1a: Ferroseed
|-damage|p1a: Ferroseed|0 fnt
|faint|p1a: Ferroseed
|
|-heal|p2a: Alcremie|29/100 brn|[from] item: Leftovers
|-damage|p2a: Alcremie|23/100 brn|[from] brn
|upkeep
|
|t:|1602383383
|switch|p1a: Golduck|Golduck, M|100/100
|-damage|p1a: Golduck|88/100|[from] Stealth Rock
|-ability|p1a: Golduck|Cloud Nine
|turn|25
|
|t:|1602383385
|move|p1a: Golduck|Flip Turn|p2a: Alcremie
|-activate|p2a: Alcremie|move: Substitute|[damage]
|
|t:|1602383388
|switch|p1a: Corsola|Corsola-Galar, F|46/100|[from]move: Flip Turn
|-damage|p1a: Corsola|34/100|[from] Stealth Rock
|move|p2a: Alcremie|Draining Kiss|p1a: Corsola
|-damage|p1a: Corsola|6/100
|-heal|p2a: Alcremie|45/100 brn|[from] drain|[of] p1a: Corsola
|
|-heal|p2a: Alcremie|51/100 brn|[from] item: Leftovers
|-damage|p2a: Alcremie|45/100 brn|[from] brn
|upkeep
|turn|26
|
|t:|1602383391
|move|p2a: Alcremie|Draining Kiss|p1a: Corsola
|-damage|p1a: Corsola|0 fnt
|-heal|p2a: Alcremie|50/100 brn|[from] drain|[of] p1a: Corsola
|faint|p1a: Corsola
|
|-heal|p2a: Alcremie|56/100 brn|[from] item: Leftovers
|-damage|p2a: Alcremie|50/100 brn|[from] brn
|upkeep
|
|t:|1602383394
|switch|p1a: Kangaskhan|Kangaskhan, F|88/100
|turn|27
|
|t:|1602383398
|move|p1a: Kangaskhan|Fake Out|p2a: Alcremie
|-end|p2a: Alcremie|Substitute
|move|p2a: Alcremie|Draining Kiss|p1a: Kangaskhan
|-damage|p1a: Kangaskhan|31/100
|-heal|p2a: Alcremie|99/100 brn|[from] drain|[of] p1a: Kangaskhan
|
|-heal|p2a: Alcremie|100/100 brn|[from] item: Leftovers
|-damage|p2a: Alcremie|94/100 brn|[from] brn
|upkeep
|turn|28
|
|t:|1602383404
|switch|p2a: Ferroseed|Ferroseed, F|24/100 brn
|-damage|p2a: Ferroseed|18/100 brn|[from] Stealth Rock
|move|p1a: Kangaskhan|Double-Edge|p2a: Ferroseed
|-resisted|p2a: Ferroseed
|-damage|p2a: Ferroseed|0 fnt
|-damage|p1a: Kangaskhan|19/100|[from] ability: Iron Barbs|[of] p2a: Ferroseed
|-damage|p1a: Kangaskhan|14/100|[from] Recoil
|faint|p2a: Ferroseed
|
|upkeep
|
|t:|1602383411
|switch|p2a: Liepard|Liepard, F|76/100
|-damage|p2a: Liepard|64/100|[from] Stealth Rock
|turn|29
|
|t:|1602383415
|move|p2a: Liepard|Knock Off|p1a: Kangaskhan
|-damage|p1a: Kangaskhan|0 fnt
|-enditem|p1a: Kangaskhan|Heavy-Duty Boots|[from] move: Knock Off|[of] p2a: Liepard
|faint|p1a: Kangaskhan
|
|upkeep
|
|t:|1602383416
|switch|p1a: Alcremie|Alcremie-Lemon-Cream, F|88/100
|-damage|p1a: Alcremie|76/100|[from] Stealth Rock
|turn|30
|
|t:|1602383419
|move|p2a: Liepard|Knock Off|p1a: Alcremie
|-resisted|p1a: Alcremie
|-damage|p1a: Alcremie|44/100
|-enditem|p1a: Alcremie|Metronome|[from] move: Knock Off|[of] p2a: Liepard
|move|p1a: Alcremie|Calm Mind|p1a: Alcremie
|-boost|p1a: Alcremie|spa|1
|-boost|p1a: Alcremie|spd|1
|
|upkeep
|turn|31
|
|t:|1602383424
|move|p2a: Liepard|U-turn|p1a: Alcremie
|-resisted|p1a: Alcremie
|-damage|p1a: Alcremie|32/100
|
|t:|1602383426
|switch|p2a: Jolteon|Jolteon, M|88/100|[from]move: U-turn
|-damage|p2a: Jolteon|76/100|[from] Stealth Rock
|-item|p2a: Jolteon|Air Balloon
|move|p1a: Alcremie|Substitute|p1a: Alcremie
|-start|p1a: Alcremie|Substitute
|-damage|p1a: Alcremie|7/100
|
|upkeep
|turn|32
|
|t:|1602383430
|move|p2a: Jolteon|Volt Switch|p1a: Alcremie
|-activate|p1a: Alcremie|move: Substitute|[damage]
|
|t:|1602383433
|switch|p2a: Dusknoir|Dusknoir, M|100/100|[from]move: Volt Switch
|-damage|p2a: Dusknoir|88/100|[from] Stealth Rock
|move|p1a: Alcremie|Draining Kiss|p2a: Dusknoir
|-damage|p2a: Dusknoir|71/100
|-heal|p1a: Alcremie|19/100|[from] drain|[of] p2a: Dusknoir
|
|upkeep
|turn|33
|
|t:|1602383437
|move|p1a: Alcremie|Draining Kiss|p2a: Dusknoir
|-damage|p2a: Dusknoir|54/100
|-heal|p1a: Alcremie|30/100|[from] drain|[of] p2a: Dusknoir
|move|p2a: Dusknoir|Power-Up Punch|p1a: Alcremie
|-resisted|p1a: Alcremie
|-activate|p1a: Alcremie|move: Substitute|[damage]
|-boost|p2a: Dusknoir|atk|1
|
|upkeep
|turn|34
|
|t:|1602383442
|move|p1a: Alcremie|Draining Kiss|p2a: Dusknoir
|-damage|p2a: Dusknoir|38/100
|-heal|p1a: Alcremie|40/100|[from] drain|[of] p2a: Dusknoir
|move|p2a: Dusknoir|Power-Up Punch|p1a: Alcremie
|-resisted|p1a: Alcremie
|-end|p1a: Alcremie|Substitute
|-boost|p2a: Dusknoir|atk|1
|
|upkeep
|turn|35
|
|t:|1602383445
|move|p2a: Dusknoir|Shadow Sneak|p1a: Alcremie
|-damage|p1a: Alcremie|0 fnt
|faint|p1a: Alcremie
|
|upkeep
|
|t:|1602383449
|switch|p1a: Morpeko|Morpeko, F|100/100
|turn|36
|
|t:|1602383454
|switch|p2a: Jolteon|Jolteon, M|76/100
|-damage|p2a: Jolteon|64/100|[from] Stealth Rock
|-item|p2a: Jolteon|Air Balloon
|move|p1a: Morpeko|Aura Wheel|p2a: Jolteon
|-heal|p2a: Jolteon|89/100|[from] ability: Volt Absorb|[of] p1a: Morpeko
|
|-formechange|p1a: Morpeko|Morpeko-Hangry||[from] ability: Hunger Switch
|upkeep
|turn|37
|
|t:|1602383460
|move|p2a: Jolteon|Protect|p2a: Jolteon
|-singleturn|p2a: Jolteon|Protect
|move|p1a: Morpeko|Aura Wheel|p2a: Jolteon
|-activate|p2a: Jolteon|move: Protect
|
|-formechange|p1a: Morpeko|Morpeko||[from] ability: Hunger Switch
|upkeep
|turn|38
|
|t:|1602383463
|move|p2a: Jolteon|Toxic|p1a: Morpeko
|-status|p1a: Morpeko|tox
|move|p1a: Morpeko|Rapid Spin|p2a: Jolteon
|-damage|p2a: Jolteon|66/100
|-boost|p1a: Morpeko|spe|1
|-enditem|p2a: Jolteon|Air Balloon
|-sideend|p1: allstarapology|Stealth Rock|[from] move: Rapid Spin|[of] p1a: Morpeko
|
|-damage|p1a: Morpeko|94/100 tox|[from] psn
|-formechange|p1a: Morpeko|Morpeko-Hangry||[from] ability: Hunger Switch
|upkeep
|turn|39
|-message|allstarapology forfeited.
|
|win|Iprocrastinatealot
|l|☆allstarapology
|raw|allstarapology's rating: 1545 &rarr; <strong>1515</strong><br />(-30 for losing)
|raw|Iprocrastinatealot's rating: 1350 &rarr; <strong>1380</strong><br />(+30 for winning)
