|j|☆PU Rules
|j|☆JoJo Reference #11
|t:|1666312755
|gametype|singles
|player|p1|PU Rules|gentleman-gen4|1132
|player|p2|JoJo Reference #11|2|1304
|teamsize|p1|6
|teamsize|p2|6
|gen|8
|tier|[Gen 8] PU
|rated|
|rule|Sleep Clause Mod: Limit one foe put to sleep
|rule|Species Clause: Limit one of each Pokémon
|rule|OHKO Clause: OHKO moves are banned
|rule|Evasion Items Clause: Evasion items are banned
|rule|Evasion Moves Clause: Evasion moves are banned
|rule|Endless Battle Clause: Forcing endless battles is banned
|rule|HP Percentage Mod: HP is shown in percentages
|rule|Dynamax Clause: You cannot dynamax
|clearpoke
|poke|p1|Silvally-*|
|poke|p1|Gourgeist-*, M|
|poke|p1|Sudowoodo, F|
|poke|p1|Politoed, F|
|poke|p1|Seaking, F|
|poke|p1|Corsola, F|
|poke|p2|Qwilfish, F|
|poke|p2|Meowstic, M|
|poke|p2|Jolteon, M|
|poke|p2|Kabutops, M|
|poke|p2|Sableye, M|
|poke|p2|Articuno-Galar|
|teampreview
|c|☆PU Rules|gl
|c|☆JoJo Reference #11|gl
|
|t:|1666312778
|start
|switch|p1a: Sudowoodo|Sudowoodo, F|100/100
|switch|p2a: Qwilfish|Qwilfish, F|100/100
|turn|1
|
|t:|1666312790
|move|p2a: Qwilfish|Liquidation|p1a: Sudowoodo
|-supereffective|p1a: Sudowoodo
|-damage|p1a: Sudowoodo|25/100
|move|p1a: Sudowoodo|Wood Hammer|p2a: Qwilfish
|-damage|p2a: Qwilfish|23/100
|-damage|p1a: Sudowoodo|15/100|[from] item: Life Orb
|
|upkeep
|turn|2
|
|t:|1666312806
|move|p2a: Qwilfish|Spikes|p1a: Sudowoodo
|-sidestart|p1: PU Rules|Spikes
|move|p1a: Sudowoodo|Wood Hammer|p2a: Qwilfish
|-damage|p2a: Qwilfish|0 fnt
|faint|p2a: Qwilfish
|-damage|p1a: Sudowoodo|5/100|[from] item: Life Orb
|
|upkeep
|
|t:|1666312822
|switch|p2a: Kabutops|Kabutops, M|100/100
|turn|3
|
|t:|1666312825
|move|p2a: Kabutops|Flip Turn|p1a: Sudowoodo
|-supereffective|p1a: Sudowoodo
|-damage|p1a: Sudowoodo|0 fnt
|faint|p1a: Sudowoodo
|
|t:|1666312828
|switch|p2a: Sableye|Sableye, M|100/100|[from]move: Flip Turn
|
|upkeep
|inactive|Battle timer is ON: inactive players will automatically lose when time's up. (requested by JoJo Reference #11)
|
|t:|1666312851
|switch|p1a: Silvally|Silvally-Ice|100/100
|-damage|p1a: Silvally|88/100|[from] Spikes
|turn|4
|
|t:|1666312854
|move|p1a: Silvally|Multi-Attack|p2a: Sableye
|-damage|p2a: Sableye|52/100
|move|p2a: Sableye|Will-O-Wisp|p1a: Silvally
|-status|p1a: Silvally|brn
|
|-damage|p1a: Silvally|82/100 brn|[from] brn
|upkeep
|turn|5
|
|t:|1666312857
|move|p1a: Silvally|U-turn|p2a: Sableye
|-damage|p2a: Sableye|41/100
|
|t:|1666312865
|switch|p1a: Politoed|Politoed, F|100/100|[from]move: U-turn
|-damage|p1a: Politoed|88/100|[from] Spikes
|move|p2a: Sableye|Recover|p2a: Sableye
|-heal|p2a: Sableye|92/100
|
|-heal|p1a: Politoed|94/100|[from] item: Leftovers
|upkeep
|turn|6
|
|t:|1666312870
|move|p1a: Politoed|Mimic|p2a: Sableye
|-start|p1a: Politoed|Mimic|Recover
|move|p2a: Sableye|Encore||[still]
|-fail|p2a: Sableye
|
|-heal|p1a: Politoed|100/100|[from] item: Leftovers
|upkeep
|turn|7
|
|t:|1666312895
|move|p1a: Politoed|Surf|p2a: Sableye
|-damage|p2a: Sableye|29/100
|move|p2a: Sableye|Will-O-Wisp|p1a: Politoed
|-status|p1a: Politoed|brn
|
|-damage|p1a: Politoed|94/100 brn|[from] brn
|upkeep
|turn|8
|
|t:|1666312911
|switch|p2a: Articuno|Articuno-Galar|100/100
|move|p1a: Politoed|Surf|p2a: Articuno
|-damage|p2a: Articuno|61/100
|
|-heal|p1a: Politoed|100/100 brn|[from] item: Leftovers
|-damage|p1a: Politoed|94/100 brn|[from] brn
|upkeep
|turn|9
|
|t:|1666312916
|move|p2a: Articuno|Recover|p2a: Articuno
|-heal|p2a: Articuno|100/100
|move|p1a: Politoed|Ice Beam|p2a: Articuno
|-supereffective|p2a: Articuno
|-damage|p2a: Articuno|45/100
|-status|p2a: Articuno|frz
|
|-heal|p1a: Politoed|100/100 brn|[from] item: Leftovers
|-damage|p1a: Politoed|94/100 brn|[from] brn
|upkeep
|turn|10
|
|t:|1666312923
|cant|p2a: Articuno|frz
|move|p1a: Politoed|Surf|p2a: Articuno
|-damage|p2a: Articuno|5/100 frz
|
|-heal|p1a: Politoed|100/100 brn|[from] item: Leftovers
|-damage|p1a: Politoed|94/100 brn|[from] brn
|upkeep
|turn|11
|
|t:|1666312925
|cant|p2a: Articuno|frz
|move|p1a: Politoed|Surf|p2a: Articuno
|-damage|p2a: Articuno|0 fnt
|faint|p2a: Articuno
|
|-heal|p1a: Politoed|100/100 brn|[from] item: Leftovers
|-damage|p1a: Politoed|94/100 brn|[from] brn
|upkeep
|
|t:|1666312927
|switch|p2a: Jolteon|Jolteon, M|100/100
|turn|12
|
|t:|1666312930
|switch|p1a: Seaking|Seaking, F|100/100
|-damage|p1a: Seaking|88/100|[from] Spikes
|move|p2a: Jolteon|Volt Switch|p1a: Seaking
|-ability|p1a: Seaking|Lightning Rod|boost
|-boost|p1a: Seaking|spa|1
|
|upkeep
|turn|13
|
|t:|1666312936
|move|p2a: Jolteon|Shadow Ball|p1a: Seaking
|-damage|p1a: Seaking|60/100
|move|p1a: Seaking|Megahorn|p2a: Jolteon|[miss]
|-miss|p1a: Seaking|p2a: Jolteon
|
|upkeep
|turn|14
|
|t:|1666312941
|switch|p2a: Sableye|Sableye, M|29/100
|move|p1a: Seaking|Megahorn|p2a: Sableye
|-damage|p2a: Sableye|0 fnt
|faint|p2a: Sableye
|
|upkeep
|
|t:|1666312942
|switch|p2a: Meowstic|Meowstic, M|100/100
|turn|15
|
|t:|1666312945
|move|p2a: Meowstic|Rain Dance|p2a: Meowstic
|-weather|RainDance
|move|p1a: Seaking|Megahorn|p2a: Meowstic
|-supereffective|p2a: Meowstic
|-damage|p2a: Meowstic|6/100
|
|-weather|RainDance|[upkeep]
|upkeep
|turn|16
|
|t:|1666312950
|move|p2a: Meowstic|Thunder Wave|p1a: Seaking
|-ability|p1a: Seaking|Lightning Rod|boost
|-boost|p1a: Seaking|spa|1
|move|p1a: Seaking|Megahorn|p2a: Meowstic
|-supereffective|p2a: Meowstic
|-damage|p2a: Meowstic|0 fnt
|faint|p2a: Meowstic
|
|-weather|RainDance|[upkeep]
|upkeep
|
|t:|1666312952
|switch|p2a: Kabutops|Kabutops, M|100/100
|turn|17
|
|t:|1666312957
|switch|p1a: Corsola|Corsola, F|100/100
|-damage|p1a: Corsola|88/100|[from] Spikes
|move|p2a: Kabutops|Swords Dance|p2a: Kabutops
|-boost|p2a: Kabutops|atk|2
|
|-weather|RainDance|[upkeep]
|upkeep
|turn|18
|
|t:|1666312961
|move|p2a: Kabutops|Liquidation|p1a: Corsola
|-damage|p1a: Corsola|0 fnt
|faint|p1a: Corsola
|
|-weather|RainDance|[upkeep]
|upkeep
|
|t:|1666312973
|switch|p1a: Gourgeist|Gourgeist-Large, M|100/100
|-damage|p1a: Gourgeist|88/100|[from] Spikes
|-item|p2a: Kabutops|Heavy-Duty Boots|[from] ability: Frisk|[of] p1a: Gourgeist|[identify]
|turn|19
|
|t:|1666312977
|move|p2a: Kabutops|Stone Edge|p1a: Gourgeist
|-damage|p1a: Gourgeist|24/100
|move|p1a: Gourgeist|Substitute|p1a: Gourgeist
|-fail|p1a: Gourgeist|move: Substitute|[weak]
|
|-weather|RainDance|[upkeep]
|-heal|p1a: Gourgeist|30/100|[from] item: Leftovers
|upkeep
|turn|20
|
|t:|1666312982
|move|p2a: Kabutops|Liquidation|p1a: Gourgeist
|-resisted|p1a: Gourgeist
|-damage|p1a: Gourgeist|0 fnt
|faint|p1a: Gourgeist
|
|-weather|RainDance|[upkeep]
|upkeep
|
|t:|1666313000
|switch|p1a: Silvally|Silvally-Ice|82/100 brn
|-damage|p1a: Silvally|70/100 brn|[from] Spikes
|turn|21
|
|t:|1666313006
|switch|p1a: Politoed|Politoed, F|94/100 brn
|-damage|p1a: Politoed|82/100 brn|[from] Spikes
|move|p2a: Kabutops|Liquidation|p1a: Politoed
|-heal|p1a: Politoed|100/100 brn|[from] ability: Water Absorb|[of] p2a: Kabutops
|
|-weather|RainDance|[upkeep]
|-damage|p1a: Politoed|94/100 brn|[from] brn
|upkeep
|turn|22
|
|t:|1666313018
|move|p2a: Kabutops|Stone Edge|p1a: Politoed
|-damage|p1a: Politoed|0 fnt
|faint|p1a: Politoed
|
|-weather|none
|upkeep
|
|t:|1666313022
|switch|p1a: Seaking|Seaking, F|60/100
|-damage|p1a: Seaking|48/100|[from] Spikes
|turn|23
|
|t:|1666313024
|move|p2a: Kabutops|Stone Edge|p1a: Seaking|[miss]
|-miss|p2a: Kabutops|p1a: Seaking
|move|p1a: Seaking|Flip Turn|p2a: Kabutops
|-damage|p2a: Kabutops|45/100
|
|t:|1666313030
|switch|p1a: Silvally|Silvally-Ice|70/100 brn|[from]move: Flip Turn
|-damage|p1a: Silvally|57/100 brn|[from] Spikes
|
|-damage|p1a: Silvally|51/100 brn|[from] brn
|upkeep
|turn|24
|
|t:|1666313032
|move|p1a: Silvally|Explosion|p2a: Kabutops
|-resisted|p2a: Kabutops
|-damage|p2a: Kabutops|22/100
|faint|p1a: Silvally
|move|p2a: Kabutops|Liquidation|p1: Silvally|[notarget]
|-fail|p2a: Kabutops
|
|upkeep
|
|t:|1666313040
|switch|p1a: Seaking|Seaking, F|48/100
|-damage|p1a: Seaking|36/100|[from] Spikes
|turn|25
|
|t:|1666313042
|move|p2a: Kabutops|Liquidation|p1a: Seaking
|-resisted|p1a: Seaking
|-damage|p1a: Seaking|0 fnt
|faint|p1a: Seaking
|
|win|JoJo Reference #11
|raw|PU Rules's rating: 1132 &rarr; <strong>1118</strong><br />(-14 for losing)
|raw|JoJo Reference #11's rating: 1304 &rarr; <strong>1315</strong><br />(+11 for winning)
|c|☆PU Rules|gg
|c|☆JoJo Reference #11|gg
