|j|☆zoowi
|j|☆yassy slay
|t:|1659196256
|gametype|singles
|player|p1|zoowi|burglar-gen2|1442
|player|p2|yassy slay|clown|1537
|teamsize|p1|6
|teamsize|p2|6
|gen|8
|tier|[Gen 8] PU
|rated|
|rule|Sleep Clause Mod: Limit one foe put to sleep
|rule|Species Clause: Limit one of each Pokémon
|rule|OHKO Clause: OHKO moves are banned
|rule|Evasion Moves Clause: Evasion moves are banned
|rule|Endless Battle Clause: Forcing endless battles is banned
|rule|HP Percentage Mod: HP is shown in percentages
|rule|Dynamax Clause: You cannot dynamax
|clearpoke
|poke|p1|Mr. Rime, F|
|poke|p1|Articuno-Galar|
|poke|p1|Mesprit|
|poke|p1|Kadabra, M|
|poke|p1|Ditto|
|poke|p1|Uxie|
|poke|p2|Stunfisk-Galar, M|
|poke|p2|Cryogonal|
|poke|p2|Flapple, M|
|poke|p2|Wishiwashi, M|
|poke|p2|Gourgeist-*, F|
|poke|p2|Comfey, M|
|teampreview
|
|t:|1659196292
|start
|switch|p1a: Mr. Rime|Mr. Rime, F|100/100
|switch|p2a: Gourgeist|Gourgeist-Small, F|100/100
|-item|p1a: Mr. Rime|Heavy-Duty Boots|[from] ability: Frisk|[of] p2a: Gourgeist|[identify]
|turn|1
|
|t:|1659196302
|move|p2a: Gourgeist|Poltergeist|p1a: Mr. Rime
|-activate|p1a: Mr. Rime|move: Poltergeist|Heavy-Duty Boots
|-supereffective|p1a: Mr. Rime
|-damage|p1a: Mr. Rime|0 fnt
|faint|p1a: Mr. Rime
|
|upkeep
|
|t:|1659196307
|switch|p1a: Mesprit|Mesprit|100/100
|turn|2
|
|t:|1659196311
|switch|p2a: Stunfisk|Stunfisk-Galar, M|100/100
|move|p1a: Mesprit|Nasty Plot|p1a: Mesprit
|-boost|p1a: Mesprit|spa|2
|
|upkeep
|turn|3
|
|t:|1659196317
|move|p1a: Mesprit|Shadow Ball|p2a: Stunfisk
|-damage|p2a: Stunfisk|54/100
|move|p2a: Stunfisk|Foul Play|p1a: Mesprit
|-supereffective|p1a: Mesprit
|-damage|p1a: Mesprit|61/100
|
|-heal|p2a: Stunfisk|60/100|[from] item: Leftovers
|upkeep
|turn|4
|
|t:|1659196338
|move|p1a: Mesprit|Shadow Ball|p2a: Stunfisk
|-damage|p2a: Stunfisk|15/100
|move|p2a: Stunfisk|Foul Play|p1a: Mesprit
|-supereffective|p1a: Mesprit
|-damage|p1a: Mesprit|21/100
|
|-heal|p2a: Stunfisk|21/100|[from] item: Leftovers
|upkeep
|turn|5
|
|t:|1659196340
|move|p1a: Mesprit|Psyshock|p2a: Stunfisk
|-resisted|p2a: Stunfisk
|-crit|p2a: Stunfisk
|-damage|p2a: Stunfisk|0 fnt
|faint|p2a: Stunfisk
|
|upkeep
|
|t:|1659196343
|switch|p2a: Gourgeist|Gourgeist-Small, F|100/100
|turn|6
|
|t:|1659196348
|move|p2a: Gourgeist|Power Whip|p1a: Mesprit
|-damage|p1a: Mesprit|0 fnt
|faint|p1a: Mesprit
|
|upkeep
|
|t:|1659196361
|switch|p1a: Articuno|Articuno-Galar|100/100
|turn|7
|
|t:|1659196369
|switch|p2a: Cryogonal|Cryogonal|100/100
|move|p1a: Articuno|Calm Mind|p1a: Articuno
|-boost|p1a: Articuno|spa|1
|-boost|p1a: Articuno|spd|1
|
|upkeep
|turn|8
|
|t:|1659196373
|move|p2a: Cryogonal|Toxic|p1a: Articuno
|-status|p1a: Articuno|tox
|move|p1a: Articuno|Calm Mind|p1a: Articuno
|-boost|p1a: Articuno|spa|1
|-boost|p1a: Articuno|spd|1
|
|-damage|p1a: Articuno|94/100 tox|[from] psn
|upkeep
|turn|9
|
|t:|1659196379
|move|p2a: Cryogonal|Freeze-Dry|p1a: Articuno
|-supereffective|p1a: Articuno
|-damage|p1a: Articuno|62/100 tox
|move|p1a: Articuno|Freezing Glare|p2a: Cryogonal
|-damage|p2a: Cryogonal|14/100
|
|-damage|p1a: Articuno|50/100 tox|[from] psn
|upkeep
|turn|10
|
|t:|1659196382
|move|p2a: Cryogonal|Freeze-Dry|p1a: Articuno
|-supereffective|p1a: Articuno
|-damage|p1a: Articuno|18/100 tox
|move|p1a: Articuno|Freezing Glare|p2a: Cryogonal
|-damage|p2a: Cryogonal|0 fnt
|faint|p2a: Cryogonal
|
|-damage|p1a: Articuno|0 fnt|[from] psn
|faint|p1a: Articuno
|upkeep
|
|t:|1659196391
|switch|p2a: Wishiwashi|Wishiwashi, M|100/100
|switch|p1a: Ditto|Ditto|100/100
|-transform|p1a: Ditto|p2a: Wishiwashi|[from] ability: Imposter
|-formechange|p2a: Wishiwashi|Wishiwashi-School||[from] ability: Schooling
|turn|11
|
|t:|1659196400
|move|p1a: Ditto|U-turn|p2a: Wishiwashi
|-damage|p2a: Wishiwashi|95/100
|
|t:|1659196401
|switch|p1a: Uxie|Uxie|100/100|[from]move: U-turn
|move|p2a: Wishiwashi|U-turn|p1a: Uxie
|-supereffective|p1a: Uxie
|-damage|p1a: Uxie|75/100
|-enditem|p1a: Uxie|Kee Berry|[eat]
|-boost|p1a: Uxie|def|1|[from] item: Kee Berry
|
|t:|1659196409
|switch|p2a: Flapple|Flapple, M|100/100|[from]move: U-turn
|
|upkeep
|turn|12
|
|t:|1659196413
|move|p2a: Flapple|Grav Apple|p1a: Uxie
|-damage|p1a: Uxie|52/100
|-unboost|p1a: Uxie|def|1
|move|p1a: Uxie|Calm Mind|p1a: Uxie
|-boost|p1a: Uxie|spa|1
|-boost|p1a: Uxie|spd|1
|
|upkeep
|turn|13
|
|t:|1659196416
|move|p2a: Flapple|Grav Apple|p1a: Uxie
|-damage|p1a: Uxie|13/100
|-unboost|p1a: Uxie|def|1
|move|p1a: Uxie|Draining Kiss|p2a: Flapple
|-supereffective|p2a: Flapple
|-damage|p2a: Flapple|48/100
|-heal|p1a: Uxie|45/100|[from] drain|[of] p2a: Flapple
|
|upkeep
|turn|14
|
|t:|1659196420
|move|p2a: Flapple|Grav Apple|p1a: Uxie|[miss]
|-miss|p2a: Flapple|p1a: Uxie
|move|p1a: Uxie|Draining Kiss|p2a: Flapple
|-supereffective|p2a: Flapple
|-damage|p2a: Flapple|2/100
|-heal|p1a: Uxie|73/100|[from] drain|[of] p2a: Flapple
|
|upkeep
|turn|15
|
|t:|1659196425
|switch|p1a: Ditto|Ditto|100/100
|-transform|p1a: Ditto|p2a: Flapple|[from] ability: Imposter
|move|p2a: Flapple|Outrage|p1a: Ditto
|-supereffective|p1a: Ditto
|-damage|p1a: Ditto|0 fnt
|faint|p1a: Ditto
|
|upkeep
|
|t:|1659196432
|switch|p1a: Kadabra|Kadabra, M|100/100
|turn|16
|
|t:|1659196437
|move|p1a: Kadabra|Psychic|p2a: Flapple
|-crit|p2a: Flapple
|-damage|p2a: Flapple|0 fnt
|faint|p2a: Flapple
|
|upkeep
|
|t:|1659196442
|switch|p2a: Wishiwashi|Wishiwashi, M|95/100
|-formechange|p2a: Wishiwashi|Wishiwashi-School||[from] ability: Schooling
|turn|17
|
|t:|1659196455
|switch|p1a: Uxie|Uxie|73/100
|move|p2a: Wishiwashi|U-turn|p1a: Uxie
|-supereffective|p1a: Uxie
|-damage|p1a: Uxie|49/100
|
|t:|1659196469
|switch|p2a: Comfey|Comfey, M|100/100|[from]move: U-turn
|
|upkeep
|turn|18
|
|t:|1659196472
|move|p1a: Uxie|Calm Mind|p1a: Uxie
|-boost|p1a: Uxie|spa|1
|-boost|p1a: Uxie|spd|1
|move|p2a: Comfey|Leech Seed|p1a: Uxie
|-start|p1a: Uxie|move: Leech Seed
|
|-damage|p1a: Uxie|36/100|[from] Leech Seed|[of] p2a: Comfey
|upkeep
|turn|19
|
|t:|1659196475
|move|p1a: Uxie|Calm Mind|p1a: Uxie
|-boost|p1a: Uxie|spa|1
|-boost|p1a: Uxie|spd|1
|move|p2a: Comfey|U-turn|p1a: Uxie
|-supereffective|p1a: Uxie
|-damage|p1a: Uxie|26/100
|
|t:|1659196477
|switch|p2a: Gourgeist|Gourgeist-Small, F|100/100|[from]move: U-turn
|
|-damage|p1a: Uxie|14/100|[from] Leech Seed|[of] p2a: Gourgeist
|upkeep
|turn|20
|
|t:|1659196485
|move|p2a: Gourgeist|Power Whip|p1a: Uxie
|-damage|p1a: Uxie|0 fnt
|faint|p1a: Uxie
|
|upkeep
|
|t:|1659196487
|switch|p1a: Kadabra|Kadabra, M|100/100
|turn|21
|
|t:|1659196489
|move|p2a: Gourgeist|Power Whip|p1a: Kadabra|[miss]
|-miss|p2a: Gourgeist|p1a: Kadabra
|move|p1a: Kadabra|Shadow Ball|p2a: Gourgeist
|-supereffective|p2a: Gourgeist
|-damage|p2a: Gourgeist|17/100
|-unboost|p2a: Gourgeist|spd|1
|
|upkeep
|turn|22
|
|t:|1659196492
|move|p2a: Gourgeist|Power Whip|p1a: Kadabra
|-enditem|p1a: Kadabra|Focus Sash
|-damage|p1a: Kadabra|1/100
|move|p1a: Kadabra|Shadow Ball|p2a: Gourgeist
|-supereffective|p2a: Gourgeist
|-damage|p2a: Gourgeist|0 fnt
|faint|p2a: Gourgeist
|
|upkeep
|
|t:|1659196495
|switch|p2a: Wishiwashi|Wishiwashi, M|95/100
|-formechange|p2a: Wishiwashi|Wishiwashi-School||[from] ability: Schooling
|turn|23
|
|t:|1659196497
|move|p1a: Kadabra|Energy Ball|p2a: Wishiwashi
|-supereffective|p2a: Wishiwashi
|-damage|p2a: Wishiwashi|51/100
|move|p2a: Wishiwashi|U-turn|p1a: Kadabra
|-supereffective|p1a: Kadabra
|-damage|p1a: Kadabra|0 fnt
|faint|p1a: Kadabra
|
|win|yassy slay
|raw|zoowi's rating: 1442 &rarr; <strong>1427</strong><br />(-15 for losing)
|raw|yassy slay's rating: 1537 &rarr; <strong>1552</strong><br />(+15 for winning)
|l|☆zoowi
