|j|☆Silver428
|j|☆Persona111
|t:|1651132389
|gametype|singles
|player|p1|Silver428|101|1439
|player|p2|Persona111|sisandbro|1487
|teamsize|p1|6
|teamsize|p2|6
|gen|8
|tier|[Gen 8] PU
|rated|
|rule|Sleep Clause Mod: Limit one foe put to sleep
|rule|Species Clause: Limit one of each Pokémon
|rule|OHKO Clause: OHKO moves are banned
|rule|Evasion Moves Clause: Evasion moves are banned
|rule|Endless Battle Clause: Forcing endless battles is banned
|rule|HP Percentage Mod: HP is shown in percentages
|rule|Dynamax Clause: You cannot dynamax
|clearpoke
|poke|p1|Articuno-Galar|
|poke|p1|Scrafty, F|
|poke|p1|Cofagrigus, F|
|poke|p1|Flareon, F|
|poke|p1|Togedemaru, F|
|poke|p1|Eldegoss, M|
|poke|p2|Kabutops, F|
|poke|p2|Vikavolt, F|
|poke|p2|Spiritomb, F|
|poke|p2|Regirock|
|poke|p2|Charizard, M|
|poke|p2|Perrserker, F|
|teampreview
|inactive|Battle timer is ON: inactive players will automatically lose when time's up. (requested by Silver428)
|
|t:|1651132445
|start
|switch|p1a: Togedemaru|Togedemaru, F|100/100
|switch|p2a: Tiagão|Vikavolt, F|100/100
|turn|1
|
|t:|1651132451
|move|p1a: Togedemaru|U-turn|p2a: Tiagão
|-damage|p2a: Tiagão|80/100
|
|t:|1651132455
|switch|p1a: Flareon|Flareon, F|100/100|[from]move: U-turn
|move|p2a: Tiagão|Bug Buzz|p1a: Flareon
|-resisted|p1a: Flareon
|-damage|p1a: Flareon|82/100
|
|upkeep
|turn|2
|
|t:|1651132480
|switch|p2a: Terezinha|Kabutops, F|100/100
|move|p1a: Flareon|Toxic|p2a: Terezinha
|-status|p2a: Terezinha|tox
|
|-damage|p2a: Terezinha|94/100 tox|[from] psn
|upkeep
|turn|3
|
|t:|1651132491
|switch|p2a: Catinha|Charizard, M|100/100
|switch|p1a: Scrafty|Scrafty, F|100/100
|
|upkeep
|turn|4
|
|t:|1651132502
|switch|p1a: Flareon|Flareon, F|82/100
|move|p2a: Catinha|Hurricane|p1a: Flareon
|-damage|p1a: Flareon|49/100
|
|upkeep
|turn|5
|inactive|Persona111 has 120 seconds left.
|
|t:|1651132556
|switch|p2a: Terezinha|Kabutops, F|94/100 tox
|move|p1a: Flareon|Wish|p1a: Flareon
|
|-damage|p2a: Terezinha|88/100 tox|[from] psn
|upkeep
|turn|6
|
|t:|1651132563
|move|p1a: Flareon|Protect|p1a: Flareon
|-singleturn|p1a: Flareon|Protect
|move|p2a: Terezinha|Stealth Rock|p1a: Flareon
|-sidestart|p1: Silver428|move: Stealth Rock
|
|-heal|p1a: Flareon|99/100|[from] move: Wish|[wisher] Flareon
|-damage|p2a: Terezinha|76/100 tox|[from] psn
|upkeep
|turn|7
|
|t:|1651132575
|switch|p2a: Catinha|Charizard, M|100/100
|switch|p1a: Eldegoss|Eldegoss, M|100/100
|
|upkeep
|turn|8
|
|t:|1651132583
|switch|p1a: Flareon|Flareon, F|99/100
|move|p2a: Catinha|Hurricane|p1a: Flareon
|-damage|p1a: Flareon|62/100
|-start|p1a: Flareon|confusion
|
|upkeep
|turn|9
|
|t:|1651132603
|switch|p2a: Maykola|Spiritomb, F|100/100
|switch|p1a: Togedemaru|Togedemaru, F|100/100
|-damage|p1a: Togedemaru|95/100|[from] Stealth Rock
|
|upkeep
|turn|10
|
|t:|1651132616
|switch|p2a: Marcão|Perrserker, F|100/100
|move|p1a: Togedemaru|U-turn|p2a: Marcão
|-resisted|p2a: Marcão
|-damage|p2a: Marcão|87/100
|
|t:|1651132624
|switch|p1a: Scrafty|Scrafty, F|100/100|[from]move: U-turn
|-damage|p1a: Scrafty|95/100|[from] Stealth Rock
|
|-heal|p1a: Scrafty|100/100|[from] item: Leftovers
|upkeep
|turn|11
|
|t:|1651132637
|move|p2a: Marcão|Close Combat|p1a: Scrafty
|-supereffective|p1a: Scrafty
|-damage|p1a: Scrafty|13/100
|-unboost|p2a: Marcão|def|1
|-unboost|p2a: Marcão|spd|1
|move|p1a: Scrafty|Knock Off|p2a: Marcão
|-damage|p2a: Marcão|35/100
|-enditem|p2a: Marcão|Choice Scarf|[from] move: Knock Off|[of] p1a: Scrafty
|
|-heal|p1a: Scrafty|19/100|[from] item: Leftovers
|upkeep
|turn|12
|
|t:|1651132662
|switch|p1a: Cofagrigus|Cofagrigus, F|100/100
|-damage|p1a: Cofagrigus|88/100|[from] Stealth Rock
|move|p2a: Marcão|Iron Head|p1a: Cofagrigus
|-damage|p1a: Cofagrigus|58/100
|-activate|p1a: Cofagrigus|ability: Mummy|Tough Claws|[of] p2a: Marcão
|
|-heal|p1a: Cofagrigus|64/100|[from] item: Leftovers
|upkeep
|turn|13
|inactive|Silver428 has 120 seconds left.
|
|t:|1651132682
|switch|p2a: Catinha|Charizard, M|100/100
|switch|p1a: Togedemaru|Togedemaru, F|95/100
|-damage|p1a: Togedemaru|89/100|[from] Stealth Rock
|
|upkeep
|turn|14
|
|t:|1651132695
|switch|p2a: Marcão|Perrserker, F|35/100
|move|p1a: Togedemaru|Zing Zap|p2a: Marcão
|-damage|p2a: Marcão|0 fnt
|faint|p2a: Marcão
|
|upkeep
|
|t:|1651132700
|switch|p2a: Tiagão|Vikavolt, F|80/100
|turn|15
|
|t:|1651132708
|move|p1a: Togedemaru|Zing Zap|p2a: Tiagão
|-resisted|p2a: Tiagão
|-damage|p2a: Tiagão|64/100
|cant|p2a: Tiagão|flinch
|
|upkeep
|turn|16
|
|t:|1651132719
|move|p1a: Togedemaru|Zing Zap|p2a: Tiagão
|-resisted|p2a: Tiagão
|-crit|p2a: Tiagão
|-damage|p2a: Tiagão|35/100
|move|p2a: Tiagão|Bug Buzz|p1a: Togedemaru
|-resisted|p1a: Togedemaru
|-damage|p1a: Togedemaru|42/100
|
|upkeep
|turn|17
|inactive|Persona111 has 120 seconds left.
|
|t:|1651132728
|switch|p1a: Flareon|Flareon, F|62/100
|move|p2a: Tiagão|Bug Buzz|p1a: Flareon
|-resisted|p1a: Flareon
|-damage|p1a: Flareon|45/100
|
|upkeep
|turn|18
|
|t:|1651132736
|move|p1a: Flareon|Wish|p1a: Flareon
|move|p2a: Tiagão|Volt Switch|p1a: Flareon
|-damage|p1a: Flareon|15/100
|inactive|Persona111 has 120 seconds left.
|
|t:|1651132766
|switch|p2a: Pedrão|Regirock|100/100|[from]move: Volt Switch
|
|upkeep
|turn|19
|
|t:|1651132771
|move|p1a: Flareon|Protect|p1a: Flareon
|-singleturn|p1a: Flareon|Protect
|move|p2a: Pedrão|Earthquake|p1a: Flareon
|-activate|p1a: Flareon|move: Protect
|
|-heal|p1a: Flareon|65/100|[from] move: Wish|[wisher] Flareon
|upkeep
|turn|20
|
|t:|1651132780
|switch|p1a: Eldegoss|Eldegoss, M|100/100
|move|p2a: Pedrão|Stone Edge|p1a: Eldegoss
|-damage|p1a: Eldegoss|63/100
|
|upkeep
|turn|21
|inactive|Persona111 has 120 seconds left.
|
|t:|1651132791
|switch|p2a: Terezinha|Kabutops, F|76/100 tox
|switch|p1a: Scrafty|Scrafty, F|19/100
|-damage|p1a: Scrafty|13/100|[from] Stealth Rock
|
|-heal|p1a: Scrafty|19/100|[from] item: Leftovers
|-damage|p2a: Terezinha|70/100 tox|[from] psn
|upkeep
|turn|22
|
|t:|1651132806
|move|p2a: Terezinha|Liquidation|p1a: Scrafty
|-damage|p1a: Scrafty|0 fnt
|faint|p1a: Scrafty
|
|-damage|p2a: Terezinha|58/100 tox|[from] psn
|upkeep
|
|t:|1651132814
|switch|p1a: Eldegoss|Eldegoss, M|97/100
|turn|23
|inactive|Persona111 has 120 seconds left.
|
|t:|1651132857
|switch|p2a: Catinha|Charizard, M|100/100
|move|p1a: Eldegoss|Rapid Spin|p2a: Catinha
|-damage|p2a: Catinha|92/100
|-boost|p1a: Eldegoss|spe|1
|-sideend|p1: Silver428|Stealth Rock|[from] move: Rapid Spin|[of] p1a: Eldegoss
|
|upkeep
|turn|24
|
|t:|1651132866
|switch|p1a: Flareon|Flareon, F|65/100
|move|p2a: Catinha|Hurricane|p1a: Flareon
|-damage|p1a: Flareon|30/100
|
|upkeep
|turn|25
|
|t:|1651132874
|switch|p1a: Togedemaru|Togedemaru, F|42/100
|move|p2a: Catinha|Hurricane|p1a: Togedemaru|[miss]
|-miss|p2a: Catinha|p1a: Togedemaru
|
|upkeep
|turn|26
|inactive|Persona111 has 120 seconds left.
|
|t:|1651132886
|switch|p2a: Terezinha|Kabutops, F|58/100 tox
|move|p1a: Togedemaru|Zing Zap|p2a: Terezinha
|-supereffective|p2a: Terezinha
|-damage|p2a: Terezinha|0 fnt
|faint|p2a: Terezinha
|
|upkeep
|
|t:|1651132893
|switch|p2a: Maykola|Spiritomb, F|100/100
|turn|27
|inactive|Persona111 has 120 seconds left.
|
|t:|1651132912
|switch|p1a: Articuno|Articuno-Galar|100/100
|move|p2a: Maykola|Shadow Sneak|p1a: Articuno
|-supereffective|p1a: Articuno
|-damage|p1a: Articuno|37/100
|
|upkeep
|turn|28
|
|t:|1651132921
|switch|p1a: Eldegoss|Eldegoss, M|100/100
|move|p2a: Maykola|Shadow Sneak|p1a: Eldegoss
|-damage|p1a: Eldegoss|77/100
|
|upkeep
|turn|29
|inactive|Persona111 has 120 seconds left.
|
|t:|1651132933
|switch|p2a: Tiagão|Vikavolt, F|35/100
|move|p1a: Eldegoss|Energy Ball|p2a: Tiagão
|-resisted|p2a: Tiagão
|-damage|p2a: Tiagão|25/100
|
|upkeep
|turn|30
|inactive|Persona111 has 120 seconds left.
|
|t:|1651132956
|switch|p1a: Flareon|Flareon, F|30/100
|move|p2a: Tiagão|Volt Switch|p1a: Flareon
|-damage|p1a: Flareon|0 fnt
|faint|p1a: Flareon
|inactive|Persona111 has 120 seconds left.
|
|t:|1651132985
|switch|p2a: Catinha|Charizard, M|92/100|[from]move: Volt Switch
|
|upkeep
|
|t:|1651132990
|switch|p1a: Togedemaru|Togedemaru, F|42/100
|turn|31
|
|t:|1651133000
|switch|p2a: Pedrão|Regirock|100/100
|move|p1a: Togedemaru|U-turn|p2a: Pedrão
|-damage|p2a: Pedrão|88/100
|
|t:|1651133005
|switch|p1a: Cofagrigus|Cofagrigus, F|64/100|[from]move: U-turn
|
|-heal|p1a: Cofagrigus|70/100|[from] item: Leftovers
|upkeep
|turn|32
|
|t:|1651133014
|move|p2a: Pedrão|Stone Edge|p1a: Cofagrigus
|-damage|p1a: Cofagrigus|43/100
|move|p1a: Cofagrigus|Toxic Spikes|p2a: Pedrão
|-sidestart|p2: Persona111|move: Toxic Spikes
|
|-heal|p1a: Cofagrigus|50/100|[from] item: Leftovers
|upkeep
|turn|33
|
|t:|1651133023
|move|p2a: Pedrão|Stone Edge|p1a: Cofagrigus
|-damage|p1a: Cofagrigus|20/100
|move|p1a: Cofagrigus|Iron Defense|p1a: Cofagrigus
|-boost|p1a: Cofagrigus|def|2
|
|-heal|p1a: Cofagrigus|26/100|[from] item: Leftovers
|upkeep
|turn|34
|
|t:|1651133032
|move|p2a: Pedrão|Stone Edge|p1a: Cofagrigus
|-damage|p1a: Cofagrigus|13/100
|move|p1a: Cofagrigus|Body Press|p2a: Pedrão
|-supereffective|p2a: Pedrão
|-damage|p2a: Pedrão|4/100
|-enditem|p2a: Pedrão|Weakness Policy
|-boost|p2a: Pedrão|atk|2|[from] item: Weakness Policy
|-boost|p2a: Pedrão|spa|2|[from] item: Weakness Policy
|
|-heal|p1a: Cofagrigus|19/100|[from] item: Leftovers
|upkeep
|turn|35
|
|t:|1651133043
|move|p2a: Pedrão|Stone Edge|p1a: Cofagrigus
|-damage|p1a: Cofagrigus|0 fnt
|faint|p1a: Cofagrigus
|
|upkeep
|
|t:|1651133049
|switch|p1a: Articuno|Articuno-Galar|37/100
|turn|36
|
|t:|1651133053
|move|p1a: Articuno|Hurricane|p2a: Pedrão
|-resisted|p2a: Pedrão
|-damage|p2a: Pedrão|0 fnt
|faint|p2a: Pedrão
|
|upkeep
|
|t:|1651133070
|switch|p2a: Catinha|Charizard, M|92/100
|turn|37
|
|t:|1651133076
|move|p2a: Catinha|Fire Blast|p1a: Articuno
|-damage|p1a: Articuno|0 fnt
|faint|p1a: Articuno
|
|upkeep
|
|t:|1651133082
|switch|p1a: Togedemaru|Togedemaru, F|42/100
|turn|38
|
|t:|1651133086
|switch|p2a: Tiagão|Vikavolt, F|25/100
|move|p1a: Togedemaru|Zing Zap|p2a: Tiagão
|-resisted|p2a: Tiagão
|-damage|p2a: Tiagão|6/100
|
|upkeep
|turn|39
|
|t:|1651133094
|move|p1a: Togedemaru|Zing Zap|p2a: Tiagão
|-resisted|p2a: Tiagão
|-damage|p2a: Tiagão|0 fnt
|faint|p2a: Tiagão
|
|upkeep
|
|t:|1651133097
|switch|p2a: Maykola|Spiritomb, F|100/100
|-status|p2a: Maykola|psn
|turn|40
|
|t:|1651133102
|switch|p1a: Eldegoss|Eldegoss, M|100/100
|move|p2a: Maykola|Poltergeist|p1a: Eldegoss
|-activate|p1a: Eldegoss|move: Poltergeist|Heavy-Duty Boots
|-damage|p1a: Eldegoss|43/100
|
|-damage|p2a: Maykola|88/100 psn|[from] psn
|upkeep
|turn|41
|
|t:|1651133117
|switch|p2a: Catinha|Charizard, M|92/100
|move|p1a: Eldegoss|Energy Ball|p2a: Catinha
|-resisted|p2a: Catinha
|-damage|p2a: Catinha|84/100
|
|upkeep
|turn|42
|
|t:|1651133125
|move|p2a: Catinha|Fire Blast|p1a: Eldegoss
|-supereffective|p1a: Eldegoss
|-damage|p1a: Eldegoss|0 fnt
|faint|p1a: Eldegoss
|
|upkeep
|
|t:|1651133130
|switch|p1a: Togedemaru|Togedemaru, F|42/100
|turn|43
|
|t:|1651133139
|move|p1a: Togedemaru|Zing Zap|p2a: Catinha
|-supereffective|p2a: Catinha
|-damage|p2a: Catinha|0 fnt
|faint|p2a: Catinha
|
|upkeep
|
|t:|1651133143
|switch|p2a: Maykola|Spiritomb, F|88/100 psn
|turn|44
|
|t:|1651133147
|move|p2a: Maykola|Sucker Punch|p1a: Togedemaru
|-damage|p1a: Togedemaru|0 fnt
|-damage|p2a: Maykola|76/100 psn|[from] ability: Iron Barbs|[of] p1a: Togedemaru
|faint|p1a: Togedemaru
|
|win|Persona111
|raw|Silver428's rating: 1439 &rarr; <strong>1422</strong><br />(-17 for losing)
|raw|Persona111's rating: 1487 &rarr; <strong>1504</strong><br />(+17 for winning)
|c|☆Persona111|gg
