|j|☆firewhelk
|j|☆GammaGoGamma
|t:|1632866737
|gametype|singles
|player|p1|firewhelk|102|1540
|player|p2|GammaGoGamma|giovanni|1519
|teamsize|p1|6
|teamsize|p2|6
|gen|8
|tier|[Gen 8] PU
|rated|
|rule|Sleep Clause Mod: Limit one foe put to sleep
|rule|Species Clause: Limit one of each Pokémon
|rule|OHKO Clause: OHKO moves are banned
|rule|Evasion Moves Clause: Evasion moves are banned
|rule|Endless Battle Clause: Forcing endless battles is banned
|rule|HP Percentage Mod: HP is shown in percentages
|rule|Dynamax Clause: You cannot dynamax
|clearpoke
|poke|p1|Flapple, F|
|poke|p1|Lunatone|
|poke|p1|Togedemaru, F|
|poke|p1|Cryogonal|
|poke|p1|Quagsire, F|
|poke|p1|Charizard, M|
|poke|p2|Ferroseed, F|
|poke|p2|Gigalith, F|
|poke|p2|Jellicent, F|
|poke|p2|Passimian, F|
|poke|p2|Archeops, F|
|poke|p2|Charizard, F|
|teampreview
|inactive|Battle timer is ON: inactive players will automatically lose when time's up. (requested by GammaGoGamma)
|
|t:|1632866756
|start
|switch|p1a: Lunatone|Lunatone|100/100
|switch|p2a: Ferroseed|Ferroseed, F, shiny|100/100
|turn|1
|
|t:|1632866764
|move|p1a: Lunatone|Stealth Rock|p2a: Ferroseed
|-sidestart|p2: GammaGoGamma|move: Stealth Rock
|move|p2a: Ferroseed|Spikes|p1a: Lunatone
|-sidestart|p1: firewhelk|Spikes
|
|upkeep
|turn|2
|
|t:|1632866768
|move|p1a: Lunatone|Future Sight|p2a: Ferroseed
|-start|p1a: Lunatone|move: Future Sight
|move|p2a: Ferroseed|Leech Seed|p1a: Lunatone
|-start|p1a: Lunatone|move: Leech Seed
|
|-damage|p1a: Lunatone|88/100|[from] Leech Seed|[of] p2a: Ferroseed
|upkeep
|turn|3
|
|t:|1632866770
|switch|p1a: Charizard|Charizard, M|100/100
|move|p2a: Ferroseed|Spikes|p1a: Charizard
|-sidestart|p1: firewhelk|Spikes
|
|upkeep
|turn|4
|
|t:|1632866775
|switch|p2a: Gigalith|Gigalith, F, shiny|100/100
|-damage|p2a: Gigalith|88/100|[from] Stealth Rock
|-weather|Sandstorm|[from] ability: Sand Stream|[of] p2a: Gigalith
|move|p1a: Charizard|Will-O-Wisp|p2a: Gigalith
|-status|p2a: Gigalith|brn
|
|-weather|Sandstorm|[upkeep]
|-damage|p1a: Charizard|94/100|[from] Sandstorm
|-end|p2a: Gigalith|move: Future Sight
|-damage|p2a: Gigalith|62/100 brn
|-heal|p2a: Gigalith|68/100 brn|[from] item: Leftovers
|-damage|p2a: Gigalith|62/100 brn|[from] brn
|upkeep
|turn|5
|
|t:|1632866785
|switch|p1a: Lunatone|Lunatone|88/100
|move|p2a: Gigalith|Toxic|p1a: Lunatone
|-status|p1a: Lunatone|tox
|
|-weather|Sandstorm|[upkeep]
|-heal|p2a: Gigalith|68/100 brn|[from] item: Leftovers
|-damage|p1a: Lunatone|82/100 tox|[from] psn
|-damage|p2a: Gigalith|62/100 brn|[from] brn
|upkeep
|turn|6
|
|t:|1632866789
|move|p1a: Lunatone|Future Sight|p2a: Gigalith
|-start|p1a: Lunatone|move: Future Sight
|move|p2a: Gigalith|Stealth Rock|p1a: Lunatone
|-sidestart|p1: firewhelk|move: Stealth Rock
|
|-weather|Sandstorm|[upkeep]
|-heal|p2a: Gigalith|68/100 brn|[from] item: Leftovers
|-damage|p1a: Lunatone|70/100 tox|[from] psn
|-damage|p2a: Gigalith|62/100 brn|[from] brn
|upkeep
|turn|7
|
|t:|1632866796
|switch|p1a: Quagsire|Quagsire, F|100/100
|switch|p2a: Ferroseed|Ferroseed, F, shiny|100/100
|-damage|p2a: Ferroseed|94/100|[from] Stealth Rock
|
|-weather|Sandstorm|[upkeep]
|upkeep
|turn|8
|
|t:|1632866802
|move|p1a: Quagsire|Earthquake|p2a: Ferroseed
|-damage|p2a: Ferroseed|77/100
|move|p2a: Ferroseed|Leech Seed|p1a: Quagsire
|-start|p1a: Quagsire|move: Leech Seed
|
|-weather|none
|-end|p2a: Ferroseed|move: Future Sight
|-resisted|p2a: Ferroseed
|-damage|p2a: Ferroseed|54/100
|-damage|p1a: Quagsire|88/100|[from] Leech Seed|[of] p2a: Ferroseed
|-heal|p2a: Ferroseed|71/100|[silent]
|upkeep
|turn|9
|
|t:|1632866806
|switch|p1a: Charizard|Charizard, M|94/100
|move|p2a: Ferroseed|Spikes|p1a: Charizard
|-sidestart|p1: firewhelk|Spikes
|
|upkeep
|turn|10
|
|t:|1632866811
|switch|p2a: Gigalith|Gigalith, F, shiny|62/100 brn
|-damage|p2a: Gigalith|49/100 brn|[from] Stealth Rock
|-weather|Sandstorm|[from] ability: Sand Stream|[of] p2a: Gigalith
|move|p1a: Charizard|Flamethrower|p2a: Gigalith
|-resisted|p2a: Gigalith
|-crit|p2a: Gigalith
|-damage|p2a: Gigalith|34/100 brn
|
|-weather|Sandstorm|[upkeep]
|-damage|p1a: Charizard|88/100|[from] Sandstorm
|-heal|p2a: Gigalith|40/100 brn|[from] item: Leftovers
|-damage|p2a: Gigalith|34/100 brn|[from] brn
|upkeep
|turn|11
|
|t:|1632866815
|switch|p1a: Quagsire|Quagsire, F|88/100
|move|p2a: Gigalith|Toxic|p1a: Quagsire
|-status|p1a: Quagsire|tox
|
|-weather|Sandstorm|[upkeep]
|-heal|p2a: Gigalith|40/100 brn|[from] item: Leftovers
|-damage|p1a: Quagsire|82/100 tox|[from] psn
|-damage|p2a: Gigalith|34/100 brn|[from] brn
|upkeep
|turn|12
|
|t:|1632866820
|switch|p1a: Charizard|Charizard, M|88/100
|switch|p2a: Ferroseed|Ferroseed, F, shiny|71/100
|-damage|p2a: Ferroseed|65/100|[from] Stealth Rock
|
|-weather|Sandstorm|[upkeep]
|-damage|p1a: Charizard|82/100|[from] Sandstorm
|upkeep
|turn|13
|
|t:|1632866824
|switch|p2a: Gigalith|Gigalith, F, shiny|34/100 brn
|-damage|p2a: Gigalith|21/100 brn|[from] Stealth Rock
|move|p1a: Charizard|Hurricane|p2a: Gigalith
|-resisted|p2a: Gigalith
|-damage|p2a: Gigalith|8/100 brn
|
|-weather|Sandstorm|[upkeep]
|-damage|p1a: Charizard|76/100|[from] Sandstorm
|-heal|p2a: Gigalith|14/100 brn|[from] item: Leftovers
|-damage|p2a: Gigalith|8/100 brn|[from] brn
|upkeep
|turn|14
|
|t:|1632866828
|move|p1a: Charizard|Flamethrower|p2a: Gigalith
|-resisted|p2a: Gigalith
|-damage|p2a: Gigalith|0 fnt
|faint|p2a: Gigalith
|
|-weather|none
|upkeep
|
|t:|1632866830
|switch|p2a: Archeops|Archeops, F|100/100
|turn|15
|
|t:|1632866841
|switch|p1a: Quagsire|Quagsire, F|82/100 tox
|move|p2a: Archeops|Stone Edge|p1a: Quagsire
|-resisted|p1a: Quagsire
|-damage|p1a: Quagsire|62/100 tox
|
|-damage|p1a: Quagsire|56/100 tox|[from] psn
|upkeep
|turn|16
|
|t:|1632866846
|move|p2a: Archeops|U-turn|p1a: Quagsire
|-damage|p1a: Quagsire|39/100 tox
|
|t:|1632866848
|switch|p2a: Jellicent|Jellicent, F|100/100|[from]move: U-turn
|-damage|p2a: Jellicent|88/100|[from] Stealth Rock
|move|p1a: Quagsire|Recover|p1a: Quagsire
|-heal|p1a: Quagsire|89/100 tox
|
|-damage|p1a: Quagsire|77/100 tox|[from] psn
|upkeep
|turn|17
|
|t:|1632866850
|switch|p1a: Cryogonal|Cryogonal|100/100
|move|p2a: Jellicent|Will-O-Wisp|p1a: Cryogonal
|-status|p1a: Cryogonal|brn
|
|-damage|p1a: Cryogonal|94/100 brn|[from] brn
|upkeep
|turn|18
|
|t:|1632866858
|move|p1a: Cryogonal|Freeze-Dry|p2a: Jellicent
|-supereffective|p2a: Jellicent
|-damage|p2a: Jellicent|44/100
|move|p2a: Jellicent|Hex|p1a: Cryogonal
|-damage|p1a: Cryogonal|62/100 brn
|
|-damage|p1a: Cryogonal|56/100 brn|[from] brn
|upkeep
|turn|19
|
|t:|1632866865
|switch|p2a: Passimian|Passimian, F|100/100
|-damage|p2a: Passimian|94/100|[from] Stealth Rock
|move|p1a: Cryogonal|Freeze-Dry|p2a: Passimian
|-crit|p2a: Passimian
|-damage|p2a: Passimian|28/100
|
|-damage|p1a: Cryogonal|50/100 brn|[from] brn
|upkeep
|turn|20
|
|t:|1632866876
|switch|p1a: Quagsire|Quagsire, F|77/100 tox
|move|p2a: Passimian|U-turn|p1a: Quagsire
|-damage|p1a: Quagsire|61/100 tox
|
|t:|1632866881
|switch|p2a: Charizard|Charizard, F, shiny|100/100|[from]move: U-turn
|
|-damage|p1a: Quagsire|55/100 tox|[from] psn
|upkeep
|turn|21
|
|t:|1632866899
|switch|p1a: Lunatone|Lunatone|70/100 tox
|-damage|p1a: Lunatone|57/100 tox|[from] Stealth Rock
|move|p2a: Charizard|Hurricane|p1a: Lunatone|[miss]
|-miss|p2a: Charizard|p1a: Lunatone
|
|-damage|p1a: Lunatone|51/100 tox|[from] psn
|upkeep
|turn|22
|
|t:|1632866905
|switch|p2a: Ferroseed|Ferroseed, F, shiny|65/100
|-damage|p2a: Ferroseed|59/100|[from] Stealth Rock
|move|p1a: Lunatone|Power Gem|p2a: Ferroseed
|-resisted|p2a: Ferroseed
|-damage|p2a: Ferroseed|38/100
|
|-damage|p1a: Lunatone|39/100 tox|[from] psn
|upkeep
|turn|23
|
|t:|1632866909
|move|p1a: Lunatone|Future Sight|p2a: Ferroseed
|-start|p1a: Lunatone|move: Future Sight
|move|p2a: Ferroseed|Leech Seed|p1a: Lunatone
|-start|p1a: Lunatone|move: Leech Seed
|
|-damage|p1a: Lunatone|27/100 tox|[from] Leech Seed|[of] p2a: Ferroseed
|-heal|p2a: Ferroseed|53/100|[silent]
|-damage|p1a: Lunatone|8/100 tox|[from] psn
|upkeep
|turn|24
|
|t:|1632866914
|move|p2a: Ferroseed|Protect|p2a: Ferroseed
|-singleturn|p2a: Ferroseed|Protect
|move|p1a: Lunatone|Power Gem|p2a: Ferroseed
|-activate|p2a: Ferroseed|move: Protect
|
|-damage|p1a: Lunatone|0 fnt|[from] Leech Seed|[of] p2a: Ferroseed
|-heal|p2a: Ferroseed|63/100|[silent]
|faint|p1a: Lunatone
|upkeep
|
|t:|1632866918
|switch|p1a: Cryogonal|Cryogonal|50/100 brn
|turn|25
|
|t:|1632866921
|switch|p2a: Jellicent|Jellicent, F|44/100
|-damage|p2a: Jellicent|31/100|[from] Stealth Rock
|move|p1a: Cryogonal|Rapid Spin|p2a: Jellicent
|-immune|p2a: Jellicent
|
|-end|p2a: Jellicent|move: Future Sight
|-damage|p2a: Jellicent|0 fnt
|faint|p2a: Jellicent
|-damage|p1a: Cryogonal|44/100 brn|[from] brn
|upkeep
|
|t:|1632866928
|switch|p2a: Archeops|Archeops, F|100/100
|turn|26
|
|t:|1632866933
|switch|p1a: Quagsire|Quagsire, F|55/100 tox
|move|p2a: Archeops|U-turn|p1a: Quagsire
|-damage|p1a: Quagsire|38/100 tox
|
|t:|1632866941
|switch|p2a: Passimian|Passimian, F|28/100|[from]move: U-turn
|-damage|p2a: Passimian|22/100|[from] Stealth Rock
|
|-damage|p1a: Quagsire|32/100 tox|[from] psn
|upkeep
|turn|27
|
|t:|1632866947
|move|p2a: Passimian|Close Combat|p1a: Quagsire
|-damage|p1a: Quagsire|0 fnt
|-unboost|p2a: Passimian|def|1
|-unboost|p2a: Passimian|spd|1
|faint|p1a: Quagsire
|
|upkeep
|
|t:|1632866950
|switch|p1a: Charizard|Charizard, M|76/100
|turn|28
|
|t:|1632866955
|switch|p2a: Charizard|Charizard, F, shiny|100/100
|move|p1a: Charizard|Hurricane|p2a: Charizard
|-damage|p2a: Charizard|38/100
|
|upkeep
|turn|29
|
|t:|1632866963
|move|p2a: Charizard|Hurricane|p1a: Charizard
|-damage|p1a: Charizard|7/100
|-start|p1a: Charizard|confusion
|-activate|p1a: Charizard|confusion
|move|p1a: Charizard|Hurricane|p2a: Charizard
|-damage|p2a: Charizard|0 fnt
|faint|p2a: Charizard
|
|upkeep
|
|t:|1632866967
|switch|p2a: Archeops|Archeops, F|100/100
|turn|30
|
|t:|1632866974
|move|p2a: Archeops|Stone Edge|p1a: Charizard
|-supereffective|p1a: Charizard
|-damage|p1a: Charizard|0 fnt
|faint|p1a: Charizard
|
|upkeep
|
|t:|1632866976
|switch|p1a: Togedemaru|Togedemaru, F|100/100
|-damage|p1a: Togedemaru|76/100|[from] Spikes
|-damage|p1a: Togedemaru|70/100|[from] Stealth Rock
|turn|31
|
|t:|1632866981
|switch|p2a: Ferroseed|Ferroseed, F, shiny|63/100
|-damage|p2a: Ferroseed|57/100|[from] Stealth Rock
|move|p1a: Togedemaru|U-turn|p2a: Ferroseed
|-damage|p2a: Ferroseed|45/100
|-damage|p1a: Togedemaru|58/100|[from] ability: Iron Barbs|[of] p2a: Ferroseed
|
|t:|1632866983
|switch|p1a: Cryogonal|Cryogonal|44/100 brn|[from]move: U-turn
|
|-damage|p1a: Cryogonal|38/100 brn|[from] brn
|upkeep
|turn|32
|
|t:|1632866987
|move|p1a: Cryogonal|Rapid Spin|p2a: Ferroseed
|-resisted|p2a: Ferroseed
|-damage|p2a: Ferroseed|44/100
|-boost|p1a: Cryogonal|spe|1
|-damage|p1a: Cryogonal|26/100 brn|[from] ability: Iron Barbs|[of] p2a: Ferroseed
|-sideend|p1: firewhelk|Spikes|[from] move: Rapid Spin|[of] p1a: Cryogonal
|-sideend|p1: firewhelk|Stealth Rock|[from] move: Rapid Spin|[of] p1a: Cryogonal
|move|p2a: Ferroseed|Gyro Ball|p1a: Cryogonal
|-supereffective|p1a: Cryogonal
|-damage|p1a: Cryogonal|0 fnt
|faint|p1a: Cryogonal
|
|upkeep
|
|t:|1632866992
|switch|p1a: Flapple|Flapple, F|100/100
|turn|33
|
|t:|1632866996
|move|p1a: Flapple|Draco Meteor|p2a: Ferroseed
|-resisted|p2a: Ferroseed
|-damage|p2a: Ferroseed|17/100
|-unboost|p1a: Flapple|spa|2
|-damage|p1a: Flapple|91/100|[from] item: Life Orb
|move|p2a: Ferroseed|Gyro Ball|p1a: Flapple
|-damage|p1a: Flapple|50/100
|
|upkeep
|turn|34
|
|t:|1632867012
|move|p1a: Flapple|Outrage|p2a: Ferroseed|[miss]
|-miss|p1a: Flapple|p2a: Ferroseed
|move|p2a: Ferroseed|Leech Seed|p1a: Flapple
|-immune|p1a: Flapple
|
|upkeep
|turn|35
|
|t:|1632867029
|move|p1a: Flapple|Outrage|p2a: Ferroseed
|-resisted|p2a: Ferroseed
|-damage|p2a: Ferroseed|0 fnt
|-damage|p1a: Flapple|37/100|[from] ability: Iron Barbs|[of] p2a: Ferroseed
|faint|p2a: Ferroseed
|-damage|p1a: Flapple|27/100|[from] item: Life Orb
|
|upkeep
|
|t:|1632867034
|switch|p2a: Passimian|Passimian, F|22/100
|-damage|p2a: Passimian|16/100|[from] Stealth Rock
|turn|36
|
|t:|1632867036
|move|p2a: Passimian|Close Combat|p1a: Flapple
|-damage|p1a: Flapple|0 fnt
|-unboost|p2a: Passimian|def|1
|-unboost|p2a: Passimian|spd|1
|faint|p1a: Flapple
|
|upkeep
|
|t:|1632867038
|switch|p1a: Togedemaru|Togedemaru, F|58/100
|turn|37
|
|t:|1632867039
|move|p1a: Togedemaru|Iron Head|p2a: Passimian
|-damage|p2a: Passimian|0 fnt
|faint|p2a: Passimian
|
|upkeep
|
|t:|1632867041
|switch|p2a: Archeops|Archeops, F|100/100
|turn|38
|
|t:|1632867042
|move|p1a: Togedemaru|Iron Head|p2a: Archeops
|-supereffective|p2a: Archeops
|-damage|p2a: Archeops|0 fnt
|faint|p2a: Archeops
|
|win|firewhelk
|raw|firewhelk's rating: 1540 &rarr; <strong>1559</strong><br />(+19 for winning)
|raw|GammaGoGamma's rating: 1519 &rarr; <strong>1500</strong><br />(-19 for losing)
|l|☆GammaGoGamma
|c|☆firewhelk|gg
