|j|☆mamoswine03
|j|☆GammaGoGamma
|inactive|Battle timer is ON: inactive players will automatically lose when time's up.
|t:|1633043857
|gametype|singles
|player|p1|mamoswine03|jogger|
|player|p2|GammaGoGamma|giovanni|
|teamsize|p1|6
|teamsize|p2|6
|gen|8
|tier|[Gen 8] PU
|rated|Tournament battle
|rule|Sleep Clause Mod: Limit one foe put to sleep
|rule|Species Clause: Limit one of each Pokémon
|rule|OHKO Clause: OHKO moves are banned
|rule|Evasion Moves Clause: Evasion moves are banned
|rule|Endless Battle Clause: Forcing endless battles is banned
|rule|HP Percentage Mod: HP is shown in percentages
|rule|Dynamax Clause: You cannot dynamax
|clearpoke
|poke|p1|Arctovish|
|poke|p1|Crustle, M|
|poke|p1|Morpeko, F|
|poke|p1|Ludicolo, M|
|poke|p1|Aggron, F|
|poke|p1|Silvally-*|
|poke|p2|Ferroseed, M|
|poke|p2|Gigalith, F|
|poke|p2|Jellicent, M|
|poke|p2|Passimian, M|
|poke|p2|Archeops, M|
|poke|p2|Charizard, F|
|teampreview
|j|*Lady Monita
|
|t:|1633043869
|start
|switch|p1a: Aggron|Aggron, F|100/100
|switch|p2a: Passimian|Passimian, M|100/100
|turn|1
|inactive|mamoswine03 has 120 seconds left.
|
|t:|1633043912
|switch|p1a: Silvally|Silvally-Fire|100/100
|move|p2a: Passimian|Close Combat|p1a: Silvally
|-damage|p1a: Silvally|49/100
|-unboost|p2a: Passimian|def|1
|-unboost|p2a: Passimian|spd|1
|
|upkeep
|turn|2
|
|t:|1633043922
|switch|p2a: Jellicent|Jellicent, M|100/100
|move|p1a: Silvally|Rain Dance|p1a: Silvally
|-weather|RainDance
|
|-weather|RainDance|[upkeep]
|upkeep
|turn|3
|inactive|mamoswine03 has 120 seconds left.
|
|t:|1633043961
|switch|p2a: Gigalith|Gigalith, F, shiny|100/100
|-weather|Sandstorm|[from] ability: Sand Stream|[of] p2a: Gigalith
|move|p1a: Silvally|Flamethrower|p2a: Gigalith
|-resisted|p2a: Gigalith
|-damage|p2a: Gigalith|91/100
|
|-weather|Sandstorm|[upkeep]
|-damage|p1a: Silvally|43/100|[from] Sandstorm
|-heal|p2a: Gigalith|98/100|[from] item: Leftovers
|upkeep
|turn|4
|
|t:|1633043966
|move|p1a: Silvally|Rain Dance|p1a: Silvally
|-weather|RainDance
|move|p2a: Gigalith|Stealth Rock|p1a: Silvally
|-sidestart|p1: mamoswine03|move: Stealth Rock
|
|-weather|RainDance|[upkeep]
|-heal|p2a: Gigalith|100/100|[from] item: Leftovers
|upkeep
|turn|5
|inactive|mamoswine03 has 90 seconds left.
|inactive|mamoswine03 has 60 seconds left.
|
|t:|1633044027
|move|p1a: Silvally|U-turn|p2a: Gigalith
|-damage|p2a: Gigalith|90/100
|
|t:|1633044030
|switch|p1a: Ludicolo|Ludicolo, M, shiny|100/100|[from]move: U-turn
|-damage|p1a: Ludicolo|88/100|[from] Stealth Rock
|move|p2a: Gigalith|Toxic|p1a: Ludicolo
|-status|p1a: Ludicolo|tox
|
|-weather|RainDance|[upkeep]
|-heal|p1a: Ludicolo|94/100 tox|[from] ability: Rain Dish
|-heal|p1a: Ludicolo|99/100 tox|[from] item: Leftovers
|-heal|p2a: Gigalith|96/100|[from] item: Leftovers
|-damage|p1a: Ludicolo|94/100 tox|[from] psn
|upkeep
|turn|6
|inactive|mamoswine03 has 60 seconds left.
|
|t:|1633044043
|switch|p2a: Ferroseed|Ferroseed, M, shiny|100/100
|move|p1a: Ludicolo|Giga Drain|p2a: Ferroseed
|-resisted|p2a: Ferroseed
|-damage|p2a: Ferroseed|95/100
|-heal|p1a: Ludicolo|96/100 tox|[from] drain|[of] p2a: Ferroseed
|
|-weather|RainDance|[upkeep]
|-heal|p1a: Ludicolo|100/100 tox|[from] ability: Rain Dish
|-damage|p1a: Ludicolo|88/100 tox|[from] psn
|upkeep
|turn|7
|inactive|mamoswine03 has 60 seconds left.
|inactive|mamoswine03 has 30 seconds left.
|inactive|mamoswine03 has 20 seconds left.
|
|t:|1633044096
|switch|p2a: Gigalith|Gigalith, F, shiny|96/100
|-weather|Sandstorm|[from] ability: Sand Stream|[of] p2a: Gigalith
|move|p1a: Ludicolo|Scald|p2a: Gigalith
|-supereffective|p2a: Gigalith
|-damage|p2a: Gigalith|70/100
|
|-weather|Sandstorm|[upkeep]
|-damage|p1a: Ludicolo|82/100 tox|[from] Sandstorm
|-heal|p1a: Ludicolo|88/100 tox|[from] item: Leftovers
|-heal|p2a: Gigalith|76/100|[from] item: Leftovers
|-damage|p1a: Ludicolo|70/100 tox|[from] psn
|upkeep
|turn|8
|inactive|mamoswine03 has 30 seconds left this turn.
|
|t:|1633044109
|switch|p2a: Ferroseed|Ferroseed, M, shiny|95/100
|move|p1a: Ludicolo|Giga Drain|p2a: Ferroseed
|-resisted|p2a: Ferroseed
|-damage|p2a: Ferroseed|90/100
|-heal|p1a: Ludicolo|72/100 tox|[from] drain|[of] p2a: Ferroseed
|
|-weather|Sandstorm|[upkeep]
|-damage|p1a: Ludicolo|66/100 tox|[from] Sandstorm
|-heal|p1a: Ludicolo|72/100 tox|[from] item: Leftovers
|-damage|p1a: Ludicolo|48/100 tox|[from] psn
|upkeep
|turn|9
|inactive|mamoswine03 has 30 seconds left.
|inactive|mamoswine03 has 20 seconds left.
|inactive|mamoswine03 has 15 seconds left.
|inactive|mamoswine03 has 10 seconds left.
|inactive|mamoswine03 has 5 seconds left.
|-message|mamoswine03 lost due to inactivity.
|
|win|GammaGoGamma
|n|☆mamoswine03|mamoswine03
|n|☆GammaGoGamma|gammagogamma
|n|*Lady Monita|ladymonita
|l|*Lady Monita
