|j|☆uult1 SOMALIA
|j|☆RahelGamer03
|player|p1|uult1 SOMALIA|#somalia|1398
|player|p2|RahelGamer03|ninjaboy-gen3|1449
|teamsize|p1|6
|teamsize|p2|6
|gametype|singles
|gen|8
|tier|[Gen 8] PU
|rated|
|clearpoke
|poke|p1|Palpitoad, M|
|poke|p1|Pincurchin, M|
|poke|p1|Munchlax, M|
|poke|p1|Togetic, M|
|poke|p1|Dubwool, M|
|poke|p1|Hitmontop, M|
|poke|p2|Appletun, F|
|poke|p2|Falinks|
|poke|p2|Silvally-*|
|poke|p2|Crustle, F|
|poke|p2|Mr. Rime, M|
|poke|p2|Raichu, F|
|rule|Sleep Clause Mod: Limit one foe put to sleep
|rule|Species Clause: Limit one of each Pokémon
|rule|OHKO Clause: OHKO moves are banned
|rule|Evasion Moves Clause: Evasion moves are banned
|rule|Endless Battle Clause: Forcing endless battles is banned
|rule|HP Percentage Mod: HP is shown in percentages
|rule|Dynamax Clause: You cannot dynamax
|teampreview
|j| Sweatyspaghetti
|
|start
|switch|p1a: FORMLESS|Pincurchin, M|100/100
|switch|p2a: body electric|Raichu, F|100/100
|turn|1
|
|move|p2a: body electric|Volt Switch|p1a: FORMLESS
|-ability|p1a: FORMLESS|Lightning Rod|boost
|-boost|p1a: FORMLESS|spa|1
|move|p1a: FORMLESS|Toxic Spikes|p2a: body electric
|-sidestart|p2: RahelGamer03|move: Toxic Spikes
|
|upkeep
|turn|2
|
|switch|p2a: radio|Silvally-Poison|100/100
|-sideend|p2: RahelGamer03|move: Toxic Spikes|[of] p2a: radio
|move|p1a: FORMLESS|Discharge|p2a: radio
|-damage|p2a: radio|61/100
|-status|p2a: radio|par
|
|upkeep
|turn|3
|
|move|p2a: radio|U-turn|p1a: FORMLESS
|-damage|p1a: FORMLESS|78/100
|
|switch|p2a: off to the races|Falinks|100/100|[from]move: U-turn
|move|p1a: FORMLESS|Discharge|p2a: off to the races
|-damage|p2a: off to the races|24/100
|
|-heal|p1a: FORMLESS|84/100|[from] item: Leftovers
|upkeep
|turn|4
|
|switch|p1a: BLINK|Togetic, M|100/100
|move|p2a: off to the races|Close Combat|p1a: BLINK
|-resisted|p1a: BLINK
|-damage|p1a: BLINK|91/100
|-unboost|p2a: off to the races|def|1
|-unboost|p2a: off to the races|spd|1
|-damage|p2a: off to the races|14/100|[from] item: Life Orb
|
|upkeep
|turn|5
|
|move|p2a: off to the races|Zen Headbutt|p1a: BLINK
|-damage|p1a: BLINK|72/100
|-damage|p2a: off to the races|4/100|[from] item: Life Orb
|move|p1a: BLINK|Wish|p1a: BLINK
|
|upkeep
|turn|6
|
|switch|p1a: JELLYFISH CLUTCH|Palpitoad, M, shiny|100/100
|move|p2a: off to the races|Zen Headbutt|p1a: JELLYFISH CLUTCH
|-damage|p1a: JELLYFISH CLUTCH|77/100
|-damage|p2a: off to the races|0 fnt|[from] item: Life Orb
|faint|p2a: off to the races
|
|-heal|p1a: JELLYFISH CLUTCH|100/100|[from] move: Wish|[wisher] BLINK
|upkeep
|
|switch|p2a: video games|Mr. Rime, M|100/100
|turn|7
|
|move|p2a: video games|Focus Blast|p1a: JELLYFISH CLUTCH
|-damage|p1a: JELLYFISH CLUTCH|60/100
|move|p1a: JELLYFISH CLUTCH|Toxic|p2a: video games
|-status|p2a: video games|tox
|
|-damage|p2a: video games|95/100 tox|[from] psn
|upkeep
|turn|8
|
|switch|p1a: Munchlax|Munchlax, M|100/100
|move|p2a: video games|Focus Blast|p1a: Munchlax
|-supereffective|p1a: Munchlax
|-damage|p1a: Munchlax|73/100
|
|-damage|p2a: video games|83/100 tox|[from] psn
|upkeep
|turn|9
|
|move|p2a: video games|Focus Blast|p1a: Munchlax
|-supereffective|p1a: Munchlax
|-damage|p1a: Munchlax|43/100
|move|p1a: Munchlax|Rest|p1a: Munchlax
|-status|p1a: Munchlax|slp|[from] move: Rest
|-heal|p1a: Munchlax|100/100 slp|[silent]
|
|-damage|p2a: video games|65/100 tox|[from] psn
|upkeep
|turn|10
|l| Sweatyspaghetti
|
|switch|p2a: diet mountain dew|Crustle, F|100/100
|switch|p1a: FORMLESS|Pincurchin, M|84/100
|
|-heal|p1a: FORMLESS|90/100|[from] item: Leftovers
|upkeep
|turn|11
|j| Sweatyspaghetti
|
|move|p2a: diet mountain dew|Stealth Rock|p1a: FORMLESS
|-sidestart|p1: uult1 SOMALIA|move: Stealth Rock
|move|p1a: FORMLESS|Discharge|p2a: diet mountain dew
|-damage|p2a: diet mountain dew|77/100
|
|-heal|p1a: FORMLESS|96/100|[from] item: Leftovers
|upkeep
|turn|12
|
|switch|p1a: LION'S BITE|Hitmontop, M|100/100
|-damage|p1a: LION'S BITE|94/100|[from] Stealth Rock
|-ability|p1a: LION'S BITE|Intimidate|boost
|-unboost|p2a: diet mountain dew|atk|1
|move|p2a: diet mountain dew|Earthquake|p1a: LION'S BITE
|-damage|p1a: LION'S BITE|79/100
|
|-heal|p1a: LION'S BITE|85/100|[from] item: Leftovers
|upkeep
|turn|13
|
|switch|p2a: gods & monsters|Appletun, F|100/100
|move|p1a: LION'S BITE|Rapid Spin|p2a: gods & monsters
|-damage|p2a: gods & monsters|88/100
|-boost|p1a: LION'S BITE|spe|1
|-sideend|p1: uult1 SOMALIA|Stealth Rock|[from] move: Rapid Spin|[of] p1a: LION'S BITE
|
|-heal|p1a: LION'S BITE|92/100|[from] item: Leftovers
|upkeep
|turn|14
|
|switch|p1a: BLINK|Togetic, M|72/100
|move|p2a: gods & monsters|Apple Acid|p1a: BLINK
|-resisted|p1a: BLINK
|-damage|p1a: BLINK|51/100
|-unboost|p1a: BLINK|spd|1
|
|upkeep
|turn|15
|
|move|p2a: gods & monsters|Apple Acid|p1a: BLINK
|-resisted|p1a: BLINK
|-damage|p1a: BLINK|23/100
|-unboost|p1a: BLINK|spd|1
|move|p1a: BLINK|Toxic|p2a: gods & monsters
|-status|p2a: gods & monsters|tox
|
|-damage|p2a: gods & monsters|82/100 tox|[from] psn
|upkeep
|turn|16
|l| Sweatyspaghetti
|j| Sweatyspaghetti
|inactive|Battle timer is ON: inactive players will automatically lose when time's up. (requested by RahelGamer03)
|inactive|uult1 SOMALIA has 120 seconds left.
|
|switch|p1a: DEVIL'S LANCE|Dubwool, M|100/100
|move|p2a: gods & monsters|Apple Acid|p1a: DEVIL'S LANCE
|-damage|p1a: DEVIL'S LANCE|36/100
|-unboost|p1a: DEVIL'S LANCE|spd|1
|
|-heal|p1a: DEVIL'S LANCE|42/100|[from] item: Leftovers
|-damage|p2a: gods & monsters|69/100 tox|[from] psn
|upkeep
|turn|17
|
|switch|p2a: video games|Mr. Rime, M|65/100 tox
|move|p1a: DEVIL'S LANCE|Rest|p1a: DEVIL'S LANCE
|-status|p1a: DEVIL'S LANCE|slp|[from] move: Rest
|-heal|p1a: DEVIL'S LANCE|100/100 slp|[silent]
|
|-damage|p2a: video games|59/100 tox|[from] psn
|upkeep
|turn|18
|
|switch|p2a: radio|Silvally-Poison|61/100 par
|switch|p1a: Munchlax|Munchlax, M|100/100 slp
|
|upkeep
|turn|19
|
|switch|p1a: JELLYFISH CLUTCH|Palpitoad, M, shiny|60/100
|cant|p2a: radio|par
|
|upkeep
|turn|20
|
|move|p1a: JELLYFISH CLUTCH|Stealth Rock|p2a: radio
|-sidestart|p2: RahelGamer03|move: Stealth Rock
|move|p2a: radio|U-turn|p1a: JELLYFISH CLUTCH
|-damage|p1a: JELLYFISH CLUTCH|48/100
|
|switch|p2a: gods & monsters|Appletun, F|69/100 tox|[from]move: U-turn
|-damage|p2a: gods & monsters|57/100 tox|[from] Stealth Rock
|
|-damage|p2a: gods & monsters|51/100 tox|[from] psn
|upkeep
|turn|21
|
|switch|p1a: DEVIL'S LANCE|Dubwool, M|100/100 slp
|move|p2a: gods & monsters|Giga Drain|p1a: DEVIL'S LANCE
|-damage|p1a: DEVIL'S LANCE|34/100 slp
|-heal|p2a: gods & monsters|81/100 tox|[from] drain|[of] p1a: DEVIL'S LANCE
|
|-heal|p1a: DEVIL'S LANCE|40/100 slp|[from] item: Leftovers
|-damage|p2a: gods & monsters|69/100 tox|[from] psn
|upkeep
|turn|22
|
|cant|p1a: DEVIL'S LANCE|slp
|move|p2a: gods & monsters|Giga Drain|p1a: DEVIL'S LANCE
|-damage|p1a: DEVIL'S LANCE|0 fnt
|-heal|p2a: gods & monsters|87/100 tox|[from] drain|[of] p1a: DEVIL'S LANCE
|faint|p1a: DEVIL'S LANCE
|
|-damage|p2a: gods & monsters|69/100 tox|[from] psn
|upkeep
|
|switch|p1a: BLINK|Togetic, M|23/100
|turn|23
|
|move|p2a: gods & monsters|Giga Drain|p1a: BLINK
|-resisted|p1a: BLINK
|-damage|p1a: BLINK|5/100
|-heal|p2a: gods & monsters|76/100 tox|[from] drain|[of] p1a: BLINK
|move|p1a: BLINK|Roost|p1a: BLINK
|-heal|p1a: BLINK|55/100
|-singleturn|p1a: BLINK|move: Roost
|
|-damage|p2a: gods & monsters|52/100 tox|[from] psn
|upkeep
|turn|24
|
|switch|p2a: video games|Mr. Rime, M|59/100 tox
|move|p1a: BLINK|Roost|p1a: BLINK
|-heal|p1a: BLINK|100/100
|-singleturn|p1a: BLINK|move: Roost
|
|-damage|p2a: video games|53/100 tox|[from] psn
|upkeep
|turn|25
|
|switch|p1a: Munchlax|Munchlax, M|100/100 slp
|move|p2a: video games|Rapid Spin|p1a: Munchlax
|-damage|p1a: Munchlax|92/100 slp
|-boost|p2a: video games|spe|1
|-sideend|p2: RahelGamer03|Stealth Rock|[from] move: Rapid Spin|[of] p2a: video games
|
|-damage|p2a: video games|41/100 tox|[from] psn
|upkeep
|turn|26
|
|switch|p1a: FORMLESS|Pincurchin, M|96/100
|move|p2a: video games|Focus Blast|p1a: FORMLESS|[miss]
|-miss|p2a: video games|p1a: FORMLESS
|
|-heal|p1a: FORMLESS|100/100|[from] item: Leftovers
|-damage|p2a: video games|23/100 tox|[from] psn
|upkeep
|turn|27
|c|☆RahelGamer03|ZZZZZZZZZZZZ
|j| Meujeuh
|
|move|p2a: video games|Psychic|p1a: FORMLESS
|-damage|p1a: FORMLESS|64/100
|move|p1a: FORMLESS|Toxic Spikes|p2a: video games
|-sidestart|p2: RahelGamer03|move: Toxic Spikes
|
|-heal|p1a: FORMLESS|70/100|[from] item: Leftovers
|-damage|p2a: video games|0 fnt|[from] psn
|faint|p2a: video games
|upkeep
|
|switch|p2a: radio|Silvally-Poison|61/100 par
|-sideend|p2: RahelGamer03|move: Toxic Spikes|[of] p2a: radio
|turn|28
|
|switch|p1a: JELLYFISH CLUTCH|Palpitoad, M, shiny|48/100
|cant|p2a: radio|par
|
|upkeep
|turn|29
|
|switch|p2a: gods & monsters|Appletun, F|52/100 tox
|move|p1a: JELLYFISH CLUTCH|Stealth Rock|p2a: gods & monsters
|-sidestart|p2: RahelGamer03|move: Stealth Rock
|
|-damage|p2a: gods & monsters|46/100 tox|[from] psn
|upkeep
|turn|30
|
|switch|p1a: BLINK|Togetic, M|100/100
|move|p2a: gods & monsters|Apple Acid|p1a: BLINK
|-resisted|p1a: BLINK
|-damage|p1a: BLINK|82/100
|-unboost|p1a: BLINK|spd|1
|
|-damage|p2a: gods & monsters|34/100 tox|[from] psn
|upkeep
|turn|31
|l| Sweatyspaghetti
|
|move|p2a: gods & monsters|Apple Acid|p1a: BLINK
|-resisted|p1a: BLINK
|-damage|p1a: BLINK|54/100
|-unboost|p1a: BLINK|spd|1
|move|p1a: BLINK|Dazzling Gleam|p2a: gods & monsters
|-supereffective|p2a: gods & monsters
|-damage|p2a: gods & monsters|0 fnt
|faint|p2a: gods & monsters
|
|upkeep
|
|switch|p2a: radio|Silvally-Poison|61/100 par
|-damage|p2a: radio|48/100 par|[from] Stealth Rock
|turn|32
|
|switch|p1a: JELLYFISH CLUTCH|Palpitoad, M, shiny|48/100
|cant|p2a: radio|par
|
|upkeep
|turn|33
|-message|RahelGamer03 forfeited.
|
|win|uult1 SOMALIA
|c|☆RahelGamer03|fuck this
|l|☆RahelGamer03
||Ladder (probably) updated, but score could not be retrieved (Response not received).
