|j|☆Dddiamond
|j|☆Kangtothetop
|t:|1643751523
|gametype|singles
|player|p1|Dddiamond|266|1183
|player|p2|Kangtothetop|twins-gen2|1093
|teamsize|p1|6
|teamsize|p2|6
|gen|8
|tier|[Gen 8] PU
|rated|
|rule|Sleep Clause Mod: Limit one foe put to sleep
|rule|Species Clause: Limit one of each Pokémon
|rule|OHKO Clause: OHKO moves are banned
|rule|Evasion Moves Clause: Evasion moves are banned
|rule|Endless Battle Clause: Forcing endless battles is banned
|rule|HP Percentage Mod: HP is shown in percentages
|rule|Dynamax Clause: You cannot dynamax
|clearpoke
|poke|p1|Uxie|
|poke|p1|Ninjask, M|
|poke|p1|Espeon, M|
|poke|p1|Cofagrigus, M|
|poke|p1|Glastrier|
|poke|p1|Sandaconda, M|
|poke|p2|Alcremie-Rainbow-Swirl, F|
|poke|p2|Gallade, M|
|poke|p2|Palossand, F|
|poke|p2|Kangaskhan, F|
|poke|p2|Centiskorch, M|
|poke|p2|Cramorant, F|
|teampreview
|inactive|Battle timer is ON: inactive players will automatically lose when time's up. (requested by Dddiamond)
|
|t:|1643751539
|start
|switch|p1a: Glastrier|Glastrier|100/100
|switch|p2a: Alcremie|Alcremie-Rainbow-Swirl, F|100/100
|turn|1
|
|t:|1643751545
|move|p2a: Alcremie|Dazzling Gleam|p1a: Glastrier
|-damage|p1a: Glastrier|52/100
|move|p1a: Glastrier|Swords Dance|p1a: Glastrier
|-boost|p1a: Glastrier|atk|2
|
|-heal|p1a: Glastrier|58/100|[from] item: Leftovers
|upkeep
|turn|2
|
|t:|1643751552
|move|p2a: Alcremie|Dazzling Gleam|p1a: Glastrier
|-damage|p1a: Glastrier|11/100
|move|p1a: Glastrier|Icicle Spear|p2a: Alcremie
|-damage|p2a: Alcremie|62/100
|-damage|p2a: Alcremie|27/100
|-hitcount|p2a: Alcremie|2
|
|-heal|p1a: Glastrier|17/100|[from] item: Leftovers
|upkeep
|turn|3
|
|t:|1643751561
|switch|p1a: Espeon|Espeon, M|100/100
|move|p2a: Alcremie|Dazzling Gleam|p1a: Espeon
|-damage|p1a: Espeon|25/100
|
|upkeep
|turn|4
|
|t:|1643751567
|switch|p2a: Gallade|Gallade, M|100/100
|move|p1a: Espeon|Psyshock|p2a: Gallade
|-damage|p2a: Gallade|0 fnt
|faint|p2a: Gallade
|
|upkeep
|
|t:|1643751570
|switch|p2a: Kangaskhan|Kangaskhan, F|100/100
|turn|5
|
|t:|1643751576
|switch|p1a: Cofagrigus|Cofagrigus, M|100/100
|move|p2a: Kangaskhan|Fake Out|p1a: Cofagrigus
|-damage|p1a: Cofagrigus|87/100
|-activate|p1a: Cofagrigus|ability: Mummy|Scrappy|[of] p2a: Kangaskhan
|
|upkeep
|turn|6
|
|t:|1643751585
|switch|p2a: Alcremie|Alcremie-Rainbow-Swirl, F|27/100
|move|p1a: Cofagrigus|Trick Room|p1a: Cofagrigus
|-fieldstart|move: Trick Room|[of] p1a: Cofagrigus
|
|upkeep
|turn|7
|
|t:|1643751589
|move|p1a: Cofagrigus|Shadow Ball|p2a: Alcremie
|-crit|p2a: Alcremie
|-damage|p2a: Alcremie|0 fnt
|faint|p2a: Alcremie
|
|upkeep
|
|t:|1643751593
|switch|p2a: Centiskorch|Centiskorch, M|100/100
|turn|8
|
|t:|1643751602
|switch|p1a: Sandaconda|Sandaconda, M|100/100
|move|p2a: Centiskorch|Knock Off|p1a: Sandaconda
|-damage|p1a: Sandaconda|75/100
|-enditem|p1a: Sandaconda|Leftovers|[from] move: Knock Off|[of] p2a: Centiskorch
|
|upkeep
|turn|9
|
|t:|1643751613
|switch|p2a: Palossand|Palossand, F|100/100
|move|p1a: Sandaconda|Rock Blast|p2a: Palossand
|-resisted|p2a: Palossand
|-damage|p2a: Palossand|99/100
|-resisted|p2a: Palossand
|-damage|p2a: Palossand|96/100
|-resisted|p2a: Palossand
|-damage|p2a: Palossand|95/100
|-resisted|p2a: Palossand
|-damage|p2a: Palossand|93/100
|-resisted|p2a: Palossand
|-damage|p2a: Palossand|91/100
|-hitcount|p2a: Palossand|5
|
|upkeep
|turn|10
|
|t:|1643751625
|switch|p1a: Espeon|Espeon, M|25/100
|move|p2a: Palossand|Shadow Ball|p1a: Espeon
|-supereffective|p1a: Espeon
|-damage|p1a: Espeon|0 fnt
|faint|p1a: Espeon
|
|-fieldend|move: Trick Room
|upkeep
|
|t:|1643751632
|switch|p1a: Glastrier|Glastrier|17/100
|turn|11
|
|t:|1643751635
|switch|p2a: Cramorant|Cramorant, F, shiny|100/100
|move|p1a: Glastrier|Taunt|p2a: Cramorant
|-start|p2a: Cramorant|move: Taunt
|
|-heal|p1a: Glastrier|23/100|[from] item: Leftovers
|upkeep
|turn|12
|
|t:|1643751642
|move|p2a: Cramorant|Surf|p1a: Glastrier
|-formechange|p2a: Cramorant|Cramorant-Gulping|
|-damage|p1a: Glastrier|0 fnt
|faint|p1a: Glastrier
|
|upkeep
|
|t:|1643751649
|switch|p1a: Uxie|Uxie|100/100
|turn|13
|
|t:|1643751652
|switch|p2a: Centiskorch|Centiskorch, M|100/100
|move|p1a: Uxie|Calm Mind|p1a: Uxie
|-boost|p1a: Uxie|spa|1
|-boost|p1a: Uxie|spd|1
|
|upkeep
|turn|14
|
|t:|1643751660
|switch|p1a: Cofagrigus|Cofagrigus, M|87/100
|move|p2a: Centiskorch|Fire Lash|p1a: Cofagrigus
|-damage|p1a: Cofagrigus|62/100
|-unboost|p1a: Cofagrigus|def|1
|-activate|p1a: Cofagrigus|ability: Mummy|Flash Fire|[of] p2a: Centiskorch
|
|upkeep
|turn|15
|
|t:|1643751670
|switch|p1a: Sandaconda|Sandaconda, M|75/100
|move|p2a: Centiskorch|Knock Off|p1a: Sandaconda
|-damage|p1a: Sandaconda|59/100
|
|upkeep
|turn|16
|
|t:|1643751676
|switch|p2a: Palossand|Palossand, F|91/100
|move|p1a: Sandaconda|Coil|p1a: Sandaconda
|-boost|p1a: Sandaconda|atk|1
|-boost|p1a: Sandaconda|def|1
|-boost|p1a: Sandaconda|accuracy|1
|
|upkeep
|turn|17
|
|t:|1643751682
|move|p1a: Sandaconda|Earthquake|p2a: Palossand
|-damage|p2a: Palossand|57/100
|move|p2a: Palossand|Shadow Ball|p1a: Sandaconda
|-damage|p1a: Sandaconda|35/100
|
|upkeep
|turn|18
|
|t:|1643751687
|switch|p2a: Cramorant|Cramorant, F, shiny|100/100
|move|p1a: Sandaconda|Earthquake|p2a: Cramorant
|-immune|p2a: Cramorant
|
|upkeep
|turn|19
|
|t:|1643751693
|move|p2a: Cramorant|Surf|p1a: Sandaconda
|-formechange|p2a: Cramorant|Cramorant-Gulping|
|-supereffective|p1a: Sandaconda
|-damage|p1a: Sandaconda|0 fnt
|faint|p1a: Sandaconda
|
|upkeep
|
|t:|1643751701
|switch|p1a: Uxie|Uxie|100/100
|turn|20
|
|t:|1643751707
|switch|p1a: Cofagrigus|Cofagrigus, M|62/100
|move|p2a: Cramorant|Surf|p1a: Cofagrigus
|-damage|p1a: Cofagrigus|28/100
|
|upkeep
|turn|21
|
|t:|1643751713
|move|p2a: Cramorant|Surf|p1a: Cofagrigus
|-damage|p1a: Cofagrigus|0 fnt
|faint|p1a: Cofagrigus
|
|upkeep
|
|t:|1643751716
|switch|p1a: Uxie|Uxie|100/100
|turn|22
|
|t:|1643751720
|switch|p2a: Centiskorch|Centiskorch, M|100/100
|move|p1a: Uxie|Calm Mind|p1a: Uxie
|-boost|p1a: Uxie|spa|1
|-boost|p1a: Uxie|spd|1
|
|upkeep
|turn|23
|
|t:|1643751725
|move|p2a: Centiskorch|Leech Life|p1a: Uxie
|-supereffective|p1a: Uxie
|-damage|p1a: Uxie|52/100
|move|p1a: Uxie|Calm Mind|p1a: Uxie
|-boost|p1a: Uxie|spa|1
|-boost|p1a: Uxie|spd|1
|
|-heal|p1a: Uxie|59/100|[from] item: Leftovers
|upkeep
|turn|24
|
|t:|1643751732
|move|p2a: Centiskorch|Leech Life|p1a: Uxie
|-supereffective|p1a: Uxie
|-damage|p1a: Uxie|14/100
|move|p1a: Uxie|Stored Power|p2a: Centiskorch
|-damage|p2a: Centiskorch|44/100
|
|-heal|p1a: Uxie|20/100|[from] item: Leftovers
|upkeep
|turn|25
|
|t:|1643751739
|move|p2a: Centiskorch|Leech Life|p1a: Uxie
|-supereffective|p1a: Uxie
|-damage|p1a: Uxie|0 fnt
|-heal|p2a: Centiskorch|54/100|[from] drain|[of] p1a: Uxie
|faint|p1a: Uxie
|
|upkeep
|
|t:|1643751745
|switch|p1a: Ninjask|Ninjask, M|100/100
|turn|26
|
|t:|1643751748
|move|p1a: Ninjask|Acrobatics|p2a: Centiskorch
|-supereffective|p2a: Centiskorch
|-damage|p2a: Centiskorch|0 fnt
|faint|p2a: Centiskorch
|
|-ability|p1a: Ninjask|Speed Boost|boost
|-boost|p1a: Ninjask|spe|1
|upkeep
|
|t:|1643751751
|switch|p2a: Cramorant|Cramorant, F, shiny|100/100
|turn|27
|
|t:|1643751757
|move|p1a: Ninjask|Swords Dance|p1a: Ninjask
|-boost|p1a: Ninjask|atk|2
|move|p2a: Cramorant|Air Slash|p1a: Ninjask
|-supereffective|p1a: Ninjask
|-damage|p1a: Ninjask|0 fnt
|faint|p1a: Ninjask
|
|win|Kangtothetop
|raw|Dddiamond's rating: 1183 &rarr; <strong>1152</strong><br />(-31 for losing)
|raw|Kangtothetop's rating: 1093 &rarr; <strong>1126</strong><br />(+33 for winning)
|c|☆Kangtothetop|gg
