|j|☆panned bomb
|j|☆kingqueso141
|t:|1644536289
|gametype|singles
|player|p1|panned bomb|265|1625
|player|p2|kingqueso141|rosa|1463
|teamsize|p1|6
|teamsize|p2|6
|gen|8
|tier|[Gen 8] PU
|rated|
|rule|Sleep Clause Mod: Limit one foe put to sleep
|rule|Species Clause: Limit one of each Pokémon
|rule|OHKO Clause: OHKO moves are banned
|rule|Evasion Moves Clause: Evasion moves are banned
|rule|Endless Battle Clause: Forcing endless battles is banned
|rule|HP Percentage Mod: HP is shown in percentages
|rule|Dynamax Clause: You cannot dynamax
|clearpoke
|poke|p1|Espeon, M|
|poke|p1|Vikavolt, M|
|poke|p1|Weezing, F|
|poke|p1|Ribombee, F|
|poke|p1|Flapple, F|
|poke|p1|Regigigas|
|poke|p2|Regirock|
|poke|p2|Ferroseed, F|
|poke|p2|Centiskorch, F|
|poke|p2|Espeon, M|
|poke|p2|Silvally-*|
|poke|p2|Jellicent, F|
|teampreview
|
|t:|1644536305
|start
|switch|p1a: Vikavolt|Vikavolt, M|100/100
|switch|p2a: Espeon|Espeon, M|100/100
|turn|1
|
|t:|1644536320
|switch|p2a: Ferroseed|Ferroseed, F|100/100
|move|p1a: Vikavolt|Volt Switch|p2a: Ferroseed
|-resisted|p2a: Ferroseed
|-damage|p2a: Ferroseed|77/100
|-damage|p1a: Vikavolt|91/100|[from] item: Life Orb
|
|t:|1644536325
|switch|p1a: Espeon|Espeon, M|100/100|[from]move: Volt Switch
|
|upkeep
|turn|2
|
|t:|1644536329
|move|p1a: Espeon|Future Sight|p2a: Ferroseed
|-start|p1a: Espeon|move: Future Sight
|move|p2a: Ferroseed|Knock Off|p1a: Espeon
|-supereffective|p1a: Espeon
|-damage|p1a: Espeon|77/100
|-enditem|p1a: Espeon|Leftovers|[from] move: Knock Off|[of] p2a: Ferroseed
|
|upkeep
|turn|3
|
|t:|1644536340
|switch|p1a: Weezing|Weezing, F|100/100
|-ability|p1a: Weezing|Neutralizing Gas
|move|p2a: Ferroseed|Gyro Ball|p1a: Weezing
|-damage|p1a: Weezing|80/100
|-damage|p2a: Ferroseed|61/100|[from] item: Rocky Helmet|[of] p1a: Weezing
|
|upkeep
|turn|4
|
|t:|1644536347
|switch|p2a: Espeon|Espeon, M|100/100
|move|p1a: Weezing|Taunt|p2a: Espeon
|-start|p2a: Espeon|move: Taunt
|
|-end|p2a: Espeon|move: Future Sight
|-resisted|p2a: Espeon
|-damage|p2a: Espeon|66/100
|upkeep
|turn|5
|
|t:|1644536362
|-end|p1a: Weezing|ability: Neutralizing Gas
|switch|p1a: Regigigas|Regigigas|100/100
|-start|p1a: Regigigas|ability: Slow Start
|move|p2a: Espeon|Psychic|p1a: Regigigas
|-damage|p1a: Regigigas|56/100
|-unboost|p1a: Regigigas|spd|1
|
|-heal|p1a: Regigigas|62/100|[from] item: Leftovers
|upkeep
|turn|6
|
|t:|1644536370
|-end|p1a: Regigigas|Slow Start|[silent]
|switch|p1a: Espeon|Espeon, M|77/100
|move|p2a: Espeon|Psychic|p1a: Espeon
|-resisted|p1a: Espeon
|-damage|p1a: Espeon|39/100
|-unboost|p1a: Espeon|spd|1
|
|-end|p2a: Espeon|move: Taunt
|upkeep
|turn|7
|
|t:|1644536388
|move|p1a: Espeon|Protect|p1a: Espeon
|-singleturn|p1a: Espeon|Protect
|move|p2a: Espeon|Psychic|p1a: Espeon
|-activate|p1a: Espeon|move: Protect
|
|upkeep
|turn|8
|
|t:|1644536397
|switch|p1a: Vikavolt|Vikavolt, M|91/100
|move|p2a: Espeon|Psychic|p1a: Vikavolt
|-damage|p1a: Vikavolt|0 fnt
|faint|p1a: Vikavolt
|
|upkeep
|
|t:|1644536413
|switch|p1a: Regigigas|Regigigas|62/100
|-start|p1a: Regigigas|ability: Slow Start
|turn|9
|
|t:|1644536422
|switch|p2a: Ferroseed|Ferroseed, F|61/100
|move|p1a: Regigigas|Knock Off|p2a: Ferroseed
|-damage|p2a: Ferroseed|49/100
|-damage|p1a: Regigigas|50/100|[from] ability: Iron Barbs|[of] p2a: Ferroseed
|-enditem|p2a: Ferroseed|Eviolite|[from] move: Knock Off|[of] p1a: Regigigas
|
|-heal|p1a: Regigigas|56/100|[from] item: Leftovers
|upkeep
|turn|10
|
|t:|1644536426
|-end|p1a: Regigigas|Slow Start|[silent]
|switch|p1a: Espeon|Espeon, M|39/100
|move|p2a: Ferroseed|Leech Seed|p1a: Espeon
|move|p1a: Espeon|Leech Seed|p2a: Ferroseed|[from]ability: Magic Bounce
|-immune|p2a: Ferroseed
|
|upkeep
|turn|11
|
|t:|1644536433
|switch|p2a: Silvally|Silvally-Dark|100/100
|move|p1a: Espeon|Wish|p1a: Espeon
|
|upkeep
|turn|12
|
|t:|1644536444
|switch|p2a: Espeon|Espeon, M|66/100
|switch|p1a: Ribombee|Ribombee, F|100/100
|
|upkeep
|turn|13
|
|t:|1644536454
|switch|p2a: Regirock|Regirock|100/100
|move|p1a: Ribombee|Moonblast|p2a: Regirock
|-damage|p2a: Regirock|61/100
|
|-heal|p2a: Regirock|68/100|[from] item: Leftovers
|upkeep
|turn|14
|
|t:|1644536466
|switch|p1a: Weezing|Weezing, F|80/100
|-ability|p1a: Weezing|Neutralizing Gas
|switch|p2a: Centiskorch|Centiskorch, F|100/100
|
|upkeep
|turn|15
|
|t:|1644536471
|move|p2a: Centiskorch|Fire Lash|p1a: Weezing
|-damage|p1a: Weezing|52/100
|-unboost|p1a: Weezing|def|1
|-damage|p2a: Centiskorch|84/100|[from] item: Rocky Helmet|[of] p1a: Weezing
|move|p1a: Weezing|Toxic Spikes|p2a: Centiskorch
|-sidestart|p2: kingqueso141|move: Toxic Spikes
|
|upkeep
|turn|16
|
|t:|1644536480
|move|p2a: Centiskorch|Knock Off|p1a: Weezing
|-damage|p1a: Weezing|21/100
|-damage|p2a: Centiskorch|68/100|[from] item: Rocky Helmet|[of] p1a: Weezing
|-enditem|p1a: Weezing|Rocky Helmet|[from] move: Knock Off|[of] p2a: Centiskorch
|move|p1a: Weezing|Pain Split|p2a: Centiskorch
|-sethp|p2a: Centiskorch|44/100|[from] move: Pain Split|[silent]
|-sethp|p1a: Weezing|45/100|[from] move: Pain Split
|
|upkeep
|turn|17
|
|t:|1644536491
|move|p2a: Centiskorch|Fire Lash|p1a: Weezing
|-damage|p1a: Weezing|5/100
|-unboost|p1a: Weezing|def|1
|move|p1a: Weezing|Sludge Bomb|p2a: Centiskorch
|-damage|p2a: Centiskorch|16/100
|
|upkeep
|turn|18
|
|t:|1644536497
|move|p2a: Centiskorch|Fire Lash|p1a: Weezing
|-damage|p1a: Weezing|0 fnt
|faint|p1a: Weezing
|-end|p1a: Weezing|ability: Neutralizing Gas
|
|upkeep
|
|t:|1644536513
|switch|p1a: Espeon|Espeon, M|39/100
|turn|19
|
|t:|1644536516
|move|p1a: Espeon|Psychic|p2a: Centiskorch
|-damage|p2a: Centiskorch|0 fnt
|faint|p2a: Centiskorch
|
|upkeep
|
|t:|1644536520
|switch|p2a: Silvally|Silvally-Dark|100/100
|-status|p2a: Silvally|psn
|turn|20
|
|t:|1644536529
|move|p2a: Silvally|Flame Charge|p1a: Espeon
|-damage|p1a: Espeon|24/100
|-boost|p2a: Silvally|spe|1
|move|p1a: Espeon|Wish|p1a: Espeon
|
|-damage|p2a: Silvally|88/100 psn|[from] psn
|upkeep
|turn|21
|
|t:|1644536533
|switch|p1a: Regigigas|Regigigas|56/100
|-start|p1a: Regigigas|ability: Slow Start
|move|p2a: Silvally|Swords Dance|p2a: Silvally
|-boost|p2a: Silvally|atk|2
|
|-heal|p1a: Regigigas|95/100|[from] move: Wish|[wisher] Espeon
|-heal|p1a: Regigigas|100/100|[from] item: Leftovers
|-damage|p2a: Silvally|76/100 psn|[from] psn
|upkeep
|turn|22
|
|t:|1644536549
|move|p2a: Silvally|Swords Dance|p2a: Silvally
|-boost|p2a: Silvally|atk|2
|move|p1a: Regigigas|Body Slam|p2a: Silvally
|-damage|p2a: Silvally|50/100 psn
|
|-damage|p2a: Silvally|38/100 psn|[from] psn
|upkeep
|turn|23
|
|t:|1644536560
|-end|p1a: Regigigas|Slow Start|[silent]
|switch|p1a: Espeon|Espeon, M|24/100
|move|p2a: Silvally|Multi-Attack|p1a: Espeon
|-supereffective|p1a: Espeon
|-damage|p1a: Espeon|0 fnt
|faint|p1a: Espeon
|
|-damage|p2a: Silvally|25/100 psn|[from] psn
|upkeep
|
|t:|1644536562
|switch|p1a: Flapple|Flapple, F|100/100
|turn|24
|
|t:|1644536565
|move|p1a: Flapple|Sucker Punch|p2a: Silvally
|-resisted|p2a: Silvally
|-damage|p2a: Silvally|0 fnt
|faint|p2a: Silvally
|-damage|p1a: Flapple|91/100|[from] item: Life Orb
|
|upkeep
|
|t:|1644536573
|switch|p2a: Jellicent|Jellicent, F|100/100
|-status|p2a: Jellicent|psn
|turn|25
|
|t:|1644536577
|move|p1a: Flapple|Grav Apple|p2a: Jellicent
|-supereffective|p2a: Jellicent
|-damage|p2a: Jellicent|0 fnt
|-start|p1a: Flapple|Disable|Grav Apple|[from] ability: Cursed Body|[of] p2a: Jellicent
|faint|p2a: Jellicent
|-damage|p1a: Flapple|81/100|[from] item: Life Orb
|
|upkeep
|
|t:|1644536581
|switch|p2a: Ferroseed|Ferroseed, F|49/100
|turn|26
|
|t:|1644536600
|move|p1a: Flapple|U-turn|p2a: Ferroseed
|-damage|p2a: Ferroseed|6/100
|-damage|p1a: Flapple|68/100|[from] ability: Iron Barbs|[of] p2a: Ferroseed
|-damage|p1a: Flapple|58/100|[from] item: Life Orb
|
|t:|1644536602
|switch|p1a: Regigigas|Regigigas|100/100|[from]move: U-turn
|-start|p1a: Regigigas|ability: Slow Start
|move|p2a: Ferroseed|Knock Off|p1a: Regigigas
|-damage|p1a: Regigigas|90/100
|-enditem|p1a: Regigigas|Leftovers|[from] move: Knock Off|[of] p2a: Ferroseed
|
|upkeep
|turn|27
|
|t:|1644536611
|move|p1a: Regigigas|Knock Off|p2a: Ferroseed
|-damage|p2a: Ferroseed|0 fnt
|-damage|p1a: Regigigas|77/100|[from] ability: Iron Barbs|[of] p2a: Ferroseed
|faint|p2a: Ferroseed
|
|upkeep
|
|t:|1644536615
|switch|p2a: Regirock|Regirock|68/100
|-status|p2a: Regirock|psn
|turn|28
|
|t:|1644536626
|move|p2a: Regirock|Body Press|p1a: Regigigas
|-supereffective|p1a: Regigigas
|-damage|p1a: Regigigas|15/100
|move|p1a: Regigigas|Rest|p1a: Regigigas
|-status|p1a: Regigigas|slp|[from] move: Rest
|-heal|p1a: Regigigas|100/100 slp|[silent]
|
|-heal|p2a: Regirock|74/100 psn|[from] item: Leftovers
|-damage|p2a: Regirock|61/100 psn|[from] psn
|upkeep
|turn|29
|
|t:|1644536634
|move|p2a: Regirock|Body Press|p1a: Regigigas
|-supereffective|p1a: Regigigas
|-damage|p1a: Regigigas|35/100 slp
|cant|p1a: Regigigas|slp
|move|p1a: Regigigas|Sleep Talk|p1a: Regigigas
|move|p1a: Regigigas|Rest||[from]move: Sleep Talk|[still]
|-fail|p1a: Regigigas
|
|-heal|p2a: Regirock|67/100 psn|[from] item: Leftovers
|-damage|p2a: Regirock|55/100 psn|[from] psn
|upkeep
|turn|30
|
|t:|1644536644
|-end|p1a: Regigigas|Slow Start|[silent]
|switch|p1a: Ribombee|Ribombee, F|100/100
|move|p2a: Regirock|Body Press|p1a: Ribombee
|-resisted|p1a: Ribombee
|-damage|p1a: Ribombee|78/100
|
|-heal|p2a: Regirock|61/100 psn|[from] item: Leftovers
|-damage|p2a: Regirock|49/100 psn|[from] psn
|upkeep
|turn|31
|
|t:|1644536655
|switch|p1a: Flapple|Flapple, F|58/100
|move|p2a: Regirock|Rock Blast|p1a: Flapple|[miss]
|-miss|p2a: Regirock|p1a: Flapple
|
|-heal|p2a: Regirock|55/100 psn|[from] item: Leftovers
|-damage|p2a: Regirock|42/100 psn|[from] psn
|upkeep
|turn|32
|
|t:|1644536664
|move|p1a: Flapple|Grav Apple|p2a: Regirock
|-supereffective|p2a: Regirock
|-damage|p2a: Regirock|0 fnt
|faint|p2a: Regirock
|-damage|p1a: Flapple|48/100|[from] item: Life Orb
|
|upkeep
|
|t:|1644536667
|switch|p2a: Espeon|Espeon, M|66/100
|-status|p2a: Espeon|psn
|turn|33
|
|t:|1644536676
|move|p1a: Flapple|Sucker Punch|p2a: Espeon
|-supereffective|p2a: Espeon
|-damage|p2a: Espeon|0 fnt
|faint|p2a: Espeon
|-damage|p1a: Flapple|38/100|[from] item: Life Orb
|
|win|panned bomb
|raw|panned bomb's rating: 1625 &rarr; <strong>1636</strong><br />(+11 for winning)
|raw|kingqueso141's rating: 1463 &rarr; <strong>1452</strong><br />(-11 for losing)
|c|☆kingqueso141|gg
|c|☆panned bomb|GG
