|j|☆zSpxdes
|j|☆allstarapology
|t:|1604773693
|player|p1|zSpxdes|dawn-gen4pt|
|player|p2|allstarapology|nurse|
|teamsize|p1|6
|teamsize|p2|6
|gametype|singles
|gen|8
|tier|[Gen 8] PU
|clearpoke
|poke|p1|Rotom-Fan|
|poke|p1|Kangaskhan, F|
|poke|p1|Accelgor, M|
|poke|p1|Togedemaru, M|
|poke|p1|Corsola-Galar, F|
|poke|p1|Carracosta, F|
|poke|p2|Frosmoth, M|
|poke|p2|Sandaconda, M|
|poke|p2|Rotom-Fan|
|poke|p2|Appletun, F|
|poke|p2|Silvally-*|
|poke|p2|Togedemaru, M|
|rule|Sleep Clause Mod: Limit one foe put to sleep
|rule|Species Clause: Limit one of each Pokémon
|rule|OHKO Clause: OHKO moves are banned
|rule|Evasion Moves Clause: Evasion moves are banned
|rule|Endless Battle Clause: Forcing endless battles is banned
|rule|HP Percentage Mod: HP is shown in percentages
|rule|Dynamax Clause: You cannot dynamax
|teampreview
|inactive|Battle timer is ON: inactive players will automatically lose when time's up. (requested by allstarapology)
|c|☆zSpxdes|hf
|c|☆allstarapology|u2
|j| Squash17
|inactive|zSpxdes has 270 seconds left.
|inactive|allstarapology has 270 seconds left.
|j| ptf
|j| tdf9968
|c| ptf|omg exciting!!!!
|j| royesk
|j|@MZ
|j|%Specs
|j|+Tone
|j| termiii
|j| Expulso
|j| vaporeon098
|c| Squash17|:fire:
|c| royesk|Go both go
|j| ambipoM unviablE
|c| royesk|'-'
|j| Sev3n Kayne
|inactive|zSpxdes has 240 seconds left.
|inactive|allstarapology has 240 seconds left.
|j| Skipkan
|j| uhuhuhu7
|j| Aekasora
|l| tdf9968
|j| Kingcat007
|
|t:|1604773770
|start
|switch|p1a: Accelgor|Accelgor, M|100/100
|switch|p2a: Rotom|Rotom-Fan|100/100
|turn|1
|l| royesk
|j| obii ∫
|c| ptf|goooo zs
|inactive|allstarapology has 270 seconds left.
|j| mr milez
|l|+Tone
|inactive|zSpxdes has 270 seconds left.
|j|+HJAD
|inactive|allstarapology has 240 seconds left.
|j| TheShowdownHoedown
|c| TheShowdownHoedown|idk who to root for here lo
|l|+HJAD
|
|t:|1604773842
|move|p1a: Accelgor|U-turn|p2a: Rotom
|-resisted|p2a: Rotom
|-damage|p2a: Rotom|92/100
|
|t:|1604773853
|switch|p1a: Corsola|Corsola-Galar, F|100/100|[from]move: U-turn
|move|p2a: Rotom|Will-O-Wisp|p1a: Corsola
|-status|p1a: Corsola|brn
|
|-damage|p1a: Corsola|94/100 brn|[from] brn
|upkeep
|turn|2
|j| UberSkitty❤
|j| 7MM
|c| 7MM|GO TEAM
|
|t:|1604773865
|move|p2a: Rotom|Volt Switch|p1a: Corsola
|-damage|p1a: Corsola|76/100 brn
|
|t:|1604773869
|switch|p2a: Appletun|Appletun, F|100/100|[from]move: Volt Switch
|move|p1a: Corsola|Stealth Rock|p2a: Appletun
|-sidestart|p2: allstarapology|move: Stealth Rock
|
|-damage|p1a: Corsola|70/100 brn|[from] brn
|upkeep
|turn|3
|l|@MZ
|inactive|allstarapology has 240 seconds left.
|inactive|zSpxdes has 240 seconds left.
|l| TheShowdownHoedown
|j| jcbc
|
|t:|1604773922
|switch|p1a: Accelgor|Accelgor, M|100/100
|move|p2a: Appletun|Dragon Pulse|p1a: Accelgor
|-damage|p1a: Accelgor|57/100
|
|upkeep
|turn|4
|inactive|allstarapology has 240 seconds left.
|j| TopHill333
|n| TNTCool|tophill333
|inactive|allstarapology has 210 seconds left.
|
|t:|1604773970
|switch|p2a: Rotom|Rotom-Fan|92/100
|move|p1a: Accelgor|Knock Off|p2a: Rotom
|-damage|p2a: Rotom|77/100
|-enditem|p2a: Rotom|Heavy-Duty Boots|[from] move: Knock Off|[of] p1a: Accelgor
|
|upkeep
|turn|5
|inactive|allstarapology has 210 seconds left.
|j| TSR
|l| jcbc
|inactive|zSpxdes has 210 seconds left.
|
|t:|1604774000
|move|p1a: Accelgor|U-turn|p2a: Rotom
|-resisted|p2a: Rotom
|-damage|p2a: Rotom|68/100
|j| Dragonillis
|j|+ShinyAzelf
|
|t:|1604774012
|switch|p1a: Rotom|Rotom-Fan|100/100|[from]move: U-turn
|move|p2a: Rotom|Defog|p1a: Rotom
|-unboost|p1a: Rotom|evasion|1
|-sideend|p2: allstarapology|Stealth Rock|[from] move: Defog|[of] p2a: Rotom
|
|upkeep
|turn|6
|j| HGgamer
|inactive|zSpxdes has 180 seconds left.
|j| MinoGod94
|
|t:|1604774046
|move|p1a: Rotom|Volt Switch|p2a: Rotom
|-damage|p2a: Rotom|33/100
|j| cafay sen sukr
|inactive|zSpxdes has 180 seconds left.
|
|t:|1604774052
|switch|p1a: Togedemaru|Togedemaru, M, shiny|100/100|[from]move: Volt Switch
|move|p2a: Rotom|Volt Switch|p1a: Togedemaru
|-resisted|p1a: Togedemaru
|-damage|p1a: Togedemaru|86/100
|c| cafay sen sukr|go zs
|
|t:|1604774058
|switch|p2a: Sandaconda|Sandaconda, M|100/100|[from]move: Volt Switch
|
|upkeep
|turn|7
|j| jcbc
|inactive|zSpxdes has 180 seconds left.
|c| ptf|amen
|j|+tjay
|inactive|allstarapology has 210 seconds left.
|j| Bekaray ㋛❀
|inactive|zSpxdes has 150 seconds left.
|l| jcbc
|n| Bekaray ㋛❀@!|bekaray
|
|t:|1604774113
|switch|p1a: Rotom|Rotom-Fan|100/100
|switch|p2a: Togedemaru|Togedemaru, M|100/100
|
|upkeep
|turn|8
|j| ironwater@!
|inactive|zSpxdes has 150 seconds left.
|
|t:|1604774133
|move|p2a: Togedemaru|Zing Zap|p1a: Rotom
|-crit|p1a: Rotom
|-damage|p1a: Rotom|28/100
|move|p1a: Rotom|Volt Switch|p2a: Togedemaru
|-resisted|p2a: Togedemaru
|-damage|p2a: Togedemaru|76/100
|
|t:|1604774138
|switch|p1a: Togedemaru|Togedemaru, M, shiny|86/100|[from]move: Volt Switch
|
|upkeep
|turn|9
|
|t:|1604774143
|switch|p2a: Sandaconda|Sandaconda, M|100/100
|move|p1a: Togedemaru|Wish|p1a: Togedemaru
|
|upkeep
|turn|10
|j| jcbc
|l| vaporeon098
|
|t:|1604774151
|switch|p2a: Silvally|Silvally-Poison|100/100
|move|p1a: Togedemaru|U-turn|p2a: Silvally
|-resisted|p2a: Silvally
|-damage|p2a: Silvally|91/100
|
|t:|1604774155
|switch|p1a: Rotom|Rotom-Fan|28/100|[from]move: U-turn
|
|-heal|p1a: Rotom|98/100|[from] move: Wish|[wisher] Togedemaru
|upkeep
|turn|11
|inactive|zSpxdes has 180 seconds left.
|j| laevin ㋛
|
|t:|1604774162
|switch|p1a: Corsola|Corsola-Galar, F|70/100 brn
|move|p2a: Silvally|Multi-Attack|p1a: Corsola
|-resisted|p1a: Corsola
|-damage|p1a: Corsola|58/100 brn
|-start|p2a: Silvally|Disable|Multi-Attack|[from] ability: Cursed Body|[of] p1a: Corsola
|
|-damage|p1a: Corsola|52/100 brn|[from] brn
|upkeep
|turn|12
|l| obii ∫
|
|t:|1604774167
|switch|p2a: Rotom|Rotom-Fan|33/100
|move|p1a: Corsola|Strength Sap|p2a: Rotom
|-unboost|p2a: Rotom|atk|1
|-heal|p1a: Corsola|89/100 brn
|
|-damage|p1a: Corsola|83/100 brn|[from] brn
|upkeep
|turn|13
|l| ambipoM unviablE
|inactive|zSpxdes has 180 seconds left.
|
|t:|1604774188
|switch|p1a: Togedemaru|Togedemaru, M, shiny|86/100
|move|p2a: Rotom|Volt Switch|p1a: Togedemaru
|-resisted|p1a: Togedemaru
|-damage|p1a: Togedemaru|73/100
|
|t:|1604774193
|switch|p2a: Silvally|Silvally-Poison|91/100|[from]move: Volt Switch
|
|upkeep
|turn|14
|
|t:|1604774199
|switch|p1a: Corsola|Corsola-Galar, F|83/100 brn
|move|p2a: Silvally|Flamethrower|p1a: Corsola
|-damage|p1a: Corsola|68/100 brn
|
|-damage|p1a: Corsola|61/100 brn|[from] brn
|upkeep
|turn|15
|j| Altthiel
|inactive|allstarapology has 240 seconds left.
|j| ambipoM unviablE
|
|t:|1604774212
|switch|p2a: Rotom|Rotom-Fan|33/100
|move|p1a: Corsola|Night Shade|p2a: Rotom
|-damage|p2a: Rotom|0 fnt
|faint|p2a: Rotom
|
|-damage|p1a: Corsola|55/100 brn|[from] brn
|upkeep
|c| Altthiel|lgi zSpadon!
|l| jcbc
|
|t:|1604774237
|switch|p2a: Frosmoth|Frosmoth, M|100/100
|turn|16
|l| ambipoM unviablE
|
|t:|1604774240
|switch|p1a: Togedemaru|Togedemaru, M, shiny|73/100
|move|p2a: Frosmoth|Substitute|p2a: Frosmoth
|-start|p2a: Frosmoth|Substitute
|-damage|p2a: Frosmoth|76/100
|
|upkeep
|turn|17
|j| royesk
|
|t:|1604774243
|move|p1a: Togedemaru|Iron Head|p2a: Frosmoth
|-supereffective|p2a: Frosmoth
|-end|p2a: Frosmoth|Substitute
|move|p2a: Frosmoth|Ice Beam|p1a: Togedemaru
|-resisted|p1a: Togedemaru
|-damage|p1a: Togedemaru|47/100
|
|upkeep
|turn|18
|
|t:|1604774249
|switch|p2a: Sandaconda|Sandaconda, M|100/100
|move|p1a: Togedemaru|Wish|p1a: Togedemaru
|
|upkeep
|turn|19
|inactive|zSpxdes has 240 seconds left.
|j| Agarica
|j| Ladder PU
|inactive|zSpxdes has 210 seconds left.
|
|t:|1604774286
|move|p1a: Togedemaru|Spiky Shield|p1a: Togedemaru
|-singleturn|p1a: Togedemaru|move: Protect
|move|p2a: Sandaconda|Stealth Rock|p1a: Togedemaru
|-sidestart|p1: zSpxdes|move: Stealth Rock
|
|-heal|p1a: Togedemaru|97/100|[from] move: Wish|[wisher] Togedemaru
|upkeep
|turn|20
|j| Tokyo Tower
|l| MinoGod94
|
|t:|1604774292
|switch|p2a: Togedemaru|Togedemaru, M|76/100
|move|p1a: Togedemaru|U-turn|p2a: Togedemaru
|-resisted|p2a: Togedemaru
|-damage|p2a: Togedemaru|61/100
|-damage|p1a: Togedemaru|84/100|[from] ability: Iron Barbs|[of] p2a: Togedemaru
|
|t:|1604774300
|switch|p1a: Corsola|Corsola-Galar, F|55/100 brn|[from]move: U-turn
|-damage|p1a: Corsola|43/100 brn|[from] Stealth Rock
|
|-damage|p1a: Corsola|37/100 brn|[from] brn
|upkeep
|turn|21
|
|t:|1604774305
|move|p2a: Togedemaru|Zing Zap|p1a: Corsola
|-damage|p1a: Corsola|17/100 brn
|move|p1a: Corsola|Strength Sap|p2a: Togedemaru
|-unboost|p2a: Togedemaru|atk|1
|-heal|p1a: Corsola|100/100 brn
|
|-damage|p1a: Corsola|94/100 brn|[from] brn
|upkeep
|turn|22
|inactive|allstarapology has 270 seconds left.
|inactive|zSpxdes has 210 seconds left.
|j| LaBalladeDesCieux
|
|t:|1604774334
|switch|p2a: Appletun|Appletun, F|100/100
|switch|p1a: Rotom|Rotom-Fan|98/100
|
|upkeep
|turn|23
|l| Expulso
|inactive|zSpxdes has 210 seconds left.
|
|t:|1604774345
|move|p1a: Rotom|Nasty Plot|p1a: Rotom
|-boost|p1a: Rotom|spa|2
|move|p2a: Appletun|Dragon Pulse|p1a: Rotom
|-damage|p1a: Rotom|58/100
|
|upkeep
|turn|24
|j| J'OjoS「〄」@!
|
|t:|1604774351
|switch|p2a: Togedemaru|Togedemaru, M|61/100
|move|p1a: Rotom|Volt Switch|p2a: Togedemaru
|-resisted|p2a: Togedemaru
|-damage|p2a: Togedemaru|12/100
|
|t:|1604774356
|switch|p1a: Togedemaru|Togedemaru, M, shiny|84/100|[from]move: Volt Switch
|
|upkeep
|turn|25
|
|t:|1604774364
|switch|p2a: Silvally|Silvally-Poison|91/100
|move|p1a: Togedemaru|Wish|p1a: Togedemaru
|
|upkeep
|turn|26
|
|t:|1604774372
|move|p2a: Silvally|Work Up|p2a: Silvally
|-boost|p2a: Silvally|atk|1
|-boost|p2a: Silvally|spa|1
|move|p1a: Togedemaru|U-turn|p2a: Silvally
|-resisted|p2a: Silvally
|-damage|p2a: Silvally|83/100
|
|t:|1604774376
|switch|p1a: Rotom|Rotom-Fan|58/100|[from]move: U-turn
|
|-heal|p1a: Rotom|100/100|[from] move: Wish|[wisher] Togedemaru
|upkeep
|turn|27
|
|t:|1604774383
|switch|p1a: Corsola|Corsola-Galar, F|94/100 brn
|-damage|p1a: Corsola|82/100 brn|[from] Stealth Rock
|move|p2a: Silvally|Flamethrower|p1a: Corsola
|-damage|p1a: Corsola|58/100 brn
|-start|p2a: Silvally|Disable|Flamethrower|[from] ability: Cursed Body|[of] p1a: Corsola
|
|-damage|p1a: Corsola|52/100 brn|[from] brn
|upkeep
|turn|28
|l| J'OjoS「〄」
|j| jcbc
|
|t:|1604774388
|switch|p2a: Appletun|Appletun, F|100/100
|move|p1a: Corsola|Strength Sap|p2a: Appletun
|-unboost|p2a: Appletun|atk|1
|-heal|p1a: Corsola|100/100 brn
|
|-damage|p1a: Corsola|94/100 brn|[from] brn
|upkeep
|turn|29
|
|t:|1604774393
|switch|p1a: Accelgor|Accelgor, M|57/100
|move|p2a: Appletun|Leech Seed|p1a: Accelgor
|-start|p1a: Accelgor|move: Leech Seed
|
|-damage|p1a: Accelgor|45/100|[from] Leech Seed|[of] p2a: Appletun
|upkeep
|turn|30
|inactive|zSpxdes has 270 seconds left.
|
|t:|1604774401
|move|p1a: Accelgor|U-turn|p2a: Appletun
|-supereffective|p2a: Appletun
|-damage|p2a: Appletun|70/100
|
|t:|1604774405
|switch|p1a: Rotom|Rotom-Fan|100/100|[from]move: U-turn
|move|p2a: Appletun|Dragon Pulse|p1a: Rotom
|-damage|p1a: Rotom|63/100
|
|upkeep
|turn|31
|
|t:|1604774410
|switch|p2a: Silvally|Silvally-Poison|83/100
|move|p1a: Rotom|Air Slash|p2a: Silvally
|-damage|p2a: Silvally|39/100
|
|upkeep
|turn|32
|
|t:|1604774420
|switch|p2a: Frosmoth|Frosmoth, M|76/100
|move|p1a: Rotom|Volt Switch|p2a: Frosmoth
|-damage|p2a: Frosmoth|56/100
|
|t:|1604774423
|switch|p1a: Togedemaru|Togedemaru, M, shiny|84/100|[from]move: Volt Switch
|
|upkeep
|turn|33
|c| ptf|zs you beast
|
|t:|1604774427
|switch|p2a: Sandaconda|Sandaconda, M|100/100
|move|p1a: Togedemaru|Wish|p1a: Togedemaru
|
|upkeep
|turn|34
|j| ambipoM unviablE
|
|t:|1604774444
|move|p1a: Togedemaru|U-turn|p2a: Sandaconda
|-damage|p2a: Sandaconda|91/100
|-damage|p1a: Togedemaru|68/100|[from] item: Rocky Helmet|[of] p2a: Sandaconda
|
|t:|1604774449
|switch|p1a: Rotom|Rotom-Fan|63/100|[from]move: U-turn
|move|p2a: Sandaconda|Earthquake|p1a: Rotom
|-immune|p1a: Rotom
|
|-heal|p1a: Rotom|100/100|[from] move: Wish|[wisher] Togedemaru
|upkeep
|turn|35
|c|☆allstarapology|yep, i don't win
|c|☆allstarapology|gg
|-message|allstarapology forfeited.
|
|win|zSpxdes
|c|☆zSpxdes|gg
|l|☆allstarapology
|c| termiii|nooo
|l| termiii
|c| jcbc|nooo
|l| Kingcat007
|l| laevin ㋛
|l| jcbc
|l| TNTCool
|l| ironwater
|l| ambipoM unviablE
|j| clorodulce (-_-)
|l| Aekasora
|l|%Specs
|l| royesk
|l| Squash17
|l| Bekaray ㋛❀
|l| HGgamer
|l| Sev3n Kayne
|l| uhuhuhu7
|l| ptf
|l| UberSkitty❤
|j| Pujolly
|l| cafay sen sukr
|j| hehahd
|j| SpacialRendevous
|j| Charbi
|j| palapapop
|l| palapapop
|j| fromtheboottt
|l| Agarica
|j| Calem∞DPU ⚥
|l| SpacialRendevous
|l| 7MM
|l| Calem∞DPU ⚥
|l| hehahd
|n| UR9 Cloro|clorodulce
|l| Altthiel
|l| Ladder PU
|l| Skipkan
|l| Pujolly
|j| SergioRules
