|raw|<div class="broadcast-blue"><strong>This battle is required to be public due to a player having a name starting with 'pult4t2'.</div>
|j|☆Persona111
|j|☆PULT4T2 Irish
|t:|1661435825
|gametype|singles
|player|p1|Persona111|byron|1444
|player|p2|PULT4T2 Irish|misty|1515
|teamsize|p1|6
|teamsize|p2|6
|gen|8
|tier|[Gen 8] PU
|rated|
|rule|Sleep Clause Mod: Limit one foe put to sleep
|rule|Species Clause: Limit one of each Pokémon
|rule|OHKO Clause: OHKO moves are banned
|rule|Evasion Items Clause: Evasion items are banned
|rule|Evasion Moves Clause: Evasion moves are banned
|rule|Endless Battle Clause: Forcing endless battles is banned
|rule|HP Percentage Mod: HP is shown in percentages
|rule|Dynamax Clause: You cannot dynamax
|clearpoke
|poke|p1|Frosmoth, M|
|poke|p1|Sandaconda, F|
|poke|p1|Whimsicott, F|
|poke|p1|Charizard, M|
|poke|p1|Lanturn, F|
|poke|p1|Gallade, M|
|poke|p2|Scrafty, M|
|poke|p2|Weezing, F|
|poke|p2|Doublade, F|
|poke|p2|Jolteon, M|
|poke|p2|Coalossal, M|
|poke|p2|Wishiwashi, F|
|teampreview
|j| Carmin
|j| Chirac
|j| PULT4T2 Redemption
|
|t:|1661435854
|start
|switch|p1a: Gallade|Gallade, M|100/100
|switch|p2a: Weezing|Weezing, F|100/100
|turn|1
|j| pult4t2 yan
|
|t:|1661435860
|switch|p1a: Charizard|Charizard, M|100/100
|switch|p2a: Doublade|Doublade, F|100/100
|
|upkeep
|turn|2
|
|t:|1661435876
|switch|p1a: Lanturn|Lanturn, F|100/100
|switch|p2a: Wishiwashi|Wishiwashi, F|100/100
|-formechange|p2a: Wishiwashi|Wishiwashi-School||[from] ability: Schooling
|
|upkeep
|turn|3
|
|t:|1661435881
|move|p1a: Lanturn|Discharge|p2a: Wishiwashi
|-supereffective|p2a: Wishiwashi
|-damage|p2a: Wishiwashi|41/100
|move|p2a: Wishiwashi|Scald|p1a: Lanturn
|-resisted|p1a: Lanturn
|-damage|p1a: Lanturn|89/100
|
|-heal|p2a: Wishiwashi|47/100|[from] item: Leftovers
|upkeep
|turn|4
|
|t:|1661435893
|switch|p2a: Scrafty|Scrafty, M|100/100
|move|p1a: Lanturn|Discharge|p2a: Scrafty
|-damage|p2a: Scrafty|65/100
|-status|p2a: Scrafty|par
|
|-activate|p2a: Scrafty|ability: Shed Skin
|-curestatus|p2a: Scrafty|par|[msg]
|upkeep
|turn|5
|
|t:|1661435899
|move|p2a: Scrafty|Knock Off|p1a: Lanturn
|-damage|p1a: Lanturn|25/100
|-enditem|p1a: Lanturn|Assault Vest|[from] move: Knock Off|[of] p2a: Scrafty
|move|p1a: Lanturn|Volt Switch|p2a: Scrafty
|-damage|p2a: Scrafty|34/100
|
|t:|1661435924
|switch|p1a: Whimsicott|Whimsicott, F|100/100|[from]move: Volt Switch
|
|upkeep
|turn|6
|inactive|Battle timer is ON: inactive players will automatically lose when time's up. (requested by Persona111)
|inactive|PULT4T2 Irish has 120 seconds left.
|
|t:|1661435998
|move|p1a: Whimsicott|Moonblast|p2a: Scrafty
|-supereffective|p2a: Scrafty
|-damage|p2a: Scrafty|0 fnt
|faint|p2a: Scrafty
|
|upkeep
|
|t:|1661436000
|switch|p2a: Weezing|Weezing, F|100/100
|turn|7
|
|t:|1661436019
|switch|p1a: Sandaconda|Sandaconda, F|100/100
|move|p2a: Weezing|Toxic Spikes|p1a: Sandaconda
|-sidestart|p1: Persona111|move: Toxic Spikes
|
|upkeep
|turn|8
|
|t:|1661436024
|switch|p2a: Wishiwashi|Wishiwashi, F|47/100
|-formechange|p2a: Wishiwashi|Wishiwashi-School||[from] ability: Schooling
|move|p1a: Sandaconda|Coil|p1a: Sandaconda
|-boost|p1a: Sandaconda|atk|1
|-boost|p1a: Sandaconda|def|1
|-boost|p1a: Sandaconda|accuracy|1
|
|-heal|p2a: Wishiwashi|54/100|[from] item: Leftovers
|upkeep
|turn|9
|
|t:|1661436029
|move|p1a: Sandaconda|Earthquake|p2a: Wishiwashi
|-damage|p2a: Wishiwashi|15/100
|move|p2a: Wishiwashi|Scald|p1a: Sandaconda
|-supereffective|p1a: Sandaconda
|-damage|p1a: Sandaconda|2/100
|
|-heal|p1a: Sandaconda|8/100|[from] item: Leftovers
|-heal|p2a: Wishiwashi|21/100|[from] item: Leftovers
|-formechange|p2a: Wishiwashi|Wishiwashi||[from] ability: Schooling
|upkeep
|turn|10
|
|t:|1661436038
|switch|p2a: Weezing|Weezing, F|100/100
|move|p1a: Sandaconda|Earthquake|p2a: Weezing
|-immune|p2a: Weezing|[from] ability: Levitate
|
|-heal|p1a: Sandaconda|14/100|[from] item: Leftovers
|upkeep
|turn|11
|
|t:|1661436041
|switch|p2a: Wishiwashi|Wishiwashi, F|21/100
|move|p1a: Sandaconda|Rest|p1a: Sandaconda
|-status|p1a: Sandaconda|slp|[from] move: Rest
|-heal|p1a: Sandaconda|100/100 slp|[silent]
|
|-activate|p1a: Sandaconda|ability: Shed Skin
|-curestatus|p1a: Sandaconda|slp|[msg]
|-heal|p2a: Wishiwashi|27/100|[from] item: Leftovers
|-formechange|p2a: Wishiwashi|Wishiwashi-School||[from] ability: Schooling
|upkeep
|turn|12
|-message|PULT4T2 Irish forfeited.
|
|win|Persona111
|raw|Persona111's rating: 1444 &rarr; <strong>1468</strong><br />(+24 for winning)
|raw|PULT4T2 Irish's rating: 1515 &rarr; <strong>1491</strong><br />(-24 for losing)
|l|☆PULT4T2 Irish
||Ladder isn't responding, score probably updated but might not have (Request timeout).
