|j|☆ayo bb
|j|☆SergioRules
|t:|1620659110
|gametype|singles
|player|p1|ayo bb|169|1598
|player|p2|SergioRules|skier-gen2|1386
|teamsize|p1|6
|teamsize|p2|6
|gen|8
|tier|[Gen 8] PU
|rated|
|rule|Sleep Clause Mod: Limit one foe put to sleep
|rule|Species Clause: Limit one of each Pokémon
|rule|OHKO Clause: OHKO moves are banned
|rule|Evasion Moves Clause: Evasion moves are banned
|rule|Endless Battle Clause: Forcing endless battles is banned
|rule|HP Percentage Mod: HP is shown in percentages
|rule|Dynamax Clause: You cannot dynamax
|clearpoke
|poke|p1|Gigalith, M|
|poke|p1|Stunfisk-Galar, F|
|poke|p1|Scyther, M|
|poke|p1|Perrserker, F|
|poke|p1|Aromatisse, M|
|poke|p1|Flapple, M|
|poke|p2|Aurorus, M|
|poke|p2|Garbodor, F|
|poke|p2|Silvally-*|
|poke|p2|Uxie|
|poke|p2|Hitmontop, M|
|poke|p2|Guzzlord|
|teampreview
|c|☆SergioRules|hf
|c|☆ayo bb|u 2
|
|t:|1620659147
|start
|switch|p1a: Perrserker|Perrserker, F|100/100
|switch|p2a: sweet hibiscus tea|Uxie|100/100
|turn|1
|
|t:|1620659155
|move|p2a: sweet hibiscus tea|Knock Off|p1a: Perrserker
|-damage|p1a: Perrserker|82/100
|-enditem|p1a: Perrserker|Choice Band|[from] move: Knock Off|[of] p2a: sweet hibiscus tea
|move|p1a: Perrserker|Iron Head|p2a: sweet hibiscus tea
|-damage|p2a: sweet hibiscus tea|67/100
|
|upkeep
|turn|2
|
|t:|1620659161
|move|p2a: sweet hibiscus tea|Stealth Rock|p1a: Perrserker
|-sidestart|p1: ayo bb|move: Stealth Rock
|move|p1a: Perrserker|Iron Tail|p2a: sweet hibiscus tea
|-damage|p2a: sweet hibiscus tea|19/100
|-unboost|p2a: sweet hibiscus tea|def|1
|
|upkeep
|turn|3
|
|t:|1620659169
|move|p2a: sweet hibiscus tea|U-turn|p1a: Perrserker
|-resisted|p1a: Perrserker
|-damage|p1a: Perrserker|75/100
|
|t:|1620659173
|switch|p2a: dinner & diatribes|Silvally-Steel|100/100|[from]move: U-turn
|move|p1a: Perrserker|U-turn|p2a: dinner & diatribes
|-resisted|p2a: dinner & diatribes
|-crit|p2a: dinner & diatribes
|-damage|p2a: dinner & diatribes|83/100
|
|t:|1620659176
|switch|p1a: Stunfisk|Stunfisk-Galar, F|100/100|[from]move: U-turn
|-damage|p1a: Stunfisk|97/100|[from] Stealth Rock
|
|-heal|p1a: Stunfisk|100/100|[from] item: Leftovers
|upkeep
|turn|4
|
|t:|1620659186
|move|p2a: dinner & diatribes|U-turn|p1a: Stunfisk
|-resisted|p1a: Stunfisk
|-damage|p1a: Stunfisk|95/100
|
|t:|1620659188
|switch|p2a: summer depression|Guzzlord, shiny|100/100|[from]move: U-turn
|move|p1a: Stunfisk|Snap Trap|p2a: summer depression
|-resisted|p2a: summer depression
|-damage|p2a: summer depression|97/100
|-activate|p2a: summer depression|move: Snap Trap|[of] p1a: Stunfisk
|
|-heal|p1a: Stunfisk|100/100|[from] item: Leftovers
|-damage|p2a: summer depression|85/100|[from] move: Snap Trap|[partiallytrapped]
|upkeep
|turn|5
|
|t:|1620659192
|move|p1a: Stunfisk|Protect|p1a: Stunfisk
|-singleturn|p1a: Stunfisk|Protect
|move|p2a: summer depression|Knock Off|p1a: Stunfisk
|-activate|p1a: Stunfisk|move: Protect
|
|-damage|p2a: summer depression|72/100|[from] move: Snap Trap|[partiallytrapped]
|upkeep
|turn|6
|
|t:|1620659199
|move|p2a: summer depression|Drain Punch|p1a: Stunfisk
|-supereffective|p1a: Stunfisk
|-damage|p1a: Stunfisk|70/100
|-heal|p2a: summer depression|83/100|[from] drain|[of] p1a: Stunfisk
|move|p1a: Stunfisk|Earthquake|p2a: summer depression
|-damage|p2a: summer depression|58/100
|
|-heal|p1a: Stunfisk|76/100|[from] item: Leftovers
|-damage|p2a: summer depression|45/100|[from] move: Snap Trap|[partiallytrapped]
|upkeep
|turn|7
|
|t:|1620659210
|move|p2a: summer depression|Drain Punch|p1a: Stunfisk
|-supereffective|p1a: Stunfisk
|-damage|p1a: Stunfisk|46/100
|-heal|p2a: summer depression|56/100|[from] drain|[of] p1a: Stunfisk
|move|p1a: Stunfisk|Yawn|p2a: summer depression
|-start|p2a: summer depression|move: Yawn|[of] p1a: Stunfisk
|
|-heal|p1a: Stunfisk|53/100|[from] item: Leftovers
|-damage|p2a: summer depression|43/100|[from] move: Snap Trap|[partiallytrapped]
|upkeep
|turn|8
|
|t:|1620659215
|move|p1a: Stunfisk|Protect|p1a: Stunfisk
|-singleturn|p1a: Stunfisk|Protect
|move|p2a: summer depression|Dragon Tail|p1a: Stunfisk
|-activate|p1a: Stunfisk|move: Protect
|
|-heal|p1a: Stunfisk|59/100|[from] item: Leftovers
|-end|p2a: summer depression|Snap Trap|[partiallytrapped]
|-end|p2a: summer depression|move: Yawn|[silent]
|-status|p2a: summer depression|slp
|upkeep
|turn|9
|
|t:|1620659226
|switch|p2a: dinner & diatribes|Silvally-Steel|83/100
|move|p1a: Stunfisk|Earthquake|p2a: dinner & diatribes
|-supereffective|p2a: dinner & diatribes
|-damage|p2a: dinner & diatribes|30/100
|
|-heal|p1a: Stunfisk|65/100|[from] item: Leftovers
|upkeep
|turn|10
|
|t:|1620659230
|move|p1a: Stunfisk|Protect|p1a: Stunfisk
|-singleturn|p1a: Stunfisk|Protect
|move|p2a: dinner & diatribes|Flamethrower|p1a: Stunfisk
|-activate|p1a: Stunfisk|move: Protect
|
|-heal|p1a: Stunfisk|71/100|[from] item: Leftovers
|upkeep
|turn|11
|
|t:|1620659264
|move|p2a: dinner & diatribes|U-turn|p1a: Stunfisk
|-resisted|p1a: Stunfisk
|-crit|p1a: Stunfisk
|-damage|p1a: Stunfisk|63/100
|
|t:|1620659272
|switch|p2a: sweet hibiscus tea|Uxie|19/100|[from]move: U-turn
|move|p1a: Stunfisk|Earthquake|p2a: sweet hibiscus tea
|-immune|p2a: sweet hibiscus tea|[from] ability: Levitate
|
|-heal|p1a: Stunfisk|69/100|[from] item: Leftovers
|upkeep
|turn|12
|
|t:|1620659276
|switch|p1a: Perrserker|Perrserker, F|75/100
|-damage|p1a: Perrserker|69/100|[from] Stealth Rock
|move|p2a: sweet hibiscus tea|Knock Off|p1a: Perrserker
|-damage|p1a: Perrserker|56/100
|
|upkeep
|turn|13
|
|t:|1620659288
|move|p2a: sweet hibiscus tea|Psychic|p1a: Perrserker
|-resisted|p1a: Perrserker
|-damage|p1a: Perrserker|34/100
|move|p1a: Perrserker|Iron Head|p2a: sweet hibiscus tea
|-damage|p2a: sweet hibiscus tea|0 fnt
|faint|p2a: sweet hibiscus tea
|
|upkeep
|
|t:|1620659296
|switch|p2a: dinner & diatribes|Silvally-Steel|30/100
|turn|14
|
|t:|1620659317
|switch|p1a: Scyther|Scyther, M|100/100
|move|p2a: dinner & diatribes|Flamethrower|p1a: Scyther
|-supereffective|p1a: Scyther
|-damage|p1a: Scyther|40/100
|
|upkeep
|turn|15
|
|t:|1620659330
|switch|p2a: broken hearts club|Garbodor, F, shiny|100/100
|move|p1a: Scyther|Defog|p2a: broken hearts club
|-unboost|p2a: broken hearts club|evasion|1
|-sideend|p1: ayo bb|Stealth Rock|[from] move: Defog|[of] p1a: Scyther
|
|upkeep
|turn|16
|
|t:|1620659338
|move|p1a: Scyther|Knock Off|p2a: broken hearts club
|-damage|p2a: broken hearts club|77/100
|-enditem|p2a: broken hearts club|Black Sludge|[from] move: Knock Off|[of] p1a: Scyther
|move|p2a: broken hearts club|Stomping Tantrum|p1a: Scyther
|-immune|p1a: Scyther
|
|upkeep
|turn|17
|
|t:|1620659345
|switch|p1a: Perrserker|Perrserker, F|34/100
|move|p2a: broken hearts club|Spikes|p1a: Perrserker
|-sidestart|p1: ayo bb|Spikes
|
|upkeep
|turn|18
|
|t:|1620659347
|move|p2a: broken hearts club|Stomping Tantrum|p1a: Perrserker
|-supereffective|p1a: Perrserker
|-damage|p1a: Perrserker|0 fnt
|faint|p1a: Perrserker
|
|upkeep
|
|t:|1620659370
|switch|p1a: Scyther|Scyther, M|40/100
|turn|19
|
|t:|1620659374
|move|p1a: Scyther|Dual Wingbeat|p2a: broken hearts club
|-damage|p2a: broken hearts club|56/100
|-damage|p2a: broken hearts club|34/100
|-hitcount|p2a: broken hearts club|2
|move|p2a: broken hearts club|Gunk Shot|p1a: Scyther|[miss]
|-miss|p2a: broken hearts club|p1a: Scyther
|
|upkeep
|turn|20
|c|☆SergioRules|sick
|
|t:|1620659412
|move|p1a: Scyther|Dual Wingbeat|p2a: broken hearts club
|-damage|p2a: broken hearts club|12/100
|-damage|p2a: broken hearts club|0 fnt
|-damage|p1a: Scyther|15/100|[from] ability: Aftermath|[of] p2a: broken hearts club
|-hitcount|p2a: broken hearts club|2
|faint|p2a: broken hearts club
|
|upkeep
|
|t:|1620659418
|switch|p2a: ambrosia|Aurorus, M, shiny|100/100
|turn|21
|
|t:|1620659432
|move|p1a: Scyther|Knock Off|p2a: ambrosia
|-damage|p2a: ambrosia|64/100
|-enditem|p2a: ambrosia|Power Herb|[from] move: Knock Off|[of] p1a: Scyther
|move|p2a: ambrosia|Hyper Voice|p1a: Scyther
|-supereffective|p1a: Scyther
|-damage|p1a: Scyther|0 fnt
|faint|p1a: Scyther
|
|upkeep
|
|t:|1620659443
|switch|p1a: Gigalith|Gigalith, M|100/100
|-damage|p1a: Gigalith|88/100|[from] Spikes
|-weather|Sandstorm|[from] ability: Sand Stream|[of] p1a: Gigalith
|turn|22
|
|t:|1620659448
|switch|p2a: summer depression|Guzzlord, shiny|43/100 slp
|move|p1a: Gigalith|Rock Blast|p2a: summer depression|[miss]
|-miss|p1a: Gigalith|p2a: summer depression
|
|-weather|Sandstorm|[upkeep]
|-damage|p2a: summer depression|37/100 slp|[from] Sandstorm
|-heal|p1a: Gigalith|94/100|[from] item: Leftovers
|upkeep
|turn|23
|
|t:|1620659455
|cant|p2a: summer depression|slp
|move|p1a: Gigalith|Rock Blast|p2a: summer depression
|-damage|p2a: summer depression|27/100 slp
|-damage|p2a: summer depression|17/100 slp
|-damage|p2a: summer depression|7/100 slp
|-hitcount|p2a: summer depression|3
|
|-weather|Sandstorm|[upkeep]
|-damage|p2a: summer depression|0 fnt|[from] Sandstorm
|faint|p2a: summer depression
|-heal|p1a: Gigalith|100/100|[from] item: Leftovers
|upkeep
|
|t:|1620659468
|switch|p2a: dinner & diatribes|Silvally-Steel|30/100
|turn|24
|
|t:|1620659475
|switch|p1a: Stunfisk|Stunfisk-Galar, F|69/100
|-damage|p1a: Stunfisk|57/100|[from] Spikes
|move|p2a: dinner & diatribes|Flash Cannon|p1a: Stunfisk
|-resisted|p1a: Stunfisk
|-damage|p1a: Stunfisk|48/100
|
|-weather|Sandstorm|[upkeep]
|-heal|p1a: Stunfisk|54/100|[from] item: Leftovers
|upkeep
|turn|25
|
|t:|1620659482
|move|p2a: dinner & diatribes|Flamethrower|p1a: Stunfisk
|-supereffective|p1a: Stunfisk
|-damage|p1a: Stunfisk|25/100
|move|p1a: Stunfisk|Earthquake|p2a: dinner & diatribes
|-supereffective|p2a: dinner & diatribes
|-damage|p2a: dinner & diatribes|0 fnt
|faint|p2a: dinner & diatribes
|
|-weather|Sandstorm|[upkeep]
|-heal|p1a: Stunfisk|31/100|[from] item: Leftovers
|upkeep
|
|t:|1620659491
|switch|p2a: night knuckles|Hitmontop, M, shiny|100/100
|turn|26
|
|t:|1620659495
|move|p2a: night knuckles|Triple Axel|p1a: Stunfisk
|-damage|p1a: Stunfisk|24/100
|-damage|p1a: Stunfisk|10/100
|-hitcount|p1a: Stunfisk|2
|move|p1a: Stunfisk|Earthquake|p2a: night knuckles
|-damage|p2a: night knuckles|62/100
|
|-weather|none
|-heal|p1a: Stunfisk|16/100|[from] item: Leftovers
|upkeep
|turn|27
|
|t:|1620659502
|move|p2a: night knuckles|Triple Axel|p1a: Stunfisk
|-damage|p1a: Stunfisk|10/100
|-damage|p1a: Stunfisk|0 fnt
|-hitcount|p1a: Stunfisk|2
|faint|p1a: Stunfisk
|
|upkeep
|
|t:|1620659508
|switch|p1a: Aromatisse|Aromatisse, M|100/100
|-damage|p1a: Aromatisse|88/100|[from] Spikes
|turn|28
|
|t:|1620659512
|move|p2a: night knuckles|Triple Axel|p1a: Aromatisse
|-damage|p1a: Aromatisse|81/100
|-damage|p1a: Aromatisse|67/100
|-damage|p1a: Aromatisse|46/100
|-hitcount|p1a: Aromatisse|3
|move|p1a: Aromatisse|Moonblast|p2a: night knuckles
|-supereffective|p2a: night knuckles
|-damage|p2a: night knuckles|0 fnt
|faint|p2a: night knuckles
|
|upkeep
|
|t:|1620659515
|switch|p2a: ambrosia|Aurorus, M, shiny|64/100
|turn|29
|
|t:|1620659520
|move|p2a: ambrosia|Rock Polish|p2a: ambrosia
|-boost|p2a: ambrosia|spe|2
|move|p1a: Aromatisse|Moonblast|p2a: ambrosia
|-damage|p2a: ambrosia|32/100
|-unboost|p2a: ambrosia|spa|1
|
|upkeep
|turn|30
|
|t:|1620659529
|move|p2a: ambrosia|Meteor Beam||[still]
|-prepare|p2a: ambrosia|Meteor Beam
|-boost|p2a: ambrosia|spa|1
|move|p1a: Aromatisse|Moonblast|p2a: ambrosia
|-damage|p2a: ambrosia|0 fnt
|faint|p2a: ambrosia
|
|win|ayo bb
|raw|ayo bb's rating: 1598 &rarr; <strong>1607</strong><br />(+9 for winning)
|raw|SergioRules's rating: 1386 &rarr; <strong>1377</strong><br />(-9 for losing)
|c|☆ayo bb|gg
|c|☆SergioRules|cool game
|c|☆SergioRules|very fun
|l|☆SergioRules
|c|☆ayo bb|u missed 1 gunk lmao
|j| wild drud
|l| wild drud
||Ladder isn't responding, score probably updated but might not have (Request timeout).
