|raw|<div class="broadcast-blue"><strong>This battle is required to be public due to a player having a name starting with 'pult94d'.</div>
|j|☆Pult94d Myn
|j|☆pult94d baby keem
|t:|1629043413
|gametype|singles
|player|p1|Pult94d Myn|266|1654
|player|p2|pult94d baby keem|dragontamer|1557
|teamsize|p1|6
|teamsize|p2|6
|gen|8
|tier|[Gen 8] PU
|rated|
|rule|Sleep Clause Mod: Limit one foe put to sleep
|rule|Species Clause: Limit one of each Pokémon
|rule|OHKO Clause: OHKO moves are banned
|rule|Evasion Moves Clause: Evasion moves are banned
|rule|Endless Battle Clause: Forcing endless battles is banned
|rule|HP Percentage Mod: HP is shown in percentages
|rule|Dynamax Clause: You cannot dynamax
|clearpoke
|poke|p1|Gigalith, F|
|poke|p1|Audino, M|
|poke|p1|Quagsire, F|
|poke|p1|Weezing, F|
|poke|p1|Rotom|
|poke|p1|Articuno|
|poke|p2|Ferroseed, F|
|poke|p2|Charizard, F|
|poke|p2|Ribombee, M|
|poke|p2|Weezing, F|
|poke|p2|Scrafty, M|
|poke|p2|Gigalith, M|
|teampreview
|j| pult94d somalia
|inactive|Battle timer is ON: inactive players will automatically lose when time's up. (requested by Pult94d Myn)
|
|t:|1629043456
|start
|switch|p1a: Audino|Audino, M|100/100
|switch|p2a: Weezing|Weezing, F|100/100
|turn|1
|
|t:|1629043462
|move|p2a: Weezing|Toxic Spikes|p1a: Audino
|-sidestart|p1: Pult94d Myn|move: Toxic Spikes
|move|p1a: Audino|Knock Off|p2a: Weezing
|-crit|p2a: Weezing
|-damage|p2a: Weezing|85/100
|-damage|p1a: Audino|84/100|[from] item: Rocky Helmet|[of] p2a: Weezing
|-enditem|p2a: Weezing|Rocky Helmet|[from] move: Knock Off|[of] p1a: Audino
|
|-heal|p1a: Audino|90/100|[from] item: Leftovers
|upkeep
|turn|2
|
|t:|1629043476
|move|p2a: Weezing|Will-O-Wisp|p1a: Audino
|-status|p1a: Audino|brn
|move|p1a: Audino|Knock Off|p2a: Weezing
|-damage|p2a: Weezing|81/100
|
|-heal|p1a: Audino|96/100 brn|[from] item: Leftovers
|-damage|p1a: Audino|90/100 brn|[from] brn
|upkeep
|turn|3
|
|t:|1629043493
|switch|p1a: Weezing|Weezing, F|100/100
|-ability|p1a: Weezing|Neutralizing Gas
|-sideend|p1: Pult94d Myn|move: Toxic Spikes|[of] p1a: Weezing
|move|p2a: Weezing|Sludge Bomb|p1a: Weezing
|-resisted|p1a: Weezing
|-damage|p1a: Weezing|83/100
|
|upkeep
|turn|4
|
|t:|1629043506
|move|p2a: Weezing|Toxic Spikes|p1a: Weezing
|-sidestart|p1: Pult94d Myn|move: Toxic Spikes
|move|p1a: Weezing|Toxic Spikes|p2a: Weezing
|-sidestart|p2: pult94d baby keem|move: Toxic Spikes
|
|upkeep
|turn|5
|
|t:|1629043509
|-end|p1a: Weezing|ability: Neutralizing Gas
|switch|p1a: Articuno|Articuno|100/100
|-ability|p1a: Articuno|Pressure
|move|p2a: Weezing|Will-O-Wisp|p1a: Articuno
|-status|p1a: Articuno|brn
|
|-damage|p1a: Articuno|94/100 brn|[from] brn
|upkeep
|turn|6
|
|t:|1629043513
|switch|p2a: Scrafty|Scrafty, M|100/100
|-status|p2a: Scrafty|psn
|move|p1a: Articuno|Heal Bell|p1a: Articuno
|-activate|p1a: Articuno|move: Heal Bell
|-curestatus|p1a: Articuno|brn|[msg]
|-curestatus|p1: Audino|brn|[msg]
|
|-damage|p2a: Scrafty|88/100 psn|[from] psn
|upkeep
|turn|7
|
|t:|1629043516
|switch|p1a: Weezing|Weezing, F|83/100
|-ability|p1a: Weezing|Neutralizing Gas
|-sideend|p1: Pult94d Myn|move: Toxic Spikes|[of] p1a: Weezing
|move|p2a: Scrafty|Knock Off|p1a: Weezing
|-damage|p1a: Weezing|64/100
|-damage|p2a: Scrafty|72/100 psn|[from] item: Rocky Helmet|[of] p1a: Weezing
|-enditem|p1a: Weezing|Rocky Helmet|[from] move: Knock Off|[of] p2a: Scrafty
|
|-heal|p2a: Scrafty|78/100 psn|[from] item: Leftovers
|-damage|p2a: Scrafty|65/100 psn|[from] psn
|upkeep
|turn|8
|
|t:|1629043521
|switch|p2a: Weezing|Weezing, F|81/100
|-sideend|p2: pult94d baby keem|move: Toxic Spikes|[of] p2a: Weezing
|move|p1a: Weezing|Sludge Bomb|p2a: Weezing
|-resisted|p2a: Weezing
|-damage|p2a: Weezing|63/100
|
|upkeep
|turn|9
|
|t:|1629043526
|-end|p1a: Weezing|ability: Neutralizing Gas
|switch|p1a: Rotom|Rotom|100/100
|move|p2a: Weezing|Toxic Spikes|p1a: Rotom
|-sidestart|p1: Pult94d Myn|move: Toxic Spikes
|
|upkeep
|turn|10
|
|t:|1629043531
|switch|p2a: Gigalith|Gigalith, M|100/100
|-weather|Sandstorm|[from] ability: Sand Stream|[of] p2a: Gigalith
|move|p1a: Rotom|Will-O-Wisp|p2a: Gigalith|[miss]
|-miss|p1a: Rotom|p2a: Gigalith
|
|-weather|Sandstorm|[upkeep]
|-damage|p1a: Rotom|94/100|[from] Sandstorm
|upkeep
|turn|11
|
|t:|1629043537
|move|p1a: Rotom|Volt Switch|p2a: Gigalith
|-damage|p2a: Gigalith|85/100
|
|t:|1629043540
|switch|p1a: Weezing|Weezing, F|64/100|[from]move: Volt Switch
|-ability|p1a: Weezing|Neutralizing Gas
|-sideend|p1: Pult94d Myn|move: Toxic Spikes|[of] p1a: Weezing
|move|p2a: Gigalith|Stealth Rock|p1a: Weezing
|-sidestart|p1: Pult94d Myn|move: Stealth Rock
|
|-weather|Sandstorm|[upkeep]
|-damage|p1a: Weezing|58/100|[from] Sandstorm
|-heal|p2a: Gigalith|91/100|[from] item: Leftovers
|upkeep
|turn|12
|
|t:|1629043543
|-end|p1a: Weezing|ability: Neutralizing Gas
|switch|p1a: Audino|Audino, M|100/100
|-damage|p1a: Audino|88/100|[from] Stealth Rock
|move|p2a: Gigalith|Earthquake|p1a: Audino
|-damage|p1a: Audino|58/100
|
|-weather|Sandstorm|[upkeep]
|-damage|p1a: Audino|51/100|[from] Sandstorm
|-heal|p1a: Audino|58/100|[from] item: Leftovers
|-heal|p2a: Gigalith|98/100|[from] item: Leftovers
|upkeep
|turn|13
|
|t:|1629043570
|move|p1a: Audino|Knock Off|p2a: Gigalith
|-damage|p2a: Gigalith|87/100
|-enditem|p2a: Gigalith|Leftovers|[from] move: Knock Off|[of] p1a: Audino
|move|p2a: Gigalith|Earthquake|p1a: Audino
|-damage|p1a: Audino|32/100
|
|-weather|Sandstorm|[upkeep]
|-damage|p1a: Audino|26/100|[from] Sandstorm
|-heal|p1a: Audino|32/100|[from] item: Leftovers
|upkeep
|turn|14
|
|t:|1629043581
|switch|p1a: Quagsire|Quagsire, F|100/100
|-damage|p1a: Quagsire|94/100|[from] Stealth Rock
|switch|p2a: Ferroseed|Ferroseed, F|100/100
|
|-weather|none
|-heal|p1a: Quagsire|100/100|[from] item: Leftovers
|upkeep
|turn|15
|
|t:|1629043589
|switch|p1a: Weezing|Weezing, F|58/100
|-ability|p1a: Weezing|Neutralizing Gas
|-damage|p1a: Weezing|46/100|[from] Stealth Rock
|move|p2a: Ferroseed|Knock Off|p1a: Weezing
|-damage|p1a: Weezing|40/100
|
|upkeep
|turn|16
|
|t:|1629043594
|switch|p2a: Weezing|Weezing, F|63/100
|move|p1a: Weezing|Will-O-Wisp|p2a: Weezing|[miss]
|-miss|p1a: Weezing|p2a: Weezing
|
|upkeep
|turn|17
|
|t:|1629043599
|move|p2a: Weezing|Toxic Spikes|p1a: Weezing
|-sidestart|p1: Pult94d Myn|move: Toxic Spikes
|move|p1a: Weezing|Pain Split|p2a: Weezing
|-sethp|p2a: Weezing|52/100|[from] move: Pain Split|[silent]
|-sethp|p1a: Weezing|52/100|[from] move: Pain Split
|
|upkeep
|turn|18
|
|t:|1629043603
|-end|p1a: Weezing|ability: Neutralizing Gas
|switch|p1a: Articuno|Articuno|94/100
|-ability|p1a: Articuno|Pressure
|move|p2a: Weezing|Will-O-Wisp|p1a: Articuno
|-status|p1a: Articuno|brn
|
|-damage|p1a: Articuno|88/100 brn|[from] brn
|upkeep
|turn|19
|
|t:|1629043607
|switch|p2a: Scrafty|Scrafty, M|65/100 psn
|move|p1a: Articuno|Defog|p2a: Scrafty
|-unboost|p2a: Scrafty|evasion|1
|-sideend|p1: Pult94d Myn|Toxic Spikes|[from] move: Defog|[of] p1a: Articuno
|-sideend|p1: Pult94d Myn|Stealth Rock|[from] move: Defog|[of] p1a: Articuno
|
|-heal|p2a: Scrafty|71/100 psn|[from] item: Leftovers
|-damage|p2a: Scrafty|59/100 psn|[from] psn
|-damage|p1a: Articuno|82/100 brn|[from] brn
|upkeep
|turn|20
|j| Gva
|
|t:|1629043617
|switch|p1a: Quagsire|Quagsire, F|100/100
|switch|p2a: Charizard|Charizard, F|100/100
|
|upkeep
|turn|21
|
|t:|1629043622
|switch|p2a: Ferroseed|Ferroseed, F|100/100
|move|p1a: Quagsire|Toxic|p2a: Ferroseed
|-immune|p2a: Ferroseed
|
|upkeep
|turn|22
|
|t:|1629043627
|switch|p1a: Weezing|Weezing, F|52/100
|-ability|p1a: Weezing|Neutralizing Gas
|move|p2a: Ferroseed|Leech Seed|p1a: Weezing
|-start|p1a: Weezing|move: Leech Seed
|
|-damage|p1a: Weezing|39/100|[from] Leech Seed|[of] p2a: Ferroseed
|upkeep
|turn|23
|
|t:|1629043632
|move|p1a: Weezing|Pain Split|p2a: Ferroseed
|-sethp|p2a: Ferroseed|73/100|[from] move: Pain Split|[silent]
|-sethp|p1a: Weezing|63/100|[from] move: Pain Split
|move|p2a: Ferroseed|Spikes|p1a: Weezing
|-sidestart|p1: Pult94d Myn|Spikes
|
|-damage|p1a: Weezing|51/100|[from] Leech Seed|[of] p2a: Ferroseed
|-heal|p2a: Ferroseed|87/100|[silent]
|upkeep
|turn|24
|
|t:|1629043641
|-end|p1a: Weezing|ability: Neutralizing Gas
|switch|p1a: Rotom|Rotom|94/100
|move|p2a: Ferroseed|Spikes|p1a: Rotom
|-sidestart|p1: Pult94d Myn|Spikes
|
|upkeep
|turn|25
|
|t:|1629043646
|switch|p2a: Scrafty|Scrafty, M|59/100 psn
|move|p1a: Rotom|Volt Switch|p2a: Scrafty
|-damage|p2a: Scrafty|35/100 psn
|
|t:|1629043650
|switch|p1a: Articuno|Articuno|82/100 brn|[from]move: Volt Switch
|-ability|p1a: Articuno|Pressure
|
|-heal|p2a: Scrafty|41/100 psn|[from] item: Leftovers
|-damage|p2a: Scrafty|29/100 psn|[from] psn
|-damage|p1a: Articuno|76/100 brn|[from] brn
|upkeep
|turn|26
|
|t:|1629043657
|switch|p1a: Quagsire|Quagsire, F|100/100
|-damage|p1a: Quagsire|84/100|[from] Spikes
|switch|p2a: Gigalith|Gigalith, M|87/100
|-weather|Sandstorm|[from] ability: Sand Stream|[of] p2a: Gigalith
|
|-weather|Sandstorm|[upkeep]
|-heal|p1a: Quagsire|90/100|[from] item: Leftovers
|upkeep
|turn|27
|
|t:|1629043665
|switch|p1a: Audino|Audino, M|65/100
|-damage|p1a: Audino|48/100|[from] Spikes
|switch|p2a: Ferroseed|Ferroseed, F|87/100
|
|-weather|Sandstorm|[upkeep]
|-damage|p1a: Audino|42/100|[from] Sandstorm
|-heal|p1a: Audino|48/100|[from] item: Leftovers
|upkeep
|turn|28
|
|t:|1629043673
|move|p1a: Audino|Knock Off|p2a: Ferroseed
|-damage|p2a: Ferroseed|77/100
|-damage|p1a: Audino|36/100|[from] ability: Iron Barbs|[of] p2a: Ferroseed
|-enditem|p2a: Ferroseed|Eviolite|[from] move: Knock Off|[of] p1a: Audino
|move|p2a: Ferroseed|Knock Off|p1a: Audino
|-damage|p1a: Audino|23/100
|-enditem|p1a: Audino|Leftovers|[from] move: Knock Off|[of] p2a: Ferroseed
|
|-weather|Sandstorm|[upkeep]
|-damage|p1a: Audino|17/100|[from] Sandstorm
|upkeep
|turn|29
|
|t:|1629043684
|switch|p1a: Articuno|Articuno|76/100 brn
|-ability|p1a: Articuno|Pressure
|move|p2a: Ferroseed|Leech Seed|p1a: Articuno
|-start|p1a: Articuno|move: Leech Seed
|
|-weather|Sandstorm|[upkeep]
|-damage|p1a: Articuno|70/100 brn|[from] Sandstorm
|-damage|p1a: Articuno|58/100 brn|[from] Leech Seed|[of] p2a: Ferroseed
|-heal|p2a: Ferroseed|94/100|[silent]
|-damage|p1a: Articuno|52/100 brn|[from] brn
|upkeep
|turn|30
|
|t:|1629043691
|switch|p1a: Audino|Audino, M|50/100
|-damage|p1a: Audino|33/100|[from] Spikes
|move|p2a: Ferroseed|Knock Off|p1a: Audino
|-damage|p1a: Audino|26/100
|
|-weather|none
|upkeep
|turn|31
|
|t:|1629043697
|move|p1a: Audino|Wish|p1a: Audino
|move|p2a: Ferroseed|Leech Seed|p1a: Audino
|-start|p1a: Audino|move: Leech Seed
|
|-damage|p1a: Audino|13/100|[from] Leech Seed|[of] p2a: Ferroseed
|-heal|p2a: Ferroseed|100/100|[silent]
|upkeep
|turn|32
|
|t:|1629043702
|switch|p1a: Weezing|Weezing, F|51/100
|-ability|p1a: Weezing|Neutralizing Gas
|-damage|p1a: Weezing|35/100|[from] Spikes
|move|p2a: Ferroseed|Spikes|p1a: Weezing
|-sidestart|p1: Pult94d Myn|Spikes
|
|-heal|p1a: Weezing|96/100|[from] move: Wish|[wisher] Audino
|upkeep
|turn|33
|
|t:|1629043708
|switch|p2a: Weezing|Weezing, F|52/100
|move|p1a: Weezing|Toxic Spikes|p2a: Weezing
|-sidestart|p2: pult94d baby keem|move: Toxic Spikes
|
|upkeep
|turn|34
|
|t:|1629043715
|switch|p2a: Charizard|Charizard, F|100/100
|-end|p1a: Weezing|ability: Neutralizing Gas
|switch|p1a: Articuno|Articuno|52/100 brn
|-ability|p1a: Articuno|Pressure
|
|-damage|p1a: Articuno|46/100 brn|[from] brn
|upkeep
|turn|35
|
|t:|1629043722
|switch|p1a: Gigalith|Gigalith, F|100/100
|-damage|p1a: Gigalith|76/100|[from] Spikes
|-weather|Sandstorm|[from] ability: Sand Stream|[of] p1a: Gigalith
|move|p2a: Charizard|Toxic|p1a: Gigalith
|-status|p1a: Gigalith|tox
|
|-weather|Sandstorm|[upkeep]
|-damage|p2a: Charizard|94/100|[from] Sandstorm
|-heal|p1a: Gigalith|82/100 tox|[from] item: Leftovers
|-damage|p1a: Gigalith|76/100 tox|[from] psn
|upkeep
|turn|36
|
|t:|1629043727
|switch|p2a: Ferroseed|Ferroseed, F|100/100
|move|p1a: Gigalith|Stealth Rock|p2a: Ferroseed
|-sidestart|p2: pult94d baby keem|move: Stealth Rock
|
|-weather|Sandstorm|[upkeep]
|-heal|p1a: Gigalith|82/100 tox|[from] item: Leftovers
|-damage|p1a: Gigalith|69/100 tox|[from] psn
|upkeep
|turn|37
|
|t:|1629043737
|switch|p1a: Audino|Audino, M|46/100
|-damage|p1a: Audino|21/100|[from] Spikes
|move|p2a: Ferroseed|Leech Seed|p1a: Audino
|-start|p1a: Audino|move: Leech Seed
|
|-weather|Sandstorm|[upkeep]
|-damage|p1a: Audino|15/100|[from] Sandstorm
|-damage|p1a: Audino|3/100|[from] Leech Seed|[of] p2a: Ferroseed
|upkeep
|turn|38
|
|t:|1629043747
|switch|p1a: Weezing|Weezing, F|96/100
|-ability|p1a: Weezing|Neutralizing Gas
|-damage|p1a: Weezing|71/100|[from] Spikes
|move|p2a: Ferroseed|Leech Seed|p1a: Weezing
|-start|p1a: Weezing|move: Leech Seed
|
|-weather|Sandstorm|[upkeep]
|-damage|p1a: Weezing|65/100|[from] Sandstorm
|-damage|p1a: Weezing|53/100|[from] Leech Seed|[of] p2a: Ferroseed
|upkeep
|turn|39
|
|t:|1629043757
|-end|p1a: Weezing|ability: Neutralizing Gas
|switch|p1a: Rotom|Rotom|94/100
|move|p2a: Ferroseed|Protect||[still]
|-fail|p2a: Ferroseed
|
|-weather|none
|upkeep
|turn|40
|
|t:|1629043781
|switch|p2a: Ribombee|Ribombee, M|100/100
|move|p1a: Rotom|Will-O-Wisp|p2a: Ribombee
|-status|p2a: Ribombee|brn
|
|-damage|p2a: Ribombee|94/100 brn|[from] brn
|upkeep
|turn|41
|
|t:|1629043785
|move|p2a: Ribombee|Aromatherapy|p2a: Ribombee
|-activate|p2a: Ribombee|move: Aromatherapy
|-curestatus|p2a: Ribombee|brn|[msg]
|-curestatus|p2: Scrafty|psn|[msg]
|move|p1a: Rotom|Hex|p2a: Ribombee
|-damage|p2a: Ribombee|48/100
|
|upkeep
|turn|42
|
|t:|1629043793
|move|p2a: Ribombee|Roost|p2a: Ribombee
|-heal|p2a: Ribombee|98/100
|-singleturn|p2a: Ribombee|move: Roost
|move|p1a: Rotom|Volt Switch|p2a: Ribombee
|-damage|p2a: Ribombee|44/100
|
|t:|1629043796
|switch|p1a: Articuno|Articuno|46/100 brn|[from]move: Volt Switch
|-ability|p1a: Articuno|Pressure
|
|-damage|p1a: Articuno|40/100 brn|[from] brn
|upkeep
|turn|43
|
|t:|1629043799
|move|p2a: Ribombee|Moonblast|p1a: Articuno
|-damage|p1a: Articuno|18/100 brn
|-unboost|p1a: Articuno|spa|1
|move|p1a: Articuno|Roost|p1a: Articuno
|-heal|p1a: Articuno|68/100 brn
|-singleturn|p1a: Articuno|move: Roost
|
|-damage|p1a: Articuno|62/100 brn|[from] brn
|upkeep
|turn|44
|
|t:|1629043802
|switch|p2a: Ferroseed|Ferroseed, F|100/100
|-damage|p2a: Ferroseed|94/100|[from] Stealth Rock
|move|p1a: Articuno|Roost|p1a: Articuno
|-heal|p1a: Articuno|100/100 brn
|-singleturn|p1a: Articuno|move: Roost
|
|-damage|p1a: Articuno|94/100 brn|[from] brn
|upkeep
|turn|45
|
|t:|1629043811
|switch|p1a: Rotom|Rotom|94/100
|move|p2a: Ferroseed|Knock Off|p1a: Rotom
|-supereffective|p1a: Rotom
|-damage|p1a: Rotom|47/100
|-enditem|p1a: Rotom|Heavy-Duty Boots|[from] move: Knock Off|[of] p2a: Ferroseed
|
|upkeep
|turn|46
|
|t:|1629043815
|move|p2a: Ferroseed|Protect|p2a: Ferroseed
|-singleturn|p2a: Ferroseed|Protect
|move|p1a: Rotom|Will-O-Wisp|p2a: Ferroseed
|-activate|p2a: Ferroseed|move: Protect
|
|upkeep
|turn|47
|inactive|pult94d baby keem has 120 seconds left.
|
|t:|1629043846
|move|p1a: Rotom|Will-O-Wisp|p2a: Ferroseed
|-status|p2a: Ferroseed|brn
|move|p2a: Ferroseed|Leech Seed|p1a: Rotom
|-start|p1a: Rotom|move: Leech Seed
|
|-damage|p1a: Rotom|35/100|[from] Leech Seed|[of] p2a: Ferroseed
|-heal|p2a: Ferroseed|100/100 brn|[silent]
|-damage|p2a: Ferroseed|94/100 brn|[from] brn
|upkeep
|turn|48
|
|t:|1629043863
|switch|p1a: Articuno|Articuno|94/100 brn
|-ability|p1a: Articuno|Pressure
|move|p2a: Ferroseed|Protect||[still]
|-fail|p2a: Ferroseed
|
|-damage|p1a: Articuno|88/100 brn|[from] brn
|-damage|p2a: Ferroseed|88/100 brn|[from] brn
|upkeep
|turn|49
|
|t:|1629043876
|switch|p1a: Weezing|Weezing, F|53/100
|-ability|p1a: Weezing|Neutralizing Gas
|-damage|p1a: Weezing|28/100|[from] Spikes
|move|p2a: Ferroseed|Knock Off|p1a: Weezing
|-damage|p1a: Weezing|25/100
|
|-damage|p2a: Ferroseed|82/100 brn|[from] brn
|upkeep
|turn|50
|
|t:|1629043881
|switch|p2a: Weezing|Weezing, F|52/100
|-damage|p2a: Weezing|39/100|[from] Stealth Rock
|-sideend|p2: pult94d baby keem|move: Toxic Spikes|[of] p2a: Weezing
|move|p1a: Weezing|Pain Split|p2a: Weezing
|-sethp|p2a: Weezing|32/100|[from] move: Pain Split|[silent]
|-sethp|p1a: Weezing|32/100|[from] move: Pain Split
|
|upkeep
|turn|51
|
|t:|1629043884
|-end|p1a: Weezing|ability: Neutralizing Gas
|switch|p1a: Articuno|Articuno|88/100 brn
|-ability|p1a: Articuno|Pressure
|move|p2a: Weezing|Sludge Bomb|p1a: Articuno
|-damage|p1a: Articuno|75/100 brn
|
|-damage|p1a: Articuno|69/100 brn|[from] brn
|upkeep
|turn|52
|
|t:|1629043888
|switch|p2a: Ferroseed|Ferroseed, F|82/100 brn
|-damage|p2a: Ferroseed|76/100 brn|[from] Stealth Rock
|move|p1a: Articuno|Defog|p2a: Ferroseed
|-unboost|p2a: Ferroseed|evasion|1
|-sideend|p2: pult94d baby keem|Stealth Rock|[from] move: Defog|[of] p1a: Articuno
|-sideend|p1: Pult94d Myn|Spikes|[from] move: Defog|[of] p1a: Articuno
|
|-damage|p1a: Articuno|63/100 brn|[from] brn
|-damage|p2a: Ferroseed|70/100 brn|[from] brn
|upkeep
|turn|53
|
|t:|1629043891
|switch|p1a: Audino|Audino, M|36/100
|move|p2a: Ferroseed|Spikes|p1a: Audino
|-sidestart|p1: Pult94d Myn|Spikes
|
|-damage|p2a: Ferroseed|63/100 brn|[from] brn
|upkeep
|turn|54
|
|t:|1629043893
|move|p1a: Audino|Wish|p1a: Audino
|move|p2a: Ferroseed|Leech Seed|p1a: Audino
|-start|p1a: Audino|move: Leech Seed
|
|-damage|p1a: Audino|24/100|[from] Leech Seed|[of] p2a: Ferroseed
|-heal|p2a: Ferroseed|81/100 brn|[silent]
|-damage|p2a: Ferroseed|75/100 brn|[from] brn
|upkeep
|turn|55
|
|t:|1629043897
|switch|p1a: Weezing|Weezing, F|32/100
|-ability|p1a: Weezing|Neutralizing Gas
|-damage|p1a: Weezing|20/100|[from] Spikes
|move|p2a: Ferroseed|Spikes|p1a: Weezing
|-sidestart|p1: Pult94d Myn|Spikes
|
|-heal|p1a: Weezing|81/100|[from] move: Wish|[wisher] Audino
|-damage|p2a: Ferroseed|69/100 brn|[from] brn
|upkeep
|turn|56
|
|t:|1629043903
|-end|p1a: Weezing|ability: Neutralizing Gas
|switch|p1a: Audino|Audino, M|57/100
|-damage|p1a: Audino|40/100|[from] Spikes
|switch|p2a: Charizard|Charizard, F|94/100
|
|upkeep
|turn|57
|
|t:|1629043909
|switch|p2a: Scrafty|Scrafty, M|29/100
|move|p1a: Audino|Protect||[still]
|-fail|p1a: Audino
|
|-heal|p2a: Scrafty|35/100|[from] item: Leftovers
|upkeep
|turn|58
|
|t:|1629043915
|switch|p1a: Quagsire|Quagsire, F|90/100
|-damage|p1a: Quagsire|74/100|[from] Spikes
|move|p2a: Scrafty|Rest|p2a: Scrafty
|-status|p2a: Scrafty|slp|[from] move: Rest
|-heal|p2a: Scrafty|100/100 slp|[silent]
|
|-heal|p1a: Quagsire|80/100|[from] item: Leftovers
|upkeep
|turn|59
|
|t:|1629043919
|switch|p2a: Ferroseed|Ferroseed, F|69/100 brn
|move|p1a: Quagsire|Infestation|p2a: Ferroseed
|-damage|p2a: Ferroseed|64/100 brn
|-activate|p2a: Ferroseed|move: Infestation|[of] p1a: Quagsire
|-damage|p1a: Quagsire|67/100|[from] ability: Iron Barbs|[of] p2a: Ferroseed
|
|-heal|p1a: Quagsire|73/100|[from] item: Leftovers
|-damage|p2a: Ferroseed|58/100 brn|[from] brn
|-damage|p2a: Ferroseed|46/100 brn|[from] move: Infestation|[partiallytrapped]
|upkeep
|turn|60
|
|t:|1629043922
|move|p1a: Quagsire|Earthquake|p2a: Ferroseed
|-damage|p2a: Ferroseed|20/100 brn
|move|p2a: Ferroseed|Leech Seed|p1a: Quagsire
|-start|p1a: Quagsire|move: Leech Seed
|
|-heal|p1a: Quagsire|79/100|[from] item: Leftovers
|-damage|p1a: Quagsire|67/100|[from] Leech Seed|[of] p2a: Ferroseed
|-heal|p2a: Ferroseed|37/100 brn|[silent]
|-damage|p2a: Ferroseed|31/100 brn|[from] brn
|-damage|p2a: Ferroseed|19/100 brn|[from] move: Infestation|[partiallytrapped]
|upkeep
|turn|61
|
|t:|1629043927
|move|p2a: Ferroseed|Protect|p2a: Ferroseed
|-singleturn|p2a: Ferroseed|Protect
|move|p1a: Quagsire|Recover|p1a: Quagsire
|-heal|p1a: Quagsire|100/100
|
|-damage|p1a: Quagsire|88/100|[from] Leech Seed|[of] p2a: Ferroseed
|-heal|p2a: Ferroseed|36/100 brn|[silent]
|-damage|p2a: Ferroseed|29/100 brn|[from] brn
|-damage|p2a: Ferroseed|17/100 brn|[from] move: Infestation|[partiallytrapped]
|upkeep
|turn|62
|
|t:|1629043930
|move|p1a: Quagsire|Earthquake|p2a: Ferroseed
|-damage|p2a: Ferroseed|0 fnt
|faint|p2a: Ferroseed
|
|-heal|p1a: Quagsire|94/100|[from] item: Leftovers
|upkeep
|
|t:|1629043935
|switch|p2a: Charizard|Charizard, F|94/100
|turn|63
|
|t:|1629043939
|switch|p1a: Gigalith|Gigalith, F|69/100 tox
|-damage|p1a: Gigalith|53/100 tox|[from] Spikes
|-weather|Sandstorm|[from] ability: Sand Stream|[of] p1a: Gigalith
|move|p2a: Charizard|Hurricane|p1a: Gigalith
|-resisted|p1a: Gigalith
|-damage|p1a: Gigalith|41/100 tox
|-start|p1a: Gigalith|confusion
|
|-weather|Sandstorm|[upkeep]
|-damage|p2a: Charizard|88/100|[from] Sandstorm
|-heal|p1a: Gigalith|47/100 tox|[from] item: Leftovers
|-damage|p1a: Gigalith|41/100 tox|[from] psn
|upkeep
|turn|64
|
|t:|1629043952
|switch|p2a: Gigalith|Gigalith, M|87/100
|switch|p1a: Audino|Audino, M|73/100
|-damage|p1a: Audino|57/100|[from] Spikes
|
|-weather|Sandstorm|[upkeep]
|-damage|p1a: Audino|51/100|[from] Sandstorm
|upkeep
|turn|65
|
|t:|1629043964
|switch|p1a: Quagsire|Quagsire, F|94/100
|-damage|p1a: Quagsire|78/100|[from] Spikes
|move|p2a: Gigalith|Earthquake|p1a: Quagsire
|-damage|p1a: Quagsire|57/100
|
|-weather|Sandstorm|[upkeep]
|-heal|p1a: Quagsire|63/100|[from] item: Leftovers
|upkeep
|turn|66
|j| BigConns
|
|t:|1629043984
|switch|p2a: Weezing|Weezing, F|32/100
|move|p1a: Quagsire|Recover|p1a: Quagsire
|-heal|p1a: Quagsire|100/100
|
|-weather|Sandstorm|[upkeep]
|-damage|p2a: Weezing|26/100|[from] Sandstorm
|upkeep
|turn|67
|
|t:|1629043988
|switch|p1a: Articuno|Articuno|63/100 brn
|-ability|p1a: Articuno|Pressure
|move|p2a: Weezing|Pain Split|p1a: Articuno
|-sethp|p1a: Articuno|43/100 brn|[from] move: Pain Split|[silent]
|-sethp|p2a: Weezing|49/100|[from] move: Pain Split
|
|-weather|none
|-damage|p1a: Articuno|37/100 brn|[from] brn
|upkeep
|turn|68
|
|t:|1629043992
|switch|p2a: Gigalith|Gigalith, M|87/100
|-weather|Sandstorm|[from] ability: Sand Stream|[of] p2a: Gigalith
|move|p1a: Articuno|Defog|p2a: Gigalith
|-unboost|p2a: Gigalith|evasion|1
|-sideend|p1: Pult94d Myn|Spikes|[from] move: Defog|[of] p1a: Articuno
|
|-weather|Sandstorm|[upkeep]
|-damage|p1a: Articuno|31/100 brn|[from] Sandstorm
|-damage|p1a: Articuno|25/100 brn|[from] brn
|upkeep
|turn|69
|
|t:|1629043995
|move|p1a: Articuno|Roost|p1a: Articuno
|-heal|p1a: Articuno|75/100 brn
|-singleturn|p1a: Articuno|move: Roost
|move|p2a: Gigalith|Stealth Rock|p1a: Articuno
|-sidestart|p1: Pult94d Myn|move: Stealth Rock
|
|-weather|Sandstorm|[upkeep]
|-damage|p1a: Articuno|69/100 brn|[from] Sandstorm
|-damage|p1a: Articuno|63/100 brn|[from] brn
|upkeep
|turn|70
|
|t:|1629044003
|switch|p1a: Audino|Audino, M|84/100
|-damage|p1a: Audino|71/100|[from] Stealth Rock
|switch|p2a: Charizard|Charizard, F|88/100
|
|-weather|Sandstorm|[upkeep]
|-damage|p2a: Charizard|82/100|[from] Sandstorm
|-damage|p1a: Audino|65/100|[from] Sandstorm
|upkeep
|turn|71
|
|t:|1629044008
|switch|p2a: Weezing|Weezing, F|49/100
|move|p1a: Audino|Toxic|p2a: Weezing
|-immune|p2a: Weezing
|
|-weather|Sandstorm|[upkeep]
|-damage|p2a: Weezing|43/100|[from] Sandstorm
|-damage|p1a: Audino|59/100|[from] Sandstorm
|upkeep
|turn|72
|
|t:|1629044014
|move|p2a: Weezing|Toxic Spikes|p1a: Audino
|-sidestart|p1: Pult94d Myn|move: Toxic Spikes
|move|p1a: Audino|Wish|p1a: Audino
|
|-weather|none
|upkeep
|turn|73
|
|t:|1629044018
|switch|p2a: Gigalith|Gigalith, M|87/100
|-weather|Sandstorm|[from] ability: Sand Stream|[of] p2a: Gigalith
|switch|p1a: Rotom|Rotom|35/100
|-damage|p1a: Rotom|22/100|[from] Stealth Rock
|
|-weather|Sandstorm|[upkeep]
|-damage|p1a: Rotom|16/100|[from] Sandstorm
|-heal|p1a: Rotom|100/100|[from] move: Wish|[wisher] Audino
|upkeep
|turn|74
|
|t:|1629044023
|move|p2a: Gigalith|Protect|p2a: Gigalith
|-singleturn|p2a: Gigalith|Protect
|move|p1a: Rotom|Will-O-Wisp|p2a: Gigalith
|-activate|p2a: Gigalith|move: Protect
|
|-weather|Sandstorm|[upkeep]
|-damage|p1a: Rotom|94/100|[from] Sandstorm
|upkeep
|turn|75
|
|t:|1629044026
|switch|p2a: Scrafty|Scrafty, M|100/100 slp
|move|p1a: Rotom|Will-O-Wisp|p2a: Scrafty|[miss]
|-miss|p1a: Rotom|p2a: Scrafty
|
|-weather|Sandstorm|[upkeep]
|-damage|p1a: Rotom|88/100|[from] Sandstorm
|-damage|p2a: Scrafty|95/100 slp|[from] Sandstorm
|-heal|p2a: Scrafty|100/100 slp|[from] item: Leftovers
|upkeep
|turn|76
|
|t:|1629044032
|move|p1a: Rotom|Volt Switch|p2a: Scrafty
|-damage|p2a: Scrafty|75/100 slp
|
|t:|1629044035
|switch|p1a: Weezing|Weezing, F|81/100|[from]move: Volt Switch
|-ability|p1a: Weezing|Neutralizing Gas
|-damage|p1a: Weezing|69/100|[from] Stealth Rock
|-sideend|p1: Pult94d Myn|move: Toxic Spikes|[of] p1a: Weezing
|cant|p2a: Scrafty|slp
|
|-weather|Sandstorm|[upkeep]
|-damage|p2a: Scrafty|69/100 slp|[from] Sandstorm
|-damage|p1a: Weezing|63/100|[from] Sandstorm
|-heal|p2a: Scrafty|75/100 slp|[from] item: Leftovers
|upkeep
|turn|77
|
|t:|1629044039
|switch|p2a: Charizard|Charizard, F|82/100
|move|p1a: Weezing|Toxic Spikes|p2a: Charizard
|-sidestart|p2: pult94d baby keem|move: Toxic Spikes
|
|-weather|none
|upkeep
|turn|78
|
|t:|1629044042
|-end|p1a: Weezing|ability: Neutralizing Gas
|switch|p1a: Audino|Audino, M|92/100
|-damage|p1a: Audino|80/100|[from] Stealth Rock
|move|p2a: Charizard|Hurricane|p1a: Audino
|-damage|p1a: Audino|49/100
|-start|p1a: Audino|confusion
|
|upkeep
|turn|79
|
|t:|1629044053
|switch|p2a: Scrafty|Scrafty, M|75/100 slp
|-activate|p1a: Audino|confusion
|-damage|p1a: Audino|43/100|[from] confusion
|
|-heal|p2a: Scrafty|81/100 slp|[from] item: Leftovers
|upkeep
|turn|80
|
|t:|1629044058
|switch|p1a: Quagsire|Quagsire, F|100/100
|-damage|p1a: Quagsire|94/100|[from] Stealth Rock
|cant|p2a: Scrafty|slp
|
|-activate|p2a: Scrafty|ability: Shed Skin
|-curestatus|p2a: Scrafty|slp|[msg]
|-heal|p2a: Scrafty|87/100|[from] item: Leftovers
|-heal|p1a: Quagsire|100/100|[from] item: Leftovers
|upkeep
|turn|81
|
|t:|1629044066
|switch|p2a: Weezing|Weezing, F|43/100
|move|p1a: Quagsire|Infestation|p2a: Weezing
|-resisted|p2a: Weezing
|-damage|p2a: Weezing|41/100
|-activate|p2a: Weezing|move: Infestation|[of] p1a: Quagsire
|
|-damage|p2a: Weezing|29/100|[from] move: Infestation|[partiallytrapped]
|upkeep
|turn|82
|
|t:|1629044071
|switch|p1a: Gigalith|Gigalith, F|41/100 tox
|-damage|p1a: Gigalith|29/100 tox|[from] Stealth Rock
|-weather|Sandstorm|[from] ability: Sand Stream|[of] p1a: Gigalith
|move|p2a: Weezing|Pain Split|p1a: Gigalith
|-sethp|p1a: Gigalith|27/100 tox|[from] move: Pain Split|[silent]
|-sethp|p2a: Weezing|30/100|[from] move: Pain Split
|
|-weather|Sandstorm|[upkeep]
|-damage|p2a: Weezing|24/100|[from] Sandstorm
|-heal|p1a: Gigalith|33/100 tox|[from] item: Leftovers
|-damage|p1a: Gigalith|27/100 tox|[from] psn
|-end|p2a: Weezing|Infestation|[partiallytrapped]|[silent]
|upkeep
|turn|83
|
|t:|1629044081
|switch|p1a: Audino|Audino, M|76/100
|-damage|p1a: Audino|63/100|[from] Stealth Rock
|move|p2a: Weezing|Sludge Bomb|p1a: Audino
|-damage|p1a: Audino|47/100
|
|-weather|Sandstorm|[upkeep]
|-damage|p2a: Weezing|18/100|[from] Sandstorm
|-damage|p1a: Audino|40/100|[from] Sandstorm
|upkeep
|turn|84
|
|t:|1629044088
|switch|p2a: Scrafty|Scrafty, M|87/100
|-status|p2a: Scrafty|psn
|move|p1a: Audino|Wish|p1a: Audino
|
|-weather|Sandstorm|[upkeep]
|-damage|p2a: Scrafty|81/100 psn|[from] Sandstorm
|-damage|p1a: Audino|34/100|[from] Sandstorm
|-activate|p2a: Scrafty|ability: Shed Skin
|-curestatus|p2a: Scrafty|psn|[msg]
|-heal|p2a: Scrafty|87/100|[from] item: Leftovers
|upkeep
|turn|85
|
|t:|1629044094
|switch|p1a: Weezing|Weezing, F|63/100
|-ability|p1a: Weezing|Neutralizing Gas
|-damage|p1a: Weezing|51/100|[from] Stealth Rock
|move|p2a: Scrafty|Knock Off|p1a: Weezing
|-damage|p1a: Weezing|37/100
|
|-weather|Sandstorm|[upkeep]
|-damage|p1a: Weezing|31/100|[from] Sandstorm
|-damage|p2a: Scrafty|81/100|[from] Sandstorm
|-heal|p1a: Weezing|92/100|[from] move: Wish|[wisher] Audino
|-heal|p2a: Scrafty|87/100|[from] item: Leftovers
|upkeep
|turn|86
|
|t:|1629044100
|switch|p2a: Weezing|Weezing, F|18/100
|-sideend|p2: pult94d baby keem|move: Toxic Spikes|[of] p2a: Weezing
|move|p1a: Weezing|Sludge Bomb|p2a: Weezing
|-resisted|p2a: Weezing
|-damage|p2a: Weezing|1/100
|
|-weather|none
|upkeep
|turn|87
|
|t:|1629044103
|move|p2a: Weezing|Pain Split|p1a: Weezing
|-sethp|p1a: Weezing|47/100|[from] move: Pain Split|[silent]
|-sethp|p2a: Weezing|47/100|[from] move: Pain Split
|move|p1a: Weezing|Sludge Bomb|p2a: Weezing
|-resisted|p2a: Weezing
|-damage|p2a: Weezing|28/100
|
|upkeep
|turn|88
|
|t:|1629044109
|move|p2a: Weezing|Toxic Spikes|p1a: Weezing
|-sidestart|p1: Pult94d Myn|move: Toxic Spikes
|move|p1a: Weezing|Toxic Spikes|p2a: Weezing
|-sidestart|p2: pult94d baby keem|move: Toxic Spikes
|
|upkeep
|turn|89
|
|t:|1629044112
|switch|p2a: Charizard|Charizard, F|82/100
|move|p1a: Weezing|Sludge Bomb|p2a: Charizard
|-damage|p2a: Charizard|49/100
|-status|p2a: Charizard|psn
|
|-damage|p2a: Charizard|37/100 psn|[from] psn
|upkeep
|turn|90
|
|t:|1629044116
|-end|p1a: Weezing|ability: Neutralizing Gas
|switch|p1a: Audino|Audino, M|68/100
|-status|p1a: Audino|psn
|-damage|p1a: Audino|55/100 psn|[from] Stealth Rock
|move|p2a: Charizard|Flamethrower|p1a: Audino
|-damage|p1a: Audino|25/100 psn
|
|-damage|p2a: Charizard|24/100 psn|[from] psn
|-damage|p1a: Audino|13/100 psn|[from] psn
|upkeep
|turn|91
|
|t:|1629044127
|switch|p1a: Gigalith|Gigalith, F|27/100 tox
|-damage|p1a: Gigalith|15/100 tox|[from] Stealth Rock
|-weather|Sandstorm|[from] ability: Sand Stream|[of] p1a: Gigalith
|move|p2a: Charizard|Flamethrower|p1a: Gigalith
|-resisted|p1a: Gigalith
|-damage|p1a: Gigalith|0 fnt
|faint|p1a: Gigalith
|
|-weather|Sandstorm|[upkeep]
|-damage|p2a: Charizard|18/100 psn|[from] Sandstorm
|-damage|p2a: Charizard|6/100 psn|[from] psn
|upkeep
|
|t:|1629044136
|switch|p1a: Weezing|Weezing, F|47/100
|-ability|p1a: Weezing|Neutralizing Gas
|-sideend|p1: Pult94d Myn|move: Toxic Spikes|[of] p1a: Weezing
|-damage|p1a: Weezing|34/100|[from] Stealth Rock
|turn|92
|
|t:|1629044142
|-end|p1a: Weezing|ability: Neutralizing Gas
|switch|p1a: Quagsire|Quagsire, F|100/100
|-damage|p1a: Quagsire|94/100|[from] Stealth Rock
|move|p2a: Charizard|Roost|p2a: Charizard
|-heal|p2a: Charizard|56/100 psn
|-singleturn|p2a: Charizard|move: Roost
|
|-weather|Sandstorm|[upkeep]
|-damage|p2a: Charizard|50/100 psn|[from] Sandstorm
|-heal|p1a: Quagsire|100/100|[from] item: Leftovers
|-damage|p2a: Charizard|37/100 psn|[from] psn
|upkeep
|turn|93
|j| tlenit
|
|t:|1629044153
|switch|p2a: Weezing|Weezing, F|28/100
|switch|p1a: Articuno|Articuno|63/100 brn
|-ability|p1a: Articuno|Pressure
|
|-weather|Sandstorm|[upkeep]
|-damage|p1a: Articuno|57/100 brn|[from] Sandstorm
|-damage|p2a: Weezing|22/100|[from] Sandstorm
|-damage|p1a: Articuno|51/100 brn|[from] brn
|upkeep
|turn|94
|
|t:|1629044169
|switch|p2a: Scrafty|Scrafty, M|87/100
|-status|p2a: Scrafty|psn
|move|p1a: Articuno|Heal Bell|p1a: Articuno
|-activate|p1a: Articuno|move: Heal Bell
|-curestatus|p1a: Articuno|brn|[msg]
|-curestatus|p1: Audino|psn|[msg]
|
|-weather|Sandstorm|[upkeep]
|-damage|p1a: Articuno|45/100|[from] Sandstorm
|-damage|p2a: Scrafty|81/100 psn|[from] Sandstorm
|-heal|p2a: Scrafty|87/100 psn|[from] item: Leftovers
|-damage|p2a: Scrafty|75/100 psn|[from] psn
|upkeep
|turn|95
|l| BigConns
|
|t:|1629044179
|switch|p1a: Quagsire|Quagsire, F|100/100
|-damage|p1a: Quagsire|94/100|[from] Stealth Rock
|move|p2a: Scrafty|Knock Off|p1a: Quagsire
|-damage|p1a: Quagsire|73/100
|-enditem|p1a: Quagsire|Leftovers|[from] move: Knock Off|[of] p2a: Scrafty
|
|-weather|none
|-heal|p2a: Scrafty|81/100 psn|[from] item: Leftovers
|-damage|p2a: Scrafty|68/100 psn|[from] psn
|upkeep
|turn|96
|
|t:|1629044187
|switch|p2a: Weezing|Weezing, F|22/100
|switch|p1a: Articuno|Articuno|45/100
|-ability|p1a: Articuno|Pressure
|
|upkeep
|turn|97
|
|t:|1629044196
|switch|p2a: Gigalith|Gigalith, M|87/100
|-status|p2a: Gigalith|psn
|-weather|Sandstorm|[from] ability: Sand Stream|[of] p2a: Gigalith
|move|p1a: Articuno|Freeze-Dry|p2a: Gigalith
|-damage|p2a: Gigalith|75/100 psn
|
|-weather|Sandstorm|[upkeep]
|-damage|p1a: Articuno|39/100|[from] Sandstorm
|-damage|p2a: Gigalith|63/100 psn|[from] psn
|upkeep
|turn|98
|
|t:|1629044203
|switch|p1a: Quagsire|Quagsire, F|73/100
|-damage|p1a: Quagsire|67/100|[from] Stealth Rock
|move|p2a: Gigalith|Stealth Rock||[still]
|-fail|p2a: Gigalith
|
|-weather|Sandstorm|[upkeep]
|-damage|p2a: Gigalith|51/100 psn|[from] psn
|upkeep
|turn|99
|
|t:|1629044207
|switch|p2a: Ribombee|Ribombee, M|44/100
|move|p1a: Quagsire|Recover|p1a: Quagsire
|-heal|p1a: Quagsire|100/100
|
|-weather|Sandstorm|[upkeep]
|-damage|p2a: Ribombee|38/100|[from] Sandstorm
|upkeep
|turn|100
|
|t:|1629044211
|move|p2a: Ribombee|Aromatherapy|p2a: Ribombee
|-activate|p2a: Ribombee|move: Aromatherapy
|-curestatus|p2: Scrafty|psn|[msg]
|-curestatus|p2: Gigalith|psn|[msg]
|-curestatus|p2: Charizard|psn|[msg]
|move|p1a: Quagsire|Toxic|p2a: Ribombee
|-status|p2a: Ribombee|tox
|
|-weather|Sandstorm|[upkeep]
|-damage|p2a: Ribombee|32/100 tox|[from] Sandstorm
|-damage|p2a: Ribombee|26/100 tox|[from] psn
|upkeep
|turn|101
|
|t:|1629044218
|move|p2a: Ribombee|Moonblast|p1a: Quagsire
|-damage|p1a: Quagsire|48/100
|-unboost|p1a: Quagsire|spa|1
|move|p1a: Quagsire|Infestation|p2a: Ribombee
|-resisted|p2a: Ribombee
|-damage|p2a: Ribombee|24/100 tox
|-activate|p2a: Ribombee|move: Infestation|[of] p1a: Quagsire
|
|-weather|none
|-damage|p2a: Ribombee|12/100 tox|[from] psn
|-damage|p2a: Ribombee|0 fnt|[from] move: Infestation|[partiallytrapped]
|faint|p2a: Ribombee
|upkeep
|
|t:|1629044221
|switch|p2a: Charizard|Charizard, F|37/100
|turn|102
|
|t:|1629044234
|switch|p1a: Rotom|Rotom|88/100
|-damage|p1a: Rotom|76/100|[from] Stealth Rock
|move|p2a: Charizard|Hurricane|p1a: Rotom|[miss]
|-miss|p2a: Charizard|p1a: Rotom
|
|upkeep
|turn|103
|
|t:|1629044243
|switch|p1a: Audino|Audino, M|46/100
|-damage|p1a: Audino|33/100|[from] Stealth Rock
|move|p2a: Charizard|Flamethrower|p1a: Audino
|-damage|p1a: Audino|6/100
|
|upkeep
|turn|104
|inactive|Pult94d Myn has 120 seconds left.
|j| arce9
|inactive|Pult94d Myn has 90 seconds left.
|
|t:|1629044299
|switch|p1a: Rotom|Rotom|76/100
|-damage|p1a: Rotom|63/100|[from] Stealth Rock
|move|p2a: Charizard|Flamethrower|p1a: Rotom
|-damage|p1a: Rotom|0 fnt
|faint|p1a: Rotom
|
|upkeep
|
|t:|1629044302
|switch|p1a: Audino|Audino, M|39/100
|-damage|p1a: Audino|27/100|[from] Stealth Rock
|turn|105
|
|t:|1629044305
|switch|p1a: Articuno|Articuno|39/100
|-ability|p1a: Articuno|Pressure
|move|p2a: Charizard|Flamethrower|p1a: Articuno
|-supereffective|p1a: Articuno
|-damage|p1a: Articuno|0 fnt
|faint|p1a: Articuno
|
|upkeep
|
|t:|1629044311
|switch|p1a: Audino|Audino, M|60/100
|-damage|p1a: Audino|48/100|[from] Stealth Rock
|turn|106
|
|t:|1629044320
|switch|p2a: Scrafty|Scrafty, M|68/100
|-status|p2a: Scrafty|psn
|move|p1a: Audino|Wish|p1a: Audino
|
|-heal|p2a: Scrafty|74/100 psn|[from] item: Leftovers
|-damage|p2a: Scrafty|62/100 psn|[from] psn
|upkeep
|turn|107
|
|t:|1629044329
|switch|p2a: Charizard|Charizard, F|37/100
|move|p1a: Audino|Protect||[still]
|-fail|p1a: Audino
|
|-heal|p1a: Audino|98/100|[from] move: Wish|[wisher] Audino
|upkeep
|turn|108
|
|t:|1629044335
|switch|p2a: Scrafty|Scrafty, M|62/100 psn
|move|p1a: Audino|Toxic|p2a: Scrafty|[miss]
|-miss|p1a: Audino|p2a: Scrafty
|
|-heal|p2a: Scrafty|68/100 psn|[from] item: Leftovers
|-damage|p2a: Scrafty|56/100 psn|[from] psn
|upkeep
|turn|109
|
|t:|1629044340
|switch|p1a: Quagsire|Quagsire, F|48/100
|-damage|p1a: Quagsire|42/100|[from] Stealth Rock
|move|p2a: Scrafty|Drain Punch|p1a: Quagsire
|-damage|p1a: Quagsire|24/100
|-heal|p2a: Scrafty|67/100 psn|[from] drain|[of] p1a: Quagsire
|
|-activate|p2a: Scrafty|ability: Shed Skin
|-curestatus|p2a: Scrafty|psn|[msg]
|-heal|p2a: Scrafty|73/100|[from] item: Leftovers
|upkeep
|turn|110
|
|t:|1629044347
|switch|p2a: Weezing|Weezing, F|22/100
|move|p1a: Quagsire|Recover|p1a: Quagsire
|-heal|p1a: Quagsire|74/100
|
|upkeep
|turn|111
|
|t:|1629044353
|move|p2a: Weezing|Sludge Bomb|p1a: Quagsire
|-resisted|p1a: Quagsire
|-damage|p1a: Quagsire|58/100
|move|p1a: Quagsire|Infestation|p2a: Weezing
|-resisted|p2a: Weezing
|-damage|p2a: Weezing|20/100
|-activate|p2a: Weezing|move: Infestation|[of] p1a: Quagsire
|
|-damage|p2a: Weezing|7/100|[from] move: Infestation|[partiallytrapped]
|upkeep
|turn|112
|
|t:|1629044359
|move|p2a: Weezing|Pain Split|p1a: Quagsire
|-sethp|p1a: Quagsire|32/100|[from] move: Pain Split|[silent]
|-sethp|p2a: Weezing|38/100|[from] move: Pain Split
|move|p1a: Quagsire|Recover|p1a: Quagsire
|-heal|p1a: Quagsire|82/100
|
|-damage|p2a: Weezing|26/100|[from] move: Infestation|[partiallytrapped]
|upkeep
|turn|113
|
|t:|1629044363
|switch|p1a: Weezing|Weezing, F|34/100
|-ability|p1a: Weezing|Neutralizing Gas
|-damage|p1a: Weezing|22/100|[from] Stealth Rock
|move|p2a: Weezing|Toxic Spikes|p1a: Weezing
|-sidestart|p1: Pult94d Myn|move: Toxic Spikes
|
|-end|p2a: Weezing|Infestation|[partiallytrapped]|[silent]
|upkeep
|turn|114
|j| turtledoggo1
|
|t:|1629044377
|-end|p1a: Weezing|ability: Neutralizing Gas
|switch|p1a: Audino|Audino, M|100/100
|-status|p1a: Audino|psn
|-damage|p1a: Audino|88/100 psn|[from] Stealth Rock
|move|p2a: Weezing|Sludge Bomb|p1a: Audino
|-damage|p1a: Audino|69/100 psn
|
|-damage|p1a: Audino|57/100 psn|[from] psn
|upkeep
|turn|115
|
|t:|1629044383
|switch|p2a: Scrafty|Scrafty, M|73/100
|-status|p2a: Scrafty|psn
|move|p1a: Audino|Wish|p1a: Audino
|
|-heal|p2a: Scrafty|79/100 psn|[from] item: Leftovers
|-damage|p2a: Scrafty|66/100 psn|[from] psn
|-damage|p1a: Audino|44/100 psn|[from] psn
|upkeep
|turn|116
|
|t:|1629044392
|move|p1a: Audino|Protect|p1a: Audino
|-singleturn|p1a: Audino|Protect
|move|p2a: Scrafty|Knock Off|p1a: Audino
|-activate|p1a: Audino|move: Protect
|
|-heal|p1a: Audino|94/100 psn|[from] move: Wish|[wisher] Audino
|-activate|p2a: Scrafty|ability: Shed Skin
|-curestatus|p2a: Scrafty|psn|[msg]
|-heal|p2a: Scrafty|72/100|[from] item: Leftovers
|-damage|p1a: Audino|82/100 psn|[from] psn
|upkeep
|turn|117
|
|t:|1629044397
|move|p2a: Scrafty|Drain Punch|p1a: Audino
|-supereffective|p1a: Audino
|-damage|p1a: Audino|41/100 psn
|-heal|p2a: Scrafty|98/100|[from] drain|[of] p1a: Audino
|move|p1a: Audino|Wish|p1a: Audino
|
|-heal|p2a: Scrafty|100/100|[from] item: Leftovers
|-damage|p1a: Audino|28/100 psn|[from] psn
|upkeep
|turn|118
|
|t:|1629044401
|move|p1a: Audino|Protect|p1a: Audino
|-singleturn|p1a: Audino|Protect
|move|p2a: Scrafty|Knock Off|p1a: Audino
|-activate|p1a: Audino|move: Protect
|
|-heal|p1a: Audino|78/100 psn|[from] move: Wish|[wisher] Audino
|-damage|p1a: Audino|66/100 psn|[from] psn
|upkeep
|turn|119
|
|t:|1629044406
|switch|p1a: Weezing|Weezing, F|22/100
|-ability|p1a: Weezing|Neutralizing Gas
|-damage|p1a: Weezing|10/100|[from] Stealth Rock
|-sideend|p1: Pult94d Myn|move: Toxic Spikes|[of] p1a: Weezing
|move|p2a: Scrafty|Drain Punch|p1a: Weezing
|-resisted|p1a: Weezing
|-damage|p1a: Weezing|2/100
|
|upkeep
|turn|120
|
|t:|1629044411
|move|p2a: Scrafty|Knock Off|p1a: Weezing
|-damage|p1a: Weezing|0 fnt
|faint|p1a: Weezing
|-end|p1a: Weezing|ability: Neutralizing Gas
|
|upkeep
|
|t:|1629044414
|switch|p1a: Quagsire|Quagsire, F|82/100
|-damage|p1a: Quagsire|76/100|[from] Stealth Rock
|turn|121
|l| Gva
|
|t:|1629044418
|switch|p2a: Weezing|Weezing, F|26/100
|move|p1a: Quagsire|Recover|p1a: Quagsire
|-heal|p1a: Quagsire|100/100
|
|upkeep
|turn|122
|
|t:|1629044421
|move|p2a: Weezing|Sludge Bomb|p1a: Quagsire
|-resisted|p1a: Quagsire
|-damage|p1a: Quagsire|85/100
|-status|p1a: Quagsire|psn
|move|p1a: Quagsire|Infestation|p2a: Weezing
|-resisted|p2a: Weezing
|-damage|p2a: Weezing|24/100
|-activate|p2a: Weezing|move: Infestation|[of] p1a: Quagsire
|
|-damage|p1a: Quagsire|73/100 psn|[from] psn
|-damage|p2a: Weezing|11/100|[from] move: Infestation|[partiallytrapped]
|upkeep
|turn|123
|
|t:|1629044425
|move|p2a: Weezing|Pain Split|p1a: Quagsire
|-sethp|p1a: Quagsire|41/100 psn|[from] move: Pain Split|[silent]
|-sethp|p2a: Weezing|48/100|[from] move: Pain Split
|move|p1a: Quagsire|Recover|p1a: Quagsire
|-heal|p1a: Quagsire|91/100 psn
|
|-damage|p1a: Quagsire|79/100 psn|[from] psn
|-damage|p2a: Weezing|36/100|[from] move: Infestation|[partiallytrapped]
|upkeep
|turn|124
|
|t:|1629044429
|switch|p1a: Audino|Audino, M|99/100 psn
|-damage|p1a: Audino|87/100 psn|[from] Stealth Rock
|move|p2a: Weezing|Sludge Bomb|p1a: Audino
|-damage|p1a: Audino|68/100 psn
|
|-damage|p1a: Audino|56/100 psn|[from] psn
|-end|p2a: Weezing|Infestation|[partiallytrapped]|[silent]
|upkeep
|turn|125
|
|t:|1629044432
|switch|p2a: Scrafty|Scrafty, M|100/100
|-status|p2a: Scrafty|psn
|move|p1a: Audino|Wish|p1a: Audino
|
|-damage|p2a: Scrafty|88/100 psn|[from] psn
|-damage|p1a: Audino|43/100 psn|[from] psn
|upkeep
|turn|126
|
|t:|1629044435
|switch|p1a: Quagsire|Quagsire, F|79/100 psn
|-damage|p1a: Quagsire|73/100 psn|[from] Stealth Rock
|move|p2a: Scrafty|Drain Punch|p1a: Quagsire
|-damage|p1a: Quagsire|56/100 psn
|-heal|p2a: Scrafty|98/100 psn|[from] drain|[of] p1a: Quagsire
|
|-heal|p1a: Quagsire|100/100 psn|[from] move: Wish|[wisher] Audino
|-activate|p2a: Scrafty|ability: Shed Skin
|-curestatus|p2a: Scrafty|psn|[msg]
|-heal|p2a: Scrafty|100/100|[from] item: Leftovers
|-damage|p1a: Quagsire|88/100 psn|[from] psn
|upkeep
|turn|127
|l| turtledoggo1
|c|☆Pult94d Myn|GG
|c|☆pult94d baby keem|gg
|-message|Pult94d Myn forfeited.
|
|win|pult94d baby keem
|l|☆Pult94d Myn
|raw|Pult94d Myn's rating: 1654 &rarr; <strong>1629</strong><br />(-25 for losing)
|raw|pult94d baby keem's rating: 1558 &rarr; <strong>1583</strong><br />(+25 for winning)
|j|+Raj.Shoot ♫ ❤ ツ
|l|☆pult94d baby keem
|l| pult94d somalia
|l|+Raj.Shoot ♫ ❤ ツ
||Ladder isn't responding, score probably updated but might not have (Request timeout).
|j| beautifications
|l| beautifications
|l| arce9
