|j|☆Noooootal
|j|☆falcu
|t:|1650636886
|gametype|singles
|player|p1|Noooootal|2|1166
|player|p2|falcu|giovanni|1474
|teamsize|p1|6
|teamsize|p2|6
|gen|8
|tier|[Gen 8] PU
|rated|
|rule|Sleep Clause Mod: Limit one foe put to sleep
|rule|Species Clause: Limit one of each Pokémon
|rule|OHKO Clause: OHKO moves are banned
|rule|Evasion Moves Clause: Evasion moves are banned
|rule|Endless Battle Clause: Forcing endless battles is banned
|rule|HP Percentage Mod: HP is shown in percentages
|rule|Dynamax Clause: You cannot dynamax
|clearpoke
|poke|p1|Garbodor, M|
|poke|p1|Eldegoss, M|
|poke|p1|Ninjask, F|
|poke|p1|Silvally-*|
|poke|p1|Gigalith, F|
|poke|p1|Sandslash, M|
|poke|p2|Gigalith, M|
|poke|p2|Comfey, M|
|poke|p2|Lycanroc, M|
|poke|p2|Charizard, F|
|poke|p2|Weezing, F|
|poke|p2|Trevenant, F|
|teampreview
|
|t:|1650636913
|start
|switch|p1a: Sandslash|Sandslash, M|100/100
|switch|p2a: Weezing|Weezing, F|100/100
|turn|1
|inactive|Battle timer is ON: inactive players will automatically lose when time's up. (requested by falcu)
|inactive|Noooootal has 120 seconds left.
|
|t:|1650636965
|move|p1a: Sandslash|Sandstorm|p1a: Sandslash
|-weather|Sandstorm
|move|p2a: Weezing|Sludge Bomb|p1a: Sandslash
|-resisted|p1a: Sandslash
|-damage|p1a: Sandslash|80/100
|
|-weather|Sandstorm|[upkeep]
|-damage|p2a: Weezing|95/100|[from] Sandstorm
|-heal|p2a: Weezing|100/100|[from] item: Black Sludge
|upkeep
|turn|2
|
|t:|1650636984
|switch|p1a: Gigalith|Gigalith, F|100/100
|move|p2a: Weezing|Sludge Bomb|p1a: Gigalith
|-resisted|p1a: Gigalith
|-damage|p1a: Gigalith|90/100
|-status|p1a: Gigalith|psn
|
|-weather|Sandstorm|[upkeep]
|-damage|p2a: Weezing|95/100|[from] Sandstorm
|-heal|p2a: Weezing|100/100|[from] item: Black Sludge
|-damage|p1a: Gigalith|78/100 psn|[from] psn
|upkeep
|turn|3
|
|t:|1650637005
|switch|p2a: Trevenant|Trevenant, F|100/100
|-item|p1a: Gigalith|Wide Lens|[from] ability: Frisk|[of] p2a: Trevenant|[identify]
|move|p1a: Gigalith|Rock Blast|p2a: Trevenant
|-damage|p2a: Trevenant|76/100
|-damage|p2a: Trevenant|52/100
|-damage|p2a: Trevenant|24/100
|-hitcount|p2a: Trevenant|3
|
|-weather|Sandstorm|[upkeep]
|-damage|p2a: Trevenant|18/100|[from] Sandstorm
|-damage|p1a: Gigalith|65/100 psn|[from] psn
|upkeep
|turn|4
|inactive|Noooootal has 120 seconds left.
|
|t:|1650637030
|switch|p1a: Eldegoss|Eldegoss, M|100/100
|move|p2a: Trevenant|Horn Leech|p1a: Eldegoss
|-resisted|p1a: Eldegoss
|-damage|p1a: Eldegoss|69/100
|-heal|p2a: Trevenant|34/100|[from] drain|[of] p1a: Eldegoss
|
|-weather|Sandstorm|[upkeep]
|-damage|p2a: Trevenant|28/100|[from] Sandstorm
|-damage|p1a: Eldegoss|63/100|[from] Sandstorm
|upkeep
|turn|5
|inactive|Noooootal has 120 seconds left.
|
|t:|1650637042
|move|p2a: Trevenant|Horn Leech|p1a: Eldegoss
|-resisted|p1a: Eldegoss
|-damage|p1a: Eldegoss|32/100
|-heal|p2a: Trevenant|43/100|[from] drain|[of] p1a: Eldegoss
|move|p1a: Eldegoss|Aromatherapy|p1a: Eldegoss
|-activate|p1a: Eldegoss|move: Aromatherapy
|-curestatus|p1: Gigalith|psn|[msg]
|
|-weather|Sandstorm|[upkeep]
|-damage|p2a: Trevenant|37/100|[from] Sandstorm
|-damage|p1a: Eldegoss|26/100|[from] Sandstorm
|upkeep
|turn|6
|
|t:|1650637049
|move|p2a: Trevenant|Horn Leech|p1a: Eldegoss
|-resisted|p1a: Eldegoss
|-damage|p1a: Eldegoss|0 fnt
|-heal|p2a: Trevenant|50/100|[from] drain|[of] p1a: Eldegoss
|faint|p1a: Eldegoss
|
|-weather|Sandstorm|[upkeep]
|-damage|p2a: Trevenant|44/100|[from] Sandstorm
|upkeep
|inactive|Noooootal has 120 seconds left.
|
|t:|1650637061
|switch|p1a: Garbodor|Garbodor, M|100/100
|turn|7
|
|t:|1650637079
|switch|p2a: Weezing|Weezing, F|100/100
|move|p1a: Garbodor|Stockpile|p1a: Garbodor
|-start|p1a: Garbodor|stockpile1
|-boost|p1a: Garbodor|def|1
|-boost|p1a: Garbodor|spd|1
|
|-weather|Sandstorm|[upkeep]
|-damage|p1a: Garbodor|94/100|[from] Sandstorm
|-damage|p2a: Weezing|95/100|[from] Sandstorm
|-heal|p1a: Garbodor|100/100|[from] item: Leftovers
|-heal|p2a: Weezing|100/100|[from] item: Black Sludge
|upkeep
|turn|8
|
|t:|1650637091
|switch|p2a: Trevenant|Trevenant, F|44/100
|-item|p1a: Garbodor|Leftovers|[from] ability: Frisk|[of] p2a: Trevenant|[identify]
|move|p1a: Garbodor|Clear Smog|p2a: Trevenant
|-damage|p2a: Trevenant|29/100
|-clearboost|p2a: Trevenant
|
|-weather|none
|upkeep
|turn|9
|
|t:|1650637100
|move|p2a: Trevenant|Poltergeist|p1a: Garbodor
|-activate|p1a: Garbodor|move: Poltergeist|Leftovers
|-damage|p1a: Garbodor|41/100
|move|p1a: Garbodor|Clear Smog|p2a: Trevenant
|-damage|p2a: Trevenant|15/100
|-clearboost|p2a: Trevenant
|
|-heal|p1a: Garbodor|47/100|[from] item: Leftovers
|upkeep
|turn|10
|inactive|Noooootal has 120 seconds left.
|
|t:|1650637121
|move|p2a: Trevenant|Poltergeist|p1a: Garbodor
|-activate|p1a: Garbodor|move: Poltergeist|Leftovers
|-damage|p1a: Garbodor|0 fnt
|faint|p1a: Garbodor
|
|upkeep
|inactive|Noooootal has 120 seconds left.
|
|t:|1650637155
|switch|p1a: Ninjask|Ninjask, F|100/100
|turn|11
|
|t:|1650637163
|switch|p2a: Weezing|Weezing, F|100/100
|move|p1a: Ninjask|Acrobatics|p2a: Weezing
|-damage|p2a: Weezing|85/100
|
|-heal|p2a: Weezing|91/100|[from] item: Black Sludge
|-ability|p1a: Ninjask|Speed Boost|boost
|-boost|p1a: Ninjask|spe|1
|upkeep
|turn|12
|
|t:|1650637172
|move|p1a: Ninjask|U-turn|p2a: Weezing
|-resisted|p2a: Weezing
|-damage|p2a: Weezing|81/100
|
|t:|1650637176
|switch|p1a: Sandslash|Sandslash, M|80/100|[from]move: U-turn
|move|p2a: Weezing|Toxic Spikes|p1a: Sandslash
|-sidestart|p1: Noooootal|move: Toxic Spikes
|
|-heal|p2a: Weezing|87/100|[from] item: Black Sludge
|upkeep
|turn|13
|
|t:|1650637183
|move|p1a: Sandslash|Sandstorm|p1a: Sandslash
|-weather|Sandstorm
|move|p2a: Weezing|Sludge Bomb|p1a: Sandslash
|-resisted|p1a: Sandslash
|-crit|p1a: Sandslash
|-damage|p1a: Sandslash|49/100
|
|-weather|Sandstorm|[upkeep]
|-damage|p2a: Weezing|81/100|[from] Sandstorm
|-heal|p2a: Weezing|87/100|[from] item: Black Sludge
|upkeep
|turn|14
|inactive|Noooootal has 120 seconds left.
|
|t:|1650637192
|switch|p1a: Gigalith|Gigalith, F|65/100
|-status|p1a: Gigalith|psn
|move|p2a: Weezing|Sludge Bomb|p1a: Gigalith
|-resisted|p1a: Gigalith
|-damage|p1a: Gigalith|56/100 psn
|
|-weather|Sandstorm|[upkeep]
|-damage|p2a: Weezing|81/100|[from] Sandstorm
|-heal|p2a: Weezing|87/100|[from] item: Black Sludge
|-damage|p1a: Gigalith|44/100 psn|[from] psn
|upkeep
|turn|15
|inactive|Noooootal has 120 seconds left.
|
|t:|1650637205
|move|p2a: Weezing|Toxic Spikes|p1a: Gigalith
|-sidestart|p1: Noooootal|move: Toxic Spikes
|move|p1a: Gigalith|Rock Blast|p2a: Weezing
|-crit|p2a: Weezing
|-damage|p2a: Weezing|69/100
|-damage|p2a: Weezing|56/100
|-hitcount|p2a: Weezing|2
|
|-weather|Sandstorm|[upkeep]
|-damage|p2a: Weezing|50/100|[from] Sandstorm
|-heal|p2a: Weezing|56/100|[from] item: Black Sludge
|-damage|p1a: Gigalith|31/100 psn|[from] psn
|upkeep
|turn|16
|inactive|Noooootal has 120 seconds left.
|
|t:|1650637215
|move|p2a: Weezing|Sludge Bomb|p1a: Gigalith
|-resisted|p1a: Gigalith
|-damage|p1a: Gigalith|22/100 psn
|move|p1a: Gigalith|Rock Blast|p2a: Weezing
|-damage|p2a: Weezing|42/100
|-damage|p2a: Weezing|29/100
|-damage|p2a: Weezing|15/100
|-damage|p2a: Weezing|2/100
|-hitcount|p2a: Weezing|4
|
|-weather|Sandstorm|[upkeep]
|-damage|p2a: Weezing|0 fnt|[from] Sandstorm
|faint|p2a: Weezing
|-damage|p1a: Gigalith|9/100 psn|[from] psn
|upkeep
|
|t:|1650637231
|switch|p2a: Trevenant|Trevenant, F|15/100
|-item|p1a: Gigalith|Wide Lens|[from] ability: Frisk|[of] p2a: Trevenant|[identify]
|turn|17
|
|t:|1650637236
|move|p2a: Trevenant|Horn Leech|p1a: Gigalith
|-supereffective|p1a: Gigalith
|-damage|p1a: Gigalith|0 fnt
|-heal|p2a: Trevenant|21/100|[from] drain|[of] p1a: Gigalith
|faint|p1a: Gigalith
|
|-weather|Sandstorm|[upkeep]
|-damage|p2a: Trevenant|14/100|[from] Sandstorm
|upkeep
|
|t:|1650637245
|switch|p1a: Silvally|Silvally-Ghost|100/100
|-status|p1a: Silvally|tox
|turn|18
|
|t:|1650637251
|move|p1a: Silvally|Multi-Attack|p2a: Trevenant
|-supereffective|p2a: Trevenant
|-damage|p2a: Trevenant|0 fnt
|faint|p2a: Trevenant
|
|-weather|Sandstorm|[upkeep]
|-damage|p1a: Silvally|94/100 tox|[from] Sandstorm
|-damage|p1a: Silvally|88/100 tox|[from] psn
|upkeep
|
|t:|1650637263
|switch|p2a: Comfey|Comfey, M|100/100
|turn|19
|
|t:|1650637267
|move|p1a: Silvally|Swords Dance|p1a: Silvally
|-boost|p1a: Silvally|atk|2
|move|p2a: Comfey|Calm Mind|p2a: Comfey
|-boost|p2a: Comfey|spa|1
|-boost|p2a: Comfey|spd|1
|
|-weather|Sandstorm|[upkeep]
|-damage|p1a: Silvally|82/100 tox|[from] Sandstorm
|-damage|p2a: Comfey|94/100|[from] Sandstorm
|-heal|p2a: Comfey|100/100|[from] item: Leftovers
|-damage|p1a: Silvally|70/100 tox|[from] psn
|upkeep
|turn|20
|
|t:|1650637277
|move|p2a: Comfey|Draining Kiss|p1a: Silvally
|-damage|p1a: Silvally|48/100 tox
|move|p1a: Silvally|Swords Dance|p1a: Silvally
|-boost|p1a: Silvally|atk|2
|
|-weather|none
|-damage|p1a: Silvally|30/100 tox|[from] psn
|upkeep
|turn|21
|
|t:|1650637284
|move|p2a: Comfey|Draining Kiss|p1a: Silvally
|-damage|p1a: Silvally|7/100 tox
|move|p1a: Silvally|Multi-Attack|p2a: Comfey
|-damage|p2a: Comfey|0 fnt
|faint|p2a: Comfey
|
|-damage|p1a: Silvally|0 fnt|[from] psn
|faint|p1a: Silvally
|upkeep
|
|t:|1650637298
|switch|p1a: Sandslash|Sandslash, M|49/100
|switch|p2a: Charizard|Charizard, F|100/100
|-status|p1a: Sandslash|tox
|turn|22
|
|t:|1650637305
|move|p2a: Charizard|Flamethrower|p1a: Sandslash
|-damage|p1a: Sandslash|0 fnt
|faint|p1a: Sandslash
|
|upkeep
|
|t:|1650637309
|switch|p1a: Ninjask|Ninjask, F|100/100
|turn|23
|
|t:|1650637314
|move|p1a: Ninjask|Swords Dance|p1a: Ninjask
|-boost|p1a: Ninjask|atk|2
|move|p2a: Charizard|Flamethrower|p1a: Ninjask
|-supereffective|p1a: Ninjask
|-enditem|p1a: Ninjask|Focus Sash
|-damage|p1a: Ninjask|1/100
|
|-ability|p1a: Ninjask|Speed Boost|boost
|-boost|p1a: Ninjask|spe|1
|upkeep
|turn|24
|
|t:|1650637323
|move|p1a: Ninjask|Acrobatics|p2a: Charizard
|-damage|p2a: Charizard|0 fnt
|faint|p2a: Charizard
|
|-ability|p1a: Ninjask|Speed Boost|boost
|-boost|p1a: Ninjask|spe|1
|upkeep
|
|t:|1650637327
|switch|p2a: Lycanroc|Lycanroc, M|100/100
|turn|25
|
|t:|1650637331
|move|p2a: Lycanroc|Accelerock|p1a: Ninjask
|-supereffective|p1a: Ninjask
|-damage|p1a: Ninjask|0 fnt
|faint|p1a: Ninjask
|-damage|p2a: Lycanroc|91/100|[from] item: Life Orb
|
|win|falcu
|raw|Noooootal's rating: 1166 &rarr; <strong>1159</strong><br />(-7 for losing)
|raw|falcu's rating: 1474 &rarr; <strong>1480</strong><br />(+6 for winning)
|l|☆Noooootal
