|j|☆Vishoclock
|j|☆holydaysacc
|t:|1648113817
|gametype|singles
|player|p1|Vishoclock|cyrus|1332
|player|p2|holydaysacc|clown|1601
|teamsize|p1|6
|teamsize|p2|6
|gen|8
|tier|[Gen 8] PU
|rated|
|rule|Sleep Clause Mod: Limit one foe put to sleep
|rule|Species Clause: Limit one of each Pokémon
|rule|OHKO Clause: OHKO moves are banned
|rule|Evasion Moves Clause: Evasion moves are banned
|rule|Endless Battle Clause: Forcing endless battles is banned
|rule|HP Percentage Mod: HP is shown in percentages
|rule|Dynamax Clause: You cannot dynamax
|clearpoke
|poke|p1|Arctovish|
|poke|p1|Weezing, F|
|poke|p1|Eldegoss, F|
|poke|p1|Scrafty, M|
|poke|p1|Gigalith, F|
|poke|p1|Mesprit|
|poke|p2|Vikavolt, M|
|poke|p2|Scrafty, M|
|poke|p2|Whimsicott, M|
|poke|p2|Regirock|
|poke|p2|Togedemaru, M|
|poke|p2|Charizard, M|
|teampreview
|
|t:|1648113832
|start
|switch|p1a: Arctovish|Arctovish|100/100
|switch|p2a: Whimsicott|Whimsicott, M|100/100
|turn|1
|
|t:|1648113839
|move|p2a: Whimsicott|Energy Ball|p1a: Arctovish
|-supereffective|p1a: Arctovish
|-crit|p1a: Arctovish
|-damage|p1a: Arctovish|0 fnt
|faint|p1a: Arctovish
|
|upkeep
|c|☆Vishoclock|Sad
|
|t:|1648113858
|switch|p1a: Weezing|Weezing, F|100/100
|-ability|p1a: Weezing|Neutralizing Gas
|turn|2
|c|☆holydaysacc|Gone
|c|☆holydaysacc|At least now i won't get posted on forum
|
|t:|1648113919
|switch|p2a: Scrafty|Scrafty, M|100/100
|move|p1a: Weezing|Flamethrower|p2a: Scrafty
|-damage|p2a: Scrafty|89/100
|
|-heal|p2a: Scrafty|95/100|[from] item: Leftovers
|upkeep
|turn|3
|
|t:|1648113928
|move|p1a: Weezing|Toxic Spikes|p2a: Scrafty
|-sidestart|p2: holydaysacc|move: Toxic Spikes
|move|p2a: Scrafty|Knock Off|p1a: Weezing
|-damage|p1a: Weezing|80/100
|-enditem|p1a: Weezing|Black Sludge|[from] move: Knock Off|[of] p2a: Scrafty
|
|-heal|p2a: Scrafty|100/100|[from] item: Leftovers
|upkeep
|turn|4
|c|☆Vishoclock|Well i dont just incloud W
|
|t:|1648113967
|move|p1a: Weezing|Sludge Bomb|p2a: Scrafty
|-damage|p2a: Scrafty|82/100
|move|p2a: Scrafty|Knock Off|p1a: Weezing
|-damage|p1a: Weezing|67/100
|
|-heal|p2a: Scrafty|88/100|[from] item: Leftovers
|upkeep
|turn|5
|
|t:|1648113974
|move|p1a: Weezing|Toxic Spikes|p2a: Scrafty
|-sidestart|p2: holydaysacc|move: Toxic Spikes
|move|p2a: Scrafty|Knock Off|p1a: Weezing
|-damage|p1a: Weezing|52/100
|
|-heal|p2a: Scrafty|94/100|[from] item: Leftovers
|upkeep
|turn|6
|
|t:|1648113977
|switch|p2a: Charizard|Charizard, M|100/100
|move|p1a: Weezing|Pain Split|p2a: Charizard
|-sethp|p2a: Charizard|75/100|[from] move: Pain Split|[silent]
|-sethp|p1a: Weezing|80/100|[from] move: Pain Split
|
|upkeep
|turn|7
|
|t:|1648113981
|-end|p1a: Weezing|ability: Neutralizing Gas
|switch|p1a: Gigalith|Gigalith, F|100/100
|-weather|Sandstorm|[from] ability: Sand Stream|[of] p1a: Gigalith
|move|p2a: Charizard|Defog|p1a: Gigalith
|-unboost|p1a: Gigalith|evasion|1
|-sideend|p2: holydaysacc|Toxic Spikes|[from] move: Defog|[of] p2a: Charizard
|
|-weather|Sandstorm|[upkeep]
|-damage|p2a: Charizard|68/100|[from] Sandstorm
|upkeep
|turn|8
|
|t:|1648113986
|switch|p2a: Regirock|Regirock|100/100
|move|p1a: Gigalith|Stealth Rock|p2a: Regirock
|-sidestart|p2: holydaysacc|move: Stealth Rock
|
|-weather|Sandstorm|[upkeep]
|upkeep
|turn|9
|
|t:|1648113992
|switch|p1a: Mesprit|Mesprit|100/100
|move|p2a: Regirock|Stealth Rock|p1a: Mesprit
|-sidestart|p1: Vishoclock|move: Stealth Rock
|
|-weather|Sandstorm|[upkeep]
|-damage|p1a: Mesprit|95/100|[from] Sandstorm
|upkeep
|turn|10
|
|t:|1648113996
|move|p1a: Mesprit|Energy Ball|p2a: Regirock
|-supereffective|p2a: Regirock
|-damage|p2a: Regirock|65/100
|move|p2a: Regirock|Toxic|p1a: Mesprit
|-status|p1a: Mesprit|tox
|
|-weather|Sandstorm|[upkeep]
|-damage|p1a: Mesprit|89/100 tox|[from] Sandstorm
|-heal|p2a: Regirock|71/100|[from] item: Leftovers
|-damage|p1a: Mesprit|83/100 tox|[from] psn
|upkeep
|turn|11
|
|t:|1648114002
|switch|p2a: Togedemaru|Togedemaru, M|100/100
|-damage|p2a: Togedemaru|95/100|[from] Stealth Rock
|move|p1a: Mesprit|U-turn|p2a: Togedemaru
|-resisted|p2a: Togedemaru
|-damage|p2a: Togedemaru|84/100
|
|t:|1648114004
|switch|p1a: Eldegoss|Eldegoss, F|100/100|[from]move: U-turn
|
|-weather|none
|-heal|p2a: Togedemaru|90/100|[from] item: Leftovers
|upkeep
|turn|12
|
|t:|1648114011
|move|p2a: Togedemaru|U-turn|p1a: Eldegoss
|-supereffective|p1a: Eldegoss
|-crit|p1a: Eldegoss
|-damage|p1a: Eldegoss|63/100
|
|t:|1648114015
|switch|p2a: Vikavolt|Vikavolt, M|100/100|[from]move: U-turn
|move|p1a: Eldegoss|Aromatherapy|p1a: Eldegoss
|-activate|p1a: Eldegoss|move: Aromatherapy
|-curestatus|p1: Mesprit|tox|[msg]
|
|upkeep
|turn|13
|c|☆Vishoclock|But yes vish kinda owns your team
|
|t:|1648114033
|switch|p1a: Gigalith|Gigalith, F|100/100
|-damage|p1a: Gigalith|88/100|[from] Stealth Rock
|-weather|Sandstorm|[from] ability: Sand Stream|[of] p1a: Gigalith
|move|p2a: Vikavolt|Bug Buzz|p1a: Gigalith
|-damage|p1a: Gigalith|64/100
|
|-weather|Sandstorm|[upkeep]
|-damage|p2a: Vikavolt|94/100|[from] Sandstorm
|-heal|p1a: Gigalith|70/100|[from] item: Leftovers
|upkeep
|turn|14
|
|t:|1648114038
|move|p2a: Vikavolt|Volt Switch|p1a: Gigalith
|-damage|p1a: Gigalith|50/100
|
|t:|1648114045
|switch|p2a: Regirock|Regirock|71/100|[from]move: Volt Switch
|-damage|p2a: Regirock|58/100|[from] Stealth Rock
|move|p1a: Gigalith|Rock Blast|p2a: Regirock
|-damage|p2a: Regirock|54/100
|-damage|p2a: Regirock|49/100
|-hitcount|p2a: Regirock|2
|
|-weather|Sandstorm|[upkeep]
|-heal|p2a: Regirock|55/100|[from] item: Leftovers
|-heal|p1a: Gigalith|56/100|[from] item: Leftovers
|upkeep
|turn|15
|
|t:|1648114049
|move|p1a: Gigalith|Protect|p1a: Gigalith
|-singleturn|p1a: Gigalith|Protect
|move|p2a: Regirock|Body Press|p1a: Gigalith
|-activate|p1a: Gigalith|move: Protect
|
|-weather|Sandstorm|[upkeep]
|-heal|p2a: Regirock|61/100|[from] item: Leftovers
|-heal|p1a: Gigalith|62/100|[from] item: Leftovers
|upkeep
|turn|16
|
|t:|1648114055
|switch|p2a: Vikavolt|Vikavolt, M|94/100
|switch|p1a: Weezing|Weezing, F|80/100
|-ability|p1a: Weezing|Neutralizing Gas
|-damage|p1a: Weezing|68/100|[from] Stealth Rock
|
|-weather|Sandstorm|[upkeep]
|-damage|p2a: Vikavolt|88/100|[from] Sandstorm
|-damage|p1a: Weezing|62/100|[from] Sandstorm
|upkeep
|turn|17
|
|t:|1648114060
|move|p2a: Vikavolt|Volt Switch|p1a: Weezing
|-damage|p1a: Weezing|6/100
|
|t:|1648114068
|switch|p2a: Charizard|Charizard, M|68/100|[from]move: Volt Switch
|move|p1a: Weezing|Toxic Spikes|p2a: Charizard
|-sidestart|p2: holydaysacc|move: Toxic Spikes
|
|-weather|none
|upkeep
|turn|18
|
|t:|1648114076
|move|p2a: Charizard|Flamethrower|p1a: Weezing
|-damage|p1a: Weezing|0 fnt
|faint|p1a: Weezing
|-end|p1a: Weezing|ability: Neutralizing Gas
|
|upkeep
|
|t:|1648114078
|switch|p1a: Gigalith|Gigalith, F|62/100
|-damage|p1a: Gigalith|50/100|[from] Stealth Rock
|-weather|Sandstorm|[from] ability: Sand Stream|[of] p1a: Gigalith
|turn|19
|
|t:|1648114082
|switch|p2a: Scrafty|Scrafty, M|94/100
|-damage|p2a: Scrafty|88/100|[from] Stealth Rock
|-status|p2a: Scrafty|psn
|move|p1a: Gigalith|Rock Blast|p2a: Scrafty|[miss]
|-miss|p1a: Gigalith|p2a: Scrafty
|
|-weather|Sandstorm|[upkeep]
|-damage|p2a: Scrafty|82/100 psn|[from] Sandstorm
|-heal|p2a: Scrafty|88/100 psn|[from] item: Leftovers
|-heal|p1a: Gigalith|56/100|[from] item: Leftovers
|-damage|p2a: Scrafty|75/100 psn|[from] psn
|upkeep
|turn|20
|
|t:|1648114088
|switch|p1a: Mesprit|Mesprit|83/100
|-damage|p1a: Mesprit|70/100|[from] Stealth Rock
|move|p2a: Scrafty|Drain Punch|p1a: Mesprit
|-resisted|p1a: Mesprit
|-damage|p1a: Mesprit|57/100
|-heal|p2a: Scrafty|82/100 psn|[from] drain|[of] p1a: Mesprit
|
|-weather|Sandstorm|[upkeep]
|-damage|p1a: Mesprit|51/100|[from] Sandstorm
|-damage|p2a: Scrafty|76/100 psn|[from] Sandstorm
|-heal|p2a: Scrafty|82/100 psn|[from] item: Leftovers
|-damage|p2a: Scrafty|69/100 psn|[from] psn
|upkeep
|turn|21
|
|t:|1648114093
|switch|p2a: Togedemaru|Togedemaru, M|90/100
|-damage|p2a: Togedemaru|84/100|[from] Stealth Rock
|move|p1a: Mesprit|Dazzling Gleam|p2a: Togedemaru
|-resisted|p2a: Togedemaru
|-damage|p2a: Togedemaru|74/100
|
|-weather|Sandstorm|[upkeep]
|-damage|p1a: Mesprit|45/100|[from] Sandstorm
|-heal|p2a: Togedemaru|80/100|[from] item: Leftovers
|upkeep
|turn|22
|
|t:|1648114096
|move|p1a: Mesprit|Psychic|p2a: Togedemaru
|-resisted|p2a: Togedemaru
|-damage|p2a: Togedemaru|61/100
|move|p2a: Togedemaru|U-turn|p1a: Mesprit
|-supereffective|p1a: Mesprit
|-damage|p1a: Mesprit|11/100
|
|t:|1648114102
|switch|p2a: Charizard|Charizard, M|68/100|[from]move: U-turn
|
|-weather|Sandstorm|[upkeep]
|-damage|p2a: Charizard|62/100|[from] Sandstorm
|-damage|p1a: Mesprit|5/100|[from] Sandstorm
|upkeep
|turn|23
|
|t:|1648114106
|move|p2a: Charizard|Defog|p1a: Mesprit
|-unboost|p1a: Mesprit|evasion|1
|-sideend|p1: Vishoclock|Stealth Rock|[from] move: Defog|[of] p2a: Charizard
|-sideend|p2: holydaysacc|Toxic Spikes|[from] move: Defog|[of] p2a: Charizard
|-sideend|p2: holydaysacc|Stealth Rock|[from] move: Defog|[of] p2a: Charizard
|move|p1a: Mesprit|Psychic|p2a: Charizard
|-damage|p2a: Charizard|18/100
|
|-weather|none
|upkeep
|turn|24
|
|t:|1648114110
|move|p2a: Charizard|Roost|p2a: Charizard
|-heal|p2a: Charizard|68/100
|-singleturn|p2a: Charizard|move: Roost
|move|p1a: Mesprit|U-turn|p2a: Charizard
|-resisted|p2a: Charizard
|-damage|p2a: Charizard|59/100
|
|t:|1648114111
|switch|p1a: Gigalith|Gigalith, F|56/100|[from]move: U-turn
|-weather|Sandstorm|[from] ability: Sand Stream|[of] p1a: Gigalith
|
|-weather|Sandstorm|[upkeep]
|-damage|p2a: Charizard|53/100|[from] Sandstorm
|-heal|p1a: Gigalith|62/100|[from] item: Leftovers
|upkeep
|turn|25
|
|t:|1648114117
|switch|p2a: Scrafty|Scrafty, M|69/100 psn
|move|p1a: Gigalith|Stealth Rock|p2a: Scrafty
|-sidestart|p2: holydaysacc|move: Stealth Rock
|
|-weather|Sandstorm|[upkeep]
|-damage|p2a: Scrafty|63/100 psn|[from] Sandstorm
|-heal|p2a: Scrafty|69/100 psn|[from] item: Leftovers
|-heal|p1a: Gigalith|68/100|[from] item: Leftovers
|-damage|p2a: Scrafty|57/100 psn|[from] psn
|upkeep
|turn|26
|
|t:|1648114123
|move|p1a: Gigalith|Protect|p1a: Gigalith
|-singleturn|p1a: Gigalith|Protect
|move|p2a: Scrafty|Bulk Up|p2a: Scrafty
|-boost|p2a: Scrafty|atk|1
|-boost|p2a: Scrafty|def|1
|
|-weather|Sandstorm|[upkeep]
|-damage|p2a: Scrafty|51/100 psn|[from] Sandstorm
|-activate|p2a: Scrafty|ability: Shed Skin
|-curestatus|p2a: Scrafty|psn|[msg]
|-heal|p2a: Scrafty|57/100|[from] item: Leftovers
|-heal|p1a: Gigalith|75/100|[from] item: Leftovers
|upkeep
|turn|27
|
|t:|1648114130
|move|p2a: Scrafty|Bulk Up|p2a: Scrafty
|-boost|p2a: Scrafty|atk|1
|-boost|p2a: Scrafty|def|1
|move|p1a: Gigalith|Earthquake|p2a: Scrafty
|-damage|p2a: Scrafty|44/100
|
|-weather|Sandstorm|[upkeep]
|-damage|p2a: Scrafty|38/100|[from] Sandstorm
|-heal|p2a: Scrafty|44/100|[from] item: Leftovers
|-heal|p1a: Gigalith|81/100|[from] item: Leftovers
|upkeep
|turn|28
|
|t:|1648114135
|switch|p1a: Eldegoss|Eldegoss, F|97/100
|move|p2a: Scrafty|Drain Punch|p1a: Eldegoss
|-damage|p1a: Eldegoss|55/100
|-heal|p2a: Scrafty|64/100|[from] drain|[of] p1a: Eldegoss
|
|-weather|none
|-heal|p2a: Scrafty|70/100|[from] item: Leftovers
|upkeep
|turn|29
|
|t:|1648114138
|move|p1a: Eldegoss|Leech Seed|p2a: Scrafty
|-start|p2a: Scrafty|move: Leech Seed
|move|p2a: Scrafty|Drain Punch|p1a: Eldegoss
|-damage|p1a: Eldegoss|17/100
|-heal|p2a: Scrafty|89/100|[from] drain|[of] p1a: Eldegoss
|
|-heal|p2a: Scrafty|95/100|[from] item: Leftovers
|-damage|p2a: Scrafty|82/100|[from] Leech Seed|[of] p1a: Eldegoss
|-heal|p1a: Eldegoss|29/100|[silent]
|upkeep
|turn|30
|
|t:|1648114144
|move|p1a: Eldegoss|Giga Drain|p2a: Scrafty
|-damage|p2a: Scrafty|66/100
|-heal|p1a: Eldegoss|38/100|[from] drain|[of] p2a: Scrafty
|move|p2a: Scrafty|Knock Off|p1a: Eldegoss
|-damage|p1a: Eldegoss|0 fnt
|-enditem|p1a: Eldegoss|Heavy-Duty Boots|[from] move: Knock Off|[of] p2a: Scrafty
|faint|p1a: Eldegoss
|
|-heal|p2a: Scrafty|72/100|[from] item: Leftovers
|upkeep
|
|t:|1648114145
|switch|p1a: Mesprit|Mesprit|5/100
|turn|31
|
|t:|1648114148
|switch|p2a: Togedemaru|Togedemaru, M|61/100
|-damage|p2a: Togedemaru|55/100|[from] Stealth Rock
|move|p1a: Mesprit|Dazzling Gleam|p2a: Togedemaru
|-resisted|p2a: Togedemaru
|-damage|p2a: Togedemaru|45/100
|
|-heal|p2a: Togedemaru|51/100|[from] item: Leftovers
|upkeep
|turn|32
|
|t:|1648114151
|move|p1a: Mesprit|Psychic|p2a: Togedemaru
|-resisted|p2a: Togedemaru
|-damage|p2a: Togedemaru|33/100
|move|p2a: Togedemaru|U-turn|p1a: Mesprit
|-supereffective|p1a: Mesprit
|-damage|p1a: Mesprit|0 fnt
|faint|p1a: Mesprit
|
|t:|1648114159
|switch|p2a: Whimsicott|Whimsicott, M|100/100|[from]move: U-turn
|-damage|p2a: Whimsicott|88/100|[from] Stealth Rock
|
|upkeep
|
|t:|1648114161
|switch|p1a: Gigalith|Gigalith, F|81/100
|-weather|Sandstorm|[from] ability: Sand Stream|[of] p1a: Gigalith
|turn|33
|
|t:|1648114164
|move|p2a: Whimsicott|Energy Ball|p1a: Gigalith
|-supereffective|p1a: Gigalith
|-damage|p1a: Gigalith|28/100
|move|p1a: Gigalith|Rock Blast|p2a: Whimsicott
|-damage|p2a: Whimsicott|72/100
|-damage|p2a: Whimsicott|55/100
|-damage|p2a: Whimsicott|39/100
|-hitcount|p2a: Whimsicott|3
|
|-weather|Sandstorm|[upkeep]
|-damage|p2a: Whimsicott|33/100|[from] Sandstorm
|-heal|p1a: Gigalith|34/100|[from] item: Leftovers
|upkeep
|turn|34
|
|t:|1648114170
|move|p1a: Gigalith|Protect|p1a: Gigalith
|-singleturn|p1a: Gigalith|Protect
|move|p2a: Whimsicott|Energy Ball|p1a: Gigalith
|-activate|p1a: Gigalith|move: Protect
|
|-weather|Sandstorm|[upkeep]
|-damage|p2a: Whimsicott|27/100|[from] Sandstorm
|-heal|p1a: Gigalith|40/100|[from] item: Leftovers
|upkeep
|turn|35
|
|t:|1648114174
|move|p2a: Whimsicott|Energy Ball|p1a: Gigalith
|-supereffective|p1a: Gigalith
|-damage|p1a: Gigalith|0 fnt
|faint|p1a: Gigalith
|
|-weather|Sandstorm|[upkeep]
|-damage|p2a: Whimsicott|20/100|[from] Sandstorm
|upkeep
|
|t:|1648114176
|switch|p1a: Scrafty|Scrafty, M|100/100
|turn|36
|
|t:|1648114181
|move|p2a: Whimsicott|Energy Ball|p1a: Scrafty
|-damage|p1a: Scrafty|48/100
|move|p1a: Scrafty|Dragon Dance|p1a: Scrafty
|-boost|p1a: Scrafty|atk|1
|-boost|p1a: Scrafty|spe|1
|
|-weather|Sandstorm|[upkeep]
|-damage|p2a: Whimsicott|14/100|[from] Sandstorm
|-damage|p1a: Scrafty|43/100|[from] Sandstorm
|-heal|p1a: Scrafty|48/100|[from] item: Leftovers
|upkeep
|turn|37
|
|t:|1648114189
|move|p2a: Whimsicott|Energy Ball|p1a: Scrafty
|-damage|p1a: Scrafty|0 fnt
|faint|p1a: Scrafty
|
|win|holydaysacc
|raw|Vishoclock's rating: 1332 &rarr; <strong>1325</strong><br />(-7 for losing)
|raw|holydaysacc's rating: 1601 &rarr; <strong>1608</strong><br />(+7 for winning)
|c|☆Vishoclock|Sad
|c|☆Vishoclock|Gg
|c|☆holydaysacc|Gg
