|j|‽IHaveLowGXE
|j|☆DDD2598
|t:|1603975240
|player|p1|IHaveLowGXE|102|1329
|player|p2|DDD2598|steven|1274
|teamsize|p1|6
|teamsize|p2|6
|gametype|singles
|gen|8
|tier|[Gen 8] PU
|rated|
|clearpoke
|poke|p1|Metang|
|poke|p1|Magmar, F|
|poke|p1|Marshtomp, M|
|poke|p1|Liepard, F|
|poke|p1|Shiinotic, F|
|poke|p1|Silvally-*|
|poke|p2|Musharna, M|
|poke|p2|Lurantis, M|
|poke|p2|Spritzee, F|
|poke|p2|Flareon, M|
|poke|p2|Cursola, M|
|poke|p2|Marowak, F|
|rule|Sleep Clause Mod: Limit one foe put to sleep
|rule|Species Clause: Limit one of each Pokémon
|rule|OHKO Clause: OHKO moves are banned
|rule|Evasion Moves Clause: Evasion moves are banned
|rule|Endless Battle Clause: Forcing endless battles is banned
|rule|HP Percentage Mod: HP is shown in percentages
|rule|Dynamax Clause: You cannot dynamax
|teampreview
|inactive|Battle timer is ON: inactive players will automatically lose when time's up. (requested by IHaveLowGXE)
|inactive|DDD2598 has 120 seconds left.
|inactive|DDD2598 has 90 seconds left.
|inactive|DDD2598 has 60 seconds left.
|inactive|DDD2598 has 30 seconds left.
|inactive|DDD2598 has 20 seconds left.
|inactive|DDD2598 has 15 seconds left.
|inactive|DDD2598 has 10 seconds left.
|c|☆DDD2598|glgf
|
|t:|1603975387
|start
|switch|p1a: Liepard|Liepard, F|100/100
|switch|p2a: Cursola|Cursola, M|100/100
|turn|1
|
|t:|1603975393
|switch|p2a: Spritzee|Spritzee, F|100/100
|move|p1a: Liepard|Knock Off|p2a: Spritzee
|-resisted|p2a: Spritzee
|-crit|p2a: Spritzee
|-damage|p2a: Spritzee|69/100
|-enditem|p2a: Spritzee|Eviolite|[from] move: Knock Off|[of] p1a: Liepard
|
|upkeep
|turn|2
|
|t:|1603975402
|move|p1a: Liepard|U-turn|p2a: Spritzee
|-resisted|p2a: Spritzee
|-damage|p2a: Spritzee|56/100
|
|t:|1603975412
|switch|p1a: Silvally|Silvally-Poison|100/100|[from]move: U-turn
|move|p2a: Spritzee|Trick Room|p2a: Spritzee
|-fieldstart|move: Trick Room|[of] p2a: Spritzee
|
|upkeep
|turn|3
|inactive|DDD2598 has 90 seconds left.
|
|t:|1603975434
|switch|p2a: Marowak|Marowak, F|100/100
|move|p1a: Silvally|U-turn|p2a: Marowak
|-damage|p2a: Marowak|80/100
|
|t:|1603975447
|switch|p1a: Shiinotic|Shiinotic, F|100/100|[from]move: U-turn
|
|upkeep
|turn|4
|
|t:|1603975452
|switch|p2a: Flareon|Flareon, M|100/100
|move|p1a: Shiinotic|Spore|p2a: Flareon
|-status|p2a: Flareon|slp|[from] move: Spore
|
|upkeep
|turn|5
|inactive|DDD2598 has 90 seconds left.
|
|t:|1603975458
|switch|p1a: Marshtomp|Marshtomp, M|100/100
|cant|p2a: Flareon|slp
|
|upkeep
|turn|6
|inactive|IHaveLowGXE has 120 seconds left.
|
|t:|1603975494
|switch|p2a: Spritzee|Spritzee, F|56/100
|move|p1a: Marshtomp|Toxic|p2a: Spritzee
|-status|p2a: Spritzee|tox
|
|-damage|p2a: Spritzee|50/100 tox|[from] psn
|-fieldend|move: Trick Room
|upkeep
|turn|7
|inactive|DDD2598 has 90 seconds left.
|
|t:|1603975519
|switch|p1a: Metang|Metang|100/100
|move|p2a: Spritzee|Trick Room|p2a: Spritzee
|-fieldstart|move: Trick Room|[of] p2a: Spritzee
|
|-damage|p2a: Spritzee|38/100 tox|[from] psn
|upkeep
|turn|8
|inactive|DDD2598 has 90 seconds left.
|
|t:|1603975527
|switch|p2a: Marowak|Marowak, F|80/100
|move|p1a: Metang|Stealth Rock|p2a: Marowak
|-sidestart|p2: DDD2598|move: Stealth Rock
|
|upkeep
|turn|9
|
|t:|1603975534
|switch|p1a: Shiinotic|Shiinotic, F|100/100
|move|p2a: Marowak|Knock Off|p1a: Shiinotic
|-resisted|p1a: Shiinotic
|-damage|p1a: Shiinotic|77/100
|-message|Sleep Clause Mod activated.
|-enditem|p1a: Shiinotic|Leftovers|[from] move: Knock Off|[of] p2a: Marowak
|
|upkeep
|turn|10
|
|t:|1603975548
|switch|p2a: Cursola|Cursola, M|100/100
|-damage|p2a: Cursola|88/100|[from] Stealth Rock
|move|p1a: Shiinotic|Giga Drain|p2a: Cursola
|-damage|p2a: Cursola|67/100
|-heal|p1a: Shiinotic|88/100|[from] drain|[of] p2a: Cursola
|
|upkeep
|turn|11
|
|t:|1603975559
|move|p1a: Shiinotic|Moonblast|p2a: Cursola
|-damage|p2a: Cursola|41/100
|-unboost|p2a: Cursola|spa|1
|move|p2a: Cursola|Shadow Ball|p1a: Shiinotic
|-damage|p1a: Shiinotic|46/100
|-damage|p2a: Cursola|31/100|[from] item: Life Orb
|
|-fieldend|move: Trick Room
|upkeep
|turn|12
|
|t:|1603975568
|move|p2a: Cursola|Ice Beam|p1a: Shiinotic
|-supereffective|p1a: Shiinotic
|-damage|p1a: Shiinotic|0 fnt
|-damage|p2a: Cursola|21/100|[from] item: Life Orb
|faint|p1a: Shiinotic
|
|upkeep
|
|t:|1603975573
|switch|p1a: Liepard|Liepard, F|100/100
|turn|13
|
|t:|1603975589
|move|p1a: Liepard|Knock Off|p2a: Cursola
|-supereffective|p2a: Cursola
|-damage|p2a: Cursola|0 fnt
|-ability|p2a: Cursola|Perish Body
|-enditem|p2a: Cursola|Life Orb|[from] move: Knock Off|[of] p1a: Liepard
|faint|p2a: Cursola
|
|-start|p1a: Liepard|perish3
|upkeep
|
|t:|1603975597
|switch|p2a: Spritzee|Spritzee, F|38/100 tox
|-damage|p2a: Spritzee|26/100 tox|[from] Stealth Rock
|turn|14
|
|t:|1603975601
|move|p1a: Liepard|Knock Off|p2a: Spritzee
|-resisted|p2a: Spritzee
|-damage|p2a: Spritzee|3/100 tox
|move|p2a: Spritzee|Trick Room|p2a: Spritzee
|-fieldstart|move: Trick Room|[of] p2a: Spritzee
|
|-damage|p2a: Spritzee|0 fnt|[from] psn
|faint|p2a: Spritzee
|-start|p1a: Liepard|perish2
|upkeep
|
|t:|1603975610
|switch|p2a: Marowak|Marowak, F|80/100
|-damage|p2a: Marowak|74/100|[from] Stealth Rock
|turn|15
|
|t:|1603975618
|switch|p1a: Marshtomp|Marshtomp, M|100/100
|move|p2a: Marowak|Knock Off|p1a: Marshtomp
|-damage|p1a: Marshtomp|68/100
|-enditem|p1a: Marshtomp|Eviolite|[from] move: Knock Off|[of] p2a: Marowak
|
|upkeep
|turn|16
|inactive|DDD2598 has 120 seconds left.
|
|t:|1603975626
|switch|p2a: Lurantis|Lurantis, M|100/100
|-damage|p2a: Lurantis|88/100|[from] Stealth Rock
|move|p1a: Marshtomp|Scald|p2a: Lurantis
|-resisted|p2a: Lurantis
|-damage|p2a: Lurantis|82/100
|
|-heal|p2a: Lurantis|88/100|[from] item: Leftovers
|upkeep
|turn|17
|
|t:|1603975636
|switch|p1a: Silvally|Silvally-Poison|100/100
|move|p2a: Lurantis|Superpower|p1a: Silvally
|-resisted|p1a: Silvally
|-damage|p1a: Silvally|84/100
|-boost|p2a: Lurantis|atk|1
|-boost|p2a: Lurantis|def|1
|
|-heal|p2a: Lurantis|94/100|[from] item: Leftovers
|upkeep
|turn|18
|
|t:|1603975650
|move|p2a: Lurantis|Knock Off|p1a: Silvally
|-damage|p1a: Silvally|57/100
|move|p1a: Silvally|Multi-Attack|p2a: Lurantis
|-supereffective|p2a: Lurantis
|-damage|p2a: Lurantis|21/100
|
|-heal|p2a: Lurantis|27/100|[from] item: Leftovers
|-fieldend|move: Trick Room
|upkeep
|turn|19
|inactive|DDD2598 has 120 seconds left.
|
|t:|1603975681
|move|p1a: Silvally|Multi-Attack|p2a: Lurantis
|-supereffective|p2a: Lurantis
|-damage|p2a: Lurantis|0 fnt
|faint|p2a: Lurantis
|
|upkeep
|
|t:|1603975687
|switch|p2a: Musharna|Musharna, M|100/100
|-damage|p2a: Musharna|88/100|[from] Stealth Rock
|turn|20
|
|t:|1603975698
|move|p1a: Silvally|Multi-Attack|p2a: Musharna
|-damage|p2a: Musharna|42/100
|move|p2a: Musharna|Trick Room|p2a: Musharna
|-fieldstart|move: Trick Room|[of] p2a: Musharna
|
|-heal|p2a: Musharna|48/100|[from] item: Leftovers
|upkeep
|turn|21
|
|t:|1603975704
|switch|p1a: Liepard|Liepard, F|100/100
|move|p2a: Musharna|Psychic|p1a: Liepard
|-immune|p1a: Liepard
|
|-heal|p2a: Musharna|54/100|[from] item: Leftovers
|upkeep
|turn|22
|inactive|DDD2598 has 120 seconds left.
|
|t:|1603975711
|move|p1a: Liepard|Encore|p2a: Musharna
|-start|p2a: Musharna|Encore
|move|p2a: Musharna|Psychic|p1a: Liepard
|-immune|p1a: Liepard
|
|-heal|p2a: Musharna|60/100|[from] item: Leftovers
|upkeep
|turn|23
|inactive|DDD2598 has 120 seconds left.
|
|t:|1603975721
|switch|p2a: Marowak|Marowak, F|74/100
|-damage|p2a: Marowak|68/100|[from] Stealth Rock
|move|p1a: Liepard|Knock Off|p2a: Marowak
|-damage|p2a: Marowak|26/100
|-enditem|p2a: Marowak|Thick Club|[from] move: Knock Off|[of] p1a: Liepard
|
|upkeep
|turn|24
|
|t:|1603975729
|move|p1a: Liepard|Copycat|p1a: Liepard
|move|p1a: Liepard|Knock Off|p2a: Marowak|[from]Copycat
|-damage|p2a: Marowak|0 fnt
|faint|p2a: Marowak
|
|-fieldend|move: Trick Room
|upkeep
|c|☆DDD2598|...
|c|☆DDD2598|gg
|-message|DDD2598 forfeited.
|
|win|IHaveLowGXE
|l|☆DDD2598
