|j|☆MentalAdversity
|j|☆Uberfiend
|t:|1645357536
|gametype|singles
|player|p1|MentalAdversity|pokefanf-gen4|1454
|player|p2|Uberfiend|youngcouple-gen4dp|1339
|teamsize|p1|6
|teamsize|p2|6
|gen|8
|tier|[Gen 8] PU
|rated|
|rule|Sleep Clause Mod: Limit one foe put to sleep
|rule|Species Clause: Limit one of each Pokémon
|rule|OHKO Clause: OHKO moves are banned
|rule|Evasion Moves Clause: Evasion moves are banned
|rule|Endless Battle Clause: Forcing endless battles is banned
|rule|HP Percentage Mod: HP is shown in percentages
|rule|Dynamax Clause: You cannot dynamax
|clearpoke
|poke|p1|Ferroseed, F|
|poke|p1|Corsola-Galar, F|
|poke|p1|Audino, F|
|poke|p1|Togedemaru, M|
|poke|p1|Eldegoss, M|
|poke|p1|Quagsire, M|
|poke|p2|Druddigon, F|
|poke|p2|Archeops, M|
|poke|p2|Accelgor, M|
|poke|p2|Whimsicott, M|
|poke|p2|Hitmontop, M|
|poke|p2|Gourgeist-*, F|
|teampreview
|c|☆Uberfiend|This tier is AIDS
|
|t:|1645357569
|start
|switch|p1a: Ferroseed|Ferroseed, F, shiny|100/100
|switch|p2a: Archeops|Archeops, M|100/100
|turn|1
|
|t:|1645357590
|move|p2a: Archeops|Heat Wave|p1a: Ferroseed
|-supereffective|p1a: Ferroseed
|-damage|p1a: Ferroseed|0 fnt
|faint|p1a: Ferroseed
|
|upkeep
|
|t:|1645357598
|switch|p1a: Nurse Joy|Audino, F, shiny|100/100
|turn|2
|
|t:|1645357600
|move|p2a: Archeops|Meteor Beam||[still]
|-prepare|p2a: Archeops|Meteor Beam
|-boost|p2a: Archeops|spa|1
|-enditem|p2a: Archeops|Power Herb
|-anim|p2a: Archeops|Meteor Beam|p1a: Nurse Joy
|-damage|p1a: Nurse Joy|44/100
|move|p1a: Nurse Joy|Knock Off|p2a: Archeops
|-damage|p2a: Archeops|83/100
|
|upkeep
|turn|3
|
|t:|1645357610
|switch|p1a: Perry the platypus|Quagsire, M, shiny|100/100
|move|p2a: Archeops|Air Slash|p1a: Perry the platypus
|-damage|p1a: Perry the platypus|56/100
|
|-heal|p1a: Perry the platypus|62/100|[from] item: Leftovers
|upkeep
|turn|4
|
|t:|1645357613
|move|p2a: Archeops|Air Slash|p1a: Perry the platypus
|-damage|p1a: Perry the platypus|22/100
|move|p1a: Perry the platypus|Recover|p1a: Perry the platypus
|-heal|p1a: Perry the platypus|72/100
|
|-heal|p1a: Perry the platypus|78/100|[from] item: Leftovers
|upkeep
|turn|5
|
|t:|1645357615
|move|p2a: Archeops|Air Slash|p1a: Perry the platypus
|-damage|p1a: Perry the platypus|33/100
|cant|p1a: Perry the platypus|flinch
|
|-heal|p1a: Perry the platypus|39/100|[from] item: Leftovers
|upkeep
|turn|6
|
|t:|1645357619
|switch|p1a: Togedemaru|Togedemaru, M, shiny|100/100
|move|p2a: Archeops|Air Slash|p1a: Togedemaru
|-resisted|p1a: Togedemaru
|-damage|p1a: Togedemaru|89/100
|
|-heal|p1a: Togedemaru|95/100|[from] item: Leftovers
|upkeep
|turn|7
|
|t:|1645357625
|move|p1a: Togedemaru|Spiky Shield|p1a: Togedemaru
|-singleturn|p1a: Togedemaru|move: Protect
|move|p2a: Archeops|Heat Wave|p1a: Togedemaru
|-activate|p1a: Togedemaru|move: Protect
|
|-heal|p1a: Togedemaru|100/100|[from] item: Leftovers
|upkeep
|turn|8
|
|t:|1645357630
|move|p2a: Archeops|Heat Wave|p1a: Togedemaru
|-supereffective|p1a: Togedemaru
|-damage|p1a: Togedemaru|19/100
|move|p1a: Togedemaru|Assurance|p2a: Archeops
|-damage|p2a: Archeops|61/100
|
|-heal|p1a: Togedemaru|25/100|[from] item: Leftovers
|upkeep
|turn|9
|
|t:|1645357638
|switch|p1a: Nurse Joy|Audino, F, shiny|77/100
|move|p2a: Archeops|Air Slash|p1a: Nurse Joy
|-damage|p1a: Nurse Joy|37/100
|
|upkeep
|turn|10
|
|t:|1645357642
|move|p1a: Nurse Joy|Protect|p1a: Nurse Joy
|-singleturn|p1a: Nurse Joy|Protect
|move|p2a: Archeops|Air Slash|p1a: Nurse Joy
|-activate|p1a: Nurse Joy|move: Protect
|
|upkeep
|turn|11
|
|t:|1645357645
|switch|p1a: Corsola|Corsola-Galar, F|100/100
|move|p2a: Archeops|Knock Off|p1a: Corsola
|-supereffective|p1a: Corsola
|-damage|p1a: Corsola|69/100
|-start|p2a: Archeops|Disable|Knock Off|[from] ability: Cursed Body|[of] p1a: Corsola
|-enditem|p1a: Corsola|Eviolite|[from] move: Knock Off|[of] p2a: Archeops
|
|upkeep
|turn|12
|
|t:|1645357656
|move|p2a: Archeops|Air Slash|p1a: Corsola
|-damage|p1a: Corsola|15/100
|move|p1a: Corsola|Night Shade|p2a: Archeops
|-damage|p2a: Archeops|27/100
|
|upkeep
|turn|13
|
|t:|1645357660
|switch|p1a: Nurse Joy|Audino, F, shiny|70/100
|move|p2a: Archeops|Air Slash|p1a: Nurse Joy
|-crit|p1a: Nurse Joy
|-damage|p1a: Nurse Joy|41/100
|
|upkeep
|turn|14
|
|t:|1645357663
|move|p1a: Nurse Joy|Protect|p1a: Nurse Joy
|-singleturn|p1a: Nurse Joy|Protect
|move|p2a: Archeops|Air Slash|p1a: Nurse Joy
|-activate|p1a: Nurse Joy|move: Protect
|
|-end|p2a: Archeops|Disable
|upkeep
|turn|15
|
|t:|1645357668
|switch|p1a: Eldegoss|Eldegoss, M, shiny|100/100
|move|p2a: Archeops|Air Slash|p1a: Eldegoss
|-supereffective|p1a: Eldegoss
|-damage|p1a: Eldegoss|63/100
|
|upkeep
|turn|16
|
|t:|1645357674
|move|p2a: Archeops|Air Slash|p1a: Eldegoss
|-supereffective|p1a: Eldegoss
|-damage|p1a: Eldegoss|28/100
|move|p1a: Eldegoss|Leech Seed|p2a: Archeops
|-start|p2a: Archeops|move: Leech Seed
|
|-damage|p2a: Archeops|15/100|[from] Leech Seed|[of] p1a: Eldegoss
|-heal|p1a: Eldegoss|39/100|[silent]
|upkeep
|turn|17
|
|t:|1645357680
|move|p1a: Eldegoss|Protect|p1a: Eldegoss
|-singleturn|p1a: Eldegoss|Protect
|move|p2a: Archeops|Knock Off|p1a: Eldegoss
|-activate|p1a: Eldegoss|move: Protect
|
|-damage|p2a: Archeops|2/100|[from] Leech Seed|[of] p1a: Eldegoss
|-heal|p1a: Eldegoss|50/100|[silent]
|upkeep
|turn|18
|
|t:|1645357686
|switch|p1a: Nurse Joy|Audino, F, shiny|74/100
|move|p2a: Archeops|Air Slash|p1a: Nurse Joy
|-damage|p1a: Nurse Joy|55/100
|
|-damage|p2a: Archeops|0 fnt|[from] Leech Seed|[of] p1a: Nurse Joy
|-heal|p1a: Nurse Joy|56/100|[silent]
|faint|p2a: Archeops
|upkeep
|
|t:|1645357697
|switch|p2a: Accelgor|Accelgor, M|100/100
|turn|19
|
|t:|1645357699
|move|p1a: Nurse Joy|Protect|p1a: Nurse Joy
|-singleturn|p1a: Nurse Joy|Protect
|move|p2a: Accelgor|Bug Buzz|p1a: Nurse Joy
|-activate|p1a: Nurse Joy|move: Protect
|
|upkeep
|turn|20
|
|t:|1645357705
|move|p2a: Accelgor|Focus Blast|p1a: Nurse Joy
|-supereffective|p1a: Nurse Joy
|-damage|p1a: Nurse Joy|0 fnt
|faint|p1a: Nurse Joy
|
|upkeep
|
|t:|1645357708
|switch|p1a: Corsola|Corsola-Galar, F|15/100
|turn|21
|
|t:|1645357712
|switch|p1a: Eldegoss|Eldegoss, M, shiny|83/100
|move|p2a: Accelgor|Bug Buzz|p1a: Eldegoss
|-supereffective|p1a: Eldegoss
|-crit|p1a: Eldegoss
|-damage|p1a: Eldegoss|0 fnt
|faint|p1a: Eldegoss
|-enditem|p2a: Accelgor|Throat Spray
|-boost|p2a: Accelgor|spa|1|[from] item: Throat Spray
|
|upkeep
|-message|MentalAdversity forfeited.
|
|win|Uberfiend
|raw|MentalAdversity's rating: 1454 &rarr; <strong>1428</strong><br />(-26 for losing)
|raw|Uberfiend's rating: 1339 &rarr; <strong>1365</strong><br />(+26 for winning)
|l|☆MentalAdversity
|l|☆Uberfiend
|j|☆Uberfiend
|player|p2|Uberfiend|youngcouple-gen4dp
