|j|☆forgis
|j|☆Leroiluxrayps
|t:|1653491407
|gametype|singles
|player|p1|forgis|170|1571
|player|p2|Leroiluxrayps|jogger|1394
|teamsize|p1|6
|teamsize|p2|6
|gen|8
|tier|[Gen 8] PU
|rated|
|rule|Sleep Clause Mod: Limit one foe put to sleep
|rule|Species Clause: Limit one of each Pokémon
|rule|OHKO Clause: OHKO moves are banned
|rule|Evasion Moves Clause: Evasion moves are banned
|rule|Endless Battle Clause: Forcing endless battles is banned
|rule|HP Percentage Mod: HP is shown in percentages
|rule|Dynamax Clause: You cannot dynamax
|clearpoke
|poke|p1|Silvally-*|
|poke|p1|Jellicent, M|
|poke|p1|Audino, M|
|poke|p1|Stunfisk-Galar, M|
|poke|p1|Charizard, F|
|poke|p1|Leafeon, M|
|poke|p2|Crustle, M|
|poke|p2|Togedemaru, F|
|poke|p2|Charizard, F|
|poke|p2|Qwilfish, F|
|poke|p2|Runerigus, M|
|poke|p2|Eldegoss, M|
|teampreview
|inactive|Battle timer is ON: inactive players will automatically lose when time's up. (requested by forgis)
|
|t:|1653491416
|start
|switch|p1a: Jellicent|Jellicent, M|100/100
|switch|p2a: Qwilfish|Qwilfish, F|100/100
|-ability|p2a: Qwilfish|Intimidate|boost
|-unboost|p1a: Jellicent|atk|1
|turn|1
|
|t:|1653491427
|switch|p2a: Eldegoss|Eldegoss, M|100/100
|move|p1a: Jellicent|Shadow Ball|p2a: Eldegoss
|-damage|p2a: Eldegoss|66/100
|
|-heal|p2a: Eldegoss|72/100|[from] item: Leftovers
|upkeep
|turn|2
|
|t:|1653491432
|switch|p1a: Leafeon|Leafeon, M|100/100
|move|p2a: Eldegoss|Sing|p1a: Leafeon|[miss]
|-miss|p2a: Eldegoss|p1a: Leafeon
|
|-heal|p2a: Eldegoss|78/100|[from] item: Leftovers
|upkeep
|turn|3
|
|t:|1653491438
|switch|p2a: Qwilfish|Qwilfish, F|100/100
|-ability|p2a: Qwilfish|Intimidate|boost
|-unboost|p1a: Leafeon|atk|1
|move|p1a: Leafeon|Knock Off|p2a: Qwilfish
|-damage|p2a: Qwilfish|81/100
|-enditem|p2a: Qwilfish|Black Sludge|[from] move: Knock Off|[of] p1a: Leafeon
|
|upkeep
|turn|4
|
|t:|1653491442
|switch|p1a: Jellicent|Jellicent, M|100/100
|move|p2a: Qwilfish|Spikes|p1a: Jellicent
|-sidestart|p1: forgis|Spikes
|
|upkeep
|turn|5
|
|t:|1653491446
|switch|p2a: Eldegoss|Eldegoss, M|100/100
|move|p1a: Jellicent|Ice Beam|p2a: Eldegoss
|-supereffective|p2a: Eldegoss
|-damage|p2a: Eldegoss|51/100
|
|-heal|p2a: Eldegoss|57/100|[from] item: Leftovers
|upkeep
|turn|6
|
|t:|1653491453
|switch|p1a: Charizard|Charizard, F|100/100
|switch|p2a: Togedemaru|Togedemaru, F|100/100
|
|upkeep
|turn|7
|
|t:|1653491460
|switch|p1a: Stunfisk|Stunfisk-Galar, M|100/100
|-damage|p1a: Stunfisk|88/100|[from] Spikes
|move|p2a: Togedemaru|Zing Zap|p1a: Stunfisk
|-immune|p1a: Stunfisk
|
|-heal|p1a: Stunfisk|94/100|[from] item: Leftovers
|upkeep
|turn|8
|
|t:|1653491466
|switch|p2a: Runerigus|Runerigus, M|100/100
|move|p1a: Stunfisk|Stealth Rock|p2a: Runerigus
|-sidestart|p2: Leroiluxrayps|move: Stealth Rock
|
|-heal|p1a: Stunfisk|100/100|[from] item: Leftovers
|upkeep
|turn|9
|
|t:|1653491474
|switch|p1a: Audino|Audino, M|100/100
|move|p2a: Runerigus|Stealth Rock|p1a: Audino
|-sidestart|p1: forgis|move: Stealth Rock
|
|upkeep
|turn|10
|
|t:|1653491482
|switch|p2a: Eldegoss|Eldegoss, M|91/100
|-damage|p2a: Eldegoss|78/100|[from] Stealth Rock
|move|p1a: Audino|Knock Off|p2a: Eldegoss
|-damage|p2a: Eldegoss|63/100
|-enditem|p2a: Eldegoss|Leftovers|[from] move: Knock Off|[of] p1a: Audino
|
|upkeep
|turn|11
|
|t:|1653491490
|switch|p1a: Charizard|Charizard, F|100/100
|move|p2a: Eldegoss|Rapid Spin|p1a: Charizard
|-damage|p1a: Charizard|92/100
|-boost|p2a: Eldegoss|spe|1
|-sideend|p2: Leroiluxrayps|Stealth Rock|[from] move: Rapid Spin|[of] p2a: Eldegoss
|
|upkeep
|turn|12
|
|t:|1653491505
|move|p1a: Charizard|Flamethrower|p2a: Eldegoss
|-supereffective|p2a: Eldegoss
|-damage|p2a: Eldegoss|10/100
|move|p2a: Eldegoss|Sing|p1a: Charizard
|-status|p1a: Charizard|slp|[from] move: Sing
|
|upkeep
|turn|13
|
|t:|1653491512
|switch|p1a: Audino|Audino, M|100/100
|switch|p2a: Charizard|Charizard, F|100/100
|
|upkeep
|turn|14
|
|t:|1653491515
|move|p2a: Charizard|Substitute|p2a: Charizard
|-start|p2a: Charizard|Substitute
|-damage|p2a: Charizard|76/100
|move|p1a: Audino|Heal Bell|p1a: Audino
|-activate|p1a: Audino|move: Heal Bell
|-curestatus|p1: Charizard|slp|[msg]
|
|upkeep
|turn|15
|
|t:|1653491524
|move|p2a: Charizard|Belly Drum|p2a: Charizard
|-damage|p2a: Charizard|26/100
|-setboost|p2a: Charizard|atk|6|[from] move: Belly Drum
|move|p1a: Audino|Knock Off|p2a: Charizard
|-activate|p2a: Charizard|move: Substitute|[damage]
|
|upkeep
|turn|16
|
|t:|1653491535
|move|p1a: Audino|Protect|p1a: Audino
|-singleturn|p1a: Audino|Protect
|move|p2a: Charizard|Flame Charge|p1a: Audino
|-activate|p1a: Audino|move: Protect
|
|upkeep
|turn|17
|inactive|forgis has 120 seconds left.
|inactive|forgis has 90 seconds left.
|inactive|forgis has 60 seconds left.
|
|t:|1653491626
|move|p2a: Charizard|Flame Charge|p1a: Audino
|-damage|p1a: Audino|25/100
|-boost|p2a: Charizard|spe|1
|move|p1a: Audino|Knock Off|p2a: Charizard
|-end|p2a: Charizard|Substitute
|
|upkeep
|turn|18
|inactive|forgis has 60 seconds left.
|inactive|Leroiluxrayps has 120 seconds left.
|
|t:|1653491666
|switch|p1a: Silvally|Silvally-Fairy|100/100
|-damage|p1a: Silvally|88/100|[from] Spikes
|-damage|p1a: Silvally|76/100|[from] Stealth Rock
|move|p2a: Charizard|Substitute|p2a: Charizard
|-start|p2a: Charizard|Substitute
|-damage|p2a: Charizard|1/100
|
|upkeep
|turn|19
|
|t:|1653491673
|move|p2a: Charizard|Flame Charge|p1a: Silvally
|-damage|p1a: Silvally|0 fnt
|-boost|p2a: Charizard|spe|1
|faint|p1a: Silvally
|
|upkeep
|
|t:|1653491676
|switch|p1a: Charizard|Charizard, F|92/100
|turn|20
|
|t:|1653491680
|move|p2a: Charizard|Flame Charge|p1a: Charizard
|-resisted|p1a: Charizard
|-damage|p1a: Charizard|8/100
|-boost|p2a: Charizard|spe|1
|move|p1a: Charizard|Flamethrower|p2a: Charizard
|-resisted|p2a: Charizard
|-end|p2a: Charizard|Substitute
|
|upkeep
|turn|21
|
|t:|1653491684
|move|p2a: Charizard|Flame Charge|p1a: Charizard
|-resisted|p1a: Charizard
|-damage|p1a: Charizard|0 fnt
|-boost|p2a: Charizard|spe|1
|faint|p1a: Charizard
|
|upkeep
|
|t:|1653491685
|switch|p1a: Jellicent|Jellicent, M|100/100
|-damage|p1a: Jellicent|88/100|[from] Spikes
|-damage|p1a: Jellicent|76/100|[from] Stealth Rock
|turn|22
|
|t:|1653491689
|move|p2a: Charizard|Earthquake|p1a: Jellicent
|-damage|p1a: Jellicent|0 fnt
|faint|p1a: Jellicent
|
|upkeep
|-message|forgis forfeited.
|
|win|Leroiluxrayps
|raw|forgis's rating: 1571 &rarr; <strong>1542</strong><br />(-29 for losing)
|raw|Leroiluxrayps's rating: 1394 &rarr; <strong>1423</strong><br />(+29 for winning)
|l|☆forgis
|c|☆Leroiluxrayps|gg
||Ladder isn't responding, score probably updated but might not have (Request timeout).
