|j|☆zoowi
|j|☆BedTeamIsBed
|t:|1663889354
|gametype|singles
|player|p1|zoowi|burglar-gen2|1515
|player|p2|BedTeamIsBed|1|1507
|teamsize|p1|6
|teamsize|p2|6
|gen|8
|tier|[Gen 8] PU
|rated|
|rule|Sleep Clause Mod: Limit one foe put to sleep
|rule|Species Clause: Limit one of each Pokémon
|rule|OHKO Clause: OHKO moves are banned
|rule|Evasion Items Clause: Evasion items are banned
|rule|Evasion Moves Clause: Evasion moves are banned
|rule|Endless Battle Clause: Forcing endless battles is banned
|rule|HP Percentage Mod: HP is shown in percentages
|rule|Dynamax Clause: You cannot dynamax
|clearpoke
|poke|p1|Vibrava, M|
|poke|p1|Charizard, M|
|poke|p1|Carracosta, F|
|poke|p1|Togedemaru, M|
|poke|p1|Exeggutor, F|
|poke|p1|Archeops, F|
|poke|p2|Magneton|
|poke|p2|Abomasnow, F|
|poke|p2|Cofagrigus, M|
|poke|p2|Aromatisse, M|
|poke|p2|Clefairy, F|
|poke|p2|Charizard, M|
|teampreview
|inactive|Battle timer is ON: inactive players will automatically lose when time's up. (requested by BedTeamIsBed)
|
|t:|1663889376
|start
|switch|p1a: Charizard|Charizard, M|100/100
|switch|p2a: Cofagrigus|Cofagrigus, M|100/100
|turn|1
|
|t:|1663889384
|switch|p2a: Clefairy|Clefairy, F|100/100
|move|p1a: Charizard|Swords Dance|p1a: Charizard
|-boost|p1a: Charizard|atk|2
|
|upkeep
|turn|2
|
|t:|1663889395
|move|p1a: Charizard|Flare Blitz|p2a: Clefairy
|-damage|p2a: Clefairy|0 fnt
|faint|p2a: Clefairy
|-damage|p1a: Charizard|62/100|[from] Recoil
|-damage|p1a: Charizard|52/100|[from] item: Life Orb
|
|upkeep
|
|t:|1663889404
|switch|p2a: Charizard|Charizard, M|100/100
|turn|3
|
|t:|1663889409
|move|p2a: Charizard|Hurricane|p1a: Charizard
|-damage|p1a: Charizard|0 fnt
|faint|p1a: Charizard
|
|upkeep
|
|t:|1663889413
|switch|p1a: Archeops|Archeops, F|100/100
|turn|4
|
|t:|1663889421
|switch|p2a: Cofagrigus|Cofagrigus, M|100/100
|move|p1a: Archeops|Earthquake|p2a: Cofagrigus
|-damage|p2a: Cofagrigus|75/100
|
|upkeep
|turn|5
|
|t:|1663889428
|switch|p1a: Exeggutor|Exeggutor, F|100/100
|move|p2a: Cofagrigus|Will-O-Wisp|p1a: Exeggutor
|-status|p1a: Exeggutor|brn
|
|-damage|p1a: Exeggutor|94/100 brn|[from] brn
|upkeep
|turn|6
|
|t:|1663889437
|switch|p2a: Abomasnow|Abomasnow, F|100/100
|-weather|Hail|[from] ability: Snow Warning|[of] p2a: Abomasnow
|move|p1a: Exeggutor|Substitute|p1a: Exeggutor
|-start|p1a: Exeggutor|Substitute
|-damage|p1a: Exeggutor|70/100 brn
|
|-weather|Hail|[upkeep]
|-damage|p1a: Exeggutor|63/100 brn|[from] Hail
|-damage|p1a: Exeggutor|57/100 brn|[from] brn
|upkeep
|turn|7
|
|t:|1663889450
|move|p2a: Abomasnow|Blizzard|p1a: Exeggutor
|-supereffective|p1a: Exeggutor
|-end|p1a: Exeggutor|Substitute
|move|p1a: Exeggutor|Psychic|p2a: Abomasnow
|-damage|p2a: Abomasnow|37/100
|
|-weather|Hail|[upkeep]
|-damage|p1a: Exeggutor|51/100 brn|[from] Hail
|-damage|p1a: Exeggutor|45/100 brn|[from] brn
|upkeep
|-enditem|p1a: Exeggutor|Sitrus Berry|[eat]
|-heal|p1a: Exeggutor|70/100 brn|[from] item: Sitrus Berry
|turn|8
|
|t:|1663889460
|switch|p1a: Carracosta|Carracosta, F|100/100
|move|p2a: Abomasnow|Blizzard|p1a: Carracosta
|-resisted|p1a: Carracosta
|-damage|p1a: Carracosta|38/100
|
|-weather|Hail|[upkeep]
|-damage|p1a: Carracosta|32/100|[from] Hail
|upkeep
|turn|9
|
|t:|1663889467
|move|p1a: Carracosta|Aqua Jet|p2a: Abomasnow
|-resisted|p2a: Abomasnow
|-damage|p2a: Abomasnow|23/100
|move|p2a: Abomasnow|Blizzard|p1a: Carracosta
|-resisted|p1a: Carracosta
|-damage|p1a: Carracosta|0 fnt
|faint|p1a: Carracosta
|
|-weather|Hail|[upkeep]
|upkeep
|
|t:|1663889477
|switch|p1a: Archeops|Archeops, F|100/100
|turn|10
|
|t:|1663889481
|move|p1a: Archeops|U-turn|p2a: Abomasnow
|-supereffective|p2a: Abomasnow
|-damage|p2a: Abomasnow|0 fnt
|faint|p2a: Abomasnow
|
|t:|1663889490
|switch|p1a: Vibrava|Vibrava, M|100/100|[from]move: U-turn
|
|-weather|none
|upkeep
|
|t:|1663889498
|switch|p2a: Cofagrigus|Cofagrigus, M|75/100
|turn|11
|
|t:|1663889510
|move|p1a: Vibrava|U-turn|p2a: Cofagrigus
|-resisted|p2a: Cofagrigus
|-damage|p2a: Cofagrigus|70/100
|-activate|p2a: Cofagrigus|ability: Mummy|Levitate|[of] p1a: Vibrava
|
|t:|1663889513
|switch|p1a: Exeggutor|Exeggutor, F|70/100 brn|[from]move: U-turn
|move|p2a: Cofagrigus|Trick Room|p2a: Cofagrigus
|-fieldstart|move: Trick Room|[of] p2a: Cofagrigus
|
|-damage|p1a: Exeggutor|64/100 brn|[from] brn
|-item|p1a: Exeggutor|Sitrus Berry|[from] ability: Harvest
|upkeep
|turn|12
|
|t:|1663889521
|move|p2a: Cofagrigus|Hex|p1a: Exeggutor
|-supereffective|p1a: Exeggutor
|-damage|p1a: Exeggutor|0 fnt
|faint|p1a: Exeggutor
|
|upkeep
|
|t:|1663889527
|switch|p1a: Vibrava|Vibrava, M|100/100
|turn|13
|
|t:|1663889535
|move|p2a: Cofagrigus|Will-O-Wisp|p1a: Vibrava
|-status|p1a: Vibrava|brn
|move|p1a: Vibrava|Earthquake|p2a: Cofagrigus
|-damage|p2a: Cofagrigus|63/100
|
|-damage|p1a: Vibrava|94/100 brn|[from] brn
|upkeep
|turn|14
|
|t:|1663889542
|move|p2a: Cofagrigus|Hex|p1a: Vibrava
|-damage|p1a: Vibrava|39/100 brn
|move|p1a: Vibrava|Roost|p1a: Vibrava
|-heal|p1a: Vibrava|89/100 brn
|-singleturn|p1a: Vibrava|move: Roost
|
|-damage|p1a: Vibrava|83/100 brn|[from] brn
|upkeep
|turn|15
|
|t:|1663889548
|move|p2a: Cofagrigus|Hex|p1a: Vibrava
|-damage|p1a: Vibrava|26/100 brn
|move|p1a: Vibrava|U-turn|p2a: Cofagrigus
|-resisted|p2a: Cofagrigus
|-damage|p2a: Cofagrigus|61/100
|-activate|p2a: Cofagrigus|ability: Mummy|Levitate|[of] p1a: Vibrava
|
|t:|1663889554
|switch|p1a: Archeops|Archeops, F|100/100|[from]move: U-turn
|
|-fieldend|move: Trick Room
|upkeep
|turn|16
|
|t:|1663889562
|move|p1a: Archeops|Stone Edge|p2a: Cofagrigus
|-crit|p2a: Cofagrigus
|-damage|p2a: Cofagrigus|8/100
|move|p2a: Cofagrigus|Will-O-Wisp|p1a: Archeops
|-status|p1a: Archeops|brn
|
|-damage|p1a: Archeops|94/100 brn|[from] brn
|upkeep
|turn|17
|
|t:|1663889571
|switch|p2a: Aromatisse|Aromatisse, M|100/100
|move|p1a: Archeops|Stone Edge|p2a: Aromatisse
|-damage|p2a: Aromatisse|78/100
|
|-heal|p2a: Aromatisse|84/100|[from] item: Leftovers
|-damage|p1a: Archeops|88/100 brn|[from] brn
|upkeep
|turn|18
|
|t:|1663889582
|switch|p1a: Togedemaru|Togedemaru, M|100/100
|move|p2a: Aromatisse|Wish|p2a: Aromatisse
|
|-heal|p2a: Aromatisse|90/100|[from] item: Leftovers
|upkeep
|turn|19
|
|t:|1663889591
|move|p1a: Togedemaru|Iron Head|p2a: Aromatisse
|-supereffective|p2a: Aromatisse
|-damage|p2a: Aromatisse|34/100
|move|p2a: Aromatisse|Trick Room|p2a: Aromatisse
|-fieldstart|move: Trick Room|[of] p2a: Aromatisse
|
|-heal|p2a: Aromatisse|84/100|[from] move: Wish|[wisher] Aromatisse
|-heal|p2a: Aromatisse|90/100|[from] item: Leftovers
|upkeep
|turn|20
|
|t:|1663889600
|move|p2a: Aromatisse|Wish|p2a: Aromatisse
|move|p1a: Togedemaru|Iron Head|p2a: Aromatisse
|-supereffective|p2a: Aromatisse
|-damage|p2a: Aromatisse|39/100
|
|-heal|p2a: Aromatisse|45/100|[from] item: Leftovers
|upkeep
|turn|21
|
|t:|1663889608
|move|p2a: Aromatisse|Protect|p2a: Aromatisse
|-singleturn|p2a: Aromatisse|Protect
|move|p1a: Togedemaru|Iron Head|p2a: Aromatisse
|-activate|p2a: Aromatisse|move: Protect
|
|-heal|p2a: Aromatisse|95/100|[from] move: Wish|[wisher] Aromatisse
|-heal|p2a: Aromatisse|100/100|[from] item: Leftovers
|upkeep
|turn|22
|
|t:|1663889618
|switch|p2a: Charizard|Charizard, M|100/100
|move|p1a: Togedemaru|Iron Head|p2a: Charizard
|-resisted|p2a: Charizard
|-damage|p2a: Charizard|77/100
|
|upkeep
|turn|23
|
|t:|1663889624
|move|p1a: Togedemaru|Zing Zap|p2a: Charizard
|-supereffective|p2a: Charizard
|-damage|p2a: Charizard|0 fnt
|faint|p2a: Charizard
|
|-fieldend|move: Trick Room
|upkeep
|
|t:|1663889630
|switch|p2a: Aromatisse|Aromatisse, M|100/100
|turn|24
|
|t:|1663889633
|move|p1a: Togedemaru|Iron Head|p2a: Aromatisse
|-supereffective|p2a: Aromatisse
|-damage|p2a: Aromatisse|52/100
|cant|p2a: Aromatisse|flinch
|
|-heal|p2a: Aromatisse|58/100|[from] item: Leftovers
|upkeep
|turn|25
|
|t:|1663889639
|move|p1a: Togedemaru|Iron Head|p2a: Aromatisse
|-supereffective|p2a: Aromatisse
|-damage|p2a: Aromatisse|4/100
|move|p2a: Aromatisse|Trick Room|p2a: Aromatisse
|-fieldstart|move: Trick Room|[of] p2a: Aromatisse
|
|-heal|p2a: Aromatisse|10/100|[from] item: Leftovers
|upkeep
|turn|26
|inactive|zoowi has 120 seconds left.
|
|t:|1663889684
|switch|p2a: Cofagrigus|Cofagrigus, M|8/100
|move|p1a: Togedemaru|Iron Head|p2a: Cofagrigus
|-damage|p2a: Cofagrigus|0 fnt
|-activate|p2a: Cofagrigus|ability: Mummy|Sturdy|[of] p1a: Togedemaru
|faint|p2a: Cofagrigus
|
|upkeep
|
|t:|1663889692
|switch|p2a: Magneton|Magneton|100/100
|turn|27
|inactive|zoowi has 120 seconds left.
|
|t:|1663889701
|move|p2a: Magneton|Flash Cannon|p1a: Togedemaru
|-resisted|p1a: Togedemaru
|-damage|p1a: Togedemaru|72/100
|move|p1a: Togedemaru|Reversal|p2a: Magneton
|-supereffective|p2a: Magneton
|-damage|p2a: Magneton|81/100
|
|upkeep
|turn|28
|
|t:|1663889706
|move|p2a: Magneton|Flash Cannon|p1a: Togedemaru
|-resisted|p1a: Togedemaru
|-damage|p1a: Togedemaru|48/100
|move|p1a: Togedemaru|Reversal|p2a: Magneton
|-supereffective|p2a: Magneton
|-damage|p2a: Magneton|45/100
|
|upkeep
|turn|29
|
|t:|1663889712
|move|p2a: Magneton|Flash Cannon|p1a: Togedemaru
|-resisted|p1a: Togedemaru
|-crit|p1a: Togedemaru
|-damage|p1a: Togedemaru|11/100
|-enditem|p1a: Togedemaru|Liechi Berry|[eat]
|-boost|p1a: Togedemaru|atk|1|[from] item: Liechi Berry
|move|p1a: Togedemaru|Reversal|p2a: Magneton
|-supereffective|p2a: Magneton
|-damage|p2a: Magneton|0 fnt
|faint|p2a: Magneton
|
|-fieldend|move: Trick Room
|upkeep
|
|t:|1663889721
|switch|p2a: Aromatisse|Aromatisse, M|10/100
|turn|30
|
|t:|1663889724
|move|p1a: Togedemaru|Iron Head|p2a: Aromatisse
|-supereffective|p2a: Aromatisse
|-damage|p2a: Aromatisse|0 fnt
|faint|p2a: Aromatisse
|
|win|zoowi
|raw|zoowi's rating: 1515 &rarr; <strong>1535</strong><br />(+20 for winning)
|raw|BedTeamIsBed's rating: 1507 &rarr; <strong>1487</strong><br />(-20 for losing)
|l|☆BedTeamIsBed
