|j|☆DoubleMissMatt
|j|☆zmd33
|player|p1|DoubleMissMatt|hilbert|1383
|player|p2|zmd33|sage|1246
|teamsize|p1|6
|teamsize|p2|6
|gametype|singles
|gen|8
|tier|[Gen 8] PU
|rated|
|clearpoke
|poke|p1|Mawile, M|
|poke|p1|Silvally-*|
|poke|p1|Manectric, M|
|poke|p1|Mareanie, F|
|poke|p1|Lunatone|
|poke|p1|Throh, M|
|poke|p2|Arctovish|
|poke|p2|Machoke, M|
|poke|p2|Carkol, M|
|poke|p2|Manectric, M|
|poke|p2|Silvally-*|
|poke|p2|Togetic, M|
|rule|Sleep Clause Mod: Limit one foe put to sleep
|rule|Species Clause: Limit one of each Pokémon
|rule|OHKO Clause: OHKO moves are banned
|rule|Evasion Moves Clause: Evasion moves are banned
|rule|Endless Battle Clause: Forcing endless battles is banned
|rule|HP Percentage Mod: HP is shown in percentages
|rule|Dynamax Clause: You cannot dynamax
|teampreview
|
|start
|switch|p1a: Lunatone|Lunatone|100/100
|switch|p2a: Machoke|Machoke, M|100/100
|turn|1
|
|move|p1a: Lunatone|Psychic|p2a: Machoke
|-supereffective|p2a: Machoke
|-damage|p2a: Machoke|0 fnt
|-damage|p1a: Lunatone|91/100|[from] item: Life Orb
|faint|p2a: Machoke
|
|upkeep
|
|switch|p2a: Arctovish|Arctovish|100/100
|turn|2
|
|switch|p1a: Mareanie|Mareanie, F|100/100
|move|p2a: Arctovish|Fishious Rend|p1a: Mareanie
|-resisted|p1a: Mareanie
|-damage|p1a: Mareanie|76/100
|
|upkeep
|turn|3
|
|switch|p2a: Manectric|Manectric, M|100/100
|move|p1a: Mareanie|Toxic Spikes|p2a: Manectric
|-sidestart|p2: zmd33|move: Toxic Spikes
|
|upkeep
|turn|4
|
|switch|p1a: Manectric|Manectric, M|100/100
|move|p2a: Manectric|Overheat|p1a: Manectric
|-damage|p1a: Manectric|0 fnt
|-unboost|p2a: Manectric|spa|2
|faint|p1a: Manectric
|
|upkeep
|
|switch|p1a: Lunatone|Lunatone|91/100
|turn|5
|
|switch|p2a: Arctovish|Arctovish|100/100
|-status|p2a: Arctovish|psn
|move|p1a: Lunatone|Power Gem|p2a: Arctovish
|-supereffective|p2a: Arctovish
|-damage|p2a: Arctovish|0 fnt
|-damage|p1a: Lunatone|81/100|[from] item: Life Orb
|faint|p2a: Arctovish
|
|upkeep
|
|switch|p2a: Manectric|Manectric, M|100/100
|-status|p2a: Manectric|psn
|turn|6
|
|switch|p1a: Silvally|Silvally-Ground|100/100
|move|p2a: Manectric|Thunderbolt|p1a: Silvally
|-immune|p1a: Silvally
|
|-damage|p2a: Manectric|88/100 psn|[from] psn
|upkeep
|turn|7
|
|switch|p2a: Silvally|Silvally-Flying|100/100
|move|p1a: Silvally|U-turn|p2a: Silvally
|-resisted|p2a: Silvally
|-damage|p2a: Silvally|90/100
|
|switch|p1a: Mawile|Mawile, M|100/100|[from]move: U-turn
|
|upkeep
|turn|8
|
|switch|p2a: Carkol|Carkol, M|100/100
|-status|p2a: Carkol|psn
|move|p1a: Mawile|Play Rough|p2a: Carkol
|-resisted|p2a: Carkol
|-crit|p2a: Carkol
|-damage|p2a: Carkol|70/100 psn
|
|-damage|p2a: Carkol|58/100 psn|[from] psn
|upkeep
|turn|9
|
|move|p1a: Mawile|Iron Head|p2a: Carkol
|-damage|p2a: Carkol|20/100 psn
|move|p2a: Carkol|Will-O-Wisp|p1a: Mawile
|-status|p1a: Mawile|brn
|
|-damage|p1a: Mawile|94/100 brn|[from] brn
|-damage|p2a: Carkol|7/100 psn|[from] psn
|upkeep
|turn|10
|
|move|p1a: Mawile|Iron Head|p2a: Carkol
|-damage|p2a: Carkol|0 fnt
|faint|p2a: Carkol
|
|-damage|p1a: Mawile|88/100 brn|[from] brn
|upkeep
|
|switch|p2a: Manectric|Manectric, M|88/100 psn
|turn|11
|
|move|p1a: Mawile|Sucker Punch|p2a: Manectric
|-damage|p2a: Manectric|63/100 psn
|-damage|p1a: Mawile|78/100 brn|[from] item: Life Orb
|move|p2a: Manectric|Volt Switch|p1a: Mawile
|-damage|p1a: Mawile|0 fnt
|faint|p1a: Mawile
|
|switch|p2a: Togetic|Togetic, M|100/100|[from]move: Volt Switch
|
|upkeep
|
|switch|p1a: Lunatone|Lunatone|81/100
|turn|12
|
|move|p1a: Lunatone|Stealth Rock|p2a: Togetic
|-sidestart|p2: zmd33|move: Stealth Rock
|move|p2a: Togetic|Dazzling Gleam|p1a: Lunatone
|-damage|p1a: Lunatone|40/100
|
|upkeep
|turn|13
|
|move|p1a: Lunatone|Power Gem|p2a: Togetic
|-supereffective|p2a: Togetic
|-damage|p2a: Togetic|28/100
|-damage|p1a: Lunatone|30/100|[from] item: Life Orb
|move|p2a: Togetic|Dazzling Gleam|p1a: Lunatone
|-crit|p1a: Lunatone
|-damage|p1a: Lunatone|0 fnt
|faint|p1a: Lunatone
|
|upkeep
|
|switch|p1a: Throh|Throh, M|100/100
|turn|14
|
|move|p1a: Throh|Knock Off|p2a: Togetic
|-resisted|p2a: Togetic
|-damage|p2a: Togetic|18/100
|-enditem|p2a: Togetic|Eviolite|[from] move: Knock Off|[of] p1a: Throh
|move|p2a: Togetic|Dazzling Gleam|p1a: Throh
|-supereffective|p1a: Throh
|-damage|p1a: Throh|61/100
|
|-heal|p1a: Throh|67/100|[from] item: Leftovers
|upkeep
|turn|15
|
|move|p2a: Togetic|Dazzling Gleam|p1a: Throh
|-supereffective|p1a: Throh
|-damage|p1a: Throh|28/100
|move|p1a: Throh|Circle Throw|p2a: Togetic
|-resisted|p2a: Togetic
|-damage|p2a: Togetic|12/100
|drag|p2a: Manectric|Manectric, M|63/100 psn
|-damage|p2a: Manectric|50/100 psn|[from] Stealth Rock
|
|-heal|p1a: Throh|34/100|[from] item: Leftovers
|-damage|p2a: Manectric|38/100 psn|[from] psn
|upkeep
|turn|16
|
|switch|p2a: Togetic|Togetic, M|12/100
|-damage|p2a: Togetic|0 fnt|[from] Stealth Rock
|faint|p2a: Togetic
|move|p1a: Throh|Circle Throw|p2: Togetic|[notarget]
|-fail|p1a: Throh
|
|-heal|p1a: Throh|40/100|[from] item: Leftovers
|upkeep
|
|switch|p2a: Silvally|Silvally-Flying|90/100
|-damage|p2a: Silvally|65/100|[from] Stealth Rock
|turn|17
|
|move|p2a: Silvally|Multi-Attack|p1a: Throh
|-supereffective|p1a: Throh
|-damage|p1a: Throh|0 fnt
|faint|p1a: Throh
|
|upkeep
|
|switch|p1a: Mareanie|Mareanie, F|100/100
|turn|18
|
|move|p2a: Silvally|Swords Dance|p2a: Silvally
|-boost|p2a: Silvally|atk|2
|move|p1a: Mareanie|Scald|p2a: Silvally
|-damage|p2a: Silvally|49/100
|
|upkeep
|turn|19
|
|move|p2a: Silvally|Psychic Fangs|p1a: Mareanie
|-supereffective|p1a: Mareanie
|-damage|p1a: Mareanie|34/100
|move|p1a: Mareanie|Haze|p1a: Mareanie
|-clearallboost
|
|upkeep
|turn|20
|
|move|p2a: Silvally|Psychic Fangs|p1a: Mareanie
|-supereffective|p1a: Mareanie
|-damage|p1a: Mareanie|0 fnt
|faint|p1a: Mareanie
|
|upkeep
|
|switch|p1a: Silvally|Silvally-Ground|100/100
|turn|21
|j| Musharnanigans
|
|move|p1a: Silvally|Swords Dance|p1a: Silvally
|-boost|p1a: Silvally|atk|2
|move|p2a: Silvally|Multi-Attack|p1a: Silvally
|-damage|p1a: Silvally|47/100
|
|upkeep
|turn|22
|
|move|p1a: Silvally|U-turn|p2a: Silvally
|-resisted|p2a: Silvally
|-damage|p2a: Silvally|26/100
|move|p2a: Silvally|Multi-Attack|p1a: Silvally
|-damage|p1a: Silvally|0 fnt
|faint|p1a: Silvally
|
|win|zmd33
|l|☆DoubleMissMatt
|raw|DoubleMissMatt's rating: 1383 &rarr; <strong>1356</strong><br />(-27 for losing)
|raw|zmd33's rating: 1246 &rarr; <strong>1280</strong><br />(+34 for winning)
