|j|☆Upstateboar976
|j|☆Persona111
|t:|1667837531
|gametype|singles
|player|p1|Upstateboar976|169|1546
|player|p2|Persona111|byron|1520
|teamsize|p1|6
|teamsize|p2|6
|gen|8
|tier|[Gen 8] PU
|rated|
|rule|Sleep Clause Mod: Limit one foe put to sleep
|rule|Species Clause: Limit one of each Pokémon
|rule|OHKO Clause: OHKO moves are banned
|rule|Evasion Items Clause: Evasion items are banned
|rule|Evasion Moves Clause: Evasion moves are banned
|rule|Endless Battle Clause: Forcing endless battles is banned
|rule|HP Percentage Mod: HP is shown in percentages
|rule|Dynamax Clause: You cannot dynamax
|clearpoke
|poke|p1|Gigalith, F|
|poke|p1|Cradily, F|
|poke|p1|Sandaconda, M|
|poke|p1|Sandslash, F|
|poke|p1|Stoutland, F|
|poke|p1|Charizard, F|
|poke|p2|Kabutops, F|
|poke|p2|Vikavolt, M|
|poke|p2|Spiritomb, F|
|poke|p2|Regirock|
|poke|p2|Silvally-*|
|poke|p2|Charizard, M|
|teampreview
|inactive|Battle timer is ON: inactive players will automatically lose when time's up. (requested by Upstateboar976)
|inactive|Persona111 has 120 seconds left.
|inactive|Persona111 has 90 seconds left.
|c|☆Persona111|sand team
|c|☆Persona111|wow
|c|☆Upstateboar976|ye
|
|t:|1667837611
|start
|switch|p1a: Sandaconda|Sandaconda, M|100/100
|switch|p2a: Terezinha|Kabutops, F|100/100
|turn|1
|c|☆Persona111|i almost lost on matchup
|c|☆Persona111|but let's see
|
|t:|1667837628
|switch|p1a: Cradily|Cradily, F|100/100
|move|p2a: Terezinha|Liquidation|p1a: Cradily
|-ability|p1a: Cradily|Storm Drain|boost
|-boost|p1a: Cradily|spa|1
|
|upkeep
|turn|2
|
|t:|1667837640
|switch|p2a: Roberson|Silvally-Steel|100/100
|move|p1a: Cradily|Meteor Beam||[still]
|-prepare|p1a: Cradily|Meteor Beam
|-boost|p1a: Cradily|spa|1
|-enditem|p1a: Cradily|Power Herb
|-anim|p1a: Cradily|Meteor Beam|p2a: Roberson
|-resisted|p2a: Roberson
|-damage|p2a: Roberson|51/100
|
|upkeep
|turn|3
|
|t:|1667837643
|move|p2a: Roberson|Multi-Attack|p1a: Cradily
|-supereffective|p1a: Cradily
|-damage|p1a: Cradily|1/100
|move|p1a: Cradily|Earth Power|p2a: Roberson
|-supereffective|p2a: Roberson
|-damage|p2a: Roberson|0 fnt
|faint|p2a: Roberson
|
|upkeep
|
|t:|1667837654
|switch|p2a: Terezinha|Kabutops, F|100/100
|turn|4
|
|t:|1667837655
|move|p2a: Terezinha|Rapid Spin|p1a: Cradily
|-resisted|p1a: Cradily
|-damage|p1a: Cradily|0 fnt
|-boost|p2a: Terezinha|spe|1
|faint|p1a: Cradily
|
|upkeep
|
|t:|1667837659
|switch|p1a: Sandaconda|Sandaconda, M|100/100
|turn|5
|
|t:|1667837662
|move|p2a: Terezinha|Liquidation|p1a: Sandaconda
|-supereffective|p1a: Sandaconda
|-damage|p1a: Sandaconda|25/100
|-weather|Sandstorm|[from] ability: Sand Spit|[of] p1a: Sandaconda
|move|p1a: Sandaconda|Glare|p2a: Terezinha
|-status|p2a: Terezinha|par
|
|-weather|Sandstorm|[upkeep]
|upkeep
|turn|6
|
|t:|1667837676
|move|p2a: Terezinha|Liquidation|p1a: Sandaconda
|-supereffective|p1a: Sandaconda
|-damage|p1a: Sandaconda|0 fnt
|faint|p1a: Sandaconda
|
|-weather|Sandstorm|[upkeep]
|upkeep
|
|t:|1667837684
|switch|p1a: Sandslash|Sandslash, F|100/100
|turn|7
|
|t:|1667837688
|move|p1a: Sandslash|Swords Dance|p1a: Sandslash
|-boost|p1a: Sandslash|atk|2
|move|p2a: Terezinha|Liquidation|p1a: Sandslash
|-supereffective|p1a: Sandslash
|-damage|p1a: Sandslash|8/100
|-unboost|p1a: Sandslash|def|1
|
|-weather|Sandstorm|[upkeep]
|upkeep
|turn|8
|
|t:|1667837708
|move|p1a: Sandslash|Leech Life|p2a: Terezinha
|-damage|p2a: Terezinha|10/100 par
|-heal|p1a: Sandslash|48/100|[from] drain|[of] p2a: Terezinha
|-ability|p2a: Terezinha|Weak Armor|boost
|-unboost|p2a: Terezinha|def|1
|-boost|p2a: Terezinha|spe|2
|-damage|p1a: Sandslash|38/100|[from] item: Life Orb
|move|p2a: Terezinha|Liquidation|p1a: Sandslash
|-supereffective|p1a: Sandslash
|-damage|p1a: Sandslash|0 fnt
|faint|p1a: Sandslash
|
|-weather|Sandstorm|[upkeep]
|upkeep
|
|t:|1667837722
|switch|p1a: Stoutland|Stoutland, F|100/100
|turn|9
|
|t:|1667837727
|move|p1a: Stoutland|Retaliate|p2a: Terezinha
|-resisted|p2a: Terezinha
|-damage|p2a: Terezinha|0 fnt
|faint|p2a: Terezinha
|-damage|p1a: Stoutland|91/100|[from] item: Life Orb
|
|-weather|Sandstorm|[upkeep]
|upkeep
|
|t:|1667837737
|switch|p2a: Pedrão|Regirock|100/100
|turn|10
|
|t:|1667837740
|move|p1a: Stoutland|Toxic|p2a: Pedrão
|-status|p2a: Pedrão|tox
|move|p2a: Pedrão|Drain Punch|p1a: Stoutland
|-supereffective|p1a: Stoutland
|-damage|p1a: Stoutland|36/100
|
|-weather|Sandstorm|[upkeep]
|-damage|p2a: Pedrão|95/100 tox|[from] psn
|upkeep
|turn|11
|
|t:|1667837746
|switch|p1a: Gigalith|Gigalith, F|100/100
|move|p2a: Pedrão|Drain Punch|p1a: Gigalith
|-supereffective|p1a: Gigalith
|-damage|p1a: Gigalith|73/100
|-heal|p2a: Pedrão|100/100 tox|[from] drain|[of] p1a: Gigalith
|
|-weather|Sandstorm|[upkeep]
|-damage|p2a: Pedrão|89/100 tox|[from] psn
|upkeep
|turn|12
|
|t:|1667837768
|move|p2a: Pedrão|Earthquake|p1a: Gigalith
|-supereffective|p1a: Gigalith
|-damage|p1a: Gigalith|35/100
|move|p1a: Gigalith|Stealth Rock|p2a: Pedrão
|-sidestart|p2: Persona111|move: Stealth Rock
|
|-weather|none
|-damage|p2a: Pedrão|71/100 tox|[from] psn
|upkeep
|turn|13
|
|t:|1667837780
|switch|p1a: Charizard|Charizard, F|100/100
|move|p2a: Pedrão|Stone Edge|p1a: Charizard
|-supereffective|p1a: Charizard
|-damage|p1a: Charizard|0 fnt
|faint|p1a: Charizard
|
|-damage|p2a: Pedrão|47/100 tox|[from] psn
|upkeep
|
|t:|1667837785
|switch|p1a: Gigalith|Gigalith, F|35/100
|-weather|Sandstorm|[from] ability: Sand Stream|[of] p1a: Gigalith
|turn|14
|
|t:|1667837788
|move|p2a: Pedrão|Earthquake|p1a: Gigalith
|-supereffective|p1a: Gigalith
|-damage|p1a: Gigalith|3/100
|move|p1a: Gigalith|Earthquake|p2a: Pedrão
|-supereffective|p2a: Pedrão
|-damage|p2a: Pedrão|12/100 tox
|-enditem|p2a: Pedrão|Weakness Policy
|-boost|p2a: Pedrão|atk|2|[from] item: Weakness Policy
|-boost|p2a: Pedrão|spa|2|[from] item: Weakness Policy
|
|-weather|Sandstorm|[upkeep]
|-damage|p2a: Pedrão|0 fnt|[from] psn
|faint|p2a: Pedrão
|upkeep
|
|t:|1667837814
|switch|p2a: Tiagão|Vikavolt, M|100/100
|-damage|p2a: Tiagão|76/100|[from] Stealth Rock
|turn|15
|
|t:|1667837822
|move|p2a: Tiagão|Thunderbolt|p1a: Gigalith
|-damage|p1a: Gigalith|0 fnt
|faint|p1a: Gigalith
|
|-weather|Sandstorm|[upkeep]
|-damage|p2a: Tiagão|69/100|[from] Sandstorm
|upkeep
|
|t:|1667837824
|switch|p1a: Stoutland|Stoutland, F|36/100
|turn|16
|
|t:|1667837826
|move|p1a: Stoutland|Retaliate|p2a: Tiagão
|-damage|p2a: Tiagão|0 fnt
|faint|p2a: Tiagão
|-damage|p1a: Stoutland|26/100|[from] item: Life Orb
|
|-weather|Sandstorm|[upkeep]
|upkeep
|
|t:|1667837836
|switch|p2a: Maykola|Spiritomb, F|100/100
|-damage|p2a: Maykola|88/100|[from] Stealth Rock
|turn|17
|
|t:|1667837840
|move|p1a: Stoutland|Stomping Tantrum|p2a: Maykola
|-damage|p2a: Maykola|54/100
|-damage|p1a: Stoutland|16/100|[from] item: Life Orb
|move|p2a: Maykola|Trick|p1a: Stoutland
|-activate|p2a: Maykola|move: Trick|[of] p1a: Stoutland
|-item|p1a: Stoutland|Choice Band|[from] move: Trick
|-item|p2a: Maykola|Life Orb|[from] move: Trick
|
|-weather|Sandstorm|[upkeep]
|-damage|p2a: Maykola|48/100|[from] Sandstorm
|upkeep
|turn|18
|
|t:|1667837851
|move|p2a: Maykola|Sucker Punch|p1a: Stoutland
|-damage|p1a: Stoutland|0 fnt
|faint|p1a: Stoutland
|-damage|p2a: Maykola|38/100|[from] item: Life Orb
|
|win|Persona111
|raw|Upstateboar976's rating: 1546 &rarr; <strong>1525</strong><br />(-21 for losing)
|raw|Persona111's rating: 1520 &rarr; <strong>1541</strong><br />(+21 for winning)
|c|☆Persona111|gg
|c|☆Upstateboar976|gg
|l|☆Upstateboar976
||Ladder isn't responding, score probably updated but might not have (Request timeout).
