|j|☆aog0
|j|☆panned bomb
|t:|1643751670
|gametype|singles
|player|p1|aog0|ninjaboy|1327
|player|p2|panned bomb|170|1530
|teamsize|p1|6
|teamsize|p2|6
|gen|8
|tier|[Gen 8] PU
|rated|
|rule|Sleep Clause Mod: Limit one foe put to sleep
|rule|Species Clause: Limit one of each Pokémon
|rule|OHKO Clause: OHKO moves are banned
|rule|Evasion Moves Clause: Evasion moves are banned
|rule|Endless Battle Clause: Forcing endless battles is banned
|rule|HP Percentage Mod: HP is shown in percentages
|rule|Dynamax Clause: You cannot dynamax
|clearpoke
|poke|p1|Perrserker, M|
|poke|p1|Mawile, F|
|poke|p1|Aggron, F|
|poke|p1|Dugtrio-Alola, M|
|poke|p1|Whimsicott, F|
|poke|p1|Cofagrigus, M|
|poke|p2|Frosmoth, F|
|poke|p2|Kabutops, F|
|poke|p2|Magneton|
|poke|p2|Palossand, M|
|poke|p2|Skuntank, M|
|poke|p2|Cramorant, F|
|teampreview
|
|t:|1643751685
|start
|switch|p1a: Perrserker|Perrserker, M|100/100
|switch|p2a: Kabutops|Kabutops, F|100/100
|turn|1
|inactive|Battle timer is ON: inactive players will automatically lose when time's up. (requested by aog0)
|
|t:|1643751698
|switch|p1a: Cofagrigus|Cofagrigus, M|100/100
|move|p2a: Kabutops|Flip Turn|p1a: Cofagrigus
|-damage|p1a: Cofagrigus|66/100
|-activate|p1a: Cofagrigus|ability: Mummy|Weak Armor|[of] p2a: Kabutops
|
|t:|1643751706
|switch|p2a: Palossand|Palossand, M|100/100|[from]move: Flip Turn
|
|-heal|p1a: Cofagrigus|72/100|[from] item: Leftovers
|upkeep
|turn|2
|
|t:|1643751713
|move|p2a: Palossand|Shadow Ball|p1a: Cofagrigus
|-supereffective|p1a: Cofagrigus
|-damage|p1a: Cofagrigus|0 fnt
|faint|p1a: Cofagrigus
|
|upkeep
|
|t:|1643751728
|switch|p1a: Perrserker|Perrserker, M|100/100
|turn|3
|
|t:|1643751744
|switch|p2a: Magneton|Magneton|100/100
|move|p1a: Perrserker|Seed Bomb|p2a: Magneton
|-resisted|p2a: Magneton
|-damage|p2a: Magneton|84/100
|
|upkeep
|turn|4
|
|t:|1643751758
|switch|p1a: Whimsicott|Whimsicott, F|100/100
|move|p2a: Magneton|Teleport|p2a: Magneton
|
|t:|1643751765
|switch|p2a: Frosmoth|Frosmoth, F|100/100|[from]move: Teleport
|
|upkeep
|turn|5
|
|t:|1643751770
|switch|p1a: Aggron|Aggron, F|100/100
|move|p2a: Frosmoth|Ice Beam|p1a: Aggron
|-resisted|p1a: Aggron
|-damage|p1a: Aggron|81/100
|
|upkeep
|turn|6
|
|t:|1643751780
|switch|p2a: Palossand|Palossand, M|100/100
|move|p1a: Aggron|Iron Head|p2a: Palossand
|-damage|p2a: Palossand|65/100
|
|upkeep
|turn|7
|
|t:|1643751788
|move|p1a: Aggron|Iron Head|p2a: Palossand
|-damage|p2a: Palossand|29/100
|move|p2a: Palossand|Shore Up|p2a: Palossand
|-heal|p2a: Palossand|79/100
|
|upkeep
|turn|8
|
|t:|1643751795
|move|p1a: Aggron|Iron Head|p2a: Palossand
|-damage|p2a: Palossand|45/100
|cant|p2a: Palossand|flinch
|
|upkeep
|turn|9
|
|t:|1643751801
|move|p1a: Aggron|Iron Head|p2a: Palossand
|-damage|p2a: Palossand|10/100
|cant|p2a: Palossand|flinch
|
|upkeep
|turn|10
|
|t:|1643751812
|move|p1a: Aggron|Earthquake|p2a: Palossand
|-damage|p2a: Palossand|0 fnt
|faint|p2a: Palossand
|
|upkeep
|
|t:|1643751814
|switch|p2a: Cramorant|Cramorant, F|100/100
|turn|11
|
|t:|1643751820
|move|p2a: Cramorant|Surf|p1a: Aggron
|-formechange|p2a: Cramorant|Cramorant-Gulping|
|-supereffective|p1a: Aggron
|-damage|p1a: Aggron|13/100
|move|p1a: Aggron|Head Smash|p2a: Cramorant
|-supereffective|p2a: Cramorant
|-damage|p2a: Cramorant|0 fnt
|-damage|p1a: Aggron|0 fnt|[from] ability: Gulp Missile|[of] p2a: Cramorant
|-formechange|p2a: Cramorant|Cramorant|
|faint|p2a: Cramorant
|faint|p1a: Aggron
|
|upkeep
|
|t:|1643751831
|switch|p2a: Kabutops|Kabutops, F|100/100
|switch|p1a: Dugtrio|Dugtrio-Alola, M|100/100
|turn|12
|
|t:|1643751836
|move|p2a: Kabutops|Aqua Jet|p1a: Dugtrio
|-supereffective|p1a: Dugtrio
|-enditem|p1a: Dugtrio|Focus Sash
|-damage|p1a: Dugtrio|1/100
|-ability|p1a: Dugtrio|Tangling Hair
|-unboost|p2a: Kabutops|spe|1
|move|p1a: Dugtrio|Earthquake|p2a: Kabutops
|-supereffective|p2a: Kabutops
|-damage|p2a: Kabutops|0 fnt
|faint|p2a: Kabutops
|
|upkeep
|
|t:|1643751847
|switch|p2a: Skuntank|Skuntank, M|100/100
|turn|13
|
|t:|1643751850
|move|p1a: Dugtrio|Earthquake|p2a: Skuntank
|-supereffective|p2a: Skuntank
|-damage|p2a: Skuntank|0 fnt
|faint|p2a: Skuntank
|
|upkeep
|
|t:|1643751852
|switch|p2a: Frosmoth|Frosmoth, F|100/100
|turn|14
|
|t:|1643751857
|move|p1a: Dugtrio|Iron Head|p2a: Frosmoth
|-supereffective|p2a: Frosmoth
|-damage|p2a: Frosmoth|0 fnt
|faint|p2a: Frosmoth
|
|upkeep
|c|☆panned bomb|GG
|l|☆aog0
|inactive|aog0 disconnected and has a minute to reconnect!
|player|p1|
|-message|panned bomb forfeited.
|
|win|aog0
|raw|aog0's rating: 1327 &rarr; <strong>1358</strong><br />(+31 for winning)
|raw|panned bomb's rating: 1530 &rarr; <strong>1499</strong><br />(-31 for losing)
|l|☆panned bomb
|j|☆aog0
|player|p1|aog0|ninjaboy
||Ladder isn't responding, score probably updated but might not have (Request timeout).
