|raw|<div class="broadcast-blue"><strong>This battle is required to be public due to a player having a name starting with 'pult61a'.</div>
|j|☆pult61a spades
|j|☆thinking of chu
|t:|1626955000
|gametype|singles
|player|p1|pult61a spades|dawn-gen4pt|1578
|player|p2|thinking of chu|clown|1638
|teamsize|p1|6
|teamsize|p2|6
|gen|8
|tier|[Gen 8] PU
|rated|
|rule|Sleep Clause Mod: Limit one foe put to sleep
|rule|Species Clause: Limit one of each Pokémon
|rule|OHKO Clause: OHKO moves are banned
|rule|Evasion Moves Clause: Evasion moves are banned
|rule|Endless Battle Clause: Forcing endless battles is banned
|rule|HP Percentage Mod: HP is shown in percentages
|rule|Dynamax Clause: You cannot dynamax
|clearpoke
|poke|p1|Gourgeist-*, F|
|poke|p1|Articuno-Galar|
|poke|p1|Scrafty, M|
|poke|p1|Regirock|
|poke|p1|Charizard, M|
|poke|p1|Lanturn, M|
|poke|p2|Turtonator, M|
|poke|p2|Lunatone|
|poke|p2|Poliwrath, F|
|poke|p2|Silvally-*|
|poke|p2|Stunfisk-Galar, F|
|poke|p2|Miltank, F|
|teampreview
|c|☆pult61a spades|hf
|c|☆thinking of chu|u 2
|
|t:|1626955022
|start
|switch|p1a: Lanturn|Lanturn, M|100/100
|switch|p2a: Lunatone|Lunatone|100/100
|turn|1
|
|t:|1626955025
|move|p1a: Lanturn|Scald|p2a: Lunatone
|-supereffective|p2a: Lunatone
|-damage|p2a: Lunatone|55/100
|move|p2a: Lunatone|Stealth Rock|p1a: Lanturn
|-sidestart|p1: pult61a spades|move: Stealth Rock
|
|-heal|p2a: Lunatone|61/100|[from] item: Leftovers
|upkeep
|turn|2
|j| Tlenit
|
|t:|1626955032
|move|p1a: Lanturn|Scald|p2a: Lunatone
|-supereffective|p2a: Lunatone
|-damage|p2a: Lunatone|17/100
|move|p2a: Lunatone|Moonlight|p2a: Lunatone
|-heal|p2a: Lunatone|67/100
|
|-heal|p2a: Lunatone|73/100|[from] item: Leftovers
|upkeep
|turn|3
|
|t:|1626955040
|move|p1a: Lanturn|Toxic|p2a: Lunatone|[miss]
|-miss|p1a: Lanturn|p2a: Lunatone
|move|p2a: Lunatone|Moonlight|p2a: Lunatone
|-heal|p2a: Lunatone|100/100
|
|upkeep
|turn|4
|
|t:|1626955044
|move|p1a: Lanturn|Toxic|p2a: Lunatone
|-status|p2a: Lunatone|tox
|move|p2a: Lunatone|Future Sight|p1a: Lanturn
|-start|p2a: Lunatone|move: Future Sight
|
|-damage|p2a: Lunatone|94/100 tox|[from] psn
|upkeep
|turn|5
|
|t:|1626955052
|switch|p2a: Silvally|Silvally-Ghost|100/100
|move|p1a: Lanturn|Scald|p2a: Silvally
|-damage|p2a: Silvally|81/100
|
|upkeep
|turn|6
|
|t:|1626955062
|move|p1a: Lanturn|Volt Switch|p2a: Silvally
|-damage|p2a: Silvally|63/100
|
|t:|1626955077
|switch|p1a: Regirock|Regirock|100/100|[from]move: Volt Switch
|-damage|p1a: Regirock|88/100|[from] Stealth Rock
|move|p2a: Silvally|Roar|p1a: Regirock
|drag|p1a: Charizard|Charizard, M|100/100
|
|-end|p1a: Charizard|move: Future Sight
|-damage|p1a: Charizard|29/100
|upkeep
|turn|7
|
|t:|1626955082
|switch|p2a: Lunatone|Lunatone|94/100 tox
|move|p1a: Charizard|Flamethrower|p2a: Lunatone
|-resisted|p2a: Lunatone
|-damage|p2a: Lunatone|61/100 tox
|
|-heal|p2a: Lunatone|68/100 tox|[from] item: Leftovers
|-damage|p2a: Lunatone|61/100 tox|[from] psn
|upkeep
|turn|8
|
|t:|1626955092
|switch|p1a: Gourgeist|Gourgeist-Small, F|100/100
|-damage|p1a: Gourgeist|88/100|[from] Stealth Rock
|-item|p2a: Lunatone|Leftovers|[from] ability: Frisk|[of] p1a: Gourgeist|[identify]
|move|p2a: Lunatone|Power Gem|p1a: Gourgeist
|-damage|p1a: Gourgeist|22/100
|
|-heal|p2a: Lunatone|68/100 tox|[from] item: Leftovers
|-damage|p2a: Lunatone|55/100 tox|[from] psn
|upkeep
|turn|9
|
|t:|1626955099
|switch|p2a: Miltank|Miltank, F|100/100
|move|p1a: Gourgeist|Trick|p2a: Miltank
|-activate|p1a: Gourgeist|move: Trick|[of] p2a: Miltank
|-item|p2a: Miltank|Choice Scarf|[from] move: Trick
|-item|p1a: Gourgeist|Leftovers|[from] move: Trick
|
|-heal|p1a: Gourgeist|28/100|[from] item: Leftovers
|upkeep
|turn|10
|
|t:|1626955104
|move|p2a: Miltank|Body Press|p1a: Gourgeist
|-damage|p1a: Gourgeist|0 fnt
|faint|p1a: Gourgeist
|
|upkeep
|
|t:|1626955109
|switch|p1a: Articuno|Articuno-Galar|100/100
|turn|11
|
|t:|1626955112
|switch|p2a: Stunfisk|Stunfisk-Galar, F|100/100
|move|p1a: Articuno|Future Sight|p2a: Stunfisk
|-start|p1a: Articuno|move: Future Sight
|
|upkeep
|turn|12
|j| Gva
|
|t:|1626955116
|switch|p1a: Regirock|Regirock|88/100
|-damage|p1a: Regirock|76/100|[from] Stealth Rock
|move|p2a: Stunfisk|Snap Trap|p1a: Regirock
|-supereffective|p1a: Regirock
|-damage|p1a: Regirock|70/100
|-activate|p1a: Regirock|move: Snap Trap|[of] p2a: Stunfisk
|
|-heal|p1a: Regirock|76/100|[from] item: Leftovers
|-damage|p1a: Regirock|63/100|[from] move: Snap Trap|[partiallytrapped]
|upkeep
|turn|13
|
|t:|1626955128
|move|p2a: Stunfisk|Protect|p2a: Stunfisk
|-singleturn|p2a: Stunfisk|Protect
|move|p1a: Regirock|Rock Blast|p2a: Stunfisk
|-activate|p2a: Stunfisk|move: Protect
|
|-end|p2a: Stunfisk|move: Future Sight
|-resisted|p2a: Stunfisk
|-damage|p2a: Stunfisk|79/100
|-heal|p1a: Regirock|69/100|[from] item: Leftovers
|-heal|p2a: Stunfisk|86/100|[from] item: Leftovers
|-damage|p1a: Regirock|57/100|[from] move: Snap Trap|[partiallytrapped]
|upkeep
|turn|14
|
|t:|1626955136
|switch|p2a: Poliwrath|Poliwrath, F|100/100
|move|p1a: Regirock|Iron Defense|p1a: Regirock
|-boost|p1a: Regirock|def|2
|
|-heal|p1a: Regirock|63/100|[from] item: Leftovers
|-end|p1a: Regirock|Snap Trap|[partiallytrapped]|[silent]
|upkeep
|turn|15
|
|t:|1626955139
|move|p2a: Poliwrath|Scald|p1a: Regirock
|-supereffective|p1a: Regirock
|-damage|p1a: Regirock|26/100
|-status|p1a: Regirock|brn
|move|p1a: Regirock|Body Press|p2a: Poliwrath
|-damage|p2a: Poliwrath|73/100
|
|-heal|p2a: Poliwrath|79/100|[from] item: Leftovers
|-heal|p1a: Regirock|32/100 brn|[from] item: Leftovers
|-damage|p1a: Regirock|26/100 brn|[from] brn
|upkeep
|turn|16
|j| Perceptfion
|
|t:|1626955143
|switch|p1a: Lanturn|Lanturn, M|100/100
|-damage|p1a: Lanturn|88/100|[from] Stealth Rock
|move|p2a: Poliwrath|Scald|p1a: Lanturn
|-resisted|p1a: Lanturn
|-damage|p1a: Lanturn|78/100
|-status|p1a: Lanturn|brn
|
|-heal|p1a: Lanturn|85/100 brn|[from] item: Leftovers
|-heal|p2a: Poliwrath|86/100|[from] item: Leftovers
|-damage|p1a: Lanturn|78/100 brn|[from] brn
|upkeep
|turn|17
|
|t:|1626955146
|move|p1a: Lanturn|Heal Bell|p1a: Lanturn
|-activate|p1a: Lanturn|move: Heal Bell
|-curestatus|p1a: Lanturn|brn|[msg]
|-curestatus|p1: Regirock|brn|[msg]
|move|p2a: Poliwrath|Circle Throw|p1a: Lanturn|[miss]
|-miss|p2a: Poliwrath|p1a: Lanturn
|
|-heal|p1a: Lanturn|85/100|[from] item: Leftovers
|-heal|p2a: Poliwrath|92/100|[from] item: Leftovers
|upkeep
|turn|18
|
|t:|1626955149
|move|p1a: Lanturn|Toxic|p2a: Poliwrath
|-status|p2a: Poliwrath|tox
|move|p2a: Poliwrath|Circle Throw|p1a: Lanturn
|-damage|p1a: Lanturn|66/100
|drag|p1a: Scrafty|Scrafty, M|100/100
|-damage|p1a: Scrafty|95/100|[from] Stealth Rock
|
|-heal|p2a: Poliwrath|98/100 tox|[from] item: Leftovers
|-damage|p2a: Poliwrath|92/100 tox|[from] psn
|upkeep
|turn|19
|
|t:|1626955153
|switch|p1a: Articuno|Articuno-Galar|100/100
|move|p2a: Poliwrath|Circle Throw|p1a: Articuno
|-resisted|p1a: Articuno
|-damage|p1a: Articuno|95/100
|drag|p1a: Scrafty|Scrafty, M|95/100
|-damage|p1a: Scrafty|89/100|[from] Stealth Rock
|
|-heal|p2a: Poliwrath|98/100 tox|[from] item: Leftovers
|-damage|p2a: Poliwrath|86/100 tox|[from] psn
|upkeep
|turn|20
|
|t:|1626955158
|switch|p1a: Lanturn|Lanturn, M|66/100
|-damage|p1a: Lanturn|53/100|[from] Stealth Rock
|move|p2a: Poliwrath|Circle Throw|p1a: Lanturn
|-damage|p1a: Lanturn|36/100
|drag|p1a: Regirock|Regirock|26/100
|-damage|p1a: Regirock|14/100|[from] Stealth Rock
|
|-heal|p2a: Poliwrath|92/100 tox|[from] item: Leftovers
|-heal|p1a: Regirock|20/100|[from] item: Leftovers
|-damage|p2a: Poliwrath|73/100 tox|[from] psn
|upkeep
|turn|21
|
|t:|1626955162
|switch|p1a: Articuno|Articuno-Galar|95/100
|move|p2a: Poliwrath|Scald|p1a: Articuno
|-damage|p1a: Articuno|72/100
|
|-heal|p2a: Poliwrath|79/100 tox|[from] item: Leftovers
|-damage|p2a: Poliwrath|54/100 tox|[from] psn
|upkeep
|turn|22
|
|t:|1626955168
|switch|p2a: Stunfisk|Stunfisk-Galar, F|86/100
|move|p1a: Articuno|U-turn|p2a: Stunfisk
|-resisted|p2a: Stunfisk
|-crit|p2a: Stunfisk
|-damage|p2a: Stunfisk|78/100
|
|t:|1626955171
|switch|p1a: Scrafty|Scrafty, M|89/100|[from]move: U-turn
|-damage|p1a: Scrafty|83/100|[from] Stealth Rock
|
|-heal|p2a: Stunfisk|85/100|[from] item: Leftovers
|upkeep
|turn|23
|
|t:|1626955176
|switch|p2a: Poliwrath|Poliwrath, F|54/100 tox
|move|p1a: Scrafty|Dragon Dance|p1a: Scrafty
|-boost|p1a: Scrafty|atk|1
|-boost|p1a: Scrafty|spe|1
|
|-heal|p2a: Poliwrath|61/100 tox|[from] item: Leftovers
|-damage|p2a: Poliwrath|54/100 tox|[from] psn
|upkeep
|turn|24
|
|t:|1626955218
|move|p1a: Scrafty|Close Combat|p2a: Poliwrath
|-damage|p2a: Poliwrath|6/100 tox
|-unboost|p1a: Scrafty|def|1
|-unboost|p1a: Scrafty|spd|1
|move|p2a: Poliwrath|Circle Throw|p1a: Scrafty
|-supereffective|p1a: Scrafty
|-damage|p1a: Scrafty|21/100
|drag|p1a: Articuno|Articuno-Galar|72/100
|
|-heal|p2a: Poliwrath|13/100 tox|[from] item: Leftovers
|-damage|p2a: Poliwrath|0 fnt|[from] psn
|faint|p2a: Poliwrath
|upkeep
|
|t:|1626955230
|switch|p2a: Stunfisk|Stunfisk-Galar, F|85/100
|turn|25
|
|t:|1626955241
|move|p1a: Articuno|U-turn|p2a: Stunfisk
|-resisted|p2a: Stunfisk
|-damage|p2a: Stunfisk|80/100
|
|t:|1626955245
|switch|p1a: Regirock|Regirock|20/100|[from]move: U-turn
|-damage|p1a: Regirock|8/100|[from] Stealth Rock
|move|p2a: Stunfisk|Snap Trap|p1a: Regirock
|-supereffective|p1a: Regirock
|-damage|p1a: Regirock|2/100
|-activate|p1a: Regirock|move: Snap Trap|[of] p2a: Stunfisk
|
|-heal|p1a: Regirock|8/100|[from] item: Leftovers
|-heal|p2a: Stunfisk|86/100|[from] item: Leftovers
|-damage|p1a: Regirock|0 fnt|[from] move: Snap Trap|[partiallytrapped]
|faint|p1a: Regirock
|upkeep
|
|t:|1626955277
|switch|p1a: Charizard|Charizard, M|29/100
|turn|26
|
|t:|1626955281
|switch|p2a: Turtonator|Turtonator, M|100/100
|move|p1a: Charizard|Flamethrower|p2a: Turtonator
|-resisted|p2a: Turtonator
|-damage|p2a: Turtonator|78/100
|
|upkeep
|turn|27
|
|t:|1626955289
|switch|p1a: Articuno|Articuno-Galar|72/100
|move|p2a: Turtonator|Shell Smash|p2a: Turtonator
|-unboost|p2a: Turtonator|def|1
|-unboost|p2a: Turtonator|spd|1
|-boost|p2a: Turtonator|atk|2
|-boost|p2a: Turtonator|spa|2
|-boost|p2a: Turtonator|spe|2
|
|upkeep
|turn|28
|
|t:|1626955296
|move|p2a: Turtonator|Draco Meteor|p1a: Articuno
|-damage|p1a: Articuno|0 fnt
|-unboost|p2a: Turtonator|spa|2
|faint|p1a: Articuno
|
|upkeep
|
|t:|1626955301
|switch|p1a: Charizard|Charizard, M|29/100
|turn|29
|
|t:|1626955311
|move|p2a: Turtonator|Shell Smash|p2a: Turtonator
|-unboost|p2a: Turtonator|def|1
|-unboost|p2a: Turtonator|spd|1
|-boost|p2a: Turtonator|atk|2
|-boost|p2a: Turtonator|spa|2
|-boost|p2a: Turtonator|spe|2
|move|p1a: Charizard|Flamethrower|p2a: Turtonator
|-resisted|p2a: Turtonator
|-damage|p2a: Turtonator|31/100
|
|upkeep
|turn|30
|
|t:|1626955333
|move|p2a: Turtonator|Draco Meteor|p1a: Charizard
|-damage|p1a: Charizard|0 fnt
|-unboost|p2a: Turtonator|spa|2
|faint|p1a: Charizard
|
|upkeep
|
|t:|1626955336
|switch|p1a: Lanturn|Lanturn, M|36/100
|-damage|p1a: Lanturn|23/100|[from] Stealth Rock
|turn|31
|
|t:|1626955345
|move|p2a: Turtonator|Flamethrower|p1a: Lanturn
|-resisted|p1a: Lanturn
|-damage|p1a: Lanturn|5/100
|move|p1a: Lanturn|Scald|p2a: Turtonator
|-damage|p2a: Turtonator|0 fnt
|faint|p2a: Turtonator
|
|-heal|p1a: Lanturn|12/100|[from] item: Leftovers
|upkeep
|
|t:|1626955346
|switch|p2a: Miltank|Miltank, F|100/100
|turn|32
|
|t:|1626955360
|move|p2a: Miltank|Body Press|p1a: Lanturn
|-damage|p1a: Lanturn|0 fnt
|faint|p1a: Lanturn
|
|upkeep
|
|t:|1626955362
|switch|p1a: Scrafty|Scrafty, M|21/100
|-damage|p1a: Scrafty|15/100|[from] Stealth Rock
|turn|33
|j| lt83aqcem
|
|t:|1626955364
|move|p2a: Miltank|Body Press|p1a: Scrafty
|-supereffective|p1a: Scrafty
|-crit|p1a: Scrafty
|-damage|p1a: Scrafty|0 fnt
|faint|p1a: Scrafty
|
|win|thinking of chu
|raw|pult61a spades's rating: 1578 &rarr; <strong>1561</strong><br />(-17 for losing)
|raw|thinking of chu's rating: 1638 &rarr; <strong>1655</strong><br />(+17 for winning)
|c|☆thinking of chu|gg
|l| lt83aqcem
