|j|☆Mrxiaoming
|j|☆JoJo Reference #10
|t:|1667970111
|gametype|singles
|player|p1|Mrxiaoming|hiker-gen4|1445
|player|p2|JoJo Reference #10|102|1510
|teamsize|p1|6
|teamsize|p2|6
|gen|8
|tier|[Gen 8] PU
|rated|
|rule|Sleep Clause Mod: Limit one foe put to sleep
|rule|Species Clause: Limit one of each Pokémon
|rule|OHKO Clause: OHKO moves are banned
|rule|Evasion Items Clause: Evasion items are banned
|rule|Evasion Moves Clause: Evasion moves are banned
|rule|Endless Battle Clause: Forcing endless battles is banned
|rule|HP Percentage Mod: HP is shown in percentages
|rule|Dynamax Clause: You cannot dynamax
|clearpoke
|poke|p1|Ferroseed, F|
|poke|p1|Jolteon, F|
|poke|p1|Absol, F|
|poke|p1|Gurdurr, F|
|poke|p1|Wishiwashi, M|
|poke|p1|Ditto|
|poke|p2|Absol, F|
|poke|p2|Silvally-*|
|poke|p2|Centiskorch, M|
|poke|p2|Wishiwashi, F|
|poke|p2|Archeops, F|
|poke|p2|Malamar, F|
|teampreview
|
|t:|1667970121
|start
|switch|p1a: Jolteon|Jolteon, F|100/100
|switch|p2a: Archeops|Archeops, F|100/100
|turn|1
|
|t:|1667970124
|move|p1a: Jolteon|Volt Switch|p2a: Archeops
|-supereffective|p2a: Archeops
|-enditem|p2a: Archeops|Focus Sash
|-damage|p2a: Archeops|1/100
|
|t:|1667970131
|switch|p1a: Ferroseed|Ferroseed, F|100/100|[from]move: Volt Switch
|move|p2a: Archeops|Stealth Rock|p1a: Ferroseed
|-sidestart|p1: Mrxiaoming|move: Stealth Rock
|
|upkeep
|turn|2
|
|t:|1667970143
|move|p2a: Archeops|Taunt|p1a: Ferroseed
|-start|p1a: Ferroseed|move: Taunt
|cant|p1a: Ferroseed|move: Taunt|Leech Seed
|
|upkeep
|turn|3
|
|t:|1667970150
|switch|p1a: Ditto|Ditto|100/100
|-damage|p1a: Ditto|88/100|[from] Stealth Rock
|-transform|p1a: Ditto|p2a: Archeops|[from] ability: Imposter
|move|p2a: Archeops|Endeavor|p1a: Ditto
|-damage|p1a: Ditto|1/100
|
|-heal|p1a: Ditto|7/100|[from] item: Leftovers
|upkeep
|turn|4
|
|t:|1667970161
|switch|p2a: Malamar|Malamar, F|100/100
|move|p1a: Ditto|Head Smash|p2a: Malamar
|-damage|p2a: Malamar|58/100
|-damage|p1a: Ditto|0 fnt|[from] Recoil
|faint|p1a: Ditto
|
|-heal|p2a: Malamar|64/100|[from] item: Leftovers
|upkeep
|
|t:|1667970175
|switch|p1a: Jolteon|Jolteon, F|100/100
|-damage|p1a: Jolteon|88/100|[from] Stealth Rock
|turn|5
|
|t:|1667970179
|switch|p2a: Archeops|Archeops, F|1/100
|move|p1a: Jolteon|Volt Switch|p2a: Archeops
|-supereffective|p2a: Archeops
|-damage|p2a: Archeops|0 fnt
|faint|p2a: Archeops
|
|t:|1667970186
|switch|p1a: Wishiwashi|Wishiwashi, M|100/100|[from]move: Volt Switch
|-damage|p1a: Wishiwashi|88/100|[from] Stealth Rock
|-formechange|p1a: Wishiwashi|Wishiwashi-School||[from] ability: Schooling
|
|upkeep
|
|t:|1667970191
|switch|p2a: Silvally|Silvally-Grass|100/100
|turn|6
|
|t:|1667970198
|switch|p1a: Ferroseed|Ferroseed, F|100/100
|-damage|p1a: Ferroseed|94/100|[from] Stealth Rock
|move|p2a: Silvally|Multi-Attack|p1a: Ferroseed
|-resisted|p1a: Ferroseed
|-damage|p1a: Ferroseed|87/100
|-damage|p2a: Silvally|88/100|[from] ability: Iron Barbs|[of] p1a: Ferroseed
|
|upkeep
|turn|7
|j| RawMelon
|
|t:|1667970205
|move|p2a: Silvally|Swords Dance|p2a: Silvally
|-boost|p2a: Silvally|atk|2
|move|p1a: Ferroseed|Stealth Rock|p2a: Silvally
|-sidestart|p2: JoJo Reference #10|move: Stealth Rock
|
|upkeep
|turn|8
|
|t:|1667970208
|move|p2a: Silvally|Flame Charge|p1a: Ferroseed
|-supereffective|p1a: Ferroseed
|-damage|p1a: Ferroseed|23/100
|-boost|p2a: Silvally|spe|1
|-damage|p2a: Silvally|76/100|[from] ability: Iron Barbs|[of] p1a: Ferroseed
|move|p1a: Ferroseed|Gyro Ball|p2a: Silvally
|-damage|p2a: Silvally|46/100
|
|upkeep
|turn|9
|
|t:|1667970217
|move|p2a: Silvally|Multi-Attack|p1a: Ferroseed
|-resisted|p1a: Ferroseed
|-damage|p1a: Ferroseed|8/100
|-damage|p2a: Silvally|33/100|[from] ability: Iron Barbs|[of] p1a: Ferroseed
|move|p1a: Ferroseed|Gyro Ball|p2a: Silvally
|-damage|p2a: Silvally|2/100
|
|upkeep
|turn|10
|
|t:|1667970223
|move|p2a: Silvally|Swords Dance|p2a: Silvally
|-boost|p2a: Silvally|atk|2
|move|p1a: Ferroseed|Spikes|p2a: Silvally
|-sidestart|p2: JoJo Reference #10|Spikes
|
|upkeep
|turn|11
|
|t:|1667970226
|move|p2a: Silvally|Flame Charge|p1a: Ferroseed
|-supereffective|p1a: Ferroseed
|-damage|p1a: Ferroseed|0 fnt
|-boost|p2a: Silvally|spe|1
|-damage|p2a: Silvally|0 fnt|[from] ability: Iron Barbs|[of] p1a: Ferroseed
|faint|p1a: Ferroseed
|faint|p2a: Silvally
|
|upkeep
|
|t:|1667970233
|switch|p2a: Absol|Absol, F|100/100
|switch|p1a: Gurdurr|Gurdurr, F|100/100
|-damage|p1a: Gurdurr|94/100|[from] Stealth Rock
|turn|12
|
|t:|1667970241
|move|p2a: Absol|Knock Off|p1a: Gurdurr
|-resisted|p1a: Gurdurr
|-damage|p1a: Gurdurr|76/100
|-enditem|p1a: Gurdurr|Eviolite|[from] move: Knock Off|[of] p2a: Absol
|move|p1a: Gurdurr|Knock Off|p2a: Absol
|-resisted|p2a: Absol
|-damage|p2a: Absol|68/100
|-enditem|p2a: Absol|Heavy-Duty Boots|[from] move: Knock Off|[of] p1a: Gurdurr
|
|upkeep
|turn|13
|
|t:|1667970246
|move|p2a: Absol|Close Combat|p1a: Gurdurr
|-crit|p1a: Gurdurr
|-damage|p1a: Gurdurr|11/100
|-unboost|p2a: Absol|def|1
|-unboost|p2a: Absol|spd|1
|move|p1a: Gurdurr|Drain Punch|p2a: Absol
|-supereffective|p2a: Absol
|-damage|p2a: Absol|0 fnt
|-heal|p1a: Gurdurr|35/100|[from] drain|[of] p2a: Absol
|faint|p2a: Absol
|
|upkeep
|
|t:|1667970250
|switch|p2a: Centiskorch|Centiskorch, M|100/100
|turn|14
|
|t:|1667970255
|move|p2a: Centiskorch|Coil|p2a: Centiskorch
|-boost|p2a: Centiskorch|atk|1
|-boost|p2a: Centiskorch|def|1
|-boost|p2a: Centiskorch|accuracy|1
|move|p1a: Gurdurr|Knock Off|p2a: Centiskorch
|-damage|p2a: Centiskorch|74/100
|-enditem|p2a: Centiskorch|Heavy-Duty Boots|[from] move: Knock Off|[of] p1a: Gurdurr
|
|upkeep
|turn|15
|
|t:|1667970264
|switch|p1a: Wishiwashi|Wishiwashi, M|88/100
|-damage|p1a: Wishiwashi|76/100|[from] Stealth Rock
|-formechange|p1a: Wishiwashi|Wishiwashi-School||[from] ability: Schooling
|move|p2a: Centiskorch|Fire Lash|p1a: Wishiwashi
|-resisted|p1a: Wishiwashi
|-damage|p1a: Wishiwashi|54/100
|-unboost|p1a: Wishiwashi|def|1
|
|upkeep
|turn|16
|
|t:|1667970268
|move|p2a: Centiskorch|Leech Life|p1a: Wishiwashi
|-damage|p1a: Wishiwashi|0 fnt
|-heal|p2a: Centiskorch|94/100|[from] drain|[of] p1a: Wishiwashi
|faint|p1a: Wishiwashi
|
|upkeep
|
|t:|1667970273
|switch|p1a: Jolteon|Jolteon, F|88/100
|-damage|p1a: Jolteon|76/100|[from] Stealth Rock
|turn|17
|
|t:|1667970275
|move|p1a: Jolteon|Thunderbolt|p2a: Centiskorch
|-damage|p2a: Centiskorch|45/100
|move|p2a: Centiskorch|Leech Life|p1a: Jolteon
|-damage|p1a: Jolteon|0 fnt
|-heal|p2a: Centiskorch|70/100|[from] drain|[of] p1a: Jolteon
|faint|p1a: Jolteon
|
|upkeep
|
|t:|1667970281
|switch|p1a: Absol|Absol, F|100/100
|-damage|p1a: Absol|88/100|[from] Stealth Rock
|-ability|p1a: Absol|Pressure
|turn|18
|
|t:|1667970284
|move|p1a: Absol|Knock Off|p2a: Centiskorch
|-damage|p2a: Centiskorch|34/100
|-damage|p1a: Absol|78/100|[from] item: Life Orb
|move|p2a: Centiskorch|Leech Life|p1a: Absol
|-supereffective|p1a: Absol
|-damage|p1a: Absol|0 fnt
|-heal|p2a: Centiskorch|60/100|[from] drain|[of] p1a: Absol
|faint|p1a: Absol
|
|upkeep
|-message|Mrxiaoming forfeited.
|
|win|JoJo Reference #10
|raw|Mrxiaoming's rating: 1445 &rarr; <strong>1429</strong><br />(-16 for losing)
|raw|JoJo Reference #10's rating: 1510 &rarr; <strong>1526</strong><br />(+16 for winning)
