|html|<div class="broadcast-blue"><strong>[Gen 8] PU is currently suspecting Drampa! For information on how to participate check out the <a href="https://www.smogon.com/forums/threads/np-pu-stage-7-i-hear-hyper-voices-in-my-head-drampa-suspect-test.3692992/">suspect thread</a>.</strong></div>
|j|☆mefrog
|j|☆Pingerfymooper
|t:|1636749151
|gametype|singles
|player|p1|mefrog|volkner|1456
|player|p2|Pingerfymooper|hiker-gen4|1399
|teamsize|p1|6
|teamsize|p2|6
|gen|8
|tier|[Gen 8] PU
|rated|
|rule|Sleep Clause Mod: Limit one foe put to sleep
|rule|Species Clause: Limit one of each Pokémon
|rule|OHKO Clause: OHKO moves are banned
|rule|Evasion Moves Clause: Evasion moves are banned
|rule|Endless Battle Clause: Forcing endless battles is banned
|rule|HP Percentage Mod: HP is shown in percentages
|rule|Dynamax Clause: You cannot dynamax
|clearpoke
|poke|p1|Marowak, M|
|poke|p1|Throh, M|
|poke|p1|Perrserker, M|
|poke|p1|Audino, F|
|poke|p1|Dusclops, M|
|poke|p1|Carbink|
|poke|p2|Basculin, M|
|poke|p2|Froslass, F|
|poke|p2|Sandaconda, F|
|poke|p2|Drampa, F|
|poke|p2|Tsareena, F|
|poke|p2|Sawk, M|
|teampreview
|inactive|Battle timer is ON: inactive players will automatically lose when time's up. (requested by Pingerfymooper)
|inactive|Pingerfymooper has 120 seconds left.
|
|t:|1636749193
|start
|switch|p1a: Stealth rock|Carbink|100/100
|switch|p2a: Basculin|Basculin, M|100/100
|turn|1
|
|t:|1636749211
|move|p2a: Basculin|Flip Turn|p1a: Stealth rock
|-supereffective|p1a: Stealth rock
|-damage|p1a: Stealth rock|20/100
|
|t:|1636749230
|switch|p2a: Sawk|Sawk, M|100/100|[from]move: Flip Turn
|-ability|p2a: Sawk|Mold Breaker
|move|p1a: Stealth rock|Trick Room|p1a: Stealth rock
|-fieldstart|move: Trick Room|[of] p1a: Stealth rock
|
|upkeep
|turn|2
|
|t:|1636749245
|switch|p2a: Basculin|Basculin, M|100/100
|move|p1a: Stealth rock|Misty Explosion|p2a: Basculin
|-damage|p2a: Basculin|58/100
|faint|p1a: Stealth rock
|
|upkeep
|
|t:|1636749250
|switch|p1a: BulkUp|Throh, M|100/100
|turn|3
|
|t:|1636749262
|switch|p2a: Sawk|Sawk, M|100/100
|-ability|p2a: Sawk|Mold Breaker
|move|p1a: BulkUp|Knock Off|p2a: Sawk
|-resisted|p2a: Sawk
|-damage|p2a: Sawk|79/100
|-enditem|p2a: Sawk|Choice Scarf|[from] move: Knock Off|[of] p1a: BulkUp
|
|-status|p1a: BulkUp|brn|[from] item: Flame Orb
|upkeep
|turn|4
|
|t:|1636749269
|switch|p2a: Sandaconda|Sandaconda, F|100/100
|move|p1a: BulkUp|Superpower|p2a: Sandaconda
|-damage|p2a: Sandaconda|51/100
|-unboost|p1a: BulkUp|atk|1
|-unboost|p1a: BulkUp|def|1
|-damage|p1a: BulkUp|84/100 brn|[from] item: Rocky Helmet|[of] p2a: Sandaconda
|
|-damage|p1a: BulkUp|78/100 brn|[from] brn
|upkeep
|turn|5
|
|t:|1636749282
|move|p1a: BulkUp|Ice Punch|p2a: Sandaconda
|-supereffective|p2a: Sandaconda
|-damage|p2a: Sandaconda|20/100
|-damage|p1a: BulkUp|61/100 brn|[from] item: Rocky Helmet|[of] p2a: Sandaconda
|move|p2a: Sandaconda|Stealth Rock|p1a: BulkUp
|-sidestart|p1: mefrog|move: Stealth Rock
|
|-damage|p1a: BulkUp|55/100 brn|[from] brn
|-fieldend|move: Trick Room
|upkeep
|turn|6
|
|t:|1636749286
|switch|p1a: Poltergeist|Dusclops, M|100/100
|-damage|p1a: Poltergeist|88/100|[from] Stealth Rock
|-ability|p1a: Poltergeist|Pressure
|move|p2a: Sandaconda|Rest|p2a: Sandaconda
|-status|p2a: Sandaconda|slp|[from] move: Rest
|-heal|p2a: Sandaconda|100/100 slp|[silent]
|
|-activate|p2a: Sandaconda|ability: Shed Skin
|-curestatus|p2a: Sandaconda|slp|[msg]
|upkeep
|turn|7
|
|t:|1636749291
|move|p2a: Sandaconda|Glare|p1a: Poltergeist
|-status|p1a: Poltergeist|par
|move|p1a: Poltergeist|Trick Room|p1a: Poltergeist
|-fieldstart|move: Trick Room|[of] p1a: Poltergeist
|
|upkeep
|turn|8
|
|t:|1636749316
|switch|p1a: BoneRush|Marowak, M|100/100
|-damage|p1a: BoneRush|94/100|[from] Stealth Rock
|switch|p2a: Froslass|Froslass, F|100/100
|
|upkeep
|turn|9
|
|t:|1636749328
|switch|p2a: Sawk|Sawk, M|79/100
|-ability|p2a: Sawk|Mold Breaker
|move|p1a: BoneRush|Knock Off|p2a: Sawk
|-resisted|p2a: Sawk
|-damage|p2a: Sawk|51/100
|
|upkeep
|turn|10
|inactive|Pingerfymooper has 120 seconds left.
|
|t:|1636749343
|switch|p2a: Drampa|Drampa, F|100/100
|move|p1a: BoneRush|Bonemerang|p2a: Drampa
|-damage|p2a: Drampa|53/100
|-damage|p2a: Drampa|7/100
|-hitcount|p2a: Drampa|2
|
|upkeep
|turn|11
|
|t:|1636749349
|move|p1a: BoneRush|Bonemerang|p2a: Drampa|[miss]
|-miss|p1a: BoneRush|p2a: Drampa
|move|p2a: Drampa|Draco Meteor|p1a: BoneRush
|-damage|p1a: BoneRush|0 fnt
|-unboost|p2a: Drampa|spa|2
|faint|p1a: BoneRush
|
|-fieldend|move: Trick Room
|upkeep
|
|t:|1636749354
|switch|p1a: Yawn|Audino, F|100/100
|turn|12
|
|t:|1636749369
|switch|p2a: Froslass|Froslass, F|100/100
|move|p1a: Yawn|Trick Room|p1a: Yawn
|-fieldstart|move: Trick Room|[of] p1a: Yawn
|
|upkeep
|turn|13
|
|t:|1636749378
|switch|p1a: Iron head|Perrserker, M|100/100
|-damage|p1a: Iron head|94/100|[from] Stealth Rock
|move|p2a: Froslass|Trick|p1a: Iron head
|-activate|p2a: Froslass|move: Trick|[of] p1a: Iron head
|-item|p1a: Iron head|Choice Band|[from] move: Trick
|-item|p2a: Froslass|Metal Coat|[from] move: Trick
|
|upkeep
|turn|14
|
|t:|1636749385
|switch|p2a: Drampa|Drampa, F|7/100
|move|p1a: Iron head|Iron Head|p2a: Drampa
|-damage|p2a: Drampa|0 fnt
|faint|p2a: Drampa
|
|upkeep
|
|t:|1636749395
|switch|p2a: Sandaconda|Sandaconda, F|100/100
|turn|15
|
|t:|1636749398
|move|p1a: Iron head|Iron Head|p2a: Sandaconda
|-damage|p2a: Sandaconda|48/100
|-damage|p1a: Iron head|78/100|[from] item: Rocky Helmet|[of] p2a: Sandaconda
|cant|p2a: Sandaconda|flinch
|
|upkeep
|turn|16
|
|t:|1636749406
|switch|p2a: Basculin|Basculin, M|58/100
|move|p1a: Iron head|Iron Head|p2a: Basculin
|-resisted|p2a: Basculin
|-damage|p2a: Basculin|0 fnt
|faint|p2a: Basculin
|
|-fieldend|move: Trick Room
|upkeep
|
|t:|1636749418
|switch|p2a: Sawk|Sawk, M|51/100
|-ability|p2a: Sawk|Mold Breaker
|turn|17
|
|t:|1636749423
|switch|p1a: Poltergeist|Dusclops, M|88/100 par
|-damage|p1a: Poltergeist|76/100 par|[from] Stealth Rock
|-ability|p1a: Poltergeist|Pressure
|move|p2a: Sawk|Close Combat|p1a: Poltergeist
|-immune|p1a: Poltergeist
|
|upkeep
|turn|18
|
|t:|1636749426
|move|p2a: Sawk|Knock Off|p1a: Poltergeist
|-supereffective|p1a: Poltergeist
|-damage|p1a: Poltergeist|44/100 par
|-enditem|p1a: Poltergeist|Eviolite|[from] move: Knock Off|[of] p2a: Sawk
|cant|p1a: Poltergeist|par
|
|upkeep
|turn|19
|
|t:|1636749434
|switch|p2a: Froslass|Froslass, F|100/100
|move|p1a: Poltergeist|Trick Room|p1a: Poltergeist
|-fieldstart|move: Trick Room|[of] p1a: Poltergeist
|
|upkeep
|turn|20
|
|t:|1636749438
|cant|p1a: Poltergeist|par
|move|p2a: Froslass|Spikes|p1a: Poltergeist
|-sidestart|p1: mefrog|Spikes
|
|upkeep
|turn|21
|
|t:|1636749444
|move|p1a: Poltergeist|Curse|p2a: Froslass
|-start|p2a: Froslass|Curse|[of] p1a: Poltergeist
|-damage|p1a: Poltergeist|0 fnt
|faint|p1a: Poltergeist
|move|p2a: Froslass|Spikes|p1: Poltergeist
|-sidestart|p1: mefrog|Spikes
|
|-damage|p2a: Froslass|76/100|[from] Curse
|upkeep
|
|t:|1636749446
|switch|p1a: Iron head|Perrserker, M|78/100
|-damage|p1a: Iron head|72/100|[from] Stealth Rock
|-damage|p1a: Iron head|55/100|[from] Spikes
|turn|22
|
|t:|1636749465
|move|p1a: Iron head|Iron Head|p2a: Froslass
|-supereffective|p2a: Froslass
|-damage|p2a: Froslass|0 fnt
|faint|p2a: Froslass
|
|upkeep
|
|t:|1636749481
|switch|p2a: Tsareena|Tsareena, F|100/100
|turn|23
|
|t:|1636749488
|move|p1a: Iron head|Iron Head|p2a: Tsareena
|-damage|p2a: Tsareena|0 fnt
|faint|p2a: Tsareena
|
|-fieldend|move: Trick Room
|upkeep
|
|t:|1636749490
|switch|p2a: Sawk|Sawk, M|51/100
|-ability|p2a: Sawk|Mold Breaker
|turn|24
|
|t:|1636749495
|move|p2a: Sawk|Close Combat|p1a: Iron head
|-supereffective|p1a: Iron head
|-damage|p1a: Iron head|0 fnt
|-unboost|p2a: Sawk|def|1
|-unboost|p2a: Sawk|spd|1
|faint|p1a: Iron head
|
|upkeep
|
|t:|1636749498
|switch|p1a: Yawn|Audino, F|100/100
|turn|25
|
|t:|1636749500
|move|p2a: Sawk|Close Combat|p1a: Yawn
|-supereffective|p1a: Yawn
|-damage|p1a: Yawn|0 fnt
|-unboost|p2a: Sawk|def|1
|-unboost|p2a: Sawk|spd|1
|faint|p1a: Yawn
|
|upkeep
|
|t:|1636749504
|switch|p1a: BulkUp|Throh, M|55/100 brn
|-damage|p1a: BulkUp|49/100 brn|[from] Stealth Rock
|-damage|p1a: BulkUp|32/100 brn|[from] Spikes
|turn|26
|-message|mefrog forfeited.
|
|win|Pingerfymooper
|raw|mefrog's rating: 1456 &rarr; <strong>1433</strong><br />(-23 for losing)
|raw|Pingerfymooper's rating: 1399 &rarr; <strong>1422</strong><br />(+23 for winning)
|l|☆mefrog
|c|☆Pingerfymooper|Gg
