|j|☆ihavelowgxe
|j|☆Cartsoul
|t:|1614986345
|player|p1|ihavelowgxe|ethan|1508
|player|p2|Cartsoul|170|1413
|teamsize|p1|6
|teamsize|p2|6
|gametype|singles
|gen|8
|tier|[Gen 8] PU
|rated|
|clearpoke
|poke|p1|Archeops, M|
|poke|p1|Coalossal, M|
|poke|p1|Virizion|
|poke|p1|Weezing, F|
|poke|p1|Throh, M|
|poke|p1|Aromatisse, F|
|poke|p2|Vanilluxe, M|
|poke|p2|Scyther, M|
|poke|p2|Claydol|
|poke|p2|Silvally-*|
|poke|p2|Vaporeon, M|
|poke|p2|Aggron, M|
|rule|Sleep Clause Mod: Limit one foe put to sleep
|rule|Species Clause: Limit one of each Pokémon
|rule|OHKO Clause: OHKO moves are banned
|rule|Evasion Moves Clause: Evasion moves are banned
|rule|Endless Battle Clause: Forcing endless battles is banned
|rule|HP Percentage Mod: HP is shown in percentages
|rule|Dynamax Clause: You cannot dynamax
|teampreview
|inactive|Battle timer is ON: inactive players will automatically lose when time's up. (requested by ihavelowgxe)
|inactive|ihavelowgxe has 120 seconds left.
|
|t:|1614986383
|start
|switch|p1a: Weezing|Weezing, F|100/100
|switch|p2a: Vaporeon|Vaporeon, M|100/100
|turn|1
|
|t:|1614986388
|move|p2a: Vaporeon|Scald|p1a: Weezing
|-damage|p1a: Weezing|56/100
|move|p1a: Weezing|Toxic Spikes|p2a: Vaporeon
|-sidestart|p2: Cartsoul|move: Toxic Spikes
|
|upkeep
|turn|2
|
|t:|1614986408
|switch|p1a: Virizion|Virizion|100/100
|move|p2a: Vaporeon|Scald|p1a: Virizion
|-resisted|p1a: Virizion
|-damage|p1a: Virizion|87/100
|
|upkeep
|turn|3
|
|t:|1614986413
|move|p1a: Virizion|Stone Edge|p2a: Vaporeon
|-damage|p2a: Vaporeon|82/100
|-damage|p1a: Virizion|77/100|[from] item: Life Orb
|move|p2a: Vaporeon|Flip Turn|p1a: Virizion
|-resisted|p1a: Virizion
|-damage|p1a: Virizion|67/100
|
|t:|1614986419
|switch|p2a: Scyther|Scyther, M|100/100|[from]move: Flip Turn
|
|upkeep
|turn|4
|
|t:|1614986436
|switch|p1a: Coalossal|Coalossal, M|100/100
|switch|p2a: Claydol|Claydol|100/100
|
|upkeep
|turn|5
|
|t:|1614986443
|switch|p1a: Aromatisse|Aromatisse, F|100/100
|move|p2a: Claydol|Rapid Spin|p1a: Aromatisse
|-damage|p1a: Aromatisse|94/100
|-boost|p2a: Claydol|spe|1
|-sideend|p2: Cartsoul|Toxic Spikes|[from] move: Rapid Spin|[of] p2a: Claydol
|
|-heal|p1a: Aromatisse|99/100|[from] item: Leftovers
|upkeep
|turn|6
|
|t:|1614986450
|move|p2a: Claydol|Stealth Rock|p1a: Aromatisse
|-sidestart|p1: ihavelowgxe|move: Stealth Rock
|move|p1a: Aromatisse|Wish|p1a: Aromatisse
|
|-heal|p1a: Aromatisse|100/100|[from] item: Leftovers
|upkeep
|turn|7
|
|t:|1614986459
|switch|p2a: Silvally|Silvally-Fairy|100/100
|move|p1a: Aromatisse|Moonblast|p2a: Silvally
|-damage|p2a: Silvally|66/100
|
|upkeep
|turn|8
|
|t:|1614986463
|move|p2a: Silvally|Multi-Attack|p1a: Aromatisse
|-damage|p1a: Aromatisse|49/100
|move|p1a: Aromatisse|Moonblast|p2a: Silvally
|-damage|p2a: Silvally|30/100
|-unboost|p2a: Silvally|spa|1
|
|-heal|p1a: Aromatisse|55/100|[from] item: Leftovers
|upkeep
|turn|9
|
|t:|1614986469
|move|p2a: Silvally|Parting Shot|p1a: Aromatisse
|-unboost|p1a: Aromatisse|atk|1
|-unboost|p1a: Aromatisse|spa|1
|
|t:|1614986476
|switch|p2a: Vanilluxe|Vanilluxe, M|100/100|[from]move: Parting Shot
|-weather|Hail|[from] ability: Snow Warning|[of] p2a: Vanilluxe
|move|p1a: Aromatisse|Wish|p1a: Aromatisse
|
|-weather|Hail|[upkeep]
|-damage|p1a: Aromatisse|49/100|[from] Hail
|-heal|p1a: Aromatisse|55/100|[from] item: Leftovers
|upkeep
|turn|10
|
|t:|1614986487
|switch|p2a: Aggron|Aggron, M|100/100
|move|p1a: Aromatisse|Protect||[still]
|-fail|p1a: Aromatisse
|
|-weather|Hail|[upkeep]
|-damage|p2a: Aggron|94/100|[from] Hail
|-damage|p1a: Aromatisse|49/100|[from] Hail
|-heal|p1a: Aromatisse|99/100|[from] move: Wish|[wisher] Aromatisse
|-heal|p1a: Aromatisse|100/100|[from] item: Leftovers
|upkeep
|turn|11
|
|t:|1614986513
|move|p1a: Aromatisse|Protect|p1a: Aromatisse
|-singleturn|p1a: Aromatisse|Protect
|move|p2a: Aggron|Head Smash|p1a: Aromatisse
|-activate|p1a: Aromatisse|move: Protect
|
|-weather|Hail|[upkeep]
|-damage|p2a: Aggron|88/100|[from] Hail
|-damage|p1a: Aromatisse|94/100|[from] Hail
|-heal|p1a: Aromatisse|100/100|[from] item: Leftovers
|upkeep
|turn|12
|
|t:|1614986524
|switch|p1a: Throh|Throh, M|100/100
|-damage|p1a: Throh|94/100|[from] Stealth Rock
|move|p2a: Aggron|Head Smash|p1a: Throh
|-resisted|p1a: Throh
|-damage|p1a: Throh|48/100
|
|-weather|Hail|[upkeep]
|-damage|p2a: Aggron|82/100|[from] Hail
|-damage|p1a: Throh|42/100|[from] Hail
|-heal|p1a: Throh|48/100|[from] item: Leftovers
|upkeep
|turn|13
|
|t:|1614986536
|move|p2a: Aggron|Head Smash|p1a: Throh
|-resisted|p1a: Throh
|-damage|p1a: Throh|0 fnt
|faint|p1a: Throh
|
|-weather|none
|upkeep
|
|t:|1614986544
|switch|p1a: Virizion|Virizion|67/100
|-damage|p1a: Virizion|61/100|[from] Stealth Rock
|turn|14
|
|t:|1614986549
|switch|p2a: Scyther|Scyther, M|100/100
|move|p1a: Virizion|Stone Edge|p2a: Scyther|[miss]
|-miss|p1a: Virizion|p2a: Scyther
|
|upkeep
|turn|15
|
|t:|1614986559
|switch|p2a: Claydol|Claydol|100/100
|move|p1a: Virizion|Stone Edge|p2a: Claydol
|-resisted|p2a: Claydol
|-damage|p2a: Claydol|87/100
|-damage|p1a: Virizion|51/100|[from] item: Life Orb
|
|-heal|p2a: Claydol|93/100|[from] item: Leftovers
|upkeep
|turn|16
|
|t:|1614986569
|switch|p2a: Scyther|Scyther, M|100/100
|move|p1a: Virizion|Giga Drain|p2a: Scyther
|-resisted|p2a: Scyther
|-damage|p2a: Scyther|87/100
|-heal|p1a: Virizion|57/100|[from] drain|[of] p2a: Scyther
|-damage|p1a: Virizion|47/100|[from] item: Life Orb
|
|upkeep
|turn|17
|
|t:|1614986579
|move|p1a: Virizion|Stone Edge|p2a: Scyther|[miss]
|-miss|p1a: Virizion|p2a: Scyther
|move|p2a: Scyther|Dual Wingbeat|p1a: Virizion
|-supereffective|p1a: Virizion
|-damage|p1a: Virizion|0 fnt
|-hitcount|p1a: Virizion|1
|faint|p1a: Virizion
|
|upkeep
|
|t:|1614986591
|switch|p1a: Coalossal|Coalossal, M|100/100
|turn|18
|
|t:|1614986596
|move|p2a: Scyther|Knock Off|p1a: Coalossal
|-damage|p1a: Coalossal|84/100
|-enditem|p1a: Coalossal|Heavy-Duty Boots|[from] move: Knock Off|[of] p2a: Scyther
|move|p1a: Coalossal|Rapid Spin|p2a: Scyther
|-damage|p2a: Scyther|73/100
|-boost|p1a: Coalossal|spe|1
|-sideend|p1: ihavelowgxe|Stealth Rock|[from] move: Rapid Spin|[of] p1a: Coalossal
|
|upkeep
|turn|19
|
|t:|1614986601
|switch|p2a: Claydol|Claydol|93/100
|move|p1a: Coalossal|Stealth Rock|p2a: Claydol
|-sidestart|p2: Cartsoul|move: Stealth Rock
|
|-heal|p2a: Claydol|99/100|[from] item: Leftovers
|upkeep
|turn|20
|
|t:|1614986606
|switch|p1a: Aromatisse|Aromatisse, F|100/100
|move|p2a: Claydol|Stealth Rock|p1a: Aromatisse
|-sidestart|p1: ihavelowgxe|move: Stealth Rock
|
|-heal|p2a: Claydol|100/100|[from] item: Leftovers
|upkeep
|turn|21
|
|t:|1614986609
|move|p2a: Claydol|Rapid Spin|p1a: Aromatisse
|-damage|p1a: Aromatisse|94/100
|-boost|p2a: Claydol|spe|1
|-sideend|p2: Cartsoul|Stealth Rock|[from] move: Rapid Spin|[of] p2a: Claydol
|move|p1a: Aromatisse|Moonblast|p2a: Claydol
|-damage|p2a: Claydol|79/100
|
|-heal|p2a: Claydol|85/100|[from] item: Leftovers
|-heal|p1a: Aromatisse|99/100|[from] item: Leftovers
|upkeep
|turn|22
|
|t:|1614986613
|move|p2a: Claydol|Toxic|p1a: Aromatisse
|-status|p1a: Aromatisse|tox
|move|p1a: Aromatisse|Wish|p1a: Aromatisse
|
|-heal|p2a: Claydol|92/100|[from] item: Leftovers
|-heal|p1a: Aromatisse|100/100 tox|[from] item: Leftovers
|-damage|p1a: Aromatisse|94/100 tox|[from] psn
|upkeep
|turn|23
|
|t:|1614986617
|switch|p2a: Aggron|Aggron, M|82/100
|switch|p1a: Weezing|Weezing, F|56/100
|-damage|p1a: Weezing|44/100|[from] Stealth Rock
|
|-heal|p1a: Weezing|100/100|[from] move: Wish|[wisher] Aromatisse
|upkeep
|turn|24
|
|t:|1614986620
|move|p2a: Aggron|Head Smash|p1a: Weezing
|-damage|p1a: Weezing|28/100
|-damage|p2a: Aggron|66/100|[from] item: Rocky Helmet|[of] p1a: Weezing
|move|p1a: Weezing|Flamethrower|p2a: Aggron
|-damage|p2a: Aggron|31/100
|
|upkeep
|turn|25
|
|t:|1614986624
|move|p2a: Aggron|Head Smash|p1a: Weezing
|-damage|p1a: Weezing|0 fnt
|-damage|p2a: Aggron|15/100|[from] item: Rocky Helmet|[of] p1a: Weezing
|faint|p1a: Weezing
|
|upkeep
|
|t:|1614986646
|switch|p1a: Archeops|Archeops, M|100/100
|turn|26
|
|t:|1614986651
|switch|p2a: Silvally|Silvally-Fairy|30/100
|move|p1a: Archeops|Dual Wingbeat|p2a: Silvally
|-damage|p2a: Silvally|4/100
|-damage|p2a: Silvally|0 fnt
|-hitcount|p2a: Silvally|2
|faint|p2a: Silvally
|
|upkeep
|
|t:|1614986653
|switch|p2a: Vaporeon|Vaporeon, M|82/100
|turn|27
|
|t:|1614986663
|move|p1a: Archeops|U-turn|p2a: Vaporeon
|-damage|p2a: Vaporeon|63/100
|
|t:|1614986663
|switch|p1a: Aromatisse|Aromatisse, F|94/100 tox|[from]move: U-turn
|-damage|p1a: Aromatisse|82/100 tox|[from] Stealth Rock
|move|p2a: Vaporeon|Wish|p2a: Vaporeon
|
|-heal|p2a: Vaporeon|69/100|[from] item: Leftovers
|-heal|p1a: Aromatisse|88/100 tox|[from] item: Leftovers
|-damage|p1a: Aromatisse|82/100 tox|[from] psn
|upkeep
|turn|28
|
|t:|1614986667
|move|p2a: Vaporeon|Flip Turn|p1a: Aromatisse
|-damage|p1a: Aromatisse|68/100 tox
|
|t:|1614986670
|switch|p2a: Aggron|Aggron, M|15/100|[from]move: Flip Turn
|move|p1a: Aromatisse|Moonblast|p2a: Aggron
|-resisted|p2a: Aggron
|-damage|p2a: Aggron|0 fnt
|faint|p2a: Aggron
|
|-heal|p1a: Aromatisse|74/100 tox|[from] item: Leftovers
|-damage|p1a: Aromatisse|62/100 tox|[from] psn
|upkeep
|
|t:|1614986675
|switch|p2a: Scyther|Scyther, M|73/100
|turn|29
|
|t:|1614986678
|switch|p1a: Coalossal|Coalossal, M|84/100
|-damage|p1a: Coalossal|59/100|[from] Stealth Rock
|move|p2a: Scyther|Dual Wingbeat|p1a: Coalossal
|-resisted|p1a: Coalossal
|-damage|p1a: Coalossal|52/100
|-resisted|p1a: Coalossal
|-damage|p1a: Coalossal|45/100
|-hitcount|p1a: Coalossal|2
|
|upkeep
|turn|30
|
|t:|1614986683
|switch|p2a: Claydol|Claydol|92/100
|move|p1a: Coalossal|Rapid Spin|p2a: Claydol
|-damage|p2a: Claydol|82/100
|-boost|p1a: Coalossal|spe|1
|-sideend|p1: ihavelowgxe|Stealth Rock|[from] move: Rapid Spin|[of] p1a: Coalossal
|
|-heal|p2a: Claydol|88/100|[from] item: Leftovers
|upkeep
|turn|31
|
|t:|1614986690
|switch|p1a: Archeops|Archeops, M|100/100
|move|p2a: Claydol|Toxic|p1a: Archeops
|-status|p1a: Archeops|tox
|
|-heal|p2a: Claydol|94/100|[from] item: Leftovers
|-damage|p1a: Archeops|94/100 tox|[from] psn
|upkeep
|turn|32
|
|t:|1614986703
|switch|p2a: Scyther|Scyther, M|73/100
|move|p1a: Archeops|U-turn|p2a: Scyther
|-resisted|p2a: Scyther
|-damage|p2a: Scyther|55/100
|
|t:|1614986714
|switch|p1a: Coalossal|Coalossal, M|45/100|[from]move: U-turn
|
|upkeep
|turn|33
|
|t:|1614986719
|move|p2a: Scyther|U-turn|p1a: Coalossal
|-resisted|p1a: Coalossal
|-damage|p1a: Coalossal|37/100
|
|t:|1614986723
|switch|p2a: Claydol|Claydol|94/100|[from]move: U-turn
|move|p1a: Coalossal|Stealth Rock|p2a: Claydol
|-sidestart|p2: Cartsoul|move: Stealth Rock
|
|-heal|p2a: Claydol|99/100|[from] item: Leftovers
|upkeep
|turn|34
|
|t:|1614986726
|switch|p1a: Aromatisse|Aromatisse, F|62/100 tox
|move|p2a: Claydol|Rapid Spin|p1a: Aromatisse
|-damage|p1a: Aromatisse|54/100 tox
|-boost|p2a: Claydol|spe|1
|-sideend|p2: Cartsoul|Stealth Rock|[from] move: Rapid Spin|[of] p2a: Claydol
|
|-heal|p2a: Claydol|100/100|[from] item: Leftovers
|-heal|p1a: Aromatisse|60/100 tox|[from] item: Leftovers
|-damage|p1a: Aromatisse|54/100 tox|[from] psn
|upkeep
|turn|35
|
|t:|1614986731
|move|p2a: Claydol|Stealth Rock|p1a: Aromatisse
|-sidestart|p1: ihavelowgxe|move: Stealth Rock
|move|p1a: Aromatisse|Heal Bell|p1a: Aromatisse
|-activate|p1a: Aromatisse|move: Heal Bell
|-curestatus|p1a: Aromatisse|tox|[msg]
|-curestatus|p1: Archeops|tox|[msg]
|
|-heal|p1a: Aromatisse|60/100|[from] item: Leftovers
|upkeep
|turn|36
|
|t:|1614986734
|move|p2a: Claydol|Toxic|p1a: Aromatisse
|-status|p1a: Aromatisse|tox
|move|p1a: Aromatisse|Wish|p1a: Aromatisse
|
|-heal|p1a: Aromatisse|66/100 tox|[from] item: Leftovers
|-damage|p1a: Aromatisse|60/100 tox|[from] psn
|upkeep
|turn|37
|
|t:|1614986737
|move|p2a: Claydol|Scorching Sands|p1a: Aromatisse
|-damage|p1a: Aromatisse|49/100 tox
|move|p1a: Aromatisse|Heal Bell|p1a: Aromatisse
|-activate|p1a: Aromatisse|move: Heal Bell
|-curestatus|p1a: Aromatisse|tox|[msg]
|
|-heal|p1a: Aromatisse|99/100|[from] move: Wish|[wisher] Aromatisse
|-heal|p1a: Aromatisse|100/100|[from] item: Leftovers
|upkeep
|turn|38
|
|t:|1614986744
|switch|p1a: Archeops|Archeops, M|94/100
|move|p2a: Claydol|Toxic|p1a: Archeops
|-status|p1a: Archeops|tox
|
|-damage|p1a: Archeops|88/100 tox|[from] psn
|upkeep
|turn|39
|
|t:|1614986751
|switch|p2a: Scyther|Scyther, M|55/100
|move|p1a: Archeops|U-turn|p2a: Scyther
|-resisted|p2a: Scyther
|-damage|p2a: Scyther|36/100
|
|t:|1614986753
|switch|p1a: Aromatisse|Aromatisse, F|100/100|[from]move: U-turn
|-damage|p1a: Aromatisse|88/100|[from] Stealth Rock
|
|-heal|p1a: Aromatisse|94/100|[from] item: Leftovers
|upkeep
|turn|40
|
|t:|1614986756
|move|p2a: Scyther|Dual Wingbeat|p1a: Aromatisse
|-damage|p1a: Aromatisse|61/100
|-damage|p1a: Aromatisse|33/100
|-hitcount|p1a: Aromatisse|2
|move|p1a: Aromatisse|Moonblast|p2a: Scyther
|-damage|p2a: Scyther|0 fnt
|faint|p2a: Scyther
|
|-heal|p1a: Aromatisse|39/100|[from] item: Leftovers
|upkeep
|
|t:|1614986760
|switch|p2a: Vanilluxe|Vanilluxe, M|100/100
|-weather|Hail|[from] ability: Snow Warning|[of] p2a: Vanilluxe
|turn|41
|
|t:|1614986763
|move|p1a: Aromatisse|Protect|p1a: Aromatisse
|-singleturn|p1a: Aromatisse|Protect
|move|p2a: Vanilluxe|Blizzard|p1a: Aromatisse
|-activate|p1a: Aromatisse|move: Protect
|
|-weather|Hail|[upkeep]
|-damage|p1a: Aromatisse|33/100|[from] Hail
|-heal|p1a: Aromatisse|39/100|[from] item: Leftovers
|upkeep
|turn|42
|
|t:|1614986774
|move|p2a: Vanilluxe|Blizzard|p1a: Aromatisse
|-damage|p1a: Aromatisse|0 fnt
|-damage|p2a: Vanilluxe|91/100|[from] item: Life Orb
|faint|p1a: Aromatisse
|
|-weather|Hail|[upkeep]
|upkeep
|
|t:|1614986775
|switch|p1a: Archeops|Archeops, M|88/100 tox
|turn|43
|
|t:|1614986779
|move|p1a: Archeops|Stone Edge|p2a: Vanilluxe
|-supereffective|p2a: Vanilluxe
|-damage|p2a: Vanilluxe|0 fnt
|faint|p2a: Vanilluxe
|
|-weather|Hail|[upkeep]
|-damage|p1a: Archeops|82/100 tox|[from] Hail
|-damage|p1a: Archeops|76/100 tox|[from] psn
|upkeep
|
|t:|1614986781
|switch|p2a: Vaporeon|Vaporeon, M|69/100
|turn|44
|
|t:|1614986784
|move|p1a: Archeops|U-turn|p2a: Vaporeon
|-damage|p2a: Vaporeon|51/100
|
|t:|1614986785
|switch|p1a: Coalossal|Coalossal, M|37/100|[from]move: U-turn
|-damage|p1a: Coalossal|12/100|[from] Stealth Rock
|move|p2a: Vaporeon|Wish|p2a: Vaporeon
|
|-weather|Hail|[upkeep]
|-damage|p2a: Vaporeon|45/100|[from] Hail
|-damage|p1a: Coalossal|6/100|[from] Hail
|-heal|p2a: Vaporeon|51/100|[from] item: Leftovers
|upkeep
|turn|45
|
|t:|1614986788
|move|p2a: Vaporeon|Scald|p1a: Coalossal
|-supereffective|p1a: Coalossal
|-damage|p1a: Coalossal|0 fnt
|faint|p1a: Coalossal
|
|-weather|none
|-heal|p2a: Vaporeon|100/100|[from] move: Wish|[wisher] Vaporeon
|upkeep
|-message|ihavelowgxe forfeited.
|
|win|Cartsoul
|l|☆ihavelowgxe
