|j|☆allstarapology
|j|☆Xan Frank
|player|p1|allstarapology|pokemonbreederf|1330
|player|p2|Xan Frank|maylene|1185
|teamsize|p1|6
|teamsize|p2|6
|gametype|singles
|gen|8
|tier|[Gen 8] PU
|rated|
|clearpoke
|poke|p1|Thievul, F|
|poke|p1|Palpitoad, M|
|poke|p1|Throh, M|
|poke|p1|Togetic, M|
|poke|p1|Type: Null|
|poke|p1|Mr. Mime-Galar, M|
|poke|p2|Seaking, F|
|poke|p2|Meowstic, M|
|poke|p2|Whiscash, M|
|poke|p2|Vespiquen, F|
|poke|p2|Bronzor|
|poke|p2|Persian, M|
|rule|Sleep Clause Mod: Limit one foe put to sleep
|rule|Species Clause: Limit one of each Pokémon
|rule|OHKO Clause: OHKO moves are banned
|rule|Evasion Moves Clause: Evasion moves are banned
|rule|Endless Battle Clause: Forcing endless battles is banned
|rule|HP Percentage Mod: HP is shown in percentages
|rule|Dynamax Clause: You cannot dynamax
|teampreview
|
|start
|switch|p1a: Thievul|Thievul, F|100/100
|switch|p2a: Persian|Persian, M|100/100
|turn|1
|
|switch|p1a: Palpitoad|Palpitoad, M|100/100
|move|p2a: Persian|Fake Out|p1a: Palpitoad
|-damage|p1a: Palpitoad|84/100
|
|upkeep
|turn|2
|
|move|p2a: Persian|Knock Off|p1a: Palpitoad
|-damage|p1a: Palpitoad|68/100
|-enditem|p1a: Palpitoad|Eviolite|[from] move: Knock Off|[of] p2a: Persian
|move|p1a: Palpitoad|Stealth Rock|p2a: Persian
|-sidestart|p2: Xan Frank|move: Stealth Rock
|
|upkeep
|turn|3
|inactive|Battle timer is ON: inactive players will automatically lose when time's up. (requested by Xan Frank)
|
|move|p2a: Persian|Covet|p1a: Palpitoad
|-damage|p1a: Palpitoad|30/100
|move|p1a: Palpitoad|Toxic|p2a: Persian
|-status|p2a: Persian|tox
|
|-damage|p2a: Persian|95/100 tox|[from] psn
|upkeep
|turn|4
|
|switch|p1a: Type: Null|Type: Null|100/100
|move|p2a: Persian|Covet|p1a: Type: Null
|-damage|p1a: Type: Null|78/100
|
|-damage|p2a: Persian|83/100 tox|[from] psn
|upkeep
|turn|5
|j| GeneralAnnoyance
|l| GeneralAnnoyance
|
|switch|p1a: Palpitoad|Palpitoad, M|30/100
|move|p2a: Persian|U-turn|p1a: Palpitoad
|-damage|p1a: Palpitoad|13/100
|
|switch|p2a: Vespiquen|Vespiquen, F|100/100|[from]move: U-turn
|-ability|p2a: Vespiquen|Pressure
|
|upkeep
|turn|6
|inactive|allstarapology has 120 seconds left.
|
|move|p2a: Vespiquen|Attack Order|p1a: Palpitoad
|-damage|p1a: Palpitoad|0 fnt
|faint|p1a: Palpitoad
|
|upkeep
|
|switch|p1a: Mr. Mime|Mr. Mime-Galar, M|100/100
|turn|7
|j| scarf lanturn
|
|switch|p1a: Throh|Throh, M|100/100
|switch|p2a: Bronzor|Bronzor|100/100
|-damage|p2a: Bronzor|95/100|[from] Stealth Rock
|
|-status|p1a: Throh|brn|[from] item: Flame Orb
|upkeep
|turn|8
|
|move|p1a: Throh|Knock Off|p2a: Bronzor
|-supereffective|p2a: Bronzor
|-damage|p2a: Bronzor|17/100
|-enditem|p2a: Bronzor|Eviolite|[from] move: Knock Off|[of] p1a: Throh
|move|p2a: Bronzor|Stealth Rock|p1a: Throh
|-sidestart|p1: allstarapology|move: Stealth Rock
|
|-damage|p1a: Throh|94/100 brn|[from] brn
|upkeep
|turn|9
|
|move|p1a: Throh|Knock Off|p2a: Bronzor
|-supereffective|p2a: Bronzor
|-damage|p2a: Bronzor|0 fnt
|faint|p2a: Bronzor
|
|-damage|p1a: Throh|88/100 brn|[from] brn
|upkeep
|
|switch|p2a: Meowstic|Meowstic, M|100/100
|-damage|p2a: Meowstic|88/100|[from] Stealth Rock
|turn|10
|
|switch|p1a: Type: Null|Type: Null|78/100
|-damage|p1a: Type: Null|66/100|[from] Stealth Rock
|move|p2a: Meowstic|Psychic|p1a: Type: Null
|-damage|p1a: Type: Null|47/100
|-damage|p2a: Meowstic|78/100|[from] item: Life Orb
|
|upkeep
|turn|11
|
|move|p2a: Meowstic|Thunder Wave|p1a: Type: Null
|-status|p1a: Type: Null|par
|cant|p1a: Type: Null|par
|
|upkeep
|turn|12
|
|switch|p2a: Vespiquen|Vespiquen, F|100/100
|-ability|p2a: Vespiquen|Pressure
|move|p1a: Type: Null|Rest|p1a: Type: Null
|-status|p1a: Type: Null|slp|[from] move: Rest
|-heal|p1a: Type: Null|100/100 slp|[silent]
|
|upkeep
|turn|13
|
|move|p2a: Vespiquen|U-turn|p1a: Type: Null
|-damage|p1a: Type: Null|88/100 slp
|
|switch|p2a: Whiscash|Whiscash, M|100/100|[from]move: U-turn
|-damage|p2a: Whiscash|94/100|[from] Stealth Rock
|cant|p1a: Type: Null|slp
|move|p1a: Type: Null|Sleep Talk|p1a: Type: Null
|move|p1a: Type: Null|Crush Claw|p2a: Whiscash|[from]Sleep Talk
|-damage|p2a: Whiscash|63/100
|-unboost|p2a: Whiscash|def|1
|
|upkeep
|turn|14
|
|move|p2a: Whiscash|Dragon Dance|p2a: Whiscash
|-boost|p2a: Whiscash|atk|1
|-boost|p2a: Whiscash|spe|1
|cant|p1a: Type: Null|slp
|move|p1a: Type: Null|Sleep Talk|p1a: Type: Null
|move|p1a: Type: Null|Rest|p1a: Type: Null|[from]Sleep Talk
|-fail|p1a: Type: Null
|
|upkeep
|turn|15
|
|move|p2a: Whiscash|Earthquake|p1a: Type: Null
|-damage|p1a: Type: Null|41/100 slp
|-damage|p2a: Whiscash|53/100|[from] item: Life Orb
|-curestatus|p1a: Type: Null|slp|[msg]
|move|p1a: Type: Null|U-turn|p2a: Whiscash
|-damage|p2a: Whiscash|23/100
|
|switch|p1a: Mr. Mime|Mr. Mime-Galar, M|100/100|[from]move: U-turn
|-damage|p1a: Mr. Mime|76/100|[from] Stealth Rock
|
|upkeep
|turn|16
|
|move|p1a: Mr. Mime|Ice Beam|p2a: Whiscash
|-damage|p2a: Whiscash|0 fnt
|faint|p2a: Whiscash
|
|upkeep
|
|switch|p2a: Seaking|Seaking, F|100/100
|-damage|p2a: Seaking|88/100|[from] Stealth Rock
|turn|17
|inactive|allstarapology has 120 seconds left.
|c|☆Xan Frank|please never use thise
|c|☆allstarapology|ok
|
|switch|p1a: Togetic|Togetic, M|100/100
|-damage|p1a: Togetic|76/100|[from] Stealth Rock
|move|p2a: Seaking|Flip Turn|p1a: Togetic
|-damage|p1a: Togetic|49/100
|c|☆Xan Frank|some people have dirty uncles and are traumatized
|
|switch|p2a: Persian|Persian, M|83/100 tox|[from]move: Flip Turn
|-damage|p2a: Persian|71/100 tox|[from] Stealth Rock
|
|-damage|p2a: Persian|65/100 tox|[from] psn
|upkeep
|turn|18
|j| t-yeu
|c|☆allstarapology|thank god for ignore opponent option
|
|move|p2a: Persian|Fake Out|p1a: Togetic
|-damage|p1a: Togetic|32/100
|cant|p1a: Togetic|flinch
|
|-damage|p2a: Persian|53/100 tox|[from] psn
|upkeep
|turn|19
|
|move|p2a: Persian|Covet|p1a: Togetic
|-damage|p1a: Togetic|10/100
|move|p1a: Togetic|Roost|p1a: Togetic
|-heal|p1a: Togetic|60/100
|-singleturn|p1a: Togetic|move: Roost
|
|-damage|p2a: Persian|35/100 tox|[from] psn
|upkeep
|turn|20
|
|move|p2a: Persian|Knock Off|p1a: Togetic
|-resisted|p1a: Togetic
|-damage|p1a: Togetic|54/100
|-enditem|p1a: Togetic|Eviolite|[from] move: Knock Off|[of] p2a: Persian
|move|p1a: Togetic|Roost|p1a: Togetic
|-heal|p1a: Togetic|100/100
|-singleturn|p1a: Togetic|move: Roost
|
|-damage|p2a: Persian|12/100 tox|[from] psn
|upkeep
|turn|21
|
|move|p2a: Persian|Covet|p1a: Togetic
|-damage|p1a: Togetic|66/100
|move|p1a: Togetic|Roost|p1a: Togetic
|-heal|p1a: Togetic|100/100
|-singleturn|p1a: Togetic|move: Roost
|
|-damage|p2a: Persian|0 fnt|[from] psn
|faint|p2a: Persian
|upkeep
|
|switch|p2a: Meowstic|Meowstic, M|78/100
|-damage|p2a: Meowstic|66/100|[from] Stealth Rock
|turn|22
|
|move|p2a: Meowstic|Thunderbolt|p1a: Togetic
|-supereffective|p1a: Togetic
|-damage|p1a: Togetic|38/100
|-damage|p2a: Meowstic|56/100|[from] item: Life Orb
|move|p1a: Togetic|Defog|p2a: Meowstic
|-unboost|p2a: Meowstic|evasion|1
|-sideend|p2: Xan Frank|Stealth Rock|[from] move: Defog|[of] p1a: Togetic
|-sideend|p1: allstarapology|Stealth Rock|[from] move: Defog|[of] p1a: Togetic
|
|upkeep
|turn|23
|
|move|p2a: Meowstic|Thunderbolt|p1a: Togetic
|-supereffective|p1a: Togetic
|-damage|p1a: Togetic|0 fnt
|-damage|p2a: Meowstic|47/100|[from] item: Life Orb
|faint|p1a: Togetic
|
|upkeep
|
|switch|p1a: Type: Null|Type: Null|41/100
|turn|24
|
|move|p2a: Meowstic|Rain Dance|p2a: Meowstic
|-weather|RainDance
|move|p1a: Type: Null|U-turn|p2a: Meowstic
|-supereffective|p2a: Meowstic
|-crit|p2a: Meowstic
|-damage|p2a: Meowstic|0 fnt
|faint|p2a: Meowstic
|
|switch|p1a: Thievul|Thievul, F|100/100|[from]move: U-turn
|
|-weather|RainDance|[upkeep]
|upkeep
|
|switch|p2a: Seaking|Seaking, F|88/100
|turn|25
|
|move|p2a: Seaking|Waterfall|p1a: Thievul
|-damage|p1a: Thievul|0 fnt
|faint|p1a: Thievul
|
|-weather|RainDance|[upkeep]
|upkeep
|
|switch|p1a: Type: Null|Type: Null|41/100
|turn|26
|
|move|p2a: Seaking|Waterfall|p1a: Type: Null
|-damage|p1a: Type: Null|0 fnt
|faint|p1a: Type: Null
|
|-weather|RainDance|[upkeep]
|upkeep
|
|switch|p1a: Throh|Throh, M|88/100 brn
|turn|27
|
|move|p2a: Seaking|Waterfall|p1a: Throh
|-damage|p1a: Throh|12/100 brn
|move|p1a: Throh|Superpower|p2a: Seaking
|-damage|p2a: Seaking|0 fnt
|-unboost|p1a: Throh|atk|1
|-unboost|p1a: Throh|def|1
|faint|p2a: Seaking
|
|-weather|RainDance|[upkeep]
|-damage|p1a: Throh|6/100 brn|[from] brn
|upkeep
|
|switch|p2a: Vespiquen|Vespiquen, F|100/100
|-ability|p2a: Vespiquen|Pressure
|turn|28
|
|switch|p1a: Mr. Mime|Mr. Mime-Galar, M|76/100
|move|p2a: Vespiquen|Attack Order|p1a: Mr. Mime
|-supereffective|p1a: Mr. Mime
|-damage|p1a: Mr. Mime|0 fnt
|faint|p1a: Mr. Mime
|
|-weather|none
|upkeep
|
|switch|p1a: Throh|Throh, M|6/100 brn
|turn|29
|
|move|p2a: Vespiquen|Attack Order|p1a: Throh
|-resisted|p1a: Throh
|-damage|p1a: Throh|0 fnt
|faint|p1a: Throh
|
|win|Xan Frank
|l|☆allstarapology
|l| scarf lanturn
|raw|allstarapology's rating: 1307 &rarr; <strong>1280</strong><br />(-27 for losing)
|raw|Xan Frank's rating: 1185 &rarr; <strong>1218</strong><br />(+33 for winning)
|l| t-yeu
|l|☆Xan Frank
|j|☆Xan Frank
|player|p2|Xan Frank|maylene
