|j|☆thedazedturtle
|j|☆cafay sen sukr
|t:|1642982161
|gametype|singles
|player|p1|thedazedturtle|102|1257
|player|p2|cafay sen sukr|swimmer-gen4dp|1570
|teamsize|p1|6
|teamsize|p2|6
|gen|8
|tier|[Gen 8] PU
|rated|
|rule|Sleep Clause Mod: Limit one foe put to sleep
|rule|Species Clause: Limit one of each Pokémon
|rule|OHKO Clause: OHKO moves are banned
|rule|Evasion Moves Clause: Evasion moves are banned
|rule|Endless Battle Clause: Forcing endless battles is banned
|rule|HP Percentage Mod: HP is shown in percentages
|rule|Dynamax Clause: You cannot dynamax
|clearpoke
|poke|p1|Rotom|
|poke|p1|Qwilfish, M|
|poke|p1|Articuno-Galar|
|poke|p1|Scrafty, M|
|poke|p1|Eldegoss, M|
|poke|p1|Boltund, M|
|poke|p2|Glastrier|
|poke|p2|Regirock|
|poke|p2|Lanturn, M|
|poke|p2|Espeon, F|
|poke|p2|Gourgeist-*, F|
|poke|p2|Togedemaru, F|
|teampreview
|
|t:|1642982193
|start
|switch|p1a: Rotom|Rotom|100/100
|switch|p2a: Regirock|Regirock|100/100
|turn|1
|
|t:|1642982199
|move|p1a: Rotom|Volt Switch|p2a: Regirock
|-damage|p2a: Regirock|58/100
|
|t:|1642982204
|switch|p1a: Eldegoss|Eldegoss, M|100/100|[from]move: Volt Switch
|move|p2a: Regirock|Stealth Rock|p1a: Eldegoss
|-sidestart|p1: thedazedturtle|move: Stealth Rock
|
|-heal|p2a: Regirock|65/100|[from] item: Leftovers
|upkeep
|turn|2
|
|t:|1642982216
|switch|p1a: Scrafty|Scrafty, M|100/100
|-damage|p1a: Scrafty|95/100|[from] Stealth Rock
|move|p2a: Regirock|Toxic|p1a: Scrafty|[miss]
|-miss|p2a: Regirock|p1a: Scrafty
|
|-heal|p1a: Scrafty|100/100|[from] item: Leftovers
|-heal|p2a: Regirock|71/100|[from] item: Leftovers
|upkeep
|turn|3
|
|t:|1642982226
|move|p1a: Scrafty|Dragon Dance|p1a: Scrafty
|-boost|p1a: Scrafty|atk|1
|-boost|p1a: Scrafty|spe|1
|move|p2a: Regirock|Body Press|p1a: Scrafty
|-supereffective|p1a: Scrafty
|-damage|p1a: Scrafty|13/100
|
|-heal|p1a: Scrafty|19/100|[from] item: Leftovers
|-heal|p2a: Regirock|77/100|[from] item: Leftovers
|upkeep
|turn|4
|
|t:|1642982245
|move|p1a: Scrafty|Drain Punch|p2a: Regirock
|-supereffective|p2a: Regirock
|-damage|p2a: Regirock|35/100
|-heal|p1a: Scrafty|46/100|[from] drain|[of] p2a: Regirock
|move|p2a: Regirock|Body Press|p1a: Scrafty
|-supereffective|p1a: Scrafty
|-damage|p1a: Scrafty|0 fnt
|faint|p1a: Scrafty
|
|-heal|p2a: Regirock|41/100|[from] item: Leftovers
|upkeep
|
|t:|1642982257
|switch|p1a: Eldegoss|Eldegoss, M|100/100
|turn|5
|
|t:|1642982262
|switch|p2a: Togedemaru|Togedemaru, F|100/100
|move|p1a: Eldegoss|Rapid Spin|p2a: Togedemaru
|-resisted|p2a: Togedemaru
|-damage|p2a: Togedemaru|96/100
|-boost|p1a: Eldegoss|spe|1
|-damage|p1a: Eldegoss|88/100|[from] ability: Iron Barbs|[of] p2a: Togedemaru
|-sideend|p1: thedazedturtle|Stealth Rock|[from] move: Rapid Spin|[of] p1a: Eldegoss
|
|-heal|p2a: Togedemaru|100/100|[from] item: Leftovers
|upkeep
|turn|6
|
|t:|1642982279
|move|p1a: Eldegoss|Giga Drain|p2a: Togedemaru
|-resisted|p2a: Togedemaru
|-damage|p2a: Togedemaru|91/100
|-heal|p1a: Eldegoss|93/100|[from] drain|[of] p2a: Togedemaru
|move|p2a: Togedemaru|Wish|p2a: Togedemaru
|
|-heal|p2a: Togedemaru|97/100|[from] item: Leftovers
|upkeep
|turn|7
|
|t:|1642982291
|switch|p1a: Qwilfish|Qwilfish, M|100/100
|-ability|p1a: Qwilfish|Intimidate|boost
|-unboost|p2a: Togedemaru|atk|1
|move|p2a: Togedemaru|U-turn|p1a: Qwilfish
|-resisted|p1a: Qwilfish
|-damage|p1a: Qwilfish|96/100
|
|t:|1642982294
|switch|p2a: Regirock|Regirock|41/100|[from]move: U-turn
|
|-heal|p2a: Regirock|87/100|[from] move: Wish|[wisher] Togedemaru
|-heal|p1a: Qwilfish|100/100|[from] item: Black Sludge
|-heal|p2a: Regirock|93/100|[from] item: Leftovers
|upkeep
|turn|8
|
|t:|1642982308
|switch|p2a: Lanturn|Lanturn, M|100/100
|move|p1a: Qwilfish|Taunt|p2a: Lanturn
|-start|p2a: Lanturn|move: Taunt
|
|upkeep
|turn|9
|
|t:|1642982323
|switch|p1a: Eldegoss|Eldegoss, M|100/100
|move|p2a: Lanturn|Volt Switch|p1a: Eldegoss
|-resisted|p1a: Eldegoss
|-damage|p1a: Eldegoss|90/100
|
|t:|1642982330
|switch|p2a: Glastrier|Glastrier|100/100|[from]move: Volt Switch
|
|upkeep
|turn|10
|
|t:|1642982345
|switch|p1a: Qwilfish|Qwilfish, M|100/100
|-ability|p1a: Qwilfish|Intimidate|boost
|-unboost|p2a: Glastrier|atk|1
|switch|p2a: Espeon|Espeon, F|100/100
|
|upkeep
|turn|11
|
|t:|1642982353
|switch|p1a: Articuno|Articuno-Galar|100/100
|move|p2a: Espeon|Calm Mind|p2a: Espeon
|-boost|p2a: Espeon|spa|1
|-boost|p2a: Espeon|spd|1
|
|upkeep
|turn|12
|
|t:|1642982361
|move|p2a: Espeon|Shadow Ball|p1a: Articuno
|-supereffective|p1a: Articuno
|-damage|p1a: Articuno|29/100
|-damage|p2a: Espeon|91/100|[from] item: Life Orb
|move|p1a: Articuno|U-turn|p2a: Espeon
|-supereffective|p2a: Espeon
|-damage|p2a: Espeon|46/100
|
|t:|1642982368
|switch|p1a: Boltund|Boltund, M, shiny|100/100|[from]move: U-turn
|
|upkeep
|turn|13
|
|t:|1642982375
|switch|p2a: Regirock|Regirock|93/100
|move|p1a: Boltund|Play Rough|p2a: Regirock
|-damage|p2a: Regirock|78/100
|
|-heal|p2a: Regirock|84/100|[from] item: Leftovers
|upkeep
|turn|14
|
|t:|1642982389
|switch|p1a: Eldegoss|Eldegoss, M|100/100
|move|p2a: Regirock|Stealth Rock|p1a: Eldegoss
|-sidestart|p1: thedazedturtle|move: Stealth Rock
|
|-heal|p2a: Regirock|90/100|[from] item: Leftovers
|upkeep
|turn|15
|
|t:|1642982402
|switch|p1a: Rotom|Rotom|100/100
|-damage|p1a: Rotom|88/100|[from] Stealth Rock
|move|p2a: Regirock|Toxic|p1a: Rotom
|-status|p1a: Rotom|tox
|
|-heal|p2a: Regirock|96/100|[from] item: Leftovers
|-damage|p1a: Rotom|82/100 tox|[from] psn
|upkeep
|turn|16
|
|t:|1642982414
|switch|p2a: Lanturn|Lanturn, M|100/100
|move|p1a: Rotom|Volt Switch|p2a: Lanturn
|-immune|p2a: Lanturn|[from] ability: Volt Absorb
|
|-damage|p1a: Rotom|69/100 tox|[from] psn
|upkeep
|turn|17
|
|t:|1642982425
|switch|p1a: Eldegoss|Eldegoss, M|100/100
|move|p2a: Lanturn|Toxic|p1a: Eldegoss
|-status|p1a: Eldegoss|tox
|
|-damage|p1a: Eldegoss|94/100 tox|[from] psn
|upkeep
|turn|18
|
|t:|1642982433
|switch|p2a: Gourgeist|Gourgeist-Small, F|100/100
|-item|p1a: Eldegoss|Heavy-Duty Boots|[from] ability: Frisk|[of] p2a: Gourgeist|[identify]
|move|p1a: Eldegoss|Aromatherapy|p1a: Eldegoss
|-activate|p1a: Eldegoss|move: Aromatherapy
|-curestatus|p1a: Eldegoss|tox|[msg]
|-curestatus|p1: Rotom|tox|[msg]
|
|upkeep
|turn|19
|
|t:|1642982444
|switch|p1a: Qwilfish|Qwilfish, M|100/100
|-damage|p1a: Qwilfish|88/100|[from] Stealth Rock
|-ability|p1a: Qwilfish|Intimidate|boost
|-unboost|p2a: Gourgeist|atk|1
|move|p2a: Gourgeist|Poltergeist|p1a: Qwilfish
|-activate|p1a: Qwilfish|move: Poltergeist|Black Sludge
|-damage|p1a: Qwilfish|56/100
|-damage|p2a: Gourgeist|91/100|[from] item: Life Orb
|
|-heal|p1a: Qwilfish|62/100|[from] item: Black Sludge
|upkeep
|turn|20
|
|t:|1642982459
|move|p2a: Gourgeist|Power Whip|p1a: Qwilfish
|-damage|p1a: Qwilfish|29/100
|-damage|p2a: Gourgeist|81/100|[from] item: Life Orb
|move|p1a: Qwilfish|Poison Jab|p2a: Gourgeist
|-damage|p2a: Gourgeist|47/100
|
|-heal|p1a: Qwilfish|35/100|[from] item: Black Sludge
|upkeep
|turn|21
|
|t:|1642982469
|move|p2a: Gourgeist|Power Whip|p1a: Qwilfish
|-damage|p1a: Qwilfish|0 fnt
|faint|p1a: Qwilfish
|-damage|p2a: Gourgeist|37/100|[from] item: Life Orb
|
|upkeep
|
|t:|1642982486
|switch|p1a: Rotom|Rotom|69/100
|-damage|p1a: Rotom|57/100|[from] Stealth Rock
|turn|22
|
|t:|1642982496
|switch|p2a: Lanturn|Lanturn, M|100/100
|move|p1a: Rotom|Hex|p2a: Lanturn
|-damage|p2a: Lanturn|68/100
|
|-heal|p2a: Lanturn|74/100|[from] item: Leftovers
|upkeep
|turn|23
|
|t:|1642982504
|switch|p1a: Eldegoss|Eldegoss, M|100/100
|move|p2a: Lanturn|Volt Switch|p1a: Eldegoss
|-resisted|p1a: Eldegoss
|-damage|p1a: Eldegoss|90/100
|
|t:|1642982509
|switch|p2a: Glastrier|Glastrier|100/100|[from]move: Volt Switch
|
|upkeep
|turn|24
|-message|thedazedturtle forfeited.
|
|win|cafay sen sukr
|raw|thedazedturtle's rating: 1257 &rarr; <strong>1250</strong><br />(-7 for losing)
|raw|cafay sen sukr's rating: 1570 &rarr; <strong>1576</strong><br />(+6 for winning)
|l|☆thedazedturtle
