|j|☆Dolanator50000
|j|☆JoJo Reference #11
|t:|1666496876
|gametype|singles
|player|p1|Dolanator50000|169|1162
|player|p2|JoJo Reference #11|2|1315
|teamsize|p1|6
|teamsize|p2|6
|gen|8
|tier|[Gen 8] PU
|rated|
|rule|Sleep Clause Mod: Limit one foe put to sleep
|rule|Species Clause: Limit one of each Pokémon
|rule|OHKO Clause: OHKO moves are banned
|rule|Evasion Items Clause: Evasion items are banned
|rule|Evasion Moves Clause: Evasion moves are banned
|rule|Endless Battle Clause: Forcing endless battles is banned
|rule|HP Percentage Mod: HP is shown in percentages
|rule|Dynamax Clause: You cannot dynamax
|clearpoke
|poke|p1|Centiskorch, M|
|poke|p1|Druddigon, M|
|poke|p1|Cradily, F|
|poke|p1|Carracosta, F|
|poke|p1|Ferroseed, M|
|poke|p1|Emolga, M|
|poke|p2|Regirock|
|poke|p2|Glaceon, F|
|poke|p2|Weezing, F|
|poke|p2|Eldegoss, F|
|poke|p2|Togedemaru, M|
|poke|p2|Silvally-*|
|teampreview
|
|t:|1666496893
|start
|switch|p1a: Cradily|Cradily, F|100/100
|switch|p2a: Weezing|Weezing, F|100/100
|turn|1
|inactive|Battle timer is ON: inactive players will automatically lose when time's up. (requested by Dolanator50000)
|
|t:|1666496899
|switch|p2a: Eldegoss|Eldegoss, F|100/100
|move|p1a: Cradily|Stealth Rock|p2a: Eldegoss
|-sidestart|p2: JoJo Reference #11|move: Stealth Rock
|
|upkeep
|turn|2
|
|t:|1666496905
|switch|p1a: Ferroseed|Ferroseed, M|100/100
|move|p2a: Eldegoss|Rapid Spin|p1a: Ferroseed
|-resisted|p1a: Ferroseed
|-damage|p1a: Ferroseed|98/100
|-boost|p2a: Eldegoss|spe|1
|-damage|p2a: Eldegoss|88/100|[from] ability: Iron Barbs|[of] p1a: Ferroseed
|-sideend|p2: JoJo Reference #11|Stealth Rock|[from] move: Rapid Spin|[of] p2a: Eldegoss
|
|upkeep
|turn|3
|
|t:|1666496912
|switch|p2a: Weezing|Weezing, F|100/100
|move|p1a: Ferroseed|Toxic|p2a: Weezing
|-immune|p2a: Weezing
|
|upkeep
|turn|4
|inactive|Dolanator50000 has 120 seconds left.
|
|t:|1666496947
|switch|p1a: Cradily|Cradily, F|100/100
|move|p2a: Weezing|Toxic Spikes|p1a: Cradily
|-sidestart|p1: Dolanator50000|move: Toxic Spikes
|
|upkeep
|turn|5
|inactive|Dolanator50000 has 120 seconds left.
|
|t:|1666496953
|switch|p2a: Eldegoss|Eldegoss, F|100/100
|move|p1a: Cradily|Stealth Rock|p2a: Eldegoss
|-sidestart|p2: JoJo Reference #11|move: Stealth Rock
|
|upkeep
|turn|6
|
|t:|1666496956
|switch|p1a: Emolga|Emolga, M|100/100
|move|p2a: Eldegoss|Rapid Spin|p1a: Emolga
|-damage|p1a: Emolga|88/100
|-boost|p2a: Eldegoss|spe|1
|-sideend|p2: JoJo Reference #11|Stealth Rock|[from] move: Rapid Spin|[of] p2a: Eldegoss
|
|upkeep
|turn|7
|
|t:|1666496960
|switch|p2a: Togedemaru|Togedemaru, M|100/100
|move|p1a: Emolga|Defog|p2a: Togedemaru
|-unboost|p2a: Togedemaru|evasion|1
|-sideend|p1: Dolanator50000|Toxic Spikes|[from] move: Defog|[of] p1a: Emolga
|
|upkeep
|turn|8
|
|t:|1666496970
|move|p1a: Emolga|Agility|p1a: Emolga
|-boost|p1a: Emolga|spe|2
|move|p2a: Togedemaru|U-turn|p1a: Emolga
|-resisted|p1a: Emolga
|-damage|p1a: Emolga|71/100
|
|t:|1666496973
|switch|p2a: The Glue|Regirock, shiny|100/100|[from]move: U-turn
|
|upkeep
|turn|9
|
|t:|1666496977
|move|p1a: Emolga|Electro Ball|p2a: The Glue
|-damage|p2a: The Glue|62/100
|move|p2a: The Glue|Stealth Rock|p1a: Emolga
|-sidestart|p1: Dolanator50000|move: Stealth Rock
|
|-heal|p2a: The Glue|69/100|[from] item: Leftovers
|upkeep
|turn|10
|
|t:|1666496988
|move|p1a: Emolga|Defog|p2a: The Glue
|-fail|p2a: The Glue|unboost|[from] ability: Clear Body|[of] p2a: The Glue
|-sideend|p1: Dolanator50000|Stealth Rock|[from] move: Defog|[of] p1a: Emolga
|move|p2a: The Glue|Rock Blast|p1a: Emolga
|-supereffective|p1a: Emolga
|-damage|p1a: Emolga|35/100
|-supereffective|p1a: Emolga
|-damage|p1a: Emolga|0 fnt
|faint|p1a: Emolga
|-hitcount|p1: Emolga|2
|
|-heal|p2a: The Glue|75/100|[from] item: Leftovers
|upkeep
|
|t:|1666496995
|switch|p1a: Cradily|Cradily, F|100/100
|turn|11
|
|t:|1666496997
|switch|p1a: Centiskorch|Centiskorch, M|100/100
|move|p2a: The Glue|Stealth Rock|p1a: Centiskorch
|-sidestart|p1: Dolanator50000|move: Stealth Rock
|
|-heal|p2a: The Glue|81/100|[from] item: Leftovers
|upkeep
|turn|12
|
|t:|1666497002
|move|p1a: Centiskorch|Power Whip|p2a: The Glue
|-supereffective|p2a: The Glue
|-damage|p2a: The Glue|41/100
|move|p2a: The Glue|Rock Blast|p1a: Centiskorch
|-supereffective|p1a: Centiskorch
|-damage|p1a: Centiskorch|56/100
|-supereffective|p1a: Centiskorch
|-damage|p1a: Centiskorch|14/100
|-supereffective|p1a: Centiskorch
|-damage|p1a: Centiskorch|0 fnt
|faint|p1a: Centiskorch
|-hitcount|p1: Centiskorch|3
|
|-heal|p2a: The Glue|47/100|[from] item: Leftovers
|upkeep
|
|t:|1666497006
|switch|p1a: Carracosta|Carracosta, F|100/100
|-damage|p1a: Carracosta|88/100|[from] Stealth Rock
|-item|p1a: Carracosta|Air Balloon
|turn|13
|
|t:|1666497008
|move|p2a: The Glue|Body Press|p1a: Carracosta
|-supereffective|p1a: Carracosta
|-damage|p1a: Carracosta|51/100
|-enditem|p1a: Carracosta|Air Balloon
|move|p1a: Carracosta|Liquidation|p2a: The Glue
|-supereffective|p2a: The Glue
|-damage|p2a: The Glue|6/100
|
|-heal|p2a: The Glue|12/100|[from] item: Leftovers
|upkeep
|turn|14
|
|t:|1666497012
|switch|p2a: Weezing|Weezing, F|100/100
|move|p1a: Carracosta|Liquidation|p2a: Weezing
|-crit|p2a: Weezing
|-damage|p2a: Weezing|59/100
|
|-heal|p2a: Weezing|65/100|[from] item: Black Sludge
|upkeep
|turn|15
|
|t:|1666497015
|move|p2a: Weezing|Will-O-Wisp|p1a: Carracosta
|-status|p1a: Carracosta|brn
|move|p1a: Carracosta|Liquidation|p2a: Weezing
|-crit|p2a: Weezing
|-damage|p2a: Weezing|45/100
|
|-heal|p2a: Weezing|50/100|[from] item: Black Sludge
|-damage|p1a: Carracosta|46/100 brn|[from] brn
|upkeep
|turn|16
|
|t:|1666497023
|move|p2a: Weezing|Toxic Spikes|p1a: Carracosta
|-sidestart|p1: Dolanator50000|move: Toxic Spikes
|move|p1a: Carracosta|Knock Off|p2a: Weezing
|-damage|p2a: Weezing|40/100
|-enditem|p2a: Weezing|Black Sludge|[from] move: Knock Off|[of] p1a: Carracosta
|
|-damage|p1a: Carracosta|40/100 brn|[from] brn
|upkeep
|turn|17
|-message|Dolanator50000 forfeited.
|
|win|JoJo Reference #11
|raw|Dolanator50000's rating: 1162 &rarr; <strong>1147</strong><br />(-15 for losing)
|raw|JoJo Reference #11's rating: 1315 &rarr; <strong>1327</strong><br />(+12 for winning)
|l|☆Dolanator50000
