|j|☆un vigoroth
|j|☆mystic sam
|t:|1596416439
|player|p1|un vigoroth|swimmer-gen4dp|
|player|p2|mystic sam|waiter|
|teamsize|p1|6
|teamsize|p2|6
|gametype|singles
|gen|8
|tier|[Gen 8] PU
|rated|Tournament battle
|clearpoke
|poke|p1|Ludicolo, M|
|poke|p1|Kadabra, F|
|poke|p1|Stonjourner, F|
|poke|p1|Rapidash-Galar, F|
|poke|p1|Pawniard, F|
|poke|p1|Leafeon, F|
|poke|p2|Hitmonchan, M|
|poke|p2|Raboot, M|
|poke|p2|Lycanroc-Midnight, M|
|poke|p2|Thievul, F|
|poke|p2|Morgrem, M|
|poke|p2|Drizzile, M|
|rule|Sleep Clause Mod: Limit one foe put to sleep
|rule|Species Clause: Limit one of each Pokémon
|rule|OHKO Clause: OHKO moves are banned
|rule|Evasion Moves Clause: Evasion moves are banned
|rule|Endless Battle Clause: Forcing endless battles is banned
|rule|HP Percentage Mod: HP is shown in percentages
|rule|Dynamax Clause: You cannot dynamax
|teampreview
|j|@ShuckleDeath
|c|☆un vigoroth|hf
|c|☆mystic sam|gl
|
|t:|1596416456
|start
|switch|p1a: Leafeon|Leafeon, F|100/100
|switch|p2a: Raboot|Raboot, M|100/100
|turn|1
|
|t:|1596416462
|move|p1a: Leafeon|Knock Off|p2a: Raboot
|-damage|p2a: Raboot|46/100
|-enditem|p2a: Raboot|Life Orb|[from] move: Knock Off|[of] p1a: Leafeon
|move|p2a: Raboot|Taunt|p1a: Leafeon
|-start|p2a: Raboot|typechange|Dark|[from] ability: Libero
|-start|p1a: Leafeon|move: Taunt
|
|upkeep
|turn|2
|
|t:|1596416472
|switch|p2a: Hitmonchan|Hitmonchan, M|100/100
|move|p1a: Leafeon|Leaf Blade|p2a: Hitmonchan
|-damage|p2a: Hitmonchan|33/100
|
|upkeep
|turn|3
|c|@ShuckleDeath|[Gen 8] PU	1416	75.4%	1713 ± 58	7	1	8
|
|t:|1596416480
|move|p1a: Leafeon|Leaf Blade|p2a: Hitmonchan
|-damage|p2a: Hitmonchan|0 fnt
|faint|p2a: Hitmonchan
|
|upkeep
|c|@ShuckleDeath|un vigoroth you were the l
|c|@ShuckleDeath|:c
|c|☆un vigoroth|really o-O
|
|t:|1596416492
|switch|p2a: Morgrem|Morgrem, M|100/100
|turn|4
|c|☆un vigoroth|im sorry
|c|@ShuckleDeath|yes sir
|c|☆un vigoroth|you were on alt then
|
|t:|1596416506
|move|p2a: Morgrem|Trick|p1a: Leafeon
|-activate|p2a: Morgrem|move: Trick|[of] p1a: Leafeon
|-item|p1a: Leafeon|Iron Ball|[from] move: Trick
|-item|p2a: Morgrem|Lum Berry|[from] move: Trick
|move|p1a: Leafeon|Knock Off|p2a: Morgrem
|-resisted|p2a: Morgrem
|-damage|p2a: Morgrem|82/100
|-enditem|p2a: Morgrem|Lum Berry|[from] move: Knock Off|[of] p1a: Leafeon
|
|-end|p1a: Leafeon|move: Taunt
|upkeep
|turn|5
|c|@ShuckleDeath|yes sir
|
|t:|1596416516
|move|p2a: Morgrem|Thunder Wave|p1a: Leafeon
|-status|p1a: Leafeon|par
|move|p1a: Leafeon|Leaf Blade|p2a: Morgrem
|-damage|p2a: Morgrem|0 fnt
|faint|p2a: Morgrem
|
|upkeep
|c|☆un vigoroth|well after losing my pupl battle
|
|t:|1596416528
|switch|p2a: Raboot|Raboot, M|46/100
|turn|6
|c|☆un vigoroth|i had to ladder to win and gain confidence again
|
|t:|1596416544
|move|p2a: Raboot|Blaze Kick|p1a: Leafeon
|-supereffective|p1a: Leafeon
|-damage|p1a: Leafeon|32/100 par
|cant|p1a: Leafeon|par
|
|upkeep
|turn|7
|j| shedinjanjoe
|
|t:|1596416550
|move|p2a: Raboot|Blaze Kick|p1a: Leafeon|[miss]
|-miss|p2a: Raboot|p1a: Leafeon
|move|p1a: Leafeon|Leaf Blade|p2a: Raboot
|-resisted|p2a: Raboot
|-damage|p2a: Raboot|5/100
|
|upkeep
|turn|8
|
|t:|1596416557
|move|p2a: Raboot|Blaze Kick|p1a: Leafeon
|-supereffective|p1a: Leafeon
|-damage|p1a: Leafeon|0 fnt
|faint|p1a: Leafeon
|
|upkeep
|
|t:|1596416561
|switch|p1a: Rapidash|Rapidash-Galar, F|100/100
|turn|9
|
|t:|1596416569
|move|p1a: Rapidash|High Horsepower|p2a: Raboot
|-supereffective|p2a: Raboot
|-damage|p2a: Raboot|0 fnt
|faint|p2a: Raboot
|
|upkeep
|
|t:|1596416581
|switch|p2a: Thievul|Thievul, F|100/100
|turn|10
|c|☆un vigoroth|wut
|
|t:|1596416586
|move|p2a: Thievul|Endure|p2a: Thievul
|-singleturn|p2a: Thievul|move: Endure
|move|p1a: Rapidash|Play Rough|p2a: Thievul|[miss]
|-miss|p1a: Rapidash|p2a: Thievul
|
|upkeep
|turn|11
|c|☆un vigoroth|lmao
|c|☆un vigoroth|im so lucky
|c|☆mystic sam|dang
|
|t:|1596416599
|switch|p2a: Lycanroc|Lycanroc-Midnight, M|100/100
|move|p1a: Rapidash|Play Rough|p2a: Lycanroc
|-damage|p2a: Lycanroc|48/100
|
|upkeep
|turn|12
|
|t:|1596416605
|move|p2a: Lycanroc|Stone Edge|p1a: Rapidash
|-crit|p1a: Rapidash
|-damage|p1a: Rapidash|0 fnt
|faint|p1a: Rapidash
|
|upkeep
|
|t:|1596416612
|switch|p1a: Pawniard|Pawniard, F|100/100
|turn|13
|
|t:|1596416618
|move|p2a: Lycanroc|Stone Edge|p1a: Pawniard
|-resisted|p1a: Pawniard
|-damage|p1a: Pawniard|70/100
|move|p1a: Pawniard|Swords Dance|p1a: Pawniard
|-boost|p1a: Pawniard|atk|2
|
|upkeep
|turn|14
|
|t:|1596416624
|move|p2a: Lycanroc|Stone Edge|p1a: Pawniard
|-resisted|p1a: Pawniard
|-damage|p1a: Pawniard|43/100
|move|p1a: Pawniard|Iron Head|p2a: Lycanroc
|-supereffective|p2a: Lycanroc
|-damage|p2a: Lycanroc|0 fnt
|faint|p2a: Lycanroc
|
|upkeep
|
|t:|1596416632
|switch|p2a: Thievul|Thievul, F|100/100
|turn|15
|
|t:|1596416635
|move|p2a: Thievul|Burning Jealousy|p1a: Pawniard
|-supereffective|p1a: Pawniard
|-damage|p1a: Pawniard|0 fnt
|faint|p1a: Pawniard
|
|upkeep
|
|t:|1596416645
|switch|p1a: Stonjourner|Stonjourner, F|100/100
|turn|16
|
|t:|1596416650
|move|p2a: Thievul|Endure|p2a: Thievul
|-singleturn|p2a: Thievul|move: Endure
|move|p1a: Stonjourner|Stone Edge|p2a: Thievul
|-damage|p2a: Thievul|13/100
|-enditem|p2a: Thievul|Petaya Berry|[eat]
|-boost|p2a: Thievul|spa|1|[from] item: Petaya Berry
|
|upkeep
|turn|17
|
|t:|1596416658
|move|p2a: Thievul|Grass Knot|p1a: Stonjourner
|-supereffective|p1a: Stonjourner
|-damage|p1a: Stonjourner|0 fnt
|faint|p1a: Stonjourner
|
|upkeep
|
|t:|1596416660
|switch|p1a: Kadabra|Kadabra, F|100/100
|turn|18
|
|t:|1596416665
|move|p2a: Thievul|Dark Pulse|p1a: Kadabra
|-supereffective|p1a: Kadabra
|-enditem|p1a: Kadabra|Focus Sash
|-damage|p1a: Kadabra|1/100
|move|p1a: Kadabra|Dazzling Gleam|p2a: Thievul
|-supereffective|p2a: Thievul
|-damage|p2a: Thievul|0 fnt
|faint|p2a: Thievul
|
|upkeep
|c|☆mystic sam|dan git
|
|t:|1596416678
|switch|p2a: Drizzile|Drizzile, M|100/100
|turn|19
|
|t:|1596416681
|move|p1a: Kadabra|Psychic|p2a: Drizzile
|-damage|p2a: Drizzile|25/100
|move|p2a: Drizzile|Fling|p1a: Kadabra
|-enditem|p2a: Drizzile|Toxic Orb|[from] move: Fling
|-supereffective|p1a: Kadabra
|-damage|p1a: Kadabra|0 fnt
|faint|p1a: Kadabra
|
|upkeep
|
|t:|1596416684
|switch|p1a: Ludicolo|Ludicolo, M|100/100
|turn|20
|
|t:|1596416691
|move|p2a: Drizzile|Muddy Water|p1a: Ludicolo
|-resisted|p1a: Ludicolo
|-damage|p1a: Ludicolo|92/100
|move|p1a: Ludicolo|Energy Ball|p2a: Drizzile
|-supereffective|p2a: Drizzile
|-damage|p2a: Drizzile|0 fnt
|-damage|p1a: Ludicolo|82/100|[from] item: Life Orb
|faint|p2a: Drizzile
|
|win|un vigoroth
|c|☆un vigoroth|gg
|c|☆mystic sam|gg
|l|☆un vigoroth
