|j|☆uult1 SOMALIA
|j|☆IO3X
|player|p1|uult1 SOMALIA|#somalia|1305
|player|p2|IO3X|170|1269
|teamsize|p1|6
|teamsize|p2|6
|gametype|singles
|gen|8
|tier|[Gen 8] PU
|rated|
|clearpoke
|poke|p1|Fraxure, F|
|poke|p1|Duosion, M|
|poke|p1|Falinks|
|poke|p1|Crustle, M|
|poke|p1|Leafeon, F|
|poke|p1|Pawniard, F|
|poke|p2|Beheeyem, M|
|poke|p2|Leafeon, M|
|poke|p2|Mawile, M|
|poke|p2|Manectric, F|
|poke|p2|Fraxure, M|
|poke|p2|Lapras, F|
|rule|Sleep Clause Mod: Limit one foe put to sleep
|rule|Species Clause: Limit one of each Pokémon
|rule|OHKO Clause: OHKO moves are banned
|rule|Evasion Moves Clause: Evasion moves are banned
|rule|Endless Battle Clause: Forcing endless battles is banned
|rule|HP Percentage Mod: HP is shown in percentages
|rule|Dynamax Clause: You cannot dynamax
|teampreview
|inactive|Battle timer is ON: inactive players will automatically lose when time's up. (requested by IO3X)
|
|start
|switch|p1a: EVOLUTION|Crustle, M|100/100
|switch|p2a: Manectric|Manectric, F|100/100
|turn|1
|
|move|p2a: Manectric|Volt Switch|p1a: EVOLUTION
|-damage|p1a: EVOLUTION|32/100
|
|switch|p2a: Fraxure|Fraxure, M|100/100|[from]move: Volt Switch
|-ability|p2a: Fraxure|Mold Breaker
|move|p1a: EVOLUTION|Stealth Rock|p2a: Fraxure
|-sidestart|p2: IO3X|move: Stealth Rock
|
|upkeep
|turn|2
|inactive|uult1 SOMALIA has 120 seconds left.
|
|move|p2a: Fraxure|Superpower|p1a: EVOLUTION
|-damage|p1a: EVOLUTION|0 fnt
|-unboost|p2a: Fraxure|atk|1
|-unboost|p2a: Fraxure|def|1
|faint|p1a: EVOLUTION
|
|upkeep
|inactive|uult1 SOMALIA has 90 seconds left.
|
|switch|p1a: THE FANG|Falinks|100/100
|turn|3
|
|switch|p2a: Beheeyem|Beheeyem, M|100/100
|-damage|p2a: Beheeyem|88/100|[from] Stealth Rock
|move|p1a: THE FANG|No Retreat|p1a: THE FANG
|-boost|p1a: THE FANG|atk|1
|-boost|p1a: THE FANG|def|1
|-boost|p1a: THE FANG|spa|1
|-boost|p1a: THE FANG|spd|1
|-boost|p1a: THE FANG|spe|1
|-start|p1a: THE FANG|move: No Retreat
|
|upkeep
|turn|4
|inactive|uult1 SOMALIA has 90 seconds left.
|inactive|uult1 SOMALIA has 60 seconds left.
|
|move|p1a: THE FANG|Megahorn|p2a: Beheeyem
|-supereffective|p2a: Beheeyem
|-damage|p2a: Beheeyem|0 fnt
|faint|p2a: Beheeyem
|
|upkeep
|
|switch|p2a: Fraxure|Fraxure, M|100/100
|-damage|p2a: Fraxure|88/100|[from] Stealth Rock
|-ability|p2a: Fraxure|Mold Breaker
|turn|5
|inactive|uult1 SOMALIA has 30 seconds left.
|inactive|uult1 SOMALIA has 20 seconds left.
|inactive|uult1 SOMALIA has 15 seconds left.
|inactive|uult1 SOMALIA has 10 seconds left.
|
|move|p1a: THE FANG|Close Combat|p2a: Fraxure
|-damage|p2a: Fraxure|0 fnt
|-unboost|p1a: THE FANG|def|1
|-unboost|p1a: THE FANG|spd|1
|faint|p2a: Fraxure
|
|upkeep
|inactive|uult1 SOMALIA has 15 seconds left this turn.
|inactive|IO3X has 120 seconds left.
|inactive|IO3X has 90 seconds left.
|inactive|IO3X has 60 seconds left.
|inactive|IO3X has 30 seconds left.
|inactive|IO3X has 20 seconds left.
|
|switch|p2a: Lapras|Lapras, F|100/100
|-damage|p2a: Lapras|75/100|[from] Stealth Rock
|turn|6
|inactive|uult1 SOMALIA has 25 seconds left this turn.
|inactive|IO3X has 30 seconds left this turn.
|inactive|uult1 SOMALIA has 20 seconds left.
|
|move|p1a: THE FANG|Close Combat|p2a: Lapras
|-supereffective|p2a: Lapras
|-damage|p2a: Lapras|0 fnt
|-unboost|p1a: THE FANG|def|1
|-unboost|p1a: THE FANG|spd|1
|faint|p2a: Lapras
|
|upkeep
|inactive|uult1 SOMALIA has 25 seconds left this turn.
|inactive|IO3X has 30 seconds left.
|
|switch|p2a: Leafeon|Leafeon, M|100/100
|-damage|p2a: Leafeon|88/100|[from] Stealth Rock
|turn|7
|inactive|uult1 SOMALIA has 30 seconds left.
|inactive|uult1 SOMALIA has 20 seconds left.
|
|move|p1a: THE FANG|Close Combat|p2a: Leafeon
|-damage|p2a: Leafeon|6/100
|-unboost|p1a: THE FANG|def|1
|-unboost|p1a: THE FANG|spd|1
|move|p2a: Leafeon|Knock Off|p1a: THE FANG
|-resisted|p1a: THE FANG
|-damage|p1a: THE FANG|45/100
|-enditem|p1a: THE FANG|Lum Berry|[from] move: Knock Off|[of] p2a: Leafeon
|-damage|p2a: Leafeon|0 fnt|[from] item: Life Orb
|faint|p2a: Leafeon
|
|upkeep
|inactive|uult1 SOMALIA has 25 seconds left this turn.
|
|switch|p2a: Manectric|Manectric, F|100/100
|-damage|p2a: Manectric|88/100|[from] Stealth Rock
|turn|8
|
|move|p1a: THE FANG|Close Combat|p2a: Manectric
|-damage|p2a: Manectric|0 fnt
|-unboost|p1a: THE FANG|def|1
|-unboost|p1a: THE FANG|spd|1
|faint|p2a: Manectric
|
|upkeep
|
|switch|p2a: Mawile|Mawile, M|100/100
|-damage|p2a: Mawile|94/100|[from] Stealth Rock
|-ability|p2a: Mawile|Intimidate|boost
|-unboost|p1a: THE FANG|atk|1
|turn|9
|
|move|p1a: THE FANG|Close Combat|p2a: Mawile
|-damage|p2a: Mawile|38/100
|-unboost|p1a: THE FANG|def|1
|-unboost|p1a: THE FANG|spd|1
|-damage|p1a: THE FANG|28/100|[from] item: Rocky Helmet|[of] p2a: Mawile
|move|p2a: Mawile|Pain Split|p1a: THE FANG
|-sethp|p1a: THE FANG|35/100|[from] move: Pain Split|[silent]
|-sethp|p2a: Mawile|32/100|[from] move: Pain Split
|
|upkeep
|turn|10
|
|move|p1a: THE FANG|Close Combat|p2a: Mawile
|-damage|p2a: Mawile|0 fnt
|-unboost|p1a: THE FANG|def|1
|-unboost|p1a: THE FANG|spd|1
|-damage|p1a: THE FANG|19/100|[from] item: Rocky Helmet|[of] p2a: Mawile
|faint|p2a: Mawile
|
|win|uult1 SOMALIA
|l|☆IO3X
||Ladder (probably) updated, but score could not be retrieved (Response not received).
