|j|☆Blackflameds
|j|☆I'm Tapu Bulu
|t:|1653845365
|gametype|singles
|player|p1|Blackflameds|101|1272
|player|p2|I'm Tapu Bulu|cyclist-gen4|1530
|teamsize|p1|6
|teamsize|p2|6
|gen|8
|tier|[Gen 8] PU
|rated|
|rule|Sleep Clause Mod: Limit one foe put to sleep
|rule|Species Clause: Limit one of each Pokémon
|rule|OHKO Clause: OHKO moves are banned
|rule|Evasion Moves Clause: Evasion moves are banned
|rule|Endless Battle Clause: Forcing endless battles is banned
|rule|HP Percentage Mod: HP is shown in percentages
|rule|Dynamax Clause: You cannot dynamax
|clearpoke
|poke|p1|Absol, M|
|poke|p1|Comfey, M|
|poke|p1|Jellicent, F|
|poke|p1|Weezing, M|
|poke|p1|Togedemaru, M|
|poke|p1|Hitmonlee, M|
|poke|p2|Charizard, F|
|poke|p2|Eldegoss, F|
|poke|p2|Magneton|
|poke|p2|Silvally-*|
|poke|p2|Glastrier|
|poke|p2|Sandaconda, M|
|teampreview
|j| Mokiplayswithmew
|l| Mokiplayswithmew
|
|t:|1653845391
|start
|switch|p1a: Weezing|Weezing, M|100/100
|switch|p2a: Heaviest Matter|Glastrier|100/100
|turn|1
|
|t:|1653845399
|move|p2a: Heaviest Matter|Icicle Crash|p1a: Weezing|[miss]
|-miss|p2a: Heaviest Matter|p1a: Weezing
|move|p1a: Weezing|Sludge Bomb|p2a: Heaviest Matter
|-damage|p2a: Heaviest Matter|67/100
|
|upkeep
|turn|2
|
|t:|1653845403
|move|p2a: Heaviest Matter|Icicle Crash|p1a: Weezing|[miss]
|-miss|p2a: Heaviest Matter|p1a: Weezing
|move|p1a: Weezing|Flamethrower|p2a: Heaviest Matter
|-supereffective|p2a: Heaviest Matter
|-damage|p2a: Heaviest Matter|25/100
|
|upkeep
|turn|3
|
|t:|1653845406
|move|p2a: Heaviest Matter|Icicle Crash|p1a: Weezing
|-damage|p1a: Weezing|33/100
|move|p1a: Weezing|Sludge Bomb|p2a: Heaviest Matter
|-damage|p2a: Heaviest Matter|0 fnt
|faint|p2a: Heaviest Matter
|
|-heal|p1a: Weezing|39/100|[from] item: Black Sludge
|upkeep
|
|t:|1653845413
|switch|p2a: Magma|Charizard, F|100/100
|turn|4
|
|t:|1653845419
|move|p2a: Magma|Toxic|p1a: Weezing
|-immune|p1a: Weezing
|move|p1a: Weezing|Sludge Bomb|p2a: Magma
|-damage|p2a: Magma|52/100
|
|-heal|p1a: Weezing|45/100|[from] item: Black Sludge
|upkeep
|turn|5
|
|t:|1653845427
|move|p2a: Magma|Hurricane|p1a: Weezing|[miss]
|-miss|p2a: Magma|p1a: Weezing
|move|p1a: Weezing|Sludge Bomb|p2a: Magma
|-damage|p2a: Magma|5/100
|
|-heal|p1a: Weezing|51/100|[from] item: Black Sludge
|upkeep
|turn|6
|
|t:|1653845430
|move|p2a: Magma|Hurricane|p1a: Weezing|[miss]
|-miss|p2a: Magma|p1a: Weezing
|move|p1a: Weezing|Sludge Bomb|p2a: Magma
|-damage|p2a: Magma|0 fnt
|faint|p2a: Magma
|
|-heal|p1a: Weezing|57/100|[from] item: Black Sludge
|upkeep
|
|t:|1653845435
|switch|p2a: Flying Whales|Magneton|100/100
|turn|7
|
|t:|1653845438
|move|p2a: Flying Whales|Thunderbolt|p1a: Weezing
|-damage|p1a: Weezing|5/100
|move|p1a: Weezing|Flamethrower|p2a: Flying Whales
|-supereffective|p2a: Flying Whales
|-damage|p2a: Flying Whales|10/100
|
|-heal|p1a: Weezing|11/100|[from] item: Black Sludge
|upkeep
|turn|8
|
|t:|1653845441
|switch|p1a: Togedemaru|Togedemaru, M|100/100
|move|p2a: Flying Whales|Thunderbolt|p1a: Togedemaru
|-ability|p1a: Togedemaru|Lightning Rod|boost
|-boost|p1a: Togedemaru|spa|1
|
|upkeep
|turn|9
|
|t:|1653845445
|switch|p2a: Gift of Guilt|Sandaconda, M|100/100
|move|p1a: Togedemaru|Iron Head|p2a: Gift of Guilt
|-damage|p2a: Gift of Guilt|80/100
|-damage|p1a: Togedemaru|84/100|[from] item: Rocky Helmet|[of] p2a: Gift of Guilt
|
|-heal|p1a: Togedemaru|90/100|[from] item: Leftovers
|upkeep
|turn|10
|
|t:|1653845450
|move|p1a: Togedemaru|U-turn|p2a: Gift of Guilt
|-damage|p2a: Gift of Guilt|65/100
|-damage|p1a: Togedemaru|73/100|[from] item: Rocky Helmet|[of] p2a: Gift of Guilt
|
|t:|1653845452
|switch|p1a: Weezing|Weezing, M|11/100|[from]move: U-turn
|move|p2a: Gift of Guilt|Stealth Rock|p1a: Weezing
|-sidestart|p1: Blackflameds|move: Stealth Rock
|
|-heal|p1a: Weezing|17/100|[from] item: Black Sludge
|upkeep
|turn|11
|
|t:|1653845457
|move|p2a: Gift of Guilt|Stone Edge|p1a: Weezing
|-damage|p1a: Weezing|0 fnt
|faint|p1a: Weezing
|
|upkeep
|
|t:|1653845462
|switch|p1a: Jellicent|Jellicent, F|100/100
|-damage|p1a: Jellicent|88/100|[from] Stealth Rock
|turn|12
|
|t:|1653845474
|switch|p2a: L'Enfant Sauvage|Eldegoss, F|100/100
|move|p1a: Jellicent|Scald|p2a: L'Enfant Sauvage
|-resisted|p2a: L'Enfant Sauvage
|-damage|p2a: L'Enfant Sauvage|89/100
|
|-heal|p1a: Jellicent|94/100|[from] item: Leftovers
|upkeep
|turn|13
|
|t:|1653845483
|switch|p1a: Absol|Absol, M|100/100
|-damage|p1a: Absol|88/100|[from] Stealth Rock
|move|p2a: L'Enfant Sauvage|Leaf Storm|p1a: Absol|[miss]
|-miss|p2a: L'Enfant Sauvage|p1a: Absol
|
|upkeep
|turn|14
|c|☆I'm Tapu Bulu|oh my god
|c|☆I'm Tapu Bulu|oh my god
|c|☆I'm Tapu Bulu|why do my attacks keep missing
|c|☆I'm Tapu Bulu|:((
|
|t:|1653845505
|move|p1a: Absol|Knock Off|p2a: L'Enfant Sauvage
|-damage|p2a: L'Enfant Sauvage|4/100
|-enditem|p2a: L'Enfant Sauvage|Heavy-Duty Boots|[from] move: Knock Off|[of] p1a: Absol
|move|p2a: L'Enfant Sauvage|Pollen Puff|p1a: Absol
|-supereffective|p1a: Absol
|-damage|p1a: Absol|0 fnt
|faint|p1a: Absol
|
|upkeep
|
|t:|1653845510
|switch|p1a: Comfey|Comfey, M|100/100
|-damage|p1a: Comfey|88/100|[from] Stealth Rock
|turn|15
|
|t:|1653845524
|switch|p2a: Silvally|Silvally-Ghost|100/100
|move|p1a: Comfey|Substitute|p1a: Comfey
|-start|p1a: Comfey|Substitute
|-damage|p1a: Comfey|63/100
|
|upkeep
|turn|16
|
|t:|1653845528
|move|p1a: Comfey|Calm Mind|p1a: Comfey
|-boost|p1a: Comfey|spa|1
|-boost|p1a: Comfey|spd|1
|move|p2a: Silvally|Swords Dance|p2a: Silvally
|-boost|p2a: Silvally|atk|2
|
|upkeep
|turn|17
|
|t:|1653845533
|move|p1a: Comfey|Draining Kiss|p2a: Silvally
|-damage|p2a: Silvally|72/100
|-heal|p1a: Comfey|100/100|[from] drain|[of] p2a: Silvally
|move|p2a: Silvally|Flame Charge|p1a: Comfey
|-end|p1a: Comfey|Substitute
|-boost|p2a: Silvally|spe|1
|
|upkeep
|turn|18
|
|t:|1653845540
|switch|p1a: Jellicent|Jellicent, F|94/100
|-damage|p1a: Jellicent|82/100|[from] Stealth Rock
|move|p2a: Silvally|Multi-Attack|p1a: Jellicent
|-supereffective|p1a: Jellicent
|-damage|p1a: Jellicent|0 fnt
|faint|p1a: Jellicent
|
|upkeep
|
|t:|1653845543
|switch|p1a: Togedemaru|Togedemaru, M|73/100
|-damage|p1a: Togedemaru|67/100|[from] Stealth Rock
|turn|19
|
|t:|1653845545
|move|p1a: Togedemaru|Spiky Shield|p1a: Togedemaru
|-singleturn|p1a: Togedemaru|move: Protect
|move|p2a: Silvally|Multi-Attack|p1a: Togedemaru
|-activate|p1a: Togedemaru|move: Protect
|-damage|p2a: Silvally|60/100|[from] Spiky Shield|[of] p1a: Togedemaru
|
|-heal|p1a: Togedemaru|73/100|[from] item: Leftovers
|upkeep
|turn|20
|
|t:|1653845551
|move|p2a: Silvally|Multi-Attack|p1a: Togedemaru
|-damage|p1a: Togedemaru|0 fnt
|faint|p1a: Togedemaru
|
|upkeep
|
|t:|1653845553
|switch|p1a: Hitmonlee|Hitmonlee, M|100/100
|-damage|p1a: Hitmonlee|94/100|[from] Stealth Rock
|turn|21
|
|t:|1653845556
|move|p2a: Silvally|Psychic Fangs|p1a: Hitmonlee
|-supereffective|p1a: Hitmonlee
|-crit|p1a: Hitmonlee
|-damage|p1a: Hitmonlee|0 fnt
|faint|p1a: Hitmonlee
|
|upkeep
|
|t:|1653845558
|switch|p1a: Comfey|Comfey, M|100/100
|-damage|p1a: Comfey|88/100|[from] Stealth Rock
|turn|22
|
|t:|1653845560
|move|p1a: Comfey|Draining Kiss|p2a: Silvally
|-damage|p2a: Silvally|38/100
|-heal|p1a: Comfey|100/100|[from] drain|[of] p2a: Silvally
|move|p2a: Silvally|Multi-Attack|p1a: Comfey
|-damage|p1a: Comfey|0 fnt
|faint|p1a: Comfey
|
|win|I'm Tapu Bulu
|raw|Blackflameds's rating: 1272 &rarr; <strong>1263</strong><br />(-9 for losing)
|raw|I&apos;m Tapu Bulu's rating: 1530 &rarr; <strong>1537</strong><br />(+7 for winning)
|l|☆Blackflameds
|c|☆I'm Tapu Bulu|gg
