|j|☆cafay sukray
|j|☆Haffling tester
|t:|1659017209
|gametype|singles
|player|p1|cafay sukray|1|1540
|player|p2|Haffling tester|cyrus|1577
|teamsize|p1|6
|teamsize|p2|6
|gen|8
|tier|[Gen 8] PU
|rated|
|rule|Sleep Clause Mod: Limit one foe put to sleep
|rule|Species Clause: Limit one of each Pokémon
|rule|OHKO Clause: OHKO moves are banned
|rule|Evasion Moves Clause: Evasion moves are banned
|rule|Endless Battle Clause: Forcing endless battles is banned
|rule|HP Percentage Mod: HP is shown in percentages
|rule|Dynamax Clause: You cannot dynamax
|clearpoke
|poke|p1|Charizard, F|
|poke|p1|Jellicent, M|
|poke|p1|Magneton|
|poke|p1|Abomasnow, M|
|poke|p1|Sandaconda, M|
|poke|p1|Kabutops, F|
|poke|p2|Mesprit|
|poke|p2|Aromatisse, M|
|poke|p2|Whimsicott, F|
|poke|p2|Charizard, F|
|poke|p2|Gigalith, F|
|poke|p2|Lanturn, M|
|teampreview
|c|☆cafay sukray|why lanturn walls all my team kek
|c|☆Haffling tester|kinda but also not
|
|t:|1659017262
|start
|switch|p1a: Magneton|Magneton|100/100
|switch|p2a: Lanturn|Lanturn, M|100/100
|turn|1
|
|t:|1659017273
|move|p1a: Magneton|Tri Attack|p2a: Lanturn
|-damage|p2a: Lanturn|69/100
|-status|p2a: Lanturn|brn
|move|p2a: Lanturn|Scald|p1a: Magneton
|-damage|p1a: Magneton|61/100
|-status|p1a: Magneton|brn
|
|-heal|p2a: Lanturn|76/100 brn|[from] item: Leftovers
|-damage|p1a: Magneton|55/100 brn|[from] brn
|-damage|p2a: Lanturn|69/100 brn|[from] brn
|upkeep
|turn|2
|
|t:|1659017287
|move|p1a: Magneton|Tri Attack|p2a: Lanturn
|-damage|p2a: Lanturn|36/100 brn
|move|p2a: Lanturn|Volt Switch|p1a: Magneton
|-resisted|p1a: Magneton
|-damage|p1a: Magneton|36/100 brn
|
|t:|1659017293
|switch|p2a: Aromatisse|Aromatisse, M|100/100|[from]move: Volt Switch
|
|-damage|p1a: Magneton|29/100 brn|[from] brn
|upkeep
|turn|3
|
|t:|1659017321
|switch|p1a: Sandaconda|Sandaconda, M|100/100
|move|p2a: Aromatisse|Wish|p2a: Aromatisse
|
|upkeep
|turn|4
|
|t:|1659017325
|switch|p2a: Whimsicott|Whimsicott, F|100/100
|move|p1a: Sandaconda|Stealth Rock|p2a: Whimsicott
|-sidestart|p2: Haffling tester|move: Stealth Rock
|
|upkeep
|turn|5
|
|t:|1659017332
|move|p2a: Whimsicott|Defog|p1a: Sandaconda
|-unboost|p1a: Sandaconda|evasion|1
|-sideend|p2: Haffling tester|Stealth Rock|[from] move: Defog|[of] p2a: Whimsicott
|move|p1a: Sandaconda|Glare|p2a: Whimsicott
|-status|p2a: Whimsicott|par
|
|upkeep
|turn|6
|
|t:|1659017354
|switch|p1a: Charizard|Charizard, F|100/100
|move|p2a: Whimsicott|Energy Ball|p1a: Charizard
|-resisted|p1a: Charizard
|-damage|p1a: Charizard|90/100
|
|upkeep
|turn|7
|
|t:|1659017360
|switch|p1a: Sandaconda|Sandaconda, M|100/100
|switch|p2a: Gigalith|Gigalith, F|100/100
|-weather|Sandstorm|[from] ability: Sand Stream|[of] p2a: Gigalith
|
|-weather|Sandstorm|[upkeep]
|upkeep
|turn|8
|
|t:|1659017365
|switch|p2a: Aromatisse|Aromatisse, M|100/100
|move|p1a: Sandaconda|Stealth Rock|p2a: Aromatisse
|-sidestart|p2: Haffling tester|move: Stealth Rock
|
|-weather|Sandstorm|[upkeep]
|-damage|p2a: Aromatisse|94/100|[from] Sandstorm
|-heal|p2a: Aromatisse|100/100|[from] item: Leftovers
|upkeep
|turn|9
|
|t:|1659017372
|move|p1a: Sandaconda|Earthquake|p2a: Aromatisse
|-damage|p2a: Aromatisse|71/100
|move|p2a: Aromatisse|Aromatherapy|p2a: Aromatisse
|-activate|p2a: Aromatisse|move: Aromatherapy
|-curestatus|p2: Lanturn|brn|[msg]
|-curestatus|p2: Whimsicott|par|[msg]
|
|-weather|Sandstorm|[upkeep]
|-damage|p2a: Aromatisse|65/100|[from] Sandstorm
|-heal|p2a: Aromatisse|71/100|[from] item: Leftovers
|upkeep
|turn|10
|
|t:|1659017382
|switch|p1a: Kabutops|Kabutops, F|100/100
|move|p2a: Aromatisse|Wish|p2a: Aromatisse
|
|-weather|Sandstorm|[upkeep]
|-damage|p2a: Aromatisse|65/100|[from] Sandstorm
|-heal|p2a: Aromatisse|71/100|[from] item: Leftovers
|upkeep
|turn|11
|
|t:|1659017386
|move|p1a: Kabutops|Knock Off|p2a: Aromatisse
|-resisted|p2a: Aromatisse
|-damage|p2a: Aromatisse|61/100
|-enditem|p2a: Aromatisse|Leftovers|[from] move: Knock Off|[of] p1a: Kabutops
|move|p2a: Aromatisse|Moonblast|p1a: Kabutops
|-damage|p1a: Kabutops|82/100
|
|-weather|none
|-heal|p2a: Aromatisse|100/100|[from] move: Wish|[wisher] Aromatisse
|-heal|p1a: Kabutops|88/100|[from] item: Leftovers
|upkeep
|turn|12
|
|t:|1659017396
|move|p1a: Kabutops|Flip Turn|p2a: Aromatisse
|-damage|p2a: Aromatisse|83/100
|
|t:|1659017398
|switch|p1a: Magneton|Magneton|29/100 brn|[from]move: Flip Turn
|move|p2a: Aromatisse|Wish|p2a: Aromatisse
|
|-damage|p1a: Magneton|23/100 brn|[from] brn
|upkeep
|turn|13
|
|t:|1659017408
|move|p2a: Aromatisse|Protect|p2a: Aromatisse
|-singleturn|p2a: Aromatisse|Protect
|move|p1a: Magneton|Flash Cannon|p2a: Aromatisse
|-activate|p2a: Aromatisse|move: Protect
|
|-heal|p2a: Aromatisse|100/100|[from] move: Wish|[wisher] Aromatisse
|-damage|p1a: Magneton|17/100 brn|[from] brn
|upkeep
|turn|14
|
|t:|1659017427
|move|p1a: Magneton|Flash Cannon|p2a: Aromatisse
|-supereffective|p2a: Aromatisse
|-damage|p2a: Aromatisse|0 fnt
|faint|p2a: Aromatisse
|
|-damage|p1a: Magneton|11/100 brn|[from] brn
|upkeep
|c|☆Haffling tester|how
|c|☆Haffling tester|thats not right
|c|☆cafay sukray|spex
|c|☆Haffling tester|ik it is
|c|☆Haffling tester|but that souldnt kill me from there
|c|☆cafay sukray|hm
|
|t:|1659017480
|switch|p2a: Mesprit|Mesprit|100/100
|-damage|p2a: Mesprit|88/100|[from] Stealth Rock
|turn|15
|c|☆cafay sukray|close roll maybe
|
|t:|1659017492
|move|p2a: Mesprit|Shadow Ball|p1a: Magneton
|-damage|p1a: Magneton|0 fnt
|faint|p1a: Magneton
|
|upkeep
|
|t:|1659017496
|switch|p1a: Kabutops|Kabutops, F|88/100
|turn|16
|
|t:|1659017506
|switch|p2a: Whimsicott|Whimsicott, F|100/100
|move|p1a: Kabutops|Knock Off|p2a: Whimsicott
|-resisted|p2a: Whimsicott
|-damage|p2a: Whimsicott|81/100
|-enditem|p2a: Whimsicott|Heavy-Duty Boots|[from] move: Knock Off|[of] p1a: Kabutops
|
|-heal|p1a: Kabutops|94/100|[from] item: Leftovers
|upkeep
|turn|17
|
|t:|1659017514
|switch|p1a: Abomasnow|Abomasnow, M|100/100
|-weather|Hail|[from] ability: Snow Warning|[of] p1a: Abomasnow
|move|p2a: Whimsicott|Defog|p1a: Abomasnow
|-unboost|p1a: Abomasnow|evasion|1
|-sideend|p2: Haffling tester|Stealth Rock|[from] move: Defog|[of] p2a: Whimsicott
|
|-weather|Hail|[upkeep]
|-damage|p2a: Whimsicott|75/100|[from] Hail
|upkeep
|turn|18
|
|t:|1659017519
|switch|p2a: Gigalith|Gigalith, F|100/100
|-weather|Sandstorm|[from] ability: Sand Stream|[of] p2a: Gigalith
|move|p1a: Abomasnow|Blizzard|p2a: Gigalith
|-damage|p2a: Gigalith|68/100
|
|-weather|Sandstorm|[upkeep]
|-damage|p1a: Abomasnow|94/100|[from] Sandstorm
|-heal|p2a: Gigalith|75/100|[from] item: Leftovers
|upkeep
|turn|19
|
|t:|1659017529
|switch|p2a: Whimsicott|Whimsicott, F|75/100
|move|p1a: Abomasnow|Blizzard|p2a: Whimsicott
|-supereffective|p2a: Whimsicott
|-damage|p2a: Whimsicott|0 fnt
|faint|p2a: Whimsicott
|
|-weather|Sandstorm|[upkeep]
|-damage|p1a: Abomasnow|88/100|[from] Sandstorm
|upkeep
|c|☆Haffling tester|sigh
|
|t:|1659017538
|switch|p2a: Charizard|Charizard, F|100/100
|turn|20
|
|t:|1659017544
|move|p2a: Charizard|Hurricane|p1a: Abomasnow
|-supereffective|p1a: Abomasnow
|-damage|p1a: Abomasnow|0 fnt
|faint|p1a: Abomasnow
|
|-weather|Sandstorm|[upkeep]
|-damage|p2a: Charizard|94/100|[from] Sandstorm
|upkeep
|
|t:|1659017547
|switch|p1a: Kabutops|Kabutops, F|94/100
|turn|21
|
|t:|1659017552
|move|p2a: Charizard|Toxic|p1a: Kabutops
|-status|p1a: Kabutops|tox
|move|p1a: Kabutops|Knock Off|p2a: Charizard
|-damage|p2a: Charizard|57/100
|-enditem|p2a: Charizard|Heavy-Duty Boots|[from] move: Knock Off|[of] p1a: Kabutops
|
|-weather|Sandstorm|[upkeep]
|-damage|p2a: Charizard|51/100|[from] Sandstorm
|-heal|p1a: Kabutops|99/100 tox|[from] item: Leftovers
|-damage|p1a: Kabutops|94/100 tox|[from] psn
|upkeep
|turn|22
|
|t:|1659017562
|switch|p2a: Lanturn|Lanturn, M|36/100
|move|p1a: Kabutops|Flip Turn|p2a: Lanturn
|-resisted|p2a: Lanturn
|-damage|p2a: Lanturn|26/100
|
|t:|1659017571
|switch|p1a: Jellicent|Jellicent, M|100/100|[from]move: Flip Turn
|
|-weather|none
|-heal|p2a: Lanturn|32/100|[from] item: Leftovers
|upkeep
|turn|23
|
|t:|1659017576
|move|p2a: Lanturn|Protect|p2a: Lanturn
|-singleturn|p2a: Lanturn|Protect
|move|p1a: Jellicent|Water Spout|p2a: Lanturn
|-activate|p2a: Lanturn|move: Protect
|
|-heal|p2a: Lanturn|38/100|[from] item: Leftovers
|upkeep
|turn|24
|
|t:|1659017582
|move|p1a: Jellicent|Water Spout|p2a: Lanturn
|-resisted|p2a: Lanturn
|-damage|p2a: Lanturn|2/100
|move|p2a: Lanturn|Volt Switch|p1a: Jellicent
|-supereffective|p1a: Jellicent
|-damage|p1a: Jellicent|64/100
|
|t:|1659017589
|switch|p2a: Mesprit|Mesprit|88/100|[from]move: Volt Switch
|
|upkeep
|turn|25
|c|☆cafay sukray|lanturn is broken oof
|
|t:|1659017598
|switch|p1a: Charizard|Charizard, F|90/100
|move|p2a: Mesprit|Shadow Ball|p1a: Charizard
|-damage|p1a: Charizard|59/100
|
|upkeep
|turn|26
|
|t:|1659017609
|move|p1a: Charizard|Roost|p1a: Charizard
|-heal|p1a: Charizard|100/100
|-singleturn|p1a: Charizard|move: Roost
|move|p2a: Mesprit|Nasty Plot|p2a: Mesprit
|-boost|p2a: Mesprit|spa|2
|
|upkeep
|turn|27
|
|t:|1659017613
|move|p1a: Charizard|Toxic|p2a: Mesprit
|-status|p2a: Mesprit|tox
|move|p2a: Mesprit|Psyshock|p1a: Charizard
|-damage|p1a: Charizard|7/100
|
|-damage|p2a: Mesprit|82/100 tox|[from] psn
|upkeep
|turn|28
|
|t:|1659017620
|move|p1a: Charizard|Flamethrower|p2a: Mesprit
|-damage|p2a: Mesprit|20/100 tox
|move|p2a: Mesprit|Psyshock|p1a: Charizard
|-damage|p1a: Charizard|0 fnt
|faint|p1a: Charizard
|
|-damage|p2a: Mesprit|8/100 tox|[from] psn
|upkeep
|
|t:|1659017637
|switch|p1a: Sandaconda|Sandaconda, M|100/100
|turn|29
|
|t:|1659017648
|switch|p1a: Jellicent|Jellicent, M|64/100
|move|p2a: Mesprit|Shadow Ball|p1a: Jellicent
|-supereffective|p1a: Jellicent
|-damage|p1a: Jellicent|0 fnt
|faint|p1a: Jellicent
|
|-damage|p2a: Mesprit|0 fnt|[from] psn
|faint|p2a: Mesprit
|upkeep
|
|t:|1659017656
|switch|p2a: Lanturn|Lanturn, M|2/100
|switch|p1a: Kabutops|Kabutops, F|94/100 tox
|turn|30
|
|t:|1659017662
|move|p2a: Lanturn|Protect|p2a: Lanturn
|-singleturn|p2a: Lanturn|Protect
|move|p1a: Kabutops|Knock Off|p2a: Lanturn
|-activate|p2a: Lanturn|move: Protect
|
|-heal|p1a: Kabutops|99/100 tox|[from] item: Leftovers
|-heal|p2a: Lanturn|8/100|[from] item: Leftovers
|-damage|p1a: Kabutops|94/100 tox|[from] psn
|upkeep
|turn|31
|
|t:|1659017672
|switch|p2a: Charizard|Charizard, F|51/100
|move|p1a: Kabutops|Rock Slide|p2a: Charizard
|-supereffective|p2a: Charizard
|-damage|p2a: Charizard|0 fnt
|faint|p2a: Charizard
|
|-heal|p1a: Kabutops|99/100 tox|[from] item: Leftovers
|-damage|p1a: Kabutops|88/100 tox|[from] psn
|upkeep
|
|t:|1659017676
|switch|p2a: Lanturn|Lanturn, M|8/100
|turn|32
|
|t:|1659017680
|move|p2a: Lanturn|Protect|p2a: Lanturn
|-singleturn|p2a: Lanturn|Protect
|move|p1a: Kabutops|Knock Off|p2a: Lanturn
|-activate|p2a: Lanturn|move: Protect
|
|-heal|p1a: Kabutops|94/100 tox|[from] item: Leftovers
|-heal|p2a: Lanturn|14/100|[from] item: Leftovers
|-damage|p1a: Kabutops|75/100 tox|[from] psn
|upkeep
|turn|33
|
|t:|1659017688
|move|p2a: Lanturn|Protect|p2a: Lanturn
|-singleturn|p2a: Lanturn|Protect
|move|p1a: Kabutops|Knock Off|p2a: Lanturn
|-activate|p2a: Lanturn|move: Protect
|
|-heal|p1a: Kabutops|82/100 tox|[from] item: Leftovers
|-heal|p2a: Lanturn|21/100|[from] item: Leftovers
|-damage|p1a: Kabutops|57/100 tox|[from] psn
|upkeep
|turn|34
|
|t:|1659017700
|move|p1a: Kabutops|Knock Off|p2a: Lanturn
|-damage|p2a: Lanturn|0 fnt
|-enditem|p2a: Lanturn|Leftovers|[from] move: Knock Off|[of] p1a: Kabutops
|faint|p2a: Lanturn
|
|-heal|p1a: Kabutops|63/100 tox|[from] item: Leftovers
|-damage|p1a: Kabutops|32/100 tox|[from] psn
|upkeep
|
|t:|1659017703
|switch|p2a: Gigalith|Gigalith, F|75/100
|-weather|Sandstorm|[from] ability: Sand Stream|[of] p2a: Gigalith
|turn|35
|
|t:|1659017706
|move|p2a: Gigalith|Protect|p2a: Gigalith
|-singleturn|p2a: Gigalith|Protect
|move|p1a: Kabutops|Flip Turn|p2a: Gigalith
|-activate|p2a: Gigalith|move: Protect
|
|-weather|Sandstorm|[upkeep]
|-heal|p1a: Kabutops|38/100 tox|[from] item: Leftovers
|-heal|p2a: Gigalith|81/100|[from] item: Leftovers
|-damage|p1a: Kabutops|1/100 tox|[from] psn
|upkeep
|turn|36
|
|t:|1659017710
|move|p1a: Kabutops|Flip Turn|p2a: Gigalith
|-supereffective|p2a: Gigalith
|-damage|p2a: Gigalith|49/100
|
|t:|1659017712
|switch|p1a: Sandaconda|Sandaconda, M|100/100|[from]move: Flip Turn
|move|p2a: Gigalith|Earthquake|p1a: Sandaconda
|-damage|p1a: Sandaconda|82/100
|
|-weather|Sandstorm|[upkeep]
|-heal|p2a: Gigalith|55/100|[from] item: Leftovers
|upkeep
|turn|37
|
|t:|1659017714
|move|p1a: Sandaconda|Earthquake|p2a: Gigalith
|-supereffective|p2a: Gigalith
|-damage|p2a: Gigalith|0 fnt
|faint|p2a: Gigalith
|
|win|cafay sukray
|raw|cafay sukray's rating: 1540 &rarr; <strong>1562</strong><br />(+22 for winning)
|raw|Haffling tester's rating: 1577 &rarr; <strong>1555</strong><br />(-22 for losing)
|c|☆cafay sukray|gg
|c|☆Haffling tester|gg
