|raw|<div class="broadcast-blue"><strong>This battle is required to be public due to a player having a name starting with 'pult4c1'.</div>
|j|☆PULT4C1 LW
|j|☆NGill011
|t:|1660577270
|gametype|singles
|player|p1|PULT4C1 LW|furisodegirl-black|1359
|player|p2|NGill011|cyclist|1270
|teamsize|p1|6
|teamsize|p2|6
|gen|8
|tier|[Gen 8] PU
|rated|
|rule|Sleep Clause Mod: Limit one foe put to sleep
|rule|Species Clause: Limit one of each Pokémon
|rule|OHKO Clause: OHKO moves are banned
|rule|Evasion Items Clause: Evasion items are banned
|rule|Evasion Moves Clause: Evasion moves are banned
|rule|Endless Battle Clause: Forcing endless battles is banned
|rule|HP Percentage Mod: HP is shown in percentages
|rule|Dynamax Clause: You cannot dynamax
|clearpoke
|poke|p1|Abomasnow, F|
|poke|p1|Archeops, M|
|poke|p1|Scrafty, M|
|poke|p1|Ribombee, M|
|poke|p1|Togedemaru, M|
|poke|p1|Quagsire, F|
|poke|p2|Cinccino, F|
|poke|p2|Frosmoth, M|
|poke|p2|Avalugg, M|
|poke|p2|Malamar, M|
|poke|p2|Jolteon, F|
|poke|p2|Articuno-Galar|
|teampreview
|inactive|Battle timer is ON: inactive players will automatically lose when time's up. (requested by NGill011)
|inactive|PULT4C1 LW has 120 seconds left.
|
|t:|1660577311
|start
|switch|p1a: Icy Ingrid|Abomasnow, F|100/100
|switch|p2a: Cinccino|Cinccino, F|100/100
|-weather|Hail|[from] ability: Snow Warning|[of] p1a: Icy Ingrid
|turn|1
|
|t:|1660577319
|switch|p1a: Spiky Spencer|Togedemaru, M|100/100
|move|p2a: Cinccino|Rock Blast|p1a: Spiky Spencer
|-resisted|p1a: Spiky Spencer
|-damage|p1a: Spiky Spencer|93/100
|-resisted|p1a: Spiky Spencer
|-damage|p1a: Spiky Spencer|86/100
|-resisted|p1a: Spiky Spencer
|-damage|p1a: Spiky Spencer|79/100
|-resisted|p1a: Spiky Spencer
|-damage|p1a: Spiky Spencer|72/100
|-resisted|p1a: Spiky Spencer
|-damage|p1a: Spiky Spencer|65/100
|-hitcount|p1a: Spiky Spencer|5
|
|-weather|Hail|[upkeep]
|-damage|p2a: Cinccino|94/100|[from] Hail
|-damage|p1a: Spiky Spencer|59/100|[from] Hail
|upkeep
|turn|2
|
|t:|1660577326
|switch|p2a: Frosmoth|Frosmoth, M|100/100
|move|p1a: Spiky Spencer|Wish|p1a: Spiky Spencer
|
|-weather|Hail|[upkeep]
|-damage|p1a: Spiky Spencer|53/100|[from] Hail
|upkeep
|turn|3
|
|t:|1660577331
|move|p2a: Frosmoth|Quiver Dance|p2a: Frosmoth
|-boost|p2a: Frosmoth|spa|1
|-boost|p2a: Frosmoth|spd|1
|-boost|p2a: Frosmoth|spe|1
|move|p1a: Spiky Spencer|Iron Head|p2a: Frosmoth
|-supereffective|p2a: Frosmoth
|-damage|p2a: Frosmoth|4/100
|
|-weather|Hail|[upkeep]
|-damage|p1a: Spiky Spencer|47/100|[from] Hail
|-heal|p1a: Spiky Spencer|97/100|[from] move: Wish|[wisher] Spiky Spencer
|-heal|p2a: Frosmoth|10/100|[from] item: Leftovers
|upkeep
|turn|4
|
|t:|1660577336
|move|p2a: Frosmoth|Ice Beam|p1a: Spiky Spencer
|-resisted|p1a: Spiky Spencer
|-damage|p1a: Spiky Spencer|63/100
|move|p1a: Spiky Spencer|Wish|p1a: Spiky Spencer
|
|-weather|Hail|[upkeep]
|-damage|p1a: Spiky Spencer|57/100|[from] Hail
|-heal|p2a: Frosmoth|17/100|[from] item: Leftovers
|upkeep
|turn|5
|
|t:|1660577340
|move|p2a: Frosmoth|Ice Beam|p1a: Spiky Spencer
|-resisted|p1a: Spiky Spencer
|-damage|p1a: Spiky Spencer|19/100
|move|p1a: Spiky Spencer|Iron Head|p2a: Frosmoth
|-supereffective|p2a: Frosmoth
|-damage|p2a: Frosmoth|0 fnt
|faint|p2a: Frosmoth
|
|-weather|none
|-heal|p1a: Spiky Spencer|69/100|[from] move: Wish|[wisher] Spiky Spencer
|upkeep
|
|t:|1660577342
|switch|p2a: Malamar|Malamar, M|100/100
|turn|6
|
|t:|1660577347
|move|p1a: Spiky Spencer|Spiky Shield|p1a: Spiky Spencer
|-singleturn|p1a: Spiky Spencer|move: Protect
|move|p2a: Malamar|Superpower|p1a: Spiky Spencer
|-activate|p1a: Spiky Spencer|move: Protect
|-damage|p2a: Malamar|88/100|[from] Spiky Shield|[of] p1a: Spiky Spencer
|
|-heal|p2a: Malamar|94/100|[from] item: Leftovers
|upkeep
|turn|7
|
|t:|1660577349
|switch|p1a: Quagsire|Quagsire, F|100/100
|move|p2a: Malamar|Superpower|p1a: Quagsire
|-damage|p1a: Quagsire|82/100
|-boost|p2a: Malamar|atk|1
|-boost|p2a: Malamar|def|1
|
|-heal|p2a: Malamar|99/100|[from] item: Leftovers
|upkeep
|turn|8
|
|t:|1660577356
|move|p2a: Malamar|Knock Off|p1a: Quagsire
|-damage|p1a: Quagsire|60/100
|-enditem|p1a: Quagsire|Heavy-Duty Boots|[from] move: Knock Off|[of] p2a: Malamar
|move|p1a: Quagsire|Recover|p1a: Quagsire
|-heal|p1a: Quagsire|100/100
|
|-heal|p2a: Malamar|100/100|[from] item: Leftovers
|upkeep
|turn|9
|
|t:|1660577359
|move|p2a: Malamar|Superpower|p1a: Quagsire
|-damage|p1a: Quagsire|84/100
|-boost|p2a: Malamar|atk|1
|-boost|p2a: Malamar|def|1
|move|p1a: Quagsire|Toxic|p2a: Malamar
|-status|p2a: Malamar|tox
|
|-damage|p2a: Malamar|94/100 tox|[from] psn
|upkeep
|turn|10
|
|t:|1660577362
|move|p2a: Malamar|Superpower|p1a: Quagsire
|-damage|p1a: Quagsire|66/100
|-boost|p2a: Malamar|atk|1
|-boost|p2a: Malamar|def|1
|move|p1a: Quagsire|Recover|p1a: Quagsire
|-heal|p1a: Quagsire|100/100
|
|-heal|p2a: Malamar|100/100 tox|[from] item: Leftovers
|-damage|p2a: Malamar|88/100 tox|[from] psn
|upkeep
|turn|11
|
|t:|1660577368
|move|p2a: Malamar|Superpower|p1a: Quagsire
|-damage|p1a: Quagsire|83/100
|-boost|p2a: Malamar|atk|1
|-boost|p2a: Malamar|def|1
|move|p1a: Quagsire|Earthquake|p2a: Malamar
|-damage|p2a: Malamar|56/100 tox
|
|-heal|p2a: Malamar|62/100 tox|[from] item: Leftovers
|-damage|p2a: Malamar|44/100 tox|[from] psn
|upkeep
|turn|12
|
|t:|1660577372
|move|p2a: Malamar|Rest|p2a: Malamar
|-status|p2a: Malamar|slp|[from] move: Rest
|-heal|p2a: Malamar|100/100 slp|[silent]
|move|p1a: Quagsire|Recover|p1a: Quagsire
|-heal|p1a: Quagsire|100/100
|
|upkeep
|turn|13
|
|t:|1660577379
|switch|p1a: Pixie Patricia|Ribombee, M|100/100
|cant|p2a: Malamar|slp
|move|p2a: Malamar|Sleep Talk|p2a: Malamar
|move|p2a: Malamar|Knock Off|p1a: Pixie Patricia|[from]move: Sleep Talk
|-resisted|p1a: Pixie Patricia
|-damage|p1a: Pixie Patricia|31/100
|-enditem|p1a: Pixie Patricia|Heavy-Duty Boots|[from] move: Knock Off|[of] p2a: Malamar
|
|upkeep
|turn|14
|
|t:|1660577387
|move|p1a: Pixie Patricia|Roost|p1a: Pixie Patricia
|-heal|p1a: Pixie Patricia|81/100
|-singleturn|p1a: Pixie Patricia|move: Roost
|cant|p2a: Malamar|slp
|move|p2a: Malamar|Sleep Talk|p2a: Malamar
|move|p2a: Malamar|Knock Off|p1a: Pixie Patricia|[from]move: Sleep Talk
|-resisted|p1a: Pixie Patricia
|-damage|p1a: Pixie Patricia|32/100
|
|upkeep
|turn|15
|
|t:|1660577400
|move|p1a: Pixie Patricia|Roost|p1a: Pixie Patricia
|-heal|p1a: Pixie Patricia|82/100
|-singleturn|p1a: Pixie Patricia|move: Roost
|-curestatus|p2a: Malamar|slp|[msg]
|move|p2a: Malamar|Superpower|p1a: Pixie Patricia
|-resisted|p1a: Pixie Patricia
|-damage|p1a: Pixie Patricia|53/100
|-boost|p2a: Malamar|atk|1
|-boost|p2a: Malamar|def|1
|
|upkeep
|turn|16
|
|t:|1660577410
|switch|p1a: Quagsire|Quagsire, F|100/100
|move|p2a: Malamar|Superpower|p1a: Quagsire
|-damage|p1a: Quagsire|82/100
|-boost|p2a: Malamar|atk|1
|-boost|p2a: Malamar|def|1
|
|upkeep
|turn|17
|
|t:|1660577419
|move|p2a: Malamar|Knock Off|p1a: Quagsire
|-damage|p1a: Quagsire|69/100
|move|p1a: Quagsire|Scald|p2a: Malamar
|-damage|p2a: Malamar|85/100
|
|-heal|p2a: Malamar|91/100|[from] item: Leftovers
|upkeep
|turn|18
|
|t:|1660577423
|move|p2a: Malamar|Superpower|p1a: Quagsire
|-damage|p1a: Quagsire|51/100
|move|p1a: Quagsire|Scald|p2a: Malamar
|-damage|p2a: Malamar|75/100
|
|-heal|p2a: Malamar|81/100|[from] item: Leftovers
|upkeep
|turn|19
|
|t:|1660577433
|switch|p2a: Cinccino|Cinccino, F|94/100
|move|p1a: Quagsire|Recover|p1a: Quagsire
|-heal|p1a: Quagsire|100/100
|
|upkeep
|turn|20
|
|t:|1660577441
|switch|p1a: Devious Daniel|Scrafty, M|100/100
|-ability|p1a: Devious Daniel|Intimidate|boost
|-unboost|p2a: Cinccino|atk|1
|move|p2a: Cinccino|Bullet Seed|p1a: Devious Daniel
|-damage|p1a: Devious Daniel|93/100
|-damage|p1a: Devious Daniel|85/100
|-damage|p1a: Devious Daniel|78/100
|-damage|p1a: Devious Daniel|71/100
|-damage|p1a: Devious Daniel|64/100
|-hitcount|p1a: Devious Daniel|5
|
|-heal|p1a: Devious Daniel|70/100|[from] item: Leftovers
|upkeep
|turn|21
|
|t:|1660577447
|switch|p2a: Avalugg|Avalugg, M|100/100
|move|p1a: Devious Daniel|Close Combat|p2a: Avalugg
|-supereffective|p2a: Avalugg
|-damage|p2a: Avalugg|57/100
|-unboost|p1a: Devious Daniel|def|1
|-unboost|p1a: Devious Daniel|spd|1
|
|-heal|p1a: Devious Daniel|76/100|[from] item: Leftovers
|upkeep
|turn|22
|
|t:|1660577457
|switch|p1a: Quagsire|Quagsire, F|100/100
|move|p2a: Avalugg|Recover|p2a: Avalugg
|-heal|p2a: Avalugg|100/100
|
|upkeep
|turn|23
|
|t:|1660577460
|switch|p2a: Articuno|Articuno-Galar|100/100
|move|p1a: Quagsire|Scald|p2a: Articuno
|-crit|p2a: Articuno
|-damage|p2a: Articuno|81/100
|
|upkeep
|turn|24
|
|t:|1660577464
|switch|p1a: Spiky Spencer|Togedemaru, M|69/100
|move|p2a: Articuno|Freezing Glare|p1a: Spiky Spencer
|-resisted|p1a: Spiky Spencer
|-damage|p1a: Spiky Spencer|49/100
|
|upkeep
|turn|25
|
|t:|1660577472
|switch|p2a: Avalugg|Avalugg, M|100/100
|move|p1a: Spiky Spencer|Wish|p1a: Spiky Spencer
|
|upkeep
|turn|26
|
|t:|1660577480
|move|p1a: Spiky Spencer|Spiky Shield|p1a: Spiky Spencer
|-singleturn|p1a: Spiky Spencer|move: Protect
|move|p2a: Avalugg|Body Press|p1a: Spiky Spencer
|-activate|p1a: Spiky Spencer|move: Protect
|-damage|p2a: Avalugg|88/100|[from] Spiky Shield|[of] p1a: Spiky Spencer
|
|-heal|p1a: Spiky Spencer|99/100|[from] move: Wish|[wisher] Spiky Spencer
|upkeep
|turn|27
|
|t:|1660577483
|switch|p1a: Quagsire|Quagsire, F|100/100
|move|p2a: Avalugg|Body Press|p1a: Quagsire
|-damage|p1a: Quagsire|73/100
|
|upkeep
|turn|28
|
|t:|1660577487
|switch|p2a: Articuno|Articuno-Galar|81/100
|move|p1a: Quagsire|Toxic|p2a: Articuno
|-status|p2a: Articuno|tox
|
|-damage|p2a: Articuno|75/100 tox|[from] psn
|upkeep
|turn|29
|
|t:|1660577492
|switch|p1a: Spiky Spencer|Togedemaru, M|99/100
|move|p2a: Articuno|Freezing Glare|p1a: Spiky Spencer
|-resisted|p1a: Spiky Spencer
|-damage|p1a: Spiky Spencer|77/100
|
|-damage|p2a: Articuno|62/100 tox|[from] psn
|upkeep
|turn|30
|
|t:|1660577497
|switch|p2a: Avalugg|Avalugg, M|88/100
|move|p1a: Spiky Spencer|Wish|p1a: Spiky Spencer
|
|upkeep
|turn|31
|
|t:|1660577500
|switch|p1a: Quagsire|Quagsire, F|73/100
|move|p2a: Avalugg|Iron Defense|p2a: Avalugg
|-boost|p2a: Avalugg|def|2
|
|-heal|p1a: Quagsire|100/100|[from] move: Wish|[wisher] Spiky Spencer
|upkeep
|turn|32
|
|t:|1660577503
|move|p1a: Quagsire|Toxic|p2a: Avalugg
|-status|p2a: Avalugg|tox
|move|p2a: Avalugg|Body Press|p1a: Quagsire
|-damage|p1a: Quagsire|74/100
|
|-damage|p2a: Avalugg|82/100 tox|[from] psn
|upkeep
|turn|33
|c|☆NGill011|this is actually the lamest thing ive seen on this site
|c|☆NGill011|see you never
|-message|NGill011 forfeited.
|
|win|PULT4C1 LW
|raw|PULT4C1 LW's rating: 1359 &rarr; <strong>1374</strong><br />(+15 for winning)
|raw|NGill011's rating: 1270 &rarr; <strong>1251</strong><br />(-19 for losing)
|l|☆NGill011
