|html|<div class="broadcast-blue"><strong>[Gen 8] PU is currently suspecting Drampa! For information on how to participate check out the <a href="https://www.smogon.com/forums/threads/np-pu-stage-7-i-hear-hyper-voices-in-my-head-drampa-suspect-test.3692992/">suspect thread</a>.</strong></div>
|j|☆mefrog
|j|☆Gogoatcounsel
|t:|1636740523
|gametype|singles
|player|p1|mefrog|volkner|1437
|player|p2|Gogoatcounsel|hiker-gen4|1664
|teamsize|p1|6
|teamsize|p2|6
|gen|8
|tier|[Gen 8] PU
|rated|
|rule|Sleep Clause Mod: Limit one foe put to sleep
|rule|Species Clause: Limit one of each Pokémon
|rule|OHKO Clause: OHKO moves are banned
|rule|Evasion Moves Clause: Evasion moves are banned
|rule|Endless Battle Clause: Forcing endless battles is banned
|rule|HP Percentage Mod: HP is shown in percentages
|rule|Dynamax Clause: You cannot dynamax
|clearpoke
|poke|p1|Marowak, M|
|poke|p1|Throh, M|
|poke|p1|Perrserker, M|
|poke|p1|Audino, F|
|poke|p1|Dusclops, F|
|poke|p1|Carbink|
|poke|p2|Articuno-Galar|
|poke|p2|Sandslash-Alola, M|
|poke|p2|Poliwrath, M|
|poke|p2|Uxie|
|poke|p2|Silvally-*|
|poke|p2|Aggron, M|
|teampreview
|inactive|Battle timer is ON: inactive players will automatically lose when time's up. (requested by Gogoatcounsel)
|
|t:|1636740541
|start
|switch|p1a: Stealth rock|Carbink|100/100
|switch|p2a: Aggron|Aggron, M|100/100
|turn|1
|
|t:|1636740545
|move|p2a: Aggron|Iron Head|p1a: Stealth rock
|-supereffective|p1a: Stealth rock
|-ability|p1a: Stealth rock|Sturdy
|-damage|p1a: Stealth rock|1/100
|move|p1a: Stealth rock|Trick Room|p1a: Stealth rock
|-fieldstart|move: Trick Room|[of] p1a: Stealth rock
|
|upkeep
|turn|2
|
|t:|1636740553
|switch|p2a: Sandslash|Sandslash-Alola, M, shiny|100/100
|move|p1a: Stealth rock|Stealth Rock|p2a: Sandslash
|-sidestart|p2: Gogoatcounsel|move: Stealth Rock
|
|upkeep
|turn|3
|
|t:|1636740558
|move|p1a: Stealth rock|Misty Explosion|p2a: Sandslash
|-resisted|p2a: Sandslash
|-damage|p2a: Sandslash|86/100
|faint|p1a: Stealth rock
|move|p2a: Sandslash|Spikes|p1: Stealth rock
|-sidestart|p1: mefrog|Spikes
|
|upkeep
|
|t:|1636740565
|switch|p1a: BoneRush|Marowak, M|100/100
|-damage|p1a: BoneRush|88/100|[from] Spikes
|turn|4
|
|t:|1636740568
|switch|p2a: Uxie|Uxie|100/100
|-damage|p2a: Uxie|88/100|[from] Stealth Rock
|move|p1a: BoneRush|Power-Up Punch|p2a: Uxie
|-resisted|p2a: Uxie
|-damage|p2a: Uxie|80/100
|-boost|p1a: BoneRush|atk|1
|
|upkeep
|turn|5
|
|t:|1636740574
|switch|p2a: Sandslash|Sandslash-Alola, M, shiny|86/100
|move|p1a: BoneRush|Knock Off|p2a: Sandslash
|-damage|p2a: Sandslash|39/100
|-enditem|p2a: Sandslash|Heavy-Duty Boots|[from] move: Knock Off|[of] p1a: BoneRush
|
|-fieldend|move: Trick Room
|upkeep
|turn|6
|
|t:|1636740580
|switch|p1a: Poltergeist|Dusclops, F|100/100
|-damage|p1a: Poltergeist|88/100|[from] Spikes
|-ability|p1a: Poltergeist|Pressure
|move|p2a: Sandslash|Knock Off|p1a: Poltergeist
|-supereffective|p1a: Poltergeist
|-damage|p1a: Poltergeist|64/100
|-enditem|p1a: Poltergeist|Eviolite|[from] move: Knock Off|[of] p2a: Sandslash
|
|upkeep
|turn|7
|
|t:|1636740586
|move|p2a: Sandslash|Spikes|p1a: Poltergeist
|-sidestart|p1: mefrog|Spikes
|move|p1a: Poltergeist|Trick Room|p1a: Poltergeist
|-fieldstart|move: Trick Room|[of] p1a: Poltergeist
|
|upkeep
|turn|8
|
|t:|1636740591
|switch|p1a: Iron head|Perrserker, M|100/100
|-damage|p1a: Iron head|84/100|[from] Spikes
|move|p2a: Sandslash|Spikes|p1a: Iron head
|-sidestart|p1: mefrog|Spikes
|
|upkeep
|turn|9
|j| kemman
|
|t:|1636740608
|move|p1a: Iron head|Iron Head|p2a: Sandslash
|-damage|p2a: Sandslash|0 fnt
|faint|p2a: Sandslash
|
|upkeep
|
|t:|1636740615
|switch|p2a: Poliwrath|Poliwrath, M|100/100
|-damage|p2a: Poliwrath|94/100|[from] Stealth Rock
|turn|10
|
|t:|1636740621
|move|p1a: Iron head|Seed Bomb|p2a: Poliwrath
|-supereffective|p2a: Poliwrath
|-damage|p2a: Poliwrath|33/100
|move|p2a: Poliwrath|Close Combat|p1a: Iron head
|-supereffective|p1a: Iron head
|-damage|p1a: Iron head|0 fnt
|-unboost|p2a: Poliwrath|def|1
|-unboost|p2a: Poliwrath|spd|1
|faint|p1a: Iron head
|
|upkeep
|
|t:|1636740631
|switch|p1a: BoneRush|Marowak, M|88/100
|-damage|p1a: BoneRush|63/100|[from] Spikes
|turn|11
|
|t:|1636740636
|switch|p2a: Uxie|Uxie|80/100
|-damage|p2a: Uxie|67/100|[from] Stealth Rock
|move|p1a: BoneRush|Double-Edge|p2a: Uxie
|-damage|p2a: Uxie|19/100
|
|-fieldend|move: Trick Room
|upkeep
|turn|12
|
|t:|1636740646
|switch|p1a: Yawn|Audino, F|100/100
|move|p2a: Uxie|U-turn|p1a: Yawn
|-damage|p1a: Yawn|89/100
|
|t:|1636740670
|switch|p2a: Poliwrath|Poliwrath, M|33/100|[from]move: U-turn
|-damage|p2a: Poliwrath|26/100|[from] Stealth Rock
|
|upkeep
|turn|13
|
|t:|1636740677
|switch|p1a: Poltergeist|Dusclops, F|64/100
|-damage|p1a: Poltergeist|39/100|[from] Spikes
|-ability|p1a: Poltergeist|Pressure
|move|p2a: Poliwrath|Liquidation|p1a: Poltergeist
|-damage|p1a: Poltergeist|0 fnt
|faint|p1a: Poltergeist
|
|upkeep
|
|t:|1636740681
|switch|p1a: Yawn|Audino, F|100/100
|turn|14
|
|t:|1636740692
|switch|p2a: Articuno|Articuno-Galar|100/100
|-damage|p2a: Articuno|76/100|[from] Stealth Rock
|move|p1a: Yawn|Trick Room|p1a: Yawn
|-fieldstart|move: Trick Room|[of] p1a: Yawn
|
|upkeep
|turn|15
|
|t:|1636740698
|switch|p1a: BoneRush|Marowak, M|63/100
|-damage|p1a: BoneRush|38/100|[from] Spikes
|move|p2a: Articuno|Freezing Glare|p1a: BoneRush
|-damage|p1a: BoneRush|0 fnt
|faint|p1a: BoneRush
|
|upkeep
|
|t:|1636740700
|switch|p1a: BulkUp|Throh, M|100/100
|-damage|p1a: BulkUp|75/100|[from] Spikes
|turn|16
|
|t:|1636740710
|switch|p2a: Uxie|Uxie|19/100
|-damage|p2a: Uxie|6/100|[from] Stealth Rock
|move|p1a: BulkUp|Knock Off|p2a: Uxie
|-supereffective|p2a: Uxie
|-enditem|p2a: Uxie|Colbur Berry|[eat]
|-enditem|p2a: Uxie|Colbur Berry|[weaken]
|-damage|p2a: Uxie|0 fnt
|faint|p2a: Uxie
|
|-status|p1a: BulkUp|brn|[from] item: Flame Orb
|upkeep
|
|t:|1636740727
|switch|p2a: Aggron|Aggron, M|100/100
|-damage|p2a: Aggron|94/100|[from] Stealth Rock
|turn|17
|
|t:|1636740731
|move|p1a: BulkUp|Superpower|p2a: Aggron
|-supereffective|p2a: Aggron
|-damage|p2a: Aggron|0 fnt
|-unboost|p1a: BulkUp|atk|1
|-unboost|p1a: BulkUp|def|1
|faint|p2a: Aggron
|
|-damage|p1a: BulkUp|69/100 brn|[from] brn
|upkeep
|
|t:|1636740739
|switch|p2a: Silvally|Silvally-Fairy, shiny|100/100
|-damage|p2a: Silvally|88/100|[from] Stealth Rock
|turn|18
|
|t:|1636740745
|switch|p1a: Yawn|Audino, F|100/100
|move|p2a: Silvally|Swords Dance|p2a: Silvally
|-boost|p2a: Silvally|atk|2
|
|-fieldend|move: Trick Room
|upkeep
|turn|19
|
|t:|1636740755
|move|p2a: Silvally|Swords Dance|p2a: Silvally
|-boost|p2a: Silvally|atk|2
|move|p1a: Yawn|Trick Room|p1a: Yawn
|-fieldstart|move: Trick Room|[of] p1a: Yawn
|
|upkeep
|turn|20
|
|t:|1636740760
|move|p1a: Yawn|Encore|p2a: Silvally
|-start|p2a: Silvally|Encore
|move|p2a: Silvally|Swords Dance|p2a: Silvally
|-boost|p2a: Silvally|atk|2
|
|upkeep
|turn|21
|
|t:|1636740768
|switch|p1a: BulkUp|Throh, M|69/100 brn
|-damage|p1a: BulkUp|44/100 brn|[from] Spikes
|switch|p2a: Articuno|Articuno-Galar|76/100
|-damage|p2a: Articuno|51/100|[from] Stealth Rock
|
|-damage|p1a: BulkUp|38/100 brn|[from] brn
|upkeep
|turn|22
|
|t:|1636740778
|switch|p2a: Silvally|Silvally-Fairy, shiny|88/100
|-damage|p2a: Silvally|76/100|[from] Stealth Rock
|move|p1a: BulkUp|Facade|p2a: Silvally
|-damage|p2a: Silvally|7/100
|
|-damage|p1a: BulkUp|32/100 brn|[from] brn
|upkeep
|turn|23
|
|t:|1636740782
|move|p1a: BulkUp|Knock Off|p2a: Silvally
|-resisted|p2a: Silvally
|-damage|p2a: Silvally|0 fnt
|faint|p2a: Silvally
|
|-damage|p1a: BulkUp|26/100 brn|[from] brn
|-fieldend|move: Trick Room
|upkeep
|
|t:|1636740783
|switch|p2a: Poliwrath|Poliwrath, M|26/100
|-damage|p2a: Poliwrath|20/100|[from] Stealth Rock
|turn|24
|
|t:|1636740787
|move|p2a: Poliwrath|Close Combat|p1a: BulkUp
|-damage|p1a: BulkUp|0 fnt
|-unboost|p2a: Poliwrath|def|1
|-unboost|p2a: Poliwrath|spd|1
|faint|p1a: BulkUp
|
|upkeep
|
|t:|1636740790
|switch|p1a: Yawn|Audino, F|100/100
|turn|25
|
|t:|1636740792
|move|p2a: Poliwrath|Close Combat|p1a: Yawn
|-supereffective|p1a: Yawn
|-damage|p1a: Yawn|0 fnt
|-unboost|p2a: Poliwrath|def|1
|-unboost|p2a: Poliwrath|spd|1
|faint|p1a: Yawn
|
|win|Gogoatcounsel
|raw|mefrog's rating: 1437 &rarr; <strong>1428</strong><br />(-9 for losing)
|raw|Gogoatcounsel's rating: 1664 &rarr; <strong>1673</strong><br />(+9 for winning)
|l|☆mefrog
|c|☆Gogoatcounsel|gg
