|j|☆cafay sukray
|j|☆Jewced
|t:|1652168951
|gametype|singles
|player|p1|cafay sukray|swimmer-gen4dp|1610
|player|p2|Jewced|102|1391
|teamsize|p1|6
|teamsize|p2|6
|gen|8
|tier|[Gen 8] PU
|rated|
|rule|Sleep Clause Mod: Limit one foe put to sleep
|rule|Species Clause: Limit one of each Pokémon
|rule|OHKO Clause: OHKO moves are banned
|rule|Evasion Moves Clause: Evasion moves are banned
|rule|Endless Battle Clause: Forcing endless battles is banned
|rule|HP Percentage Mod: HP is shown in percentages
|rule|Dynamax Clause: You cannot dynamax
|clearpoke
|poke|p1|Silvally-*|
|poke|p1|Charizard, F|
|poke|p1|Lycanroc, F|
|poke|p1|Jellicent, M|
|poke|p1|Perrserker, F|
|poke|p1|Scrafty, F|
|poke|p2|Togedemaru, F|
|poke|p2|Articuno-Galar|
|poke|p2|Weezing, M|
|poke|p2|Hitmonlee, M|
|poke|p2|Thwackey, M|
|poke|p2|Coalossal, M|
|teampreview
|
|t:|1652168999
|start
|switch|p1a: Charizard|Charizard, F|100/100
|switch|p2a: Togedemaru|Togedemaru, F|100/100
|turn|1
|inactive|Battle timer is ON: inactive players will automatically lose when time's up. (requested by Jewced)
|
|t:|1652169009
|switch|p1a: Scrafty|Scrafty, F|100/100
|switch|p2a: Coalossal|Coalossal, M|100/100
|
|upkeep
|turn|2
|
|t:|1652169013
|move|p1a: Scrafty|Knock Off|p2a: Coalossal
|-damage|p2a: Coalossal|81/100
|-enditem|p2a: Coalossal|Heavy-Duty Boots|[from] move: Knock Off|[of] p1a: Scrafty
|move|p2a: Coalossal|Stealth Rock|p1a: Scrafty
|-sidestart|p1: cafay sukray|move: Stealth Rock
|
|upkeep
|turn|3
|
|t:|1652169019
|switch|p2a: Weezing|Weezing, M|100/100
|move|p1a: Scrafty|Bulk Up|p1a: Scrafty
|-boost|p1a: Scrafty|atk|1
|-boost|p1a: Scrafty|def|1
|
|upkeep
|turn|4
|
|t:|1652169021
|move|p2a: Weezing|Sludge Bomb|p1a: Scrafty
|-damage|p1a: Scrafty|82/100
|move|p1a: Scrafty|Knock Off|p2a: Weezing
|-damage|p2a: Weezing|72/100
|-enditem|p2a: Weezing|Black Sludge|[from] move: Knock Off|[of] p1a: Scrafty
|
|-heal|p1a: Scrafty|88/100|[from] item: Leftovers
|upkeep
|turn|5
|
|t:|1652169026
|move|p2a: Weezing|Sludge Bomb|p1a: Scrafty
|-damage|p1a: Scrafty|69/100
|move|p1a: Scrafty|Bulk Up|p1a: Scrafty
|-boost|p1a: Scrafty|atk|1
|-boost|p1a: Scrafty|def|1
|
|-heal|p1a: Scrafty|75/100|[from] item: Leftovers
|upkeep
|turn|6
|
|t:|1652169032
|move|p2a: Weezing|Sludge Bomb|p1a: Scrafty
|-damage|p1a: Scrafty|57/100
|move|p1a: Scrafty|Bulk Up|p1a: Scrafty
|-boost|p1a: Scrafty|atk|1
|-boost|p1a: Scrafty|def|1
|
|-heal|p1a: Scrafty|63/100|[from] item: Leftovers
|upkeep
|turn|7
|
|t:|1652169036
|move|p2a: Weezing|Sludge Bomb|p1a: Scrafty
|-damage|p1a: Scrafty|46/100
|move|p1a: Scrafty|Drain Punch|p2a: Weezing
|-resisted|p2a: Weezing
|-damage|p2a: Weezing|55/100
|-heal|p1a: Scrafty|55/100|[from] drain|[of] p2a: Weezing
|
|-heal|p1a: Scrafty|61/100|[from] item: Leftovers
|upkeep
|turn|8
|
|t:|1652169040
|move|p2a: Weezing|Sludge Bomb|p1a: Scrafty
|-damage|p1a: Scrafty|44/100
|-status|p1a: Scrafty|psn
|move|p1a: Scrafty|Drain Punch|p2a: Weezing
|-resisted|p2a: Weezing
|-damage|p2a: Weezing|36/100
|-heal|p1a: Scrafty|53/100 psn|[from] drain|[of] p2a: Weezing
|
|-heal|p1a: Scrafty|59/100 psn|[from] item: Leftovers
|-damage|p1a: Scrafty|47/100 psn|[from] psn
|upkeep
|turn|9
|
|t:|1652169046
|move|p2a: Weezing|Sludge Bomb|p1a: Scrafty
|-damage|p1a: Scrafty|30/100 psn
|move|p1a: Scrafty|Rest|p1a: Scrafty
|-status|p1a: Scrafty|slp|[from] move: Rest
|-heal|p1a: Scrafty|100/100 slp|[silent]
|
|upkeep
|turn|10
|
|t:|1652169051
|switch|p2a: Articuno|Articuno-Galar|100/100
|cant|p1a: Scrafty|slp
|
|upkeep
|turn|11
|
|t:|1652169060
|switch|p1a: Lycanroc|Lycanroc, F|100/100
|-damage|p1a: Lycanroc|88/100|[from] Stealth Rock
|move|p2a: Articuno|Hurricane|p1a: Lycanroc
|-resisted|p1a: Lycanroc
|-damage|p1a: Lycanroc|24/100
|
|upkeep
|turn|12
|
|t:|1652169069
|switch|p2a: Weezing|Weezing, M|36/100
|move|p1a: Lycanroc|Stealth Rock|p2a: Weezing
|-sidestart|p2: Jewced|move: Stealth Rock
|
|upkeep
|turn|13
|
|t:|1652169072
|move|p1a: Lycanroc|Stone Edge|p2a: Weezing
|-damage|p2a: Weezing|0 fnt
|faint|p2a: Weezing
|-damage|p1a: Lycanroc|15/100|[from] item: Life Orb
|
|upkeep
|
|t:|1652169077
|switch|p2a: Thwackey|Thwackey, M|100/100
|-damage|p2a: Thwackey|88/100|[from] Stealth Rock
|-fieldstart|move: Grassy Terrain|[from] ability: Grassy Surge|[of] p2a: Thwackey
|turn|14
|
|t:|1652169079
|move|p1a: Lycanroc|Stone Edge|p2a: Thwackey
|-damage|p2a: Thwackey|17/100
|-damage|p1a: Lycanroc|5/100|[from] item: Life Orb
|move|p2a: Thwackey|U-turn|p1a: Lycanroc
|-damage|p1a: Lycanroc|0 fnt
|faint|p1a: Lycanroc
|
|t:|1652169083
|switch|p2a: Togedemaru|Togedemaru, F|100/100|[from]move: U-turn
|-damage|p2a: Togedemaru|95/100|[from] Stealth Rock
|
|-heal|p2a: Togedemaru|100/100|[from] Grassy Terrain
|upkeep
|j| 07l中国大妈
|
|t:|1652169093
|switch|p1a: Scrafty|Scrafty, F|100/100 slp
|-damage|p1a: Scrafty|95/100 slp|[from] Stealth Rock
|turn|15
|
|t:|1652169106
|switch|p1a: Charizard|Charizard, F|100/100
|move|p2a: Togedemaru|Spiky Shield||[still]
|-fail|p2a: Togedemaru
|
|upkeep
|turn|16
|
|t:|1652169119
|switch|p1a: Jellicent|Jellicent, M|100/100
|-damage|p1a: Jellicent|88/100|[from] Stealth Rock
|switch|p2a: Coalossal|Coalossal, M|81/100
|-damage|p2a: Coalossal|57/100|[from] Stealth Rock
|
|-heal|p1a: Jellicent|94/100|[from] Grassy Terrain
|-heal|p2a: Coalossal|63/100|[from] Grassy Terrain
|upkeep
|turn|17
|
|t:|1652169125
|switch|p2a: Togedemaru|Togedemaru, F|100/100
|-damage|p2a: Togedemaru|95/100|[from] Stealth Rock
|move|p1a: Jellicent|Water Spout|p2a: Togedemaru
|-damage|p2a: Togedemaru|0 fnt
|faint|p2a: Togedemaru
|
|-heal|p1a: Jellicent|100/100|[from] Grassy Terrain
|upkeep
|
|t:|1652169132
|switch|p2a: Thwackey|Thwackey, M|17/100
|-damage|p2a: Thwackey|4/100|[from] Stealth Rock
|turn|18
|
|t:|1652169135
|switch|p1a: Charizard|Charizard, F|100/100
|move|p2a: Thwackey|Knock Off|p1a: Charizard
|-damage|p1a: Charizard|62/100
|-enditem|p1a: Charizard|Heavy-Duty Boots|[from] move: Knock Off|[of] p2a: Thwackey
|
|-heal|p2a: Thwackey|10/100|[from] Grassy Terrain
|-fieldend|move: Grassy Terrain
|upkeep
|turn|19
|
|t:|1652169143
|switch|p1a: Silvally|Silvally-Dragon|100/100
|-damage|p1a: Silvally|88/100|[from] Stealth Rock
|switch|p2a: Coalossal|Coalossal, M|63/100
|-damage|p2a: Coalossal|38/100|[from] Stealth Rock
|
|upkeep
|turn|20
|
|t:|1652169148
|move|p1a: Silvally|Swords Dance|p1a: Silvally
|-boost|p1a: Silvally|atk|2
|move|p2a: Coalossal|Rapid Spin|p1a: Silvally
|-damage|p1a: Silvally|77/100
|-boost|p2a: Coalossal|spe|1
|-sideend|p2: Jewced|Stealth Rock|[from] move: Rapid Spin|[of] p2a: Coalossal
|
|upkeep
|turn|21
|
|t:|1652169153
|move|p1a: Silvally|Flame Charge|p2a: Coalossal
|-resisted|p2a: Coalossal
|-damage|p2a: Coalossal|33/100
|-boost|p1a: Silvally|spe|1
|move|p2a: Coalossal|Stone Edge|p1a: Silvally
|-damage|p1a: Silvally|44/100
|
|upkeep
|turn|22
|
|t:|1652169160
|move|p1a: Silvally|Multi-Attack|p2a: Coalossal
|-damage|p2a: Coalossal|0 fnt
|faint|p2a: Coalossal
|
|upkeep
|
|t:|1652169167
|switch|p2a: Thwackey|Thwackey, M|10/100
|-fieldstart|move: Grassy Terrain|[from] ability: Grassy Surge|[of] p2a: Thwackey
|turn|23
|
|t:|1652169169
|move|p2a: Thwackey|Grassy Glide|p1a: Silvally
|-resisted|p1a: Silvally
|-damage|p1a: Silvally|24/100
|move|p1a: Silvally|Flame Charge|p2a: Thwackey
|-supereffective|p2a: Thwackey
|-damage|p2a: Thwackey|0 fnt
|-boost|p1a: Silvally|spe|1
|faint|p2a: Thwackey
|
|-heal|p1a: Silvally|30/100|[from] Grassy Terrain
|upkeep
|
|t:|1652169172
|switch|p2a: Hitmonlee|Hitmonlee, M|100/100
|-enditem|p2a: Hitmonlee|Grassy Seed
|-boost|p2a: Hitmonlee|def|1|[from] item: Grassy Seed
|turn|24
|
|t:|1652169175
|move|p1a: Silvally|Multi-Attack|p2a: Hitmonlee
|-damage|p2a: Hitmonlee|0 fnt
|faint|p2a: Hitmonlee
|
|-heal|p1a: Silvally|36/100|[from] Grassy Terrain
|upkeep
|
|t:|1652169181
|switch|p2a: Articuno|Articuno-Galar|100/100
|turn|25
|
|t:|1652169183
|move|p1a: Silvally|Multi-Attack|p2a: Articuno
|-damage|p2a: Articuno|0 fnt
|faint|p2a: Articuno
|
|win|cafay sukray
|raw|cafay sukray's rating: 1610 &rarr; <strong>1619</strong><br />(+9 for winning)
|raw|Jewced's rating: 1391 &rarr; <strong>1382</strong><br />(-9 for losing)
|l|☆Jewced
