|j|☆cafay sukray
|j|‽Eichorrnia
|t:|1659015318
|gametype|singles
|player|p1|cafay sukray|1|1512
|player|p2|Eichorrnia|170|1565
|teamsize|p1|6
|teamsize|p2|6
|gen|8
|tier|[Gen 8] PU
|rated|
|rule|Sleep Clause Mod: Limit one foe put to sleep
|rule|Species Clause: Limit one of each Pokémon
|rule|OHKO Clause: OHKO moves are banned
|rule|Evasion Moves Clause: Evasion moves are banned
|rule|Endless Battle Clause: Forcing endless battles is banned
|rule|HP Percentage Mod: HP is shown in percentages
|rule|Dynamax Clause: You cannot dynamax
|clearpoke
|poke|p1|Charizard, M|
|poke|p1|Jellicent, M|
|poke|p1|Magneton|
|poke|p1|Abomasnow, F|
|poke|p1|Sandaconda, M|
|poke|p1|Kabutops, F|
|poke|p2|Charizard, F|
|poke|p2|Gigalith, M|
|poke|p2|Sandslash, M|
|poke|p2|Ferroseed, F|
|poke|p2|Lanturn, F|
|poke|p2|Comfey, M|
|teampreview
|
|t:|1659015348
|start
|switch|p1a: Kabutops|Kabutops, F|100/100
|switch|p2a: Charizard|Charizard, F|100/100
|turn|1
|
|t:|1659015355
|switch|p2a: Ferroseed|Ferroseed, F|100/100
|move|p1a: Kabutops|Knock Off|p2a: Ferroseed
|-damage|p2a: Ferroseed|86/100
|-damage|p1a: Kabutops|88/100|[from] ability: Iron Barbs|[of] p2a: Ferroseed
|-enditem|p2a: Ferroseed|Eviolite|[from] move: Knock Off|[of] p1a: Kabutops
|
|-heal|p1a: Kabutops|94/100|[from] item: Leftovers
|upkeep
|turn|2
|inactive|Battle timer is ON: inactive players will automatically lose when time's up. (requested by Eichorrnia)
|
|t:|1659015370
|move|p1a: Kabutops|Flip Turn|p2a: Ferroseed
|-resisted|p2a: Ferroseed
|-damage|p2a: Ferroseed|77/100
|-damage|p1a: Kabutops|82/100|[from] ability: Iron Barbs|[of] p2a: Ferroseed
|
|t:|1659015386
|switch|p1a: Charizard|Charizard, M|100/100|[from]move: Flip Turn
|move|p2a: Ferroseed|Spikes|p1a: Charizard
|-sidestart|p1: cafay sukray|Spikes
|
|upkeep
|turn|3
|
|t:|1659015416
|switch|p2a: Lanturn|Lanturn, F|100/100
|move|p1a: Charizard|Toxic|p2a: Lanturn
|-status|p2a: Lanturn|tox
|
|-damage|p2a: Lanturn|94/100 tox|[from] psn
|upkeep
|turn|4
|
|t:|1659015421
|switch|p1a: Abomasnow|Abomasnow, F|100/100
|-damage|p1a: Abomasnow|88/100|[from] Spikes
|-weather|Hail|[from] ability: Snow Warning|[of] p1a: Abomasnow
|move|p2a: Lanturn|Scald|p1a: Abomasnow
|-resisted|p1a: Abomasnow
|-damage|p1a: Abomasnow|76/100
|
|-weather|Hail|[upkeep]
|-damage|p2a: Lanturn|88/100 tox|[from] Hail
|-heal|p2a: Lanturn|94/100 tox|[from] item: Leftovers
|-damage|p2a: Lanturn|82/100 tox|[from] psn
|upkeep
|turn|5
|
|t:|1659015429
|move|p1a: Abomasnow|Blizzard|p2a: Lanturn
|-resisted|p2a: Lanturn
|-damage|p2a: Lanturn|60/100 tox
|move|p2a: Lanturn|Volt Switch|p1a: Abomasnow
|-resisted|p1a: Abomasnow
|-damage|p1a: Abomasnow|64/100
|
|t:|1659015433
|switch|p2a: Charizard|Charizard, F|100/100|[from]move: Volt Switch
|
|-weather|Hail|[upkeep]
|-damage|p2a: Charizard|94/100|[from] Hail
|upkeep
|turn|6
|
|t:|1659015440
|move|p2a: Charizard|Hurricane|p1a: Abomasnow|[miss]
|-miss|p2a: Charizard|p1a: Abomasnow
|move|p1a: Abomasnow|Blizzard|p2a: Charizard
|-damage|p2a: Charizard|9/100
|
|-weather|Hail|[upkeep]
|-damage|p2a: Charizard|3/100|[from] Hail
|upkeep
|turn|7
|
|t:|1659015449
|switch|p2a: Gigalith|Gigalith, M|100/100
|-weather|Sandstorm|[from] ability: Sand Stream|[of] p2a: Gigalith
|switch|p1a: Kabutops|Kabutops, F|82/100
|-damage|p1a: Kabutops|70/100|[from] Spikes
|
|-weather|Sandstorm|[upkeep]
|-heal|p1a: Kabutops|76/100|[from] item: Leftovers
|upkeep
|turn|8
|
|t:|1659015455
|move|p1a: Kabutops|Flip Turn|p2a: Gigalith
|-supereffective|p2a: Gigalith
|-damage|p2a: Gigalith|68/100
|
|t:|1659015458
|switch|p1a: Sandaconda|Sandaconda, M|100/100|[from]move: Flip Turn
|-damage|p1a: Sandaconda|88/100|[from] Spikes
|move|p2a: Gigalith|Earthquake|p1a: Sandaconda
|-damage|p1a: Sandaconda|68/100
|
|-weather|Sandstorm|[upkeep]
|-heal|p2a: Gigalith|74/100|[from] item: Leftovers
|upkeep
|turn|9
|
|t:|1659015467
|switch|p2a: Ferroseed|Ferroseed, F|77/100
|move|p1a: Sandaconda|Stealth Rock|p2a: Ferroseed
|-sidestart|p2: Eichorrnia|move: Stealth Rock
|
|-weather|Sandstorm|[upkeep]
|upkeep
|turn|10
|
|t:|1659015471
|move|p1a: Sandaconda|Earthquake|p2a: Ferroseed
|-damage|p2a: Ferroseed|45/100
|move|p2a: Ferroseed|Spikes|p1a: Sandaconda
|-sidestart|p1: cafay sukray|Spikes
|
|-weather|Sandstorm|[upkeep]
|upkeep
|turn|11
|
|t:|1659015474
|move|p1a: Sandaconda|Earthquake|p2a: Ferroseed
|-damage|p2a: Ferroseed|14/100
|move|p2a: Ferroseed|Leech Seed|p1a: Sandaconda
|-start|p1a: Sandaconda|move: Leech Seed
|
|-weather|none
|-damage|p1a: Sandaconda|56/100|[from] Leech Seed|[of] p2a: Ferroseed
|-heal|p2a: Ferroseed|29/100|[silent]
|upkeep
|turn|12
|
|t:|1659015480
|switch|p2a: Comfey|Comfey, M|100/100
|move|p1a: Sandaconda|Earthquake|p2a: Comfey
|-damage|p2a: Comfey|58/100
|
|-damage|p1a: Sandaconda|44/100|[from] Leech Seed|[of] p2a: Comfey
|-heal|p2a: Comfey|72/100|[silent]
|upkeep
|turn|13
|
|t:|1659015487
|switch|p1a: Magneton|Magneton|100/100
|-damage|p1a: Magneton|84/100|[from] Spikes
|move|p2a: Comfey|Giga Drain|p1a: Magneton
|-resisted|p1a: Magneton
|-damage|p1a: Magneton|62/100
|-heal|p2a: Comfey|81/100|[from] drain|[of] p1a: Magneton
|
|upkeep
|turn|14
|
|t:|1659015494
|switch|p2a: Ferroseed|Ferroseed, F|29/100
|-damage|p2a: Ferroseed|22/100|[from] Stealth Rock
|move|p1a: Magneton|Tri Attack|p2a: Ferroseed
|-resisted|p2a: Ferroseed
|-damage|p2a: Ferroseed|0 fnt
|faint|p2a: Ferroseed
|
|upkeep
|
|t:|1659015498
|switch|p2a: Sandslash|Sandslash, M|100/100
|-damage|p2a: Sandslash|94/100|[from] Stealth Rock
|turn|15
|
|t:|1659015510
|switch|p1a: Jellicent|Jellicent, M|100/100
|-damage|p1a: Jellicent|84/100|[from] Spikes
|move|p2a: Sandslash|Knock Off|p1a: Jellicent
|-supereffective|p1a: Jellicent
|-damage|p1a: Jellicent|4/100
|-enditem|p1a: Jellicent|Choice Specs|[from] move: Knock Off|[of] p2a: Sandslash
|
|-heal|p2a: Sandslash|100/100|[from] item: Leftovers
|upkeep
|turn|16
|
|t:|1659015522
|switch|p2a: Gigalith|Gigalith, M|74/100
|-damage|p2a: Gigalith|62/100|[from] Stealth Rock
|-weather|Sandstorm|[from] ability: Sand Stream|[of] p2a: Gigalith
|move|p1a: Jellicent|Scald|p2a: Gigalith
|-supereffective|p2a: Gigalith
|-damage|p2a: Gigalith|30/100
|
|-weather|Sandstorm|[upkeep]
|-damage|p1a: Jellicent|0 fnt|[from] Sandstorm
|faint|p1a: Jellicent
|-heal|p2a: Gigalith|36/100|[from] item: Leftovers
|upkeep
|
|t:|1659015538
|switch|p1a: Abomasnow|Abomasnow, F|64/100
|-damage|p1a: Abomasnow|48/100|[from] Spikes
|-weather|Hail|[from] ability: Snow Warning|[of] p1a: Abomasnow
|turn|17
|
|t:|1659015545
|move|p2a: Gigalith|Protect|p2a: Gigalith
|-singleturn|p2a: Gigalith|Protect
|move|p1a: Abomasnow|Giga Drain|p2a: Gigalith
|-activate|p2a: Gigalith|move: Protect
|
|-weather|Hail|[upkeep]
|-damage|p2a: Gigalith|30/100|[from] Hail
|-heal|p2a: Gigalith|36/100|[from] item: Leftovers
|upkeep
|turn|18
|
|t:|1659015552
|switch|p2a: Charizard|Charizard, F|3/100
|-damage|p2a: Charizard|0 fnt|[from] Stealth Rock
|faint|p2a: Charizard
|move|p1a: Abomasnow|Giga Drain|p2: Charizard|[notarget]
|-fail|p1a: Abomasnow
|
|-weather|Hail|[upkeep]
|upkeep
|
|t:|1659015561
|switch|p2a: Comfey|Comfey, M|81/100
|turn|19
|
|t:|1659015566
|switch|p1a: Charizard|Charizard, M|100/100
|move|p2a: Comfey|Calm Mind|p2a: Comfey
|-boost|p2a: Comfey|spa|1
|-boost|p2a: Comfey|spd|1
|
|-weather|Hail|[upkeep]
|-damage|p1a: Charizard|94/100|[from] Hail
|-damage|p2a: Comfey|74/100|[from] Hail
|upkeep
|turn|20
|
|t:|1659015571
|switch|p2a: Lanturn|Lanturn, F|60/100 tox
|-damage|p2a: Lanturn|47/100 tox|[from] Stealth Rock
|move|p1a: Charizard|Toxic|p2a: Lanturn
|-fail|p2a: Lanturn|tox
|
|-weather|Hail|[upkeep]
|-damage|p1a: Charizard|88/100|[from] Hail
|-damage|p2a: Lanturn|41/100 tox|[from] Hail
|-heal|p2a: Lanturn|47/100 tox|[from] item: Leftovers
|-damage|p2a: Lanturn|41/100 tox|[from] psn
|upkeep
|turn|21
|
|t:|1659015582
|switch|p1a: Kabutops|Kabutops, F|76/100
|-damage|p1a: Kabutops|59/100|[from] Spikes
|move|p2a: Lanturn|Heal Bell|p2a: Lanturn
|-activate|p2a: Lanturn|move: Heal Bell
|-curestatus|p2a: Lanturn|tox|[msg]
|
|-weather|none
|-heal|p1a: Kabutops|65/100|[from] item: Leftovers
|-heal|p2a: Lanturn|47/100|[from] item: Leftovers
|upkeep
|turn|22
|
|t:|1659015588
|move|p1a: Kabutops|Rapid Spin|p2a: Lanturn
|-damage|p2a: Lanturn|35/100
|-boost|p1a: Kabutops|spe|1
|-sideend|p1: cafay sukray|Spikes|[from] move: Rapid Spin|[of] p1a: Kabutops
|move|p2a: Lanturn|Scald|p1a: Kabutops
|-damage|p1a: Kabutops|43/100
|
|-heal|p1a: Kabutops|49/100|[from] item: Leftovers
|-heal|p2a: Lanturn|41/100|[from] item: Leftovers
|upkeep
|turn|23
|
|t:|1659015595
|move|p1a: Kabutops|Knock Off|p2a: Lanturn
|-damage|p2a: Lanturn|17/100
|-enditem|p2a: Lanturn|Leftovers|[from] move: Knock Off|[of] p1a: Kabutops
|move|p2a: Lanturn|Volt Switch|p1a: Kabutops
|-supereffective|p1a: Kabutops
|-damage|p1a: Kabutops|12/100
|
|t:|1659015599
|switch|p2a: Comfey|Comfey, M|74/100|[from]move: Volt Switch
|
|-heal|p1a: Kabutops|18/100|[from] item: Leftovers
|upkeep
|turn|24
|
|t:|1659015603
|switch|p1a: Charizard|Charizard, M|88/100
|move|p2a: Comfey|Defog|p1a: Charizard
|-unboost|p1a: Charizard|evasion|1
|-sideend|p2: Eichorrnia|Stealth Rock|[from] move: Defog|[of] p2a: Comfey
|
|upkeep
|turn|25
|
|t:|1659015607
|switch|p2a: Lanturn|Lanturn, F|17/100
|move|p1a: Charizard|Toxic|p2a: Lanturn
|-status|p2a: Lanturn|tox
|
|-damage|p2a: Lanturn|11/100 tox|[from] psn
|upkeep
|turn|26
|
|t:|1659015609
|move|p1a: Charizard|Flamethrower|p2a: Lanturn
|-resisted|p2a: Lanturn
|-damage|p2a: Lanturn|0 fnt
|faint|p2a: Lanturn
|
|upkeep
|
|t:|1659015612
|switch|p2a: Gigalith|Gigalith, M|36/100
|-weather|Sandstorm|[from] ability: Sand Stream|[of] p2a: Gigalith
|turn|27
|
|t:|1659015624
|switch|p1a: Kabutops|Kabutops, F|18/100
|move|p2a: Gigalith|Stealth Rock|p1a: Kabutops
|-sidestart|p1: cafay sukray|move: Stealth Rock
|
|-weather|Sandstorm|[upkeep]
|-heal|p1a: Kabutops|24/100|[from] item: Leftovers
|-heal|p2a: Gigalith|42/100|[from] item: Leftovers
|upkeep
|turn|28
|
|t:|1659015631
|move|p1a: Kabutops|Rapid Spin|p2a: Gigalith
|-resisted|p2a: Gigalith
|-damage|p2a: Gigalith|37/100
|-boost|p1a: Kabutops|spe|1
|-sideend|p1: cafay sukray|Stealth Rock|[from] move: Rapid Spin|[of] p1a: Kabutops
|move|p2a: Gigalith|Earthquake|p1a: Kabutops
|-supereffective|p1a: Kabutops
|-damage|p1a: Kabutops|0 fnt
|faint|p1a: Kabutops
|
|-weather|Sandstorm|[upkeep]
|-heal|p2a: Gigalith|43/100|[from] item: Leftovers
|upkeep
|
|t:|1659015634
|switch|p1a: Abomasnow|Abomasnow, F|48/100
|-weather|Hail|[from] ability: Snow Warning|[of] p1a: Abomasnow
|turn|29
|
|t:|1659015636
|move|p2a: Gigalith|Protect|p2a: Gigalith
|-singleturn|p2a: Gigalith|Protect
|move|p1a: Abomasnow|Giga Drain|p2a: Gigalith
|-activate|p2a: Gigalith|move: Protect
|
|-weather|Hail|[upkeep]
|-damage|p2a: Gigalith|37/100|[from] Hail
|-heal|p2a: Gigalith|43/100|[from] item: Leftovers
|upkeep
|turn|30
|
|t:|1659015641
|switch|p2a: Comfey|Comfey, M|74/100
|move|p1a: Abomasnow|Giga Drain|p2a: Comfey
|-damage|p2a: Comfey|28/100
|-heal|p1a: Abomasnow|70/100|[from] drain|[of] p2a: Comfey
|
|-weather|Hail|[upkeep]
|-damage|p2a: Comfey|22/100|[from] Hail
|upkeep
|turn|31
|
|t:|1659015644
|switch|p1a: Magneton|Magneton|62/100
|move|p2a: Comfey|Draining Kiss|p1a: Magneton
|-resisted|p1a: Magneton
|-damage|p1a: Magneton|43/100
|-heal|p2a: Comfey|33/100|[from] drain|[of] p1a: Magneton
|
|-weather|Hail|[upkeep]
|-damage|p1a: Magneton|37/100|[from] Hail
|-damage|p2a: Comfey|27/100|[from] Hail
|upkeep
|turn|32
|
|t:|1659015650
|move|p2a: Comfey|Giga Drain|p1a: Magneton
|-resisted|p1a: Magneton
|-damage|p1a: Magneton|18/100
|-heal|p2a: Comfey|34/100|[from] drain|[of] p1a: Magneton
|move|p1a: Magneton|Flash Cannon|p2a: Comfey
|-supereffective|p2a: Comfey
|-damage|p2a: Comfey|0 fnt
|faint|p2a: Comfey
|
|-weather|Hail|[upkeep]
|-damage|p1a: Magneton|12/100|[from] Hail
|upkeep
|
|t:|1659015662
|switch|p2a: Sandslash|Sandslash, M|100/100
|turn|33
|
|t:|1659015665
|move|p1a: Magneton|Flash Cannon|p2a: Sandslash
|-damage|p2a: Sandslash|0 fnt
|faint|p2a: Sandslash
|
|-weather|none
|upkeep
|-message|Eichorrnia forfeited.
|
|win|cafay sukray
|raw|cafay sukray's rating: 1512 &rarr; <strong>1535</strong><br />(+23 for winning)
|raw|Eichorrnia's rating: 1565 &rarr; <strong>1542</strong><br />(-23 for losing)
|l|‽Eichorrnia
