|j|☆allstarapology
|j|☆hjkhj
|player|p1|allstarapology|misty|1417
|player|p2|hjkhj|265|1610
|teamsize|p1|6
|teamsize|p2|6
|gametype|singles
|gen|8
|tier|[Gen 8] PU
|rated|
|clearpoke
|poke|p1|Shuckle, F|
|poke|p1|Pawniard, F|
|poke|p1|Gastly, F|
|poke|p1|Fraxure, M|
|poke|p1|Manectric, F|
|poke|p1|Silvally-*|
|poke|p2|Pyukumuku, F|
|poke|p2|Musharna, F|
|poke|p2|Vespiquen, F|
|poke|p2|Vullaby, F|
|poke|p2|Hippopotas, M|
|poke|p2|Lapras, F|
|rule|Sleep Clause Mod: Limit one foe put to sleep
|rule|Species Clause: Limit one of each Pokémon
|rule|OHKO Clause: OHKO moves are banned
|rule|Evasion Moves Clause: Evasion moves are banned
|rule|Endless Battle Clause: Forcing endless battles is banned
|rule|HP Percentage Mod: HP is shown in percentages
|rule|Dynamax Clause: You cannot dynamax
|teampreview
|inactive|Battle timer is ON: inactive players will automatically lose when time's up. (requested by allstarapology)
|
|start
|switch|p1a: Shuckle|Shuckle, F|100/100
|switch|p2a: Lapras|Lapras, F|100/100
|turn|1
|
|move|p2a: Lapras|Whirlpool|p1a: Shuckle
|-supereffective|p1a: Shuckle
|-damage|p1a: Shuckle|88/100
|-activate|p1a: Shuckle|move: Whirlpool|[of] p2a: Lapras
|move|p1a: Shuckle|Stealth Rock|p2a: Lapras
|-sidestart|p2: hjkhj|move: Stealth Rock
|
|-damage|p1a: Shuckle|76/100|[from] move: Whirlpool|[partiallytrapped]
|upkeep
|turn|2
|
|move|p2a: Lapras|Toxic|p1a: Shuckle
|-status|p1a: Shuckle|tox
|move|p1a: Shuckle|Final Gambit|p2a: Lapras
|-damage|p2a: Lapras|61/100
|faint|p1a: Shuckle
|
|-heal|p2a: Lapras|67/100|[from] item: Leftovers
|upkeep
|
|switch|p1a: Silvally|Silvally-Fighting|100/100
|turn|3
|j| Carkoal Basculin
|
|move|p1a: Silvally|Swords Dance|p1a: Silvally
|-boost|p1a: Silvally|atk|2
|move|p2a: Lapras|Toxic|p1a: Silvally
|-status|p1a: Silvally|tox
|
|-heal|p2a: Lapras|73/100|[from] item: Leftovers
|-damage|p1a: Silvally|94/100 tox|[from] psn
|upkeep
|turn|4
|
|switch|p2a: Pyukumuku|Pyukumuku, F|100/100
|-damage|p2a: Pyukumuku|88/100|[from] Stealth Rock
|move|p1a: Silvally|Shadow Claw|p2a: Pyukumuku
|-damage|p2a: Pyukumuku|76/100
|
|-heal|p2a: Pyukumuku|82/100|[from] item: Leftovers
|-damage|p1a: Silvally|82/100 tox|[from] psn
|upkeep
|turn|5
|
|switch|p1a: Gastly|Gastly, F|100/100
|move|p2a: Pyukumuku|Soak|p1a: Gastly
|-start|p1a: Gastly|typechange|Water
|
|-heal|p2a: Pyukumuku|88/100|[from] item: Leftovers
|upkeep
|turn|6
|
|switch|p1a: Pawniard|Pawniard, F|100/100
|move|p2a: Pyukumuku|Toxic|p1a: Pawniard
|-immune|p1a: Pawniard
|
|-heal|p2a: Pyukumuku|94/100|[from] item: Leftovers
|upkeep
|turn|7
|
|move|p1a: Pawniard|Knock Off|p2a: Pyukumuku
|-damage|p2a: Pyukumuku|65/100
|-enditem|p2a: Pyukumuku|Leftovers|[from] move: Knock Off|[of] p1a: Pawniard
|move|p2a: Pyukumuku|Soak|p1a: Pawniard
|-start|p1a: Pawniard|typechange|Water
|
|upkeep
|turn|8
|
|switch|p1a: Gastly|Gastly, F|100/100
|move|p2a: Pyukumuku|Recover|p2a: Pyukumuku
|-heal|p2a: Pyukumuku|100/100
|
|upkeep
|turn|9
|
|switch|p2a: Vespiquen|Vespiquen, F|100/100
|-ability|p2a: Vespiquen|Pressure
|move|p1a: Gastly|Shadow Ball|p2a: Vespiquen
|-damage|p2a: Vespiquen|63/100
|
|upkeep
|turn|10
|
|move|p1a: Gastly|Shadow Ball|p2a: Vespiquen
|-damage|p2a: Vespiquen|27/100
|move|p2a: Vespiquen|Defog|p1a: Gastly
|-unboost|p1a: Gastly|evasion|1
|-sideend|p2: hjkhj|Stealth Rock|[from] move: Defog|[of] p2a: Vespiquen
|
|upkeep
|turn|11
|
|switch|p1a: Pawniard|Pawniard, F|100/100
|switch|p2a: Vullaby|Vullaby, F|100/100
|
|upkeep
|turn|12
|
|move|p1a: Pawniard|Knock Off|p2a: Vullaby
|-resisted|p2a: Vullaby
|-damage|p2a: Vullaby|88/100
|-enditem|p2a: Vullaby|Eviolite|[from] move: Knock Off|[of] p1a: Pawniard
|move|p2a: Vullaby|Knock Off|p1a: Pawniard
|-resisted|p1a: Pawniard
|-damage|p1a: Pawniard|88/100
|-enditem|p1a: Pawniard|Eviolite|[from] move: Knock Off|[of] p2a: Vullaby
|
|upkeep
|turn|13
|
|move|p1a: Pawniard|Swords Dance|p1a: Pawniard
|-boost|p1a: Pawniard|atk|2
|move|p2a: Vullaby|Heat Wave|p1a: Pawniard
|-supereffective|p1a: Pawniard
|-damage|p1a: Pawniard|18/100
|
|upkeep
|turn|14
|
|switch|p2a: Pyukumuku|Pyukumuku, F|100/100
|move|p1a: Pawniard|Iron Head|p2a: Pyukumuku
|-resisted|p2a: Pyukumuku
|-damage|p2a: Pyukumuku|89/100
|
|upkeep
|turn|15
|
|move|p1a: Pawniard|Knock Off|p2a: Pyukumuku
|-damage|p2a: Pyukumuku|68/100
|move|p2a: Pyukumuku|Soak|p1a: Pawniard
|-start|p1a: Pawniard|typechange|Water
|
|upkeep
|turn|16
|
|switch|p1a: Gastly|Gastly, F|100/100
|move|p2a: Pyukumuku|Recover|p2a: Pyukumuku
|-heal|p2a: Pyukumuku|100/100
|
|upkeep
|turn|17
|
|move|p1a: Gastly|Sludge Wave|p2a: Pyukumuku
|-damage|p2a: Pyukumuku|54/100
|move|p2a: Pyukumuku|Soak|p1a: Gastly
|-start|p1a: Gastly|typechange|Water
|
|upkeep
|turn|18
|
|switch|p1a: Pawniard|Pawniard, F|18/100
|move|p2a: Pyukumuku|Recover|p2a: Pyukumuku
|-heal|p2a: Pyukumuku|100/100
|
|upkeep
|turn|19
|
|move|p1a: Pawniard|Knock Off|p2a: Pyukumuku
|-damage|p2a: Pyukumuku|80/100
|move|p2a: Pyukumuku|Soak|p1a: Pawniard
|-start|p1a: Pawniard|typechange|Water
|
|upkeep
|turn|20
|
|switch|p1a: Gastly|Gastly, F|100/100
|move|p2a: Pyukumuku|Soak|p1a: Gastly
|-start|p1a: Gastly|typechange|Water
|
|upkeep
|turn|21
|
|switch|p1a: Pawniard|Pawniard, F|18/100
|switch|p2a: Hippopotas|Hippopotas, M|100/100
|-weather|Sandstorm|[from] ability: Sand Stream|[of] p2a: Hippopotas
|
|-weather|Sandstorm|[upkeep]
|upkeep
|turn|22
|
|move|p1a: Pawniard|Knock Off|p2a: Hippopotas
|-damage|p2a: Hippopotas|76/100
|-enditem|p2a: Hippopotas|Eviolite|[from] move: Knock Off|[of] p1a: Pawniard
|move|p2a: Hippopotas|Stealth Rock|p1a: Pawniard
|-sidestart|p1: allstarapology|move: Stealth Rock
|
|-weather|Sandstorm|[upkeep]
|upkeep
|turn|23
|
|move|p1a: Pawniard|Iron Head|p2a: Hippopotas
|-damage|p2a: Hippopotas|49/100
|cant|p2a: Hippopotas|flinch
|
|-weather|Sandstorm|[upkeep]
|upkeep
|turn|24
|
|move|p1a: Pawniard|Swords Dance|p1a: Pawniard
|-boost|p1a: Pawniard|atk|2
|move|p2a: Hippopotas|Slack Off|p2a: Hippopotas
|-heal|p2a: Hippopotas|99/100
|
|-weather|Sandstorm|[upkeep]
|upkeep
|turn|25
|
|switch|p2a: Pyukumuku|Pyukumuku, F|80/100
|move|p1a: Pawniard|Iron Head|p2a: Pyukumuku
|-resisted|p2a: Pyukumuku
|-damage|p2a: Pyukumuku|69/100
|
|-weather|none
|upkeep
|turn|26
|
|move|p1a: Pawniard|Iron Head|p2a: Pyukumuku
|-resisted|p2a: Pyukumuku
|-crit|p2a: Pyukumuku
|-damage|p2a: Pyukumuku|50/100
|move|p2a: Pyukumuku|Recover|p2a: Pyukumuku
|-heal|p2a: Pyukumuku|99/100
|
|upkeep
|turn|27
|
|move|p1a: Pawniard|Knock Off|p2a: Pyukumuku
|-damage|p2a: Pyukumuku|80/100
|move|p2a: Pyukumuku|Soak|p1a: Pawniard
|-start|p1a: Pawniard|typechange|Water
|
|upkeep
|turn|28
|
|switch|p1a: Gastly|Gastly, F|100/100
|-damage|p1a: Gastly|88/100|[from] Stealth Rock
|switch|p2a: Hippopotas|Hippopotas, M|99/100
|-weather|Sandstorm|[from] ability: Sand Stream|[of] p2a: Hippopotas
|
|-weather|Sandstorm|[upkeep]
|-damage|p1a: Gastly|82/100|[from] Sandstorm
|upkeep
|turn|29
|
|switch|p2a: Vullaby|Vullaby, F|88/100
|move|p1a: Gastly|Shadow Ball|p2a: Vullaby
|-resisted|p2a: Vullaby
|-damage|p2a: Vullaby|52/100
|
|-weather|Sandstorm|[upkeep]
|-damage|p1a: Gastly|76/100|[from] Sandstorm
|upkeep
|turn|30
|
|switch|p1a: Manectric|Manectric, F|100/100
|-damage|p1a: Manectric|88/100|[from] Stealth Rock
|move|p2a: Vullaby|Roost|p2a: Vullaby
|-heal|p2a: Vullaby|100/100
|-singleturn|p2a: Vullaby|move: Roost
|
|-weather|Sandstorm|[upkeep]
|-damage|p1a: Manectric|82/100|[from] Sandstorm
|upkeep
|turn|31
|
|switch|p2a: Musharna|Musharna, F|100/100
|move|p1a: Manectric|Switcheroo|p2a: Musharna
|-activate|p1a: Manectric|move: Trick|[of] p2a: Musharna
|-item|p2a: Musharna|Choice Scarf|[from] move: Switcheroo
|-item|p1a: Manectric|Leftovers|[from] move: Switcheroo
|
|-weather|Sandstorm|[upkeep]
|-damage|p1a: Manectric|76/100|[from] Sandstorm
|-damage|p2a: Musharna|94/100|[from] Sandstorm
|-heal|p1a: Manectric|82/100|[from] item: Leftovers
|upkeep
|turn|32
|j| tlenit1
|
|switch|p2a: Hippopotas|Hippopotas, M|99/100
|move|p1a: Manectric|Flamethrower|p2a: Hippopotas
|-crit|p2a: Hippopotas
|-damage|p2a: Hippopotas|22/100
|
|-weather|none
|-heal|p1a: Manectric|88/100|[from] item: Leftovers
|upkeep
|turn|33
|
|switch|p2a: Musharna|Musharna, F|94/100
|move|p1a: Manectric|Flamethrower|p2a: Musharna
|-damage|p2a: Musharna|72/100
|-status|p2a: Musharna|brn
|-activate|p2a: Musharna|ability: Synchronize
|-status|p1a: Manectric|brn
|
|-heal|p1a: Manectric|94/100 brn|[from] item: Leftovers
|-damage|p1a: Manectric|88/100 brn|[from] brn
|-damage|p2a: Musharna|66/100 brn|[from] brn
|upkeep
|turn|34
|
|move|p1a: Manectric|Volt Switch|p2a: Musharna
|-damage|p2a: Musharna|42/100 brn
|
|switch|p1a: Pawniard|Pawniard, F|18/100|[from]move: Volt Switch
|-damage|p1a: Pawniard|12/100|[from] Stealth Rock
|move|p2a: Musharna|Moonlight|p2a: Musharna
|-heal|p2a: Musharna|92/100 brn
|
|-damage|p2a: Musharna|86/100 brn|[from] brn
|upkeep
|turn|35
|
|move|p1a: Pawniard|Knock Off|p2a: Musharna
|-supereffective|p2a: Musharna
|-damage|p2a: Musharna|33/100 brn
|-enditem|p2a: Musharna|Choice Scarf|[from] move: Knock Off|[of] p1a: Pawniard
|move|p2a: Musharna|Moonlight|p2a: Musharna
|-heal|p2a: Musharna|83/100 brn
|
|-damage|p2a: Musharna|77/100 brn|[from] brn
|upkeep
|turn|36
|
|switch|p2a: Pyukumuku|Pyukumuku, F|80/100
|move|p1a: Pawniard|Knock Off|p2a: Pyukumuku
|-damage|p2a: Pyukumuku|59/100
|
|upkeep
|turn|37
|
|switch|p1a: Gastly|Gastly, F|76/100
|-damage|p1a: Gastly|64/100|[from] Stealth Rock
|move|p2a: Pyukumuku|Recover|p2a: Pyukumuku
|-heal|p2a: Pyukumuku|100/100
|
|upkeep
|turn|38
|
|move|p1a: Gastly|Sludge Wave|p2a: Pyukumuku
|-damage|p2a: Pyukumuku|47/100
|move|p2a: Pyukumuku|Soak|p1a: Gastly
|-start|p1a: Gastly|typechange|Water
|
|upkeep
|turn|39
|
|switch|p1a: Pawniard|Pawniard, F|12/100
|-damage|p1a: Pawniard|6/100|[from] Stealth Rock
|move|p2a: Pyukumuku|Recover|p2a: Pyukumuku
|-heal|p2a: Pyukumuku|97/100
|
|upkeep
|turn|40
|
|switch|p2a: Vullaby|Vullaby, F|100/100
|move|p1a: Pawniard|Knock Off|p2a: Vullaby
|-resisted|p2a: Vullaby
|-crit|p2a: Vullaby
|-damage|p2a: Vullaby|83/100
|
|upkeep
|turn|41
|
|move|p1a: Pawniard|Iron Head|p2a: Vullaby
|-damage|p2a: Vullaby|55/100
|move|p2a: Vullaby|Knock Off|p1a: Pawniard
|-resisted|p1a: Pawniard
|-damage|p1a: Pawniard|0 fnt
|faint|p1a: Pawniard
|
|upkeep
|
|switch|p1a: Fraxure|Fraxure, M|100/100
|-damage|p1a: Fraxure|88/100|[from] Stealth Rock
|-ability|p1a: Fraxure|Mold Breaker
|turn|42
|
|switch|p2a: Pyukumuku|Pyukumuku, F|97/100
|move|p1a: Fraxure|Dragon Dance|p1a: Fraxure
|-boost|p1a: Fraxure|atk|1
|-boost|p1a: Fraxure|spe|1
|
|upkeep
|turn|43
|
|move|p1a: Fraxure|Taunt|p2a: Pyukumuku
|-start|p2a: Pyukumuku|move: Taunt
|cant|p2a: Pyukumuku|move: Taunt|Toxic
|
|upkeep
|turn|44
|
|switch|p2a: Musharna|Musharna, F|77/100 brn
|move|p1a: Fraxure|Dragon Dance|p1a: Fraxure
|-boost|p1a: Fraxure|atk|1
|-boost|p1a: Fraxure|spe|1
|
|-damage|p2a: Musharna|71/100 brn|[from] brn
|upkeep
|turn|45
|
|move|p1a: Fraxure|Dragon Claw|p2a: Musharna
|-damage|p2a: Musharna|19/100 brn
|move|p2a: Musharna|Psychic|p1a: Fraxure
|-damage|p1a: Fraxure|39/100
|
|-damage|p2a: Musharna|13/100 brn|[from] brn
|upkeep
|turn|46
|
|move|p1a: Fraxure|Dragon Claw|p2a: Musharna
|-damage|p2a: Musharna|0 fnt
|faint|p2a: Musharna
|
|upkeep
|
|switch|p2a: Lapras|Lapras, F|73/100
|turn|47
|
|move|p1a: Fraxure|Taunt|p2a: Lapras
|-start|p2a: Lapras|move: Taunt
|move|p2a: Lapras|Whirlpool|p1a: Fraxure
|-resisted|p1a: Fraxure
|-crit|p1a: Fraxure
|-damage|p1a: Fraxure|27/100
|-activate|p1a: Fraxure|move: Whirlpool|[of] p2a: Lapras
|
|-heal|p2a: Lapras|79/100|[from] item: Leftovers
|-damage|p1a: Fraxure|15/100|[from] move: Whirlpool|[partiallytrapped]
|upkeep
|turn|48
|
|move|p1a: Fraxure|Dragon Claw|p2a: Lapras
|-damage|p2a: Lapras|0 fnt
|faint|p2a: Lapras
|
|-end|p1a: Fraxure|Whirlpool|[partiallytrapped]|[silent]
|upkeep
|c| tlenit1|asa, sub>taunt?
|c|☆allstarapology|considered
|
|switch|p2a: Hippopotas|Hippopotas, M|22/100
|-weather|Sandstorm|[from] ability: Sand Stream|[of] p2a: Hippopotas
|turn|49
|
|move|p1a: Fraxure|Dragon Claw|p2a: Hippopotas
|-damage|p2a: Hippopotas|0 fnt
|faint|p2a: Hippopotas
|
|-weather|Sandstorm|[upkeep]
|-damage|p1a: Fraxure|9/100|[from] Sandstorm
|upkeep
|
|switch|p2a: Vespiquen|Vespiquen, F|27/100
|-ability|p2a: Vespiquen|Pressure
|turn|50
|
|move|p1a: Fraxure|Dragon Claw|p2a: Vespiquen
|-damage|p2a: Vespiquen|0 fnt
|faint|p2a: Vespiquen
|
|-weather|Sandstorm|[upkeep]
|-damage|p1a: Fraxure|2/100|[from] Sandstorm
|upkeep
|
|switch|p2a: Vullaby|Vullaby, F|55/100
|turn|51
|
|move|p1a: Fraxure|Dragon Claw|p2a: Vullaby
|-damage|p2a: Vullaby|0 fnt
|faint|p2a: Vullaby
|
|-weather|Sandstorm|[upkeep]
|-damage|p1a: Fraxure|0 fnt|[from] Sandstorm
|faint|p1a: Fraxure
|upkeep
|
|switch|p1a: Gastly|Gastly, F|64/100
|switch|p2a: Pyukumuku|Pyukumuku, F|97/100
|-damage|p1a: Gastly|51/100|[from] Stealth Rock
|turn|52
|c|☆allstarapology|gg
|c|☆hjkhj|gg
|
|move|p1a: Gastly|Trick|p2a: Pyukumuku
|-activate|p1a: Gastly|move: Trick|[of] p2a: Pyukumuku
|-item|p2a: Pyukumuku|Choice Specs|[from] move: Trick
|-enditem|p1a: Gastly|Choice Specs|[silent]|[from] move: Trick
|move|p2a: Pyukumuku|Soak|p1a: Gastly
|-start|p1a: Gastly|typechange|Water
|
|-weather|Sandstorm|[upkeep]
|-damage|p1a: Gastly|45/100|[from] Sandstorm
|-damage|p2a: Pyukumuku|91/100|[from] Sandstorm
|upkeep
|turn|53
|-message|hjkhj forfeited.
|
|win|allstarapology
|l|☆hjkhj
|l|☆allstarapology
|l| Carkoal Basculin
|raw|allstarapology's rating: 1426 &rarr; <strong>1456</strong><br />(+30 for winning)
|raw|hjkhj's rating: 1610 &rarr; <strong>1580</strong><br />(-30 for losing)
|l| tlenit1
