|j|☆zoowi
|j|☆Yank My Funnybone
|t:|1608410473
|player|p1|zoowi|burglar-gen2|1362
|player|p2|Yank My Funnybone|molayne|1526
|teamsize|p1|6
|teamsize|p2|6
|gametype|singles
|gen|8
|tier|[Gen 8] PU
|rated|
|clearpoke
|poke|p1|Sirfetch’d, M|
|poke|p1|Talonflame, F|
|poke|p1|Stunfisk-Galar, F|
|poke|p1|Vikavolt, M|
|poke|p1|Dugtrio-Alola, M|
|poke|p1|Silvally-*|
|poke|p2|Lycanroc, F|
|poke|p2|Omastar, M|
|poke|p2|Indeedee-F, F|
|poke|p2|Hitmonlee, M|
|poke|p2|Silvally-*|
|poke|p2|Turtonator, M|
|rule|Sleep Clause Mod: Limit one foe put to sleep
|rule|Species Clause: Limit one of each Pokémon
|rule|OHKO Clause: OHKO moves are banned
|rule|Evasion Moves Clause: Evasion moves are banned
|rule|Endless Battle Clause: Forcing endless battles is banned
|rule|HP Percentage Mod: HP is shown in percentages
|rule|Dynamax Clause: You cannot dynamax
|teampreview
|l|☆Yank My Funnybone
|player|p2|
|inactive|Battle timer is ON: inactive players will automatically lose when time's up. (requested by zoowi)
|inactive|Yank My Funnybone has 30 seconds to reconnect!
|inactive|Yank My Funnybone has 20 seconds to reconnect!
|j|☆Yank My Funnybone
|inactive|Yank My Funnybone reconnected and has 110 seconds left.
|player|p2|Yank My Funnybone|molayne
|
|t:|1608410631
|start
|switch|p1a: Dugtrio|Dugtrio-Alola, M|100/100
|switch|p2a: Lycanroc|Lycanroc, F|100/100
|turn|1
|
|t:|1608410635
|move|p2a: Lycanroc|Taunt|p1a: Dugtrio
|-start|p1a: Dugtrio|move: Taunt
|move|p1a: Dugtrio|Earthquake|p2a: Lycanroc
|-supereffective|p2a: Lycanroc
|-enditem|p2a: Lycanroc|Focus Sash
|-damage|p2a: Lycanroc|1/100
|
|upkeep
|turn|2
|
|t:|1608410643
|move|p2a: Lycanroc|Stealth Rock|p1a: Dugtrio
|-sidestart|p1: zoowi|move: Stealth Rock
|move|p1a: Dugtrio|Earthquake|p2a: Lycanroc
|-supereffective|p2a: Lycanroc
|-damage|p2a: Lycanroc|0 fnt
|faint|p2a: Lycanroc
|
|upkeep
|
|t:|1608410662
|switch|p2a: Indeedee|Indeedee-F, F|100/100
|-fieldstart|move: Psychic Terrain|[from] ability: Psychic Surge|[of] p2a: Indeedee
|turn|3
|
|t:|1608410668
|move|p1a: Dugtrio|Earthquake|p2a: Indeedee
|-damage|p2a: Indeedee|23/100
|move|p2a: Indeedee|Mystical Fire|p1a: Dugtrio
|-supereffective|p1a: Dugtrio
|-damage|p1a: Dugtrio|6/100
|-unboost|p1a: Dugtrio|spa|1
|
|-heal|p1a: Dugtrio|12/100|[from] item: Leftovers
|-end|p1a: Dugtrio|move: Taunt
|upkeep
|turn|4
|
|t:|1608410688
|move|p1a: Dugtrio|Earthquake|p2a: Indeedee
|-damage|p2a: Indeedee|0 fnt
|faint|p2a: Indeedee
|
|-heal|p1a: Dugtrio|18/100|[from] item: Leftovers
|upkeep
|
|t:|1608410690
|switch|p2a: Hitmonlee|Hitmonlee, M|100/100
|-enditem|p2a: Hitmonlee|Psychic Seed
|-boost|p2a: Hitmonlee|spd|1|[from] item: Psychic Seed
|turn|5
|
|t:|1608410702
|switch|p1a: Talonflame|Talonflame, F|100/100
|move|p2a: Hitmonlee|Knock Off|p1a: Talonflame
|-damage|p1a: Talonflame|62/100
|-enditem|p1a: Talonflame|Heavy-Duty Boots|[from] move: Knock Off|[of] p2a: Hitmonlee
|
|upkeep
|turn|6
|
|t:|1608410712
|switch|p2a: Omastar|Omastar, M|100/100
|move|p1a: Talonflame|Brave Bird|p2a: Omastar
|-resisted|p2a: Omastar
|-damage|p2a: Omastar|82/100
|-ability|p2a: Omastar|Weak Armor|boost
|-unboost|p2a: Omastar|def|1
|-boost|p2a: Omastar|spe|2
|-damage|p1a: Talonflame|57/100|[from] Recoil
|
|upkeep
|turn|7
|
|t:|1608410717
|move|p2a: Omastar|Shell Smash|p2a: Omastar
|-unboost|p2a: Omastar|def|1
|-unboost|p2a: Omastar|spd|1
|-boost|p2a: Omastar|atk|2
|-boost|p2a: Omastar|spa|2
|-boost|p2a: Omastar|spe|2
|move|p1a: Talonflame|Brave Bird|p2a: Omastar
|-resisted|p2a: Omastar
|-damage|p2a: Omastar|49/100
|-ability|p2a: Omastar|Weak Armor|boost
|-unboost|p2a: Omastar|def|1
|-boost|p2a: Omastar|spe|2
|-damage|p1a: Talonflame|49/100|[from] Recoil
|
|upkeep
|turn|8
|
|t:|1608410720
|switch|p1a: Dugtrio|Dugtrio-Alola, M|18/100
|-damage|p1a: Dugtrio|15/100|[from] Stealth Rock
|move|p2a: Omastar|Ice Beam|p1a: Dugtrio
|-damage|p1a: Dugtrio|0 fnt
|faint|p1a: Dugtrio
|
|upkeep
|
|t:|1608410723
|switch|p1a: Sirfetch’d|Sirfetch’d, M|100/100
|-damage|p1a: Sirfetch’d|94/100|[from] Stealth Rock
|turn|9
|
|t:|1608410726
|move|p1a: Sirfetch’d|First Impression|p2a: Omastar
|-activate|p2a: Omastar|move: Psychic Terrain
|move|p2a: Omastar|Hydro Pump|p1a: Sirfetch’d
|-damage|p1a: Sirfetch’d|0 fnt
|faint|p1a: Sirfetch’d
|
|upkeep
|-message|zoowi forfeited.
|
|win|Yank My Funnybone
|l|☆zoowi
|raw|zoowi's rating: 1362 &rarr; <strong>1351</strong><br />(-11 for losing)
|raw|Yank My Funnybone's rating: 1526 &rarr; <strong>1537</strong><br />(+11 for winning)
