|raw|<div class="broadcast-blue"><strong>This battle is required to be public due to a player having a name starting with 'pult4c1'.</div>
|j|☆PULT4C1 Inder
|j|☆gassy neigh
|t:|1660556857
|gametype|singles
|player|p1|PULT4C1 Inder|lyra|1354
|player|p2|gassy neigh|clown|1641
|teamsize|p1|6
|teamsize|p2|6
|gen|8
|tier|[Gen 8] PU
|rated|
|rule|Sleep Clause Mod: Limit one foe put to sleep
|rule|Species Clause: Limit one of each Pokémon
|rule|OHKO Clause: OHKO moves are banned
|rule|Evasion Items Clause: Evasion items are banned
|rule|Evasion Moves Clause: Evasion moves are banned
|rule|Endless Battle Clause: Forcing endless battles is banned
|rule|HP Percentage Mod: HP is shown in percentages
|rule|Dynamax Clause: You cannot dynamax
|clearpoke
|poke|p1|Doublade, F|
|poke|p1|Vikavolt, F|
|poke|p1|Archeops, F|
|poke|p1|Silvally-*|
|poke|p1|Turtonator, M|
|poke|p1|Druddigon, F|
|poke|p2|Gigalith, M|
|poke|p2|Gourgeist-*, M|
|poke|p2|Cryogonal|
|poke|p2|Comfey, M|
|poke|p2|Persian-Alola, F|
|poke|p2|Magneton|
|teampreview
|inactive|Battle timer is ON: inactive players will automatically lose when time's up. (requested by PULT4C1 Inder)
|
|t:|1660556869
|start
|switch|p1a: Druddigon|Druddigon, F|100/100
|switch|p2a: Gourgeist|Gourgeist-Super, M|100/100
|-ability|p1a: Druddigon|Mold Breaker
|-item|p1a: Druddigon|Focus Sash|[from] ability: Frisk|[of] p2a: Gourgeist|[identify]
|turn|1
|j| PULT4C1 Lambo
|inactive|PULT4C1 Inder has 120 seconds left.
|inactive|PULT4C1 Inder has 90 seconds left.
|
|t:|1660556938
|move|p1a: Druddigon|Taunt|p2a: Gourgeist
|-start|p2a: Gourgeist|move: Taunt
|move|p2a: Gourgeist|Poltergeist|p1a: Druddigon
|-activate|p1a: Druddigon|move: Poltergeist|Focus Sash
|-damage|p1a: Druddigon|33/100
|
|upkeep
|turn|2
|
|t:|1660556943
|move|p1a: Druddigon|Stealth Rock|p2a: Gourgeist
|-sidestart|p2: gassy neigh|move: Stealth Rock
|move|p2a: Gourgeist|Poltergeist|p1a: Druddigon
|-activate|p1a: Druddigon|move: Poltergeist|Focus Sash
|-damage|p1a: Druddigon|0 fnt
|faint|p1a: Druddigon
|
|upkeep
|inactive|PULT4C1 Inder has 90 seconds left.
|
|t:|1660556960
|switch|p1a: Vikavolt|Vikavolt, F|100/100
|turn|3
|
|t:|1660556965
|move|p1a: Vikavolt|Bug Buzz|p2a: Gourgeist
|-damage|p2a: Gourgeist|28/100
|-enditem|p1a: Vikavolt|Throat Spray
|-boost|p1a: Vikavolt|spa|1|[from] item: Throat Spray
|move|p2a: Gourgeist|Poltergeist||[still]
|-fail|p2a: Gourgeist
|
|-end|p2a: Gourgeist|move: Taunt
|upkeep
|turn|4
|inactive|PULT4C1 Inder has 90 seconds left.
|
|t:|1660556980
|move|p2a: Gourgeist|Shadow Sneak|p1a: Vikavolt
|-damage|p1a: Vikavolt|75/100
|move|p1a: Vikavolt|Thunderbolt|p2a: Gourgeist
|-resisted|p2a: Gourgeist
|-damage|p2a: Gourgeist|0 fnt
|faint|p2a: Gourgeist
|
|upkeep
|
|t:|1660556988
|switch|p2a: Gigalith|Gigalith, M|100/100
|-damage|p2a: Gigalith|88/100|[from] Stealth Rock
|-weather|Sandstorm|[from] ability: Sand Stream|[of] p2a: Gigalith
|turn|5
|
|t:|1660556991
|move|p1a: Vikavolt|Thunderbolt|p2a: Gigalith
|-damage|p2a: Gigalith|49/100
|move|p2a: Gigalith|Rock Blast|p1a: Vikavolt
|-supereffective|p1a: Vikavolt
|-damage|p1a: Vikavolt|48/100
|-supereffective|p1a: Vikavolt
|-damage|p1a: Vikavolt|22/100
|-hitcount|p1a: Vikavolt|2
|
|-weather|Sandstorm|[upkeep]
|-damage|p1a: Vikavolt|16/100|[from] Sandstorm
|-heal|p2a: Gigalith|56/100|[from] item: Leftovers
|upkeep
|turn|6
|
|t:|1660557001
|switch|p2a: Cryogonal|Cryogonal|100/100
|move|p1a: Vikavolt|Thunderbolt|p2a: Cryogonal
|-damage|p2a: Cryogonal|45/100
|
|-weather|Sandstorm|[upkeep]
|-damage|p2a: Cryogonal|39/100|[from] Sandstorm
|-damage|p1a: Vikavolt|10/100|[from] Sandstorm
|upkeep
|turn|7
|
|t:|1660557005
|switch|p1a: Doublade|Doublade, F|100/100
|move|p2a: Cryogonal|Frost Breath|p1a: Doublade
|-resisted|p1a: Doublade
|-crit|p1a: Doublade
|-damage|p1a: Doublade|78/100
|
|-weather|Sandstorm|[upkeep]
|-damage|p2a: Cryogonal|33/100|[from] Sandstorm
|upkeep
|turn|8
|
|t:|1660557018
|switch|p2a: Comfey|Comfey, M|100/100
|-damage|p2a: Comfey|88/100|[from] Stealth Rock
|move|p1a: Doublade|Shadow Claw|p2a: Comfey
|-damage|p2a: Comfey|43/100
|
|-weather|Sandstorm|[upkeep]
|-damage|p2a: Comfey|37/100|[from] Sandstorm
|upkeep
|turn|9
|
|t:|1660557028
|move|p2a: Comfey|Trick|p1a: Doublade
|-activate|p2a: Comfey|move: Trick|[of] p1a: Doublade
|-item|p1a: Doublade|Choice Specs|[from] move: Trick
|-item|p2a: Comfey|Eviolite|[from] move: Trick
|move|p1a: Doublade|Shadow Claw|p2a: Comfey
|-crit|p2a: Comfey
|-damage|p2a: Comfey|0 fnt
|faint|p2a: Comfey
|
|-weather|none
|upkeep
|
|t:|1660557031
|switch|p2a: Persian|Persian-Alola, F|100/100
|-damage|p2a: Persian|88/100|[from] Stealth Rock
|turn|10
|
|t:|1660557036
|switch|p1a: Silvally|Silvally-Fairy|100/100
|move|p2a: Persian|Nasty Plot|p2a: Persian
|-boost|p2a: Persian|spa|2
|
|-heal|p2a: Persian|94/100|[from] item: Leftovers
|upkeep
|turn|11
|
|t:|1660557040
|move|p2a: Persian|Hypnosis|p1a: Silvally|[miss]
|-miss|p2a: Persian|p1a: Silvally
|move|p1a: Silvally|Multi-Attack|p2a: Persian
|-supereffective|p2a: Persian
|-damage|p2a: Persian|0 fnt
|faint|p2a: Persian
|
|upkeep
|
|t:|1660557043
|switch|p2a: Magneton|Magneton|100/100
|-damage|p2a: Magneton|94/100|[from] Stealth Rock
|turn|12
|
|t:|1660557047
|switch|p1a: Vikavolt|Vikavolt, F|10/100
|move|p2a: Magneton|Flash Cannon|p1a: Vikavolt
|-resisted|p1a: Vikavolt
|-damage|p1a: Vikavolt|0 fnt
|faint|p1a: Vikavolt
|
|upkeep
|
|t:|1660557053
|switch|p1a: Doublade|Doublade, F|78/100
|turn|13
|
|t:|1660557057
|move|p2a: Magneton|Volt Switch|p1a: Doublade
|-damage|p1a: Doublade|1/100
|
|t:|1660557059
|switch|p2a: Cryogonal|Cryogonal|33/100|[from]move: Volt Switch
|move|p1a: Doublade|Close Combat|p2a: Cryogonal
|-supereffective|p2a: Cryogonal
|-damage|p2a: Cryogonal|0 fnt
|-unboost|p1a: Doublade|def|1
|-unboost|p1a: Doublade|spd|1
|faint|p2a: Cryogonal
|
|upkeep
|
|t:|1660557061
|switch|p2a: Magneton|Magneton|94/100
|-damage|p2a: Magneton|88/100|[from] Stealth Rock
|turn|14
|
|t:|1660557063
|move|p2a: Magneton|Flash Cannon|p1a: Doublade
|-resisted|p1a: Doublade
|-damage|p1a: Doublade|0 fnt
|faint|p1a: Doublade
|
|upkeep
|
|t:|1660557067
|switch|p1a: Archeops|Archeops, F|100/100
|turn|15
|
|t:|1660557070
|move|p1a: Archeops|Earth Power|p2a: Magneton
|-supereffective|p2a: Magneton
|-damage|p2a: Magneton|0 fnt
|faint|p2a: Magneton
|
|upkeep
|
|t:|1660557071
|switch|p2a: Gigalith|Gigalith, M|56/100
|-damage|p2a: Gigalith|43/100|[from] Stealth Rock
|-weather|Sandstorm|[from] ability: Sand Stream|[of] p2a: Gigalith
|turn|16
|
|t:|1660557074
|move|p1a: Archeops|Meteor Beam||[still]
|-prepare|p1a: Archeops|Meteor Beam
|-boost|p1a: Archeops|spa|1
|-enditem|p1a: Archeops|Power Herb
|-anim|p1a: Archeops|Meteor Beam|p2a: Gigalith
|-damage|p2a: Gigalith|0 fnt
|faint|p2a: Gigalith
|
|win|PULT4C1 Inder
|raw|PULT4C1 Inder's rating: 1373 &rarr; <strong>1406</strong><br />(+33 for winning)
|raw|gassy neigh's rating: 1641 &rarr; <strong>1608</strong><br />(-33 for losing)
|c|☆gassy neigh|gg
|c|☆PULT4C1 Inder|((
|c|☆PULT4C1 Inder|gg
|l|☆gassy neigh
