|j|☆Pokrunk
|j|☆cafay sen sukr
|t:|1644285227
|gametype|singles
|player|p1|Pokrunk|red-gen1rb|1320
|player|p2|cafay sen sukr|swimmer-gen4dp|1604
|teamsize|p1|6
|teamsize|p2|6
|gen|8
|tier|[Gen 8] PU
|rated|
|rule|Sleep Clause Mod: Limit one foe put to sleep
|rule|Species Clause: Limit one of each Pokémon
|rule|OHKO Clause: OHKO moves are banned
|rule|Evasion Moves Clause: Evasion moves are banned
|rule|Endless Battle Clause: Forcing endless battles is banned
|rule|HP Percentage Mod: HP is shown in percentages
|rule|Dynamax Clause: You cannot dynamax
|clearpoke
|poke|p1|Walrein, F|
|poke|p1|Silvally-*|
|poke|p1|Sandslash, F|
|poke|p1|Gigalith, M|
|poke|p1|Whimsicott, F|
|poke|p1|Ribombee, M|
|poke|p2|Glastrier|
|poke|p2|Lanturn, M|
|poke|p2|Palossand, F|
|poke|p2|Espeon, F|
|poke|p2|Perrserker, M|
|poke|p2|Lurantis, F|
|teampreview
|
|t:|1644285238
|start
|switch|p1a: Gigalith|Gigalith, M|100/100
|switch|p2a: Glastrier|Glastrier|100/100
|-weather|Sandstorm|[from] ability: Sand Stream|[of] p1a: Gigalith
|turn|1
|
|t:|1644285245
|move|p2a: Glastrier|Swords Dance|p2a: Glastrier
|-boost|p2a: Glastrier|atk|2
|move|p1a: Gigalith|Rock Blast|p2a: Glastrier
|-supereffective|p2a: Glastrier
|-damage|p2a: Glastrier|85/100
|-supereffective|p2a: Glastrier
|-damage|p2a: Glastrier|69/100
|-hitcount|p2a: Glastrier|2
|
|-weather|Sandstorm|[upkeep]
|-damage|p2a: Glastrier|63/100|[from] Sandstorm
|upkeep
|turn|2
|
|t:|1644285262
|move|p1a: Gigalith|Protect|p1a: Gigalith
|-singleturn|p1a: Gigalith|Protect
|move|p2a: Glastrier|Close Combat|p1a: Gigalith
|-activate|p1a: Gigalith|move: Protect
|
|-weather|Sandstorm|[upkeep]
|-damage|p2a: Glastrier|57/100|[from] Sandstorm
|upkeep
|turn|3
|
|t:|1644285273
|switch|p1a: Ribombee|Ribombee, M|100/100
|move|p2a: Glastrier|Icicle Crash|p1a: Ribombee
|-damage|p1a: Ribombee|0 fnt
|faint|p1a: Ribombee
|-ability|p2a: Glastrier|Chilling Neigh|boost
|-boost|p2a: Glastrier|atk|1
|
|-weather|Sandstorm|[upkeep]
|-damage|p2a: Glastrier|51/100|[from] Sandstorm
|upkeep
|
|t:|1644285285
|switch|p1a: Whimsicott|Whimsicott, F|100/100
|turn|4
|
|t:|1644285288
|move|p1a: Whimsicott|Moonblast|p2a: Glastrier
|-damage|p2a: Glastrier|7/100
|move|p2a: Glastrier|Icicle Crash|p1a: Whimsicott
|-supereffective|p1a: Whimsicott
|-damage|p1a: Whimsicott|0 fnt
|faint|p1a: Whimsicott
|-ability|p2a: Glastrier|Chilling Neigh|boost
|-boost|p2a: Glastrier|atk|1
|
|-weather|Sandstorm|[upkeep]
|-damage|p2a: Glastrier|1/100|[from] Sandstorm
|upkeep
|
|t:|1644285300
|switch|p1a: Sandslash|Sandslash, F|100/100
|turn|5
|
|t:|1644285305
|move|p1a: Sandslash|Rapid Spin|p2a: Glastrier
|-damage|p2a: Glastrier|0 fnt
|-boost|p1a: Sandslash|spe|1
|faint|p2a: Glastrier
|-damage|p1a: Sandslash|91/100|[from] item: Life Orb
|
|-weather|none
|upkeep
|
|t:|1644285307
|switch|p2a: Lurantis|Lurantis, F|100/100
|turn|6
|
|t:|1644285330
|move|p1a: Sandslash|Knock Off|p2a: Lurantis
|-damage|p2a: Lurantis|60/100
|-enditem|p2a: Lurantis|Leftovers|[from] move: Knock Off|[of] p1a: Sandslash
|-damage|p1a: Sandslash|81/100|[from] item: Life Orb
|move|p2a: Lurantis|Superpower|p1a: Sandslash
|-damage|p1a: Sandslash|49/100
|-boost|p2a: Lurantis|atk|1
|-boost|p2a: Lurantis|def|1
|
|upkeep
|turn|7
|
|t:|1644285344
|switch|p1a: Silvally|Silvally-Fairy|100/100
|move|p2a: Lurantis|Synthesis|p2a: Lurantis
|-heal|p2a: Lurantis|100/100
|
|upkeep
|turn|8
|
|t:|1644285350
|move|p1a: Silvally|Swords Dance|p1a: Silvally
|-boost|p1a: Silvally|atk|2
|move|p2a: Lurantis|Leaf Storm|p1a: Silvally
|-damage|p1a: Silvally|58/100
|-boost|p2a: Lurantis|spa|2
|
|upkeep
|turn|9
|
|t:|1644285360
|move|p1a: Silvally|Multi-Attack|p2a: Lurantis
|-damage|p2a: Lurantis|23/100
|move|p2a: Lurantis|Leaf Storm|p1a: Silvally
|-damage|p1a: Silvally|0 fnt
|-boost|p2a: Lurantis|spa|2
|faint|p1a: Silvally
|
|upkeep
|
|t:|1644285370
|switch|p1a: Walrein|Walrein, F|100/100
|turn|10
|
|t:|1644285373
|move|p1a: Walrein|Icicle Spear|p2a: Lurantis
|-supereffective|p2a: Lurantis
|-damage|p2a: Lurantis|7/100
|-supereffective|p2a: Lurantis
|-damage|p2a: Lurantis|0 fnt
|faint|p2a: Lurantis
|-hitcount|p2: Lurantis|2
|
|upkeep
|
|t:|1644285375
|switch|p2a: Perrserker|Perrserker, M|100/100
|turn|11
|
|t:|1644285388
|switch|p1a: Gigalith|Gigalith, M|100/100
|-weather|Sandstorm|[from] ability: Sand Stream|[of] p1a: Gigalith
|move|p2a: Perrserker|Iron Head|p1a: Gigalith
|-supereffective|p1a: Gigalith
|-damage|p1a: Gigalith|0 fnt
|faint|p1a: Gigalith
|
|-weather|Sandstorm|[upkeep]
|upkeep
|
|t:|1644285398
|switch|p1a: Sandslash|Sandslash, F|49/100
|turn|12
|
|t:|1644285401
|move|p1a: Sandslash|Earthquake|p2a: Perrserker
|-supereffective|p2a: Perrserker
|-crit|p2a: Perrserker
|-damage|p2a: Perrserker|0 fnt
|faint|p2a: Perrserker
|-damage|p1a: Sandslash|39/100|[from] item: Life Orb
|
|-weather|Sandstorm|[upkeep]
|upkeep
|
|t:|1644285403
|switch|p2a: Palossand|Palossand, F|100/100
|turn|13
|
|t:|1644285413
|switch|p1a: Walrein|Walrein, F|100/100
|switch|p2a: Espeon|Espeon, F|100/100
|
|-weather|Sandstorm|[upkeep]
|-damage|p2a: Espeon|94/100|[from] Sandstorm
|-damage|p1a: Walrein|94/100|[from] Sandstorm
|upkeep
|turn|14
|
|t:|1644285429
|move|p2a: Espeon|Psychic|p1a: Walrein
|-damage|p1a: Walrein|28/100
|move|p1a: Walrein|Swords Dance|p1a: Walrein
|-boost|p1a: Walrein|atk|2
|
|-weather|Sandstorm|[upkeep]
|-damage|p2a: Espeon|88/100|[from] Sandstorm
|-damage|p1a: Walrein|21/100|[from] Sandstorm
|upkeep
|turn|15
|-message|Pokrunk forfeited.
|
|win|cafay sen sukr
|raw|Pokrunk's rating: 1320 &rarr; <strong>1313</strong><br />(-7 for losing)
|raw|cafay sen sukr's rating: 1604 &rarr; <strong>1611</strong><br />(+7 for winning)
|l|☆Pokrunk
