|j|☆Everybo-D
|j|☆allstarapology
|player|p1|Everybo-D|170|1479
|player|p2|allstarapology|pokemonbreederf|1484
|teamsize|p1|6
|teamsize|p2|6
|gametype|singles
|gen|8
|tier|[Gen 8] PU
|rated|
|clearpoke
|poke|p1|Butterfree, F|
|poke|p1|Gloom, M|
|poke|p1|Sandslash, M|
|poke|p1|Boltund, F|
|poke|p1|Mr. Mime-Galar, M|
|poke|p1|Lickilicky, F|
|poke|p2|Boltund, M|
|poke|p2|Roselia, F|
|poke|p2|Sandslash, F|
|poke|p2|Klinklang|
|poke|p2|Throh, M|
|poke|p2|Ninjask, F|
|rule|Sleep Clause Mod: Limit one foe put to sleep
|rule|Species Clause: Limit one of each Pokémon
|rule|OHKO Clause: OHKO moves are banned
|rule|Evasion Moves Clause: Evasion moves are banned
|rule|Endless Battle Clause: Forcing endless battles is banned
|rule|HP Percentage Mod: HP is shown in percentages
|rule|Dynamax Clause: You cannot dynamax
|teampreview
|inactive|Battle timer is ON: inactive players will automatically lose when time's up. (requested by allstarapology)
|
|start
|switch|p1a: Sandslash|Sandslash, M|100/100
|switch|p2a: Ninjask|Ninjask, F|100/100
|turn|1
|
|move|p2a: Ninjask|U-turn|p1a: Sandslash
|-damage|p1a: Sandslash|53/100
|
|switch|p2a: Sandslash|Sandslash, F|100/100|[from]move: U-turn
|move|p1a: Sandslash|Knock Off|p2a: Sandslash
|-damage|p2a: Sandslash|69/100
|-enditem|p2a: Sandslash|Leftovers|[from] move: Knock Off|[of] p1a: Sandslash
|
|upkeep
|turn|2
|
|switch|p1a: Butterfree|Butterfree, F|100/100
|move|p2a: Sandslash|Knock Off|p1a: Butterfree
|-damage|p1a: Butterfree|46/100
|-enditem|p1a: Butterfree|Leftovers|[from] move: Knock Off|[of] p2a: Sandslash
|
|upkeep
|turn|3
|
|switch|p2a: Klinklang|Klinklang|100/100
|move|p1a: Butterfree|Sleep Powder|p2a: Klinklang
|-status|p2a: Klinklang|slp|[from] move: Sleep Powder
|
|upkeep
|turn|4
|
|cant|p2a: Klinklang|slp
|move|p1a: Butterfree|Quiver Dance|p1a: Butterfree
|-boost|p1a: Butterfree|spa|1
|-boost|p1a: Butterfree|spd|1
|-boost|p1a: Butterfree|spe|1
|
|upkeep
|turn|5
|
|move|p1a: Butterfree|Hurricane|p2a: Klinklang
|-resisted|p2a: Klinklang
|-damage|p2a: Klinklang|50/100 slp
|cant|p2a: Klinklang|slp
|
|-heal|p2a: Klinklang|57/100 slp|[from] item: Leftovers
|upkeep
|turn|6
|
|move|p1a: Butterfree|Quiver Dance|p1a: Butterfree
|-boost|p1a: Butterfree|spa|1
|-boost|p1a: Butterfree|spd|1
|-boost|p1a: Butterfree|spe|1
|-curestatus|p2a: Klinklang|slp|[msg]
|move|p2a: Klinklang|Gear Grind|p1a: Butterfree
|-damage|p1a: Butterfree|0 fnt
|-hitcount|p1a: Butterfree|1
|faint|p1a: Butterfree
|
|-heal|p2a: Klinklang|63/100|[from] item: Leftovers
|upkeep
|j| sweatyspaghetti
|
|switch|p1a: Boltund|Boltund, F|100/100
|turn|7
|l|sweatyspaghetti
|
|switch|p2a: Throh|Throh, M|100/100
|move|p1a: Boltund|Fire Fang|p2a: Throh
|-damage|p2a: Throh|71/100
|-damage|p1a: Boltund|91/100|[from] item: Life Orb
|
|-heal|p2a: Throh|77/100|[from] item: Leftovers
|upkeep
|turn|8
|
|move|p1a: Boltund|Psychic Fangs|p2a: Throh
|-supereffective|p2a: Throh
|-damage|p2a: Throh|0 fnt
|-damage|p1a: Boltund|81/100|[from] item: Life Orb
|faint|p2a: Throh
|
|upkeep
|
|switch|p2a: Ninjask|Ninjask, F|100/100
|turn|9
|inactive|Everybo-D has 120 seconds left.
|
|move|p2a: Ninjask|U-turn|p1a: Boltund
|-damage|p1a: Boltund|0 fnt
|faint|p1a: Boltund
|
|switch|p2a: Klinklang|Klinklang|63/100|[from]move: U-turn
|
|-heal|p2a: Klinklang|69/100|[from] item: Leftovers
|upkeep
|
|switch|p1a: Lickilicky|Lickilicky, F|100/100
|turn|10
|
|move|p2a: Klinklang|Substitute|p2a: Klinklang
|-start|p2a: Klinklang|Substitute
|-damage|p2a: Klinklang|44/100
|move|p1a: Lickilicky|Body Press|p2a: Klinklang
|-supereffective|p2a: Klinklang
|-end|p2a: Klinklang|Substitute
|
|-heal|p2a: Klinklang|50/100|[from] item: Leftovers
|upkeep
|turn|11
|
|switch|p2a: Boltund|Boltund, M|100/100
|move|p1a: Lickilicky|Wish|p1a: Lickilicky
|
|upkeep
|turn|12
|
|move|p2a: Boltund|Psychic Fangs|p1a: Lickilicky
|-damage|p1a: Lickilicky|71/100
|-damage|p2a: Boltund|91/100|[from] item: Life Orb
|move|p1a: Lickilicky|Body Slam|p2a: Boltund
|-damage|p2a: Boltund|41/100
|
|-heal|p1a: Lickilicky|100/100|[from] move: Wish|[wisher] Lickilicky
|upkeep
|turn|13
|
|switch|p2a: Roselia|Roselia, F|100/100
|move|p1a: Lickilicky|Wish|p1a: Lickilicky
|
|upkeep
|turn|14
|
|move|p2a: Roselia|Spikes|p1a: Lickilicky
|-sidestart|p1: Everybo-D|Spikes
|move|p1a: Lickilicky|Body Slam|p2a: Roselia
|-damage|p2a: Roselia|59/100
|-status|p2a: Roselia|par
|
|upkeep
|turn|15
|
|switch|p1a: Mr. Mime|Mr. Mime-Galar, M|100/100
|switch|p2a: Sandslash|Sandslash, F|69/100
|
|upkeep
|turn|16
|
|move|p1a: Mr. Mime|Freeze-Dry|p2a: Sandslash
|-supereffective|p2a: Sandslash
|-damage|p2a: Sandslash|0 fnt
|faint|p2a: Sandslash
|
|upkeep
|
|switch|p2a: Ninjask|Ninjask, F|100/100
|turn|17
|
|switch|p1a: Gloom|Gloom, M|100/100
|-damage|p1a: Gloom|88/100|[from] Spikes
|move|p2a: Ninjask|Leech Life|p1a: Gloom
|-crit|p1a: Gloom
|-damage|p1a: Gloom|34/100
|
|upkeep
|turn|18
|
|move|p2a: Ninjask|Leech Life|p1a: Gloom
|-damage|p1a: Gloom|0 fnt
|faint|p1a: Gloom
|
|upkeep
|
|switch|p1a: Lickilicky|Lickilicky, F|100/100
|-damage|p1a: Lickilicky|88/100|[from] Spikes
|turn|19
|
|switch|p2a: Roselia|Roselia, F|59/100
|move|p1a: Lickilicky|Wish|p1a: Lickilicky
|
|-heal|p1a: Lickilicky|94/100|[from] item: Leftovers
|upkeep
|turn|20
|
|move|p2a: Roselia|Sludge Bomb|p1a: Lickilicky
|-damage|p1a: Lickilicky|67/100
|-status|p1a: Lickilicky|psn
|move|p1a: Lickilicky|Body Slam|p2a: Roselia
|-damage|p2a: Roselia|14/100
|
|-heal|p1a: Lickilicky|100/100 psn|[from] move: Wish|[wisher] Lickilicky
|-damage|p1a: Lickilicky|88/100 psn|[from] psn
|upkeep
|turn|21
|
|switch|p1a: Mr. Mime|Mr. Mime-Galar, M|100/100
|move|p2a: Roselia|Synthesis|p2a: Roselia
|-heal|p2a: Roselia|64/100
|
|upkeep
|turn|22
|
|move|p1a: Mr. Mime|Psychic|p2a: Roselia
|-supereffective|p2a: Roselia
|-damage|p2a: Roselia|0 fnt
|faint|p2a: Roselia
|
|upkeep
|
|switch|p2a: Ninjask|Ninjask, F|100/100
|turn|23
|
|move|p2a: Ninjask|Leech Life|p1a: Mr. Mime
|-supereffective|p1a: Mr. Mime
|-damage|p1a: Mr. Mime|0 fnt
|faint|p1a: Mr. Mime
|
|upkeep
|
|switch|p1a: Lickilicky|Lickilicky, F|88/100 psn
|-damage|p1a: Lickilicky|75/100 psn|[from] Spikes
|turn|24
|
|move|p2a: Ninjask|Leech Life|p1a: Lickilicky
|-damage|p1a: Lickilicky|42/100 psn
|move|p1a: Lickilicky|Wish|p1a: Lickilicky
|
|-heal|p1a: Lickilicky|48/100 psn|[from] item: Leftovers
|-damage|p1a: Lickilicky|36/100 psn|[from] psn
|upkeep
|turn|25
|
|switch|p2a: Boltund|Boltund, M|41/100
|move|p1a: Lickilicky|Body Slam|p2a: Boltund
|-damage|p2a: Boltund|0 fnt
|faint|p2a: Boltund
|
|-heal|p1a: Lickilicky|86/100 psn|[from] move: Wish|[wisher] Lickilicky
|-heal|p1a: Lickilicky|92/100 psn|[from] item: Leftovers
|-damage|p1a: Lickilicky|79/100 psn|[from] psn
|upkeep
|
|switch|p2a: Klinklang|Klinklang|50/100
|turn|26
|
|move|p2a: Klinklang|Gear Grind|p1a: Lickilicky|[miss]
|-miss|p2a: Klinklang|p1a: Lickilicky
|move|p1a: Lickilicky|Wish|p1a: Lickilicky
|
|-heal|p2a: Klinklang|56/100|[from] item: Leftovers
|-heal|p1a: Lickilicky|85/100 psn|[from] item: Leftovers
|-damage|p1a: Lickilicky|73/100 psn|[from] psn
|upkeep
|turn|27
|
|move|p2a: Klinklang|Substitute|p2a: Klinklang
|-start|p2a: Klinklang|Substitute
|-damage|p2a: Klinklang|31/100
|move|p1a: Lickilicky|Body Press|p2a: Klinklang
|-supereffective|p2a: Klinklang
|-end|p2a: Klinklang|Substitute
|
|-heal|p1a: Lickilicky|100/100 psn|[from] move: Wish|[wisher] Lickilicky
|-heal|p2a: Klinklang|38/100|[from] item: Leftovers
|-damage|p1a: Lickilicky|88/100 psn|[from] psn
|upkeep
|turn|28
|
|move|p2a: Klinklang|Gear Grind|p1a: Lickilicky
|-damage|p1a: Lickilicky|72/100 psn
|-damage|p1a: Lickilicky|55/100 psn
|-hitcount|p1a: Lickilicky|2
|move|p1a: Lickilicky|Wish|p1a: Lickilicky
|
|-heal|p2a: Klinklang|44/100|[from] item: Leftovers
|-heal|p1a: Lickilicky|62/100 psn|[from] item: Leftovers
|-damage|p1a: Lickilicky|49/100 psn|[from] psn
|upkeep
|turn|29
|
|move|p2a: Klinklang|Substitute|p2a: Klinklang
|-start|p2a: Klinklang|Substitute
|-damage|p2a: Klinklang|19/100
|move|p1a: Lickilicky|Body Press|p2a: Klinklang
|-supereffective|p2a: Klinklang
|-end|p2a: Klinklang|Substitute
|
|-heal|p1a: Lickilicky|99/100 psn|[from] move: Wish|[wisher] Lickilicky
|-heal|p2a: Klinklang|25/100|[from] item: Leftovers
|-heal|p1a: Lickilicky|100/100 psn|[from] item: Leftovers
|-damage|p1a: Lickilicky|88/100 psn|[from] psn
|upkeep
|turn|30
|
|move|p2a: Klinklang|Shift Gear|p2a: Klinklang
|-boost|p2a: Klinklang|spe|2
|-boost|p2a: Klinklang|atk|1
|move|p1a: Lickilicky|Wish|p1a: Lickilicky
|
|-heal|p2a: Klinklang|31/100|[from] item: Leftovers
|-heal|p1a: Lickilicky|94/100 psn|[from] item: Leftovers
|-damage|p1a: Lickilicky|82/100 psn|[from] psn
|upkeep
|turn|31
|
|move|p2a: Klinklang|Substitute|p2a: Klinklang
|-start|p2a: Klinklang|Substitute
|-damage|p2a: Klinklang|6/100
|move|p1a: Lickilicky|Body Press|p2a: Klinklang
|-supereffective|p2a: Klinklang
|-end|p2a: Klinklang|Substitute
|
|-heal|p1a: Lickilicky|100/100 psn|[from] move: Wish|[wisher] Lickilicky
|-heal|p2a: Klinklang|12/100|[from] item: Leftovers
|-damage|p1a: Lickilicky|88/100 psn|[from] psn
|upkeep
|turn|32
|
|move|p2a: Klinklang|Gear Grind|p1a: Lickilicky
|-damage|p1a: Lickilicky|65/100 psn
|-damage|p1a: Lickilicky|42/100 psn
|-hitcount|p1a: Lickilicky|2
|move|p1a: Lickilicky|Wish|p1a: Lickilicky
|
|-heal|p2a: Klinklang|18/100|[from] item: Leftovers
|-heal|p1a: Lickilicky|49/100 psn|[from] item: Leftovers
|-damage|p1a: Lickilicky|36/100 psn|[from] psn
|upkeep
|turn|33
|
|move|p2a: Klinklang|Gear Grind|p1a: Lickilicky|[miss]
|-miss|p2a: Klinklang|p1a: Lickilicky
|move|p1a: Lickilicky|Body Press|p2a: Klinklang
|-supereffective|p2a: Klinklang
|-damage|p2a: Klinklang|0 fnt
|faint|p2a: Klinklang
|
|-heal|p1a: Lickilicky|86/100 psn|[from] move: Wish|[wisher] Lickilicky
|-heal|p1a: Lickilicky|92/100 psn|[from] item: Leftovers
|-damage|p1a: Lickilicky|80/100 psn|[from] psn
|upkeep
|c|☆allstarapology|lol
|
|switch|p2a: Ninjask|Ninjask, F|100/100
|turn|34
|
|move|p2a: Ninjask|Leech Life|p1a: Lickilicky
|-damage|p1a: Lickilicky|46/100 psn
|move|p1a: Lickilicky|Body Slam|p2a: Ninjask
|-damage|p2a: Ninjask|42/100
|-status|p2a: Ninjask|par
|
|-heal|p1a: Lickilicky|52/100 psn|[from] item: Leftovers
|-damage|p1a: Lickilicky|39/100 psn|[from] psn
|upkeep
|turn|35
|-message|allstarapology forfeited.
|
|win|Everybo-D
|c|☆Everybo-D|gg
|l|☆allstarapology
||Ladder (probably) updated, but score could not be retrieved (Request timeout).
