|j|☆kacj2
|j|☆iampawgking
|t:|1639599846
|gametype|singles
|player|p1|kacj2|swimmer|1277
|player|p2|iampawgking|wicke|1379
|teamsize|p1|6
|teamsize|p2|6
|gen|8
|tier|[Gen 8] PU
|rated|
|rule|Sleep Clause Mod: Limit one foe put to sleep
|rule|Species Clause: Limit one of each Pokémon
|rule|OHKO Clause: OHKO moves are banned
|rule|Evasion Moves Clause: Evasion moves are banned
|rule|Endless Battle Clause: Forcing endless battles is banned
|rule|HP Percentage Mod: HP is shown in percentages
|rule|Dynamax Clause: You cannot dynamax
|clearpoke
|poke|p1|Tsareena, F|
|poke|p1|Flareon, M|
|poke|p1|Bouffalant, M|
|poke|p1|Wailord, M|
|poke|p1|Spiritomb, F|
|poke|p1|Scrafty, F|
|poke|p2|Gigalith, M|
|poke|p2|Eldegoss, M|
|poke|p2|Ribombee, M|
|poke|p2|Weezing, F|
|poke|p2|Togedemaru, F|
|poke|p2|Gallade, M|
|teampreview
|
|t:|1639599874
|start
|switch|p1a: Wailord|Wailord, M|100/100
|switch|p2a: Weezing|Weezing, F|100/100
|turn|1
|
|t:|1639599881
|switch|p2a: Eldegoss|Eldegoss, M|100/100
|move|p1a: Wailord|Curse|p1a: Wailord
|-unboost|p1a: Wailord|spe|1
|-boost|p1a: Wailord|atk|1
|-boost|p1a: Wailord|def|1
|
|upkeep
|turn|2
|inactive|Battle timer is ON: inactive players will automatically lose when time's up. (requested by kacj2)
|
|t:|1639599892
|move|p2a: Eldegoss|Giga Drain|p1a: Wailord
|-supereffective|p1a: Wailord
|-damage|p1a: Wailord|67/100
|move|p1a: Wailord|Curse|p1a: Wailord
|-unboost|p1a: Wailord|spe|1
|-boost|p1a: Wailord|atk|1
|-boost|p1a: Wailord|def|1
|
|-heal|p1a: Wailord|73/100|[from] item: Leftovers
|upkeep
|turn|3
|
|t:|1639599902
|move|p2a: Eldegoss|Giga Drain|p1a: Wailord
|-supereffective|p1a: Wailord
|-damage|p1a: Wailord|41/100
|move|p1a: Wailord|Curse|p1a: Wailord
|-unboost|p1a: Wailord|spe|1
|-boost|p1a: Wailord|atk|1
|-boost|p1a: Wailord|def|1
|
|-heal|p1a: Wailord|47/100|[from] item: Leftovers
|upkeep
|turn|4
|
|t:|1639599912
|move|p2a: Eldegoss|Giga Drain|p1a: Wailord
|-supereffective|p1a: Wailord
|-damage|p1a: Wailord|14/100
|move|p1a: Wailord|Rest|p1a: Wailord
|-status|p1a: Wailord|slp|[from] move: Rest
|-heal|p1a: Wailord|100/100 slp|[silent]
|
|upkeep
|turn|5
|
|t:|1639599920
|move|p2a: Eldegoss|Giga Drain|p1a: Wailord
|-supereffective|p1a: Wailord
|-damage|p1a: Wailord|70/100 slp
|cant|p1a: Wailord|slp
|move|p1a: Wailord|Sleep Talk|p1a: Wailord
|move|p1a: Wailord|Curse|p1a: Wailord|[from]move: Sleep Talk
|-unboost|p1a: Wailord|spe|1
|-boost|p1a: Wailord|atk|1
|-boost|p1a: Wailord|def|1
|
|-heal|p1a: Wailord|76/100 slp|[from] item: Leftovers
|upkeep
|turn|6
|
|t:|1639599933
|move|p2a: Eldegoss|Giga Drain|p1a: Wailord
|-supereffective|p1a: Wailord
|-damage|p1a: Wailord|44/100 slp
|cant|p1a: Wailord|slp
|move|p1a: Wailord|Sleep Talk|p1a: Wailord
|move|p1a: Wailord|Curse|p1a: Wailord|[from]move: Sleep Talk
|-unboost|p1a: Wailord|spe|1
|-boost|p1a: Wailord|atk|1
|-boost|p1a: Wailord|def|1
|
|-heal|p1a: Wailord|50/100 slp|[from] item: Leftovers
|upkeep
|turn|7
|
|t:|1639599946
|move|p2a: Eldegoss|Rapid Spin|p1a: Wailord
|-damage|p1a: Wailord|48/100 slp
|-boost|p2a: Eldegoss|spe|1
|-curestatus|p1a: Wailord|slp|[msg]
|move|p1a: Wailord|Rest|p1a: Wailord
|-status|p1a: Wailord|slp|[from] move: Rest
|-heal|p1a: Wailord|100/100 slp|[silent]
|
|upkeep
|turn|8
|inactive|iampawgking has 120 seconds left.
|
|t:|1639599982
|switch|p2a: Ribombee|Ribombee, M|100/100
|cant|p1a: Wailord|slp
|move|p1a: Wailord|Sleep Talk|p1a: Wailord
|move|p1a: Wailord|Rest||[from]move: Sleep Talk|[still]
|-fail|p1a: Wailord
|
|upkeep
|turn|9
|inactive|iampawgking has 120 seconds left.
|
|t:|1639599993
|switch|p2a: Eldegoss|Eldegoss, M|100/100
|cant|p1a: Wailord|slp
|move|p1a: Wailord|Sleep Talk|p1a: Wailord
|move|p1a: Wailord|Curse|p1a: Wailord|[from]move: Sleep Talk
|-unboost|p1a: Wailord|spe|1
|-boost|p1a: Wailord|atk|1
|-boost|p1a: Wailord|def|1
|
|upkeep
|turn|10
|
|t:|1639600004
|move|p2a: Eldegoss|Giga Drain|p1a: Wailord
|-supereffective|p1a: Wailord
|-damage|p1a: Wailord|68/100 slp
|-curestatus|p1a: Wailord|slp|[msg]
|move|p1a: Wailord|Liquidation|p2a: Eldegoss
|-resisted|p2a: Eldegoss
|-damage|p2a: Eldegoss|56/100
|-damage|p1a: Wailord|52/100|[from] item: Rocky Helmet|[of] p2a: Eldegoss
|
|-heal|p1a: Wailord|58/100|[from] item: Leftovers
|upkeep
|turn|11
|
|t:|1639600016
|move|p2a: Eldegoss|Giga Drain|p1a: Wailord
|-supereffective|p1a: Wailord
|-crit|p1a: Wailord
|-damage|p1a: Wailord|12/100
|-heal|p2a: Eldegoss|94/100|[from] drain|[of] p1a: Wailord
|move|p1a: Wailord|Rest|p1a: Wailord
|-status|p1a: Wailord|slp|[from] move: Rest
|-heal|p1a: Wailord|100/100 slp|[silent]
|
|upkeep
|turn|12
|
|t:|1639600025
|switch|p2a: Ribombee|Ribombee, M|100/100
|cant|p1a: Wailord|slp
|move|p1a: Wailord|Sleep Talk|p1a: Wailord
|move|p1a: Wailord|Liquidation|p2a: Ribombee|[from]move: Sleep Talk
|-damage|p2a: Ribombee|0 fnt
|faint|p2a: Ribombee
|
|upkeep
|-message|iampawgking forfeited.
|
|win|kacj2
|raw|kacj2's rating: 1277 &rarr; <strong>1309</strong><br />(+32 for winning)
|raw|iampawgking's rating: 1379 &rarr; <strong>1353</strong><br />(-26 for losing)
|l|☆iampawgking
