|raw|<div class="broadcast-blue"><strong>This battle is required to be public due to a player having a name starting with 'pult72b'.</div>
|j|☆the1994
|j|☆pult72b druddigod
|t:|1627750212
|gametype|singles
|player|p1|the1994|wallace|1229
|player|p2|pult72b druddigod|dragontamer|1539
|teamsize|p1|6
|teamsize|p2|6
|gen|8
|tier|[Gen 8] PU
|rated|
|rule|Sleep Clause Mod: Limit one foe put to sleep
|rule|Species Clause: Limit one of each Pokémon
|rule|OHKO Clause: OHKO moves are banned
|rule|Evasion Moves Clause: Evasion moves are banned
|rule|Endless Battle Clause: Forcing endless battles is banned
|rule|HP Percentage Mod: HP is shown in percentages
|rule|Dynamax Clause: You cannot dynamax
|clearpoke
|poke|p1|Passimian, M|
|poke|p1|Sneasel, F|
|poke|p1|Mesprit|
|poke|p1|Brionne, M|
|poke|p1|Tsareena, F|
|poke|p1|Stunfisk-Galar, M|
|poke|p2|Articuno-Galar|
|poke|p2|Weezing, F|
|poke|p2|Togedemaru, F|
|poke|p2|Passimian, M|
|poke|p2|Gigalith, F|
|poke|p2|Tsareena, F|
|teampreview
|inactive|Battle timer is ON: inactive players will automatically lose when time's up. (requested by the1994)
|
|t:|1627750237
|start
|switch|p1a: Brionne|Brionne, M|100/100
|switch|p2a: Gigalith|Gigalith, F|100/100
|-weather|Sandstorm|[from] ability: Sand Stream|[of] p2a: Gigalith
|turn|1
|
|t:|1627750245
|move|p2a: Gigalith|Protect|p2a: Gigalith
|-singleturn|p2a: Gigalith|Protect
|move|p1a: Brionne|Toxic|p2a: Gigalith
|-activate|p2a: Gigalith|move: Protect
|
|-weather|Sandstorm|[upkeep]
|-damage|p1a: Brionne|94/100|[from] Sandstorm
|upkeep
|turn|2
|
|t:|1627750254
|switch|p2a: Togedemaru|Togedemaru, F|100/100
|move|p1a: Brionne|Toxic|p2a: Togedemaru
|-immune|p2a: Togedemaru
|
|-weather|Sandstorm|[upkeep]
|-damage|p1a: Brionne|88/100|[from] Sandstorm
|upkeep
|turn|3
|
|t:|1627750261
|switch|p1a: Stunfisk|Stunfisk-Galar, M|100/100
|move|p2a: Togedemaru|Wish|p2a: Togedemaru
|
|-weather|Sandstorm|[upkeep]
|upkeep
|turn|4
|
|t:|1627750268
|switch|p2a: Weezing|Weezing, F|100/100
|-ability|p2a: Weezing|Neutralizing Gas
|move|p1a: Stunfisk|Thunder Wave|p2a: Weezing
|-status|p2a: Weezing|par
|
|-weather|Sandstorm|[upkeep]
|-damage|p2a: Weezing|94/100 par|[from] Sandstorm
|-heal|p2a: Weezing|100/100 par|[from] move: Wish|[wisher] Togedemaru
|upkeep
|turn|5
|
|t:|1627750280
|move|p1a: Stunfisk|Stealth Rock|p2a: Weezing
|-sidestart|p2: pult72b druddigod|move: Stealth Rock
|move|p2a: Weezing|Toxic Spikes|p1a: Stunfisk
|-sidestart|p1: the1994|move: Toxic Spikes
|
|-weather|none
|upkeep
|turn|6
|
|t:|1627750285
|switch|p1a: Mesprit|Mesprit|100/100
|-status|p1a: Mesprit|psn
|move|p2a: Weezing|Will-O-Wisp||[still]
|-fail|p2a: Weezing
|
|-damage|p1a: Mesprit|88/100 psn|[from] psn
|upkeep
|turn|7
|
|t:|1627750298
|-end|p2a: Weezing|ability: Neutralizing Gas
|switch|p2a: Gigalith|Gigalith, F|100/100
|-damage|p2a: Gigalith|88/100|[from] Stealth Rock
|-weather|Sandstorm|[from] ability: Sand Stream|[of] p2a: Gigalith
|move|p1a: Mesprit|U-turn|p2a: Gigalith
|-damage|p2a: Gigalith|77/100
|
|t:|1627750307
|switch|p1a: Tsareena|Tsareena, F|100/100|[from]move: U-turn
|
|-weather|Sandstorm|[upkeep]
|-damage|p1a: Tsareena|95/100|[from] Sandstorm
|-heal|p2a: Gigalith|83/100|[from] item: Leftovers
|upkeep
|turn|8
|
|t:|1627750315
|move|p2a: Gigalith|Protect|p2a: Gigalith
|-singleturn|p2a: Gigalith|Protect
|move|p1a: Tsareena|Rapid Spin|p2a: Gigalith
|-activate|p2a: Gigalith|move: Protect
|
|-weather|Sandstorm|[upkeep]
|-damage|p1a: Tsareena|89/100|[from] Sandstorm
|-heal|p2a: Gigalith|89/100|[from] item: Leftovers
|upkeep
|turn|9
|
|t:|1627750340
|switch|p2a: Weezing|Weezing, F|100/100 par
|-ability|p2a: Weezing|Neutralizing Gas
|-damage|p2a: Weezing|88/100 par|[from] Stealth Rock
|move|p1a: Tsareena|Rapid Spin|p2a: Weezing
|-damage|p2a: Weezing|76/100 par
|-boost|p1a: Tsareena|spe|1
|-damage|p1a: Tsareena|72/100|[from] item: Rocky Helmet|[of] p2a: Weezing
|-sideend|p1: the1994|Toxic Spikes|[from] move: Rapid Spin|[of] p1a: Tsareena
|
|-weather|Sandstorm|[upkeep]
|-damage|p1a: Tsareena|66/100|[from] Sandstorm
|-damage|p2a: Weezing|70/100 par|[from] Sandstorm
|upkeep
|turn|10
|
|t:|1627750353
|switch|p1a: Mesprit|Mesprit|88/100 psn
|cant|p2a: Weezing|par
|
|-weather|Sandstorm|[upkeep]
|-damage|p1a: Mesprit|82/100 psn|[from] Sandstorm
|-damage|p2a: Weezing|64/100 par|[from] Sandstorm
|-damage|p1a: Mesprit|70/100 psn|[from] psn
|upkeep
|turn|11
|
|t:|1627750362
|-end|p2a: Weezing|ability: Neutralizing Gas
|switch|p2a: Togedemaru|Togedemaru, F|100/100
|-damage|p2a: Togedemaru|94/100|[from] Stealth Rock
|move|p1a: Mesprit|Psychic|p2a: Togedemaru
|-resisted|p2a: Togedemaru
|-damage|p2a: Togedemaru|64/100
|
|-weather|none
|-heal|p2a: Togedemaru|70/100|[from] item: Leftovers
|-damage|p1a: Mesprit|58/100 psn|[from] psn
|upkeep
|turn|12
|
|t:|1627750374
|switch|p1a: Sneasel|Sneasel, F|100/100
|move|p2a: Togedemaru|Wish|p2a: Togedemaru
|
|-heal|p2a: Togedemaru|76/100|[from] item: Leftovers
|upkeep
|turn|13
|
|t:|1627750380
|switch|p2a: Passimian|Passimian, M|100/100
|-damage|p2a: Passimian|94/100|[from] Stealth Rock
|move|p1a: Sneasel|Knock Off|p2a: Passimian
|-resisted|p2a: Passimian
|-damage|p2a: Passimian|59/100
|-enditem|p2a: Passimian|Choice Scarf|[from] move: Knock Off|[of] p1a: Sneasel
|
|-heal|p2a: Passimian|100/100|[from] move: Wish|[wisher] Togedemaru
|upkeep
|turn|14
|
|t:|1627750392
|switch|p1a: Passimian|Passimian, M|100/100
|move|p2a: Passimian|Close Combat|p1a: Passimian
|-crit|p1a: Passimian
|-damage|p1a: Passimian|9/100
|-unboost|p2a: Passimian|def|1
|-unboost|p2a: Passimian|spd|1
|
|upkeep
|turn|15
|
|t:|1627750400
|switch|p1a: Mesprit|Mesprit|58/100 psn
|switch|p2a: Weezing|Weezing, F|64/100 par
|-ability|p2a: Weezing|Neutralizing Gas
|-damage|p2a: Weezing|52/100 par|[from] Stealth Rock
|
|-damage|p1a: Mesprit|45/100 psn|[from] psn
|upkeep
|turn|16
|
|t:|1627750409
|-end|p2a: Weezing|ability: Neutralizing Gas
|switch|p2a: Gigalith|Gigalith, F|89/100
|-damage|p2a: Gigalith|77/100|[from] Stealth Rock
|-weather|Sandstorm|[from] ability: Sand Stream|[of] p2a: Gigalith
|move|p1a: Mesprit|Psychic|p2a: Gigalith
|-damage|p2a: Gigalith|40/100
|
|-weather|Sandstorm|[upkeep]
|-damage|p1a: Mesprit|39/100 psn|[from] Sandstorm
|-heal|p2a: Gigalith|46/100|[from] item: Leftovers
|-damage|p1a: Mesprit|27/100 psn|[from] psn
|upkeep
|turn|17
|
|t:|1627750424
|switch|p1a: Tsareena|Tsareena, F|66/100
|move|p2a: Gigalith|Stealth Rock|p1a: Tsareena
|-sidestart|p1: the1994|move: Stealth Rock
|
|-weather|Sandstorm|[upkeep]
|-damage|p1a: Tsareena|60/100|[from] Sandstorm
|-heal|p2a: Gigalith|53/100|[from] item: Leftovers
|upkeep
|turn|18
|
|t:|1627750432
|move|p2a: Gigalith|Protect|p2a: Gigalith
|-singleturn|p2a: Gigalith|Protect
|move|p1a: Tsareena|Rapid Spin|p2a: Gigalith
|-activate|p2a: Gigalith|move: Protect
|
|-weather|Sandstorm|[upkeep]
|-damage|p1a: Tsareena|54/100|[from] Sandstorm
|-heal|p2a: Gigalith|59/100|[from] item: Leftovers
|upkeep
|turn|19
|inactive|pult72b druddigod has 120 seconds left.
|
|t:|1627750465
|switch|p2a: Weezing|Weezing, F|52/100 par
|-ability|p2a: Weezing|Neutralizing Gas
|-damage|p2a: Weezing|40/100 par|[from] Stealth Rock
|move|p1a: Tsareena|Rapid Spin|p2a: Weezing
|-damage|p2a: Weezing|28/100 par
|-boost|p1a: Tsareena|spe|1
|-damage|p1a: Tsareena|38/100|[from] item: Rocky Helmet|[of] p2a: Weezing
|-sideend|p1: the1994|Stealth Rock|[from] move: Rapid Spin|[of] p1a: Tsareena
|
|-weather|Sandstorm|[upkeep]
|-damage|p1a: Tsareena|32/100|[from] Sandstorm
|-damage|p2a: Weezing|22/100 par|[from] Sandstorm
|upkeep
|turn|20
|
|t:|1627750477
|move|p1a: Tsareena|Knock Off|p2a: Weezing
|-damage|p2a: Weezing|1/100 par
|-damage|p1a: Tsareena|15/100|[from] item: Rocky Helmet|[of] p2a: Weezing
|-enditem|p2a: Weezing|Rocky Helmet|[from] move: Knock Off|[of] p1a: Tsareena
|move|p2a: Weezing|Pain Split|p1a: Tsareena
|-sethp|p1a: Tsareena|8/100|[from] move: Pain Split|[silent]
|-sethp|p2a: Weezing|7/100 par|[from] move: Pain Split
|
|-weather|none
|upkeep
|turn|21
|
|t:|1627750487
|move|p1a: Tsareena|Knock Off|p2a: Weezing
|-damage|p2a: Weezing|0 fnt
|faint|p2a: Weezing
|-end|p2a: Weezing|ability: Neutralizing Gas
|
|upkeep
|
|t:|1627750489
|switch|p2a: Passimian|Passimian, M|100/100
|-damage|p2a: Passimian|94/100|[from] Stealth Rock
|turn|22
|
|t:|1627750494
|move|p1a: Tsareena|Power Whip|p2a: Passimian
|-damage|p2a: Passimian|27/100
|move|p2a: Passimian|U-turn|p1a: Tsareena
|-supereffective|p1a: Tsareena
|-damage|p1a: Tsareena|0 fnt
|faint|p1a: Tsareena
|
|t:|1627750517
|switch|p2a: Togedemaru|Togedemaru, F|76/100|[from]move: U-turn
|-damage|p2a: Togedemaru|70/100|[from] Stealth Rock
|
|-heal|p2a: Togedemaru|76/100|[from] item: Leftovers
|upkeep
|
|t:|1627750527
|switch|p1a: Stunfisk|Stunfisk-Galar, M|100/100
|turn|23
|
|t:|1627750532
|switch|p2a: Tsareena|Tsareena, F|100/100
|move|p1a: Stunfisk|Earthquake|p2a: Tsareena
|-resisted|p2a: Tsareena
|-damage|p2a: Tsareena|88/100
|
|upkeep
|turn|24
|
|t:|1627750539
|move|p2a: Tsareena|Rapid Spin|p1a: Stunfisk
|-resisted|p1a: Stunfisk
|-damage|p1a: Stunfisk|96/100
|-boost|p2a: Tsareena|spe|1
|-sideend|p2: pult72b druddigod|Stealth Rock|[from] move: Rapid Spin|[of] p2a: Tsareena
|move|p1a: Stunfisk|Thunder Wave|p2a: Tsareena
|-status|p2a: Tsareena|par
|
|-heal|p1a: Stunfisk|100/100|[from] item: Leftovers
|upkeep
|turn|25
|
|t:|1627750549
|move|p2a: Tsareena|Knock Off|p1a: Stunfisk
|-damage|p1a: Stunfisk|81/100
|-enditem|p1a: Stunfisk|Leftovers|[from] move: Knock Off|[of] p2a: Tsareena
|move|p1a: Stunfisk|Stealth Rock|p2a: Tsareena
|-sidestart|p2: pult72b druddigod|move: Stealth Rock
|
|upkeep
|turn|26
|
|t:|1627750555
|move|p2a: Tsareena|Rapid Spin|p1a: Stunfisk
|-resisted|p1a: Stunfisk
|-damage|p1a: Stunfisk|75/100
|-boost|p2a: Tsareena|spe|1
|-sideend|p2: pult72b druddigod|Stealth Rock|[from] move: Rapid Spin|[of] p2a: Tsareena
|move|p1a: Stunfisk|Rock Slide|p2a: Tsareena
|-damage|p2a: Tsareena|74/100 par
|
|upkeep
|turn|27
|
|t:|1627750563
|cant|p2a: Tsareena|par
|move|p1a: Stunfisk|Rock Slide|p2a: Tsareena|[miss]
|-miss|p1a: Stunfisk|p2a: Tsareena
|
|upkeep
|turn|28
|
|t:|1627750568
|move|p2a: Tsareena|Power Whip|p1a: Stunfisk
|-damage|p1a: Stunfisk|36/100
|move|p1a: Stunfisk|Rock Slide|p2a: Tsareena
|-damage|p2a: Tsareena|60/100 par
|
|upkeep
|turn|29
|
|t:|1627750576
|move|p2a: Tsareena|Power Whip|p1a: Stunfisk
|-damage|p1a: Stunfisk|1/100
|move|p1a: Stunfisk|Rock Slide|p2a: Tsareena
|-damage|p2a: Tsareena|45/100 par
|
|upkeep
|turn|30
|
|t:|1627750583
|move|p2a: Tsareena|Rapid Spin|p1a: Stunfisk
|-resisted|p1a: Stunfisk
|-damage|p1a: Stunfisk|0 fnt
|-boost|p2a: Tsareena|spe|1
|faint|p1a: Stunfisk
|
|upkeep
|
|t:|1627750590
|switch|p1a: Passimian|Passimian, M|9/100
|turn|31
|
|t:|1627750593
|move|p1a: Passimian|U-turn|p2a: Tsareena
|-supereffective|p2a: Tsareena
|-damage|p2a: Tsareena|3/100 par
|
|t:|1627750600
|switch|p1a: Mesprit|Mesprit|27/100 psn|[from]move: U-turn
|move|p2a: Tsareena|Rapid Spin|p1a: Mesprit
|-damage|p1a: Mesprit|10/100 psn
|-boost|p2a: Tsareena|spe|1
|
|-damage|p1a: Mesprit|0 fnt|[from] psn
|faint|p1a: Mesprit
|upkeep
|
|t:|1627750609
|switch|p1a: Passimian|Passimian, M|9/100
|turn|32
|
|t:|1627750613
|move|p1a: Passimian|U-turn|p2a: Tsareena
|-supereffective|p2a: Tsareena
|-damage|p2a: Tsareena|0 fnt
|faint|p2a: Tsareena
|
|t:|1627750619
|switch|p1a: Sneasel|Sneasel, F|100/100|[from]move: U-turn
|
|upkeep
|
|t:|1627750621
|switch|p2a: Gigalith|Gigalith, F|59/100
|-weather|Sandstorm|[from] ability: Sand Stream|[of] p2a: Gigalith
|turn|33
|
|t:|1627750626
|move|p1a: Sneasel|Low Kick|p2a: Gigalith
|-supereffective|p2a: Gigalith
|-damage|p2a: Gigalith|0 fnt
|faint|p2a: Gigalith
|
|-weather|Sandstorm|[upkeep]
|-damage|p1a: Sneasel|95/100|[from] Sandstorm
|upkeep
|
|t:|1627750631
|switch|p2a: Articuno|Articuno-Galar|100/100
|turn|34
|
|t:|1627750634
|switch|p1a: Brionne|Brionne, M|88/100
|move|p2a: Articuno|U-turn|p1a: Brionne
|-damage|p1a: Brionne|77/100
|
|t:|1627750639
|switch|p2a: Togedemaru|Togedemaru, F|76/100|[from]move: U-turn
|
|-weather|Sandstorm|[upkeep]
|-damage|p1a: Brionne|71/100|[from] Sandstorm
|-heal|p2a: Togedemaru|82/100|[from] item: Leftovers
|upkeep
|turn|35
|
|t:|1627750646
|move|p2a: Togedemaru|Toxic|p1a: Brionne
|-status|p1a: Brionne|tox
|move|p1a: Brionne|Flip Turn|p2a: Togedemaru
|-damage|p2a: Togedemaru|57/100
|
|t:|1627750652
|switch|p1a: Sneasel|Sneasel, F|95/100|[from]move: Flip Turn
|
|-weather|Sandstorm|[upkeep]
|-damage|p1a: Sneasel|89/100|[from] Sandstorm
|-heal|p2a: Togedemaru|63/100|[from] item: Leftovers
|upkeep
|turn|36
|
|t:|1627750659
|move|p2a: Togedemaru|Spiky Shield|p2a: Togedemaru
|-singleturn|p2a: Togedemaru|move: Protect
|move|p1a: Sneasel|Knock Off|p2a: Togedemaru
|-activate|p2a: Togedemaru|move: Protect
|-damage|p1a: Sneasel|76/100|[from] Spiky Shield|[of] p2a: Togedemaru
|
|-weather|Sandstorm|[upkeep]
|-damage|p1a: Sneasel|70/100|[from] Sandstorm
|-heal|p2a: Togedemaru|69/100|[from] item: Leftovers
|upkeep
|turn|37
|
|t:|1627750674
|switch|p2a: Passimian|Passimian, M|27/100
|move|p1a: Sneasel|Knock Off|p2a: Passimian
|-resisted|p2a: Passimian
|-damage|p2a: Passimian|5/100
|
|-weather|none
|upkeep
|turn|38
|
|t:|1627750681
|move|p1a: Sneasel|Knock Off|p2a: Passimian
|-resisted|p2a: Passimian
|-damage|p2a: Passimian|0 fnt
|faint|p2a: Passimian
|
|upkeep
|
|t:|1627750683
|switch|p2a: Togedemaru|Togedemaru, F|69/100
|turn|39
|
|t:|1627750687
|move|p2a: Togedemaru|Spiky Shield|p2a: Togedemaru
|-singleturn|p2a: Togedemaru|move: Protect
|move|p1a: Sneasel|Knock Off|p2a: Togedemaru
|-activate|p2a: Togedemaru|move: Protect
|-damage|p1a: Sneasel|58/100|[from] Spiky Shield|[of] p2a: Togedemaru
|
|-heal|p2a: Togedemaru|75/100|[from] item: Leftovers
|upkeep
|turn|40
|
|t:|1627750695
|move|p1a: Sneasel|Knock Off|p2a: Togedemaru
|-damage|p2a: Togedemaru|0 fnt
|-enditem|p2a: Togedemaru|Leftovers|[from] move: Knock Off|[of] p1a: Sneasel
|faint|p2a: Togedemaru
|
|upkeep
|-message|pult72b druddigod forfeited.
|
|win|the1994
|raw|the1994's rating: 1229 &rarr; <strong>1272</strong><br />(+43 for winning)
|raw|pult72b druddigod's rating: 1539 &rarr; <strong>1505</strong><br />(-34 for losing)
|l|☆pult72b druddigod
||Ladder isn't responding, score probably updated but might not have (Request timeout).
