|j|☆sassy ylay
|j|☆pult94d somalia
|t:|1640120520
|gametype|singles
|player|p1|sassy ylay|clown|1475
|player|p2|pult94d somalia|juggler|1573
|teamsize|p1|6
|teamsize|p2|6
|gen|8
|tier|[Gen 8] PU
|rated|
|rule|Sleep Clause Mod: Limit one foe put to sleep
|rule|Species Clause: Limit one of each Pokémon
|rule|OHKO Clause: OHKO moves are banned
|rule|Evasion Moves Clause: Evasion moves are banned
|rule|Endless Battle Clause: Forcing endless battles is banned
|rule|HP Percentage Mod: HP is shown in percentages
|rule|Dynamax Clause: You cannot dynamax
|clearpoke
|poke|p1|Lunatone|
|poke|p1|Avalugg, F|
|poke|p1|Stunfisk-Galar, F|
|poke|p1|Eldegoss, F|
|poke|p1|Silvally-*|
|poke|p1|Cinccino, M|
|poke|p2|Sneasel, F|
|poke|p2|Articuno-Galar|
|poke|p2|Druddigon, F|
|poke|p2|Wishiwashi, M|
|poke|p2|Aromatisse, F|
|poke|p2|Togedemaru, F|
|teampreview
|
|t:|1640120549
|start
|switch|p1a: Stunfisk|Stunfisk-Galar, F|100/100
|switch|p2a: Druddigon|Druddigon, F|100/100
|turn|1
|
|t:|1640120556
|move|p2a: Druddigon|Fire Punch|p1a: Stunfisk
|-supereffective|p1a: Stunfisk
|-damage|p1a: Stunfisk|22/100
|move|p1a: Stunfisk|Stealth Rock|p2a: Druddigon
|-sidestart|p2: pult94d somalia|move: Stealth Rock
|
|-heal|p1a: Stunfisk|28/100|[from] item: Leftovers
|upkeep
|turn|2
|
|t:|1640120561
|switch|p1a: Silvally|Silvally-Ghost|100/100
|move|p2a: Druddigon|Stealth Rock|p1a: Silvally
|-sidestart|p1: sassy ylay|move: Stealth Rock
|
|upkeep
|turn|3
|
|t:|1640120574
|move|p1a: Silvally|Multi-Attack|p2a: Druddigon
|-damage|p2a: Druddigon|57/100
|move|p2a: Druddigon|Fire Punch|p1a: Silvally
|-damage|p1a: Silvally|69/100
|
|upkeep
|turn|4
|
|t:|1640120600
|move|p1a: Silvally|Multi-Attack|p2a: Druddigon
|-damage|p2a: Druddigon|19/100
|move|p2a: Druddigon|Fire Punch|p1a: Silvally
|-damage|p1a: Silvally|38/100
|
|upkeep
|turn|5
|
|t:|1640120619
|move|p1a: Silvally|Multi-Attack|p2a: Druddigon
|-damage|p2a: Druddigon|0 fnt
|faint|p2a: Druddigon
|
|upkeep
|
|t:|1640120625
|switch|p2a: Sneasel|Sneasel, F|100/100
|turn|6
|
|t:|1640120628
|switch|p1a: Avalugg|Avalugg, F|100/100
|move|p2a: Sneasel|Knock Off|p1a: Avalugg
|-damage|p1a: Avalugg|83/100
|-enditem|p1a: Avalugg|Heavy-Duty Boots|[from] move: Knock Off|[of] p2a: Sneasel
|
|upkeep
|turn|7
|
|t:|1640120638
|switch|p2a: Aromatisse|Aromatisse, F|100/100
|-damage|p2a: Aromatisse|88/100|[from] Stealth Rock
|move|p1a: Avalugg|Body Press|p2a: Aromatisse
|-resisted|p2a: Aromatisse
|-damage|p2a: Aromatisse|74/100
|
|-heal|p2a: Aromatisse|80/100|[from] item: Leftovers
|upkeep
|turn|8
|
|t:|1640120642
|switch|p1a: Eldegoss|Eldegoss, F|100/100
|move|p2a: Aromatisse|Moonblast|p1a: Eldegoss
|-damage|p1a: Eldegoss|70/100
|-unboost|p1a: Eldegoss|spa|1
|
|-heal|p2a: Aromatisse|86/100|[from] item: Leftovers
|upkeep
|turn|9
|
|t:|1640120658
|move|p1a: Eldegoss|Rapid Spin|p2a: Aromatisse
|-damage|p2a: Aromatisse|82/100
|-boost|p1a: Eldegoss|spe|1
|-sideend|p1: sassy ylay|Stealth Rock|[from] move: Rapid Spin|[of] p1a: Eldegoss
|move|p2a: Aromatisse|Moonblast|p1a: Eldegoss
|-damage|p1a: Eldegoss|42/100
|-unboost|p1a: Eldegoss|spa|1
|
|-heal|p2a: Aromatisse|88/100|[from] item: Leftovers
|upkeep
|turn|10
|
|t:|1640120667
|move|p1a: Eldegoss|Giga Drain|p2a: Aromatisse
|-damage|p2a: Aromatisse|74/100
|-heal|p1a: Eldegoss|51/100|[from] drain|[of] p2a: Aromatisse
|move|p2a: Aromatisse|Moonblast|p1a: Eldegoss
|-damage|p1a: Eldegoss|20/100
|
|-heal|p2a: Aromatisse|80/100|[from] item: Leftovers
|upkeep
|turn|11
|
|t:|1640120686
|switch|p1a: Silvally|Silvally-Ghost|38/100
|move|p2a: Aromatisse|Moonblast|p1a: Silvally
|-damage|p1a: Silvally|7/100
|
|-heal|p2a: Aromatisse|86/100|[from] item: Leftovers
|upkeep
|turn|12
|
|t:|1640120689
|move|p1a: Silvally|Rest|p1a: Silvally
|-status|p1a: Silvally|slp|[from] move: Rest
|-heal|p1a: Silvally|100/100 slp|[silent]
|move|p2a: Aromatisse|Moonblast|p1a: Silvally
|-damage|p1a: Silvally|73/100 slp
|-unboost|p1a: Silvally|spa|1
|
|-heal|p2a: Aromatisse|93/100|[from] item: Leftovers
|upkeep
|turn|13
|
|t:|1640120693
|cant|p1a: Silvally|slp
|move|p1a: Silvally|Sleep Talk|p1a: Silvally
|move|p1a: Silvally|Multi-Attack|p2a: Aromatisse|[from]move: Sleep Talk
|-damage|p2a: Aromatisse|64/100
|move|p2a: Aromatisse|Moonblast|p1a: Silvally
|-damage|p1a: Silvally|43/100 slp
|-unboost|p1a: Silvally|spa|1
|
|-heal|p2a: Aromatisse|70/100|[from] item: Leftovers
|upkeep
|turn|14
|
|t:|1640120696
|cant|p1a: Silvally|slp
|move|p1a: Silvally|Sleep Talk|p1a: Silvally
|move|p1a: Silvally|Roar|p2a: Aromatisse|[from]move: Sleep Talk
|drag|p2a: Sneasel|Sneasel, F|100/100
|
|upkeep
|turn|15
|
|t:|1640120713
|switch|p1a: Avalugg|Avalugg, F|83/100
|move|p2a: Sneasel|Knock Off|p1a: Avalugg
|-damage|p1a: Avalugg|72/100
|
|upkeep
|turn|16
|
|t:|1640120717
|switch|p2a: Wishiwashi|Wishiwashi, M|100/100
|-damage|p2a: Wishiwashi|88/100|[from] Stealth Rock
|-formechange|p2a: Wishiwashi|Wishiwashi-School||[from] ability: Schooling
|move|p1a: Avalugg|Toxic|p2a: Wishiwashi
|-status|p2a: Wishiwashi|tox
|
|-heal|p2a: Wishiwashi|94/100 tox|[from] item: Leftovers
|-damage|p2a: Wishiwashi|88/100 tox|[from] psn
|upkeep
|turn|17
|
|t:|1640120725
|switch|p1a: Stunfisk|Stunfisk-Galar, F|28/100
|move|p2a: Wishiwashi|U-turn|p1a: Stunfisk
|-resisted|p1a: Stunfisk
|-damage|p1a: Stunfisk|19/100
|
|t:|1640120730
|switch|p2a: Togedemaru|Togedemaru, F|100/100|[from]move: U-turn
|-damage|p2a: Togedemaru|95/100|[from] Stealth Rock
|
|-heal|p1a: Stunfisk|25/100|[from] item: Leftovers
|upkeep
|turn|18
|c|☆pult94d somalia|misclick
|c|☆pult94d somalia|woops
|
|t:|1640120743
|move|p2a: Togedemaru|U-turn|p1a: Stunfisk
|-resisted|p1a: Stunfisk
|-damage|p1a: Stunfisk|12/100
|
|t:|1640120751
|switch|p2a: Wishiwashi|Wishiwashi, M|88/100 tox|[from]move: U-turn
|-damage|p2a: Wishiwashi|76/100 tox|[from] Stealth Rock
|-formechange|p2a: Wishiwashi|Wishiwashi-School||[from] ability: Schooling
|move|p1a: Stunfisk|Earthquake|p2a: Wishiwashi
|-damage|p2a: Wishiwashi|49/100 tox
|
|-heal|p1a: Stunfisk|18/100|[from] item: Leftovers
|-heal|p2a: Wishiwashi|55/100 tox|[from] item: Leftovers
|-damage|p2a: Wishiwashi|49/100 tox|[from] psn
|upkeep
|turn|19
|
|t:|1640120761
|switch|p1a: Cinccino|Cinccino, M|100/100
|move|p2a: Wishiwashi|Liquidation|p1a: Cinccino
|-damage|p1a: Cinccino|36/100
|
|-heal|p2a: Wishiwashi|55/100 tox|[from] item: Leftovers
|-damage|p2a: Wishiwashi|43/100 tox|[from] psn
|upkeep
|turn|20
|
|t:|1640120766
|switch|p2a: Togedemaru|Togedemaru, F|95/100
|-damage|p2a: Togedemaru|89/100|[from] Stealth Rock
|move|p1a: Cinccino|Bullet Seed|p2a: Togedemaru
|-resisted|p2a: Togedemaru
|-damage|p2a: Togedemaru|80/100
|-resisted|p2a: Togedemaru
|-damage|p2a: Togedemaru|70/100
|-resisted|p2a: Togedemaru
|-damage|p2a: Togedemaru|61/100
|-resisted|p2a: Togedemaru
|-damage|p2a: Togedemaru|51/100
|-resisted|p2a: Togedemaru
|-damage|p2a: Togedemaru|41/100
|-hitcount|p2a: Togedemaru|5
|
|upkeep
|turn|21
|
|t:|1640120776
|switch|p1a: Stunfisk|Stunfisk-Galar, F|18/100
|move|p2a: Togedemaru|Iron Head|p1a: Stunfisk
|-resisted|p1a: Stunfisk
|-damage|p1a: Stunfisk|0 fnt
|faint|p1a: Stunfisk
|
|upkeep
|
|t:|1640120800
|switch|p1a: Silvally|Silvally-Ghost|43/100 slp
|turn|22
|
|t:|1640120916
|switch|p2a: Sneasel|Sneasel, F|100/100
|-curestatus|p1a: Silvally|slp|[msg]
|move|p1a: Silvally|Multi-Attack|p2a: Sneasel
|-resisted|p2a: Sneasel
|-damage|p2a: Sneasel|57/100
|
|upkeep
|turn|23
|
|t:|1640120921
|switch|p1a: Avalugg|Avalugg, F|72/100
|move|p2a: Sneasel|Knock Off|p1a: Avalugg
|-damage|p1a: Avalugg|60/100
|
|upkeep
|turn|24
|
|t:|1640120927
|switch|p2a: Aromatisse|Aromatisse, F|70/100
|-damage|p2a: Aromatisse|57/100|[from] Stealth Rock
|move|p1a: Avalugg|Icicle Spear|p2a: Aromatisse
|-damage|p2a: Aromatisse|49/100
|-damage|p2a: Aromatisse|41/100
|-damage|p2a: Aromatisse|33/100
|-hitcount|p2a: Aromatisse|3
|
|-heal|p2a: Aromatisse|39/100|[from] item: Leftovers
|upkeep
|turn|25
|
|t:|1640120940
|switch|p1a: Silvally|Silvally-Ghost|43/100
|move|p2a: Aromatisse|Wish|p2a: Aromatisse
|
|-heal|p2a: Aromatisse|45/100|[from] item: Leftovers
|upkeep
|turn|26
|
|t:|1640120945
|move|p2a: Aromatisse|Moonblast|p1a: Silvally
|-damage|p1a: Silvally|12/100
|move|p1a: Silvally|Roar|p2a: Aromatisse
|drag|p2a: Articuno|Articuno-Galar|100/100
|-damage|p2a: Articuno|76/100|[from] Stealth Rock
|
|-heal|p2a: Articuno|100/100|[from] move: Wish|[wisher] Aromatisse
|upkeep
|turn|27
|
|t:|1640120969
|switch|p1a: Lunatone|Lunatone|100/100
|move|p2a: Articuno|Psyshock|p1a: Lunatone
|-resisted|p1a: Lunatone
|-damage|p1a: Lunatone|53/100
|
|-heal|p1a: Lunatone|59/100|[from] item: Leftovers
|upkeep
|turn|28
|
|t:|1640120976
|move|p2a: Articuno|Psyshock|p1a: Lunatone
|-resisted|p1a: Lunatone
|-crit|p1a: Lunatone
|-damage|p1a: Lunatone|0 fnt
|faint|p1a: Lunatone
|
|upkeep
|
|t:|1640120990
|switch|p1a: Cinccino|Cinccino, M|36/100
|turn|29
|
|t:|1640120997
|switch|p2a: Wishiwashi|Wishiwashi, M|43/100 tox
|-damage|p2a: Wishiwashi|31/100 tox|[from] Stealth Rock
|-formechange|p2a: Wishiwashi|Wishiwashi-School||[from] ability: Schooling
|move|p1a: Cinccino|Rock Blast|p2a: Wishiwashi
|-damage|p2a: Wishiwashi|21/100 tox
|-damage|p2a: Wishiwashi|10/100 tox
|-damage|p2a: Wishiwashi|0 fnt
|faint|p2a: Wishiwashi
|-hitcount|p2: Wishiwashi|3
|
|upkeep
|
|t:|1640121004
|switch|p2a: Togedemaru|Togedemaru, F|41/100
|-damage|p2a: Togedemaru|35/100|[from] Stealth Rock
|turn|30
|
|t:|1640121009
|move|p1a: Cinccino|Knock Off|p2a: Togedemaru
|-damage|p2a: Togedemaru|0 fnt
|-enditem|p2a: Togedemaru|Choice Band|[from] move: Knock Off|[of] p1a: Cinccino
|faint|p2a: Togedemaru
|
|upkeep
|
|t:|1640121014
|switch|p2a: Sneasel|Sneasel, F|57/100
|turn|31
|
|t:|1640121020
|switch|p1a: Avalugg|Avalugg, F|60/100
|move|p2a: Sneasel|Knock Off|p1a: Avalugg
|-damage|p1a: Avalugg|48/100
|
|upkeep
|turn|32
|
|t:|1640121030
|switch|p2a: Articuno|Articuno-Galar|100/100
|-damage|p2a: Articuno|76/100|[from] Stealth Rock
|move|p1a: Avalugg|Icicle Spear|p2a: Articuno
|-supereffective|p2a: Articuno
|-damage|p2a: Articuno|53/100
|-supereffective|p2a: Articuno
|-damage|p2a: Articuno|29/100
|-hitcount|p2a: Articuno|2
|
|upkeep
|turn|33
|
|t:|1640121040
|switch|p1a: Eldegoss|Eldegoss, F|53/100
|move|p2a: Articuno|Freezing Glare|p1a: Eldegoss
|-damage|p1a: Eldegoss|0 fnt
|faint|p1a: Eldegoss
|
|upkeep
|
|t:|1640121042
|switch|p1a: Cinccino|Cinccino, M|36/100
|turn|34
|
|t:|1640121058
|switch|p2a: Sneasel|Sneasel, F|57/100
|move|p1a: Cinccino|Rock Blast|p2a: Sneasel
|-supereffective|p2a: Sneasel
|-damage|p2a: Sneasel|11/100
|-supereffective|p2a: Sneasel
|-damage|p2a: Sneasel|0 fnt
|faint|p2a: Sneasel
|-hitcount|p2: Sneasel|2
|
|upkeep
|
|t:|1640121059
|switch|p2a: Aromatisse|Aromatisse, F|45/100
|-damage|p2a: Aromatisse|33/100|[from] Stealth Rock
|turn|35
|
|t:|1640121062
|move|p2a: Aromatisse|Protect|p2a: Aromatisse
|-singleturn|p2a: Aromatisse|Protect
|move|p1a: Cinccino|Triple Axel|p2a: Aromatisse
|-activate|p2a: Aromatisse|move: Protect
|
|-heal|p2a: Aromatisse|39/100|[from] item: Leftovers
|upkeep
|turn|36
|
|t:|1640121095
|switch|p1a: Avalugg|Avalugg, F|48/100
|move|p2a: Aromatisse|Moonblast|p1a: Avalugg
|-damage|p1a: Avalugg|13/100
|
|-heal|p2a: Aromatisse|45/100|[from] item: Leftovers
|upkeep
|turn|37
|
|t:|1640121102
|move|p2a: Aromatisse|Moonblast|p1a: Avalugg
|-damage|p1a: Avalugg|0 fnt
|faint|p1a: Avalugg
|
|-heal|p2a: Aromatisse|51/100|[from] item: Leftovers
|upkeep
|
|t:|1640121104
|switch|p1a: Silvally|Silvally-Ghost|12/100
|turn|38
|
|t:|1640121134
|move|p2a: Aromatisse|Protect|p2a: Aromatisse
|-singleturn|p2a: Aromatisse|Protect
|move|p1a: Silvally|Multi-Attack|p2a: Aromatisse
|-activate|p2a: Aromatisse|move: Protect
|
|-heal|p2a: Aromatisse|57/100|[from] item: Leftovers
|upkeep
|turn|39
|
|t:|1640121145
|move|p1a: Silvally|Rest|p1a: Silvally
|-status|p1a: Silvally|slp|[from] move: Rest
|-heal|p1a: Silvally|100/100 slp|[silent]
|move|p2a: Aromatisse|Moonblast|p1a: Silvally
|-damage|p1a: Silvally|74/100 slp
|
|-heal|p2a: Aromatisse|64/100|[from] item: Leftovers
|upkeep
|turn|40
|
|t:|1640121149
|cant|p1a: Silvally|slp
|move|p1a: Silvally|Sleep Talk|p1a: Silvally
|move|p1a: Silvally|Rest||[from]move: Sleep Talk|[still]
|-fail|p1a: Silvally
|move|p2a: Aromatisse|Wish|p2a: Aromatisse
|
|-heal|p2a: Aromatisse|70/100|[from] item: Leftovers
|upkeep
|turn|41
|
|t:|1640121154
|cant|p1a: Silvally|slp
|move|p1a: Silvally|Sleep Talk|p1a: Silvally
|move|p1a: Silvally|Multi-Attack|p2a: Aromatisse|[from]move: Sleep Talk
|-damage|p2a: Aromatisse|41/100
|move|p2a: Aromatisse|Moonblast|p1a: Silvally
|-damage|p1a: Silvally|42/100 slp
|
|-heal|p2a: Aromatisse|91/100|[from] move: Wish|[wisher] Aromatisse
|-heal|p2a: Aromatisse|98/100|[from] item: Leftovers
|upkeep
|turn|42
|
|t:|1640121163
|-curestatus|p1a: Silvally|slp|[msg]
|move|p1a: Silvally|Multi-Attack|p2a: Aromatisse
|-damage|p2a: Aromatisse|66/100
|move|p2a: Aromatisse|Wish|p2a: Aromatisse
|
|-heal|p2a: Aromatisse|72/100|[from] item: Leftovers
|upkeep
|turn|43
|
|t:|1640121168
|move|p1a: Silvally|Multi-Attack|p2a: Aromatisse
|-damage|p2a: Aromatisse|41/100
|move|p2a: Aromatisse|Moonblast|p1a: Silvally
|-damage|p1a: Silvally|11/100
|-unboost|p1a: Silvally|spa|1
|
|-heal|p2a: Aromatisse|91/100|[from] move: Wish|[wisher] Aromatisse
|-heal|p2a: Aromatisse|98/100|[from] item: Leftovers
|upkeep
|turn|44
|
|t:|1640121176
|move|p1a: Silvally|Rest|p1a: Silvally
|-status|p1a: Silvally|slp|[from] move: Rest
|-heal|p1a: Silvally|100/100 slp|[silent]
|move|p2a: Aromatisse|Moonblast|p1a: Silvally
|-damage|p1a: Silvally|72/100 slp
|
|-heal|p2a: Aromatisse|100/100|[from] item: Leftovers
|upkeep
|turn|45
|
|t:|1640121188
|cant|p1a: Silvally|slp
|move|p2a: Aromatisse|Moonblast|p1a: Silvally
|-damage|p1a: Silvally|42/100 slp
|
|upkeep
|turn|46
|
|t:|1640121192
|cant|p1a: Silvally|slp
|move|p2a: Aromatisse|Moonblast|p1a: Silvally
|-damage|p1a: Silvally|10/100 slp
|-unboost|p1a: Silvally|spa|1
|
|upkeep
|turn|47
|
|t:|1640121197
|-curestatus|p1a: Silvally|slp|[msg]
|move|p1a: Silvally|Rest|p1a: Silvally
|-status|p1a: Silvally|slp|[from] move: Rest
|-heal|p1a: Silvally|100/100 slp|[silent]
|move|p2a: Aromatisse|Moonblast|p1a: Silvally
|-damage|p1a: Silvally|74/100 slp
|
|upkeep
|turn|48
|
|t:|1640121204
|cant|p1a: Silvally|slp
|move|p1a: Silvally|Sleep Talk|p1a: Silvally
|move|p1a: Silvally|Roar|p2a: Aromatisse|[from]move: Sleep Talk
|drag|p2a: Articuno|Articuno-Galar|29/100
|-damage|p2a: Articuno|5/100|[from] Stealth Rock
|
|upkeep
|turn|49
|
|t:|1640121212
|move|p2a: Articuno|Freezing Glare|p1a: Silvally
|-damage|p1a: Silvally|10/100 slp
|cant|p1a: Silvally|slp
|move|p1a: Silvally|Sleep Talk|p1a: Silvally
|move|p1a: Silvally|Roar|p2a: Articuno|[from]move: Sleep Talk
|drag|p2a: Aromatisse|Aromatisse, F|100/100
|-damage|p2a: Aromatisse|88/100|[from] Stealth Rock
|
|-heal|p2a: Aromatisse|94/100|[from] item: Leftovers
|upkeep
|turn|50
|c|☆pult94d somalia|wp brother
|c|☆pult94d somalia|gg and unique
|c|☆pult94d somalia|team
|
|t:|1640121226
|-curestatus|p1a: Silvally|slp|[msg]
|move|p1a: Silvally|Rest|p1a: Silvally
|-status|p1a: Silvally|slp|[from] move: Rest
|-heal|p1a: Silvally|100/100 slp|[silent]
|move|p2a: Aromatisse|Moonblast|p1a: Silvally
|-damage|p1a: Silvally|74/100 slp
|
|-heal|p2a: Aromatisse|100/100|[from] item: Leftovers
|upkeep
|turn|51
|c|☆sassy ylay|gg, ty! you too
|
|t:|1640121232
|cant|p1a: Silvally|slp
|move|p1a: Silvally|Sleep Talk|p1a: Silvally
|move|p1a: Silvally|Multi-Attack|p2a: Aromatisse|[from]move: Sleep Talk
|-damage|p2a: Aromatisse|73/100
|move|p2a: Aromatisse|Moonblast|p1a: Silvally
|-damage|p1a: Silvally|45/100 slp
|
|-heal|p2a: Aromatisse|79/100|[from] item: Leftovers
|upkeep
|turn|52
|c|☆pult94d somalia|love seeing new techs haha
|
|t:|1640121237
|cant|p1a: Silvally|slp
|move|p1a: Silvally|Sleep Talk|p1a: Silvally
|move|p1a: Silvally|Multi-Attack|p2a: Aromatisse|[from]move: Sleep Talk
|-damage|p2a: Aromatisse|48/100
|move|p2a: Aromatisse|Moonblast|p1a: Silvally
|-damage|p1a: Silvally|16/100 slp
|-unboost|p1a: Silvally|spa|1
|
|-heal|p2a: Aromatisse|54/100|[from] item: Leftovers
|upkeep
|turn|53
|
|t:|1640121243
|-curestatus|p1a: Silvally|slp|[msg]
|move|p1a: Silvally|Rest|p1a: Silvally
|-status|p1a: Silvally|slp|[from] move: Rest
|-heal|p1a: Silvally|100/100 slp|[silent]
|move|p2a: Aromatisse|Moonblast|p1a: Silvally
|-damage|p1a: Silvally|70/100 slp
|-unboost|p1a: Silvally|spa|1
|
|-heal|p2a: Aromatisse|60/100|[from] item: Leftovers
|upkeep
|turn|54
|
|t:|1640121249
|cant|p1a: Silvally|slp
|move|p1a: Silvally|Sleep Talk|p1a: Silvally
|move|p1a: Silvally|Rest||[from]move: Sleep Talk|[still]
|-fail|p1a: Silvally
|move|p2a: Aromatisse|Moonblast|p1a: Silvally
|-damage|p1a: Silvally|39/100 slp
|
|-heal|p2a: Aromatisse|66/100|[from] item: Leftovers
|upkeep
|turn|55
|
|t:|1640121252
|cant|p1a: Silvally|slp
|move|p1a: Silvally|Sleep Talk|p1a: Silvally
|move|p1a: Silvally|Rest||[from]move: Sleep Talk|[still]
|-fail|p1a: Silvally
|move|p2a: Aromatisse|Moonblast|p1a: Silvally
|-damage|p1a: Silvally|11/100 slp
|
|-heal|p2a: Aromatisse|72/100|[from] item: Leftovers
|upkeep
|turn|56
|
|t:|1640121255
|-curestatus|p1a: Silvally|slp|[msg]
|move|p1a: Silvally|Rest|p1a: Silvally
|-status|p1a: Silvally|slp|[from] move: Rest
|-heal|p1a: Silvally|100/100 slp|[silent]
|move|p2a: Aromatisse|Moonblast|p1a: Silvally
|-damage|p1a: Silvally|69/100 slp
|
|-heal|p2a: Aromatisse|79/100|[from] item: Leftovers
|upkeep
|turn|57
|
|t:|1640121261
|cant|p1a: Silvally|slp
|move|p1a: Silvally|Sleep Talk|p1a: Silvally
|move|p1a: Silvally|Rest||[from]move: Sleep Talk|[still]
|-fail|p1a: Silvally
|move|p2a: Aromatisse|Moonblast|p1a: Silvally
|-damage|p1a: Silvally|39/100 slp
|
|-heal|p2a: Aromatisse|85/100|[from] item: Leftovers
|upkeep
|turn|58
|
|t:|1640121267
|cant|p1a: Silvally|slp
|move|p1a: Silvally|Sleep Talk|p1a: Silvally
|move|p1a: Silvally|Multi-Attack|p2a: Aromatisse|[from]move: Sleep Talk
|-damage|p2a: Aromatisse|56/100
|move|p2a: Aromatisse|Wish|p2a: Aromatisse
|
|-heal|p2a: Aromatisse|62/100|[from] item: Leftovers
|upkeep
|turn|59
|
|t:|1640121276
|move|p2a: Aromatisse|Wish||[still]
|-fail|p2a: Aromatisse
|-curestatus|p1a: Silvally|slp|[msg]
|move|p1a: Silvally|Roar|p2a: Aromatisse
|drag|p2a: Articuno|Articuno-Galar|5/100
|-damage|p2a: Articuno|0 fnt|[from] Stealth Rock
|faint|p2a: Articuno
|
|upkeep
|
|t:|1640121283
|switch|p2a: Aromatisse|Aromatisse, F|62/100
|-damage|p2a: Aromatisse|50/100|[from] Stealth Rock
|turn|60
|c|☆pult94d somalia|wont waste ur time
|-message|pult94d somalia forfeited.
|
|win|sassy ylay
|raw|sassy ylay's rating: 1475 &rarr; <strong>1500</strong><br />(+25 for winning)
|raw|pult94d somalia's rating: 1573 &rarr; <strong>1548</strong><br />(-25 for losing)
|l|☆pult94d somalia
