|j|☆rambojam23
|j|☆big gastrocnemius
|inactive|Battle timer is ON: inactive players will automatically lose when time's up.
|t:|1652240556
|gametype|singles
|player|p1|rambojam23|camper|
|player|p2|big gastrocnemius|brawly|
|teamsize|p1|6
|teamsize|p2|6
|gen|8
|tier|[Gen 8] PU
|rated|Tournament battle
|rule|Sleep Clause Mod: Limit one foe put to sleep
|rule|Species Clause: Limit one of each Pokémon
|rule|OHKO Clause: OHKO moves are banned
|rule|Evasion Moves Clause: Evasion moves are banned
|rule|Endless Battle Clause: Forcing endless battles is banned
|rule|HP Percentage Mod: HP is shown in percentages
|rule|Dynamax Clause: You cannot dynamax
|clearpoke
|poke|p1|Gigalith, M|
|poke|p1|Quagsire, M|
|poke|p1|Scrafty, M|
|poke|p1|Weezing, F|
|poke|p1|Ferroseed, F|
|poke|p1|Ribombee, M|
|poke|p2|Miltank, F|
|poke|p2|Eldegoss, M|
|poke|p2|Magneton|
|poke|p2|Flareon, M|
|poke|p2|Ribombee, F|
|poke|p2|Garbodor, F|
|teampreview
|j|*Lady Monita ✿
|j| BB-8-NU
|inactive|big gastrocnemius also wants the timer to be on.
|c|☆big gastrocnemius|oh
|c|☆rambojam23|fire username bro
|j| ubers D RANK
|c|☆big gastrocnemius|oops
|c|☆rambojam23|hf
|c|☆big gastrocnemius|u2
|c|☆rambojam23|x_x
|c|☆rambojam23|wrong team?
|c|☆big gastrocnemius|i refreshed
|c|☆big gastrocnemius|and clicked the wrong one
|c|☆big gastrocnemius|yea
|c|☆rambojam23|we can load in dif battle and like loser ffs
|c|☆big gastrocnemius|alas.
|c|☆rambojam23|if you want
|c|☆big gastrocnemius|na
|c|☆rambojam23|aight
|inactive|rambojam23 has 120 seconds left.
|inactive|big gastrocnemius has 120 seconds left.
|j| stopgap
|j| PokeArt2004❤
|c| ubers D RANK|What does gastrocnemius mean
|j| TGA
|c|☆rambojam23|idk but its a fire word
|j| andy is my father
|c|☆big gastrocnemius|big calves
|j| Light of Freedom
|c|☆big gastrocnemius|yuh yuh
|c|☆rambojam23|heater
|inactive|big gastrocnemius has 90 seconds left.
|l| andy is my father
|c| ubers D RANK|It's alright
|j| skarvyle
|c|☆big gastrocnemius|oml
|l| Light of Freedom
|c|☆big gastrocnemius|this is
|c|☆big gastrocnemius|such a plas alt
|c|☆big gastrocnemius|LOL
|j| Jamesbond1
|c|☆rambojam23|if she don't have some big gastrocnemius i dont want her
|c|☆rambojam23|ya bro LOL
|c|☆big gastrocnemius|i just realized..
|inactive|big gastrocnemius has 60 seconds left.
|
|t:|1652240651
|start
|switch|p1a: Scrafty|Scrafty, M|100/100
|switch|p2a: Garbodor|Garbodor, F|100/100
|turn|1
|c|☆rambojam23|how do i beat demon grass man
|j| longrangerii
|l| longrangerii
|c|☆rambojam23|oh this mon too hmm
|
|t:|1652240661
|move|p2a: Garbodor|Corrosive Gas|p1a: Scrafty
|-enditem|p1a: Scrafty|Leftovers|[from] move: Corrosive Gas|[of] p2a: Garbodor
|move|p1a: Scrafty|Knock Off|p2a: Garbodor
|-damage|p2a: Garbodor|77/100
|-enditem|p2a: Garbodor|Black Sludge|[from] move: Knock Off|[of] p1a: Scrafty
|
|upkeep
|turn|2
|
|t:|1652240665
|switch|p1a: Gigalith|Gigalith, M|100/100
|-weather|Sandstorm|[from] ability: Sand Stream|[of] p1a: Gigalith
|move|p2a: Garbodor|Spikes|p1a: Gigalith
|-sidestart|p1: rambojam23|Spikes
|
|-weather|Sandstorm|[upkeep]
|-damage|p2a: Garbodor|71/100|[from] Sandstorm
|upkeep
|turn|3
|j| TakingNotesKinda
|
|t:|1652240672
|switch|p2a: Eldegoss|Eldegoss, M|100/100
|move|p1a: Gigalith|Stealth Rock|p2a: Eldegoss
|-sidestart|p2: big gastrocnemius|move: Stealth Rock
|
|-weather|Sandstorm|[upkeep]
|-damage|p2a: Eldegoss|94/100|[from] Sandstorm
|upkeep
|turn|4
|
|t:|1652240675
|switch|p1a: Ferroseed|Ferroseed, F|100/100
|-damage|p1a: Ferroseed|88/100|[from] Spikes
|move|p2a: Eldegoss|Rapid Spin|p1a: Ferroseed
|-resisted|p1a: Ferroseed
|-damage|p1a: Ferroseed|86/100
|-boost|p2a: Eldegoss|spe|1
|-damage|p2a: Eldegoss|82/100|[from] ability: Iron Barbs|[of] p1a: Ferroseed
|-sideend|p2: big gastrocnemius|Stealth Rock|[from] move: Rapid Spin|[of] p2a: Eldegoss
|
|-weather|Sandstorm|[upkeep]
|-damage|p2a: Eldegoss|76/100|[from] Sandstorm
|upkeep
|turn|5
|
|t:|1652240681
|switch|p2a: Flareon|Flareon, M|100/100
|move|p1a: Ferroseed|Leech Seed|p2a: Flareon
|-start|p2a: Flareon|move: Leech Seed
|
|-weather|Sandstorm|[upkeep]
|-damage|p2a: Flareon|95/100|[from] Sandstorm
|-damage|p2a: Flareon|82/100|[from] Leech Seed|[of] p1a: Ferroseed
|-heal|p1a: Ferroseed|99/100|[silent]
|upkeep
|turn|6
|
|t:|1652240686
|switch|p1a: Gigalith|Gigalith, M|100/100
|-damage|p1a: Gigalith|88/100|[from] Spikes
|move|p2a: Flareon|Wish|p2a: Flareon
|
|-weather|none
|-heal|p1a: Gigalith|94/100|[from] item: Leftovers
|-damage|p2a: Flareon|70/100|[from] Leech Seed|[of] p1a: Gigalith
|-heal|p1a: Gigalith|100/100|[silent]
|upkeep
|turn|7
|j| Darkman64
|
|t:|1652240691
|switch|p2a: Garbodor|Garbodor, F|71/100
|switch|p1a: Ferroseed|Ferroseed, F|99/100
|-damage|p1a: Ferroseed|88/100|[from] Spikes
|
|-heal|p2a: Garbodor|100/100|[from] move: Wish|[wisher] Flareon
|upkeep
|turn|8
|
|t:|1652240695
|move|p2a: Garbodor|Corrosive Gas|p1a: Ferroseed
|-enditem|p1a: Ferroseed|Eviolite|[from] move: Corrosive Gas|[of] p2a: Garbodor
|move|p1a: Ferroseed|Leech Seed|p2a: Garbodor
|-start|p2a: Garbodor|move: Leech Seed
|
|-damage|p2a: Garbodor|88/100|[from] Leech Seed|[of] p1a: Ferroseed
|-heal|p1a: Ferroseed|100/100|[silent]
|upkeep
|turn|9
|
|t:|1652240699
|move|p2a: Garbodor|Spikes|p1a: Ferroseed
|-sidestart|p1: rambojam23|Spikes
|move|p1a: Ferroseed|Spikes|p2a: Garbodor
|-sidestart|p2: big gastrocnemius|Spikes
|
|-damage|p2a: Garbodor|76/100|[from] Leech Seed|[of] p1a: Ferroseed
|upkeep
|turn|10
|
|t:|1652240704
|switch|p2a: Flareon|Flareon, M|70/100
|move|p1a: Ferroseed|Toxic|p2a: Flareon
|-status|p2a: Flareon|tox
|
|-damage|p2a: Flareon|64/100 tox|[from] psn
|upkeep
|turn|11
|c|☆big gastrocnemius|that
|c|☆big gastrocnemius|hm
|
|t:|1652240710
|switch|p1a: Gigalith|Gigalith, M|100/100
|-damage|p1a: Gigalith|84/100|[from] Spikes
|-weather|Sandstorm|[from] ability: Sand Stream|[of] p1a: Gigalith
|move|p2a: Flareon|Wish|p2a: Flareon
|
|-weather|Sandstorm|[upkeep]
|-damage|p2a: Flareon|58/100 tox|[from] Sandstorm
|-heal|p1a: Gigalith|90/100|[from] item: Leftovers
|-damage|p2a: Flareon|46/100 tox|[from] psn
|upkeep
|turn|12
|
|t:|1652240720
|switch|p2a: Eldegoss|Eldegoss, M|100/100
|switch|p1a: Weezing|Weezing, F|100/100
|
|-weather|Sandstorm|[upkeep]
|-damage|p1a: Weezing|95/100|[from] Sandstorm
|-damage|p2a: Eldegoss|94/100|[from] Sandstorm
|-heal|p2a: Eldegoss|100/100|[from] move: Wish|[wisher] Flareon
|-heal|p1a: Weezing|100/100|[from] item: Black Sludge
|upkeep
|turn|13
|
|t:|1652240728
|switch|p2a: Magneton|Magneton|100/100
|-damage|p2a: Magneton|88/100|[from] Spikes
|move|p1a: Weezing|Sludge Bomb|p2a: Magneton
|-immune|p2a: Magneton
|
|-weather|Sandstorm|[upkeep]
|-damage|p1a: Weezing|95/100|[from] Sandstorm
|-heal|p1a: Weezing|100/100|[from] item: Black Sludge
|upkeep
|turn|14
|
|t:|1652240734
|switch|p1a: Quagsire|Quagsire, M|100/100
|move|p2a: Magneton|Flash Cannon|p1a: Quagsire
|-resisted|p1a: Quagsire
|-damage|p1a: Quagsire|56/100
|-unboost|p1a: Quagsire|spd|1
|
|-weather|Sandstorm|[upkeep]
|upkeep
|turn|15
|c|☆big gastrocnemius|sheesh
|
|t:|1652240751
|switch|p1a: Ferroseed|Ferroseed, F|100/100
|-damage|p1a: Ferroseed|84/100|[from] Spikes
|move|p2a: Magneton|Flash Cannon|p1a: Ferroseed
|-resisted|p1a: Ferroseed
|-damage|p1a: Ferroseed|25/100
|
|-weather|none
|upkeep
|turn|16
|c|☆big gastrocnemius|LOL
|c|☆rambojam23|eek
|
|t:|1652240759
|move|p2a: Magneton|Flash Cannon|p1a: Ferroseed
|-resisted|p1a: Ferroseed
|-damage|p1a: Ferroseed|0 fnt
|faint|p1a: Ferroseed
|
|upkeep
|
|t:|1652240762
|switch|p1a: Scrafty|Scrafty, M|100/100
|-damage|p1a: Scrafty|84/100|[from] Spikes
|turn|17
|
|t:|1652240767
|switch|p2a: Ribombee|Ribombee, F|100/100
|switch|p1a: Gigalith|Gigalith, M|90/100
|-damage|p1a: Gigalith|73/100|[from] Spikes
|-weather|Sandstorm|[from] ability: Sand Stream|[of] p1a: Gigalith
|
|-weather|Sandstorm|[upkeep]
|-damage|p2a: Ribombee|94/100|[from] Sandstorm
|-heal|p1a: Gigalith|80/100|[from] item: Leftovers
|upkeep
|turn|18
|
|t:|1652240773
|switch|p2a: Eldegoss|Eldegoss, M|100/100
|move|p1a: Gigalith|Stealth Rock|p2a: Eldegoss
|-sidestart|p2: big gastrocnemius|move: Stealth Rock
|
|-weather|Sandstorm|[upkeep]
|-damage|p2a: Eldegoss|94/100|[from] Sandstorm
|-heal|p1a: Gigalith|86/100|[from] item: Leftovers
|upkeep
|turn|19
|
|t:|1652240776
|move|p1a: Gigalith|Protect|p1a: Gigalith
|-singleturn|p1a: Gigalith|Protect
|move|p2a: Eldegoss|Rapid Spin|p1a: Gigalith
|-activate|p1a: Gigalith|move: Protect
|
|-weather|Sandstorm|[upkeep]
|-damage|p2a: Eldegoss|88/100|[from] Sandstorm
|-heal|p1a: Gigalith|92/100|[from] item: Leftovers
|upkeep
|turn|20
|
|t:|1652240780
|move|p2a: Eldegoss|Rapid Spin|p1a: Gigalith
|-resisted|p1a: Gigalith
|-crit|p1a: Gigalith
|-damage|p1a: Gigalith|89/100
|-boost|p2a: Eldegoss|spe|1
|-sideend|p2: big gastrocnemius|Spikes|[from] move: Rapid Spin|[of] p2a: Eldegoss
|-sideend|p2: big gastrocnemius|Stealth Rock|[from] move: Rapid Spin|[of] p2a: Eldegoss
|move|p1a: Gigalith|Rock Blast|p2a: Eldegoss
|-damage|p2a: Eldegoss|78/100
|-damage|p2a: Eldegoss|68/100
|-hitcount|p2a: Eldegoss|2
|
|-weather|Sandstorm|[upkeep]
|-damage|p2a: Eldegoss|62/100|[from] Sandstorm
|-heal|p1a: Gigalith|95/100|[from] item: Leftovers
|upkeep
|turn|21
|
|t:|1652240784
|move|p2a: Eldegoss|Leech Seed|p1a: Gigalith
|-start|p1a: Gigalith|move: Leech Seed
|move|p1a: Gigalith|Stealth Rock|p2a: Eldegoss
|-sidestart|p2: big gastrocnemius|move: Stealth Rock
|
|-weather|none
|-heal|p1a: Gigalith|100/100|[from] item: Leftovers
|-damage|p1a: Gigalith|88/100|[from] Leech Seed|[of] p2a: Eldegoss
|-heal|p2a: Eldegoss|76/100|[silent]
|upkeep
|turn|22
|
|t:|1652240789
|switch|p1a: Weezing|Weezing, F|100/100
|move|p2a: Eldegoss|Rapid Spin|p1a: Weezing
|-damage|p1a: Weezing|97/100
|-boost|p2a: Eldegoss|spe|1
|-sideend|p2: big gastrocnemius|Stealth Rock|[from] move: Rapid Spin|[of] p2a: Eldegoss
|
|-heal|p1a: Weezing|100/100|[from] item: Black Sludge
|upkeep
|turn|23
|c|☆rambojam23|i just want a crumb of up
|
|t:|1652240800
|switch|p2a: Garbodor|Garbodor, F|76/100
|move|p1a: Weezing|Toxic Spikes|p2a: Garbodor
|-sidestart|p2: big gastrocnemius|move: Toxic Spikes
|
|upkeep
|turn|24
|j| cornerius
|j| clean cuts
|
|t:|1652240805
|move|p2a: Garbodor|Spikes|p1a: Weezing
|-sidestart|p1: rambojam23|Spikes
|move|p1a: Weezing|Will-O-Wisp|p2a: Garbodor
|-status|p2a: Garbodor|brn
|
|-damage|p2a: Garbodor|70/100 brn|[from] brn
|upkeep
|turn|25
|
|t:|1652240814
|move|p2a: Garbodor|Corrosive Gas|p1a: Weezing
|-enditem|p1a: Weezing|Black Sludge|[from] move: Corrosive Gas|[of] p2a: Garbodor
|move|p1a: Weezing|Taunt|p2a: Garbodor
|-start|p2a: Garbodor|move: Taunt
|
|-damage|p2a: Garbodor|64/100 brn|[from] brn
|upkeep
|turn|26
|c| ubers D RANK|What's that
|
|t:|1652240818
|switch|p2a: Miltank|Miltank, F|100/100
|switch|p1a: Quagsire|Quagsire, M|56/100
|
|upkeep
|turn|27
|j| Luthier
|
|t:|1652240823
|move|p2a: Miltank|Toxic|p1a: Quagsire
|-status|p1a: Quagsire|tox
|move|p1a: Quagsire|Recover|p1a: Quagsire
|-heal|p1a: Quagsire|100/100 tox
|
|-damage|p1a: Quagsire|94/100 tox|[from] psn
|upkeep
|turn|28
|
|t:|1652240827
|move|p2a: Miltank|Stealth Rock|p1a: Quagsire
|-sidestart|p1: rambojam23|move: Stealth Rock
|move|p1a: Quagsire|Toxic|p2a: Miltank
|-status|p2a: Miltank|tox
|
|-damage|p2a: Miltank|94/100 tox|[from] psn
|-damage|p1a: Quagsire|82/100 tox|[from] psn
|upkeep
|turn|29
|
|t:|1652240831
|switch|p2a: Eldegoss|Eldegoss, M|100/100
|move|p1a: Quagsire|Toxic|p2a: Eldegoss
|-status|p2a: Eldegoss|tox
|
|-damage|p2a: Eldegoss|94/100 tox|[from] psn
|-damage|p1a: Quagsire|64/100 tox|[from] psn
|upkeep
|turn|30
|
|t:|1652240834
|switch|p1a: Weezing|Weezing, F|100/100
|-damage|p1a: Weezing|88/100|[from] Stealth Rock
|move|p2a: Eldegoss|Aromatherapy|p2a: Eldegoss
|-activate|p2a: Eldegoss|move: Aromatherapy
|-curestatus|p2a: Eldegoss|tox|[msg]
|-curestatus|p2: Miltank|tox|[msg]
|-curestatus|p2: Flareon|tox|[msg]
|-curestatus|p2: Garbodor|brn|[msg]
|
|upkeep
|turn|31
|
|t:|1652240844
|switch|p2a: Magneton|Magneton|88/100
|move|p1a: Weezing|Will-O-Wisp|p2a: Magneton
|-status|p2a: Magneton|brn
|
|-damage|p2a: Magneton|82/100 brn|[from] brn
|upkeep
|turn|32
|c|☆big gastrocnemius|which will it be
|
|t:|1652240853
|switch|p1a: Quagsire|Quagsire, M|64/100 tox
|move|p2a: Magneton|Flash Cannon|p1a: Quagsire
|-resisted|p1a: Quagsire
|-crit|p1a: Quagsire
|-damage|p1a: Quagsire|0 fnt
|faint|p1a: Quagsire
|
|-damage|p2a: Magneton|76/100 brn|[from] brn
|upkeep
|
|t:|1652240858
|switch|p1a: Gigalith|Gigalith, M|88/100
|-damage|p1a: Gigalith|76/100|[from] Stealth Rock
|-damage|p1a: Gigalith|51/100|[from] Spikes
|-weather|Sandstorm|[from] ability: Sand Stream|[of] p1a: Gigalith
|turn|33
|
|t:|1652240861
|switch|p2a: Eldegoss|Eldegoss, M|100/100
|move|p1a: Gigalith|Stealth Rock|p2a: Eldegoss
|-sidestart|p2: big gastrocnemius|move: Stealth Rock
|
|-weather|Sandstorm|[upkeep]
|-damage|p2a: Eldegoss|94/100|[from] Sandstorm
|-heal|p1a: Gigalith|57/100|[from] item: Leftovers
|upkeep
|turn|34
|c|☆rambojam23|gg boss
|c|☆big gastrocnemius|gg
|c| ubers D RANK|Gg
|j|+Fragments
|
|t:|1652240875
|switch|p1a: Weezing|Weezing, F|88/100
|-damage|p1a: Weezing|76/100|[from] Stealth Rock
|move|p2a: Eldegoss|Rapid Spin|p1a: Weezing
|-damage|p1a: Weezing|72/100
|-boost|p2a: Eldegoss|spe|1
|-sideend|p2: big gastrocnemius|Toxic Spikes|[from] move: Rapid Spin|[of] p2a: Eldegoss
|-sideend|p2: big gastrocnemius|Stealth Rock|[from] move: Rapid Spin|[of] p2a: Eldegoss
|
|-weather|Sandstorm|[upkeep]
|-damage|p2a: Eldegoss|88/100|[from] Sandstorm
|-damage|p1a: Weezing|66/100|[from] Sandstorm
|upkeep
|turn|35
|c|☆big gastrocnemius|guess this team worked in the end...
|
|t:|1652240886
|switch|p2a: Magneton|Magneton|76/100 brn
|move|p1a: Weezing|Sludge Bomb|p2a: Magneton
|-immune|p2a: Magneton
|
|-weather|Sandstorm|[upkeep]
|-damage|p1a: Weezing|60/100|[from] Sandstorm
|-damage|p2a: Magneton|69/100 brn|[from] brn
|upkeep
|turn|36
|c|☆rambojam23|calculated
|
|t:|1652240892
|move|p2a: Magneton|Volt Switch|p1a: Weezing
|-damage|p1a: Weezing|0 fnt
|faint|p1a: Weezing
|
|t:|1652240907
|switch|p2a: Garbodor|Garbodor, F|64/100|[from]move: Volt Switch
|
|-weather|Sandstorm|[upkeep]
|-damage|p2a: Garbodor|58/100|[from] Sandstorm
|upkeep
|
|t:|1652240910
|switch|p1a: Gigalith|Gigalith, M|57/100
|-damage|p1a: Gigalith|32/100|[from] Spikes
|-damage|p1a: Gigalith|20/100|[from] Stealth Rock
|turn|37
|
|t:|1652240919
|switch|p2a: Miltank|Miltank, F|94/100
|move|p1a: Gigalith|Earthquake|p2a: Miltank
|-damage|p2a: Miltank|76/100
|
|-weather|none
|-heal|p1a: Gigalith|26/100|[from] item: Leftovers
|upkeep
|turn|38
|l| clean cuts
|
|t:|1652240922
|move|p2a: Miltank|Toxic|p1a: Gigalith
|-status|p1a: Gigalith|tox
|move|p1a: Gigalith|Stealth Rock|p2a: Miltank
|-sidestart|p2: big gastrocnemius|move: Stealth Rock
|
|-heal|p1a: Gigalith|32/100 tox|[from] item: Leftovers
|-damage|p1a: Gigalith|26/100 tox|[from] psn
|upkeep
|turn|39
|
|t:|1652240924
|move|p2a: Miltank|Milk Drink|p2a: Miltank
|-heal|p2a: Miltank|100/100
|move|p1a: Gigalith|Rock Blast|p2a: Miltank
|-damage|p2a: Miltank|93/100
|-damage|p2a: Miltank|86/100
|-damage|p2a: Miltank|79/100
|-damage|p2a: Miltank|71/100
|-damage|p2a: Miltank|64/100
|-hitcount|p2a: Miltank|5
|
|-heal|p1a: Gigalith|32/100 tox|[from] item: Leftovers
|-damage|p1a: Gigalith|20/100 tox|[from] psn
|upkeep
|turn|40
|
|t:|1652240927
|move|p2a: Miltank|Milk Drink|p2a: Miltank
|-heal|p2a: Miltank|100/100
|move|p1a: Gigalith|Rock Blast|p2a: Miltank
|-damage|p2a: Miltank|93/100
|-damage|p2a: Miltank|86/100
|-hitcount|p2a: Miltank|2
|
|-heal|p1a: Gigalith|26/100 tox|[from] item: Leftovers
|-damage|p1a: Gigalith|8/100 tox|[from] psn
|upkeep
|turn|41
|
|t:|1652240931
|move|p2a: Miltank|Body Press|p1a: Gigalith
|-supereffective|p1a: Gigalith
|-damage|p1a: Gigalith|0 fnt
|faint|p1a: Gigalith
|
|upkeep
|
|t:|1652240933
|switch|p1a: Ribombee|Ribombee, M|100/100
|turn|42
|
|t:|1652240936
|switch|p2a: Flareon|Flareon, M|46/100
|move|p1a: Ribombee|Quiver Dance|p1a: Ribombee
|-boost|p1a: Ribombee|spa|1
|-boost|p1a: Ribombee|spd|1
|-boost|p1a: Ribombee|spe|1
|
|upkeep
|turn|43
|
|t:|1652240938
|move|p1a: Ribombee|Quiver Dance|p1a: Ribombee
|-boost|p1a: Ribombee|spa|1
|-boost|p1a: Ribombee|spd|1
|-boost|p1a: Ribombee|spe|1
|move|p2a: Flareon|Toxic|p1a: Ribombee|[miss]
|-miss|p2a: Flareon|p1a: Ribombee
|
|upkeep
|turn|44
|c|☆big gastrocnemius|o no
|
|t:|1652240942
|move|p1a: Ribombee|Moonblast|p2a: Flareon
|-resisted|p2a: Flareon
|-damage|p2a: Flareon|19/100
|move|p2a: Flareon|Toxic|p1a: Ribombee
|-status|p1a: Ribombee|tox
|
|-damage|p1a: Ribombee|94/100 tox|[from] psn
|upkeep
|turn|45
|
|t:|1652240947
|move|p2a: Flareon|Protect|p2a: Flareon
|-singleturn|p2a: Flareon|Protect
|move|p1a: Ribombee|Moonblast|p2a: Flareon
|-activate|p2a: Flareon|move: Protect
|
|-damage|p1a: Ribombee|82/100 tox|[from] psn
|upkeep
|turn|46
|
|t:|1652240949
|move|p1a: Ribombee|Moonblast|p2a: Flareon
|-resisted|p2a: Flareon
|-damage|p2a: Flareon|0 fnt
|faint|p2a: Flareon
|
|-damage|p1a: Ribombee|64/100 tox|[from] psn
|upkeep
|
|t:|1652240953
|switch|p2a: Garbodor|Garbodor, F|58/100
|-damage|p2a: Garbodor|45/100|[from] Stealth Rock
|turn|47
|l| Luthier
|
|t:|1652240959
|switch|p2a: Magneton|Magneton|69/100 brn
|-damage|p2a: Magneton|63/100 brn|[from] Stealth Rock
|move|p1a: Ribombee|Moonblast|p2a: Magneton
|-resisted|p2a: Magneton
|-damage|p2a: Magneton|0 fnt
|faint|p2a: Magneton
|
|-damage|p1a: Ribombee|40/100 tox|[from] psn
|upkeep
|
|t:|1652240965
|switch|p2a: Garbodor|Garbodor, F|45/100
|-damage|p2a: Garbodor|33/100|[from] Stealth Rock
|turn|48
|
|t:|1652240967
|move|p1a: Ribombee|Moonblast|p2a: Garbodor
|-resisted|p2a: Garbodor
|-damage|p2a: Garbodor|0 fnt
|faint|p2a: Garbodor
|
|-damage|p1a: Ribombee|9/100 tox|[from] psn
|upkeep
|
|t:|1652240973
|switch|p2a: Eldegoss|Eldegoss, M|100/100
|turn|49
|
|t:|1652240981
|move|p1a: Ribombee|Roost|p1a: Ribombee
|-heal|p1a: Ribombee|59/100 tox
|-singleturn|p1a: Ribombee|move: Roost
|move|p2a: Eldegoss|Rapid Spin|p1a: Ribombee
|-damage|p1a: Ribombee|48/100 tox
|-boost|p2a: Eldegoss|spe|1
|-sideend|p2: big gastrocnemius|Stealth Rock|[from] move: Rapid Spin|[of] p2a: Eldegoss
|
|-damage|p1a: Ribombee|12/100 tox|[from] psn
|upkeep
|turn|50
|j| TDR
|
|t:|1652240988
|move|p1a: Ribombee|Aromatherapy|p1a: Ribombee
|-activate|p1a: Ribombee|move: Aromatherapy
|-curestatus|p1a: Ribombee|tox|[msg]
|move|p2a: Eldegoss|Rapid Spin|p1a: Ribombee
|-damage|p1a: Ribombee|2/100
|-boost|p2a: Eldegoss|spe|1
|
|upkeep
|turn|51
|c|☆big gastrocnemius|LOL NO
|
|t:|1652240997
|move|p1a: Ribombee|Roost|p1a: Ribombee
|-heal|p1a: Ribombee|52/100
|-singleturn|p1a: Ribombee|move: Roost
|move|p2a: Eldegoss|Leech Seed|p1a: Ribombee
|-start|p1a: Ribombee|move: Leech Seed
|
|-damage|p1a: Ribombee|40/100|[from] Leech Seed|[of] p2a: Eldegoss
|upkeep
|turn|52
|c| ubers D RANK|Oop
|c|☆big gastrocnemius|man
|c|☆big gastrocnemius|that miss
|c|☆big gastrocnemius|im gona cry
|
|t:|1652241006
|switch|p2a: Miltank|Miltank, F|86/100
|move|p1a: Ribombee|Roost|p1a: Ribombee
|-heal|p1a: Ribombee|90/100
|-singleturn|p1a: Ribombee|move: Roost
|
|-damage|p1a: Ribombee|78/100|[from] Leech Seed|[of] p2a: Miltank
|-heal|p2a: Miltank|94/100|[silent]
|upkeep
|turn|53
|
|t:|1652241013
|move|p1a: Ribombee|Quiver Dance|p1a: Ribombee
|-boost|p1a: Ribombee|spa|1
|-boost|p1a: Ribombee|spd|1
|-boost|p1a: Ribombee|spe|1
|move|p2a: Miltank|Toxic|p1a: Ribombee
|-status|p1a: Ribombee|tox
|
|-damage|p1a: Ribombee|66/100 tox|[from] Leech Seed|[of] p2a: Miltank
|-heal|p2a: Miltank|100/100|[silent]
|-damage|p1a: Ribombee|59/100 tox|[from] psn
|upkeep
|turn|54
|
|t:|1652241017
|move|p1a: Ribombee|Aromatherapy|p1a: Ribombee
|-activate|p1a: Ribombee|move: Aromatherapy
|-curestatus|p1a: Ribombee|tox|[msg]
|move|p2a: Miltank|Toxic|p1a: Ribombee
|-status|p1a: Ribombee|tox
|
|-damage|p1a: Ribombee|47/100 tox|[from] Leech Seed|[of] p2a: Miltank
|-damage|p1a: Ribombee|41/100 tox|[from] psn
|upkeep
|turn|55
|
|t:|1652241020
|move|p1a: Ribombee|Moonblast|p2a: Miltank
|-crit|p2a: Miltank
|-damage|p2a: Miltank|0 fnt
|faint|p2a: Miltank
|
|-damage|p1a: Ribombee|29/100 tox|[from] psn
|upkeep
|
|t:|1652241023
|switch|p2a: Eldegoss|Eldegoss, M|100/100
|turn|56
|
|t:|1652241025
|move|p1a: Ribombee|Aromatherapy|p1a: Ribombee
|-activate|p1a: Ribombee|move: Aromatherapy
|-curestatus|p1a: Ribombee|tox|[msg]
|move|p2a: Eldegoss|Rapid Spin|p1a: Ribombee
|-damage|p1a: Ribombee|17/100
|-boost|p2a: Eldegoss|spe|1
|
|-damage|p1a: Ribombee|5/100|[from] Leech Seed|[of] p2a: Eldegoss
|upkeep
|turn|57
|j| clean cuts
|
|t:|1652241029
|move|p1a: Ribombee|Roost|p1a: Ribombee
|-heal|p1a: Ribombee|55/100
|-singleturn|p1a: Ribombee|move: Roost
|move|p2a: Eldegoss|Giga Drain|p1a: Ribombee
|-resisted|p1a: Ribombee
|-damage|p1a: Ribombee|47/100
|
|-damage|p1a: Ribombee|35/100|[from] Leech Seed|[of] p2a: Eldegoss
|upkeep
|turn|58
|-message|big gastrocnemius forfeited.
|
|win|rambojam23
|n|☆rambojam23|rambojam23
|n|☆big gastrocnemius|biggastrocnemius
|n|*Lady Monita ✿|ladymonita
|n| BB-8-NU|bb8nu
|n| ubers D RANK|ubersdrank
|n| stopgap|stopgap
|n| PokeArt2004❤|pokeart2004
|n| TGA|tga
|n| skarvyle|skarvyle
|n| Jamesbond1|jamesbond1
|n| TakingNotesKinda|takingnoteskinda
|n| Darkman64|darkman64
|n| cornerius|cornerius
|n|+Fragments|fragments
|n| TDR|tdr
|n| clean cuts|cleancuts
|l|*Lady Monita ✿
|l|☆big gastrocnemius
|l| BB-8-NU
|l|☆rambojam23
|l| TDR
|l| Jamesbond1
|l| ubers D RANK
|l| cornerius
|l| PokeArt2004❤
