|raw|<div class="broadcast-blue"><strong>This battle is required to be public due to a player having a name starting with 'pult83c'.</div>
|j|☆thinking of chu
|j|☆PULT83c Lambo
|t:|1628109998
|gametype|singles
|player|p1|thinking of chu|clown|1507
|player|p2|PULT83c Lambo|pokemonbreeder-gen4|1426
|teamsize|p1|6
|teamsize|p2|6
|gen|8
|tier|[Gen 8] PU
|rated|
|rule|Sleep Clause Mod: Limit one foe put to sleep
|rule|Species Clause: Limit one of each Pokémon
|rule|OHKO Clause: OHKO moves are banned
|rule|Evasion Moves Clause: Evasion moves are banned
|rule|Endless Battle Clause: Forcing endless battles is banned
|rule|HP Percentage Mod: HP is shown in percentages
|rule|Dynamax Clause: You cannot dynamax
|clearpoke
|poke|p1|Flapple, M|
|poke|p1|Magneton|
|poke|p1|Lunatone|
|poke|p1|Scrafty, M|
|poke|p1|Cryogonal|
|poke|p1|Silvally-*|
|poke|p2|Audino, F|
|poke|p2|Ribombee, M|
|poke|p2|Aggron, F|
|poke|p2|Tsareena, F|
|poke|p2|Weezing, F|
|poke|p2|Scrafty, M|
|teampreview
|c|☆PULT83c Lambo|hf
|c|☆thinking of chu|u 2
|
|t:|1628110014
|start
|switch|p1a: Magneton|Magneton|100/100
|switch|p2a: Scrafty|Scrafty, M|100/100
|turn|1
|j| zS
|c| zS|o
|
|t:|1628110032
|move|p1a: Magneton|Volt Switch|p2a: Scrafty
|-damage|p2a: Scrafty|71/100
|
|t:|1628110034
|switch|p1a: Silvally|Silvally-Poison|100/100|[from]move: Volt Switch
|move|p2a: Scrafty|Drain Punch|p1a: Silvally
|-resisted|p1a: Silvally
|-damage|p1a: Silvally|93/100
|-heal|p2a: Scrafty|76/100|[from] drain|[of] p1a: Silvally
|
|-heal|p2a: Scrafty|82/100|[from] item: Leftovers
|upkeep
|turn|2
|c| zS|more lunatone fashion
|c| zS|heat
|
|t:|1628110040
|switch|p2a: Aggron|Aggron, F|100/100
|move|p1a: Silvally|Multi-Attack|p2a: Aggron
|-immune|p2a: Aggron
|
|upkeep
|turn|3
|
|t:|1628110051
|switch|p1a: Magneton|Magneton|100/100
|move|p2a: Aggron|Stealth Rock|p1a: Magneton
|-sidestart|p1: thinking of chu|move: Stealth Rock
|
|upkeep
|turn|4
|j| pult83c squashos
|
|t:|1628110055
|move|p1a: Magneton|Volt Switch|p2a: Aggron
|-damage|p2a: Aggron|60/100
|
|t:|1628110059
|switch|p1a: Silvally|Silvally-Poison|93/100|[from]move: Volt Switch
|-damage|p1a: Silvally|81/100|[from] Stealth Rock
|move|p2a: Aggron|Body Press|p1a: Silvally
|-resisted|p1a: Silvally
|-damage|p1a: Silvally|69/100
|
|-heal|p2a: Aggron|66/100|[from] item: Leftovers
|upkeep
|turn|5
|
|t:|1628110063
|move|p2a: Aggron|Protect|p2a: Aggron
|-singleturn|p2a: Aggron|Protect
|move|p1a: Silvally|Roar|p2a: Aggron
|drag|p2a: Scrafty|Scrafty, M|82/100
|
|-heal|p2a: Scrafty|88/100|[from] item: Leftovers
|upkeep
|turn|6
|
|t:|1628110069
|switch|p2a: Weezing|Weezing, F|100/100
|move|p1a: Silvally|Multi-Attack|p2a: Weezing
|-resisted|p2a: Weezing
|-damage|p2a: Weezing|88/100
|
|-heal|p2a: Weezing|94/100|[from] item: Black Sludge
|upkeep
|turn|7
|
|t:|1628110074
|switch|p1a: Cryogonal|Cryogonal|100/100
|move|p2a: Weezing|Sludge Bomb|p1a: Cryogonal
|-damage|p1a: Cryogonal|76/100
|
|-heal|p2a: Weezing|99/100|[from] item: Black Sludge
|upkeep
|turn|8
|
|t:|1628110079
|switch|p2a: Aggron|Aggron, F|66/100
|move|p1a: Cryogonal|Knock Off|p2a: Aggron
|-damage|p2a: Aggron|59/100
|-enditem|p2a: Aggron|Leftovers|[from] move: Knock Off|[of] p1a: Cryogonal
|
|upkeep
|turn|9
|
|t:|1628110084
|switch|p1a: Silvally|Silvally-Poison|69/100
|-damage|p1a: Silvally|57/100|[from] Stealth Rock
|move|p2a: Aggron|Head Smash|p1a: Silvally
|-damage|p1a: Silvally|18/100
|
|upkeep
|turn|10
|
|t:|1628110090
|move|p1a: Silvally|Rest|p1a: Silvally
|-status|p1a: Silvally|slp|[from] move: Rest
|-heal|p1a: Silvally|100/100 slp|[silent]
|move|p2a: Aggron|Head Smash|p1a: Silvally
|-damage|p1a: Silvally|65/100 slp
|
|upkeep
|turn|11
|
|t:|1628110095
|cant|p1a: Silvally|slp
|move|p1a: Silvally|Sleep Talk|p1a: Silvally
|move|p1a: Silvally|Roar|p2a: Aggron|[from]move: Sleep Talk
|drag|p2a: Tsareena|Tsareena, F|100/100
|
|upkeep
|turn|12
|
|t:|1628110103
|switch|p2a: Aggron|Aggron, F|59/100
|cant|p1a: Silvally|slp
|move|p1a: Silvally|Sleep Talk|p1a: Silvally
|move|p1a: Silvally|Roar|p2a: Aggron|[from]move: Sleep Talk
|drag|p2a: Weezing|Weezing, F|99/100
|
|-heal|p2a: Weezing|100/100|[from] item: Black Sludge
|upkeep
|turn|13
|
|t:|1628110107
|switch|p1a: Magneton|Magneton|100/100
|-damage|p1a: Magneton|94/100|[from] Stealth Rock
|move|p2a: Weezing|Toxic Spikes|p1a: Magneton
|-sidestart|p1: thinking of chu|move: Toxic Spikes
|
|upkeep
|turn|14
|
|t:|1628110112
|switch|p2a: Audino|Audino, F|100/100
|move|p1a: Magneton|Flash Cannon|p2a: Audino
|-damage|p2a: Audino|63/100
|
|upkeep
|turn|15
|
|t:|1628110121
|move|p1a: Magneton|Thunderbolt|p2a: Audino
|-damage|p2a: Audino|31/100
|move|p2a: Audino|Wish|p2a: Audino
|
|upkeep
|turn|16
|
|t:|1628110125
|switch|p2a: Scrafty|Scrafty, M|88/100
|move|p1a: Magneton|Teleport|p1a: Magneton
|
|t:|1628110131
|switch|p1a: Silvally|Silvally-Poison|65/100 slp|[from]move: Teleport
|-damage|p1a: Silvally|53/100 slp|[from] Stealth Rock
|-sideend|p1: thinking of chu|move: Toxic Spikes|[of] p1a: Silvally
|
|-heal|p2a: Scrafty|100/100|[from] move: Wish|[wisher] Audino
|upkeep
|turn|17
|
|t:|1628110135
|switch|p1a: Magneton|Magneton|94/100
|-damage|p1a: Magneton|88/100|[from] Stealth Rock
|move|p2a: Scrafty|Bulk Up|p2a: Scrafty
|-boost|p2a: Scrafty|atk|1
|-boost|p2a: Scrafty|def|1
|
|upkeep
|turn|18
|
|t:|1628110140
|move|p1a: Magneton|Volt Switch|p2a: Scrafty
|-damage|p2a: Scrafty|71/100
|
|t:|1628110141
|switch|p1a: Silvally|Silvally-Poison|53/100 slp|[from]move: Volt Switch
|-damage|p1a: Silvally|41/100 slp|[from] Stealth Rock
|move|p2a: Scrafty|Knock Off|p1a: Silvally
|-damage|p1a: Silvally|20/100 slp
|
|-heal|p2a: Scrafty|77/100|[from] item: Leftovers
|upkeep
|turn|19
|
|t:|1628110154
|-curestatus|p1a: Silvally|slp|[msg]
|move|p1a: Silvally|Rest|p1a: Silvally
|-status|p1a: Silvally|slp|[from] move: Rest
|-heal|p1a: Silvally|100/100 slp|[silent]
|move|p2a: Scrafty|Bulk Up|p2a: Scrafty
|-boost|p2a: Scrafty|atk|1
|-boost|p2a: Scrafty|def|1
|
|-heal|p2a: Scrafty|83/100|[from] item: Leftovers
|upkeep
|turn|20
|
|t:|1628110157
|cant|p1a: Silvally|slp
|move|p1a: Silvally|Sleep Talk|p1a: Silvally
|move|p1a: Silvally|Rest||[from]move: Sleep Talk|[still]
|-fail|p1a: Silvally
|move|p2a: Scrafty|Knock Off|p1a: Silvally
|-damage|p1a: Silvally|72/100 slp
|
|-heal|p2a: Scrafty|89/100|[from] item: Leftovers
|upkeep
|turn|21
|
|t:|1628110161
|cant|p1a: Silvally|slp
|move|p1a: Silvally|Sleep Talk|p1a: Silvally
|move|p1a: Silvally|Rest||[from]move: Sleep Talk|[still]
|-fail|p1a: Silvally
|move|p2a: Scrafty|Knock Off|p1a: Silvally
|-damage|p1a: Silvally|45/100 slp
|
|-heal|p2a: Scrafty|95/100|[from] item: Leftovers
|upkeep
|turn|22
|
|t:|1628110166
|-curestatus|p1a: Silvally|slp|[msg]
|move|p1a: Silvally|Rest|p1a: Silvally
|-status|p1a: Silvally|slp|[from] move: Rest
|-heal|p1a: Silvally|100/100 slp|[silent]
|move|p2a: Scrafty|Bulk Up|p2a: Scrafty
|-boost|p2a: Scrafty|atk|1
|-boost|p2a: Scrafty|def|1
|
|-heal|p2a: Scrafty|100/100|[from] item: Leftovers
|upkeep
|turn|23
|
|t:|1628110168
|cant|p1a: Silvally|slp
|move|p1a: Silvally|Sleep Talk|p1a: Silvally
|move|p1a: Silvally|Roar|p2a: Scrafty|[from]move: Sleep Talk
|drag|p2a: Ribombee|Ribombee, M|100/100
|
|upkeep
|turn|24
|
|t:|1628110176
|switch|p2a: Audino|Audino, F|65/100
|switch|p1a: Magneton|Magneton|88/100
|-damage|p1a: Magneton|82/100|[from] Stealth Rock
|
|upkeep
|turn|25
|
|t:|1628110181
|move|p1a: Magneton|Thunderbolt|p2a: Audino
|-damage|p2a: Audino|32/100
|move|p2a: Audino|Wish|p2a: Audino
|
|upkeep
|turn|26
|
|t:|1628110186
|move|p2a: Audino|Protect|p2a: Audino
|-singleturn|p2a: Audino|Protect
|move|p1a: Magneton|Thunderbolt|p2a: Audino
|-activate|p2a: Audino|move: Protect
|
|-heal|p2a: Audino|82/100|[from] move: Wish|[wisher] Audino
|upkeep
|turn|27
|
|t:|1628110193
|move|p1a: Magneton|Thunderbolt|p2a: Audino
|-damage|p2a: Audino|48/100
|move|p2a: Audino|Wish|p2a: Audino
|
|upkeep
|turn|28
|
|t:|1628110201
|move|p1a: Magneton|Volt Switch|p2a: Audino
|-damage|p2a: Audino|23/100
|
|t:|1628110205
|switch|p1a: Lunatone|Lunatone|100/100|[from]move: Volt Switch
|-damage|p1a: Lunatone|88/100|[from] Stealth Rock
|move|p2a: Audino|Knock Off|p1a: Lunatone
|-supereffective|p1a: Lunatone
|-damage|p1a: Lunatone|50/100
|-enditem|p1a: Lunatone|Leftovers|[from] move: Knock Off|[of] p2a: Audino
|
|-heal|p2a: Audino|73/100|[from] move: Wish|[wisher] Audino
|upkeep
|turn|29
|
|t:|1628110214
|switch|p2a: Scrafty|Scrafty, M|100/100
|move|p1a: Lunatone|Stealth Rock|p2a: Scrafty
|-sidestart|p2: PULT83c Lambo|move: Stealth Rock
|
|upkeep
|turn|30
|
|t:|1628110223
|switch|p1a: Silvally|Silvally-Poison|100/100 slp
|-damage|p1a: Silvally|88/100 slp|[from] Stealth Rock
|move|p2a: Scrafty|Bulk Up|p2a: Scrafty
|-boost|p2a: Scrafty|atk|1
|-boost|p2a: Scrafty|def|1
|
|upkeep
|turn|31
|
|t:|1628110226
|cant|p1a: Silvally|slp
|move|p1a: Silvally|Sleep Talk|p1a: Silvally
|move|p1a: Silvally|Rest||[from]move: Sleep Talk|[still]
|-fail|p1a: Silvally
|move|p2a: Scrafty|Bulk Up|p2a: Scrafty
|-boost|p2a: Scrafty|atk|1
|-boost|p2a: Scrafty|def|1
|
|upkeep
|turn|32
|
|t:|1628110230
|move|p2a: Scrafty|Knock Off|p1a: Silvally
|-damage|p1a: Silvally|58/100 slp
|-curestatus|p1a: Silvally|slp|[msg]
|move|p1a: Silvally|Roar|p2a: Scrafty
|drag|p2a: Aggron|Aggron, F|59/100
|-damage|p2a: Aggron|52/100|[from] Stealth Rock
|
|upkeep
|turn|33
|
|t:|1628110236
|switch|p1a: Scrafty|Scrafty, M|100/100
|-damage|p1a: Scrafty|95/100|[from] Stealth Rock
|move|p2a: Aggron|Head Smash|p1a: Scrafty
|-resisted|p1a: Scrafty
|-damage|p1a: Scrafty|70/100
|
|-heal|p1a: Scrafty|76/100|[from] item: Leftovers
|upkeep
|turn|34
|
|t:|1628110243
|switch|p2a: Ribombee|Ribombee, M|100/100
|move|p1a: Scrafty|Drain Punch|p2a: Ribombee
|-resisted|p2a: Ribombee
|-damage|p2a: Ribombee|89/100
|-heal|p1a: Scrafty|80/100|[from] drain|[of] p2a: Ribombee
|
|-heal|p1a: Scrafty|86/100|[from] item: Leftovers
|upkeep
|turn|35
|
|t:|1628110247
|switch|p1a: Magneton|Magneton|82/100
|-damage|p1a: Magneton|76/100|[from] Stealth Rock
|move|p2a: Ribombee|Moonblast|p1a: Magneton
|-resisted|p1a: Magneton
|-damage|p1a: Magneton|56/100
|-unboost|p1a: Magneton|spa|1
|
|upkeep
|turn|36
|
|t:|1628110253
|switch|p2a: Audino|Audino, F|100/100
|move|p1a: Magneton|Volt Switch|p2a: Audino
|-damage|p2a: Audino|77/100
|
|t:|1628110256
|switch|p1a: Flapple|Flapple, M|100/100|[from]move: Volt Switch
|-damage|p1a: Flapple|88/100|[from] Stealth Rock
|
|upkeep
|turn|37
|
|t:|1628110275
|switch|p2a: Weezing|Weezing, F|100/100
|-damage|p2a: Weezing|88/100|[from] Stealth Rock
|move|p1a: Flapple|Grav Apple|p2a: Weezing
|-resisted|p2a: Weezing
|-damage|p2a: Weezing|68/100
|-unboost|p2a: Weezing|def|1
|
|-heal|p2a: Weezing|74/100|[from] item: Black Sludge
|upkeep
|turn|38
|
|t:|1628110284
|switch|p1a: Lunatone|Lunatone|50/100
|-damage|p1a: Lunatone|38/100|[from] Stealth Rock
|move|p2a: Weezing|Sludge Bomb|p1a: Lunatone
|-resisted|p1a: Lunatone
|-damage|p1a: Lunatone|24/100
|
|-heal|p2a: Weezing|80/100|[from] item: Black Sludge
|upkeep
|turn|39
|
|t:|1628110288
|switch|p2a: Audino|Audino, F|100/100
|move|p1a: Lunatone|Future Sight|p2a: Audino
|-start|p1a: Lunatone|move: Future Sight
|
|upkeep
|turn|40
|
|t:|1628110299
|switch|p1a: Silvally|Silvally-Poison|58/100
|-damage|p1a: Silvally|46/100|[from] Stealth Rock
|move|p2a: Audino|Wish|p2a: Audino
|
|upkeep
|turn|41
|
|t:|1628110302
|switch|p2a: Aggron|Aggron, F|52/100
|-damage|p2a: Aggron|46/100|[from] Stealth Rock
|move|p1a: Silvally|Roar|p2a: Aggron
|drag|p2a: Scrafty|Scrafty, M|100/100
|-damage|p2a: Scrafty|95/100|[from] Stealth Rock
|
|-end|p2a: Scrafty|move: Future Sight
|-immune|p2a: Scrafty
|-heal|p2a: Scrafty|100/100|[from] move: Wish|[wisher] Audino
|upkeep
|turn|42
|
|t:|1628110309
|move|p1a: Silvally|Multi-Attack|p2a: Scrafty
|-damage|p2a: Scrafty|71/100
|move|p2a: Scrafty|Knock Off|p1a: Silvally
|-damage|p1a: Silvally|32/100
|
|-heal|p2a: Scrafty|77/100|[from] item: Leftovers
|upkeep
|turn|43
|
|t:|1628110313
|switch|p2a: Audino|Audino, F|100/100
|move|p1a: Silvally|Rest|p1a: Silvally
|-status|p1a: Silvally|slp|[from] move: Rest
|-heal|p1a: Silvally|100/100 slp|[silent]
|
|upkeep
|turn|44
|
|t:|1628110324
|switch|p1a: Scrafty|Scrafty, M|86/100
|-damage|p1a: Scrafty|80/100|[from] Stealth Rock
|move|p2a: Audino|Wish|p2a: Audino
|
|-heal|p1a: Scrafty|86/100|[from] item: Leftovers
|upkeep
|turn|45
|
|t:|1628110329
|switch|p2a: Weezing|Weezing, F|80/100
|-damage|p2a: Weezing|68/100|[from] Stealth Rock
|move|p1a: Scrafty|Drain Punch|p2a: Weezing
|-resisted|p2a: Weezing
|-crit|p2a: Weezing
|-damage|p2a: Weezing|57/100
|-heal|p1a: Scrafty|92/100|[from] drain|[of] p2a: Weezing
|
|-heal|p2a: Weezing|100/100|[from] move: Wish|[wisher] Audino
|-heal|p1a: Scrafty|98/100|[from] item: Leftovers
|upkeep
|turn|46
|
|t:|1628110334
|move|p2a: Weezing|Will-O-Wisp|p1a: Scrafty
|-status|p1a: Scrafty|brn
|move|p1a: Scrafty|Knock Off|p2a: Weezing
|-damage|p2a: Weezing|91/100
|-enditem|p2a: Weezing|Black Sludge|[from] move: Knock Off|[of] p1a: Scrafty
|
|-activate|p1a: Scrafty|ability: Shed Skin
|-curestatus|p1a: Scrafty|brn|[msg]
|-heal|p1a: Scrafty|100/100|[from] item: Leftovers
|upkeep
|turn|47
|
|t:|1628110342
|switch|p1a: Cryogonal|Cryogonal|76/100
|move|p2a: Weezing|Will-O-Wisp|p1a: Cryogonal|[miss]
|-miss|p2a: Weezing|p1a: Cryogonal
|
|upkeep
|turn|48
|
|t:|1628110346
|switch|p2a: Aggron|Aggron, F|46/100
|-damage|p2a: Aggron|40/100|[from] Stealth Rock
|move|p1a: Cryogonal|Ice Beam|p2a: Aggron
|-resisted|p2a: Aggron
|-damage|p2a: Aggron|20/100
|
|upkeep
|turn|49
|
|t:|1628110351
|move|p1a: Cryogonal|Ice Beam|p2a: Aggron
|-resisted|p2a: Aggron
|-damage|p2a: Aggron|0 fnt
|faint|p2a: Aggron
|
|upkeep
|
|t:|1628110359
|switch|p2a: Scrafty|Scrafty, M|77/100
|-damage|p2a: Scrafty|71/100|[from] Stealth Rock
|turn|50
|
|t:|1628110372
|switch|p1a: Silvally|Silvally-Poison|100/100 slp
|-damage|p1a: Silvally|88/100 slp|[from] Stealth Rock
|switch|p2a: Ribombee|Ribombee, M|89/100
|
|upkeep
|turn|51
|
|t:|1628110377
|move|p2a: Ribombee|Psychic|p1a: Silvally
|-supereffective|p1a: Silvally
|-damage|p1a: Silvally|41/100 slp
|cant|p1a: Silvally|slp
|move|p1a: Silvally|Sleep Talk|p1a: Silvally
|move|p1a: Silvally|Multi-Attack|p2a: Ribombee|[from]move: Sleep Talk
|-supereffective|p2a: Ribombee
|-damage|p2a: Ribombee|0 fnt
|faint|p2a: Ribombee
|
|upkeep
|j| Poioklm
|
|t:|1628110392
|switch|p2a: Tsareena|Tsareena, F|100/100
|turn|52
|
|t:|1628110398
|move|p2a: Tsareena|Knock Off|p1a: Silvally
|-damage|p1a: Silvally|26/100 slp
|cant|p1a: Silvally|slp
|move|p1a: Silvally|Sleep Talk|p1a: Silvally
|move|p1a: Silvally|Rest||[from]move: Sleep Talk|[still]
|-fail|p1a: Silvally
|
|upkeep
|turn|53
|
|t:|1628110403
|move|p2a: Tsareena|U-turn|p1a: Silvally
|-resisted|p1a: Silvally
|-damage|p1a: Silvally|18/100 slp
|
|t:|1628110407
|switch|p2a: Weezing|Weezing, F|91/100|[from]move: U-turn
|-damage|p2a: Weezing|79/100|[from] Stealth Rock
|-curestatus|p1a: Silvally|slp|[msg]
|move|p1a: Silvally|Rest|p1a: Silvally
|-status|p1a: Silvally|slp|[from] move: Rest
|-heal|p1a: Silvally|100/100 slp|[silent]
|
|upkeep
|turn|54
|
|t:|1628110413
|switch|p1a: Magneton|Magneton|56/100
|-damage|p1a: Magneton|50/100|[from] Stealth Rock
|move|p2a: Weezing|Toxic Spikes|p1a: Magneton
|-sidestart|p1: thinking of chu|move: Toxic Spikes
|
|upkeep
|turn|55
|
|t:|1628110417
|switch|p2a: Audino|Audino, F|100/100
|move|p1a: Magneton|Thunderbolt|p2a: Audino
|-damage|p2a: Audino|54/100
|
|upkeep
|turn|56
|
|t:|1628110424
|move|p1a: Magneton|Volt Switch|p2a: Audino
|-damage|p2a: Audino|30/100
|
|t:|1628110429
|switch|p1a: Cryogonal|Cryogonal|76/100|[from]move: Volt Switch
|move|p2a: Audino|Knock Off|p1a: Cryogonal
|-crit|p1a: Cryogonal
|-damage|p1a: Cryogonal|31/100
|-enditem|p1a: Cryogonal|Heavy-Duty Boots|[from] move: Knock Off|[of] p2a: Audino
|
|upkeep
|turn|57
|
|t:|1628110436
|move|p1a: Cryogonal|Defog|p2a: Audino
|-unboost|p2a: Audino|evasion|1
|-sideend|p2: PULT83c Lambo|Stealth Rock|[from] move: Defog|[of] p1a: Cryogonal
|-sideend|p1: thinking of chu|Toxic Spikes|[from] move: Defog|[of] p1a: Cryogonal
|-sideend|p1: thinking of chu|Stealth Rock|[from] move: Defog|[of] p1a: Cryogonal
|move|p2a: Audino|Wish|p2a: Audino
|
|upkeep
|turn|58
|
|t:|1628110441
|move|p1a: Cryogonal|Knock Off|p2a: Audino
|-damage|p2a: Audino|19/100
|-enditem|p2a: Audino|Heavy-Duty Boots|[from] move: Knock Off|[of] p1a: Cryogonal
|move|p2a: Audino|Knock Off|p1a: Cryogonal
|-damage|p1a: Cryogonal|10/100
|
|-heal|p2a: Audino|69/100|[from] move: Wish|[wisher] Audino
|upkeep
|turn|59
|
|t:|1628110444
|switch|p2a: Scrafty|Scrafty, M|71/100
|move|p1a: Cryogonal|Recover|p1a: Cryogonal
|-heal|p1a: Cryogonal|60/100
|
|-heal|p2a: Scrafty|77/100|[from] item: Leftovers
|upkeep
|turn|60
|
|t:|1628110448
|switch|p1a: Silvally|Silvally-Poison|100/100 slp
|move|p2a: Scrafty|Bulk Up|p2a: Scrafty
|-boost|p2a: Scrafty|atk|1
|-boost|p2a: Scrafty|def|1
|
|-heal|p2a: Scrafty|83/100|[from] item: Leftovers
|upkeep
|turn|61
|
|t:|1628110452
|cant|p1a: Silvally|slp
|move|p1a: Silvally|Sleep Talk|p1a: Silvally
|move|p1a: Silvally|Roar|p2a: Scrafty|[from]move: Sleep Talk
|drag|p2a: Tsareena|Tsareena, F|100/100
|
|upkeep
|turn|62
|
|t:|1628110457
|move|p2a: Tsareena|U-turn|p1a: Silvally
|-resisted|p1a: Silvally
|-damage|p1a: Silvally|92/100 slp
|
|t:|1628110459
|switch|p2a: Weezing|Weezing, F|79/100|[from]move: U-turn
|cant|p1a: Silvally|slp
|move|p1a: Silvally|Sleep Talk|p1a: Silvally
|move|p1a: Silvally|Roar|p2a: Weezing|[from]move: Sleep Talk
|drag|p2a: Audino|Audino, F|100/100
|
|upkeep
|turn|63
|
|t:|1628110471
|switch|p2a: Weezing|Weezing, F|79/100
|-curestatus|p1a: Silvally|slp|[msg]
|move|p1a: Silvally|Multi-Attack|p2a: Weezing
|-resisted|p2a: Weezing
|-damage|p2a: Weezing|65/100
|
|upkeep
|turn|64
|
|t:|1628110478
|switch|p1a: Lunatone|Lunatone|24/100
|move|p2a: Weezing|Sludge Bomb|p1a: Lunatone
|-resisted|p1a: Lunatone
|-damage|p1a: Lunatone|10/100
|
|upkeep
|turn|65
|
|t:|1628110480
|move|p1a: Lunatone|Moonlight|p1a: Lunatone
|-heal|p1a: Lunatone|60/100
|move|p2a: Weezing|Sludge Bomb|p1a: Lunatone
|-resisted|p1a: Lunatone
|-damage|p1a: Lunatone|45/100
|
|upkeep
|turn|66
|
|t:|1628110483
|switch|p2a: Scrafty|Scrafty, M|83/100
|move|p1a: Lunatone|Stealth Rock|p2a: Scrafty
|-sidestart|p2: PULT83c Lambo|move: Stealth Rock
|
|-heal|p2a: Scrafty|89/100|[from] item: Leftovers
|upkeep
|turn|67
|
|t:|1628110490
|switch|p1a: Silvally|Silvally-Poison|92/100
|move|p2a: Scrafty|Knock Off|p1a: Silvally
|-damage|p1a: Silvally|78/100
|
|-heal|p2a: Scrafty|95/100|[from] item: Leftovers
|upkeep
|turn|68
|
|t:|1628110493
|move|p2a: Scrafty|Knock Off|p1a: Silvally
|-damage|p1a: Silvally|63/100
|move|p1a: Silvally|Roar|p2a: Scrafty
|drag|p2a: Audino|Audino, F|100/100
|-damage|p2a: Audino|88/100|[from] Stealth Rock
|
|upkeep
|turn|69
|
|t:|1628110499
|move|p1a: Silvally|Multi-Attack|p2a: Audino
|-crit|p2a: Audino
|-damage|p2a: Audino|31/100
|move|p2a: Audino|Wish|p2a: Audino
|
|upkeep
|turn|70
|
|t:|1628110507
|switch|p1a: Lunatone|Lunatone|45/100
|switch|p2a: Scrafty|Scrafty, M|95/100
|-damage|p2a: Scrafty|89/100|[from] Stealth Rock
|
|-heal|p2a: Scrafty|100/100|[from] move: Wish|[wisher] Audino
|upkeep
|turn|71
|
|t:|1628110513
|switch|p1a: Silvally|Silvally-Poison|63/100
|move|p2a: Scrafty|Knock Off|p1a: Silvally
|-damage|p1a: Silvally|49/100
|
|upkeep
|turn|72
|
|t:|1628110518
|move|p2a: Scrafty|Bulk Up|p2a: Scrafty
|-boost|p2a: Scrafty|atk|1
|-boost|p2a: Scrafty|def|1
|move|p1a: Silvally|Roar|p2a: Scrafty
|drag|p2a: Tsareena|Tsareena, F|100/100
|
|upkeep
|turn|73
|
|t:|1628110523
|move|p2a: Tsareena|U-turn|p1a: Silvally
|-resisted|p1a: Silvally
|-damage|p1a: Silvally|41/100
|
|t:|1628110525
|switch|p2a: Weezing|Weezing, F|65/100|[from]move: U-turn
|-damage|p2a: Weezing|53/100|[from] Stealth Rock
|move|p1a: Silvally|Multi-Attack|p2a: Weezing
|-resisted|p2a: Weezing
|-damage|p2a: Weezing|38/100
|
|upkeep
|turn|74
|
|t:|1628110529
|move|p1a: Silvally|Multi-Attack|p2a: Weezing
|-resisted|p2a: Weezing
|-damage|p2a: Weezing|24/100
|move|p2a: Weezing|Pain Split|p1a: Silvally
|-sethp|p1a: Silvally|31/100|[from] move: Pain Split|[silent]
|-sethp|p2a: Weezing|36/100|[from] move: Pain Split
|
|upkeep
|turn|75
|
|t:|1628110533
|switch|p1a: Lunatone|Lunatone|45/100
|move|p2a: Weezing|Pain Split|p1a: Lunatone
|-sethp|p1a: Lunatone|39/100|[from] move: Pain Split|[silent]
|-sethp|p2a: Weezing|43/100|[from] move: Pain Split
|
|upkeep
|turn|76
|
|t:|1628110537
|switch|p2a: Audino|Audino, F|65/100
|-damage|p2a: Audino|52/100|[from] Stealth Rock
|move|p1a: Lunatone|Future Sight|p2a: Audino
|-start|p1a: Lunatone|move: Future Sight
|
|upkeep
|turn|77
|
|t:|1628110542
|switch|p1a: Flapple|Flapple, M|88/100
|move|p2a: Audino|Wish|p2a: Audino
|
|upkeep
|turn|78
|
|t:|1628110548
|switch|p2a: Tsareena|Tsareena, F|100/100
|move|p1a: Flapple|Dragon Dance|p1a: Flapple
|-boost|p1a: Flapple|atk|1
|-boost|p1a: Flapple|spe|1
|
|-end|p2a: Tsareena|move: Future Sight
|-damage|p2a: Tsareena|36/100
|-heal|p2a: Tsareena|100/100|[from] move: Wish|[wisher] Audino
|upkeep
|turn|79
|
|t:|1628110552
|move|p1a: Flapple|Outrage|p2a: Tsareena
|-damage|p2a: Tsareena|0 fnt
|faint|p2a: Tsareena
|
|upkeep
|
|t:|1628110555
|switch|p2a: Weezing|Weezing, F|43/100
|-damage|p2a: Weezing|31/100|[from] Stealth Rock
|turn|80
|
|t:|1628110558
|move|p1a: Flapple|Outrage|p2a: Weezing|[from]lockedmove
|-damage|p2a: Weezing|0 fnt
|faint|p2a: Weezing
|-start|p1a: Flapple|confusion|[fatigue]
|
|upkeep
|
|t:|1628110560
|switch|p2a: Scrafty|Scrafty, M|100/100
|-damage|p2a: Scrafty|95/100|[from] Stealth Rock
|turn|81
|
|t:|1628110567
|switch|p1a: Silvally|Silvally-Poison|31/100
|move|p2a: Scrafty|Bulk Up|p2a: Scrafty
|-boost|p2a: Scrafty|atk|1
|-boost|p2a: Scrafty|def|1
|
|-heal|p2a: Scrafty|100/100|[from] item: Leftovers
|upkeep
|turn|82
|
|t:|1628110570
|move|p1a: Silvally|Rest|p1a: Silvally
|-status|p1a: Silvally|slp|[from] move: Rest
|-heal|p1a: Silvally|100/100 slp|[silent]
|move|p2a: Scrafty|Bulk Up|p2a: Scrafty
|-boost|p2a: Scrafty|atk|1
|-boost|p2a: Scrafty|def|1
|
|upkeep
|turn|83
|
|t:|1628110573
|cant|p1a: Silvally|slp
|move|p1a: Silvally|Sleep Talk|p1a: Silvally
|move|p1a: Silvally|Roar|p2a: Scrafty|[from]move: Sleep Talk
|drag|p2a: Audino|Audino, F|85/100
|-damage|p2a: Audino|73/100|[from] Stealth Rock
|
|upkeep
|turn|84
|
|t:|1628110577
|switch|p1a: Flapple|Flapple, M|88/100
|move|p2a: Audino|Knock Off|p1a: Flapple
|-damage|p1a: Flapple|68/100
|-enditem|p1a: Flapple|Wide Lens|[from] move: Knock Off|[of] p2a: Audino
|
|upkeep
|turn|85
|
|t:|1628110583
|switch|p2a: Scrafty|Scrafty, M|100/100
|-damage|p2a: Scrafty|95/100|[from] Stealth Rock
|move|p1a: Flapple|Dragon Dance|p1a: Flapple
|-boost|p1a: Flapple|atk|1
|-boost|p1a: Flapple|spe|1
|
|-heal|p2a: Scrafty|100/100|[from] item: Leftovers
|upkeep
|turn|86
|
|t:|1628110586
|switch|p2a: Audino|Audino, F|100/100
|-damage|p2a: Audino|88/100|[from] Stealth Rock
|move|p1a: Flapple|Outrage|p2a: Audino
|-damage|p2a: Audino|0 fnt
|faint|p2a: Audino
|
|upkeep
|
|t:|1628110589
|switch|p2a: Scrafty|Scrafty, M|100/100
|-damage|p2a: Scrafty|95/100|[from] Stealth Rock
|turn|87
|
|t:|1628110591
|move|p1a: Flapple|Outrage|p2a: Scrafty|[from]lockedmove|[miss]
|-miss|p1a: Flapple|p2a: Scrafty
|move|p2a: Scrafty|Rest|p2a: Scrafty
|-status|p2a: Scrafty|slp|[from] move: Rest
|-heal|p2a: Scrafty|100/100 slp|[silent]
|
|upkeep
|turn|88
|
|t:|1628110595
|move|p1a: Flapple|Outrage|p2a: Scrafty
|-crit|p2a: Scrafty
|-damage|p2a: Scrafty|0 fnt
|faint|p2a: Scrafty
|
|win|thinking of chu
|raw|thinking of chu's rating: 1507 &rarr; <strong>1522</strong><br />(+15 for winning)
|raw|PULT83c Lambo's rating: 1426 &rarr; <strong>1411</strong><br />(-15 for losing)
|c|☆thinking of chu|gg
|c|☆PULT83c Lambo|gg
|l|☆PULT83c Lambo
|l| zS
|l| pult83c squashos
