|j|☆Exi_Dudi
|j|☆bababi
|t:|1649967487
|gametype|singles
|player|p1|Exi_Dudi|collector|1495
|player|p2|bababi|cress|1423
|teamsize|p1|6
|teamsize|p2|6
|gen|8
|tier|[Gen 8] PU
|rated|
|rule|Sleep Clause Mod: Limit one foe put to sleep
|rule|Species Clause: Limit one of each Pokémon
|rule|OHKO Clause: OHKO moves are banned
|rule|Evasion Moves Clause: Evasion moves are banned
|rule|Endless Battle Clause: Forcing endless battles is banned
|rule|HP Percentage Mod: HP is shown in percentages
|rule|Dynamax Clause: You cannot dynamax
|clearpoke
|poke|p1|Vanilluxe, M|
|poke|p1|Scrafty, M|
|poke|p1|Uxie|
|poke|p1|Togedemaru, M|
|poke|p1|Whimsicott, F|
|poke|p1|Wishiwashi, F|
|poke|p2|Sneasel, F|
|poke|p2|Ribombee, F|
|poke|p2|Regirock|
|poke|p2|Wishiwashi, M|
|poke|p2|Lurantis, F|
|poke|p2|Togedemaru, F|
|teampreview
|inactive|Battle timer is ON: inactive players will automatically lose when time's up. (requested by Exi_Dudi)
|inactive|Exi_Dudi has 120 seconds left.
|
|t:|1649967526
|start
|switch|p1a: Vanilluxe|Vanilluxe, M, shiny|100/100
|switch|p2a: Lurantis|Lurantis, F|100/100
|-weather|Hail|[from] ability: Snow Warning|[of] p1a: Vanilluxe
|turn|1
|
|t:|1649967534
|switch|p2a: Togedemaru|Togedemaru, F|100/100
|move|p1a: Vanilluxe|Blizzard|p2a: Togedemaru
|-resisted|p2a: Togedemaru
|-damage|p2a: Togedemaru|64/100
|
|-weather|Hail|[upkeep]
|-damage|p2a: Togedemaru|58/100|[from] Hail
|-heal|p2a: Togedemaru|64/100|[from] item: Leftovers
|upkeep
|turn|2
|
|t:|1649967544
|move|p1a: Vanilluxe|Blizzard|p2a: Togedemaru
|-resisted|p2a: Togedemaru
|-damage|p2a: Togedemaru|29/100
|move|p2a: Togedemaru|Wish|p2a: Togedemaru
|
|-weather|Hail|[upkeep]
|-damage|p2a: Togedemaru|23/100|[from] Hail
|-heal|p2a: Togedemaru|29/100|[from] item: Leftovers
|upkeep
|turn|3
|
|t:|1649967549
|switch|p1a: Uxie|Uxie|100/100
|move|p2a: Togedemaru|Spiky Shield||[still]
|-fail|p2a: Togedemaru
|
|-weather|Hail|[upkeep]
|-damage|p2a: Togedemaru|23/100|[from] Hail
|-damage|p1a: Uxie|94/100|[from] Hail
|-heal|p2a: Togedemaru|73/100|[from] move: Wish|[wisher] Togedemaru
|-heal|p2a: Togedemaru|79/100|[from] item: Leftovers
|upkeep
|turn|4
|
|t:|1649967557
|switch|p2a: Lurantis|Lurantis, F|100/100
|move|p1a: Uxie|Stealth Rock|p2a: Lurantis
|-sidestart|p2: bababi|move: Stealth Rock
|
|-weather|Hail|[upkeep]
|-damage|p1a: Uxie|88/100|[from] Hail
|-damage|p2a: Lurantis|94/100|[from] Hail
|upkeep
|turn|5
|
|t:|1649967561
|move|p1a: Uxie|U-turn|p2a: Lurantis
|-supereffective|p2a: Lurantis
|-damage|p2a: Lurantis|78/100
|
|t:|1649967565
|switch|p1a: Vanilluxe|Vanilluxe, M, shiny|100/100|[from]move: U-turn
|move|p2a: Lurantis|Defog|p1a: Vanilluxe
|-unboost|p1a: Vanilluxe|evasion|1
|-sideend|p2: bababi|Stealth Rock|[from] move: Defog|[of] p2a: Lurantis
|
|-weather|none
|upkeep
|turn|6
|
|t:|1649967569
|switch|p2a: Togedemaru|Togedemaru, F|79/100
|move|p1a: Vanilluxe|Blizzard|p2a: Togedemaru
|-resisted|p2a: Togedemaru
|-damage|p2a: Togedemaru|46/100
|
|-heal|p2a: Togedemaru|52/100|[from] item: Leftovers
|upkeep
|turn|7
|
|t:|1649967573
|switch|p1a: Scrafty|Scrafty, M|100/100
|move|p2a: Togedemaru|Wish|p2a: Togedemaru
|
|-heal|p2a: Togedemaru|58/100|[from] item: Leftovers
|upkeep
|turn|8
|
|t:|1649967576
|move|p2a: Togedemaru|Spiky Shield|p2a: Togedemaru
|-singleturn|p2a: Togedemaru|move: Protect
|move|p1a: Scrafty|Knock Off|p2a: Togedemaru
|-activate|p2a: Togedemaru|move: Protect
|-damage|p1a: Scrafty|88/100|[from] Spiky Shield|[of] p2a: Togedemaru
|
|-heal|p2a: Togedemaru|100/100|[from] move: Wish|[wisher] Togedemaru
|-heal|p1a: Scrafty|94/100|[from] item: Leftovers
|upkeep
|turn|9
|
|t:|1649967581
|move|p2a: Togedemaru|U-turn|p1a: Scrafty
|-damage|p1a: Scrafty|80/100
|
|t:|1649967584
|switch|p2a: Ribombee|Ribombee, F|100/100|[from]move: U-turn
|move|p1a: Scrafty|Knock Off|p2a: Ribombee
|-resisted|p2a: Ribombee
|-damage|p2a: Ribombee|72/100
|-enditem|p2a: Ribombee|Heavy-Duty Boots|[from] move: Knock Off|[of] p1a: Scrafty
|
|-heal|p1a: Scrafty|86/100|[from] item: Leftovers
|upkeep
|turn|10
|
|t:|1649967593
|switch|p2a: Regirock|Regirock|100/100
|switch|p1a: Togedemaru|Togedemaru, M|100/100
|
|upkeep
|turn|11
|
|t:|1649967595
|move|p1a: Togedemaru|U-turn|p2a: Regirock
|-damage|p2a: Regirock|94/100
|
|t:|1649967598
|switch|p1a: Scrafty|Scrafty, M|86/100|[from]move: U-turn
|move|p2a: Regirock|Stealth Rock|p1a: Scrafty
|-sidestart|p1: Exi_Dudi|move: Stealth Rock
|
|-heal|p1a: Scrafty|92/100|[from] item: Leftovers
|-heal|p2a: Regirock|99/100|[from] item: Leftovers
|upkeep
|turn|12
|j| mosssesssdd
|
|t:|1649967601
|move|p1a: Scrafty|Bulk Up|p1a: Scrafty
|-boost|p1a: Scrafty|atk|1
|-boost|p1a: Scrafty|def|1
|move|p2a: Regirock|Body Press|p1a: Scrafty
|-supereffective|p1a: Scrafty
|-damage|p1a: Scrafty|37/100
|
|-heal|p1a: Scrafty|43/100|[from] item: Leftovers
|-heal|p2a: Regirock|100/100|[from] item: Leftovers
|upkeep
|turn|13
|
|t:|1649967604
|move|p1a: Scrafty|Bulk Up|p1a: Scrafty
|-boost|p1a: Scrafty|atk|1
|-boost|p1a: Scrafty|def|1
|move|p2a: Regirock|Body Press|p1a: Scrafty
|-supereffective|p1a: Scrafty
|-damage|p1a: Scrafty|3/100
|
|-heal|p1a: Scrafty|9/100|[from] item: Leftovers
|upkeep
|turn|14
|
|t:|1649967606
|move|p1a: Scrafty|Rest|p1a: Scrafty
|-status|p1a: Scrafty|slp|[from] move: Rest
|-heal|p1a: Scrafty|100/100 slp|[silent]
|move|p2a: Regirock|Body Press|p1a: Scrafty
|-supereffective|p1a: Scrafty
|-damage|p1a: Scrafty|63/100 slp
|
|-heal|p1a: Scrafty|69/100 slp|[from] item: Leftovers
|upkeep
|turn|15
|
|t:|1649967611
|switch|p2a: Ribombee|Ribombee, F|72/100
|cant|p1a: Scrafty|slp
|
|-heal|p1a: Scrafty|75/100 slp|[from] item: Leftovers
|upkeep
|turn|16
|
|t:|1649967614
|switch|p1a: Togedemaru|Togedemaru, M|100/100
|move|p2a: Ribombee|Moonblast|p1a: Togedemaru
|-resisted|p1a: Togedemaru
|-damage|p1a: Togedemaru|83/100
|-unboost|p1a: Togedemaru|spa|1
|
|upkeep
|turn|17
|
|t:|1649967621
|switch|p2a: Togedemaru|Togedemaru, F|100/100
|move|p1a: Togedemaru|U-turn|p2a: Togedemaru
|-resisted|p2a: Togedemaru
|-damage|p2a: Togedemaru|89/100
|
|t:|1649967623
|switch|p1a: Scrafty|Scrafty, M|75/100 slp|[from]move: U-turn
|-damage|p1a: Scrafty|69/100 slp|[from] Stealth Rock
|
|-heal|p2a: Togedemaru|95/100|[from] item: Leftovers
|-heal|p1a: Scrafty|75/100 slp|[from] item: Leftovers
|upkeep
|turn|18
|
|t:|1649967626
|move|p2a: Togedemaru|U-turn|p1a: Scrafty
|-damage|p1a: Scrafty|60/100 slp
|
|t:|1649967628
|switch|p2a: Ribombee|Ribombee, F|72/100|[from]move: U-turn
|cant|p1a: Scrafty|slp
|
|-activate|p1a: Scrafty|ability: Shed Skin
|-curestatus|p1a: Scrafty|slp|[msg]
|-heal|p1a: Scrafty|66/100|[from] item: Leftovers
|upkeep
|turn|19
|
|t:|1649967633
|switch|p1a: Whimsicott|Whimsicott, F, shiny|100/100
|move|p2a: Ribombee|Moonblast|p1a: Whimsicott
|-damage|p1a: Whimsicott|43/100
|
|upkeep
|turn|20
|
|t:|1649967635
|move|p2a: Ribombee|Moonblast|p1a: Whimsicott
|-damage|p1a: Whimsicott|0 fnt
|faint|p1a: Whimsicott
|
|upkeep
|
|t:|1649967639
|switch|p1a: Vanilluxe|Vanilluxe, M, shiny|100/100
|-damage|p1a: Vanilluxe|76/100|[from] Stealth Rock
|-weather|Hail|[from] ability: Snow Warning|[of] p1a: Vanilluxe
|turn|21
|
|t:|1649967654
|switch|p2a: Togedemaru|Togedemaru, F|95/100
|move|p1a: Vanilluxe|Blizzard|p2a: Togedemaru
|-resisted|p2a: Togedemaru
|-damage|p2a: Togedemaru|59/100
|
|-weather|Hail|[upkeep]
|-damage|p2a: Togedemaru|53/100|[from] Hail
|-heal|p2a: Togedemaru|59/100|[from] item: Leftovers
|upkeep
|turn|22
|
|t:|1649967663
|switch|p1a: Scrafty|Scrafty, M|66/100
|-damage|p1a: Scrafty|60/100|[from] Stealth Rock
|move|p2a: Togedemaru|Wish|p2a: Togedemaru
|
|-weather|Hail|[upkeep]
|-damage|p2a: Togedemaru|53/100|[from] Hail
|-damage|p1a: Scrafty|54/100|[from] Hail
|-heal|p2a: Togedemaru|59/100|[from] item: Leftovers
|-heal|p1a: Scrafty|60/100|[from] item: Leftovers
|upkeep
|turn|23
|
|t:|1649967670
|move|p2a: Togedemaru|Spiky Shield|p2a: Togedemaru
|-singleturn|p2a: Togedemaru|move: Protect
|move|p1a: Scrafty|Drain Punch|p2a: Togedemaru
|-activate|p2a: Togedemaru|move: Protect
|-damage|p1a: Scrafty|48/100|[from] Spiky Shield|[of] p2a: Togedemaru
|
|-weather|Hail|[upkeep]
|-damage|p2a: Togedemaru|53/100|[from] Hail
|-damage|p1a: Scrafty|42/100|[from] Hail
|-heal|p2a: Togedemaru|100/100|[from] move: Wish|[wisher] Togedemaru
|-heal|p1a: Scrafty|48/100|[from] item: Leftovers
|upkeep
|turn|24
|
|t:|1649967673
|switch|p2a: Ribombee|Ribombee, F|72/100
|move|p1a: Scrafty|Drain Punch|p2a: Ribombee
|-resisted|p2a: Ribombee
|-damage|p2a: Ribombee|60/100
|-heal|p1a: Scrafty|53/100|[from] drain|[of] p2a: Ribombee
|
|-weather|Hail|[upkeep]
|-damage|p2a: Ribombee|53/100|[from] Hail
|-damage|p1a: Scrafty|47/100|[from] Hail
|-heal|p1a: Scrafty|53/100|[from] item: Leftovers
|upkeep
|turn|25
|
|t:|1649967679
|switch|p1a: Togedemaru|Togedemaru, M|83/100
|move|p2a: Ribombee|Roost|p2a: Ribombee
|-heal|p2a: Ribombee|100/100
|-singleturn|p2a: Ribombee|move: Roost
|
|-weather|none
|upkeep
|turn|26
|j| Trzy Kawki
|
|t:|1649967686
|switch|p2a: Togedemaru|Togedemaru, F|100/100
|move|p1a: Togedemaru|Iron Head|p2a: Togedemaru
|-resisted|p2a: Togedemaru
|-damage|p2a: Togedemaru|90/100
|
|-heal|p2a: Togedemaru|96/100|[from] item: Leftovers
|upkeep
|turn|27
|
|t:|1649967688
|move|p2a: Togedemaru|U-turn|p1a: Togedemaru
|-resisted|p1a: Togedemaru
|-damage|p1a: Togedemaru|72/100
|
|t:|1649967692
|switch|p2a: Wishiwashi|Wishiwashi, M|100/100|[from]move: U-turn
|-formechange|p2a: Wishiwashi|Wishiwashi-School||[from] ability: Schooling
|move|p1a: Togedemaru|Wish|p1a: Togedemaru
|
|upkeep
|turn|28
|
|t:|1649967698
|move|p1a: Togedemaru|U-turn|p2a: Wishiwashi
|-damage|p2a: Wishiwashi|89/100
|
|t:|1649967700
|switch|p1a: Uxie|Uxie|88/100|[from]move: U-turn
|-damage|p1a: Uxie|76/100|[from] Stealth Rock
|move|p2a: Wishiwashi|U-turn|p1a: Uxie
|-supereffective|p1a: Uxie
|-damage|p1a: Uxie|53/100
|
|t:|1649967705
|switch|p2a: cope|Sneasel, F|100/100|[from]move: U-turn
|
|-heal|p1a: Uxie|99/100|[from] move: Wish|[wisher] Togedemaru
|upkeep
|turn|29
|
|t:|1649967714
|move|p2a: cope|Knock Off|p1a: Uxie
|-supereffective|p1a: Uxie
|-enditem|p1a: Uxie|Colbur Berry|[eat]
|-enditem|p1a: Uxie|Colbur Berry|[weaken]
|-damage|p1a: Uxie|76/100
|move|p1a: Uxie|U-turn|p2a: cope
|-supereffective|p2a: cope
|-damage|p2a: cope|49/100
|
|t:|1649967718
|switch|p1a: Scrafty|Scrafty, M|53/100|[from]move: U-turn
|-damage|p1a: Scrafty|47/100|[from] Stealth Rock
|
|-heal|p1a: Scrafty|53/100|[from] item: Leftovers
|upkeep
|turn|30
|
|t:|1649967721
|switch|p2a: Ribombee|Ribombee, F|100/100
|move|p1a: Scrafty|Drain Punch|p2a: Ribombee
|-resisted|p2a: Ribombee
|-damage|p2a: Ribombee|89/100
|-heal|p1a: Scrafty|57/100|[from] drain|[of] p2a: Ribombee
|
|-heal|p1a: Scrafty|63/100|[from] item: Leftovers
|upkeep
|turn|31
|
|t:|1649967724
|switch|p1a: Togedemaru|Togedemaru, M|72/100
|move|p2a: Ribombee|Moonblast|p1a: Togedemaru
|-resisted|p1a: Togedemaru
|-damage|p1a: Togedemaru|55/100
|
|upkeep
|turn|32
|
|t:|1649967728
|switch|p2a: Regirock|Regirock|100/100
|move|p1a: Togedemaru|Wish|p1a: Togedemaru
|
|upkeep
|turn|33
|
|t:|1649967732
|move|p1a: Togedemaru|Spiky Shield|p1a: Togedemaru
|-singleturn|p1a: Togedemaru|move: Protect
|move|p2a: Regirock|Body Press|p1a: Togedemaru
|-activate|p1a: Togedemaru|move: Protect
|-damage|p2a: Regirock|88/100|[from] Spiky Shield|[of] p1a: Togedemaru
|
|-heal|p1a: Togedemaru|100/100|[from] move: Wish|[wisher] Togedemaru
|-heal|p2a: Regirock|94/100|[from] item: Leftovers
|upkeep
|turn|34
|
|t:|1649967735
|move|p1a: Togedemaru|U-turn|p2a: Regirock
|-damage|p2a: Regirock|87/100
|
|t:|1649967737
|switch|p1a: Uxie|Uxie|76/100|[from]move: U-turn
|-damage|p1a: Uxie|64/100|[from] Stealth Rock
|move|p2a: Regirock|Body Press|p1a: Uxie
|-resisted|p1a: Uxie
|-damage|p1a: Uxie|51/100
|
|-heal|p2a: Regirock|93/100|[from] item: Leftovers
|upkeep
|turn|35
|
|t:|1649967746
|switch|p2a: Wishiwashi|Wishiwashi, M|89/100
|-formechange|p2a: Wishiwashi|Wishiwashi-School||[from] ability: Schooling
|move|p1a: Uxie|Stealth Rock|p2a: Wishiwashi
|-sidestart|p2: bababi|move: Stealth Rock
|
|-heal|p2a: Wishiwashi|95/100|[from] item: Leftovers
|upkeep
|turn|36
|
|t:|1649967750
|move|p1a: Uxie|U-turn|p2a: Wishiwashi
|-damage|p2a: Wishiwashi|86/100
|
|t:|1649967751
|switch|p1a: Wishiwashi|Wishiwashi, F|100/100|[from]move: U-turn
|-damage|p1a: Wishiwashi|88/100|[from] Stealth Rock
|-formechange|p1a: Wishiwashi|Wishiwashi-School||[from] ability: Schooling
|move|p2a: Wishiwashi|U-turn|p1a: Wishiwashi
|-damage|p1a: Wishiwashi|74/100
|
|t:|1649967754
|switch|p2a: Lurantis|Lurantis, F|78/100|[from]move: U-turn
|
|-heal|p1a: Wishiwashi|80/100|[from] item: Leftovers
|upkeep
|turn|37
|
|t:|1649967757
|move|p2a: Lurantis|Leaf Storm|p1a: Wishiwashi
|-supereffective|p1a: Wishiwashi
|-damage|p1a: Wishiwashi|16/100
|-boost|p2a: Lurantis|spa|2
|move|p1a: Wishiwashi|U-turn|p2a: Lurantis
|-supereffective|p2a: Lurantis
|-damage|p2a: Lurantis|46/100
|
|t:|1649967759
|switch|p1a: Togedemaru|Togedemaru, M|100/100|[from]move: U-turn
|
|upkeep
|turn|38
|
|t:|1649967763
|move|p1a: Togedemaru|Iron Head|p2a: Lurantis
|-damage|p2a: Lurantis|24/100
|cant|p2a: Lurantis|flinch
|
|upkeep
|turn|39
|
|t:|1649967765
|move|p1a: Togedemaru|Iron Head|p2a: Lurantis
|-damage|p2a: Lurantis|5/100
|cant|p2a: Lurantis|flinch
|
|upkeep
|turn|40
|
|t:|1649967771
|switch|p2a: Togedemaru|Togedemaru, F|96/100
|-damage|p2a: Togedemaru|90/100|[from] Stealth Rock
|move|p1a: Togedemaru|Iron Head|p2a: Togedemaru
|-resisted|p2a: Togedemaru
|-crit|p2a: Togedemaru
|-damage|p2a: Togedemaru|75/100
|
|-heal|p2a: Togedemaru|81/100|[from] item: Leftovers
|upkeep
|turn|41
|
|t:|1649967773
|move|p2a: Togedemaru|Wish|p2a: Togedemaru
|move|p1a: Togedemaru|Wish|p1a: Togedemaru
|
|-heal|p2a: Togedemaru|87/100|[from] item: Leftovers
|upkeep
|turn|42
|
|t:|1649967784
|move|p2a: Togedemaru|Iron Head|p1a: Togedemaru
|-resisted|p1a: Togedemaru
|-damage|p1a: Togedemaru|90/100
|move|p1a: Togedemaru|U-turn|p2a: Togedemaru
|-resisted|p2a: Togedemaru
|-damage|p2a: Togedemaru|75/100
|
|t:|1649967786
|switch|p1a: Wishiwashi|Wishiwashi, F|16/100|[from]move: U-turn
|-damage|p1a: Wishiwashi|4/100|[from] Stealth Rock
|
|-heal|p1a: Wishiwashi|61/100|[from] move: Wish|[wisher] Togedemaru
|-heal|p2a: Togedemaru|100/100|[from] move: Wish|[wisher] Togedemaru
|-heal|p1a: Wishiwashi|67/100|[from] item: Leftovers
|-formechange|p1a: Wishiwashi|Wishiwashi-School||[from] ability: Schooling
|upkeep
|turn|43
|
|t:|1649967795
|move|p2a: Togedemaru|U-turn|p1a: Wishiwashi
|-damage|p1a: Wishiwashi|56/100
|
|t:|1649967797
|switch|p2a: Wishiwashi|Wishiwashi, M|86/100|[from]move: U-turn
|-damage|p2a: Wishiwashi|74/100|[from] Stealth Rock
|-formechange|p2a: Wishiwashi|Wishiwashi-School||[from] ability: Schooling
|move|p1a: Wishiwashi|Scald|p2a: Wishiwashi
|-resisted|p2a: Wishiwashi
|-damage|p2a: Wishiwashi|58/100
|
|-heal|p2a: Wishiwashi|64/100|[from] item: Leftovers
|-heal|p1a: Wishiwashi|62/100|[from] item: Leftovers
|upkeep
|turn|44
|
|t:|1649967800
|move|p2a: Wishiwashi|Scald|p1a: Wishiwashi
|-resisted|p1a: Wishiwashi
|-damage|p1a: Wishiwashi|46/100
|-status|p1a: Wishiwashi|brn
|move|p1a: Wishiwashi|U-turn|p2a: Wishiwashi
|-damage|p2a: Wishiwashi|57/100
|
|t:|1649967803
|switch|p1a: Vanilluxe|Vanilluxe, M, shiny|76/100|[from]move: U-turn
|-damage|p1a: Vanilluxe|51/100|[from] Stealth Rock
|-weather|Hail|[from] ability: Snow Warning|[of] p1a: Vanilluxe
|
|-weather|Hail|[upkeep]
|-damage|p2a: Wishiwashi|51/100|[from] Hail
|-heal|p2a: Wishiwashi|57/100|[from] item: Leftovers
|upkeep
|turn|45
|
|t:|1649967809
|switch|p1a: Scrafty|Scrafty, M|63/100
|-damage|p1a: Scrafty|57/100|[from] Stealth Rock
|switch|p2a: Togedemaru|Togedemaru, F|100/100
|-damage|p2a: Togedemaru|95/100|[from] Stealth Rock
|
|-weather|Hail|[upkeep]
|-damage|p2a: Togedemaru|89/100|[from] Hail
|-damage|p1a: Scrafty|51/100|[from] Hail
|-heal|p2a: Togedemaru|95/100|[from] item: Leftovers
|-heal|p1a: Scrafty|57/100|[from] item: Leftovers
|upkeep
|turn|46
|
|t:|1649967812
|move|p2a: Togedemaru|U-turn|p1a: Scrafty
|-damage|p1a: Scrafty|42/100
|
|t:|1649967815
|switch|p2a: Ribombee|Ribombee, F|89/100|[from]move: U-turn
|-damage|p2a: Ribombee|64/100|[from] Stealth Rock
|move|p1a: Scrafty|Rest|p1a: Scrafty
|-status|p1a: Scrafty|slp|[from] move: Rest
|-heal|p1a: Scrafty|100/100 slp|[silent]
|
|-weather|Hail|[upkeep]
|-damage|p2a: Ribombee|58/100|[from] Hail
|-damage|p1a: Scrafty|95/100 slp|[from] Hail
|-activate|p1a: Scrafty|ability: Shed Skin
|-curestatus|p1a: Scrafty|slp|[msg]
|-heal|p1a: Scrafty|100/100|[from] item: Leftovers
|upkeep
|turn|47
|
|t:|1649967819
|switch|p1a: Togedemaru|Togedemaru, M|90/100
|move|p2a: Ribombee|Roost|p2a: Ribombee
|-heal|p2a: Ribombee|100/100
|-singleturn|p2a: Ribombee|move: Roost
|
|-weather|Hail|[upkeep]
|-damage|p2a: Ribombee|94/100|[from] Hail
|-damage|p1a: Togedemaru|84/100|[from] Hail
|upkeep
|turn|48
|
|t:|1649967826
|switch|p2a: Regirock|Regirock|93/100
|-damage|p2a: Regirock|81/100|[from] Stealth Rock
|move|p1a: Togedemaru|Iron Head|p2a: Regirock
|-supereffective|p2a: Regirock
|-damage|p2a: Regirock|60/100
|
|-weather|none
|-heal|p2a: Regirock|66/100|[from] item: Leftovers
|upkeep
|turn|49
|
|t:|1649967831
|move|p1a: Togedemaru|U-turn|p2a: Regirock
|-damage|p2a: Regirock|59/100
|
|t:|1649967833
|switch|p1a: Uxie|Uxie|51/100|[from]move: U-turn
|-damage|p1a: Uxie|39/100|[from] Stealth Rock
|move|p2a: Regirock|Body Press|p1a: Uxie
|-resisted|p1a: Uxie
|-damage|p1a: Uxie|26/100
|
|-heal|p2a: Regirock|65/100|[from] item: Leftovers
|upkeep
|turn|50
|
|t:|1649967838
|switch|p2a: Togedemaru|Togedemaru, F|95/100
|-damage|p2a: Togedemaru|89/100|[from] Stealth Rock
|move|p1a: Uxie|Knock Off|p2a: Togedemaru
|-damage|p2a: Togedemaru|66/100
|-enditem|p2a: Togedemaru|Leftovers|[from] move: Knock Off|[of] p1a: Uxie
|
|upkeep
|turn|51
|
|t:|1649967841
|move|p2a: Togedemaru|Wish|p2a: Togedemaru
|move|p1a: Uxie|U-turn|p2a: Togedemaru
|-resisted|p2a: Togedemaru
|-damage|p2a: Togedemaru|57/100
|
|t:|1649967843
|switch|p1a: Togedemaru|Togedemaru, M|84/100|[from]move: U-turn
|
|upkeep
|turn|52
|
|t:|1649967846
|move|p2a: Togedemaru|Iron Head|p1a: Togedemaru
|-resisted|p1a: Togedemaru
|-damage|p1a: Togedemaru|74/100
|move|p1a: Togedemaru|Wish|p1a: Togedemaru
|
|-heal|p2a: Togedemaru|100/100|[from] move: Wish|[wisher] Togedemaru
|upkeep
|turn|53
|
|t:|1649967854
|move|p2a: Togedemaru|Wish|p2a: Togedemaru
|move|p1a: Togedemaru|U-turn|p2a: Togedemaru
|-resisted|p2a: Togedemaru
|-damage|p2a: Togedemaru|90/100
|
|t:|1649967856
|switch|p1a: Uxie|Uxie|26/100|[from]move: U-turn
|-damage|p1a: Uxie|14/100|[from] Stealth Rock
|
|-heal|p1a: Uxie|61/100|[from] move: Wish|[wisher] Togedemaru
|upkeep
|turn|54
|
|t:|1649967860
|switch|p1a: Scrafty|Scrafty, M|100/100
|-damage|p1a: Scrafty|95/100|[from] Stealth Rock
|move|p2a: Togedemaru|Iron Head|p1a: Scrafty
|-damage|p1a: Scrafty|69/100
|
|-heal|p2a: Togedemaru|100/100|[from] move: Wish|[wisher] Togedemaru
|-heal|p1a: Scrafty|75/100|[from] item: Leftovers
|upkeep
|turn|55
|
|t:|1649967866
|move|p2a: Togedemaru|U-turn|p1a: Scrafty
|-crit|p1a: Scrafty
|-damage|p1a: Scrafty|55/100
|
|t:|1649967868
|switch|p2a: Ribombee|Ribombee, F|94/100|[from]move: U-turn
|-damage|p2a: Ribombee|69/100|[from] Stealth Rock
|move|p1a: Scrafty|Drain Punch|p2a: Ribombee
|-resisted|p2a: Ribombee
|-damage|p2a: Ribombee|58/100
|-heal|p1a: Scrafty|59/100|[from] drain|[of] p2a: Ribombee
|
|-heal|p1a: Scrafty|65/100|[from] item: Leftovers
|upkeep
|turn|56
|
|t:|1649967873
|switch|p1a: Togedemaru|Togedemaru, M|74/100
|move|p2a: Ribombee|Roost|p2a: Ribombee
|-heal|p2a: Ribombee|100/100
|-singleturn|p2a: Ribombee|move: Roost
|
|upkeep
|turn|57
|
|t:|1649967885
|switch|p2a: Wishiwashi|Wishiwashi, M|57/100
|-damage|p2a: Wishiwashi|45/100|[from] Stealth Rock
|-formechange|p2a: Wishiwashi|Wishiwashi-School||[from] ability: Schooling
|move|p1a: Togedemaru|Iron Head|p2a: Wishiwashi
|-resisted|p2a: Wishiwashi
|-damage|p2a: Wishiwashi|36/100
|
|-heal|p2a: Wishiwashi|42/100|[from] item: Leftovers
|upkeep
|turn|58
|
|t:|1649967890
|move|p1a: Togedemaru|U-turn|p2a: Wishiwashi
|-damage|p2a: Wishiwashi|30/100
|
|t:|1649967892
|switch|p1a: Wishiwashi|Wishiwashi, F|46/100 brn|[from]move: U-turn
|-damage|p1a: Wishiwashi|34/100 brn|[from] Stealth Rock
|-formechange|p1a: Wishiwashi|Wishiwashi-School||[from] ability: Schooling
|move|p2a: Wishiwashi|Scald|p1a: Wishiwashi
|-resisted|p1a: Wishiwashi
|-damage|p1a: Wishiwashi|18/100 brn
|
|-heal|p2a: Wishiwashi|37/100|[from] item: Leftovers
|-heal|p1a: Wishiwashi|24/100 brn|[from] item: Leftovers
|-damage|p1a: Wishiwashi|18/100 brn|[from] brn
|-formechange|p1a: Wishiwashi|Wishiwashi||[from] ability: Schooling
|upkeep
|turn|59
|
|t:|1649967895
|move|p1a: Wishiwashi|Rest|p1a: Wishiwashi
|-status|p1a: Wishiwashi|slp|[from] move: Rest
|-heal|p1a: Wishiwashi|100/100 slp|[silent]
|move|p2a: Wishiwashi|Scald|p1a: Wishiwashi
|-resisted|p1a: Wishiwashi
|-damage|p1a: Wishiwashi|43/100 slp
|
|-heal|p1a: Wishiwashi|49/100 slp|[from] item: Leftovers
|-heal|p2a: Wishiwashi|43/100|[from] item: Leftovers
|-formechange|p1a: Wishiwashi|Wishiwashi-School||[from] ability: Schooling
|upkeep
|turn|60
|l| Trzy Kawki
|
|t:|1649967913
|move|p2a: Wishiwashi|U-turn|p1a: Wishiwashi
|-damage|p1a: Wishiwashi|35/100 slp
|
|t:|1649967915
|switch|p2a: Lurantis|Lurantis, F|5/100|[from]move: U-turn
|cant|p1a: Wishiwashi|slp
|move|p1a: Wishiwashi|Sleep Talk|p1a: Wishiwashi
|move|p1a: Wishiwashi|Rest||[from]move: Sleep Talk|[still]
|-fail|p1a: Wishiwashi
|
|-heal|p1a: Wishiwashi|41/100 slp|[from] item: Leftovers
|upkeep
|turn|61
|
|t:|1649967919
|switch|p1a: Togedemaru|Togedemaru, M|74/100
|move|p2a: Lurantis|Synthesis|p2a: Lurantis
|-heal|p2a: Lurantis|55/100
|
|upkeep
|turn|62
|
|t:|1649967923
|move|p1a: Togedemaru|Wish|p1a: Togedemaru
|move|p2a: Lurantis|Superpower|p1a: Togedemaru
|-supereffective|p1a: Togedemaru
|-damage|p1a: Togedemaru|0 fnt
|-boost|p2a: Lurantis|atk|1
|-boost|p2a: Lurantis|def|1
|faint|p1a: Togedemaru
|
|upkeep
|
|t:|1649967926
|switch|p1a: Vanilluxe|Vanilluxe, M, shiny|51/100
|-damage|p1a: Vanilluxe|26/100|[from] Stealth Rock
|-weather|Hail|[from] ability: Snow Warning|[of] p1a: Vanilluxe
|turn|63
|
|t:|1649967929
|switch|p2a: Togedemaru|Togedemaru, F|100/100
|-damage|p2a: Togedemaru|95/100|[from] Stealth Rock
|move|p1a: Vanilluxe|Blizzard|p2a: Togedemaru
|-resisted|p2a: Togedemaru
|-damage|p2a: Togedemaru|58/100
|
|-weather|Hail|[upkeep]
|-damage|p2a: Togedemaru|52/100|[from] Hail
|-heal|p1a: Vanilluxe|85/100|[from] move: Wish|[wisher] Togedemaru
|upkeep
|turn|64
|
|t:|1649967933
|move|p1a: Vanilluxe|Blizzard|p2a: Togedemaru
|-resisted|p2a: Togedemaru
|-damage|p2a: Togedemaru|16/100
|move|p2a: Togedemaru|Wish|p2a: Togedemaru
|
|-weather|Hail|[upkeep]
|-damage|p2a: Togedemaru|10/100|[from] Hail
|upkeep
|turn|65
|
|t:|1649967935
|move|p2a: Togedemaru|Spiky Shield|p2a: Togedemaru
|-singleturn|p2a: Togedemaru|move: Protect
|move|p1a: Vanilluxe|Blizzard|p2a: Togedemaru
|-activate|p2a: Togedemaru|move: Protect
|
|-weather|Hail|[upkeep]
|-damage|p2a: Togedemaru|4/100|[from] Hail
|-heal|p2a: Togedemaru|54/100|[from] move: Wish|[wisher] Togedemaru
|upkeep
|turn|66
|
|t:|1649967938
|move|p1a: Vanilluxe|Blizzard|p2a: Togedemaru
|-resisted|p2a: Togedemaru
|-damage|p2a: Togedemaru|18/100
|move|p2a: Togedemaru|Wish|p2a: Togedemaru
|
|-weather|Hail|[upkeep]
|-damage|p2a: Togedemaru|12/100|[from] Hail
|upkeep
|turn|67
|-message|Exi_Dudi forfeited.
|
|win|bababi
|raw|Exi_Dudi's rating: 1495 &rarr; <strong>1471</strong><br />(-24 for losing)
|raw|bababi's rating: 1423 &rarr; <strong>1447</strong><br />(+24 for winning)
|l|☆bababi
