|j|☆XxVectraXx
|j|☆Blue.Moon.Cheese
|player|p1|XxVectraXx|rood|1150
|player|p2|Blue.Moon.Cheese|lusamine-nihilego|1199
|teamsize|p1|6
|teamsize|p2|6
|gametype|singles
|gen|8
|tier|[Gen 8] PU
|rated|
|clearpoke
|poke|p1|Fraxure, F|
|poke|p1|Carkol, M|
|poke|p1|Togetic, F|
|poke|p1|Hattrem, F|
|poke|p1|Leafeon, F|
|poke|p1|Liepard, F|
|poke|p2|Shedinja|
|poke|p2|Shuckle, F|
|poke|p2|Basculin, M|
|poke|p2|Roselia, M|
|poke|p2|Trevenant, M|
|poke|p2|Silvally-*|
|rule|Sleep Clause Mod: Limit one foe put to sleep
|rule|Species Clause: Limit one of each Pokémon
|rule|OHKO Clause: OHKO moves are banned
|rule|Evasion Moves Clause: Evasion moves are banned
|rule|Endless Battle Clause: Forcing endless battles is banned
|rule|HP Percentage Mod: HP is shown in percentages
|rule|Dynamax Clause: You cannot dynamax
|teampreview
|c|☆XxVectraXx|glhf
|inactive|Battle timer is ON: inactive players will automatically lose when time's up. (requested by Blue.Moon.Cheese)
|
|start
|switch|p1a: Liepard|Liepard, F|100/100
|switch|p2a: Shedinja|Shedinja|100/100
|turn|1
|
|switch|p1a: Carkol|Carkol, M|100/100
|move|p2a: Shedinja|X-Scissor|p1a: Carkol
|-resisted|p1a: Carkol
|-damage|p1a: Carkol|92/100
|-status|p2a: Shedinja|brn|[from] ability: Flame Body|[of] p1a: Carkol
|
|-damage|p2a: Shedinja|0 fnt|[from] brn
|faint|p2a: Shedinja
|upkeep
|
|switch|p2a: Shuckle|Shuckle, F|100/100
|turn|2
|
|switch|p1a: Hattrem|Hattrem, F|100/100
|move|p2a: Shuckle|Toxic|p1a: Hattrem
|move|p1a: Hattrem|Toxic|p2a: Shuckle|[from]Magic Bounce
|-status|p2a: Shuckle|tox
|
|-damage|p2a: Shuckle|94/100 tox|[from] psn
|upkeep
|turn|3
|
|switch|p1a: Carkol|Carkol, M|92/100
|move|p2a: Shuckle|Knock Off|p1a: Carkol
|-damage|p1a: Carkol|89/100
|-enditem|p1a: Carkol|Eviolite|[from] move: Knock Off|[of] p2a: Shuckle
|
|-heal|p2a: Shuckle|100/100 tox|[from] item: Leftovers
|-damage|p2a: Shuckle|88/100 tox|[from] psn
|upkeep
|turn|4
|
|move|p1a: Carkol|Stealth Rock|p2a: Shuckle
|-sidestart|p2: Blue.Moon.Cheese|move: Stealth Rock
|move|p2a: Shuckle|Toxic|p1a: Carkol
|-status|p1a: Carkol|tox
|
|-heal|p2a: Shuckle|94/100 tox|[from] item: Leftovers
|-damage|p1a: Carkol|83/100 tox|[from] psn
|-damage|p2a: Shuckle|76/100 tox|[from] psn
|upkeep
|turn|5
|
|move|p1a: Carkol|Spikes|p2a: Shuckle
|-sidestart|p2: Blue.Moon.Cheese|Spikes
|move|p2a: Shuckle|Stealth Rock|p1a: Carkol
|-sidestart|p1: XxVectraXx|move: Stealth Rock
|
|-heal|p2a: Shuckle|82/100 tox|[from] item: Leftovers
|-damage|p1a: Carkol|71/100 tox|[from] psn
|-damage|p2a: Shuckle|57/100 tox|[from] psn
|upkeep
|turn|6
|
|move|p1a: Carkol|Rapid Spin|p2a: Shuckle
|-resisted|p2a: Shuckle
|-damage|p2a: Shuckle|55/100 tox
|-boost|p1a: Carkol|spe|1
|-sideend|p1: XxVectraXx|Stealth Rock|[from] move: Rapid Spin|[of] p1a: Carkol
|move|p2a: Shuckle|Sticky Web|p1a: Carkol
|-sidestart|p1: XxVectraXx|move: Sticky Web
|
|-heal|p2a: Shuckle|62/100 tox|[from] item: Leftovers
|-damage|p1a: Carkol|53/100 tox|[from] psn
|-damage|p2a: Shuckle|31/100 tox|[from] psn
|upkeep
|turn|7
|
|move|p1a: Carkol|Rapid Spin|p2a: Shuckle
|-resisted|p2a: Shuckle
|-damage|p2a: Shuckle|29/100 tox
|-boost|p1a: Carkol|spe|1
|-sideend|p1: XxVectraXx|Sticky Web|[from] move: Rapid Spin|[of] p1a: Carkol
|move|p2a: Shuckle|Stealth Rock|p1a: Carkol
|-sidestart|p1: XxVectraXx|move: Stealth Rock
|
|-heal|p2a: Shuckle|35/100 tox|[from] item: Leftovers
|-damage|p1a: Carkol|29/100 tox|[from] psn
|-damage|p2a: Shuckle|0 fnt|[from] psn
|faint|p2a: Shuckle
|upkeep
|
|switch|p2a: Basculin|Basculin, M|100/100
|-damage|p2a: Basculin|88/100|[from] Stealth Rock
|-damage|p2a: Basculin|76/100|[from] Spikes
|turn|8
|
|move|p2a: Basculin|Aqua Jet|p1a: Carkol
|-supereffective|p1a: Carkol
|-damage|p1a: Carkol|0 fnt
|-damage|p2a: Basculin|66/100|[from] item: Life Orb
|faint|p1a: Carkol
|
|upkeep
|
|switch|p1a: Liepard|Liepard, F|100/100
|-damage|p1a: Liepard|88/100|[from] Stealth Rock
|turn|9
|
|move|p1a: Liepard|Fake Out|p2a: Basculin
|-damage|p2a: Basculin|47/100
|cant|p2a: Basculin|flinch
|
|upkeep
|turn|10
|
|switch|p1a: Togetic|Togetic, F|100/100
|-damage|p1a: Togetic|76/100|[from] Stealth Rock
|move|p2a: Basculin|Liquidation|p1a: Togetic
|-damage|p1a: Togetic|18/100
|-damage|p2a: Basculin|38/100|[from] item: Life Orb
|
|upkeep
|turn|11
|
|move|p2a: Basculin|Liquidation|p1a: Togetic
|-damage|p1a: Togetic|0 fnt
|-damage|p2a: Basculin|28/100|[from] item: Life Orb
|faint|p1a: Togetic
|
|upkeep
|
|switch|p1a: Liepard|Liepard, F|88/100
|-damage|p1a: Liepard|76/100|[from] Stealth Rock
|turn|12
|
|move|p1a: Liepard|Fake Out|p2a: Basculin
|-damage|p2a: Basculin|10/100
|cant|p2a: Basculin|flinch
|
|upkeep
|turn|13
|
|move|p1a: Liepard|Sunny Day|p1a: Liepard
|-weather|SunnyDay
|move|p2a: Basculin|Liquidation|p1a: Liepard
|-damage|p1a: Liepard|0 fnt
|-damage|p2a: Basculin|0 fnt|[from] item: Life Orb
|faint|p1a: Liepard
|faint|p2a: Basculin
|
|-weather|SunnyDay|[upkeep]
|upkeep
|
|switch|p1a: Leafeon|Leafeon, F|100/100
|switch|p2a: Roselia|Roselia, M|100/100
|-damage|p1a: Leafeon|88/100|[from] Stealth Rock
|-damage|p2a: Roselia|88/100|[from] Stealth Rock
|-damage|p2a: Roselia|76/100|[from] Spikes
|turn|14
|
|move|p1a: Leafeon|Weather Ball|p2a: Roselia
|-supereffective|p2a: Roselia
|-damage|p2a: Roselia|35/100
|-damage|p1a: Leafeon|78/100|[from] item: Life Orb
|move|p2a: Roselia|Sludge Bomb|p1a: Leafeon
|-supereffective|p1a: Leafeon
|-damage|p1a: Leafeon|0 fnt
|faint|p1a: Leafeon
|
|-weather|SunnyDay|[upkeep]
|upkeep
|
|switch|p1a: Hattrem|Hattrem, F|100/100
|-damage|p1a: Hattrem|88/100|[from] Stealth Rock
|turn|15
|
|move|p2a: Roselia|Giga Drain|p1a: Hattrem
|-damage|p1a: Hattrem|63/100
|-heal|p2a: Roselia|48/100|[from] drain|[of] p1a: Hattrem
|move|p1a: Hattrem|Mystical Fire|p2a: Roselia
|-supereffective|p2a: Roselia
|-damage|p2a: Roselia|3/100
|-unboost|p2a: Roselia|spa|1
|
|-weather|SunnyDay|[upkeep]
|upkeep
|turn|16
|
|move|p2a: Roselia|Giga Drain|p1a: Hattrem
|-damage|p1a: Hattrem|48/100
|-heal|p2a: Roselia|11/100|[from] drain|[of] p1a: Hattrem
|move|p1a: Hattrem|Mystical Fire|p2a: Roselia
|-supereffective|p2a: Roselia
|-damage|p2a: Roselia|0 fnt
|faint|p2a: Roselia
|
|-weather|SunnyDay|[upkeep]
|upkeep
|
|switch|p2a: Trevenant|Trevenant, M|100/100
|-damage|p2a: Trevenant|88/100|[from] Stealth Rock
|-damage|p2a: Trevenant|76/100|[from] Spikes
|turn|17
|
|move|p2a: Trevenant|Substitute|p2a: Trevenant
|-start|p2a: Trevenant|Substitute
|-damage|p2a: Trevenant|51/100
|move|p1a: Hattrem|Mystical Fire|p2a: Trevenant
|-supereffective|p2a: Trevenant
|-end|p2a: Trevenant|Substitute
|
|-weather|SunnyDay|[upkeep]
|upkeep
|turn|18
|
|move|p2a: Trevenant|Substitute|p2a: Trevenant
|-start|p2a: Trevenant|Substitute
|-damage|p2a: Trevenant|26/100
|-enditem|p2a: Trevenant|Sitrus Berry|[eat]
|-heal|p2a: Trevenant|51/100|[from] item: Sitrus Berry
|move|p1a: Hattrem|Mystical Fire|p2a: Trevenant
|-supereffective|p2a: Trevenant
|-end|p2a: Trevenant|Substitute
|
|-weather|SunnyDay|[upkeep]
|-item|p2a: Trevenant|Sitrus Berry|[from] ability: Harvest
|upkeep
|turn|19
|
|move|p2a: Trevenant|Substitute|p2a: Trevenant
|-start|p2a: Trevenant|Substitute
|-damage|p2a: Trevenant|26/100
|-enditem|p2a: Trevenant|Sitrus Berry|[eat]
|-heal|p2a: Trevenant|51/100|[from] item: Sitrus Berry
|move|p1a: Hattrem|Mystical Fire|p2a: Trevenant
|-supereffective|p2a: Trevenant
|-end|p2a: Trevenant|Substitute
|
|-weather|SunnyDay|[upkeep]
|-item|p2a: Trevenant|Sitrus Berry|[from] ability: Harvest
|upkeep
|turn|20
|
|move|p2a: Trevenant|Substitute|p2a: Trevenant
|-start|p2a: Trevenant|Substitute
|-damage|p2a: Trevenant|26/100
|-enditem|p2a: Trevenant|Sitrus Berry|[eat]
|-heal|p2a: Trevenant|51/100|[from] item: Sitrus Berry
|move|p1a: Hattrem|Mystical Fire|p2a: Trevenant
|-supereffective|p2a: Trevenant
|-end|p2a: Trevenant|Substitute
|
|-weather|none
|upkeep
|turn|21
|
|move|p2a: Trevenant|Horn Leech|p1a: Hattrem
|-damage|p1a: Hattrem|21/100
|-heal|p2a: Trevenant|62/100|[from] drain|[of] p1a: Hattrem
|move|p1a: Hattrem|Mystical Fire|p2a: Trevenant
|-supereffective|p2a: Trevenant
|-damage|p2a: Trevenant|28/100
|-unboost|p2a: Trevenant|spa|1
|
|-item|p2a: Trevenant|Sitrus Berry|[from] ability: Harvest
|upkeep
|-enditem|p2a: Trevenant|Sitrus Berry|[eat]
|-heal|p2a: Trevenant|53/100|[from] item: Sitrus Berry
|turn|22
|
|move|p2a: Trevenant|Horn Leech|p1a: Hattrem
|-damage|p1a: Hattrem|0 fnt
|-heal|p2a: Trevenant|62/100|[from] drain|[of] p1a: Hattrem
|faint|p1a: Hattrem
|
|-item|p2a: Trevenant|Sitrus Berry|[from] ability: Harvest
|upkeep
|
|switch|p1a: Fraxure|Fraxure, F|100/100
|-damage|p1a: Fraxure|88/100|[from] Stealth Rock
|-ability|p1a: Fraxure|Mold Breaker
|turn|23
|
|move|p1a: Fraxure|Dragon Dance|p1a: Fraxure
|-boost|p1a: Fraxure|atk|1
|-boost|p1a: Fraxure|spe|1
|move|p2a: Trevenant|Will-O-Wisp|p1a: Fraxure|[miss]
|-miss|p2a: Trevenant|p1a: Fraxure
|
|upkeep
|turn|24
|
|move|p1a: Fraxure|Outrage|p2a: Trevenant
|-damage|p2a: Trevenant|0 fnt
|faint|p2a: Trevenant
|
|upkeep
|
|switch|p2a: Silvally|Silvally-Psychic|100/100
|-damage|p2a: Silvally|88/100|[from] Spikes
|-damage|p2a: Silvally|76/100|[from] Stealth Rock
|turn|25
|
|move|p1a: Fraxure|Outrage|p2a: Silvally|[from]lockedmove
|-damage|p2a: Silvally|7/100
|move|p2a: Silvally|Multi-Attack|p1a: Fraxure
|-damage|p1a: Fraxure|1/100
|
|upkeep
|turn|26
|
|move|p1a: Fraxure|Outrage|p2a: Silvally|[from]lockedmove
|-damage|p2a: Silvally|0 fnt
|-start|p1a: Fraxure|confusion|[fatigue]
|faint|p2a: Silvally
|
|win|XxVectraXx
|c|☆XxVectraXx|gg
|l|☆Blue.Moon.Cheese
