|raw|<div class="broadcast-blue"><strong>This battle is required to be public due to a player having a name starting with 'pult4c1'.</div>
|j|☆PULT4C1 Gomure
|j|☆PULT4C1 Inder
|t:|1660854957
|gametype|singles
|player|p1|PULT4C1 Gomure|aaron|1325
|player|p2|PULT4C1 Inder|#ruplixsleekslushrushers|1609
|teamsize|p1|6
|teamsize|p2|6
|gen|8
|tier|[Gen 8] PU
|rated|
|rule|Sleep Clause Mod: Limit one foe put to sleep
|rule|Species Clause: Limit one of each Pokémon
|rule|OHKO Clause: OHKO moves are banned
|rule|Evasion Items Clause: Evasion items are banned
|rule|Evasion Moves Clause: Evasion moves are banned
|rule|Endless Battle Clause: Forcing endless battles is banned
|rule|HP Percentage Mod: HP is shown in percentages
|rule|Dynamax Clause: You cannot dynamax
|clearpoke
|poke|p1|Sandslash, M|
|poke|p1|Jellicent, M|
|poke|p1|Galvantula, M|
|poke|p1|Turtonator, M|
|poke|p1|Perrserker, M|
|poke|p1|Whimsicott, M|
|poke|p2|Kabutops, M|
|poke|p2|Glastrier|
|poke|p2|Silvally-*|
|poke|p2|Qwilfish, F|
|poke|p2|Doublade, M|
|poke|p2|Butterfree, M|
|teampreview
|inactive|Battle timer is ON: inactive players will automatically lose when time's up. (requested by PULT4C1 Inder)
|c|☆PULT4C1 Gomure|hf :)
|
|t:|1660854982
|start
|switch|p1a: Galvantula|Galvantula, M|100/100
|switch|p2a: Kabutops|Kabutops, M|100/100
|turn|1
|inactive|PULT4C1 Inder has 120 seconds left.
|
|t:|1660855014
|move|p1a: Galvantula|Volt Switch|p2a: Kabutops
|-supereffective|p2a: Kabutops
|-damage|p2a: Kabutops|3/100
|
|t:|1660855022
|switch|p1a: Perrserker|Perrserker, M|100/100|[from]move: Volt Switch
|move|p2a: Kabutops|Rapid Spin|p1a: Perrserker
|-resisted|p1a: Perrserker
|-damage|p1a: Perrserker|89/100
|-boost|p2a: Kabutops|spe|1
|
|upkeep
|turn|2
|c|☆PULT4C1 Inder|hf
|
|t:|1660855034
|switch|p2a: Doublade|Doublade, M|100/100
|move|p1a: Perrserker|U-turn|p2a: Doublade
|-resisted|p2a: Doublade
|-damage|p2a: Doublade|96/100
|
|t:|1660855039
|switch|p1a: Sandslash|Sandslash, M|100/100|[from]move: U-turn
|
|upkeep
|turn|3
|
|t:|1660855042
|switch|p2a: Kabutops|Kabutops, M|3/100
|move|p1a: Sandslash|Knock Off|p2a: Kabutops
|-damage|p2a: Kabutops|0 fnt
|-enditem|p2a: Kabutops|Focus Sash|[from] move: Knock Off|[of] p1a: Sandslash
|faint|p2a: Kabutops
|
|upkeep
|
|t:|1660855046
|switch|p2a: Silvally|Silvally-Grass|100/100
|turn|4
|
|t:|1660855054
|switch|p1a: Whimsicott|Whimsicott, M|100/100
|move|p2a: Silvally|Flame Charge|p1a: Whimsicott
|-supereffective|p1a: Whimsicott
|-damage|p1a: Whimsicott|61/100
|-boost|p2a: Silvally|spe|1
|
|-heal|p1a: Whimsicott|67/100|[from] item: Leftovers
|upkeep
|turn|5
|
|t:|1660855060
|move|p1a: Whimsicott|Encore|p2a: Silvally
|-start|p2a: Silvally|Encore
|move|p2a: Silvally|Flame Charge|p1a: Whimsicott
|-supereffective|p1a: Whimsicott
|-damage|p1a: Whimsicott|25/100
|-boost|p2a: Silvally|spe|1
|
|-heal|p1a: Whimsicott|31/100|[from] item: Leftovers
|upkeep
|turn|6
|
|t:|1660855068
|switch|p2a: Qwilfish|Qwilfish, F|100/100
|-ability|p2a: Qwilfish|Intimidate|boost
|-unboost|p1a: Whimsicott|atk|1
|move|p1a: Whimsicott|Moonblast|p2a: Qwilfish
|-resisted|p2a: Qwilfish
|-crit|p2a: Qwilfish
|-damage|p2a: Qwilfish|50/100
|-unboost|p2a: Qwilfish|spa|1
|
|-heal|p1a: Whimsicott|37/100|[from] item: Leftovers
|upkeep
|turn|7
|j| Flowers of 3
|
|t:|1660855086
|move|p1a: Whimsicott|Giga Drain|p2a: Qwilfish
|-damage|p2a: Qwilfish|0 fnt
|-heal|p1a: Whimsicott|63/100|[from] drain|[of] p2a: Qwilfish
|faint|p2a: Qwilfish
|
|-heal|p1a: Whimsicott|69/100|[from] item: Leftovers
|upkeep
|
|t:|1660855091
|switch|p2a: Glastrier|Glastrier|100/100
|turn|8
|
|t:|1660855105
|move|p1a: Whimsicott|Moonblast|p2a: Glastrier
|-damage|p2a: Glastrier|73/100
|move|p2a: Glastrier|Icicle Crash|p1a: Whimsicott|[miss]
|-miss|p2a: Glastrier|p1a: Whimsicott
|
|-heal|p1a: Whimsicott|75/100|[from] item: Leftovers
|-heal|p2a: Glastrier|79/100|[from] item: Leftovers
|upkeep
|turn|9
|
|t:|1660855118
|switch|p1a: Galvantula|Galvantula, M|100/100
|move|p2a: Glastrier|Icicle Crash|p1a: Galvantula
|-damage|p1a: Galvantula|21/100
|
|-heal|p2a: Glastrier|85/100|[from] item: Leftovers
|upkeep
|turn|10
|c|☆PULT4C1 Inder|this whimsi is god lmao
|c|☆PULT4C1 Gomure|yeah xD
|
|t:|1660855128
|move|p1a: Galvantula|Sticky Web|p2a: Glastrier
|-sidestart|p2: PULT4C1 Inder|move: Sticky Web
|move|p2a: Glastrier|Icicle Crash|p1a: Galvantula
|-damage|p1a: Galvantula|0 fnt
|faint|p1a: Galvantula
|-ability|p2a: Glastrier|Chilling Neigh|boost
|-boost|p2a: Glastrier|atk|1
|
|-heal|p2a: Glastrier|91/100|[from] item: Leftovers
|upkeep
|
|t:|1660855136
|switch|p1a: Perrserker|Perrserker, M|89/100
|turn|11
|
|t:|1660855138
|switch|p2a: Doublade|Doublade, M|96/100
|-activate|p2a: Doublade|move: Sticky Web
|-unboost|p2a: Doublade|spe|1
|move|p1a: Perrserker|Iron Head|p2a: Doublade
|-resisted|p2a: Doublade
|-damage|p2a: Doublade|72/100
|
|upkeep
|turn|12
|
|t:|1660855149
|switch|p1a: Sandslash|Sandslash, M|100/100
|move|p2a: Doublade|Close Combat|p1a: Sandslash
|-damage|p1a: Sandslash|58/100
|-unboost|p2a: Doublade|def|1
|-unboost|p2a: Doublade|spd|1
|
|upkeep
|turn|13
|
|t:|1660855154
|switch|p2a: Silvally|Silvally-Grass|100/100
|-activate|p2a: Silvally|move: Sticky Web
|-unboost|p2a: Silvally|spe|1
|move|p1a: Sandslash|Poison Jab|p2a: Silvally
|-supereffective|p2a: Silvally
|-damage|p2a: Silvally|44/100
|-status|p2a: Silvally|psn
|
|-damage|p2a: Silvally|32/100 psn|[from] psn
|upkeep
|turn|14
|
|t:|1660855159
|switch|p2a: Doublade|Doublade, M|72/100
|-activate|p2a: Doublade|move: Sticky Web
|-unboost|p2a: Doublade|spe|1
|move|p1a: Sandslash|Poison Jab|p2a: Doublade
|-immune|p2a: Doublade
|
|upkeep
|turn|15
|
|t:|1660855164
|move|p1a: Sandslash|Knock Off|p2a: Doublade
|-supereffective|p2a: Doublade
|-damage|p2a: Doublade|41/100
|-enditem|p2a: Doublade|Eviolite|[from] move: Knock Off|[of] p1a: Sandslash
|move|p2a: Doublade|Close Combat|p1a: Sandslash
|-damage|p1a: Sandslash|15/100
|-unboost|p2a: Doublade|def|1
|-unboost|p2a: Doublade|spd|1
|
|upkeep
|turn|16
|
|t:|1660855174
|switch|p1a: Whimsicott|Whimsicott, M|75/100
|move|p2a: Doublade|Shadow Sneak|p1a: Whimsicott
|-damage|p1a: Whimsicott|41/100
|
|-heal|p1a: Whimsicott|48/100|[from] item: Leftovers
|upkeep
|turn|17
|
|t:|1660855183
|move|p1a: Whimsicott|Moonblast|p2a: Doublade
|-resisted|p2a: Doublade
|-damage|p2a: Doublade|0 fnt
|faint|p2a: Doublade
|
|-heal|p1a: Whimsicott|54/100|[from] item: Leftovers
|upkeep
|
|t:|1660855187
|switch|p2a: Glastrier|Glastrier|91/100
|-activate|p2a: Glastrier|move: Sticky Web
|-unboost|p2a: Glastrier|spe|1
|turn|18
|
|t:|1660855197
|move|p1a: Whimsicott|Moonblast|p2a: Glastrier
|-damage|p2a: Glastrier|67/100
|move|p2a: Glastrier|Icicle Crash|p1a: Whimsicott
|-supereffective|p1a: Whimsicott
|-damage|p1a: Whimsicott|0 fnt
|faint|p1a: Whimsicott
|-ability|p2a: Glastrier|Chilling Neigh|boost
|-boost|p2a: Glastrier|atk|1
|
|-heal|p2a: Glastrier|73/100|[from] item: Leftovers
|upkeep
|
|t:|1660855199
|switch|p1a: Perrserker|Perrserker, M|89/100
|turn|19
|
|t:|1660855204
|switch|p2a: Silvally|Silvally-Grass|32/100 psn
|-activate|p2a: Silvally|move: Sticky Web
|-unboost|p2a: Silvally|spe|1
|move|p1a: Perrserker|Iron Head|p2a: Silvally
|-damage|p2a: Silvally|0 fnt
|faint|p2a: Silvally
|
|upkeep
|
|t:|1660855205
|switch|p2a: Butterfree|Butterfree, M|100/100
|turn|20
|
|t:|1660855221
|move|p2a: Butterfree|Sleep Powder|p1a: Perrserker
|-status|p1a: Perrserker|slp|[from] move: Sleep Powder
|cant|p1a: Perrserker|slp
|
|upkeep
|turn|21
|
|t:|1660855226
|switch|p1a: Turtonator|Turtonator, M|100/100
|move|p2a: Butterfree|Quiver Dance|p2a: Butterfree
|-boost|p2a: Butterfree|spa|1
|-boost|p2a: Butterfree|spd|1
|-boost|p2a: Butterfree|spe|1
|
|upkeep
|turn|22
|
|t:|1660855240
|move|p2a: Butterfree|Quiver Dance|p2a: Butterfree
|-boost|p2a: Butterfree|spa|1
|-boost|p2a: Butterfree|spd|1
|-boost|p2a: Butterfree|spe|1
|move|p1a: Turtonator|Fire Blast|p2a: Butterfree
|-supereffective|p2a: Butterfree
|-damage|p2a: Butterfree|15/100
|
|upkeep
|turn|23
|
|t:|1660855244
|move|p2a: Butterfree|Hurricane|p1a: Turtonator
|-damage|p1a: Turtonator|0 fnt
|faint|p1a: Turtonator
|
|upkeep
|
|t:|1660855252
|switch|p1a: Jellicent|Jellicent, M|100/100
|turn|24
|
|t:|1660855256
|move|p2a: Butterfree|Hurricane|p1a: Jellicent
|-damage|p1a: Jellicent|8/100
|move|p1a: Jellicent|Surf|p2a: Butterfree
|-damage|p2a: Butterfree|0 fnt
|faint|p2a: Butterfree
|
|upkeep
|
|t:|1660855260
|switch|p2a: Glastrier|Glastrier|73/100
|-activate|p2a: Glastrier|move: Sticky Web
|-unboost|p2a: Glastrier|spe|1
|turn|25
|
|t:|1660855263
|move|p1a: Jellicent|Surf|p2a: Glastrier
|-damage|p2a: Glastrier|30/100
|move|p2a: Glastrier|Icicle Crash|p1a: Jellicent
|-resisted|p1a: Jellicent
|-damage|p1a: Jellicent|0 fnt
|faint|p1a: Jellicent
|-ability|p2a: Glastrier|Chilling Neigh|boost
|-boost|p2a: Glastrier|atk|1
|
|-heal|p2a: Glastrier|36/100|[from] item: Leftovers
|upkeep
|
|t:|1660855267
|switch|p1a: Sandslash|Sandslash, M|15/100
|turn|26
|
|t:|1660855272
|move|p1a: Sandslash|Earthquake|p2a: Glastrier
|-damage|p2a: Glastrier|4/100
|move|p2a: Glastrier|Close Combat|p1a: Sandslash
|-damage|p1a: Sandslash|0 fnt
|-unboost|p2a: Glastrier|def|1
|-unboost|p2a: Glastrier|spd|1
|faint|p1a: Sandslash
|-ability|p2a: Glastrier|Chilling Neigh|boost
|-boost|p2a: Glastrier|atk|1
|
|-heal|p2a: Glastrier|11/100|[from] item: Leftovers
|upkeep
|
|t:|1660855275
|switch|p1a: Perrserker|Perrserker, M|89/100 slp
|turn|27
|
|t:|1660855278
|cant|p1a: Perrserker|slp
|move|p2a: Glastrier|Close Combat|p1a: Perrserker
|-supereffective|p1a: Perrserker
|-damage|p1a: Perrserker|0 fnt
|-unboost|p2a: Glastrier|def|1
|-unboost|p2a: Glastrier|spd|1
|faint|p1a: Perrserker
|
|win|PULT4C1 Inder
|raw|PULT4C1 Gomure's rating: 1325 &rarr; <strong>1319</strong><br />(-6 for losing)
|raw|PULT4C1 Inder's rating: 1617 &rarr; <strong>1623</strong><br />(+6 for winning)
|c|☆PULT4C1 Gomure|nooo
|c|☆PULT4C1 Inder|gg
|c|☆PULT4C1 Gomure|gg
|l|☆PULT4C1 Inder
||Ladder isn't responding, score probably updated but might not have (Request timeout).
|l|☆PULT4C1 Gomure
