|j|☆eruza02
|j|☆panned bomb
|t:|1643749946
|gametype|singles
|player|p1|eruza02|hooligans|1337
|player|p2|panned bomb|170|1582
|teamsize|p1|6
|teamsize|p2|6
|gen|8
|tier|[Gen 8] PU
|rated|
|rule|Sleep Clause Mod: Limit one foe put to sleep
|rule|Species Clause: Limit one of each Pokémon
|rule|OHKO Clause: OHKO moves are banned
|rule|Evasion Moves Clause: Evasion moves are banned
|rule|Endless Battle Clause: Forcing endless battles is banned
|rule|HP Percentage Mod: HP is shown in percentages
|rule|Dynamax Clause: You cannot dynamax
|clearpoke
|poke|p1|Archeops, M|
|poke|p1|Druddigon, M|
|poke|p1|Dugtrio-Alola, M|
|poke|p1|Rapidash, F|
|poke|p1|Whimsicott, F|
|poke|p1|Jolteon, F|
|poke|p2|Frosmoth, F|
|poke|p2|Kabutops, F|
|poke|p2|Magneton|
|poke|p2|Palossand, M|
|poke|p2|Skuntank, M|
|poke|p2|Cramorant, F|
|teampreview
|inactive|Battle timer is ON: inactive players will automatically lose when time's up. (requested by eruza02)
|
|t:|1643749965
|start
|switch|p1a: Archeops|Archeops, M|100/100
|switch|p2a: Palossand|Palossand, M|100/100
|turn|1
|
|t:|1643749973
|move|p1a: Archeops|Aqua Tail|p2a: Palossand
|-supereffective|p2a: Palossand
|-damage|p2a: Palossand|34/100
|-ability|p2a: Palossand|Water Compaction|boost
|-boost|p2a: Palossand|def|2
|move|p2a: Palossand|Shadow Ball|p1a: Archeops
|-damage|p1a: Archeops|35/100
|
|upkeep
|turn|2
|
|t:|1643749985
|move|p1a: Archeops|Aqua Tail|p2a: Palossand
|-supereffective|p2a: Palossand
|-crit|p2a: Palossand
|-damage|p2a: Palossand|0 fnt
|faint|p2a: Palossand
|
|upkeep
|c|☆panned bomb|:(
|c|☆eruza02|:)
|
|t:|1643750013
|switch|p2a: Kabutops|Kabutops, F|100/100
|turn|3
|
|t:|1643750018
|move|p1a: Archeops|Earthquake|p2a: Kabutops
|-supereffective|p2a: Kabutops
|-damage|p2a: Kabutops|49/100
|-ability|p2a: Kabutops|Weak Armor|boost
|-unboost|p2a: Kabutops|def|1
|-boost|p2a: Kabutops|spe|2
|move|p2a: Kabutops|Stone Edge|p1a: Archeops|[miss]
|-miss|p2a: Kabutops|p1a: Archeops
|
|upkeep
|turn|4
|
|t:|1643750028
|move|p2a: Kabutops|Stone Edge|p1a: Archeops
|-supereffective|p1a: Archeops
|-damage|p1a: Archeops|0 fnt
|faint|p1a: Archeops
|
|upkeep
|
|t:|1643750038
|switch|p1a: Druddigon|Druddigon, M|100/100
|turn|5
|
|t:|1643750046
|move|p2a: Kabutops|Stone Edge|p1a: Druddigon
|-damage|p1a: Druddigon|44/100
|move|p1a: Druddigon|Superpower|p2a: Kabutops
|-supereffective|p2a: Kabutops
|-damage|p2a: Kabutops|0 fnt
|-unboost|p1a: Druddigon|atk|1
|-unboost|p1a: Druddigon|def|1
|faint|p2a: Kabutops
|
|upkeep
|
|t:|1643750058
|switch|p2a: Magneton|Magneton|100/100
|turn|6
|
|t:|1643750063
|move|p2a: Magneton|Flash Cannon|p1a: Druddigon
|-damage|p1a: Druddigon|0 fnt
|faint|p1a: Druddigon
|
|upkeep
|
|t:|1643750068
|switch|p1a: Dugtrio|Dugtrio-Alola, M|100/100
|turn|7
|
|t:|1643750073
|move|p1a: Dugtrio|Earthquake|p2a: Magneton
|-supereffective|p2a: Magneton
|-damage|p2a: Magneton|0 fnt
|faint|p2a: Magneton
|
|upkeep
|
|t:|1643750075
|switch|p2a: Cramorant|Cramorant, F|100/100
|turn|8
|
|t:|1643750081
|move|p1a: Dugtrio|Stone Edge|p2a: Cramorant
|-supereffective|p2a: Cramorant
|-damage|p2a: Cramorant|0 fnt
|faint|p2a: Cramorant
|
|upkeep
|
|t:|1643750085
|switch|p2a: Skuntank|Skuntank, M|100/100
|turn|9
|
|t:|1643750089
|move|p1a: Dugtrio|Earthquake|p2a: Skuntank
|-supereffective|p2a: Skuntank
|-damage|p2a: Skuntank|0 fnt
|faint|p2a: Skuntank
|
|upkeep
|
|t:|1643750091
|switch|p2a: Frosmoth|Frosmoth, F|100/100
|turn|10
|
|t:|1643750098
|move|p1a: Dugtrio|Iron Head|p2a: Frosmoth
|-supereffective|p2a: Frosmoth
|-damage|p2a: Frosmoth|0 fnt
|faint|p2a: Frosmoth
|
|win|eruza02
|raw|eruza02's rating: 1337 &rarr; <strong>1369</strong><br />(+32 for winning)
|raw|panned bomb's rating: 1582 &rarr; <strong>1550</strong><br />(-32 for losing)
|l|☆panned bomb
||Ladder isn't responding, score probably updated but might not have (Request timeout).
