|j|☆iHoHi
|j|☆JoJo Reference #11
|t:|1666310870
|gametype|singles
|player|p1|iHoHi|hiker-gen4|1233
|player|p2|JoJo Reference #11|2|1283
|teamsize|p1|6
|teamsize|p2|6
|gen|8
|tier|[Gen 8] PU
|rated|
|rule|Sleep Clause Mod: Limit one foe put to sleep
|rule|Species Clause: Limit one of each Pokémon
|rule|OHKO Clause: OHKO moves are banned
|rule|Evasion Items Clause: Evasion items are banned
|rule|Evasion Moves Clause: Evasion moves are banned
|rule|Endless Battle Clause: Forcing endless battles is banned
|rule|HP Percentage Mod: HP is shown in percentages
|rule|Dynamax Clause: You cannot dynamax
|clearpoke
|poke|p1|Kabutops, F|
|poke|p1|Sandaconda, F|
|poke|p1|Ribombee, M|
|poke|p1|Doublade, M|
|poke|p1|Charizard, M|
|poke|p1|Lanturn, F|
|poke|p2|Scrafty, M|
|poke|p2|Frosmoth, M|
|poke|p2|Gigalith, F|
|poke|p2|Sandslash, F|
|poke|p2|Silvally-*|
|poke|p2|Tangela, M|
|teampreview
|
|t:|1666310901
|start
|switch|p1a: Kabutops|Kabutops, F|100/100
|switch|p2a: Gigalith|Gigalith, F|100/100
|-weather|Sandstorm|[from] ability: Sand Stream|[of] p2a: Gigalith
|turn|1
|inactive|Battle timer is ON: inactive players will automatically lose when time's up. (requested by JoJo Reference #11)
|
|t:|1666310948
|switch|p2a: Tangela|Tangela, M|100/100
|move|p1a: Kabutops|Flip Turn|p2a: Tangela
|-resisted|p2a: Tangela
|-damage|p2a: Tangela|89/100
|
|t:|1666310955
|switch|p1a: Charizard|Charizard, M|100/100|[from]move: Flip Turn
|
|-weather|Sandstorm|[upkeep]
|-damage|p1a: Charizard|94/100|[from] Sandstorm
|-damage|p2a: Tangela|83/100|[from] Sandstorm
|upkeep
|turn|2
|
|t:|1666310964
|switch|p1a: Kabutops|Kabutops, F|100/100
|switch|p2a: Gigalith|Gigalith, F|100/100
|
|-weather|Sandstorm|[upkeep]
|upkeep
|turn|3
|
|t:|1666310971
|switch|p2a: Tangela|Tangela, M|100/100
|move|p1a: Kabutops|Flip Turn|p2a: Tangela
|-resisted|p2a: Tangela
|-damage|p2a: Tangela|88/100
|
|t:|1666310978
|switch|p1a: Ribombee|Ribombee, M|100/100|[from]move: Flip Turn
|
|-weather|Sandstorm|[upkeep]
|-damage|p1a: Ribombee|94/100|[from] Sandstorm
|-damage|p2a: Tangela|82/100|[from] Sandstorm
|upkeep
|turn|4
|
|t:|1666310985
|switch|p2a: Frosmoth|Frosmoth, M|100/100
|move|p1a: Ribombee|Bug Buzz|p2a: Frosmoth
|-damage|p2a: Frosmoth|61/100
|
|-weather|Sandstorm|[upkeep]
|-damage|p1a: Ribombee|88/100|[from] Sandstorm
|-damage|p2a: Frosmoth|55/100|[from] Sandstorm
|upkeep
|turn|5
|
|t:|1666311001
|switch|p1a: Kabutops|Kabutops, F|100/100
|move|p2a: Frosmoth|Ice Beam|p1a: Kabutops
|-resisted|p1a: Kabutops
|-damage|p1a: Kabutops|74/100
|
|-weather|none
|upkeep
|turn|6
|
|t:|1666311009
|switch|p2a: Tangela|Tangela, M|100/100
|move|p1a: Kabutops|Flip Turn|p2a: Tangela
|-resisted|p2a: Tangela
|-damage|p2a: Tangela|89/100
|
|t:|1666311016
|switch|p1a: Ribombee|Ribombee, M|88/100|[from]move: Flip Turn
|
|upkeep
|turn|7
|
|t:|1666311021
|switch|p2a: Gigalith|Gigalith, F|100/100
|-weather|Sandstorm|[from] ability: Sand Stream|[of] p2a: Gigalith
|move|p1a: Ribombee|Bug Buzz|p2a: Gigalith
|-damage|p2a: Gigalith|74/100
|
|-weather|Sandstorm|[upkeep]
|-damage|p1a: Ribombee|82/100|[from] Sandstorm
|-heal|p2a: Gigalith|80/100|[from] item: Leftovers
|upkeep
|turn|8
|
|t:|1666311034
|switch|p1a: Sandaconda|Sandaconda, F|100/100
|move|p2a: Gigalith|Stealth Rock|p1a: Sandaconda
|-sidestart|p1: iHoHi|move: Stealth Rock
|
|-weather|Sandstorm|[upkeep]
|-heal|p2a: Gigalith|86/100|[from] item: Leftovers
|upkeep
|turn|9
|
|t:|1666311043
|switch|p2a: Scrafty|Scrafty, M|100/100
|move|p1a: Sandaconda|Glare|p2a: Scrafty
|-status|p2a: Scrafty|par
|
|-weather|Sandstorm|[upkeep]
|-damage|p2a: Scrafty|95/100 par|[from] Sandstorm
|-heal|p2a: Scrafty|100/100 par|[from] item: Leftovers
|upkeep
|turn|10
|
|t:|1666311053
|switch|p1a: Ribombee|Ribombee, M|82/100
|-damage|p1a: Ribombee|57/100|[from] Stealth Rock
|move|p2a: Scrafty|Knock Off|p1a: Ribombee
|-resisted|p1a: Ribombee
|-damage|p1a: Ribombee|27/100
|-enditem|p1a: Ribombee|Choice Specs|[from] move: Knock Off|[of] p2a: Scrafty
|
|-weather|Sandstorm|[upkeep]
|-damage|p1a: Ribombee|21/100|[from] Sandstorm
|-damage|p2a: Scrafty|95/100 par|[from] Sandstorm
|-activate|p2a: Scrafty|ability: Shed Skin
|-curestatus|p2a: Scrafty|par|[msg]
|-heal|p2a: Scrafty|100/100|[from] item: Leftovers
|upkeep
|turn|11
|
|t:|1666311067
|switch|p2a: Tangela|Tangela, M|100/100
|move|p1a: Ribombee|U-turn|p2a: Tangela
|-supereffective|p2a: Tangela
|-damage|p2a: Tangela|84/100
|
|t:|1666311074
|switch|p1a: Doublade|Doublade, M|100/100|[from]move: U-turn
|-damage|p1a: Doublade|94/100|[from] Stealth Rock
|
|-weather|none
|upkeep
|turn|12
|
|t:|1666311081
|move|p2a: Tangela|Leech Seed|p1a: Doublade
|-start|p1a: Doublade|move: Leech Seed
|move|p1a: Doublade|Swords Dance|p1a: Doublade
|-boost|p1a: Doublade|atk|2
|
|-damage|p1a: Doublade|82/100|[from] Leech Seed|[of] p2a: Tangela
|-heal|p2a: Tangela|96/100|[silent]
|upkeep
|turn|13
|
|t:|1666311090
|move|p2a: Tangela|Knock Off|p1a: Doublade
|-supereffective|p1a: Doublade
|-damage|p1a: Doublade|68/100
|-enditem|p1a: Doublade|Eviolite|[from] move: Knock Off|[of] p2a: Tangela
|move|p1a: Doublade|Shadow Claw|p2a: Tangela
|-damage|p2a: Tangela|60/100
|
|-damage|p1a: Doublade|56/100|[from] Leech Seed|[of] p2a: Tangela
|-heal|p2a: Tangela|72/100|[silent]
|upkeep
|turn|14
|
|t:|1666311101
|switch|p1a: Charizard|Charizard, M|94/100
|move|p2a: Tangela|Giga Drain|p1a: Charizard
|-resisted|p1a: Charizard
|-damage|p1a: Charizard|86/100
|-heal|p2a: Tangela|76/100|[from] drain|[of] p1a: Charizard
|
|upkeep
|turn|15
|
|t:|1666311109
|switch|p2a: Gigalith|Gigalith, F|86/100
|-weather|Sandstorm|[from] ability: Sand Stream|[of] p2a: Gigalith
|move|p1a: Charizard|Defog|p2a: Gigalith
|-unboost|p2a: Gigalith|evasion|1
|-sideend|p1: iHoHi|Stealth Rock|[from] move: Defog|[of] p1a: Charizard
|
|-weather|Sandstorm|[upkeep]
|-damage|p1a: Charizard|80/100|[from] Sandstorm
|-heal|p2a: Gigalith|92/100|[from] item: Leftovers
|upkeep
|turn|16
|
|t:|1666311120
|switch|p1a: Lanturn|Lanturn, F|100/100
|move|p2a: Gigalith|Stealth Rock|p1a: Lanturn
|-sidestart|p1: iHoHi|move: Stealth Rock
|
|-weather|Sandstorm|[upkeep]
|-damage|p1a: Lanturn|94/100|[from] Sandstorm
|-heal|p1a: Lanturn|100/100|[from] item: Leftovers
|-heal|p2a: Gigalith|98/100|[from] item: Leftovers
|upkeep
|turn|17
|
|t:|1666311130
|switch|p2a: Scrafty|Scrafty, M|100/100
|move|p1a: Lanturn|Volt Switch|p2a: Scrafty
|-damage|p2a: Scrafty|86/100
|
|t:|1666311135
|switch|p1a: Charizard|Charizard, M|80/100|[from]move: Volt Switch
|
|-weather|Sandstorm|[upkeep]
|-damage|p1a: Charizard|74/100|[from] Sandstorm
|-damage|p2a: Scrafty|80/100|[from] Sandstorm
|-heal|p2a: Scrafty|86/100|[from] item: Leftovers
|upkeep
|turn|18
|
|t:|1666311143
|switch|p2a: Gigalith|Gigalith, F|98/100
|move|p1a: Charizard|Defog|p2a: Gigalith
|-unboost|p2a: Gigalith|evasion|1
|-sideend|p1: iHoHi|Stealth Rock|[from] move: Defog|[of] p1a: Charizard
|
|-weather|Sandstorm|[upkeep]
|-damage|p1a: Charizard|68/100|[from] Sandstorm
|-heal|p2a: Gigalith|100/100|[from] item: Leftovers
|upkeep
|turn|19
|
|t:|1666311154
|switch|p1a: Kabutops|Kabutops, F|74/100
|move|p2a: Gigalith|Stealth Rock|p1a: Kabutops
|-sidestart|p1: iHoHi|move: Stealth Rock
|
|-weather|none
|upkeep
|turn|20
|
|t:|1666311161
|switch|p2a: Tangela|Tangela, M|100/100
|move|p1a: Kabutops|Flip Turn|p2a: Tangela
|-resisted|p2a: Tangela
|-damage|p2a: Tangela|90/100
|
|t:|1666311167
|switch|p1a: Charizard|Charizard, M|68/100|[from]move: Flip Turn
|
|upkeep
|turn|21
|
|t:|1666311181
|switch|p2a: Gigalith|Gigalith, F|100/100
|-weather|Sandstorm|[from] ability: Sand Stream|[of] p2a: Gigalith
|move|p1a: Charizard|Defog|p2a: Gigalith
|-unboost|p2a: Gigalith|evasion|1
|-sideend|p1: iHoHi|Stealth Rock|[from] move: Defog|[of] p1a: Charizard
|
|-weather|Sandstorm|[upkeep]
|-damage|p1a: Charizard|62/100|[from] Sandstorm
|upkeep
|turn|22
|
|t:|1666311192
|switch|p1a: Lanturn|Lanturn, F|100/100
|move|p2a: Gigalith|Stealth Rock|p1a: Lanturn
|-sidestart|p1: iHoHi|move: Stealth Rock
|
|-weather|Sandstorm|[upkeep]
|-damage|p1a: Lanturn|94/100|[from] Sandstorm
|-heal|p1a: Lanturn|100/100|[from] item: Leftovers
|upkeep
|turn|23
|
|t:|1666311201
|switch|p2a: Scrafty|Scrafty, M|86/100
|move|p1a: Lanturn|Toxic|p2a: Scrafty
|-status|p2a: Scrafty|tox
|
|-weather|Sandstorm|[upkeep]
|-damage|p1a: Lanturn|94/100|[from] Sandstorm
|-damage|p2a: Scrafty|80/100 tox|[from] Sandstorm
|-heal|p1a: Lanturn|100/100|[from] item: Leftovers
|-heal|p2a: Scrafty|86/100 tox|[from] item: Leftovers
|-damage|p2a: Scrafty|80/100 tox|[from] psn
|upkeep
|turn|24
|
|t:|1666311213
|move|p1a: Lanturn|Protect|p1a: Lanturn
|-singleturn|p1a: Lanturn|Protect
|move|p2a: Scrafty|Knock Off|p1a: Lanturn
|-activate|p1a: Lanturn|move: Protect
|
|-weather|Sandstorm|[upkeep]
|-damage|p1a: Lanturn|94/100|[from] Sandstorm
|-damage|p2a: Scrafty|74/100 tox|[from] Sandstorm
|-heal|p1a: Lanturn|100/100|[from] item: Leftovers
|-heal|p2a: Scrafty|80/100 tox|[from] item: Leftovers
|-damage|p2a: Scrafty|68/100 tox|[from] psn
|upkeep
|turn|25
|
|t:|1666311224
|move|p1a: Lanturn|Volt Switch|p2a: Scrafty
|-damage|p2a: Scrafty|52/100 tox
|
|t:|1666311228
|switch|p1a: Ribombee|Ribombee, M|21/100|[from]move: Volt Switch
|-damage|p1a: Ribombee|0 fnt|[from] Stealth Rock
|faint|p1a: Ribombee
|move|p2a: Scrafty|Knock Off|p1: Ribombee|[notarget]
|-fail|p2a: Scrafty
|
|-weather|none
|-heal|p2a: Scrafty|58/100 tox|[from] item: Leftovers
|-damage|p2a: Scrafty|40/100 tox|[from] psn
|upkeep
|
|t:|1666311241
|switch|p1a: Kabutops|Kabutops, F|74/100
|-damage|p1a: Kabutops|62/100|[from] Stealth Rock
|turn|26
|
|t:|1666311246
|switch|p2a: Tangela|Tangela, M|100/100
|move|p1a: Kabutops|Superpower|p2a: Tangela
|-damage|p2a: Tangela|69/100
|-unboost|p1a: Kabutops|atk|1
|-unboost|p1a: Kabutops|def|1
|
|upkeep
|turn|27
|c|☆iHoHi|gg can't break your core
|c|☆JoJo Reference #11|gg
|-message|iHoHi forfeited.
|
|win|JoJo Reference #11
|raw|iHoHi's rating: 1233 &rarr; <strong>1212</strong><br />(-21 for losing)
|raw|JoJo Reference #11's rating: 1283 &rarr; <strong>1304</strong><br />(+21 for winning)
|l|☆iHoHi
