|j|☆PUDS DiannieRatson
|j|‽Flamedood
|t:|1652871927
|gametype|singles
|player|p1|PUDS DiannieRatson|swimmerf-gen4|1231
|player|p2|Flamedood|blue|1342
|teamsize|p1|6
|teamsize|p2|6
|gen|8
|tier|[Gen 8] PU
|rated|
|rule|Sleep Clause Mod: Limit one foe put to sleep
|rule|Species Clause: Limit one of each Pokémon
|rule|OHKO Clause: OHKO moves are banned
|rule|Evasion Moves Clause: Evasion moves are banned
|rule|Endless Battle Clause: Forcing endless battles is banned
|rule|HP Percentage Mod: HP is shown in percentages
|rule|Dynamax Clause: You cannot dynamax
|clearpoke
|poke|p1|Dugtrio-Alola, M|
|poke|p1|Gigalith, M|
|poke|p1|Jellicent, F|
|poke|p1|Bouffalant, F|
|poke|p1|Eldegoss, F|
|poke|p1|Persian-Alola, F|
|poke|p2|Scyther, F|
|poke|p2|Archeops, F|
|poke|p2|Thwackey, F|
|poke|p2|Whimsicott, F|
|poke|p2|Claydol|
|poke|p2|Silvally-*|
|teampreview
|c|☆PUDS DiannieRatson|Glhf
|inactive|Battle timer is ON: inactive players will automatically lose when time's up. (requested by PUDS DiannieRatson)
|
|t:|1652871955
|start
|switch|p1a: Persian|Persian-Alola, F|100/100
|switch|p2a: Thwackey|Thwackey, F|100/100
|-fieldstart|move: Grassy Terrain|[from] ability: Grassy Surge|[of] p2a: Thwackey
|turn|1
|inactive|Flamedood has 120 seconds left.
|
|t:|1652871986
|move|p1a: Persian|Knock Off|p2a: Thwackey
|-damage|p2a: Thwackey|65/100
|-enditem|p2a: Thwackey|Life Orb|[from] move: Knock Off|[of] p1a: Persian
|move|p2a: Thwackey|U-turn|p1a: Persian
|-supereffective|p1a: Persian
|-damage|p1a: Persian|69/100
|inactive|Flamedood has 120 seconds left.
|
|t:|1652871995
|switch|p2a: Whimsicott|Whimsicott, F|100/100|[from]move: U-turn
|
|-heal|p1a: Persian|75/100|[from] Grassy Terrain
|upkeep
|turn|2
|
|t:|1652872024
|switch|p1a: Gigalith|Gigalith, M|100/100
|-weather|Sandstorm|[from] ability: Sand Stream|[of] p1a: Gigalith
|move|p2a: Whimsicott|Moonblast|p1a: Gigalith
|-damage|p1a: Gigalith|80/100
|
|-weather|Sandstorm|[upkeep]
|-damage|p2a: Whimsicott|94/100|[from] Sandstorm
|-heal|p2a: Whimsicott|100/100|[from] Grassy Terrain
|-heal|p1a: Gigalith|87/100|[from] Grassy Terrain
|-heal|p1a: Gigalith|93/100|[from] item: Leftovers
|upkeep
|turn|3
|
|t:|1652872035
|move|p2a: Whimsicott|Energy Ball|p1a: Gigalith
|-supereffective|p1a: Gigalith
|-damage|p1a: Gigalith|48/100
|move|p1a: Gigalith|Rock Blast|p2a: Whimsicott
|-crit|p2a: Whimsicott
|-damage|p2a: Whimsicott|75/100
|-damage|p2a: Whimsicott|58/100
|-hitcount|p2a: Whimsicott|2
|
|-weather|Sandstorm|[upkeep]
|-damage|p2a: Whimsicott|51/100|[from] Sandstorm
|-heal|p2a: Whimsicott|58/100|[from] Grassy Terrain
|-heal|p1a: Gigalith|54/100|[from] Grassy Terrain
|-heal|p1a: Gigalith|60/100|[from] item: Leftovers
|upkeep
|turn|4
|
|t:|1652872049
|move|p2a: Whimsicott|Energy Ball|p1a: Gigalith
|-supereffective|p1a: Gigalith
|-damage|p1a: Gigalith|15/100
|move|p1a: Gigalith|Rock Blast|p2a: Whimsicott
|-damage|p2a: Whimsicott|40/100
|-damage|p2a: Whimsicott|24/100
|-damage|p2a: Whimsicott|5/100
|-hitcount|p2a: Whimsicott|3
|
|-weather|Sandstorm|[upkeep]
|-damage|p2a: Whimsicott|0 fnt|[from] Sandstorm
|faint|p2a: Whimsicott
|-heal|p1a: Gigalith|21/100|[from] Grassy Terrain
|-heal|p1a: Gigalith|27/100|[from] item: Leftovers
|upkeep
|inactive|Flamedood has 120 seconds left.
|
|t:|1652872066
|switch|p2a: Claydol|Claydol|100/100
|turn|5
|
|t:|1652872080
|switch|p1a: Eldegoss|Eldegoss, F|100/100
|move|p2a: Claydol|Scorching Sands|p1a: Eldegoss
|-resisted|p1a: Eldegoss
|-damage|p1a: Eldegoss|94/100
|
|-weather|Sandstorm|[upkeep]
|-damage|p1a: Eldegoss|88/100|[from] Sandstorm
|-heal|p1a: Eldegoss|94/100|[from] Grassy Terrain
|-fieldend|move: Grassy Terrain
|upkeep
|turn|6
|
|t:|1652872090
|move|p1a: Eldegoss|Leaf Storm|p2a: Claydol
|-supereffective|p2a: Claydol
|-damage|p2a: Claydol|31/100
|-unboost|p1a: Eldegoss|spa|2
|move|p2a: Claydol|Teleport|p2a: Claydol
|
|t:|1652872104
|switch|p2a: Archeops|Archeops, F|100/100|[from]move: Teleport
|
|-weather|none
|upkeep
|turn|7
|
|t:|1652872117
|switch|p1a: Gigalith|Gigalith, M|27/100
|-weather|Sandstorm|[from] ability: Sand Stream|[of] p1a: Gigalith
|move|p2a: Archeops|Meteor Beam||[still]
|-prepare|p2a: Archeops|Meteor Beam
|-boost|p2a: Archeops|spa|1
|-enditem|p2a: Archeops|Power Herb
|-anim|p2a: Archeops|Meteor Beam|p1a: Gigalith
|-damage|p1a: Gigalith|0 fnt
|faint|p1a: Gigalith
|
|-weather|Sandstorm|[upkeep]
|upkeep
|
|t:|1652872139
|switch|p1a: Persian|Persian-Alola, F|75/100
|turn|8
|
|t:|1652872145
|move|p1a: Persian|Foul Play|p2a: Archeops
|-damage|p2a: Archeops|41/100
|move|p2a: Archeops|Air Slash|p1a: Persian
|-damage|p1a: Persian|39/100
|
|-weather|Sandstorm|[upkeep]
|-damage|p1a: Persian|33/100|[from] Sandstorm
|upkeep
|turn|9
|
|t:|1652872152
|move|p1a: Persian|Foul Play|p2a: Archeops
|-damage|p2a: Archeops|0 fnt
|faint|p2a: Archeops
|
|-weather|Sandstorm|[upkeep]
|-damage|p1a: Persian|27/100|[from] Sandstorm
|upkeep
|
|t:|1652872165
|switch|p2a: Thwackey|Thwackey, F|65/100
|-fieldstart|move: Grassy Terrain|[from] ability: Grassy Surge|[of] p2a: Thwackey
|turn|10
|
|t:|1652872182
|move|p2a: Thwackey|Grassy Glide|p1a: Persian
|-damage|p1a: Persian|0 fnt
|faint|p1a: Persian
|
|-weather|Sandstorm|[upkeep]
|-damage|p2a: Thwackey|59/100|[from] Sandstorm
|-heal|p2a: Thwackey|65/100|[from] Grassy Terrain
|upkeep
|inactive|PUDS DiannieRatson has 120 seconds left.
|
|t:|1652872214
|switch|p1a: Bouffalant|Bouffalant, F|100/100
|turn|11
|
|t:|1652872221
|move|p2a: Thwackey|U-turn|p1a: Bouffalant
|-damage|p1a: Bouffalant|80/100
|
|t:|1652872228
|switch|p2a: Silvally|Silvally-Ghost|100/100|[from]move: U-turn
|move|p1a: Bouffalant|Swords Dance|p1a: Bouffalant
|-boost|p1a: Bouffalant|atk|2
|
|-weather|none
|-heal|p1a: Bouffalant|86/100|[from] Grassy Terrain
|-heal|p1a: Bouffalant|93/100|[from] item: Leftovers
|upkeep
|turn|12
|
|t:|1652872237
|move|p2a: Silvally|Substitute|p2a: Silvally
|-start|p2a: Silvally|Substitute
|-damage|p2a: Silvally|76/100
|move|p1a: Bouffalant|Throat Chop|p2a: Silvally
|-supereffective|p2a: Silvally
|-end|p2a: Silvally|Substitute
|
|-heal|p2a: Silvally|82/100|[from] Grassy Terrain
|-heal|p1a: Bouffalant|99/100|[from] Grassy Terrain
|-heal|p1a: Bouffalant|100/100|[from] item: Leftovers
|upkeep
|turn|13
|
|t:|1652872247
|move|p2a: Silvally|Flame Charge|p1a: Bouffalant
|-damage|p1a: Bouffalant|87/100
|-boost|p2a: Silvally|spe|1
|move|p1a: Bouffalant|Throat Chop|p2a: Silvally
|-supereffective|p2a: Silvally
|-damage|p2a: Silvally|0 fnt
|faint|p2a: Silvally
|
|-heal|p1a: Bouffalant|93/100|[from] Grassy Terrain
|-heal|p1a: Bouffalant|99/100|[from] item: Leftovers
|upkeep
|
|t:|1652872259
|switch|p2a: Thwackey|Thwackey, F|65/100
|turn|14
|
|t:|1652872265
|move|p2a: Thwackey|Knock Off|p1a: Bouffalant
|-damage|p1a: Bouffalant|72/100
|-enditem|p1a: Bouffalant|Leftovers|[from] move: Knock Off|[of] p2a: Thwackey
|move|p1a: Bouffalant|Facade|p2a: Thwackey
|-damage|p2a: Thwackey|0 fnt
|faint|p2a: Thwackey
|
|-heal|p1a: Bouffalant|78/100|[from] Grassy Terrain
|-fieldend|move: Grassy Terrain
|upkeep
|
|t:|1652872274
|switch|p2a: Scyther|Scyther, F|100/100
|turn|15
|
|t:|1652872277
|move|p2a: Scyther|Dual Wingbeat|p1a: Bouffalant
|-damage|p1a: Bouffalant|35/100
|-damage|p1a: Bouffalant|0 fnt
|faint|p1a: Bouffalant
|-hitcount|p1: Bouffalant|2
|
|upkeep
|
|t:|1652872285
|switch|p1a: Jellicent|Jellicent, F|100/100
|turn|16
|
|t:|1652872288
|switch|p2a: Claydol|Claydol|31/100
|move|p1a: Jellicent|Will-O-Wisp|p2a: Claydol
|-status|p2a: Claydol|brn
|
|-damage|p2a: Claydol|25/100 brn|[from] brn
|upkeep
|turn|17
|
|t:|1652872297
|move|p2a: Claydol|Scorching Sands|p1a: Jellicent
|-damage|p1a: Jellicent|85/100
|move|p1a: Jellicent|Hex|p2a: Claydol
|-supereffective|p2a: Claydol
|-damage|p2a: Claydol|0 fnt
|faint|p2a: Claydol
|
|upkeep
|
|t:|1652872304
|switch|p2a: Scyther|Scyther, F|100/100
|turn|18
|inactive|Flamedood has 120 seconds left.
|
|t:|1652872336
|move|p2a: Scyther|Dual Wingbeat|p1a: Jellicent
|-damage|p1a: Jellicent|51/100
|-start|p2a: Scyther|Disable|Dual Wingbeat|[from] ability: Cursed Body|[of] p1a: Jellicent
|-damage|p1a: Jellicent|17/100
|-hitcount|p1a: Jellicent|2
|move|p1a: Jellicent|Will-O-Wisp|p2a: Scyther
|-status|p2a: Scyther|brn
|
|-damage|p2a: Scyther|94/100 brn|[from] brn
|upkeep
|turn|19
|
|t:|1652872346
|-activate|p2a: Scyther|move: Struggle
|move|p2a: Scyther|Struggle|p1a: Jellicent
|-damage|p1a: Jellicent|4/100
|-damage|p2a: Scyther|70/100 brn|[from] recoil
|move|p1a: Jellicent|Recover|p1a: Jellicent
|-heal|p1a: Jellicent|54/100
|
|-damage|p2a: Scyther|63/100 brn|[from] brn
|upkeep
|turn|20
|-message|Flamedood forfeited.
|
|win|PUDS DiannieRatson
|raw|PUDS DiannieRatson's rating: 1231 &rarr; <strong>1264</strong><br />(+33 for winning)
|raw|Flamedood's rating: 1342 &rarr; <strong>1316</strong><br />(-26 for losing)
|l|‽Flamedood
