|raw|<div class="broadcast-blue"><strong>This battle is required to be public due to a player having a name starting with 'pult61a'.</div>
|j|☆srwak
|j|☆pult61a spades
|t:|1626920993
|gametype|singles
|player|p1|srwak|blackbelt-gen4|1249
|player|p2|pult61a spades|erika|1498
|teamsize|p1|6
|teamsize|p2|6
|gen|8
|tier|[Gen 8] PU
|rated|
|rule|Sleep Clause Mod: Limit one foe put to sleep
|rule|Species Clause: Limit one of each Pokémon
|rule|OHKO Clause: OHKO moves are banned
|rule|Evasion Moves Clause: Evasion moves are banned
|rule|Endless Battle Clause: Forcing endless battles is banned
|rule|HP Percentage Mod: HP is shown in percentages
|rule|Dynamax Clause: You cannot dynamax
|clearpoke
|poke|p1|Tsareena, F|
|poke|p1|Drampa, M|
|poke|p1|Glaceon, M|
|poke|p1|Wishiwashi, F|
|poke|p1|Bouffalant, F|
|poke|p1|Gallade, M|
|poke|p2|Articuno-Galar|
|poke|p2|Sandslash-Alola, F|
|poke|p2|Wishiwashi, F|
|poke|p2|Gourgeist-*, F|
|poke|p2|Silvally-*|
|poke|p2|Regirock|
|teampreview
|
|t:|1626920999
|start
|switch|p1a: Gallade|Gallade, M|100/100
|switch|p2a: Articuno|Articuno-Galar|100/100
|turn|1
|
|t:|1626921005
|move|p2a: Articuno|Hurricane|p1a: Gallade|[miss]
|-miss|p2a: Articuno|p1a: Gallade
|move|p1a: Gallade|Knock Off|p2a: Articuno
|-supereffective|p2a: Articuno
|-damage|p2a: Articuno|24/100
|-enditem|p2a: Articuno|Choice Specs|[from] move: Knock Off|[of] p1a: Gallade
|
|upkeep
|turn|2
|
|t:|1626921013
|move|p2a: Articuno|Hurricane|p1a: Gallade|[miss]
|-miss|p2a: Articuno|p1a: Gallade
|move|p1a: Gallade|Ice Punch|p2a: Articuno
|-supereffective|p2a: Articuno
|-damage|p2a: Articuno|0 fnt
|faint|p2a: Articuno
|
|upkeep
|
|t:|1626921017
|switch|p2a: Gourgeist|Gourgeist, F|100/100
|-item|p1a: Gallade|Aguav Berry|[from] ability: Frisk|[of] p2a: Gourgeist|[identify]
|turn|3
|
|t:|1626921024
|move|p2a: Gourgeist|Trick|p1a: Gallade
|-activate|p2a: Gourgeist|move: Trick|[of] p1a: Gallade
|-item|p1a: Gallade|Choice Scarf|[from] move: Trick
|-item|p2a: Gourgeist|Aguav Berry|[from] move: Trick
|move|p1a: Gallade|Knock Off|p2a: Gourgeist
|-supereffective|p2a: Gourgeist
|-damage|p2a: Gourgeist|30/100
|-enditem|p2a: Gourgeist|Aguav Berry|[from] move: Knock Off|[of] p1a: Gallade
|
|upkeep
|turn|4
|
|t:|1626921032
|switch|p2a: Silvally|Silvally-Fairy|100/100
|move|p1a: Gallade|Knock Off|p2a: Silvally
|-resisted|p2a: Silvally
|-damage|p2a: Silvally|88/100
|
|upkeep
|turn|5
|
|t:|1626921045
|switch|p1a: Glaceon|Glaceon, M|100/100
|move|p2a: Silvally|Swords Dance|p2a: Silvally
|-boost|p2a: Silvally|atk|2
|
|upkeep
|turn|6
|
|t:|1626921053
|move|p2a: Silvally|Multi-Attack|p1a: Glaceon
|-damage|p1a: Glaceon|12/100
|move|p1a: Glaceon|Ice Beam|p2a: Silvally
|-damage|p2a: Silvally|9/100
|
|upkeep
|turn|7
|
|t:|1626921061
|move|p2a: Silvally|Flame Charge|p1a: Glaceon
|-supereffective|p1a: Glaceon
|-damage|p1a: Glaceon|0 fnt
|-boost|p2a: Silvally|spe|1
|faint|p1a: Glaceon
|
|upkeep
|
|t:|1626921071
|switch|p1a: Bouffalant|Bouffalant, F|100/100
|turn|8
|
|t:|1626921074
|move|p2a: Silvally|Multi-Attack|p1a: Bouffalant
|-damage|p1a: Bouffalant|21/100
|move|p1a: Bouffalant|Body Slam|p2a: Silvally
|-damage|p2a: Silvally|0 fnt
|faint|p2a: Silvally
|
|-heal|p1a: Bouffalant|27/100|[from] item: Leftovers
|upkeep
|
|t:|1626921077
|switch|p2a: Regirock|Regirock|100/100
|turn|9
|
|t:|1626921092
|switch|p1a: Wishiwashi|Wishiwashi, F|100/100
|-formechange|p1a: Wishiwashi|Wishiwashi-School||[from] ability: Schooling
|move|p2a: Regirock|Body Press|p1a: Wishiwashi
|-crit|p1a: Wishiwashi
|-damage|p1a: Wishiwashi|42/100
|
|upkeep
|turn|10
|
|t:|1626921101
|switch|p2a: Wishiwashi|Wishiwashi, F|100/100
|-formechange|p2a: Wishiwashi|Wishiwashi-School||[from] ability: Schooling
|move|p1a: Wishiwashi|Hydro Pump|p2a: Wishiwashi
|-resisted|p2a: Wishiwashi
|-damage|p2a: Wishiwashi|64/100
|
|-heal|p2a: Wishiwashi|70/100|[from] item: Leftovers
|upkeep
|turn|11
|
|t:|1626921109
|move|p1a: Wishiwashi|Hydro Pump|p2a: Wishiwashi
|-resisted|p2a: Wishiwashi
|-damage|p2a: Wishiwashi|34/100
|move|p2a: Wishiwashi|U-turn|p1a: Wishiwashi
|-damage|p1a: Wishiwashi|22/100
|
|t:|1626921113
|switch|p2a: Regirock|Regirock|100/100|[from]move: U-turn
|
|-formechange|p1a: Wishiwashi|Wishiwashi||[from] ability: Schooling
|upkeep
|turn|12
|
|t:|1626921118
|move|p2a: Regirock|Body Press|p1a: Wishiwashi
|-damage|p1a: Wishiwashi|0 fnt
|faint|p1a: Wishiwashi
|
|upkeep
|
|t:|1626921126
|switch|p1a: Tsareena|Tsareena, F|100/100
|turn|13
|
|t:|1626921130
|switch|p2a: Sandslash|Sandslash-Alola, F|100/100
|move|p1a: Tsareena|Power Whip|p2a: Sandslash|[miss]
|-miss|p1a: Tsareena|p2a: Sandslash
|
|upkeep
|turn|14
|
|t:|1626921136
|move|p2a: Sandslash|Triple Axel|p1a: Tsareena
|-supereffective|p1a: Tsareena
|-damage|p1a: Tsareena|84/100
|-supereffective|p1a: Tsareena
|-damage|p1a: Tsareena|48/100
|-enditem|p1a: Tsareena|Sitrus Berry|[eat]
|-heal|p1a: Tsareena|73/100|[from] item: Sitrus Berry
|-supereffective|p1a: Tsareena
|-damage|p1a: Tsareena|15/100
|-hitcount|p1a: Tsareena|3
|move|p1a: Tsareena|High Jump Kick|p2a: Sandslash
|-supereffective|p2a: Sandslash
|-damage|p2a: Sandslash|0 fnt
|faint|p2a: Sandslash
|
|upkeep
|
|t:|1626921147
|switch|p2a: Gourgeist|Gourgeist, F|30/100
|turn|15
|
|t:|1626921153
|switch|p1a: Bouffalant|Bouffalant, F|27/100
|move|p2a: Gourgeist|Power Whip|p1a: Bouffalant
|-ability|p1a: Bouffalant|Sap Sipper|boost
|-boost|p1a: Bouffalant|atk|1
|
|-heal|p1a: Bouffalant|33/100|[from] item: Leftovers
|upkeep
|turn|16
|
|t:|1626921162
|switch|p2a: Regirock|Regirock|100/100
|move|p1a: Bouffalant|Cotton Guard|p1a: Bouffalant
|-boost|p1a: Bouffalant|def|3
|
|-heal|p1a: Bouffalant|40/100|[from] item: Leftovers
|upkeep
|turn|17
|
|t:|1626921169
|move|p1a: Bouffalant|Body Slam|p2a: Regirock
|-resisted|p2a: Regirock
|-damage|p2a: Regirock|91/100
|move|p2a: Regirock|Body Press|p1a: Bouffalant
|-supereffective|p1a: Bouffalant
|-damage|p1a: Bouffalant|15/100
|
|-heal|p1a: Bouffalant|21/100|[from] item: Leftovers
|-heal|p2a: Regirock|97/100|[from] item: Leftovers
|upkeep
|turn|18
|
|t:|1626921178
|move|p1a: Bouffalant|Rest|p1a: Bouffalant
|-status|p1a: Bouffalant|slp|[from] move: Rest
|-heal|p1a: Bouffalant|100/100 slp|[silent]
|move|p2a: Regirock|Body Press|p1a: Bouffalant
|-supereffective|p1a: Bouffalant
|-damage|p1a: Bouffalant|76/100 slp
|
|-heal|p1a: Bouffalant|82/100 slp|[from] item: Leftovers
|-heal|p2a: Regirock|100/100|[from] item: Leftovers
|upkeep
|turn|19
|
|t:|1626921188
|cant|p1a: Bouffalant|slp
|move|p2a: Regirock|Body Press|p1a: Bouffalant
|-supereffective|p1a: Bouffalant
|-damage|p1a: Bouffalant|57/100 slp
|
|-heal|p1a: Bouffalant|63/100 slp|[from] item: Leftovers
|upkeep
|turn|20
|
|t:|1626921195
|cant|p1a: Bouffalant|slp
|move|p2a: Regirock|Body Press|p1a: Bouffalant
|-supereffective|p1a: Bouffalant
|-damage|p1a: Bouffalant|36/100 slp
|
|-heal|p1a: Bouffalant|42/100 slp|[from] item: Leftovers
|upkeep
|turn|21
|
|t:|1626921202
|-curestatus|p1a: Bouffalant|slp|[msg]
|move|p1a: Bouffalant|Body Slam|p2a: Regirock
|-resisted|p2a: Regirock
|-damage|p2a: Regirock|91/100
|move|p2a: Regirock|Body Press|p1a: Bouffalant
|-supereffective|p1a: Bouffalant
|-damage|p1a: Bouffalant|16/100
|
|-heal|p1a: Bouffalant|22/100|[from] item: Leftovers
|-heal|p2a: Regirock|97/100|[from] item: Leftovers
|upkeep
|turn|22
|
|t:|1626921212
|move|p1a: Bouffalant|Rest|p1a: Bouffalant
|-status|p1a: Bouffalant|slp|[from] move: Rest
|-heal|p1a: Bouffalant|100/100 slp|[silent]
|move|p2a: Regirock|Body Press|p1a: Bouffalant
|-supereffective|p1a: Bouffalant
|-crit|p1a: Bouffalant
|-damage|p1a: Bouffalant|5/100 slp
|
|-heal|p1a: Bouffalant|11/100 slp|[from] item: Leftovers
|-heal|p2a: Regirock|100/100|[from] item: Leftovers
|upkeep
|turn|23
|
|t:|1626921223
|cant|p1a: Bouffalant|slp
|move|p2a: Regirock|Body Press|p1a: Bouffalant
|-supereffective|p1a: Bouffalant
|-damage|p1a: Bouffalant|0 fnt
|faint|p1a: Bouffalant
|
|upkeep
|
|t:|1626921229
|switch|p1a: Gallade|Gallade, M|100/100
|turn|24
|
|t:|1626921235
|switch|p2a: Gourgeist|Gourgeist, F|30/100
|-item|p1a: Gallade|Choice Scarf|[from] ability: Frisk|[of] p2a: Gourgeist|[identify]
|move|p1a: Gallade|Knock Off|p2a: Gourgeist
|-supereffective|p2a: Gourgeist
|-damage|p2a: Gourgeist|0 fnt
|faint|p2a: Gourgeist
|
|upkeep
|
|t:|1626921237
|switch|p2a: Wishiwashi|Wishiwashi, F|34/100
|-formechange|p2a: Wishiwashi|Wishiwashi-School||[from] ability: Schooling
|turn|25
|
|t:|1626921245
|move|p1a: Gallade|Knock Off|p2a: Wishiwashi
|-damage|p2a: Wishiwashi|4/100
|-enditem|p2a: Wishiwashi|Leftovers|[from] move: Knock Off|[of] p1a: Gallade
|move|p2a: Wishiwashi|Rest|p2a: Wishiwashi
|-status|p2a: Wishiwashi|slp|[from] move: Rest
|-heal|p2a: Wishiwashi|100/100 slp|[silent]
|
|upkeep
|turn|26
|
|t:|1626921254
|switch|p1a: Tsareena|Tsareena, F|15/100
|cant|p2a: Wishiwashi|slp
|move|p2a: Wishiwashi|Sleep Talk|p2a: Wishiwashi
|move|p2a: Wishiwashi|Scald|p1a: Tsareena|[from]move: Sleep Talk
|-resisted|p1a: Tsareena
|-damage|p1a: Tsareena|0 fnt
|faint|p1a: Tsareena
|
|upkeep
|
|t:|1626921266
|switch|p1a: Drampa|Drampa, M|100/100
|turn|27
|
|t:|1626921276
|move|p1a: Drampa|Draco Meteor|p2a: Wishiwashi
|-damage|p2a: Wishiwashi|28/100 slp
|-unboost|p1a: Drampa|spa|2
|cant|p2a: Wishiwashi|slp
|move|p2a: Wishiwashi|Sleep Talk|p2a: Wishiwashi
|move|p2a: Wishiwashi|Rest||[from]move: Sleep Talk|[still]
|-fail|p2a: Wishiwashi
|
|upkeep
|turn|28
|
|t:|1626921285
|move|p1a: Drampa|Draco Meteor|p2a: Wishiwashi
|-damage|p2a: Wishiwashi|0 fnt
|-unboost|p1a: Drampa|spa|2
|faint|p2a: Wishiwashi
|
|upkeep
|
|t:|1626921287
|switch|p2a: Regirock|Regirock|100/100
|turn|29
|
|t:|1626921292
|move|p2a: Regirock|Body Press|p1a: Drampa
|-supereffective|p1a: Drampa
|-damage|p1a: Drampa|7/100
|move|p1a: Drampa|Draco Meteor|p2a: Regirock
|-damage|p2a: Regirock|67/100
|-unboost|p1a: Drampa|spa|2
|
|-heal|p2a: Regirock|73/100|[from] item: Leftovers
|upkeep
|turn|30
|
|t:|1626921301
|move|p2a: Regirock|Body Press|p1a: Drampa
|-supereffective|p1a: Drampa
|-damage|p1a: Drampa|0 fnt
|faint|p1a: Drampa
|
|-heal|p2a: Regirock|79/100|[from] item: Leftovers
|upkeep
|
|t:|1626921308
|switch|p1a: Gallade|Gallade, M|100/100
|turn|31
|
|t:|1626921312
|move|p1a: Gallade|Close Combat|p2a: Regirock
|-supereffective|p2a: Regirock
|-damage|p2a: Regirock|25/100
|-unboost|p1a: Gallade|def|1
|-unboost|p1a: Gallade|spd|1
|move|p2a: Regirock|Body Press|p1a: Gallade
|-resisted|p1a: Gallade
|-damage|p1a: Gallade|48/100
|
|-heal|p2a: Regirock|32/100|[from] item: Leftovers
|upkeep
|turn|32
|
|t:|1626921323
|move|p1a: Gallade|Close Combat|p2a: Regirock
|-supereffective|p2a: Regirock
|-damage|p2a: Regirock|0 fnt
|-unboost|p1a: Gallade|def|1
|-unboost|p1a: Gallade|spd|1
|faint|p2a: Regirock
|
|win|srwak
|raw|srwak's rating: 1249 &rarr; <strong>1289</strong><br />(+40 for winning)
|raw|pult61a spades's rating: 1498 &rarr; <strong>1466</strong><br />(-32 for losing)
|l|☆pult61a spades
