|j|☆tzotzil
|j|☆07l中国大妈
|player|p1|tzotzil|marlon|1324
|player|p2|07l中国大妈|169|1377
|teamsize|p1|6
|teamsize|p2|6
|gametype|singles
|gen|8
|tier|[Gen 8] PU
|rated|
|clearpoke
|poke|p1|Gothitelle, F|
|poke|p1|Lunatone|
|poke|p1|Shiinotic, M|
|poke|p1|Pincurchin, M|
|poke|p1|Falinks|
|poke|p1|Thievul, M|
|poke|p2|Gothitelle, F|
|poke|p2|Hitmontop, M|
|poke|p2|Mawile, F|
|poke|p2|Roselia, M|
|poke|p2|Dusknoir, M|
|poke|p2|Silvally-*|
|rule|Sleep Clause Mod: Limit one foe put to sleep
|rule|Species Clause: Limit one of each Pokémon
|rule|OHKO Clause: OHKO moves are banned
|rule|Evasion Moves Clause: Evasion moves are banned
|rule|Endless Battle Clause: Forcing endless battles is banned
|rule|HP Percentage Mod: HP is shown in percentages
|rule|Dynamax Clause: You cannot dynamax
|teampreview
|inactive|Battle timer is ON: inactive players will automatically lose when time's up. (requested by 07l中国大妈)
|inactive|tzotzil has 120 seconds left.
|
|start
|switch|p1a: Lunatone|Lunatone, shiny|100/100
|switch|p2a: Roselia|Roselia, M|100/100
|turn|1
|
|move|p2a: Roselia|Sleep Powder|p1a: Lunatone
|-status|p1a: Lunatone|slp|[from] move: Sleep Powder
|cant|p1a: Lunatone|slp
|
|upkeep
|turn|2
|
|move|p2a: Roselia|Toxic Spikes|p1a: Lunatone
|-sidestart|p1: tzotzil|move: Toxic Spikes
|cant|p1a: Lunatone|slp
|
|upkeep
|turn|3
|
|move|p2a: Roselia|Toxic Spikes|p1a: Lunatone
|-sidestart|p1: tzotzil|move: Toxic Spikes
|-curestatus|p1a: Lunatone|slp|[msg]
|move|p1a: Lunatone|Psyshock|p2a: Roselia
|-supereffective|p2a: Roselia
|-damage|p2a: Roselia|0 fnt
|faint|p2a: Roselia
|
|upkeep
|
|switch|p2a: Mawile|Mawile, F|100/100
|-ability|p2a: Mawile|Intimidate|boost
|-unboost|p1a: Lunatone|atk|1
|turn|4
|
|move|p1a: Lunatone|Earth Power|p2a: Mawile
|-supereffective|p2a: Mawile
|-damage|p2a: Mawile|4/100
|move|p2a: Mawile|Toxic|p1a: Lunatone
|-status|p1a: Lunatone|tox
|
|-heal|p2a: Mawile|11/100|[from] item: Leftovers
|-damage|p1a: Lunatone|94/100 tox|[from] psn
|upkeep
|turn|5
|
|switch|p2a: Gothitelle|Gothitelle, F|100/100
|move|p1a: Lunatone|Psyshock|p2a: Gothitelle
|-resisted|p2a: Gothitelle
|-damage|p2a: Gothitelle|80/100
|
|-damage|p1a: Lunatone|82/100 tox|[from] psn
|upkeep
|turn|6
|
|move|p2a: Gothitelle|Trick|p1a: Lunatone
|-activate|p2a: Gothitelle|move: Trick|[of] p1a: Lunatone
|-item|p1a: Lunatone|Choice Scarf|[from] move: Trick
|-item|p2a: Gothitelle|Focus Sash|[from] move: Trick
|move|p1a: Lunatone|Stealth Rock|p2a: Gothitelle
|-sidestart|p2: 07l中国大妈|move: Stealth Rock
|
|-damage|p1a: Lunatone|63/100 tox|[from] psn
|upkeep
|turn|7
|
|switch|p1a: Pincurchin|Pincurchin, M|100/100
|switch|p2a: Hitmontop|Hitmontop, M|100/100
|-damage|p2a: Hitmontop|94/100|[from] Stealth Rock
|
|-heal|p2a: Hitmontop|100/100|[from] item: Leftovers
|upkeep
|turn|8
|
|switch|p1a: Lunatone|Lunatone, shiny|63/100 tox
|move|p2a: Hitmontop|Fake Out|p1a: Lunatone
|-resisted|p1a: Lunatone
|-damage|p1a: Lunatone|49/100 tox
|
|-damage|p1a: Lunatone|43/100 tox|[from] psn
|upkeep
|turn|9
|
|move|p2a: Hitmontop|Mach Punch|p1a: Lunatone
|-damage|p1a: Lunatone|0 fnt
|faint|p1a: Lunatone
|
|upkeep
|
|switch|p1a: Falinks|Falinks|100/100
|-status|p1a: Falinks|tox
|turn|10
|
|move|p1a: Falinks|Bulk Up|p1a: Falinks
|-boost|p1a: Falinks|atk|1
|-boost|p1a: Falinks|def|1
|move|p2a: Hitmontop|Rapid Spin|p1a: Falinks
|-damage|p1a: Falinks|79/100 tox
|-boost|p2a: Hitmontop|spe|1
|-sideend|p2: 07l中国大妈|Stealth Rock|[from] move: Rapid Spin|[of] p2a: Hitmontop
|
|-heal|p1a: Falinks|85/100 tox|[from] item: Leftovers
|-damage|p1a: Falinks|79/100 tox|[from] psn
|upkeep
|turn|11
|
|switch|p2a: Dusknoir|Dusknoir, M|100/100
|-item|p1a: Falinks|Leftovers|[from] ability: Frisk|[of] p2a: Dusknoir|[identify]
|move|p1a: Falinks|Close Combat|p2a: Dusknoir
|-immune|p2a: Dusknoir
|
|-heal|p1a: Falinks|85/100 tox|[from] item: Leftovers
|-damage|p1a: Falinks|74/100 tox|[from] psn
|upkeep
|turn|12
|
|switch|p1a: Pincurchin|Pincurchin, M|100/100
|move|p2a: Dusknoir|Trick|p1a: Pincurchin
|-activate|p2a: Dusknoir|move: Trick|[of] p1a: Pincurchin
|-item|p1a: Pincurchin|Choice Scarf|[from] move: Trick
|-item|p2a: Dusknoir|Heavy-Duty Boots|[from] move: Trick
|
|upkeep
|turn|13
|
|switch|p2a: Hitmontop|Hitmontop, M|100/100
|move|p1a: Pincurchin|Toxic Spikes|p2a: Hitmontop
|-sidestart|p2: 07l中国大妈|move: Toxic Spikes
|
|upkeep
|turn|14
|
|switch|p1a: Shiinotic|Shiinotic, M|100/100
|-status|p1a: Shiinotic|tox
|move|p2a: Hitmontop|Rapid Spin|p1a: Shiinotic
|-damage|p1a: Shiinotic|71/100 tox
|-boost|p2a: Hitmontop|spe|1
|-sideend|p2: 07l中国大妈|Toxic Spikes|[from] move: Rapid Spin|[of] p2a: Hitmontop
|
|-heal|p1a: Shiinotic|77/100 tox|[from] item: Leftovers
|-damage|p1a: Shiinotic|71/100 tox|[from] psn
|upkeep
|turn|15
|c|☆tzotzil|everything in your team has trick?
|
|switch|p2a: Mawile|Mawile, F|11/100
|-ability|p2a: Mawile|Intimidate|boost
|-unboost|p1a: Shiinotic|atk|1
|move|p1a: Shiinotic|Leech Seed|p2a: Mawile
|-start|p2a: Mawile|move: Leech Seed
|
|-heal|p2a: Mawile|17/100|[from] item: Leftovers
|-heal|p1a: Shiinotic|77/100 tox|[from] item: Leftovers
|-damage|p2a: Mawile|4/100|[from] Leech Seed|[of] p1a: Shiinotic
|-heal|p1a: Shiinotic|89/100 tox|[silent]
|-damage|p1a: Shiinotic|76/100 tox|[from] psn
|upkeep
|turn|16
|c|☆tzotzil|LMAO
|
|switch|p1a: Pincurchin|Pincurchin, M|100/100
|-status|p1a: Pincurchin|tox
|move|p2a: Mawile|Stealth Rock|p1a: Pincurchin
|-sidestart|p1: tzotzil|move: Stealth Rock
|
|-heal|p2a: Mawile|11/100|[from] item: Leftovers
|-damage|p2a: Mawile|0 fnt|[from] Leech Seed|[of] p1a: Pincurchin
|faint|p2a: Mawile
|-damage|p1a: Pincurchin|94/100 tox|[from] psn
|upkeep
|
|switch|p2a: Hitmontop|Hitmontop, M|100/100
|turn|17
|
|switch|p1a: Shiinotic|Shiinotic, M|76/100 tox
|-damage|p1a: Shiinotic|64/100 tox|[from] Stealth Rock
|move|p2a: Hitmontop|Fake Out|p1a: Shiinotic
|-damage|p1a: Shiinotic|40/100 tox
|-status|p2a: Hitmontop|slp|[from] ability: Effect Spore|[of] p1a: Shiinotic
|
|-heal|p1a: Shiinotic|46/100 tox|[from] item: Leftovers
|-damage|p1a: Shiinotic|40/100 tox|[from] psn
|upkeep
|turn|18
|
|cant|p2a: Hitmontop|slp
|move|p1a: Shiinotic|Strength Sap|p2a: Hitmontop
|-unboost|p2a: Hitmontop|atk|1
|-heal|p1a: Shiinotic|100/100 tox
|
|-damage|p1a: Shiinotic|88/100 tox|[from] psn
|upkeep
|turn|19
|
|cant|p2a: Hitmontop|slp
|move|p1a: Shiinotic|Moonblast|p2a: Hitmontop
|-supereffective|p2a: Hitmontop
|-damage|p2a: Hitmontop|41/100 slp
|
|-heal|p2a: Hitmontop|48/100 slp|[from] item: Leftovers
|-heal|p1a: Shiinotic|94/100 tox|[from] item: Leftovers
|-damage|p1a: Shiinotic|76/100 tox|[from] psn
|upkeep
|turn|20
|
|switch|p2a: Gothitelle|Gothitelle, F|80/100
|move|p1a: Shiinotic|Moonblast|p2a: Gothitelle
|-damage|p2a: Gothitelle|61/100
|
|-heal|p1a: Shiinotic|82/100 tox|[from] item: Leftovers
|-damage|p1a: Shiinotic|57/100 tox|[from] psn
|upkeep
|turn|21
|
|move|p2a: Gothitelle|Psyshock|p1a: Shiinotic
|-damage|p1a: Shiinotic|21/100 tox
|move|p1a: Shiinotic|Leech Seed|p2a: Gothitelle
|-start|p2a: Gothitelle|move: Leech Seed
|
|-heal|p1a: Shiinotic|27/100 tox|[from] item: Leftovers
|-damage|p2a: Gothitelle|48/100|[from] Leech Seed|[of] p1a: Shiinotic
|-heal|p1a: Shiinotic|40/100 tox|[silent]
|-damage|p1a: Shiinotic|9/100 tox|[from] psn
|upkeep
|turn|22
|
|move|p2a: Gothitelle|Psyshock|p1a: Shiinotic
|-damage|p1a: Shiinotic|0 fnt
|faint|p1a: Shiinotic
|
|upkeep
|
|switch|p1a: Thievul|Thievul, M|100/100
|-status|p1a: Thievul|tox
|-damage|p1a: Thievul|88/100 tox|[from] Stealth Rock
|turn|23
|
|switch|p2a: Hitmontop|Hitmontop, M|48/100 slp
|move|p1a: Thievul|Nasty Plot|p1a: Thievul
|-boost|p1a: Thievul|spa|2
|
|-heal|p2a: Hitmontop|54/100 slp|[from] item: Leftovers
|-damage|p1a: Thievul|82/100 tox|[from] psn
|upkeep
|turn|24
|
|cant|p2a: Hitmontop|slp
|move|p1a: Thievul|Psychic|p2a: Hitmontop
|-supereffective|p2a: Hitmontop
|-damage|p2a: Hitmontop|0 fnt
|faint|p2a: Hitmontop
|
|-damage|p1a: Thievul|70/100 tox|[from] psn
|upkeep
|
|switch|p2a: Silvally|Silvally-Electric|100/100
|turn|25
|
|move|p1a: Thievul|Snarl|p2a: Silvally
|-damage|p2a: Silvally|53/100
|-unboost|p2a: Silvally|spa|1
|-enditem|p1a: Thievul|Throat Spray
|-boost|p1a: Thievul|spa|1|[from] item: Throat Spray
|move|p2a: Silvally|U-turn|p1a: Thievul
|-supereffective|p1a: Thievul
|-damage|p1a: Thievul|0 fnt
|faint|p1a: Thievul
|
|switch|p2a: Gothitelle|Gothitelle, F|48/100|[from]move: U-turn
|
|upkeep
|
|switch|p1a: Pincurchin|Pincurchin, M|94/100 tox
|-damage|p1a: Pincurchin|82/100 tox|[from] Stealth Rock
|turn|26
|
|switch|p2a: Silvally|Silvally-Electric|53/100
|move|p1a: Pincurchin|Spikes|p2a: Silvally
|-sidestart|p2: 07l中国大妈|Spikes
|
|-damage|p1a: Pincurchin|76/100 tox|[from] psn
|upkeep
|turn|27
|
|switch|p1a: Falinks|Falinks|74/100 tox
|-damage|p1a: Falinks|68/100 tox|[from] Stealth Rock
|move|p2a: Silvally|Swords Dance|p2a: Silvally
|-boost|p2a: Silvally|atk|2
|
|-heal|p1a: Falinks|74/100 tox|[from] item: Leftovers
|-damage|p1a: Falinks|68/100 tox|[from] psn
|upkeep
|turn|28
|
|move|p1a: Falinks|Close Combat|p2a: Silvally
|-damage|p2a: Silvally|3/100
|-unboost|p1a: Falinks|def|1
|-unboost|p1a: Falinks|spd|1
|move|p2a: Silvally|Multi-Attack|p1a: Falinks
|-damage|p1a: Falinks|0 fnt
|faint|p1a: Falinks
|
|upkeep
|
|switch|p1a: Pincurchin|Pincurchin, M|76/100 tox
|-damage|p1a: Pincurchin|64/100 tox|[from] Stealth Rock
|turn|29
|
|move|p2a: Silvally|Multi-Attack|p1a: Pincurchin
|-ability|p1a: Pincurchin|Lightning Rod|boost
|-boost|p1a: Pincurchin|spa|1
|move|p1a: Pincurchin|Discharge|p2a: Silvally
|-resisted|p2a: Silvally
|-damage|p2a: Silvally|0 fnt
|faint|p2a: Silvally
|
|-damage|p1a: Pincurchin|58/100 tox|[from] psn
|upkeep
|
|switch|p2a: Gothitelle|Gothitelle, F|48/100
|-damage|p2a: Gothitelle|36/100|[from] Spikes
|turn|30
|
|move|p2a: Gothitelle|Psyshock|p1a: Pincurchin
|-damage|p1a: Pincurchin|35/100 tox
|move|p1a: Pincurchin|Discharge|p2a: Gothitelle
|-damage|p2a: Gothitelle|11/100
|-status|p2a: Gothitelle|par
|
|-damage|p1a: Pincurchin|23/100 tox|[from] psn
|upkeep
|turn|31
|
|move|p1a: Pincurchin|Discharge|p2a: Gothitelle
|-damage|p2a: Gothitelle|0 fnt
|faint|p2a: Gothitelle
|
|-damage|p1a: Pincurchin|5/100 tox|[from] psn
|upkeep
|
|switch|p2a: Dusknoir|Dusknoir, M|100/100
|-item|p1a: Pincurchin|Choice Scarf|[from] ability: Frisk|[of] p2a: Dusknoir|[identify]
|turn|32
|
|move|p2a: Dusknoir|Shadow Sneak|p1a: Pincurchin
|-damage|p1a: Pincurchin|0 fnt
|faint|p1a: Pincurchin
|
|upkeep
|
|switch|p1a: Gothitelle|Gothitelle, F|100/100
|-status|p1a: Gothitelle|tox
|-damage|p1a: Gothitelle|88/100 tox|[from] Stealth Rock
|turn|33
|
|move|p2a: Dusknoir|Shadow Sneak|p1a: Gothitelle
|-supereffective|p1a: Gothitelle
|-damage|p1a: Gothitelle|66/100 tox
|move|p1a: Gothitelle|Cosmic Power|p1a: Gothitelle
|-boost|p1a: Gothitelle|def|1
|-boost|p1a: Gothitelle|spd|1
|
|-heal|p1a: Gothitelle|73/100 tox|[from] item: Leftovers
|-damage|p1a: Gothitelle|66/100 tox|[from] psn
|upkeep
|turn|34
|
|move|p2a: Dusknoir|Shadow Sneak|p1a: Gothitelle
|-supereffective|p1a: Gothitelle
|-damage|p1a: Gothitelle|53/100 tox
|move|p1a: Gothitelle|Rest|p1a: Gothitelle
|-status|p1a: Gothitelle|slp|[from] move: Rest
|-heal|p1a: Gothitelle|100/100 slp|[silent]
|
|upkeep
|turn|35
|-message|07l中国大妈 forfeited.
|
|win|tzotzil
|l|☆07l中国大妈
|raw|tzotzil's rating: 1324 &rarr; <strong>1347</strong><br />(+23 for winning)
|raw|07l中国大妈's rating: 1377 &rarr; <strong>1354</strong><br />(-23 for losing)
