|j|☆GulagChampYo
|j|☆WellnessA
|t:|1609149890
|player|p1|GulagChampYo|102|1553
|player|p2|WellnessA|lenora|1371
|teamsize|p1|6
|teamsize|p2|6
|gametype|singles
|gen|8
|tier|[Gen 8] PU
|rated|
|clearpoke
|poke|p1|Vileplume, M|
|poke|p1|Sandslash, F|
|poke|p1|Cryogonal|
|poke|p1|Gigalith, F|
|poke|p1|Magneton|
|poke|p1|Poliwrath, F|
|poke|p2|Silvally-*|
|poke|p2|Raboot, M|
|poke|p2|Pikachu, F|
|poke|p2|Ferroseed, F|
|poke|p2|Braviary, M|
|poke|p2|Spiritomb, F|
|rule|Sleep Clause Mod: Limit one foe put to sleep
|rule|Species Clause: Limit one of each Pokémon
|rule|OHKO Clause: OHKO moves are banned
|rule|Evasion Moves Clause: Evasion moves are banned
|rule|Endless Battle Clause: Forcing endless battles is banned
|rule|HP Percentage Mod: HP is shown in percentages
|rule|Dynamax Clause: You cannot dynamax
|teampreview
|inactive|Battle timer is ON: inactive players will automatically lose when time's up. (requested by GulagChampYo)
|
|t:|1609149917
|start
|switch|p1a: Gigalith|Gigalith, F|100/100
|switch|p2a: Silvally|Silvally|100/100
|-weather|Sandstorm|[from] ability: Sand Stream|[of] p1a: Gigalith
|turn|1
|
|t:|1609149925
|move|p2a: Silvally|Grass Pledge|p1a: Gigalith
|-supereffective|p1a: Gigalith
|-crit|p1a: Gigalith
|-damage|p1a: Gigalith|58/100
|-damage|p2a: Silvally|91/100|[from] item: Life Orb
|move|p1a: Gigalith|Stealth Rock|p2a: Silvally
|-sidestart|p2: WellnessA|move: Stealth Rock
|
|-weather|Sandstorm|[upkeep]
|-damage|p2a: Silvally|84/100|[from] Sandstorm
|-heal|p1a: Gigalith|64/100|[from] item: Leftovers
|upkeep
|turn|2
|
|t:|1609149937
|switch|p2a: Ferroseed|Ferroseed, F|100/100
|-damage|p2a: Ferroseed|94/100|[from] Stealth Rock
|move|p1a: Gigalith|Protect||[still]
|-fail|p1a: Gigalith
|
|-weather|Sandstorm|[upkeep]
|-heal|p1a: Gigalith|70/100|[from] item: Leftovers
|upkeep
|turn|3
|
|t:|1609149944
|switch|p1a: Sandslash|Sandslash, F|100/100
|move|p2a: Ferroseed|Stealth Rock|p1a: Sandslash
|-sidestart|p1: GulagChampYo|move: Stealth Rock
|
|-weather|Sandstorm|[upkeep]
|upkeep
|turn|4
|
|t:|1609149954
|switch|p2a: Spiritomb|Spiritomb, F|100/100
|-damage|p2a: Spiritomb|88/100|[from] Stealth Rock
|move|p1a: Sandslash|Knock Off|p2a: Spiritomb
|-crit|p2a: Spiritomb
|-damage|p2a: Spiritomb|48/100
|-enditem|p2a: Spiritomb|Leftovers|[from] move: Knock Off|[of] p1a: Sandslash
|
|-weather|Sandstorm|[upkeep]
|-damage|p2a: Spiritomb|42/100|[from] Sandstorm
|upkeep
|turn|5
|
|t:|1609149970
|move|p1a: Sandslash|Earthquake|p2a: Spiritomb
|-crit|p2a: Spiritomb
|-damage|p2a: Spiritomb|0 fnt
|faint|p2a: Spiritomb
|
|-weather|none
|upkeep
|
|t:|1609149975
|switch|p2a: Silvally|Silvally|84/100
|-damage|p2a: Silvally|72/100|[from] Stealth Rock
|turn|6
|
|t:|1609149980
|switch|p1a: Cryogonal|Cryogonal|100/100
|move|p2a: Silvally|Grass Pledge|p1a: Cryogonal
|-damage|p1a: Cryogonal|80/100
|-damage|p2a: Silvally|62/100|[from] item: Life Orb
|
|upkeep
|turn|7
|
|t:|1609149986
|move|p1a: Cryogonal|Rapid Spin|p2a: Silvally
|-damage|p2a: Silvally|56/100
|-boost|p1a: Cryogonal|spe|1
|-sideend|p1: GulagChampYo|Stealth Rock|[from] move: Rapid Spin|[of] p1a: Cryogonal
|move|p2a: Silvally|Flamethrower|p1a: Cryogonal
|-supereffective|p1a: Cryogonal
|-damage|p1a: Cryogonal|29/100
|-damage|p2a: Silvally|46/100|[from] item: Life Orb
|
|upkeep
|turn|8
|
|t:|1609149999
|switch|p1a: Gigalith|Gigalith, F|70/100
|-weather|Sandstorm|[from] ability: Sand Stream|[of] p1a: Gigalith
|move|p2a: Silvally|Flamethrower|p1a: Gigalith
|-resisted|p1a: Gigalith
|-damage|p1a: Gigalith|62/100
|-damage|p2a: Silvally|36/100|[from] item: Life Orb
|
|-weather|Sandstorm|[upkeep]
|-damage|p2a: Silvally|30/100|[from] Sandstorm
|-heal|p1a: Gigalith|68/100|[from] item: Leftovers
|upkeep
|turn|9
|
|t:|1609150005
|switch|p2a: Ferroseed|Ferroseed, F|94/100
|-damage|p2a: Ferroseed|88/100|[from] Stealth Rock
|move|p1a: Gigalith|Protect||[still]
|-fail|p1a: Gigalith
|
|-weather|Sandstorm|[upkeep]
|-heal|p1a: Gigalith|75/100|[from] item: Leftovers
|upkeep
|turn|10
|
|t:|1609150009
|switch|p1a: Sandslash|Sandslash, F|100/100
|move|p2a: Ferroseed|Spikes|p1a: Sandslash
|-sidestart|p1: GulagChampYo|Spikes
|
|-weather|Sandstorm|[upkeep]
|upkeep
|turn|11
|
|t:|1609150025
|move|p1a: Sandslash|Swords Dance|p1a: Sandslash
|-boost|p1a: Sandslash|atk|2
|move|p2a: Ferroseed|Leech Seed|p1a: Sandslash
|-start|p1a: Sandslash|move: Leech Seed
|
|-weather|Sandstorm|[upkeep]
|-damage|p1a: Sandslash|88/100|[from] Leech Seed|[of] p2a: Ferroseed
|-heal|p2a: Ferroseed|100/100|[silent]
|upkeep
|turn|12
|
|t:|1609150036
|move|p1a: Sandslash|Knock Off|p2a: Ferroseed
|-damage|p2a: Ferroseed|60/100
|-damage|p1a: Sandslash|76/100|[from] ability: Iron Barbs|[of] p2a: Ferroseed
|-enditem|p2a: Ferroseed|Eviolite|[from] move: Knock Off|[of] p1a: Sandslash
|move|p2a: Ferroseed|Gyro Ball|p1a: Sandslash
|-damage|p1a: Sandslash|40/100
|
|-weather|none
|-damage|p1a: Sandslash|28/100|[from] Leech Seed|[of] p2a: Ferroseed
|-heal|p2a: Ferroseed|73/100|[silent]
|upkeep
|turn|13
|
|t:|1609150057
|switch|p1a: Magneton|Magneton|100/100
|-damage|p1a: Magneton|88/100|[from] Spikes
|switch|p2a: Braviary|Braviary, M|100/100
|-damage|p2a: Braviary|76/100|[from] Stealth Rock
|
|upkeep
|turn|14
|
|t:|1609150065
|move|p2a: Braviary|Close Combat|p1a: Magneton
|-supereffective|p1a: Magneton
|-damage|p1a: Magneton|19/100
|-unboost|p2a: Braviary|def|1
|-unboost|p2a: Braviary|spd|1
|move|p1a: Magneton|Discharge|p2a: Braviary
|-supereffective|p2a: Braviary
|-damage|p2a: Braviary|0 fnt
|faint|p2a: Braviary
|
|upkeep
|
|t:|1609150081
|switch|p2a: Pikachu|Pikachu, F|100/100
|-damage|p2a: Pikachu|88/100|[from] Stealth Rock
|turn|15
|
|t:|1609150084
|switch|p1a: Vileplume|Vileplume, M|100/100
|-damage|p1a: Vileplume|88/100|[from] Spikes
|move|p2a: Pikachu|Knock Off|p1a: Vileplume
|-damage|p1a: Vileplume|59/100
|-damage|p2a: Pikachu|72/100|[from] item: Rocky Helmet|[of] p1a: Vileplume
|-enditem|p1a: Vileplume|Rocky Helmet|[from] move: Knock Off|[of] p2a: Pikachu
|
|upkeep
|turn|16
|
|t:|1609150094
|switch|p2a: Ferroseed|Ferroseed, F|73/100
|-damage|p2a: Ferroseed|67/100|[from] Stealth Rock
|move|p1a: Vileplume|Strength Sap|p2a: Ferroseed
|-unboost|p2a: Ferroseed|atk|1
|-heal|p1a: Vileplume|98/100
|
|upkeep
|turn|17
|
|t:|1609150105
|switch|p1a: Poliwrath|Poliwrath, F|100/100
|-damage|p1a: Poliwrath|88/100|[from] Spikes
|move|p2a: Ferroseed|Gyro Ball|p1a: Poliwrath
|-resisted|p1a: Poliwrath
|-damage|p1a: Poliwrath|81/100
|
|-heal|p1a: Poliwrath|88/100|[from] item: Leftovers
|upkeep
|turn|18
|
|t:|1609150110
|switch|p2a: Silvally|Silvally|30/100
|-damage|p2a: Silvally|18/100|[from] Stealth Rock
|move|p1a: Poliwrath|Circle Throw|p2a: Silvally
|-supereffective|p2a: Silvally
|-damage|p2a: Silvally|0 fnt
|faint|p2a: Silvally
|
|-heal|p1a: Poliwrath|94/100|[from] item: Leftovers
|upkeep
|
|t:|1609150116
|switch|p2a: Pikachu|Pikachu, F|72/100
|-damage|p2a: Pikachu|59/100|[from] Stealth Rock
|turn|19
|
|t:|1609150122
|switch|p1a: Vileplume|Vileplume, M|98/100
|-damage|p1a: Vileplume|86/100|[from] Spikes
|move|p2a: Pikachu|Volt Tackle|p1a: Vileplume
|-resisted|p1a: Vileplume
|-damage|p1a: Vileplume|56/100
|-damage|p2a: Pikachu|43/100|[from] Recoil
|
|upkeep
|turn|20
|
|t:|1609150132
|switch|p2a: Ferroseed|Ferroseed, F|67/100
|-damage|p2a: Ferroseed|60/100|[from] Stealth Rock
|move|p1a: Vileplume|Strength Sap|p2a: Ferroseed
|-unboost|p2a: Ferroseed|atk|1
|-heal|p1a: Vileplume|95/100
|
|upkeep
|turn|21
|
|t:|1609150140
|switch|p1a: Poliwrath|Poliwrath, F|94/100
|-damage|p1a: Poliwrath|81/100|[from] Spikes
|move|p2a: Ferroseed|Stealth Rock|p1a: Poliwrath
|-sidestart|p1: GulagChampYo|move: Stealth Rock
|
|-heal|p1a: Poliwrath|88/100|[from] item: Leftovers
|upkeep
|turn|22
|
|t:|1609150145
|move|p2a: Ferroseed|Leech Seed|p1a: Poliwrath
|-start|p1a: Poliwrath|move: Leech Seed
|move|p1a: Poliwrath|Circle Throw|p2a: Ferroseed
|-supereffective|p2a: Ferroseed
|-crit|p2a: Ferroseed
|-damage|p2a: Ferroseed|8/100
|-damage|p1a: Poliwrath|75/100|[from] ability: Iron Barbs|[of] p2a: Ferroseed
|drag|p2a: Pikachu|Pikachu, F|43/100
|-damage|p2a: Pikachu|31/100|[from] Stealth Rock
|
|-heal|p1a: Poliwrath|81/100|[from] item: Leftovers
|-damage|p1a: Poliwrath|69/100|[from] Leech Seed|[of] p2a: Pikachu
|-heal|p2a: Pikachu|54/100|[silent]
|upkeep
|turn|23
|
|t:|1609150162
|switch|p2a: Raboot|Raboot, M|100/100
|switch|p1a: Vileplume|Vileplume, M|95/100
|-damage|p1a: Vileplume|83/100|[from] Spikes
|-damage|p1a: Vileplume|70/100|[from] Stealth Rock
|
|upkeep
|turn|24
|
|t:|1609150174
|switch|p1a: Magneton|Magneton|19/100
|-damage|p1a: Magneton|13/100|[from] Stealth Rock
|-damage|p1a: Magneton|1/100|[from] Spikes
|move|p2a: Raboot|Blaze Kick|p1a: Magneton
|-supereffective|p1a: Magneton
|-damage|p1a: Magneton|0 fnt
|faint|p1a: Magneton
|
|upkeep
|
|t:|1609150182
|switch|p1a: Poliwrath|Poliwrath, F|69/100
|-damage|p1a: Poliwrath|56/100|[from] Spikes
|-damage|p1a: Poliwrath|50/100|[from] Stealth Rock
|turn|25
|
|t:|1609150188
|move|p2a: Raboot|U-turn|p1a: Poliwrath
|-start|p2a: Raboot|typechange|Bug|[from] ability: Libero
|-resisted|p1a: Poliwrath
|-damage|p1a: Poliwrath|41/100
|
|t:|1609150193
|switch|p2a: Ferroseed|Ferroseed, F|8/100|[from]move: U-turn
|-damage|p2a: Ferroseed|2/100|[from] Stealth Rock
|move|p1a: Poliwrath|Circle Throw|p2a: Ferroseed
|-supereffective|p2a: Ferroseed
|-damage|p2a: Ferroseed|0 fnt
|-damage|p1a: Poliwrath|28/100|[from] ability: Iron Barbs|[of] p2a: Ferroseed
|faint|p2a: Ferroseed
|
|-heal|p1a: Poliwrath|34/100|[from] item: Leftovers
|upkeep
|
|t:|1609150201
|switch|p2a: Raboot|Raboot, M|100/100
|turn|26
|
|t:|1609150206
|move|p2a: Raboot|High Jump Kick|p1a: Poliwrath
|-start|p2a: Raboot|typechange|Fighting|[from] ability: Libero
|-damage|p1a: Poliwrath|0 fnt
|faint|p1a: Poliwrath
|
|upkeep
|
|t:|1609150211
|switch|p1a: Gigalith|Gigalith, F|75/100
|-damage|p1a: Gigalith|62/100|[from] Spikes
|-damage|p1a: Gigalith|50/100|[from] Stealth Rock
|-weather|Sandstorm|[from] ability: Sand Stream|[of] p1a: Gigalith
|turn|27
|
|t:|1609150217
|move|p1a: Gigalith|Protect|p1a: Gigalith
|-singleturn|p1a: Gigalith|Protect
|move|p2a: Raboot|U-turn|p1a: Gigalith
|-start|p2a: Raboot|typechange|Bug|[from] ability: Libero
|-activate|p1a: Gigalith|move: Protect
|
|-weather|Sandstorm|[upkeep]
|-damage|p2a: Raboot|95/100|[from] Sandstorm
|-heal|p1a: Gigalith|56/100|[from] item: Leftovers
|upkeep
|turn|28
|
|t:|1609150226
|move|p2a: Raboot|High Jump Kick|p1a: Gigalith
|-start|p2a: Raboot|typechange|Fighting|[from] ability: Libero
|-supereffective|p1a: Gigalith
|-damage|p1a: Gigalith|0 fnt
|faint|p1a: Gigalith
|
|-weather|Sandstorm|[upkeep]
|-damage|p2a: Raboot|89/100|[from] Sandstorm
|upkeep
|
|t:|1609150239
|switch|p1a: Cryogonal|Cryogonal|29/100
|turn|29
|
|t:|1609150247
|move|p2a: Raboot|Sucker Punch|p1a: Cryogonal
|-start|p2a: Raboot|typechange|Dark|[from] ability: Libero
|-damage|p1a: Cryogonal|0 fnt
|faint|p1a: Cryogonal
|
|-weather|Sandstorm|[upkeep]
|-damage|p2a: Raboot|83/100|[from] Sandstorm
|upkeep
|
|t:|1609150249
|switch|p1a: Vileplume|Vileplume, M|70/100
|-damage|p1a: Vileplume|58/100|[from] Stealth Rock
|-damage|p1a: Vileplume|45/100|[from] Spikes
|turn|30
|
|t:|1609150252
|move|p2a: Raboot|Blaze Kick|p1a: Vileplume
|-start|p2a: Raboot|typechange|Fire|[from] ability: Libero
|-supereffective|p1a: Vileplume
|-crit|p1a: Vileplume
|-damage|p1a: Vileplume|0 fnt
|faint|p1a: Vileplume
|
|-weather|Sandstorm|[upkeep]
|-damage|p2a: Raboot|77/100|[from] Sandstorm
|upkeep
|
|t:|1609150256
|switch|p1a: Sandslash|Sandslash, F|28/100
|turn|31
|
|t:|1609150262
|move|p2a: Raboot|Sucker Punch|p1a: Sandslash
|-start|p2a: Raboot|typechange|Dark|[from] ability: Libero
|-damage|p1a: Sandslash|0 fnt
|faint|p1a: Sandslash
|
|win|WellnessA
|l|☆GulagChampYo
|raw|GulagChampYo's rating: 1553 &rarr; <strong>1523</strong><br />(-30 for losing)
|raw|WellnessA's rating: 1371 &rarr; <strong>1401</strong><br />(+30 for winning)
