|j|☆gassy neigh
|j|☆pult4c1 S1n
|t:|1660866113
|gametype|singles
|player|p1|gassy neigh|clown|1612
|player|p2|pult4c1 S1n|#ho3nconfirm3d|1543
|teamsize|p1|6
|teamsize|p2|6
|gen|8
|tier|[Gen 8] PU
|rated|
|rule|Sleep Clause Mod: Limit one foe put to sleep
|rule|Species Clause: Limit one of each Pokémon
|rule|OHKO Clause: OHKO moves are banned
|rule|Evasion Items Clause: Evasion items are banned
|rule|Evasion Moves Clause: Evasion moves are banned
|rule|Endless Battle Clause: Forcing endless battles is banned
|rule|HP Percentage Mod: HP is shown in percentages
|rule|Dynamax Clause: You cannot dynamax
|clearpoke
|poke|p1|Gigalith, F|
|poke|p1|Gourgeist-*, M|
|poke|p1|Cryogonal|
|poke|p1|Comfey, M|
|poke|p1|Persian-Alola, F|
|poke|p1|Magneton|
|poke|p2|Doublade, F|
|poke|p2|Silvally-*|
|poke|p2|Noctowl, M|
|poke|p2|Gigalith, F|
|poke|p2|Sandslash, F|
|poke|p2|Sneasel, F|
|teampreview
|j| Haffling
|
|t:|1660866149
|start
|switch|p1a: Persian|Persian-Alola, F|100/100
|switch|p2a: Gigalith|Gigalith, F|100/100
|-weather|Sandstorm|[from] ability: Sand Stream|[of] p2a: Gigalith
|turn|1
|
|t:|1660866162
|move|p1a: Persian|Substitute|p1a: Persian
|-start|p1a: Persian|Substitute
|-damage|p1a: Persian|76/100
|move|p2a: Gigalith|Stealth Rock|p1a: Persian
|-sidestart|p1: gassy neigh|move: Stealth Rock
|
|-weather|Sandstorm|[upkeep]
|-damage|p1a: Persian|70/100|[from] Sandstorm
|-heal|p1a: Persian|76/100|[from] item: Leftovers
|upkeep
|turn|2
|
|t:|1660866167
|move|p1a: Persian|Hypnosis|p2a: Gigalith|[miss]
|-miss|p1a: Persian|p2a: Gigalith
|move|p2a: Gigalith|Rock Blast|p1a: Persian
|-activate|p1a: Persian|move: Substitute|[damage]
|-end|p1a: Persian|Substitute
|-hitcount|p1a: Persian|2
|
|-weather|Sandstorm|[upkeep]
|-damage|p1a: Persian|70/100|[from] Sandstorm
|-heal|p1a: Persian|76/100|[from] item: Leftovers
|upkeep
|turn|3
|
|t:|1660866173
|move|p1a: Persian|Hypnosis|p2a: Gigalith|[miss]
|-miss|p1a: Persian|p2a: Gigalith
|move|p2a: Gigalith|Rock Blast|p1a: Persian
|-damage|p1a: Persian|62/100
|-damage|p1a: Persian|50/100
|-damage|p1a: Persian|37/100
|-damage|p1a: Persian|25/100
|-hitcount|p1a: Persian|4
|
|-weather|Sandstorm|[upkeep]
|-damage|p1a: Persian|19/100|[from] Sandstorm
|-heal|p1a: Persian|25/100|[from] item: Leftovers
|upkeep
|turn|4
|
|t:|1660866180
|move|p1a: Persian|Hypnosis|p2a: Gigalith|[miss]
|-miss|p1a: Persian|p2a: Gigalith
|move|p2a: Gigalith|Earthquake|p1a: Persian
|-damage|p1a: Persian|0 fnt
|faint|p1a: Persian
|
|-weather|Sandstorm|[upkeep]
|upkeep
|j| PULT4C1 Inder
|
|t:|1660866196
|switch|p1a: Gourgeist|Gourgeist-Super, M|100/100
|-damage|p1a: Gourgeist|88/100|[from] Stealth Rock
|-item|p2a: Gigalith|Smooth Rock|[from] ability: Frisk|[of] p1a: Gourgeist|[identify]
|turn|5
|
|t:|1660866246
|switch|p2a: Noctowl|Noctowl, M|100/100
|move|p1a: Gourgeist|Power Whip|p2a: Noctowl
|-resisted|p2a: Noctowl
|-damage|p2a: Noctowl|52/100
|
|-weather|Sandstorm|[upkeep]
|-damage|p2a: Noctowl|46/100|[from] Sandstorm
|-damage|p1a: Gourgeist|82/100|[from] Sandstorm
|upkeep
|turn|6
|
|t:|1660866252
|switch|p2a: Silvally|Silvally-Ghost|100/100
|switch|p1a: Cryogonal|Cryogonal|100/100
|
|-weather|Sandstorm|[upkeep]
|-damage|p1a: Cryogonal|95/100|[from] Sandstorm
|-damage|p2a: Silvally|94/100|[from] Sandstorm
|upkeep
|turn|7
|
|t:|1660866258
|move|p1a: Cryogonal|Frost Breath|p2a: Silvally
|-crit|p2a: Silvally
|-damage|p2a: Silvally|62/100
|move|p2a: Silvally|Flame Charge|p1a: Cryogonal
|-supereffective|p1a: Cryogonal
|-damage|p1a: Cryogonal|50/100
|-boost|p2a: Silvally|spe|1
|
|-weather|Sandstorm|[upkeep]
|-damage|p2a: Silvally|56/100|[from] Sandstorm
|-damage|p1a: Cryogonal|44/100|[from] Sandstorm
|upkeep
|turn|8
|
|t:|1660866274
|switch|p1a: Gigalith|Gigalith, F|100/100
|-damage|p1a: Gigalith|88/100|[from] Stealth Rock
|move|p2a: Silvally|Multi-Attack|p1a: Gigalith
|-damage|p1a: Gigalith|49/100
|
|-weather|none
|-heal|p1a: Gigalith|56/100|[from] item: Leftovers
|upkeep
|turn|9
|
|t:|1660866282
|move|p2a: Silvally|Multi-Attack|p1a: Gigalith
|-damage|p1a: Gigalith|18/100
|move|p1a: Gigalith|Rock Blast|p2a: Silvally
|-damage|p2a: Silvally|44/100
|-damage|p2a: Silvally|31/100
|-hitcount|p2a: Silvally|2
|
|-heal|p1a: Gigalith|24/100|[from] item: Leftovers
|upkeep
|turn|10
|
|t:|1660866305
|move|p2a: Silvally|Multi-Attack|p1a: Gigalith
|-damage|p1a: Gigalith|0 fnt
|faint|p1a: Gigalith
|
|upkeep
|
|t:|1660866307
|switch|p1a: Gourgeist|Gourgeist-Super, M|82/100
|-damage|p1a: Gourgeist|70/100|[from] Stealth Rock
|-item|p2a: Silvally|Ghost Memory|[from] ability: Frisk|[of] p1a: Gourgeist|[identify]
|turn|11
|j| PULT4C1 mrsoup
|
|t:|1660866311
|move|p1a: Gourgeist|Shadow Sneak|p2a: Silvally
|-supereffective|p2a: Silvally
|-damage|p2a: Silvally|0 fnt
|faint|p2a: Silvally
|
|upkeep
|
|t:|1660866318
|switch|p2a: Sneasel|Sneasel, F|100/100
|turn|12
|
|t:|1660866322
|switch|p1a: Magneton|Magneton|100/100
|-damage|p1a: Magneton|94/100|[from] Stealth Rock
|move|p2a: Sneasel|Swords Dance|p2a: Sneasel
|-boost|p2a: Sneasel|atk|2
|
|upkeep
|turn|13
|
|t:|1660866325
|move|p2a: Sneasel|Knock Off|p1a: Magneton
|-damage|p1a: Magneton|21/100
|-enditem|p1a: Magneton|Eviolite|[from] move: Knock Off|[of] p2a: Sneasel
|move|p1a: Magneton|Flash Cannon|p2a: Sneasel
|-supereffective|p2a: Sneasel
|-damage|p2a: Sneasel|0 fnt
|faint|p2a: Sneasel
|
|upkeep
|
|t:|1660866330
|switch|p2a: Gigalith|Gigalith, F|100/100
|-weather|Sandstorm|[from] ability: Sand Stream|[of] p2a: Gigalith
|turn|14
|
|t:|1660866336
|move|p1a: Magneton|Volt Switch|p2a: Gigalith
|-damage|p2a: Gigalith|78/100
|
|t:|1660866341
|switch|p1a: Gourgeist|Gourgeist-Super, M|70/100|[from]move: Volt Switch
|-damage|p1a: Gourgeist|57/100|[from] Stealth Rock
|-item|p2a: Gigalith|Smooth Rock|[from] ability: Frisk|[of] p1a: Gourgeist|[identify]
|move|p2a: Gigalith|Explosion|p1a: Gourgeist
|-immune|p1a: Gourgeist
|faint|p2a: Gigalith
|
|-weather|Sandstorm|[upkeep]
|-damage|p1a: Gourgeist|51/100|[from] Sandstorm
|upkeep
|
|t:|1660866345
|switch|p2a: Noctowl|Noctowl, M|46/100
|turn|15
|
|t:|1660866361
|switch|p1a: Comfey|Comfey, M|100/100
|-damage|p1a: Comfey|88/100|[from] Stealth Rock
|move|p2a: Noctowl|Hurricane|p1a: Comfey
|-damage|p1a: Comfey|33/100
|
|-weather|Sandstorm|[upkeep]
|-damage|p2a: Noctowl|40/100|[from] Sandstorm
|-damage|p1a: Comfey|26/100|[from] Sandstorm
|upkeep
|turn|16
|
|t:|1660866367
|move|p1a: Comfey|Draining Kiss|p2a: Noctowl
|-crit|p2a: Noctowl
|-damage|p2a: Noctowl|0 fnt
|-heal|p1a: Comfey|63/100|[from] drain|[of] p2a: Noctowl
|faint|p2a: Noctowl
|
|-weather|Sandstorm|[upkeep]
|-damage|p1a: Comfey|56/100|[from] Sandstorm
|upkeep
|l| PULT4C1 Inder
|j| PULT4C1 Inder
|
|t:|1660866414
|switch|p2a: Doublade|Doublade, F|100/100
|turn|17
|
|t:|1660866418
|move|p1a: Comfey|Draining Kiss|p2a: Doublade
|-resisted|p2a: Doublade
|-damage|p2a: Doublade|79/100
|-heal|p1a: Comfey|74/100|[from] drain|[of] p2a: Doublade
|move|p2a: Doublade|Swords Dance|p2a: Doublade
|-boost|p2a: Doublade|atk|2
|
|-weather|Sandstorm|[upkeep]
|-damage|p1a: Comfey|68/100|[from] Sandstorm
|upkeep
|turn|18
|
|t:|1660866422
|move|p1a: Comfey|Draining Kiss|p2a: Doublade
|-resisted|p2a: Doublade
|-damage|p2a: Doublade|57/100
|-heal|p1a: Comfey|85/100|[from] drain|[of] p2a: Doublade
|move|p2a: Doublade|Shadow Claw|p1a: Comfey
|-damage|p1a: Comfey|0 fnt
|faint|p1a: Comfey
|
|-weather|Sandstorm|[upkeep]
|upkeep
|
|t:|1660866429
|switch|p1a: Gourgeist|Gourgeist-Super, M|51/100
|-damage|p1a: Gourgeist|39/100|[from] Stealth Rock
|-item|p2a: Doublade|Eviolite|[from] ability: Frisk|[of] p1a: Gourgeist|[identify]
|turn|19
|
|t:|1660866434
|move|p1a: Gourgeist|Shadow Sneak|p2a: Doublade
|-supereffective|p2a: Doublade
|-damage|p2a: Doublade|38/100
|move|p2a: Doublade|Shadow Sneak|p1a: Gourgeist
|-supereffective|p1a: Gourgeist
|-damage|p1a: Gourgeist|0 fnt
|faint|p1a: Gourgeist
|
|-weather|Sandstorm|[upkeep]
|upkeep
|
|t:|1660866437
|switch|p1a: Magneton|Magneton|21/100
|-damage|p1a: Magneton|15/100|[from] Stealth Rock
|turn|20
|
|t:|1660866443
|move|p2a: Doublade|Shadow Sneak|p1a: Magneton
|-damage|p1a: Magneton|0 fnt
|faint|p1a: Magneton
|
|-weather|Sandstorm|[upkeep]
|upkeep
|
|t:|1660866445
|switch|p1a: Cryogonal|Cryogonal|44/100
|turn|21
|
|t:|1660866447
|move|p2a: Doublade|Shadow Sneak|p1a: Cryogonal
|-damage|p1a: Cryogonal|0 fnt
|faint|p1a: Cryogonal
|
|win|pult4c1 S1n
|raw|gassy neigh's rating: 1612 &rarr; <strong>1588</strong><br />(-24 for losing)
|raw|pult4c1 S1n's rating: 1543 &rarr; <strong>1567</strong><br />(+24 for winning)
|c|☆gassy neigh|gg
|l|☆gassy neigh
|l| Haffling
|l| PULT4C1 Inder
||Ladder isn't responding, score probably updated but might not have (Request timeout).
|l| PULT4C1 mrsoup
|l|☆pult4c1 S1n
