|j|☆CancerBit
|j|☆Persona111
|t:|1655075716
|gametype|singles
|player|p1|CancerBit|clown|1187
|player|p2|Persona111|byron|1392
|teamsize|p1|6
|teamsize|p2|6
|gen|8
|tier|[Gen 8] PU
|rated|
|rule|Sleep Clause Mod: Limit one foe put to sleep
|rule|Species Clause: Limit one of each Pokémon
|rule|OHKO Clause: OHKO moves are banned
|rule|Evasion Moves Clause: Evasion moves are banned
|rule|Endless Battle Clause: Forcing endless battles is banned
|rule|HP Percentage Mod: HP is shown in percentages
|rule|Dynamax Clause: You cannot dynamax
|clearpoke
|poke|p1|Audino, F|
|poke|p1|Pincurchin, M|
|poke|p1|Eldegoss, M|
|poke|p1|Qwilfish, F|
|poke|p1|Dragonair, F|
|poke|p1|Charizard, M|
|poke|p2|Kabutops, M|
|poke|p2|Vikavolt, M|
|poke|p2|Spiritomb, F|
|poke|p2|Perrserker, F|
|poke|p2|Regirock|
|poke|p2|Charizard, F|
|teampreview
|inactive|Battle timer is ON: inactive players will automatically lose when time's up. (requested by CancerBit)
|
|t:|1655075745
|start
|switch|p1a: Prick|Pincurchin, M|100/100
|switch|p2a: Vikavolt|Vikavolt, M|100/100
|turn|1
|
|t:|1655075752
|switch|p1a: Charded|Charizard, M|100/100
|move|p2a: Vikavolt|Bug Buzz|p1a: Charded
|-resisted|p1a: Charded
|-damage|p1a: Charded|84/100
|
|upkeep
|turn|2
|
|t:|1655075761
|switch|p1a: Prick|Pincurchin, M|100/100
|switch|p2a: Charizard|Charizard, F|100/100
|
|upkeep
|turn|3
|
|t:|1655075780
|switch|p2a: Spiritomb|Spiritomb, F|100/100
|move|p1a: Prick|Scald|p2a: Spiritomb
|-damage|p2a: Spiritomb|82/100
|-status|p2a: Spiritomb|brn
|
|-damage|p2a: Spiritomb|76/100 brn|[from] brn
|upkeep
|turn|4
|
|t:|1655075786
|move|p2a: Spiritomb|Trick|p1a: Prick
|-activate|p2a: Spiritomb|move: Trick|[of] p1a: Prick
|-item|p1a: Prick|Choice Band|[from] move: Trick
|-item|p2a: Spiritomb|Rocky Helmet|[from] move: Trick
|move|p1a: Prick|Spikes|p2a: Spiritomb
|-sidestart|p2: Persona111|Spikes
|
|-damage|p2a: Spiritomb|70/100 brn|[from] brn
|upkeep
|turn|5
|
|t:|1655075791
|switch|p2a: Kabutops|Kabutops, M|100/100
|-damage|p2a: Kabutops|88/100|[from] Spikes
|move|p1a: Prick|Spikes|p2a: Kabutops
|-sidestart|p2: Persona111|Spikes
|
|upkeep
|turn|6
|
|t:|1655075797
|switch|p1a: Whimsicrap|Eldegoss, M|100/100
|move|p2a: Kabutops|Rapid Spin|p1a: Whimsicrap
|-damage|p1a: Whimsicrap|83/100
|-boost|p2a: Kabutops|spe|1
|-sideend|p2: Persona111|Spikes|[from] move: Rapid Spin|[of] p2a: Kabutops
|
|upkeep
|turn|7
|
|t:|1655075802
|switch|p2a: Charizard|Charizard, F|100/100
|move|p1a: Whimsicrap|Sleep Powder|p2a: Charizard
|-status|p2a: Charizard|slp|[from] move: Sleep Powder
|
|upkeep
|turn|8
|
|t:|1655075806
|switch|p1a: Also prick|Qwilfish, F|100/100
|-ability|p1a: Also prick|Intimidate|boost
|-unboost|p2a: Charizard|atk|1
|cant|p2a: Charizard|slp
|
|upkeep
|turn|9
|
|t:|1655075809
|move|p1a: Also prick|Waterfall|p2a: Charizard
|-supereffective|p2a: Charizard
|-damage|p2a: Charizard|0 fnt
|faint|p2a: Charizard
|
|upkeep
|
|t:|1655075821
|switch|p2a: Vikavolt|Vikavolt, M|100/100
|turn|10
|
|t:|1655075828
|switch|p1a: Prick|Pincurchin, M|100/100
|move|p2a: Vikavolt|Bug Buzz|p1a: Prick
|-damage|p1a: Prick|31/100
|
|upkeep
|turn|11
|
|t:|1655075831
|switch|p1a: Charded|Charizard, M|84/100
|move|p2a: Vikavolt|Bug Buzz|p1a: Charded
|-resisted|p1a: Charded
|-damage|p1a: Charded|64/100
|-unboost|p1a: Charded|spd|1
|
|upkeep
|turn|12
|
|t:|1655075837
|switch|p1a: Prick|Pincurchin, M|31/100
|move|p2a: Vikavolt|Thunderbolt|p1a: Prick
|-ability|p1a: Prick|Lightning Rod|boost
|-boost|p1a: Prick|spa|1
|
|upkeep
|turn|13
|
|t:|1655075852
|move|p2a: Vikavolt|Bug Buzz|p1a: Prick
|-damage|p1a: Prick|0 fnt
|faint|p1a: Prick
|
|upkeep
|
|t:|1655075856
|switch|p1a: Audinus|Audino, F|100/100
|turn|14
|
|t:|1655075869
|switch|p2a: Perrserker|Perrserker, F|100/100
|move|p1a: Audinus|Knock Off|p2a: Perrserker
|-damage|p2a: Perrserker|60/100
|-enditem|p2a: Perrserker|Choice Scarf|[from] move: Knock Off|[of] p1a: Audinus
|
|upkeep
|turn|15
|
|t:|1655075876
|switch|p1a: Also prick|Qwilfish, F|100/100
|-ability|p1a: Also prick|Intimidate|boost
|-unboost|p2a: Perrserker|atk|1
|move|p2a: Perrserker|Close Combat|p1a: Also prick
|-resisted|p1a: Also prick
|-damage|p1a: Also prick|79/100
|-unboost|p2a: Perrserker|def|1
|-unboost|p2a: Perrserker|spd|1
|
|upkeep
|turn|16
|
|t:|1655075882
|switch|p2a: Kabutops|Kabutops, M|88/100
|move|p1a: Also prick|Waterfall|p2a: Kabutops
|-damage|p2a: Kabutops|47/100
|-ability|p2a: Kabutops|Weak Armor|boost
|-unboost|p2a: Kabutops|def|1
|-boost|p2a: Kabutops|spe|2
|
|upkeep
|turn|17
|
|t:|1655075889
|switch|p1a: Whimsicrap|Eldegoss, M|100/100
|move|p2a: Kabutops|Stealth Rock|p1a: Whimsicrap
|-sidestart|p1: CancerBit|move: Stealth Rock
|
|upkeep
|turn|18
|
|t:|1655075892
|switch|p2a: Spiritomb|Spiritomb, F|70/100 brn
|move|p1a: Whimsicrap|Giga Drain|p2a: Spiritomb
|-damage|p2a: Spiritomb|47/100 brn
|
|-damage|p2a: Spiritomb|41/100 brn|[from] brn
|upkeep
|turn|19
|
|t:|1655075900
|move|p1a: Whimsicrap|Giga Drain|p2a: Spiritomb
|-damage|p2a: Spiritomb|19/100 brn
|move|p2a: Spiritomb|Poltergeist|p1a: Whimsicrap
|-activate|p1a: Whimsicrap|move: Poltergeist|Heavy-Duty Boots
|-damage|p1a: Whimsicrap|77/100
|
|-damage|p2a: Spiritomb|13/100 brn|[from] brn
|upkeep
|turn|20
|
|t:|1655075907
|move|p2a: Spiritomb|Sucker Punch|p1a: Whimsicrap
|-damage|p1a: Whimsicrap|61/100
|move|p1a: Whimsicrap|Giga Drain|p2a: Spiritomb
|-damage|p2a: Spiritomb|0 fnt
|-heal|p1a: Whimsicrap|67/100|[from] drain|[of] p2a: Spiritomb
|faint|p2a: Spiritomb
|
|upkeep
|
|t:|1655075910
|switch|p2a: Vikavolt|Vikavolt, M|100/100
|turn|21
|
|t:|1655075928
|switch|p1a: Audinus|Audino, F|100/100
|-damage|p1a: Audinus|88/100|[from] Stealth Rock
|move|p2a: Vikavolt|Thunderbolt|p1a: Audinus
|-damage|p1a: Audinus|35/100
|
|upkeep
|turn|22
|
|t:|1655075932
|move|p1a: Audinus|Double-Edge|p2a: Vikavolt
|-damage|p2a: Vikavolt|32/100
|-damage|p1a: Audinus|15/100|[from] Recoil
|move|p2a: Vikavolt|Thunderbolt|p1a: Audinus
|-damage|p1a: Audinus|0 fnt
|faint|p1a: Audinus
|
|upkeep
|
|t:|1655075941
|switch|p1a: Also prick|Qwilfish, F|79/100
|-damage|p1a: Also prick|67/100|[from] Stealth Rock
|-ability|p1a: Also prick|Intimidate|boost
|-unboost|p2a: Vikavolt|atk|1
|turn|23
|
|t:|1655075946
|switch|p2a: Kabutops|Kabutops, M|47/100
|move|p1a: Also prick|Waterfall|p2a: Kabutops
|-damage|p2a: Kabutops|8/100
|-ability|p2a: Kabutops|Weak Armor|boost
|-unboost|p2a: Kabutops|def|1
|-boost|p2a: Kabutops|spe|2
|
|upkeep
|turn|24
|
|t:|1655075951
|switch|p1a: Whimsicrap|Eldegoss, M|100/100
|move|p2a: Kabutops|Liquidation|p1a: Whimsicrap
|-resisted|p1a: Whimsicrap
|-damage|p1a: Whimsicrap|79/100
|-unboost|p1a: Whimsicrap|def|1
|
|upkeep
|turn|25
|
|t:|1655075955
|move|p2a: Kabutops|Liquidation|p1a: Whimsicrap
|-resisted|p1a: Whimsicrap
|-damage|p1a: Whimsicrap|47/100
|move|p1a: Whimsicrap|Rapid Spin|p2a: Kabutops
|-resisted|p2a: Kabutops
|-damage|p2a: Kabutops|2/100
|-boost|p1a: Whimsicrap|spe|1
|-ability|p2a: Kabutops|Weak Armor|boost
|-unboost|p2a: Kabutops|def|1
|-boost|p2a: Kabutops|spe|2
|-sideend|p1: CancerBit|Stealth Rock|[from] move: Rapid Spin|[of] p1a: Whimsicrap
|
|upkeep
|turn|26
|
|t:|1655075963
|switch|p1a: Also prick|Qwilfish, F|67/100
|-ability|p1a: Also prick|Intimidate|boost
|-unboost|p2a: Kabutops|atk|1
|move|p2a: Kabutops|Stealth Rock|p1a: Also prick
|-sidestart|p1: CancerBit|move: Stealth Rock
|
|upkeep
|turn|27
|
|t:|1655075969
|switch|p1a: Whimsicrap|Eldegoss, M|80/100
|move|p2a: Kabutops|Liquidation|p1a: Whimsicrap
|-resisted|p1a: Whimsicrap
|-damage|p1a: Whimsicrap|66/100
|
|upkeep
|turn|28
|
|t:|1655075975
|move|p2a: Kabutops|Liquidation|p1a: Whimsicrap
|-resisted|p1a: Whimsicrap
|-damage|p1a: Whimsicrap|50/100
|-unboost|p1a: Whimsicrap|def|1
|move|p1a: Whimsicrap|Rapid Spin|p2a: Kabutops
|-resisted|p2a: Kabutops
|-damage|p2a: Kabutops|0 fnt
|-boost|p1a: Whimsicrap|spe|1
|-sideend|p1: CancerBit|Stealth Rock|[from] move: Rapid Spin|[of] p1a: Whimsicrap
|faint|p2a: Kabutops
|
|upkeep
|
|t:|1655075982
|switch|p2a: Perrserker|Perrserker, F|60/100
|turn|29
|
|t:|1655075985
|move|p1a: Whimsicrap|Sleep Powder|p2a: Perrserker|[miss]
|-miss|p1a: Whimsicrap|p2a: Perrserker
|move|p2a: Perrserker|Iron Head|p1a: Whimsicrap
|-damage|p1a: Whimsicrap|0 fnt
|faint|p1a: Whimsicrap
|
|upkeep
|
|t:|1655075989
|switch|p1a: Charded|Charizard, M|64/100
|turn|30
|
|t:|1655076002
|switch|p1a: Also prick|Qwilfish, F|67/100
|-ability|p1a: Also prick|Intimidate|boost
|-unboost|p2a: Perrserker|atk|1
|move|p2a: Perrserker|Crunch|p1a: Also prick
|-damage|p1a: Also prick|38/100
|
|upkeep
|turn|31
|
|t:|1655076007
|switch|p1a: Charded|Charizard, M|64/100
|move|p2a: Perrserker|Crunch|p1a: Charded
|-damage|p1a: Charded|34/100
|-unboost|p1a: Charded|def|1
|
|upkeep
|turn|32
|
|t:|1655076011
|move|p1a: Charded|Flamethrower|p2a: Perrserker
|-supereffective|p2a: Perrserker
|-damage|p2a: Perrserker|0 fnt
|faint|p2a: Perrserker
|
|upkeep
|
|t:|1655076014
|switch|p2a: Regirock|Regirock|100/100
|turn|33
|
|t:|1655076018
|switch|p1a: Also prick|Qwilfish, F|38/100
|-ability|p1a: Also prick|Intimidate|boost
|-fail|p2a: Regirock|unboost|[from] ability: Clear Body|[of] p2a: Regirock
|move|p2a: Regirock|Rock Polish|p2a: Regirock
|-boost|p2a: Regirock|spe|2
|
|upkeep
|turn|34
|
|t:|1655076025
|move|p1a: Also prick|Poison Jab|p2a: Regirock
|-resisted|p2a: Regirock
|-damage|p2a: Regirock|91/100
|move|p2a: Regirock|Earthquake|p1a: Also prick
|-supereffective|p1a: Also prick
|-damage|p1a: Also prick|0 fnt
|faint|p1a: Also prick
|
|upkeep
|
|t:|1655076031
|switch|p1a: Purple Peenus|Dragonair, F, shiny|100/100
|turn|35
|
|t:|1655076034
|move|p2a: Regirock|Stone Edge|p1a: Purple Peenus
|-damage|p1a: Purple Peenus|54/100
|move|p1a: Purple Peenus|Dragon Dance|p1a: Purple Peenus
|-boost|p1a: Purple Peenus|atk|1
|-boost|p1a: Purple Peenus|spe|1
|
|upkeep
|turn|36
|
|t:|1655076049
|move|p2a: Regirock|Stone Edge|p1a: Purple Peenus|[miss]
|-miss|p2a: Regirock|p1a: Purple Peenus
|move|p1a: Purple Peenus|Outrage|p2a: Regirock
|-damage|p2a: Regirock|40/100
|
|upkeep
|turn|37
|
|t:|1655076053
|move|p2a: Regirock|Stone Edge|p1a: Purple Peenus
|-damage|p1a: Purple Peenus|4/100
|move|p1a: Purple Peenus|Outrage|p2a: Regirock|[from]lockedmove
|-damage|p2a: Regirock|0 fnt
|faint|p2a: Regirock
|-start|p1a: Purple Peenus|confusion|[fatigue]
|
|upkeep
|
|t:|1655076057
|switch|p2a: Vikavolt|Vikavolt, M|32/100
|turn|38
|
|t:|1655076061
|-activate|p1a: Purple Peenus|confusion
|move|p1a: Purple Peenus|Outrage|p2a: Vikavolt
|-damage|p2a: Vikavolt|0 fnt
|faint|p2a: Vikavolt
|
|win|CancerBit
|raw|CancerBit's rating: 1187 &rarr; <strong>1225</strong><br />(+38 for winning)
|raw|Persona111's rating: 1392 &rarr; <strong>1361</strong><br />(-31 for losing)
|c|☆Persona111|gg
|l|☆Persona111
|c|☆CancerBit|sorry for dodge
|c|☆CancerBit|gg
