|raw|<div class="broadcast-blue"><strong>This battle is required to be public due to a player having a name starting with 'pult94d'.</div>
|j|☆firewhelk
|j|☆Pult94d Myn
|t:|1629044486
|gametype|singles
|player|p1|firewhelk|clown|1435
|player|p2|Pult94d Myn|266|1629
|teamsize|p1|6
|teamsize|p2|6
|gen|8
|tier|[Gen 8] PU
|rated|
|rule|Sleep Clause Mod: Limit one foe put to sleep
|rule|Species Clause: Limit one of each Pokémon
|rule|OHKO Clause: OHKO moves are banned
|rule|Evasion Moves Clause: Evasion moves are banned
|rule|Endless Battle Clause: Forcing endless battles is banned
|rule|HP Percentage Mod: HP is shown in percentages
|rule|Dynamax Clause: You cannot dynamax
|clearpoke
|poke|p1|Gourgeist-*, F|
|poke|p1|Lunatone|
|poke|p1|Magneton|
|poke|p1|Aromatisse, F|
|poke|p1|Drifblim, M|
|poke|p1|Morpeko, F|
|poke|p2|Gigalith, M|
|poke|p2|Audino, F|
|poke|p2|Quagsire, M|
|poke|p2|Weezing, F|
|poke|p2|Rotom|
|poke|p2|Articuno|
|teampreview
|j| pult94d somalia
|inactive|Battle timer is ON: inactive players will automatically lose when time's up. (requested by Pult94d Myn)
|
|t:|1629044506
|start
|switch|p1a: Gourgeist|Gourgeist-Super, F|100/100
|switch|p2a: Rotom|Rotom|100/100
|-item|p2a: Rotom|Heavy-Duty Boots|[from] ability: Frisk|[of] p1a: Gourgeist|[identify]
|turn|1
|
|t:|1629044519
|switch|p2a: Weezing|Weezing, F|100/100
|-ability|p2a: Weezing|Neutralizing Gas
|move|p1a: Gourgeist|Poltergeist|p2a: Weezing
|-activate|p2a: Weezing|move: Poltergeist|Rocky Helmet
|-damage|p2a: Weezing|67/100
|
|upkeep
|turn|2
|
|t:|1629044524
|switch|p1a: Lunatone|Lunatone|100/100
|move|p2a: Weezing|Will-O-Wisp|p1a: Lunatone|[miss]
|-miss|p2a: Weezing|p1a: Lunatone
|
|upkeep
|turn|3
|
|t:|1629044534
|-end|p2a: Weezing|ability: Neutralizing Gas
|switch|p2a: Audino|Audino, F|100/100
|move|p1a: Lunatone|Stealth Rock|p2a: Audino
|-sidestart|p2: Pult94d Myn|move: Stealth Rock
|
|upkeep
|turn|4
|
|t:|1629044539
|move|p1a: Lunatone|Future Sight|p2a: Audino
|-start|p1a: Lunatone|move: Future Sight
|move|p2a: Audino|Toxic|p1a: Lunatone
|-status|p1a: Lunatone|tox
|
|-damage|p1a: Lunatone|94/100 tox|[from] psn
|upkeep
|turn|5
|
|t:|1629044560
|switch|p1a: Magneton|Magneton|100/100
|move|p2a: Audino|Knock Off|p1a: Magneton
|-crit|p1a: Magneton
|-damage|p1a: Magneton|84/100
|-enditem|p1a: Magneton|Eviolite|[from] move: Knock Off|[of] p2a: Audino
|
|upkeep
|turn|6
|
|t:|1629044569
|move|p1a: Magneton|Flash Cannon|p2a: Audino
|-damage|p2a: Audino|70/100
|move|p2a: Audino|Knock Off|p1a: Magneton
|-damage|p1a: Magneton|72/100
|
|-end|p2a: Audino|move: Future Sight
|-damage|p2a: Audino|36/100
|-heal|p2a: Audino|42/100|[from] item: Leftovers
|upkeep
|turn|7
|
|t:|1629044577
|move|p1a: Magneton|Thunder|p2a: Audino
|-damage|p2a: Audino|4/100
|move|p2a: Audino|Wish|p2a: Audino
|
|-heal|p2a: Audino|10/100|[from] item: Leftovers
|upkeep
|turn|8
|
|t:|1629044582
|move|p2a: Audino|Protect|p2a: Audino
|-singleturn|p2a: Audino|Protect
|move|p1a: Magneton|Flash Cannon|p2a: Audino
|-activate|p2a: Audino|move: Protect
|
|-heal|p2a: Audino|60/100|[from] move: Wish|[wisher] Audino
|-heal|p2a: Audino|66/100|[from] item: Leftovers
|upkeep
|turn|9
|
|t:|1629044585
|move|p1a: Magneton|Flash Cannon|p2a: Audino
|-damage|p2a: Audino|36/100
|move|p2a: Audino|Wish|p2a: Audino
|
|-heal|p2a: Audino|42/100|[from] item: Leftovers
|upkeep
|turn|10
|
|t:|1629044589
|move|p2a: Audino|Protect|p2a: Audino
|-singleturn|p2a: Audino|Protect
|move|p1a: Magneton|Flash Cannon|p2a: Audino
|-activate|p2a: Audino|move: Protect
|
|-heal|p2a: Audino|92/100|[from] move: Wish|[wisher] Audino
|-heal|p2a: Audino|98/100|[from] item: Leftovers
|upkeep
|turn|11
|
|t:|1629044598
|move|p1a: Magneton|Flash Cannon|p2a: Audino
|-damage|p2a: Audino|68/100
|move|p2a: Audino|Wish|p2a: Audino
|
|-heal|p2a: Audino|74/100|[from] item: Leftovers
|upkeep
|turn|12
|
|t:|1629044603
|switch|p2a: Rotom|Rotom|100/100
|move|p1a: Magneton|Teleport|p1a: Magneton
|
|t:|1629044607
|switch|p1a: Morpeko|Morpeko, F|100/100|[from]move: Teleport
|
|-formechange|p1a: Morpeko|Morpeko-Hangry||[from] ability: Hunger Switch
|upkeep
|turn|13
|
|t:|1629044615
|switch|p2a: Quagsire|Quagsire, M|100/100
|-damage|p2a: Quagsire|94/100|[from] Stealth Rock
|move|p1a: Morpeko|Seed Bomb|p2a: Quagsire
|-supereffective|p2a: Quagsire
|-damage|p2a: Quagsire|7/100
|
|-heal|p2a: Quagsire|13/100|[from] item: Leftovers
|-formechange|p1a: Morpeko|Morpeko||[from] ability: Hunger Switch
|upkeep
|turn|14
|
|t:|1629044626
|switch|p2a: Audino|Audino, F|100/100
|-damage|p2a: Audino|88/100|[from] Stealth Rock
|move|p1a: Morpeko|Seed Bomb|p2a: Audino
|-damage|p2a: Audino|58/100
|
|-heal|p2a: Audino|64/100|[from] item: Leftovers
|-formechange|p1a: Morpeko|Morpeko-Hangry||[from] ability: Hunger Switch
|upkeep
|turn|15
|
|t:|1629044641
|switch|p1a: Magneton|Magneton|72/100
|move|p2a: Audino|Wish|p2a: Audino
|
|-heal|p2a: Audino|70/100|[from] item: Leftovers
|upkeep
|turn|16
|
|t:|1629044645
|switch|p2a: Quagsire|Quagsire, M|13/100
|-damage|p2a: Quagsire|7/100|[from] Stealth Rock
|move|p1a: Magneton|Flash Cannon|p2a: Quagsire
|-resisted|p2a: Quagsire
|-damage|p2a: Quagsire|0 fnt
|faint|p2a: Quagsire
|
|upkeep
|
|t:|1629044651
|switch|p2a: Rotom|Rotom|100/100
|turn|17
|
|t:|1629044653
|move|p2a: Rotom|Will-O-Wisp|p1a: Magneton
|-status|p1a: Magneton|brn
|move|p1a: Magneton|Volt Switch|p2a: Rotom
|-resisted|p2a: Rotom
|-damage|p2a: Rotom|59/100
|
|t:|1629044655
|switch|p1a: Morpeko|Morpeko, F|100/100|[from]move: Volt Switch
|
|-formechange|p1a: Morpeko|Morpeko-Hangry||[from] ability: Hunger Switch
|upkeep
|turn|18
|
|t:|1629044661
|switch|p2a: Audino|Audino, F|100/100
|-damage|p2a: Audino|88/100|[from] Stealth Rock
|move|p1a: Morpeko|Aura Wheel|p2a: Audino
|-damage|p2a: Audino|24/100
|-boost|p1a: Morpeko|spe|1
|
|-heal|p2a: Audino|30/100|[from] item: Leftovers
|-formechange|p1a: Morpeko|Morpeko||[from] ability: Hunger Switch
|upkeep
|turn|19
|
|t:|1629044669
|switch|p2a: Weezing|Weezing, F|67/100
|-ability|p2a: Weezing|Neutralizing Gas
|-damage|p2a: Weezing|55/100|[from] Stealth Rock
|move|p1a: Morpeko|Aura Wheel|p2a: Weezing
|-damage|p2a: Weezing|10/100
|-boost|p1a: Morpeko|spe|1
|
|upkeep
|turn|20
|
|t:|1629044674
|move|p1a: Morpeko|Aura Wheel|p2a: Weezing
|-damage|p2a: Weezing|0 fnt
|-boost|p1a: Morpeko|spe|1
|faint|p2a: Weezing
|-end|p2a: Weezing|ability: Neutralizing Gas
|
|-formechange|p1a: Morpeko|Morpeko-Hangry||[from] ability: Hunger Switch
|upkeep
|
|t:|1629044676
|switch|p2a: Gigalith|Gigalith, M|100/100
|-damage|p2a: Gigalith|88/100|[from] Stealth Rock
|-weather|Sandstorm|[from] ability: Sand Stream|[of] p2a: Gigalith
|turn|21
|
|t:|1629044681
|switch|p1a: Gourgeist|Gourgeist-Super, F|100/100
|-item|p2a: Gigalith|Leftovers|[from] ability: Frisk|[of] p1a: Gourgeist|[identify]
|move|p2a: Gigalith|Stealth Rock|p1a: Gourgeist
|-sidestart|p1: firewhelk|move: Stealth Rock
|
|-weather|Sandstorm|[upkeep]
|-damage|p1a: Gourgeist|94/100|[from] Sandstorm
|-heal|p2a: Gigalith|94/100|[from] item: Leftovers
|upkeep
|turn|22
|
|t:|1629044685
|switch|p2a: Audino|Audino, F|63/100
|-damage|p2a: Audino|50/100|[from] Stealth Rock
|move|p1a: Gourgeist|Power Whip|p2a: Audino|[miss]
|-miss|p1a: Gourgeist|p2a: Audino
|
|-weather|Sandstorm|[upkeep]
|-damage|p1a: Gourgeist|88/100|[from] Sandstorm
|-damage|p2a: Audino|44/100|[from] Sandstorm
|-heal|p2a: Audino|50/100|[from] item: Leftovers
|upkeep
|turn|23
|
|t:|1629044691
|switch|p2a: Articuno|Articuno|100/100
|-ability|p2a: Articuno|Pressure
|move|p1a: Gourgeist|Power Whip|p2a: Articuno
|-resisted|p2a: Articuno
|-damage|p2a: Articuno|76/100
|
|-weather|Sandstorm|[upkeep]
|-damage|p2a: Articuno|70/100|[from] Sandstorm
|-damage|p1a: Gourgeist|82/100|[from] Sandstorm
|upkeep
|turn|24
|
|t:|1629044696
|switch|p2a: Audino|Audino, F|84/100
|-damage|p2a: Audino|71/100|[from] Stealth Rock
|switch|p1a: Magneton|Magneton|72/100 brn
|-damage|p1a: Magneton|66/100 brn|[from] Stealth Rock
|
|-weather|Sandstorm|[upkeep]
|-damage|p2a: Audino|65/100|[from] Sandstorm
|-heal|p2a: Audino|71/100|[from] item: Leftovers
|-damage|p1a: Magneton|60/100 brn|[from] brn
|upkeep
|turn|25
|
|t:|1629044702
|move|p2a: Audino|Protect|p2a: Audino
|-singleturn|p2a: Audino|Protect
|move|p1a: Magneton|Teleport|p1a: Magneton
|
|t:|1629044715
|switch|p1a: Gourgeist|Gourgeist-Super, F|82/100|[from]move: Teleport
|-damage|p1a: Gourgeist|70/100|[from] Stealth Rock
|-item|p2a: Audino|Leftovers|[from] ability: Frisk|[of] p1a: Gourgeist|[identify]
|
|-weather|none
|-heal|p2a: Audino|77/100|[from] item: Leftovers
|upkeep
|turn|26
|
|t:|1629044720
|switch|p2a: Articuno|Articuno|70/100
|-ability|p2a: Articuno|Pressure
|move|p1a: Gourgeist|Power Whip|p2a: Articuno
|-resisted|p2a: Articuno
|-damage|p2a: Articuno|45/100
|
|upkeep
|turn|27
|
|t:|1629044727
|switch|p1a: Magneton|Magneton|60/100 brn
|-damage|p1a: Magneton|54/100 brn|[from] Stealth Rock
|move|p2a: Articuno|Roost|p2a: Articuno
|-heal|p2a: Articuno|95/100
|-singleturn|p2a: Articuno|move: Roost
|
|-damage|p1a: Magneton|47/100 brn|[from] brn
|upkeep
|turn|28
|
|t:|1629044732
|move|p2a: Articuno|Freeze-Dry|p1a: Magneton
|-resisted|p1a: Magneton
|-damage|p1a: Magneton|30/100 brn
|move|p1a: Magneton|Volt Switch|p2a: Articuno
|-supereffective|p2a: Articuno
|-damage|p2a: Articuno|39/100
|
|t:|1629044735
|switch|p1a: Morpeko|Morpeko, F|100/100|[from]move: Volt Switch
|-damage|p1a: Morpeko|88/100|[from] Stealth Rock
|
|-formechange|p1a: Morpeko|Morpeko-Hangry||[from] ability: Hunger Switch
|upkeep
|turn|29
|
|t:|1629044740
|switch|p2a: Gigalith|Gigalith, M|94/100
|-damage|p2a: Gigalith|82/100|[from] Stealth Rock
|-weather|Sandstorm|[from] ability: Sand Stream|[of] p2a: Gigalith
|move|p1a: Morpeko|Aura Wheel|p2a: Gigalith
|-damage|p2a: Gigalith|34/100
|-boost|p1a: Morpeko|spe|1
|
|-weather|Sandstorm|[upkeep]
|-damage|p1a: Morpeko|82/100|[from] Sandstorm
|-heal|p2a: Gigalith|40/100|[from] item: Leftovers
|-formechange|p1a: Morpeko|Morpeko||[from] ability: Hunger Switch
|upkeep
|turn|30
|
|t:|1629044747
|move|p1a: Morpeko|Aura Wheel|p2a: Gigalith
|-damage|p2a: Gigalith|0 fnt
|-boost|p1a: Morpeko|spe|1
|faint|p2a: Gigalith
|
|-weather|Sandstorm|[upkeep]
|-damage|p1a: Morpeko|76/100|[from] Sandstorm
|-formechange|p1a: Morpeko|Morpeko-Hangry||[from] ability: Hunger Switch
|upkeep
|
|t:|1629044750
|switch|p2a: Audino|Audino, F|100/100
|-damage|p2a: Audino|88/100|[from] Stealth Rock
|turn|31
|
|t:|1629044761
|switch|p1a: Aromatisse|Aromatisse, F|100/100
|move|p2a: Audino|Knock Off|p1a: Aromatisse
|-resisted|p1a: Aromatisse
|-damage|p1a: Aromatisse|95/100
|-enditem|p1a: Aromatisse|Heavy-Duty Boots|[from] move: Knock Off|[of] p2a: Audino
|
|-weather|Sandstorm|[upkeep]
|-damage|p2a: Audino|82/100|[from] Sandstorm
|-damage|p1a: Aromatisse|88/100|[from] Sandstorm
|-heal|p2a: Audino|88/100|[from] item: Leftovers
|upkeep
|turn|32
|
|t:|1629044768
|move|p2a: Audino|Toxic|p1a: Aromatisse
|-status|p1a: Aromatisse|tox
|move|p1a: Aromatisse|Wish|p1a: Aromatisse
|
|-weather|Sandstorm|[upkeep]
|-damage|p2a: Audino|82/100|[from] Sandstorm
|-damage|p1a: Aromatisse|82/100 tox|[from] Sandstorm
|-heal|p2a: Audino|88/100|[from] item: Leftovers
|-damage|p1a: Aromatisse|76/100 tox|[from] psn
|upkeep
|turn|33
|
|t:|1629044774
|move|p2a: Audino|Wish|p2a: Audino
|move|p1a: Aromatisse|Heal Bell|p1a: Aromatisse
|-activate|p1a: Aromatisse|move: Heal Bell
|-curestatus|p1a: Aromatisse|tox|[msg]
|-curestatus|p1: Magneton|brn|[msg]
|-curestatus|p1: Lunatone|tox|[msg]
|
|-weather|none
|-heal|p1a: Aromatisse|100/100|[from] move: Wish|[wisher] Aromatisse
|-heal|p2a: Audino|94/100|[from] item: Leftovers
|upkeep
|turn|34
|
|t:|1629044778
|switch|p2a: Rotom|Rotom|59/100
|move|p1a: Aromatisse|Wish|p1a: Aromatisse
|
|-heal|p2a: Rotom|100/100|[from] move: Wish|[wisher] Audino
|upkeep
|turn|35
|
|t:|1629044787
|move|p2a: Rotom|Volt Switch|p1a: Aromatisse
|-damage|p1a: Aromatisse|71/100
|
|t:|1629044789
|switch|p2a: Audino|Audino, F|100/100|[from]move: Volt Switch
|-damage|p2a: Audino|88/100|[from] Stealth Rock
|move|p1a: Aromatisse|Moonblast|p2a: Audino
|-damage|p2a: Audino|68/100
|-unboost|p2a: Audino|spa|1
|
|-heal|p1a: Aromatisse|100/100|[from] move: Wish|[wisher] Aromatisse
|-heal|p2a: Audino|74/100|[from] item: Leftovers
|upkeep
|turn|36
|
|t:|1629044794
|move|p2a: Audino|Toxic|p1a: Aromatisse
|-status|p1a: Aromatisse|tox
|move|p1a: Aromatisse|Wish|p1a: Aromatisse
|
|-heal|p2a: Audino|80/100|[from] item: Leftovers
|-damage|p1a: Aromatisse|94/100 tox|[from] psn
|upkeep
|turn|37
|
|t:|1629044798
|switch|p1a: Magneton|Magneton|30/100
|-damage|p1a: Magneton|23/100|[from] Stealth Rock
|move|p2a: Audino|Wish|p2a: Audino
|
|-heal|p1a: Magneton|93/100|[from] move: Wish|[wisher] Aromatisse
|-heal|p2a: Audino|86/100|[from] item: Leftovers
|upkeep
|turn|38
|
|t:|1629044804
|move|p1a: Magneton|Flash Cannon|p2a: Audino
|-damage|p2a: Audino|60/100
|move|p2a: Audino|Knock Off|p1a: Magneton
|-damage|p1a: Magneton|82/100
|
|-heal|p2a: Audino|100/100|[from] move: Wish|[wisher] Audino
|upkeep
|turn|39
|
|t:|1629044808
|move|p1a: Magneton|Thunder|p2a: Audino
|-damage|p2a: Audino|64/100
|-status|p2a: Audino|par
|move|p2a: Audino|Wish|p2a: Audino
|
|-heal|p2a: Audino|70/100 par|[from] item: Leftovers
|upkeep
|turn|40
|
|t:|1629044814
|switch|p2a: Articuno|Articuno|39/100
|-ability|p2a: Articuno|Pressure
|move|p1a: Magneton|Flash Cannon|p2a: Articuno
|-supereffective|p2a: Articuno
|-damage|p2a: Articuno|0 fnt
|faint|p2a: Articuno
|
|upkeep
|c|☆Pult94d Myn|gg
|c|☆firewhelk|gg
|-message|Pult94d Myn forfeited.
|
|win|firewhelk
|l|☆Pult94d Myn
|raw|firewhelk's rating: 1435 &rarr; <strong>1465</strong><br />(+30 for winning)
|raw|Pult94d Myn's rating: 1628 &rarr; <strong>1598</strong><br />(-30 for losing)
|l|☆firewhelk
|j| turtledoggo1
||Ladder isn't responding, score probably updated but might not have (Request timeout).
|j| Gva
|l| turtledoggo1
