|j|☆Yeet YOLO 6969
|j|☆Magicgenie
|t:|1666050336
|gametype|singles
|player|p1|Yeet YOLO 6969|ninjaboy|1441
|player|p2|Magicgenie|n|1400
|teamsize|p1|6
|teamsize|p2|6
|gen|8
|tier|[Gen 8] PU
|rated|
|rule|Sleep Clause Mod: Limit one foe put to sleep
|rule|Species Clause: Limit one of each Pokémon
|rule|OHKO Clause: OHKO moves are banned
|rule|Evasion Items Clause: Evasion items are banned
|rule|Evasion Moves Clause: Evasion moves are banned
|rule|Endless Battle Clause: Forcing endless battles is banned
|rule|HP Percentage Mod: HP is shown in percentages
|rule|Dynamax Clause: You cannot dynamax
|clearpoke
|poke|p1|Ferroseed, M|
|poke|p1|Sandaconda, M|
|poke|p1|Togedemaru, F|
|poke|p1|Eldegoss, F|
|poke|p1|Gigalith, F|
|poke|p1|Ribombee, F|
|poke|p2|Quagsire, M|
|poke|p2|Malamar, F|
|poke|p2|Tangela, M|
|poke|p2|Pyukumuku, F|
|poke|p2|Weezing, M|
|poke|p2|Audino, F|
|teampreview
|inactive|Battle timer is ON: inactive players will automatically lose when time's up. (requested by Yeet YOLO 6969)
|j| SketchyTactic
|
|t:|1666050363
|start
|switch|p1a: Togedemaru|Togedemaru, F|100/100
|switch|p2a: Malamar|Malamar, F|100/100
|turn|1
|
|t:|1666050375
|move|p1a: Togedemaru|U-turn|p2a: Malamar
|-supereffective|p2a: Malamar
|-damage|p2a: Malamar|38/100
|
|t:|1666050378
|switch|p1a: Ribombee|Ribombee, F|100/100|[from]move: U-turn
|move|p2a: Malamar|Block|p1a: Ribombee
|-activate|p1a: Ribombee|trapped
|
|-heal|p2a: Malamar|44/100|[from] item: Leftovers
|upkeep
|turn|2
|
|t:|1666050385
|switch|p2a: Audino|Audino, F|100/100
|move|p1a: Ribombee|Switcheroo|p2a: Audino
|-activate|p1a: Ribombee|move: Trick|[of] p2a: Audino
|-item|p2a: Audino|Choice Specs|[from] move: Switcheroo
|-item|p1a: Ribombee|Heavy-Duty Boots|[from] move: Switcheroo
|
|upkeep
|turn|3
|
|t:|1666050392
|move|p1a: Ribombee|U-turn|p2a: Audino
|-damage|p2a: Audino|89/100
|
|t:|1666050395
|switch|p1a: Ferroseed|Ferroseed, M|100/100|[from]move: U-turn
|move|p2a: Audino|Wish|p2a: Audino
|
|upkeep
|turn|4
|
|t:|1666050399
|switch|p2a: Malamar|Malamar, F|44/100
|move|p1a: Ferroseed|Spikes|p2a: Malamar
|-sidestart|p2: Magicgenie|Spikes
|
|-heal|p2a: Malamar|98/100|[from] move: Wish|[wisher] Audino
|-heal|p2a: Malamar|100/100|[from] item: Leftovers
|upkeep
|turn|5
|
|t:|1666050402
|switch|p1a: Ribombee|Ribombee, F|100/100
|move|p2a: Malamar|Block|p1a: Ribombee
|-activate|p1a: Ribombee|trapped
|
|upkeep
|turn|6
|
|t:|1666050410
|switch|p2a: Weezing|Weezing, M|100/100
|-ability|p2a: Weezing|Neutralizing Gas
|-damage|p2a: Weezing|88/100|[from] Spikes
|move|p1a: Ribombee|Bug Buzz|p2a: Weezing
|-resisted|p2a: Weezing
|-damage|p2a: Weezing|62/100
|
|-heal|p2a: Weezing|68/100|[from] item: Black Sludge
|upkeep
|turn|7
|
|t:|1666050416
|move|p1a: Ribombee|U-turn|p2a: Weezing
|-resisted|p2a: Weezing
|-damage|p2a: Weezing|63/100
|
|t:|1666050425
|switch|p1a: Ferroseed|Ferroseed, M|100/100|[from]move: U-turn
|move|p2a: Weezing|Toxic Spikes|p1a: Ferroseed
|-sidestart|p1: Yeet YOLO 6969|move: Toxic Spikes
|
|-heal|p2a: Weezing|69/100|[from] item: Black Sludge
|upkeep
|turn|8
|
|t:|1666050430
|move|p2a: Weezing|Toxic Spikes|p1a: Ferroseed
|-sidestart|p1: Yeet YOLO 6969|move: Toxic Spikes
|move|p1a: Ferroseed|Leech Seed|p2a: Weezing
|-start|p2a: Weezing|move: Leech Seed
|
|-heal|p2a: Weezing|75/100|[from] item: Black Sludge
|-damage|p2a: Weezing|63/100|[from] Leech Seed|[of] p1a: Ferroseed
|upkeep
|turn|9
|
|t:|1666050433
|-end|p2a: Weezing|ability: Neutralizing Gas
|switch|p2a: Malamar|Malamar, F|100/100
|-damage|p2a: Malamar|88/100|[from] Spikes
|move|p1a: Ferroseed|Spikes|p2a: Malamar
|-sidestart|p2: Magicgenie|Spikes
|
|-heal|p2a: Malamar|94/100|[from] item: Leftovers
|upkeep
|turn|10
|
|t:|1666050436
|switch|p1a: Ribombee|Ribombee, F|100/100
|move|p2a: Malamar|Knock Off|p1a: Ribombee
|-resisted|p1a: Ribombee
|-damage|p1a: Ribombee|68/100
|-enditem|p1a: Ribombee|Heavy-Duty Boots|[from] move: Knock Off|[of] p2a: Malamar
|
|-heal|p2a: Malamar|99/100|[from] item: Leftovers
|upkeep
|turn|11
|l|☆Yeet YOLO 6969
|inactive|Yeet YOLO 6969 disconnected and has a minute to reconnect!
|player|p1|
|j|☆Yeet YOLO 6969
|inactive|Yeet YOLO 6969 reconnected and has 115 seconds left.
|player|p1|Yeet YOLO 6969|ninjaboy
|
|t:|1666050479
|switch|p2a: Audino|Audino, F|100/100
|-damage|p2a: Audino|84/100|[from] Spikes
|move|p1a: Ribombee|U-turn|p2a: Audino
|-damage|p2a: Audino|72/100
|
|t:|1666050484
|switch|p1a: Eldegoss|Eldegoss, F|100/100|[from]move: U-turn
|
|upkeep
|turn|12
|
|t:|1666050493
|move|p1a: Eldegoss|Rapid Spin|p2a: Audino
|-crit|p2a: Audino
|-damage|p2a: Audino|62/100
|-boost|p1a: Eldegoss|spe|1
|-sideend|p1: Yeet YOLO 6969|Toxic Spikes|[from] move: Rapid Spin|[of] p1a: Eldegoss
|move|p2a: Audino|Knock Off|p1a: Eldegoss
|-damage|p1a: Eldegoss|83/100
|-enditem|p1a: Eldegoss|Heavy-Duty Boots|[from] move: Knock Off|[of] p2a: Audino
|
|upkeep
|turn|13
|
|t:|1666050498
|switch|p2a: Pyukumuku|Pyukumuku, F|100/100
|-damage|p2a: Pyukumuku|84/100|[from] Spikes
|move|p1a: Eldegoss|Sleep Powder|p2a: Pyukumuku|[miss]
|-miss|p1a: Eldegoss|p2a: Pyukumuku
|
|-heal|p2a: Pyukumuku|90/100|[from] item: Leftovers
|upkeep
|turn|14
|
|t:|1666050502
|move|p1a: Eldegoss|Sleep Powder|p2a: Pyukumuku|[miss]
|-miss|p1a: Eldegoss|p2a: Pyukumuku
|move|p2a: Pyukumuku|Toxic|p1a: Eldegoss
|-status|p1a: Eldegoss|tox
|
|-heal|p2a: Pyukumuku|96/100|[from] item: Leftovers
|-damage|p1a: Eldegoss|77/100 tox|[from] psn
|upkeep
|turn|15
|
|t:|1666050510
|move|p1a: Eldegoss|Aromatherapy|p1a: Eldegoss
|-activate|p1a: Eldegoss|move: Aromatherapy
|-curestatus|p1a: Eldegoss|tox|[msg]
|move|p2a: Pyukumuku|Toxic|p1a: Eldegoss
|-status|p1a: Eldegoss|tox
|
|-heal|p2a: Pyukumuku|100/100|[from] item: Leftovers
|-damage|p1a: Eldegoss|71/100 tox|[from] psn
|upkeep
|turn|16
|
|t:|1666050522
|switch|p2a: Tangela|Tangela, M|100/100
|-damage|p2a: Tangela|84/100|[from] Spikes
|move|p1a: Eldegoss|Sleep Powder|p2a: Tangela
|-immune|p2a: Tangela
|
|-damage|p1a: Eldegoss|58/100 tox|[from] psn
|upkeep
|turn|17
|
|t:|1666050530
|switch|p1a: Togedemaru|Togedemaru, F|100/100
|move|p2a: Tangela|Giga Drain|p1a: Togedemaru
|-resisted|p1a: Togedemaru
|-damage|p1a: Togedemaru|81/100
|-heal|p2a: Tangela|92/100|[from] drain|[of] p1a: Togedemaru
|
|upkeep
|turn|18
|
|t:|1666050537
|move|p1a: Togedemaru|U-turn|p2a: Tangela
|-supereffective|p2a: Tangela
|-damage|p2a: Tangela|74/100
|
|t:|1666050539
|switch|p1a: Eldegoss|Eldegoss, F|92/100 tox|[from]move: U-turn
|move|p2a: Tangela|Knock Off|p1a: Eldegoss
|-damage|p1a: Eldegoss|83/100 tox
|
|-damage|p1a: Eldegoss|76/100 tox|[from] psn
|upkeep
|turn|19
|
|t:|1666050548
|switch|p2a: Audino|Audino, F|96/100
|-damage|p2a: Audino|79/100|[from] Spikes
|move|p1a: Eldegoss|Aromatherapy|p1a: Eldegoss
|-activate|p1a: Eldegoss|move: Aromatherapy
|-curestatus|p1a: Eldegoss|tox|[msg]
|
|upkeep
|turn|20
|
|t:|1666050554
|switch|p1a: Togedemaru|Togedemaru, F|81/100
|move|p2a: Audino|Wish|p2a: Audino
|
|upkeep
|turn|21
|
|t:|1666050558
|switch|p2a: Weezing|Weezing, M|63/100
|-ability|p2a: Weezing|Neutralizing Gas
|-damage|p2a: Weezing|47/100|[from] Spikes
|move|p1a: Togedemaru|Toxic|p2a: Weezing
|-immune|p2a: Weezing
|
|-heal|p2a: Weezing|100/100|[from] move: Wish|[wisher] Audino
|upkeep
|turn|22
|
|t:|1666050563
|switch|p1a: Ferroseed|Ferroseed, M|100/100
|move|p2a: Weezing|Toxic Spikes|p1a: Ferroseed
|-sidestart|p1: Yeet YOLO 6969|move: Toxic Spikes
|
|upkeep
|turn|23
|
|t:|1666050566
|move|p2a: Weezing|Will-O-Wisp|p1a: Ferroseed
|-status|p1a: Ferroseed|brn
|move|p1a: Ferroseed|Leech Seed|p2a: Weezing|[miss]
|-miss|p1a: Ferroseed|p2a: Weezing
|
|-damage|p1a: Ferroseed|94/100 brn|[from] brn
|upkeep
|turn|24
|
|t:|1666050572
|move|p2a: Weezing|Toxic Spikes|p1a: Ferroseed
|-sidestart|p1: Yeet YOLO 6969|move: Toxic Spikes
|move|p1a: Ferroseed|Leech Seed|p2a: Weezing
|-start|p2a: Weezing|move: Leech Seed
|
|-damage|p2a: Weezing|88/100|[from] Leech Seed|[of] p1a: Ferroseed
|-heal|p1a: Ferroseed|100/100 brn|[silent]
|-damage|p1a: Ferroseed|94/100 brn|[from] brn
|upkeep
|turn|25
|
|t:|1666050578
|-end|p2a: Weezing|ability: Neutralizing Gas
|switch|p2a: Audino|Audino, F|100/100
|-damage|p2a: Audino|84/100|[from] Spikes
|move|p1a: Ferroseed|Spikes|p2a: Audino
|-sidestart|p2: Magicgenie|Spikes
|
|-damage|p1a: Ferroseed|88/100 brn|[from] brn
|upkeep
|turn|26
|
|t:|1666050583
|move|p2a: Audino|Knock Off|p1a: Ferroseed
|-damage|p1a: Ferroseed|80/100 brn
|-damage|p2a: Audino|71/100|[from] ability: Iron Barbs|[of] p1a: Ferroseed
|-enditem|p1a: Ferroseed|Eviolite|[from] move: Knock Off|[of] p2a: Audino
|move|p1a: Ferroseed|Leech Seed|p2a: Audino
|-start|p2a: Audino|move: Leech Seed
|
|-damage|p2a: Audino|59/100|[from] Leech Seed|[of] p1a: Ferroseed
|-heal|p1a: Ferroseed|97/100 brn|[silent]
|-damage|p1a: Ferroseed|91/100 brn|[from] brn
|upkeep
|turn|27
|
|t:|1666050589
|switch|p2a: Tangela|Tangela, M|100/100
|-damage|p2a: Tangela|76/100|[from] Spikes
|move|p1a: Ferroseed|Leech Seed|p2a: Tangela
|-immune|p2a: Tangela
|
|-damage|p1a: Ferroseed|85/100 brn|[from] brn
|upkeep
|turn|28
|
|t:|1666050594
|switch|p1a: Eldegoss|Eldegoss, F|100/100
|-status|p1a: Eldegoss|tox
|move|p2a: Tangela|Sleep Powder|p1a: Eldegoss
|-immune|p1a: Eldegoss
|
|-damage|p1a: Eldegoss|94/100 tox|[from] psn
|upkeep
|turn|29
|
|t:|1666050600
|switch|p2a: Pyukumuku|Pyukumuku, F|100/100
|-damage|p2a: Pyukumuku|76/100|[from] Spikes
|move|p1a: Eldegoss|Rapid Spin|p2a: Pyukumuku
|-damage|p2a: Pyukumuku|72/100
|-boost|p1a: Eldegoss|spe|1
|-sideend|p1: Yeet YOLO 6969|Toxic Spikes|[from] move: Rapid Spin|[of] p1a: Eldegoss
|
|-heal|p2a: Pyukumuku|78/100|[from] item: Leftovers
|-damage|p1a: Eldegoss|82/100 tox|[from] psn
|upkeep
|turn|30
|
|t:|1666050603
|move|p1a: Eldegoss|Sleep Powder|p2a: Pyukumuku
|-status|p2a: Pyukumuku|slp|[from] move: Sleep Powder
|cant|p2a: Pyukumuku|slp
|
|-heal|p2a: Pyukumuku|84/100 slp|[from] item: Leftovers
|-damage|p1a: Eldegoss|63/100 tox|[from] psn
|upkeep
|turn|31
|
|t:|1666050606
|move|p1a: Eldegoss|Aromatherapy|p1a: Eldegoss
|-activate|p1a: Eldegoss|move: Aromatherapy
|-curestatus|p1a: Eldegoss|tox|[msg]
|-curestatus|p1: Ferroseed|brn|[msg]
|cant|p2a: Pyukumuku|slp
|
|-heal|p2a: Pyukumuku|90/100 slp|[from] item: Leftovers
|upkeep
|turn|32
|
|t:|1666050611
|switch|p1a: Gigalith|Gigalith, F|100/100
|-weather|Sandstorm|[from] ability: Sand Stream|[of] p1a: Gigalith
|-curestatus|p2a: Pyukumuku|slp|[msg]
|move|p2a: Pyukumuku|Toxic|p1a: Gigalith|[miss]
|-miss|p2a: Pyukumuku|p1a: Gigalith
|
|-weather|Sandstorm|[upkeep]
|-damage|p2a: Pyukumuku|84/100|[from] Sandstorm
|-heal|p2a: Pyukumuku|90/100|[from] item: Leftovers
|upkeep
|turn|33
|
|t:|1666050617
|move|p1a: Gigalith|Rock Blast|p2a: Pyukumuku
|-damage|p2a: Pyukumuku|75/100
|-damage|p2a: Pyukumuku|61/100
|-damage|p2a: Pyukumuku|48/100
|-damage|p2a: Pyukumuku|32/100
|-hitcount|p2a: Pyukumuku|4
|move|p2a: Pyukumuku|Toxic|p1a: Gigalith
|-status|p1a: Gigalith|tox
|
|-weather|Sandstorm|[upkeep]
|-damage|p2a: Pyukumuku|26/100|[from] Sandstorm
|-heal|p2a: Pyukumuku|32/100|[from] item: Leftovers
|-damage|p1a: Gigalith|94/100 tox|[from] psn
|upkeep
|turn|34
|
|t:|1666050624
|move|p1a: Gigalith|Rock Blast|p2a: Pyukumuku
|-damage|p2a: Pyukumuku|19/100
|-damage|p2a: Pyukumuku|3/100
|-damage|p2a: Pyukumuku|0 fnt
|faint|p2a: Pyukumuku
|-hitcount|p2: Pyukumuku|3
|
|-weather|Sandstorm|[upkeep]
|-damage|p1a: Gigalith|82/100 tox|[from] psn
|upkeep
|
|t:|1666050629
|switch|p2a: Quagsire|Quagsire, M|100/100
|-damage|p2a: Quagsire|76/100|[from] Spikes
|turn|35
|
|t:|1666050634
|switch|p1a: Eldegoss|Eldegoss, F|97/100
|move|p2a: Quagsire|Toxic|p1a: Eldegoss
|-status|p1a: Eldegoss|tox
|
|-weather|Sandstorm|[upkeep]
|-damage|p1a: Eldegoss|91/100 tox|[from] Sandstorm
|-heal|p2a: Quagsire|82/100|[from] item: Leftovers
|-damage|p1a: Eldegoss|84/100 tox|[from] psn
|upkeep
|turn|36
|
|t:|1666050644
|switch|p2a: Malamar|Malamar, F|99/100
|-damage|p2a: Malamar|75/100|[from] Spikes
|move|p1a: Eldegoss|Aromatherapy|p1a: Eldegoss
|-activate|p1a: Eldegoss|move: Aromatherapy
|-curestatus|p1a: Eldegoss|tox|[msg]
|-curestatus|p1: Gigalith|tox|[msg]
|
|-weather|none
|-heal|p2a: Malamar|81/100|[from] item: Leftovers
|upkeep
|turn|37
|
|t:|1666050655
|switch|p2a: Tangela|Tangela, M|100/100
|-damage|p2a: Tangela|76/100|[from] Spikes
|switch|p1a: Ribombee|Ribombee, F|68/100
|
|upkeep
|turn|38
|
|t:|1666050659
|switch|p2a: Audino|Audino, F|92/100
|-damage|p2a: Audino|67/100|[from] Spikes
|move|p1a: Ribombee|Switcheroo|p2a: Audino
|-activate|p1a: Ribombee|move: Trick|[of] p2a: Audino
|-enditem|p2a: Audino|Choice Specs|[silent]|[from] move: Switcheroo
|-item|p1a: Ribombee|Choice Specs|[from] move: Switcheroo
|
|upkeep
|turn|39
|
|t:|1666050667
|move|p2a: Audino|Protect|p2a: Audino
|-singleturn|p2a: Audino|Protect
|move|p1a: Ribombee|Switcheroo|p2a: Audino
|-activate|p2a: Audino|move: Protect
|
|upkeep
|turn|40
|
|t:|1666050670
|switch|p2a: Tangela|Tangela, M|100/100
|-damage|p2a: Tangela|76/100|[from] Spikes
|move|p1a: Ribombee|Switcheroo|p2a: Tangela
|-activate|p1a: Ribombee|move: Trick|[of] p2a: Tangela
|-item|p2a: Tangela|Choice Specs|[from] move: Switcheroo
|-item|p1a: Ribombee|Eviolite|[from] move: Switcheroo
|
|upkeep
|turn|41
|
|t:|1666050676
|switch|p2a: Audino|Audino, F|100/100
|-damage|p2a: Audino|76/100|[from] Spikes
|move|p1a: Ribombee|Bug Buzz|p2a: Audino
|-damage|p2a: Audino|49/100
|
|upkeep
|turn|42
|
|t:|1666050681
|move|p1a: Ribombee|U-turn|p2a: Audino
|-damage|p2a: Audino|36/100
|
|t:|1666050687
|switch|p1a: Ferroseed|Ferroseed, M|85/100|[from]move: U-turn
|move|p2a: Audino|Wish|p2a: Audino
|
|upkeep
|turn|43
|
|t:|1666050691
|move|p2a: Audino|Protect|p2a: Audino
|-singleturn|p2a: Audino|Protect
|move|p1a: Ferroseed|Leech Seed|p2a: Audino
|-activate|p2a: Audino|move: Protect
|
|-heal|p2a: Audino|86/100|[from] move: Wish|[wisher] Audino
|upkeep
|turn|44
|
|t:|1666050695
|switch|p2a: Tangela|Tangela, M|100/100
|-damage|p2a: Tangela|76/100|[from] Spikes
|switch|p1a: Togedemaru|Togedemaru, F|81/100
|
|upkeep
|turn|45
|
|t:|1666050704
|move|p1a: Togedemaru|Toxic|p2a: Tangela
|-status|p2a: Tangela|tox
|move|p2a: Tangela|Leech Seed|p1a: Togedemaru
|-start|p1a: Togedemaru|move: Leech Seed
|
|-damage|p1a: Togedemaru|68/100|[from] Leech Seed|[of] p2a: Tangela
|-heal|p2a: Tangela|86/100 tox|[silent]
|-damage|p2a: Tangela|80/100 tox|[from] psn
|upkeep
|turn|46
|
|t:|1666050712
|switch|p1a: Gigalith|Gigalith, F|82/100
|-weather|Sandstorm|[from] ability: Sand Stream|[of] p1a: Gigalith
|switch|p2a: Quagsire|Quagsire, M|82/100
|-damage|p2a: Quagsire|57/100|[from] Spikes
|
|-weather|Sandstorm|[upkeep]
|-heal|p2a: Quagsire|63/100|[from] item: Leftovers
|upkeep
|turn|47
|
|t:|1666050715
|switch|p1a: Eldegoss|Eldegoss, F|100/100
|move|p2a: Quagsire|Recover|p2a: Quagsire
|-heal|p2a: Quagsire|100/100
|
|-weather|Sandstorm|[upkeep]
|-damage|p1a: Eldegoss|94/100|[from] Sandstorm
|upkeep
|turn|48
|
|t:|1666050722
|switch|p2a: Audino|Audino, F|100/100
|-damage|p2a: Audino|76/100|[from] Spikes
|move|p1a: Eldegoss|Sleep Powder|p2a: Audino
|-status|p2a: Audino|slp|[from] move: Sleep Powder
|
|-weather|Sandstorm|[upkeep]
|-damage|p1a: Eldegoss|88/100|[from] Sandstorm
|-damage|p2a: Audino|70/100 slp|[from] Sandstorm
|upkeep
|turn|49
|
|t:|1666050732
|switch|p1a: Sandaconda|Sandaconda, M|100/100
|cant|p2a: Audino|slp
|
|-weather|Sandstorm|[upkeep]
|-damage|p2a: Audino|63/100 slp|[from] Sandstorm
|upkeep
|turn|50
|
|t:|1666050736
|switch|p2a: Tangela|Tangela, M|100/100 tox
|-damage|p2a: Tangela|76/100 tox|[from] Spikes
|move|p1a: Sandaconda|Earthquake|p2a: Tangela
|-resisted|p2a: Tangela
|-damage|p2a: Tangela|63/100 tox
|
|-weather|none
|-damage|p2a: Tangela|57/100 tox|[from] psn
|upkeep
|turn|51
|
|t:|1666050743
|switch|p1a: Ferroseed|Ferroseed, M|85/100
|move|p2a: Tangela|Giga Drain|p1a: Ferroseed
|-resisted|p1a: Ferroseed
|-damage|p1a: Ferroseed|73/100
|-heal|p2a: Tangela|62/100 tox|[from] drain|[of] p1a: Ferroseed
|
|-damage|p2a: Tangela|50/100 tox|[from] psn
|upkeep
|turn|52
|
|t:|1666050758
|switch|p2a: Audino|Audino, F|97/100 slp
|-damage|p2a: Audino|72/100 slp|[from] Spikes
|switch|p1a: Togedemaru|Togedemaru, F|68/100
|
|upkeep
|turn|53
|
|t:|1666050765
|cant|p2a: Audino|slp
|move|p1a: Togedemaru|U-turn|p2a: Audino
|-damage|p2a: Audino|51/100 slp
|
|t:|1666050768
|switch|p1a: Gigalith|Gigalith, F|82/100|[from]move: U-turn
|-weather|Sandstorm|[from] ability: Sand Stream|[of] p1a: Gigalith
|
|-weather|Sandstorm|[upkeep]
|-damage|p2a: Audino|45/100 slp|[from] Sandstorm
|upkeep
|turn|54
|
|t:|1666050772
|switch|p2a: Quagsire|Quagsire, M|100/100
|-damage|p2a: Quagsire|76/100|[from] Spikes
|move|p1a: Gigalith|Toxic|p2a: Quagsire
|-status|p2a: Quagsire|tox
|
|-weather|Sandstorm|[upkeep]
|-heal|p2a: Quagsire|82/100 tox|[from] item: Leftovers
|-damage|p2a: Quagsire|76/100 tox|[from] psn
|upkeep
|turn|55
|
|t:|1666050777
|switch|p1a: Eldegoss|Eldegoss, F|100/100
|move|p2a: Quagsire|Recover|p2a: Quagsire
|-heal|p2a: Quagsire|100/100 tox
|
|-weather|Sandstorm|[upkeep]
|-damage|p1a: Eldegoss|94/100|[from] Sandstorm
|-damage|p2a: Quagsire|88/100 tox|[from] psn
|upkeep
|turn|56
|
|t:|1666050785
|switch|p1a: Ribombee|Ribombee, F|68/100
|switch|p2a: Audino|Audino, F|78/100 slp
|-damage|p2a: Audino|53/100 slp|[from] Spikes
|
|-weather|Sandstorm|[upkeep]
|-damage|p1a: Ribombee|62/100|[from] Sandstorm
|-damage|p2a: Audino|47/100 slp|[from] Sandstorm
|upkeep
|turn|57
|
|t:|1666050794
|move|p1a: Ribombee|U-turn|p2a: Audino
|-damage|p2a: Audino|35/100 slp
|
|t:|1666050800
|switch|p1a: Sandaconda|Sandaconda, M|100/100|[from]move: U-turn
|-curestatus|p2a: Audino|slp|[msg]
|move|p2a: Audino|Wish|p2a: Audino
|
|-weather|none
|upkeep
|turn|58
|
|t:|1666050806
|move|p2a: Audino|Protect|p2a: Audino
|-singleturn|p2a: Audino|Protect
|move|p1a: Sandaconda|Coil|p1a: Sandaconda
|-boost|p1a: Sandaconda|atk|1
|-boost|p1a: Sandaconda|def|1
|-boost|p1a: Sandaconda|accuracy|1
|
|-heal|p2a: Audino|85/100|[from] move: Wish|[wisher] Audino
|upkeep
|turn|59
|
|t:|1666050814
|switch|p2a: Tangela|Tangela, M|83/100 tox
|-damage|p2a: Tangela|59/100 tox|[from] Spikes
|move|p1a: Sandaconda|Earthquake|p2a: Tangela
|-resisted|p2a: Tangela
|-damage|p2a: Tangela|42/100 tox
|
|-damage|p2a: Tangela|36/100 tox|[from] psn
|upkeep
|turn|60
|
|t:|1666050821
|switch|p1a: Ferroseed|Ferroseed, M|73/100
|move|p2a: Tangela|Leech Seed|p1a: Ferroseed
|-immune|p1a: Ferroseed
|
|-damage|p2a: Tangela|24/100 tox|[from] psn
|upkeep
|turn|61
|
|t:|1666050830
|switch|p2a: Weezing|Weezing, M|88/100
|-ability|p2a: Weezing|Neutralizing Gas
|-damage|p2a: Weezing|63/100|[from] Spikes
|switch|p1a: Gigalith|Gigalith, F|82/100
|
|-heal|p2a: Weezing|69/100|[from] item: Black Sludge
|upkeep
|turn|62
|
|t:|1666050842
|switch|p1a: Ferroseed|Ferroseed, M|73/100
|move|p2a: Weezing|Will-O-Wisp|p1a: Ferroseed
|-status|p1a: Ferroseed|brn
|
|-heal|p2a: Weezing|75/100|[from] item: Black Sludge
|-damage|p1a: Ferroseed|67/100 brn|[from] brn
|upkeep
|turn|63
|
|t:|1666050846
|move|p2a: Weezing|Toxic Spikes|p1a: Ferroseed
|-sidestart|p1: Yeet YOLO 6969|move: Toxic Spikes
|move|p1a: Ferroseed|Leech Seed|p2a: Weezing
|-start|p2a: Weezing|move: Leech Seed
|
|-heal|p2a: Weezing|81/100|[from] item: Black Sludge
|-damage|p2a: Weezing|69/100|[from] Leech Seed|[of] p1a: Ferroseed
|-heal|p1a: Ferroseed|81/100 brn|[silent]
|-damage|p1a: Ferroseed|75/100 brn|[from] brn
|upkeep
|turn|64
|
|t:|1666050852
|switch|p1a: Eldegoss|Eldegoss, F|100/100
|-status|p1a: Eldegoss|psn
|move|p2a: Weezing|Toxic Spikes|p1a: Eldegoss
|-sidestart|p1: Yeet YOLO 6969|move: Toxic Spikes
|
|-heal|p2a: Weezing|75/100|[from] item: Black Sludge
|-damage|p2a: Weezing|63/100|[from] Leech Seed|[of] p1a: Eldegoss
|-damage|p1a: Eldegoss|88/100 psn|[from] psn
|upkeep
|turn|65
|
|t:|1666050858
|move|p2a: Weezing|Rest|p2a: Weezing
|-status|p2a: Weezing|slp|[from] move: Rest
|-heal|p2a: Weezing|100/100 slp|[silent]
|move|p1a: Eldegoss|Rapid Spin|p2a: Weezing
|-damage|p2a: Weezing|96/100 slp
|-boost|p1a: Eldegoss|spe|1
|-sideend|p1: Yeet YOLO 6969|Toxic Spikes|[from] move: Rapid Spin|[of] p1a: Eldegoss
|
|-heal|p2a: Weezing|100/100 slp|[from] item: Black Sludge
|-damage|p2a: Weezing|88/100 slp|[from] Leech Seed|[of] p1a: Eldegoss
|-heal|p1a: Eldegoss|100/100 psn|[silent]
|-damage|p1a: Eldegoss|88/100 psn|[from] psn
|upkeep
|turn|66
|
|t:|1666050865
|switch|p1a: Ferroseed|Ferroseed, M|75/100 brn
|-end|p2a: Weezing|ability: Neutralizing Gas
|switch|p2a: Audino|Audino, F|100/100
|-damage|p2a: Audino|76/100|[from] Spikes
|
|-damage|p1a: Ferroseed|69/100 brn|[from] brn
|upkeep
|turn|67
|
|t:|1666050871
|move|p2a: Audino|Heal Bell|p2a: Audino
|-activate|p2a: Audino|move: Heal Bell
|-curestatus|p2: Quagsire|tox|[msg]
|-curestatus|p2: Tangela|tox|[msg]
|-curestatus|p2: Weezing|slp|[msg]
|move|p1a: Ferroseed|Leech Seed|p2a: Audino
|-start|p2a: Audino|move: Leech Seed
|
|-damage|p2a: Audino|63/100|[from] Leech Seed|[of] p1a: Ferroseed
|-heal|p1a: Ferroseed|86/100 brn|[silent]
|-damage|p1a: Ferroseed|80/100 brn|[from] brn
|upkeep
|turn|68
|
|t:|1666050892
|switch|p2a: Tangela|Tangela, M|57/100
|-damage|p2a: Tangela|32/100|[from] Spikes
|move|p1a: Ferroseed|Knock Off|p2a: Tangela
|-damage|p2a: Tangela|27/100
|-enditem|p2a: Tangela|Choice Specs|[from] move: Knock Off|[of] p1a: Ferroseed
|
|-damage|p1a: Ferroseed|74/100 brn|[from] brn
|upkeep
|turn|69
|
|t:|1666050904
|switch|p2a: Audino|Audino, F|96/100
|-damage|p2a: Audino|71/100|[from] Spikes
|switch|p1a: Eldegoss|Eldegoss, F|88/100 psn
|
|-damage|p1a: Eldegoss|76/100 psn|[from] psn
|upkeep
|turn|70
|
|t:|1666050909
|move|p1a: Eldegoss|Sleep Powder|p2a: Audino
|-status|p2a: Audino|slp|[from] move: Sleep Powder
|cant|p2a: Audino|slp
|
|-damage|p1a: Eldegoss|63/100 psn|[from] psn
|upkeep
|turn|71
|
|t:|1666050916
|switch|p1a: Gigalith|Gigalith, F|82/100
|-weather|Sandstorm|[from] ability: Sand Stream|[of] p1a: Gigalith
|cant|p2a: Audino|slp
|
|-weather|Sandstorm|[upkeep]
|-damage|p2a: Audino|65/100 slp|[from] Sandstorm
|upkeep
|turn|72
|
|t:|1666050919
|switch|p2a: Quagsire|Quagsire, M|88/100
|-damage|p2a: Quagsire|63/100|[from] Spikes
|move|p1a: Gigalith|Rock Blast|p2a: Quagsire
|-resisted|p2a: Quagsire
|-damage|p2a: Quagsire|55/100
|-resisted|p2a: Quagsire
|-damage|p2a: Quagsire|48/100
|-resisted|p2a: Quagsire
|-damage|p2a: Quagsire|40/100
|-hitcount|p2a: Quagsire|3
|
|-weather|Sandstorm|[upkeep]
|-heal|p2a: Quagsire|46/100|[from] item: Leftovers
|upkeep
|turn|73
|
|t:|1666050930
|move|p2a: Quagsire|Recover|p2a: Quagsire
|-heal|p2a: Quagsire|96/100
|move|p1a: Gigalith|Rock Blast|p2a: Quagsire
|-resisted|p2a: Quagsire
|-damage|p2a: Quagsire|88/100
|-resisted|p2a: Quagsire
|-damage|p2a: Quagsire|80/100
|-resisted|p2a: Quagsire
|-damage|p2a: Quagsire|71/100
|-resisted|p2a: Quagsire
|-damage|p2a: Quagsire|64/100
|-hitcount|p2a: Quagsire|4
|
|-weather|Sandstorm|[upkeep]
|-heal|p2a: Quagsire|70/100|[from] item: Leftovers
|upkeep
|turn|74
|
|t:|1666050941
|switch|p1a: Eldegoss|Eldegoss, F|97/100 psn
|move|p2a: Quagsire|Toxic||[still]
|-fail|p2a: Quagsire
|
|-weather|Sandstorm|[upkeep]
|-damage|p1a: Eldegoss|91/100 psn|[from] Sandstorm
|-heal|p2a: Quagsire|76/100|[from] item: Leftovers
|-damage|p1a: Eldegoss|78/100 psn|[from] psn
|upkeep
|turn|75
|
|t:|1666050948
|switch|p1a: Sandaconda|Sandaconda, M|100/100
|switch|p2a: Audino|Audino, F|99/100 slp
|-damage|p2a: Audino|74/100 slp|[from] Spikes
|
|-weather|none
|upkeep
|turn|76
|
|t:|1666050951
|switch|p2a: Tangela|Tangela, M|61/100
|-damage|p2a: Tangela|36/100|[from] Spikes
|move|p1a: Sandaconda|Coil|p1a: Sandaconda
|-boost|p1a: Sandaconda|atk|1
|-boost|p1a: Sandaconda|def|1
|-boost|p1a: Sandaconda|accuracy|1
|
|upkeep
|turn|77
|
|t:|1666050955
|move|p1a: Sandaconda|Coil|p1a: Sandaconda
|-boost|p1a: Sandaconda|atk|1
|-boost|p1a: Sandaconda|def|1
|-boost|p1a: Sandaconda|accuracy|1
|move|p2a: Tangela|Giga Drain|p1a: Sandaconda
|-supereffective|p1a: Sandaconda
|-damage|p1a: Sandaconda|47/100
|-heal|p2a: Tangela|64/100|[from] drain|[of] p1a: Sandaconda
|
|-heal|p1a: Sandaconda|53/100|[from] item: Leftovers
|upkeep
|turn|78
|
|t:|1666050958
|move|p1a: Sandaconda|Stone Edge|p2a: Tangela
|-damage|p2a: Tangela|33/100
|move|p2a: Tangela|Leech Seed|p1a: Sandaconda
|-start|p1a: Sandaconda|move: Leech Seed
|
|-heal|p1a: Sandaconda|59/100|[from] item: Leftovers
|-damage|p1a: Sandaconda|47/100|[from] Leech Seed|[of] p2a: Tangela
|-heal|p2a: Tangela|46/100|[silent]
|upkeep
|turn|79
|l| SketchyTactic
|
|t:|1666050962
|move|p1a: Sandaconda|Coil|p1a: Sandaconda
|-boost|p1a: Sandaconda|atk|1
|-boost|p1a: Sandaconda|def|1
|-boost|p1a: Sandaconda|accuracy|1
|move|p2a: Tangela|Giga Drain|p1a: Sandaconda
|-supereffective|p1a: Sandaconda
|-damage|p1a: Sandaconda|0 fnt
|-heal|p2a: Tangela|70/100|[from] drain|[of] p1a: Sandaconda
|faint|p1a: Sandaconda
|
|upkeep
|
|t:|1666050965
|switch|p1a: Ribombee|Ribombee, F|62/100
|turn|80
|
|t:|1666050969
|switch|p2a: Audino|Audino, F|100/100 slp
|-damage|p2a: Audino|76/100 slp|[from] Spikes
|move|p1a: Ribombee|Bug Buzz|p2a: Audino
|-damage|p2a: Audino|49/100 slp
|
|upkeep
|turn|81
|
|t:|1666050974
|-curestatus|p2a: Audino|slp|[msg]
|move|p2a: Audino|Protect|p2a: Audino
|-singleturn|p2a: Audino|Protect
|move|p1a: Ribombee|U-turn|p2a: Audino
|-activate|p2a: Audino|move: Protect
|
|upkeep
|turn|82
|j| SketchyTactic
|
|t:|1666050980
|move|p1a: Ribombee|Moonblast|p2a: Audino
|-damage|p2a: Audino|22/100
|move|p2a: Audino|Wish|p2a: Audino
|
|upkeep
|turn|83
|
|t:|1666050988
|move|p2a: Audino|Protect|p2a: Audino
|-singleturn|p2a: Audino|Protect
|move|p1a: Ribombee|Moonblast|p2a: Audino
|-activate|p2a: Audino|move: Protect
|
|-heal|p2a: Audino|72/100|[from] move: Wish|[wisher] Audino
|upkeep
|turn|84
|
|t:|1666051001
|move|p1a: Ribombee|Moonblast|p2a: Audino
|-damage|p2a: Audino|46/100
|-unboost|p2a: Audino|spa|1
|move|p2a: Audino|Knock Off|p1a: Ribombee
|-resisted|p1a: Ribombee
|-damage|p1a: Ribombee|48/100
|-enditem|p1a: Ribombee|Eviolite|[from] move: Knock Off|[of] p2a: Audino
|
|upkeep
|turn|85
|
|t:|1666051009
|move|p1a: Ribombee|Moonblast|p2a: Audino
|-damage|p2a: Audino|17/100
|move|p2a: Audino|Wish|p2a: Audino
|
|upkeep
|turn|86
|
|t:|1666051018
|move|p2a: Audino|Protect|p2a: Audino
|-singleturn|p2a: Audino|Protect
|move|p1a: Ribombee|Moonblast|p2a: Audino
|-activate|p2a: Audino|move: Protect
|
|-heal|p2a: Audino|67/100|[from] move: Wish|[wisher] Audino
|upkeep
|turn|87
|
|t:|1666051021
|move|p1a: Ribombee|Moonblast|p2a: Audino
|-damage|p2a: Audino|42/100
|-unboost|p2a: Audino|spa|1
|move|p2a: Audino|Wish|p2a: Audino
|
|upkeep
|turn|88
|
|t:|1666051023
|move|p1a: Ribombee|Bug Buzz|p2a: Audino
|-crit|p2a: Audino
|-damage|p2a: Audino|8/100
|move|p2a: Audino|Knock Off|p1a: Ribombee
|-resisted|p1a: Ribombee
|-damage|p1a: Ribombee|38/100
|
|-heal|p2a: Audino|58/100|[from] move: Wish|[wisher] Audino
|upkeep
|turn|89
|
|t:|1666051027
|move|p1a: Ribombee|Bug Buzz|p2a: Audino
|-damage|p2a: Audino|31/100
|move|p2a: Audino|Wish|p2a: Audino
|
|upkeep
|turn|90
|
|t:|1666051030
|move|p2a: Audino|Protect|p2a: Audino
|-singleturn|p2a: Audino|Protect
|move|p1a: Ribombee|Bug Buzz|p2a: Audino
|-activate|p2a: Audino|move: Protect
|
|-heal|p2a: Audino|81/100|[from] move: Wish|[wisher] Audino
|upkeep
|turn|91
|
|t:|1666051034
|move|p1a: Ribombee|Bug Buzz|p2a: Audino
|-damage|p2a: Audino|55/100
|move|p2a: Audino|Wish|p2a: Audino
|
|upkeep
|turn|92
|
|t:|1666051036
|move|p1a: Ribombee|Bug Buzz|p2a: Audino
|-damage|p2a: Audino|31/100
|move|p2a: Audino|Knock Off|p1a: Ribombee
|-resisted|p1a: Ribombee
|-damage|p1a: Ribombee|28/100
|
|-heal|p2a: Audino|81/100|[from] move: Wish|[wisher] Audino
|upkeep
|turn|93
|
|t:|1666051039
|move|p2a: Audino|Protect|p2a: Audino
|-singleturn|p2a: Audino|Protect
|move|p1a: Ribombee|Bug Buzz|p2a: Audino
|-activate|p2a: Audino|move: Protect
|
|upkeep
|turn|94
|
|t:|1666051041
|move|p1a: Ribombee|Bug Buzz|p2a: Audino
|-damage|p2a: Audino|55/100
|move|p2a: Audino|Wish|p2a: Audino
|
|upkeep
|turn|95
|
|t:|1666051045
|move|p1a: Ribombee|U-turn|p2a: Audino
|-damage|p2a: Audino|43/100
|
|t:|1666051048
|switch|p1a: Ferroseed|Ferroseed, M|74/100 brn|[from]move: U-turn
|move|p2a: Audino|Knock Off|p1a: Ferroseed
|-crit|p1a: Ferroseed
|-damage|p1a: Ferroseed|61/100 brn
|-damage|p2a: Audino|30/100|[from] ability: Iron Barbs|[of] p1a: Ferroseed
|
|-heal|p2a: Audino|80/100|[from] move: Wish|[wisher] Audino
|-damage|p1a: Ferroseed|55/100 brn|[from] brn
|upkeep
|turn|96
|
|t:|1666051054
|switch|p2a: Weezing|Weezing, M|88/100
|-ability|p2a: Weezing|Neutralizing Gas
|-damage|p2a: Weezing|63/100|[from] Spikes
|switch|p1a: Eldegoss|Eldegoss, F|100/100 psn
|
|-heal|p2a: Weezing|69/100|[from] item: Black Sludge
|-damage|p1a: Eldegoss|88/100 psn|[from] psn
|upkeep
|turn|97
|
|t:|1666051057
|move|p2a: Weezing|Sludge Bomb|p1a: Eldegoss
|-supereffective|p1a: Eldegoss
|-damage|p1a: Eldegoss|52/100 psn
|move|p1a: Eldegoss|Sleep Powder|p2a: Weezing
|-status|p2a: Weezing|slp|[from] move: Sleep Powder
|
|-heal|p2a: Weezing|75/100 slp|[from] item: Black Sludge
|-damage|p1a: Eldegoss|40/100 psn|[from] psn
|upkeep
|turn|98
|
|t:|1666051065
|switch|p1a: Gigalith|Gigalith, F|82/100
|cant|p2a: Weezing|slp
|
|-heal|p2a: Weezing|81/100 slp|[from] item: Black Sludge
|upkeep
|turn|99
|
|t:|1666051070
|cant|p2a: Weezing|slp
|move|p1a: Gigalith|Rock Blast|p2a: Weezing
|-damage|p2a: Weezing|66/100 slp
|-damage|p2a: Weezing|50/100 slp
|-hitcount|p2a: Weezing|2
|
|-heal|p2a: Weezing|56/100 slp|[from] item: Black Sludge
|upkeep
|turn|100
|
|t:|1666051073
|-curestatus|p2a: Weezing|slp|[msg]
|move|p2a: Weezing|Will-O-Wisp|p1a: Gigalith
|-status|p1a: Gigalith|brn
|move|p1a: Gigalith|Rock Blast|p2a: Weezing
|-damage|p2a: Weezing|49/100
|-damage|p2a: Weezing|42/100
|-damage|p2a: Weezing|34/100
|-damage|p2a: Weezing|27/100
|-hitcount|p2a: Weezing|4
|
|-heal|p2a: Weezing|33/100|[from] item: Black Sludge
|-damage|p1a: Gigalith|76/100 brn|[from] brn
|upkeep
|turn|101
|
|t:|1666051076
|switch|p1a: Eldegoss|Eldegoss, F|40/100 psn
|move|p2a: Weezing|Rest|p2a: Weezing
|-status|p2a: Weezing|slp|[from] move: Rest
|-heal|p2a: Weezing|100/100 slp|[silent]
|
|-damage|p1a: Eldegoss|28/100 psn|[from] psn
|upkeep
|turn|102
|
|t:|1666051080
|cant|p2a: Weezing|slp
|move|p1a: Eldegoss|Aromatherapy|p1a: Eldegoss
|-activate|p1a: Eldegoss|move: Aromatherapy
|-curestatus|p1a: Eldegoss|psn|[msg]
|-curestatus|p1: Gigalith|brn|[msg]
|-curestatus|p1: Ferroseed|brn|[msg]
|
|upkeep
|turn|103
|
|t:|1666051091
|switch|p1a: Ferroseed|Ferroseed, M|55/100
|cant|p2a: Weezing|slp
|
|upkeep
|turn|104
|
|t:|1666051095
|-curestatus|p2a: Weezing|slp|[msg]
|move|p2a: Weezing|Toxic Spikes|p1a: Ferroseed
|-sidestart|p1: Yeet YOLO 6969|move: Toxic Spikes
|move|p1a: Ferroseed|Leech Seed|p2a: Weezing
|-start|p2a: Weezing|move: Leech Seed
|
|-damage|p2a: Weezing|88/100|[from] Leech Seed|[of] p1a: Ferroseed
|-heal|p1a: Ferroseed|69/100|[silent]
|upkeep
|turn|105
|
|t:|1666051102
|move|p2a: Weezing|Toxic Spikes|p1a: Ferroseed
|-sidestart|p1: Yeet YOLO 6969|move: Toxic Spikes
|move|p1a: Ferroseed|Knock Off|p2a: Weezing
|-damage|p2a: Weezing|79/100
|-enditem|p2a: Weezing|Black Sludge|[from] move: Knock Off|[of] p1a: Ferroseed
|
|-damage|p2a: Weezing|67/100|[from] Leech Seed|[of] p1a: Ferroseed
|-heal|p1a: Ferroseed|83/100|[silent]
|upkeep
|turn|106
|
|t:|1666051107
|switch|p1a: Togedemaru|Togedemaru, F|68/100
|move|p2a: Weezing|Rest|p2a: Weezing
|-status|p2a: Weezing|slp|[from] move: Rest
|-heal|p2a: Weezing|100/100 slp|[silent]
|
|-damage|p2a: Weezing|88/100 slp|[from] Leech Seed|[of] p1a: Togedemaru
|-heal|p1a: Togedemaru|84/100|[silent]
|upkeep
|turn|107
|
|t:|1666051118
|move|p1a: Togedemaru|Iron Head|p2a: Weezing
|-damage|p2a: Weezing|63/100 slp
|cant|p2a: Weezing|slp
|
|-damage|p2a: Weezing|51/100 slp|[from] Leech Seed|[of] p1a: Togedemaru
|-heal|p1a: Togedemaru|99/100|[silent]
|upkeep
|turn|108
|
|t:|1666051121
|-end|p2a: Weezing|ability: Neutralizing Gas
|switch|p2a: Tangela|Tangela, M|100/100
|-damage|p2a: Tangela|76/100|[from] Spikes
|move|p1a: Togedemaru|Iron Head|p2a: Tangela
|-damage|p2a: Tangela|52/100
|
|upkeep
|turn|109
|
|t:|1666051126
|move|p1a: Togedemaru|Iron Head|p2a: Tangela
|-damage|p2a: Tangela|30/100
|move|p2a: Tangela|Leech Seed|p1a: Togedemaru
|-start|p1a: Togedemaru|move: Leech Seed
|
|-damage|p1a: Togedemaru|86/100|[from] Leech Seed|[of] p2a: Tangela
|-heal|p2a: Tangela|40/100|[silent]
|upkeep
|turn|110
|
|t:|1666051130
|switch|p1a: Eldegoss|Eldegoss, F|28/100
|-status|p1a: Eldegoss|tox
|move|p2a: Tangela|Knock Off|p1a: Eldegoss
|-damage|p1a: Eldegoss|19/100 tox
|
|-damage|p1a: Eldegoss|13/100 tox|[from] psn
|upkeep
|turn|111
|
|t:|1666051153
|move|p2a: Tangela|Knock Off|p1a: Eldegoss
|-damage|p1a: Eldegoss|3/100 tox
|move|p1a: Eldegoss|Rapid Spin|p2a: Tangela
|-damage|p2a: Tangela|36/100
|-boost|p1a: Eldegoss|spe|1
|-sideend|p1: Yeet YOLO 6969|Toxic Spikes|[from] move: Rapid Spin|[of] p1a: Eldegoss
|
|-damage|p1a: Eldegoss|0 fnt|[from] psn
|faint|p1a: Eldegoss
|upkeep
|
|t:|1666051163
|switch|p1a: Ribombee|Ribombee, F|28/100
|turn|112
|
|t:|1666051166
|switch|p2a: Audino|Audino, F|100/100
|-damage|p2a: Audino|76/100|[from] Spikes
|move|p1a: Ribombee|Bug Buzz|p2a: Audino
|-damage|p2a: Audino|53/100
|
|upkeep
|turn|113
|
|t:|1666051170
|move|p2a: Audino|Protect|p2a: Audino
|-singleturn|p2a: Audino|Protect
|move|p1a: Ribombee|Bug Buzz|p2a: Audino
|-activate|p2a: Audino|move: Protect
|
|upkeep
|turn|114
|
|t:|1666051172
|move|p1a: Ribombee|Bug Buzz|p2a: Audino
|-damage|p2a: Audino|26/100
|move|p2a: Audino|Wish|p2a: Audino
|
|upkeep
|turn|115
|
|t:|1666051180
|move|p2a: Audino|Protect|p2a: Audino
|-singleturn|p2a: Audino|Protect
|move|p1a: Ribombee|Moonblast|p2a: Audino
|-activate|p2a: Audino|move: Protect
|
|-heal|p2a: Audino|76/100|[from] move: Wish|[wisher] Audino
|upkeep
|turn|116
|
|t:|1666051182
|move|p1a: Ribombee|Bug Buzz|p2a: Audino
|-damage|p2a: Audino|50/100
|move|p2a: Audino|Wish|p2a: Audino
|
|upkeep
|turn|117
|
|t:|1666051185
|move|p1a: Ribombee|Moonblast|p2a: Audino
|-damage|p2a: Audino|25/100
|move|p2a: Audino|Knock Off|p1a: Ribombee
|-resisted|p1a: Ribombee
|-damage|p1a: Ribombee|18/100
|
|-heal|p2a: Audino|75/100|[from] move: Wish|[wisher] Audino
|upkeep
|turn|118
|
|t:|1666051192
|move|p1a: Ribombee|U-turn|p2a: Audino
|-damage|p2a: Audino|64/100
|
|t:|1666051194
|switch|p1a: Ferroseed|Ferroseed, M|83/100|[from]move: U-turn
|move|p2a: Audino|Wish|p2a: Audino
|
|upkeep
|turn|119
|l| SketchyTactic
|
|t:|1666051197
|switch|p2a: Weezing|Weezing, M|51/100 slp
|-ability|p2a: Weezing|Neutralizing Gas
|-damage|p2a: Weezing|26/100 slp|[from] Spikes
|move|p1a: Ferroseed|Knock Off|p2a: Weezing
|-damage|p2a: Weezing|20/100 slp
|
|-heal|p2a: Weezing|81/100 slp|[from] move: Wish|[wisher] Audino
|upkeep
|turn|120
|
|t:|1666051203
|-end|p2a: Weezing|ability: Neutralizing Gas
|switch|p2a: Tangela|Tangela, M|69/100
|-damage|p2a: Tangela|44/100|[from] Spikes
|switch|p1a: Gigalith|Gigalith, F|76/100
|-weather|Sandstorm|[from] ability: Sand Stream|[of] p1a: Gigalith
|
|-weather|Sandstorm|[upkeep]
|-damage|p2a: Tangela|38/100|[from] Sandstorm
|upkeep
|turn|121
|j| SketchyTactic
|
|t:|1666051211
|move|p2a: Tangela|Giga Drain|p1a: Gigalith
|-supereffective|p1a: Gigalith
|-damage|p1a: Gigalith|37/100
|-heal|p2a: Tangela|59/100|[from] drain|[of] p1a: Gigalith
|move|p1a: Gigalith|Stone Edge|p2a: Tangela
|-damage|p2a: Tangela|3/100
|
|-weather|Sandstorm|[upkeep]
|-damage|p2a: Tangela|0 fnt|[from] Sandstorm
|faint|p2a: Tangela
|upkeep
|
|t:|1666051216
|switch|p2a: Quagsire|Quagsire, M|76/100
|-damage|p2a: Quagsire|51/100|[from] Spikes
|turn|122
|
|t:|1666051221
|switch|p1a: Ferroseed|Ferroseed, M|83/100
|move|p2a: Quagsire|Recover|p2a: Quagsire
|-heal|p2a: Quagsire|100/100
|
|-weather|Sandstorm|[upkeep]
|upkeep
|turn|123
|
|t:|1666051232
|switch|p2a: Weezing|Weezing, M|81/100 slp
|-ability|p2a: Weezing|Neutralizing Gas
|-damage|p2a: Weezing|56/100 slp|[from] Spikes
|move|p1a: Ferroseed|Knock Off|p2a: Weezing
|-damage|p2a: Weezing|50/100 slp
|
|-weather|Sandstorm|[upkeep]
|-damage|p2a: Weezing|45/100 slp|[from] Sandstorm
|upkeep
|turn|124
|
|t:|1666051234
|cant|p2a: Weezing|slp
|move|p1a: Ferroseed|Leech Seed|p2a: Weezing
|-start|p2a: Weezing|move: Leech Seed
|
|-weather|none
|-damage|p2a: Weezing|32/100 slp|[from] Leech Seed|[of] p1a: Ferroseed
|-heal|p1a: Ferroseed|97/100|[silent]
|upkeep
|turn|125
|
|t:|1666051242
|-curestatus|p2a: Weezing|slp|[msg]
|move|p2a: Weezing|Rest|p2a: Weezing
|-status|p2a: Weezing|slp|[from] move: Rest
|-heal|p2a: Weezing|100/100 slp|[silent]
|move|p1a: Ferroseed|Knock Off|p2a: Weezing
|-damage|p2a: Weezing|95/100 slp
|
|-damage|p2a: Weezing|82/100 slp|[from] Leech Seed|[of] p1a: Ferroseed
|-heal|p1a: Ferroseed|100/100|[silent]
|upkeep
|turn|126
|
|t:|1666051249
|-end|p2a: Weezing|ability: Neutralizing Gas
|switch|p2a: Audino|Audino, F|97/100
|-damage|p2a: Audino|72/100|[from] Spikes
|switch|p1a: Ribombee|Ribombee, F|18/100
|
|upkeep
|turn|127
|
|t:|1666051252
|move|p1a: Ribombee|U-turn|p2a: Audino
|-damage|p2a: Audino|59/100
|
|t:|1666051258
|switch|p1a: Togedemaru|Togedemaru, F|86/100|[from]move: U-turn
|move|p2a: Audino|Knock Off|p1a: Togedemaru
|-damage|p1a: Togedemaru|58/100
|-enditem|p1a: Togedemaru|Choice Scarf|[from] move: Knock Off|[of] p2a: Audino
|
|upkeep
|turn|128
|
|t:|1666051265
|switch|p2a: Quagsire|Quagsire, M|100/100
|-damage|p2a: Quagsire|76/100|[from] Spikes
|move|p1a: Togedemaru|Toxic|p2a: Quagsire
|-status|p2a: Quagsire|tox
|
|-heal|p2a: Quagsire|82/100 tox|[from] item: Leftovers
|-damage|p2a: Quagsire|76/100 tox|[from] psn
|upkeep
|turn|129
|
|t:|1666051269
|switch|p1a: Ferroseed|Ferroseed, M|100/100
|move|p2a: Quagsire|Earthquake|p1a: Ferroseed
|-damage|p1a: Ferroseed|75/100
|
|-heal|p2a: Quagsire|82/100 tox|[from] item: Leftovers
|-damage|p2a: Quagsire|70/100 tox|[from] psn
|upkeep
|turn|130
|
|t:|1666051272
|switch|p2a: Weezing|Weezing, M|82/100 slp
|-ability|p2a: Weezing|Neutralizing Gas
|-damage|p2a: Weezing|57/100 slp|[from] Spikes
|move|p1a: Ferroseed|Knock Off|p2a: Weezing
|-damage|p2a: Weezing|51/100 slp
|
|upkeep
|turn|131
|
|t:|1666051275
|-end|p2a: Weezing|ability: Neutralizing Gas
|switch|p2a: Audino|Audino, F|92/100
|-damage|p2a: Audino|68/100|[from] Spikes
|move|p1a: Ferroseed|Leech Seed|p2a: Audino
|-start|p2a: Audino|move: Leech Seed
|
|-damage|p2a: Audino|55/100|[from] Leech Seed|[of] p1a: Ferroseed
|-heal|p1a: Ferroseed|93/100|[silent]
|upkeep
|turn|132
|
|t:|1666051278
|switch|p1a: Ribombee|Ribombee, F|18/100
|move|p2a: Audino|Wish|p2a: Audino
|
|-damage|p2a: Audino|43/100|[from] Leech Seed|[of] p1a: Ribombee
|-heal|p1a: Ribombee|38/100|[silent]
|upkeep
|turn|133
|
|t:|1666051285
|move|p2a: Audino|Protect|p2a: Audino
|-singleturn|p2a: Audino|Protect
|move|p1a: Ribombee|Moonblast|p2a: Audino
|-activate|p2a: Audino|move: Protect
|
|-heal|p2a: Audino|93/100|[from] move: Wish|[wisher] Audino
|-damage|p2a: Audino|80/100|[from] Leech Seed|[of] p1a: Ribombee
|-heal|p1a: Ribombee|57/100|[silent]
|upkeep
|turn|134
|
|t:|1666051294
|switch|p2a: Malamar|Malamar, F|81/100
|-damage|p2a: Malamar|56/100|[from] Spikes
|move|p1a: Ribombee|Moonblast|p2a: Malamar
|-supereffective|p2a: Malamar
|-damage|p2a: Malamar|0 fnt
|faint|p2a: Malamar
|
|upkeep
|
|t:|1666051296
|switch|p2a: Audino|Audino, F|100/100
|-damage|p2a: Audino|76/100|[from] Spikes
|turn|135
|
|t:|1666051298
|move|p1a: Ribombee|U-turn|p2a: Audino
|-damage|p2a: Audino|63/100
|
|t:|1666051301
|switch|p1a: Ferroseed|Ferroseed, M|93/100|[from]move: U-turn
|move|p2a: Audino|Wish|p2a: Audino
|
|upkeep
|turn|136
|
|t:|1666051306
|switch|p2a: Weezing|Weezing, M|51/100 slp
|-ability|p2a: Weezing|Neutralizing Gas
|-damage|p2a: Weezing|27/100 slp|[from] Spikes
|move|p1a: Ferroseed|Leech Seed|p2a: Weezing
|-start|p2a: Weezing|move: Leech Seed
|
|-heal|p2a: Weezing|88/100 slp|[from] move: Wish|[wisher] Audino
|-damage|p2a: Weezing|76/100 slp|[from] Leech Seed|[of] p1a: Ferroseed
|-heal|p1a: Ferroseed|100/100|[silent]
|upkeep
|turn|137
|
|t:|1666051313
|-end|p2a: Weezing|ability: Neutralizing Gas
|switch|p2a: Audino|Audino, F|96/100
|-damage|p2a: Audino|71/100|[from] Spikes
|switch|p1a: Gigalith|Gigalith, F|37/100
|-weather|Sandstorm|[from] ability: Sand Stream|[of] p1a: Gigalith
|
|-weather|Sandstorm|[upkeep]
|-damage|p2a: Audino|65/100|[from] Sandstorm
|upkeep
|turn|138
|
|t:|1666051316
|move|p2a: Audino|Protect|p2a: Audino
|-singleturn|p2a: Audino|Protect
|move|p1a: Gigalith|Toxic|p2a: Audino
|-activate|p2a: Audino|move: Protect
|
|-weather|Sandstorm|[upkeep]
|-damage|p2a: Audino|59/100|[from] Sandstorm
|upkeep
|turn|139
|
|t:|1666051322
|switch|p2a: Quagsire|Quagsire, M|70/100 tox
|-damage|p2a: Quagsire|45/100 tox|[from] Spikes
|move|p1a: Gigalith|Toxic|p2a: Quagsire
|-fail|p2a: Quagsire|tox
|
|-weather|Sandstorm|[upkeep]
|-heal|p2a: Quagsire|51/100 tox|[from] item: Leftovers
|-damage|p2a: Quagsire|45/100 tox|[from] psn
|upkeep
|turn|140
|
|t:|1666051324
|switch|p1a: Ferroseed|Ferroseed, M|100/100
|move|p2a: Quagsire|Recover|p2a: Quagsire
|-heal|p2a: Quagsire|95/100 tox
|
|-weather|Sandstorm|[upkeep]
|-heal|p2a: Quagsire|100/100 tox|[from] item: Leftovers
|-damage|p2a: Quagsire|88/100 tox|[from] psn
|upkeep
|turn|141
|
|t:|1666051329
|move|p2a: Quagsire|Scald|p1a: Ferroseed
|-resisted|p1a: Ferroseed
|-damage|p1a: Ferroseed|87/100
|move|p1a: Ferroseed|Knock Off|p2a: Quagsire
|-damage|p2a: Quagsire|80/100 tox
|-enditem|p2a: Quagsire|Leftovers|[from] move: Knock Off|[of] p1a: Ferroseed
|
|-weather|none
|-damage|p2a: Quagsire|62/100 tox|[from] psn
|upkeep
|turn|142
|
|t:|1666051339
|switch|p2a: Audino|Audino, F|92/100
|-damage|p2a: Audino|68/100|[from] Spikes
|move|p1a: Ferroseed|Leech Seed|p2a: Audino
|-start|p2a: Audino|move: Leech Seed
|
|-damage|p2a: Audino|55/100|[from] Leech Seed|[of] p1a: Ferroseed
|-heal|p1a: Ferroseed|100/100|[silent]
|upkeep
|turn|143
|
|t:|1666051347
|switch|p1a: Gigalith|Gigalith, F|37/100
|-weather|Sandstorm|[from] ability: Sand Stream|[of] p1a: Gigalith
|move|p2a: Audino|Heal Bell|p2a: Audino
|-activate|p2a: Audino|move: Heal Bell
|-curestatus|p2: Quagsire|tox|[msg]
|-curestatus|p2: Weezing|slp|[msg]
|
|-weather|Sandstorm|[upkeep]
|-damage|p2a: Audino|49/100|[from] Sandstorm
|-damage|p2a: Audino|37/100|[from] Leech Seed|[of] p1a: Gigalith
|-heal|p1a: Gigalith|51/100|[silent]
|upkeep
|turn|144
|
|t:|1666051351
|switch|p2a: Quagsire|Quagsire, M|62/100
|-damage|p2a: Quagsire|37/100|[from] Spikes
|move|p1a: Gigalith|Earthquake|p2a: Quagsire
|-damage|p2a: Quagsire|0 fnt
|faint|p2a: Quagsire
|
|-weather|Sandstorm|[upkeep]
|upkeep
|
|t:|1666051356
|switch|p2a: Weezing|Weezing, M|76/100
|-ability|p2a: Weezing|Neutralizing Gas
|-damage|p2a: Weezing|51/100|[from] Spikes
|turn|145
|
|t:|1666051362
|switch|p1a: Ferroseed|Ferroseed, M|100/100
|move|p2a: Weezing|Will-O-Wisp|p1a: Ferroseed
|-status|p1a: Ferroseed|brn
|
|-weather|Sandstorm|[upkeep]
|-damage|p2a: Weezing|45/100|[from] Sandstorm
|-damage|p1a: Ferroseed|94/100 brn|[from] brn
|upkeep
|turn|146
|
|t:|1666051368
|move|p2a: Weezing|Toxic Spikes|p1a: Ferroseed
|-sidestart|p1: Yeet YOLO 6969|move: Toxic Spikes
|move|p1a: Ferroseed|Leech Seed|p2a: Weezing
|-start|p2a: Weezing|move: Leech Seed
|
|-weather|Sandstorm|[upkeep]
|-damage|p2a: Weezing|39/100|[from] Sandstorm
|-damage|p2a: Weezing|27/100|[from] Leech Seed|[of] p1a: Ferroseed
|-heal|p1a: Ferroseed|100/100 brn|[silent]
|-damage|p1a: Ferroseed|94/100 brn|[from] brn
|upkeep
|turn|147
|
|t:|1666051374
|switch|p1a: Togedemaru|Togedemaru, F|58/100
|move|p2a: Weezing|Toxic Spikes|p1a: Togedemaru
|-sidestart|p1: Yeet YOLO 6969|move: Toxic Spikes
|
|-weather|none
|-damage|p2a: Weezing|14/100|[from] Leech Seed|[of] p1a: Togedemaru
|-heal|p1a: Togedemaru|73/100|[silent]
|upkeep
|turn|148
|
|t:|1666051378
|move|p1a: Togedemaru|Iron Head|p2a: Weezing
|-damage|p2a: Weezing|0 fnt
|faint|p2a: Weezing
|-end|p2a: Weezing|ability: Neutralizing Gas
|
|upkeep
|
|t:|1666051381
|switch|p2a: Audino|Audino, F|70/100
|-damage|p2a: Audino|45/100|[from] Spikes
|turn|149
|
|t:|1666051384
|move|p1a: Togedemaru|Toxic|p2a: Audino
|-status|p2a: Audino|tox
|move|p2a: Audino|Wish|p2a: Audino
|
|-damage|p2a: Audino|39/100 tox|[from] psn
|upkeep
|turn|150
|
|t:|1666051387
|move|p1a: Togedemaru|Iron Head|p2a: Audino
|-damage|p2a: Audino|7/100 tox
|move|p2a: Audino|Heal Bell|p2a: Audino
|-activate|p2a: Audino|move: Heal Bell
|-curestatus|p2a: Audino|tox|[msg]
|
|-heal|p2a: Audino|57/100|[from] move: Wish|[wisher] Audino
|upkeep
|turn|151
|
|t:|1666051390
|move|p1a: Togedemaru|Toxic|p2a: Audino
|-status|p2a: Audino|tox
|move|p2a: Audino|Knock Off|p1a: Togedemaru
|-damage|p1a: Togedemaru|56/100
|
|-damage|p2a: Audino|50/100 tox|[from] psn
|upkeep
|turn|152
|-message|Magicgenie forfeited.
|
|win|Yeet YOLO 6969
|raw|Yeet YOLO 6969's rating: 1441 &rarr; <strong>1459</strong><br />(+18 for winning)
|raw|Magicgenie's rating: 1400 &rarr; <strong>1382</strong><br />(-18 for losing)
|c|☆Yeet YOLO 6969|gg
||Ladder isn't responding, score probably updated but might not have (Request timeout).
