|j|☆un vigoroth
|j|☆Notmlg
|t:|1597680995
|player|p1|un vigoroth|swimmer-gen4dp|1457
|player|p2|Notmlg|linebacker|1282
|teamsize|p1|6
|teamsize|p2|6
|gametype|singles
|gen|8
|tier|[Gen 8] PU
|rated|
|clearpoke
|poke|p1|Unfezant, M|
|poke|p1|Klinklang|
|poke|p1|Kadabra, F|
|poke|p1|Stunfisk, M|
|poke|p1|Lapras, F|
|poke|p1|Appletun, F|
|poke|p2|Appletun, M|
|poke|p2|Lapras, M|
|poke|p2|Dubwool, F|
|poke|p2|Sandslash, F|
|poke|p2|Morpeko, F|
|poke|p2|Lilligant, F|
|rule|Sleep Clause Mod: Limit one foe put to sleep
|rule|Species Clause: Limit one of each Pokémon
|rule|OHKO Clause: OHKO moves are banned
|rule|Evasion Moves Clause: Evasion moves are banned
|rule|Endless Battle Clause: Forcing endless battles is banned
|rule|HP Percentage Mod: HP is shown in percentages
|rule|Dynamax Clause: You cannot dynamax
|teampreview
|inactive|Battle timer is ON: inactive players will automatically lose when time's up. (requested by Notmlg)
|c|☆Notmlg|gl hf
|c|☆un vigoroth|glhf
|
|t:|1597681021
|start
|switch|p1a: Lapras|Lapras, F|100/100
|switch|p2a: Lilligant|Lilligant, F|100/100
|turn|1
|
|t:|1597681039
|switch|p1a: Unfezant|Unfezant, M|100/100
|move|p2a: Lilligant|Sleep Powder|p1a: Unfezant
|-status|p1a: Unfezant|slp|[from] move: Sleep Powder
|
|upkeep
|turn|2
|
|t:|1597681044
|switch|p2a: Sandslash|Sandslash, F|100/100
|cant|p1a: Unfezant|slp
|move|p1a: Unfezant|Sleep Talk|p1a: Unfezant
|move|p1a: Unfezant|U-turn|p2a: Sandslash|[from]Sleep Talk
|-damage|p2a: Sandslash|84/100
|-damage|p1a: Unfezant|84/100 slp|[from] item: Rocky Helmet|[of] p2a: Sandslash
|j| tyftfkkhgfhgf
|
|t:|1597681049
|switch|p1a: Lapras|Lapras, F|100/100|[from]move: U-turn
|
|upkeep
|turn|3
|
|t:|1597681053
|move|p1a: Lapras|Freeze-Dry|p2a: Sandslash
|-supereffective|p2a: Sandslash
|-damage|p2a: Sandslash|0 fnt
|faint|p2a: Sandslash
|
|upkeep
|
|t:|1597681057
|switch|p2a: Morpeko|Morpeko, F|100/100
|turn|4
|c| tyftfkkhgfhgf|Lol dubwool 6-0s
|c|☆un vigoroth|no
|
|t:|1597681069
|switch|p1a: Stunfisk|Stunfisk, M|100/100
|move|p2a: Morpeko|Aura Wheel|p1a: Stunfisk
|-immune|p1a: Stunfisk
|
|-formechange|p2a: Morpeko|Morpeko-Hangry||[from] ability: Hunger Switch
|upkeep
|turn|5
|
|t:|1597681087
|move|p2a: Morpeko|Parting Shot|p1a: Stunfisk
|-unboost|p1a: Stunfisk|atk|1
|-unboost|p1a: Stunfisk|spa|1
|c| tyftfkkhgfhgf|Unless maybe kadabra has sash counter
|
|t:|1597681092
|switch|p2a: Lilligant|Lilligant, F|100/100|[from]move: Parting Shot
|move|p1a: Stunfisk|Stealth Rock|p2a: Lilligant
|-sidestart|p2: Notmlg|move: Stealth Rock
|
|upkeep
|turn|6
|c|☆un vigoroth|nope
|c|☆un vigoroth|its LO
|
|t:|1597681104
|switch|p1a: Klinklang|Klinklang|100/100
|move|p2a: Lilligant|Quiver Dance|p2a: Lilligant
|-boost|p2a: Lilligant|spa|1
|-boost|p2a: Lilligant|spd|1
|-boost|p2a: Lilligant|spe|1
|
|upkeep
|turn|7
|
|t:|1597681108
|move|p2a: Lilligant|Giga Drain|p1a: Klinklang
|-resisted|p1a: Klinklang
|-damage|p1a: Klinklang|69/100
|-damage|p2a: Lilligant|91/100|[from] item: Life Orb
|move|p1a: Klinklang|Shift Gear|p1a: Klinklang
|-boost|p1a: Klinklang|spe|2
|-boost|p1a: Klinklang|atk|1
|
|-heal|p1a: Klinklang|75/100|[from] item: Leftovers
|upkeep
|turn|8
|
|t:|1597681115
|move|p1a: Klinklang|Toxic|p2a: Lilligant
|-status|p2a: Lilligant|tox
|move|p2a: Lilligant|Giga Drain|p1a: Klinklang
|-resisted|p1a: Klinklang
|-damage|p1a: Klinklang|42/100
|-heal|p2a: Lilligant|100/100 tox|[from] drain|[of] p1a: Klinklang
|-damage|p2a: Lilligant|91/100 tox|[from] item: Life Orb
|
|-heal|p1a: Klinklang|48/100|[from] item: Leftovers
|-damage|p2a: Lilligant|85/100 tox|[from] psn
|upkeep
|turn|9
|
|t:|1597681122
|move|p1a: Klinklang|Gear Grind|p2a: Lilligant
|-damage|p2a: Lilligant|47/100 tox
|-damage|p2a: Lilligant|9/100 tox
|-hitcount|p2a: Lilligant|2
|move|p2a: Lilligant|Giga Drain|p1a: Klinklang
|-resisted|p1a: Klinklang
|-damage|p1a: Klinklang|17/100
|-heal|p2a: Lilligant|27/100 tox|[from] drain|[of] p1a: Klinklang
|-damage|p2a: Lilligant|17/100 tox|[from] item: Life Orb
|
|-heal|p1a: Klinklang|23/100|[from] item: Leftovers
|-damage|p2a: Lilligant|5/100 tox|[from] psn
|upkeep
|turn|10
|c| tyftfkkhgfhgf|Unfezent dies even with crits
|
|t:|1597681133
|move|p1a: Klinklang|Protect|p1a: Klinklang
|-singleturn|p1a: Klinklang|Protect
|move|p2a: Lilligant|Giga Drain|p1a: Klinklang
|-activate|p1a: Klinklang|move: Protect
|
|-heal|p1a: Klinklang|29/100|[from] item: Leftovers
|-damage|p2a: Lilligant|0 fnt|[from] psn
|faint|p2a: Lilligant
|upkeep
|
|t:|1597681135
|switch|p2a: Dubwool|Dubwool, F|100/100
|-damage|p2a: Dubwool|88/100|[from] Stealth Rock
|turn|11
|
|t:|1597681142
|move|p1a: Klinklang|Toxic|p2a: Dubwool
|-status|p2a: Dubwool|tox
|move|p2a: Dubwool|Body Press|p1a: Klinklang
|-supereffective|p1a: Klinklang
|-damage|p1a: Klinklang|0 fnt
|faint|p1a: Klinklang
|
|-heal|p2a: Dubwool|94/100 tox|[from] item: Leftovers
|-damage|p2a: Dubwool|88/100 tox|[from] psn
|upkeep
|
|t:|1597681145
|switch|p1a: Kadabra|Kadabra, F|100/100
|turn|12
|
|t:|1597681148
|switch|p2a: Appletun|Appletun, M|100/100
|-damage|p2a: Appletun|88/100|[from] Stealth Rock
|move|p1a: Kadabra|Psychic|p2a: Appletun
|-damage|p2a: Appletun|52/100
|
|-heal|p2a: Appletun|58/100|[from] item: Leftovers
|upkeep
|turn|13
|
|t:|1597681152
|move|p1a: Kadabra|Dazzling Gleam|p2a: Appletun
|-supereffective|p2a: Appletun
|-damage|p2a: Appletun|11/100
|move|p2a: Appletun|Recover|p2a: Appletun
|-heal|p2a: Appletun|61/100
|
|-heal|p2a: Appletun|67/100|[from] item: Leftovers
|upkeep
|turn|14
|
|t:|1597681155
|move|p1a: Kadabra|Dazzling Gleam|p2a: Appletun
|-supereffective|p2a: Appletun
|-damage|p2a: Appletun|21/100
|move|p2a: Appletun|Apple Acid|p1a: Kadabra
|-damage|p1a: Kadabra|41/100
|-unboost|p1a: Kadabra|spd|1
|
|-heal|p2a: Appletun|27/100|[from] item: Leftovers
|upkeep
|turn|15
|
|t:|1597681160
|move|p1a: Kadabra|Dazzling Gleam|p2a: Appletun
|-supereffective|p2a: Appletun
|-damage|p2a: Appletun|0 fnt
|faint|p2a: Appletun
|
|upkeep
|
|t:|1597681161
|switch|p2a: Lapras|Lapras, M|100/100
|-damage|p2a: Lapras|76/100|[from] Stealth Rock
|turn|16
|
|t:|1597681168
|switch|p1a: Lapras|Lapras, F|100/100
|move|p2a: Lapras|Freeze-Dry|p1a: Lapras
|-damage|p1a: Lapras|64/100
|
|upkeep
|turn|17
|
|t:|1597681172
|move|p1a: Lapras|Freeze-Dry|p2a: Lapras
|-damage|p2a: Lapras|40/100
|move|p2a: Lapras|Freeze-Dry|p1a: Lapras
|-damage|p1a: Lapras|22/100
|
|upkeep
|turn|18
|
|t:|1597681176
|move|p1a: Lapras|Freeze-Dry|p2a: Lapras
|-damage|p2a: Lapras|4/100
|move|p2a: Lapras|Freeze-Dry|p1a: Lapras
|-damage|p1a: Lapras|0 fnt
|faint|p1a: Lapras
|
|upkeep
|
|t:|1597681179
|switch|p1a: Kadabra|Kadabra, F|41/100
|turn|19
|
|t:|1597681182
|move|p1a: Kadabra|Dazzling Gleam|p2a: Lapras
|-damage|p2a: Lapras|0 fnt
|faint|p2a: Lapras
|
|upkeep
|
|t:|1597681183
|switch|p2a: Morpeko|Morpeko, F|100/100
|-damage|p2a: Morpeko|88/100|[from] Stealth Rock
|turn|20
|
|t:|1597681190
|switch|p1a: Appletun|Appletun, F|100/100
|move|p2a: Morpeko|Aura Wheel|p1a: Appletun
|-resisted|p1a: Appletun
|-damage|p1a: Appletun|90/100
|-boost|p2a: Morpeko|spe|1
|-damage|p2a: Morpeko|78/100|[from] item: Life Orb
|
|-formechange|p2a: Morpeko|Morpeko-Hangry||[from] ability: Hunger Switch
|upkeep
|turn|21
|
|t:|1597681194
|move|p2a: Morpeko|Rapid Spin|p1a: Appletun
|-damage|p1a: Appletun|79/100
|-boost|p2a: Morpeko|spe|1
|-sideend|p2: Notmlg|Stealth Rock|[from] move: Rapid Spin|[of] p2a: Morpeko
|-damage|p2a: Morpeko|69/100|[from] item: Life Orb
|move|p1a: Appletun|Apple Acid|p2a: Morpeko
|-damage|p2a: Morpeko|12/100
|-unboost|p2a: Morpeko|spd|1
|
|-formechange|p2a: Morpeko|Morpeko||[from] ability: Hunger Switch
|upkeep
|turn|22
|
|t:|1597681199
|move|p2a: Morpeko|Protect|p2a: Morpeko
|-singleturn|p2a: Morpeko|Protect
|move|p1a: Appletun|Apple Acid|p2a: Morpeko
|-activate|p2a: Morpeko|move: Protect
|
|-formechange|p2a: Morpeko|Morpeko-Hangry||[from] ability: Hunger Switch
|upkeep
|turn|23
|
|t:|1597681207
|move|p2a: Morpeko|Aura Wheel|p1a: Appletun
|-damage|p1a: Appletun|35/100
|-boost|p2a: Morpeko|spe|1
|-damage|p2a: Morpeko|2/100|[from] item: Life Orb
|move|p1a: Appletun|Apple Acid|p2a: Morpeko
|-damage|p2a: Morpeko|0 fnt
|faint|p2a: Morpeko
|
|upkeep
|
|t:|1597681216
|switch|p2a: Dubwool|Dubwool, F|88/100 tox
|turn|24
|
|t:|1597681218
|move|p2a: Dubwool|Cotton Guard|p2a: Dubwool
|-boost|p2a: Dubwool|def|3
|move|p1a: Appletun|Apple Acid|p2a: Dubwool
|-damage|p2a: Dubwool|54/100 tox
|-unboost|p2a: Dubwool|spd|1
|
|-heal|p2a: Dubwool|60/100 tox|[from] item: Leftovers
|-damage|p2a: Dubwool|54/100 tox|[from] psn
|upkeep
|turn|25
|
|t:|1597681220
|move|p2a: Dubwool|Body Press|p1a: Appletun
|-crit|p1a: Appletun
|-damage|p1a: Appletun|0 fnt
|faint|p1a: Appletun
|
|-heal|p2a: Dubwool|60/100 tox|[from] item: Leftovers
|-damage|p2a: Dubwool|47/100 tox|[from] psn
|upkeep
|
|t:|1597681223
|switch|p1a: Kadabra|Kadabra, F|41/100
|turn|26
|-message|Notmlg forfeited.
|
|win|un vigoroth
|l|☆Notmlg
|c| tyftfkkhgfhgf|Bruh how did he lose
|l| tyftfkkhgfhgf
|c|☆un vigoroth|uh ?
