|j|☆kacj0
|j|☆22ncimi
|t:|1638640011
|gametype|singles
|player|p1|kacj0|veteran-gen4|1381
|player|p2|22ncimi|2|1381
|teamsize|p1|6
|teamsize|p2|6
|gen|8
|tier|[Gen 8] PU
|rated|
|rule|Sleep Clause Mod: Limit one foe put to sleep
|rule|Species Clause: Limit one of each Pokémon
|rule|OHKO Clause: OHKO moves are banned
|rule|Evasion Moves Clause: Evasion moves are banned
|rule|Endless Battle Clause: Forcing endless battles is banned
|rule|HP Percentage Mod: HP is shown in percentages
|rule|Dynamax Clause: You cannot dynamax
|clearpoke
|poke|p1|Hitmonlee, M|
|poke|p1|Hitmonchan, M|
|poke|p1|Hitmontop, M|
|poke|p1|Sawk, M|
|poke|p1|Gallade, M|
|poke|p1|Farfetch’d-Galar, F|
|poke|p2|Aggron, F|
|poke|p2|Tsareena, F|
|poke|p2|Gigalith, M|
|poke|p2|Lycanroc, F|
|poke|p2|Lapras, M|
|poke|p2|Scyther, M|
|teampreview
|inactive|Battle timer is ON: inactive players will automatically lose when time's up. (requested by kacj0)
|c|☆22ncimi|noo
|c|☆22ncimi|u have come back to haunt me brotha
|c|☆kacj0|!
|
|t:|1638640047
|start
|switch|p1a: Hitmonchan|Hitmonchan, M|100/100
|switch|p2a: Scyther|Scyther, M|100/100
|turn|1
|
|t:|1638640056
|move|p1a: Hitmonchan|Ice Punch|p2a: Scyther
|-supereffective|p2a: Scyther
|-damage|p2a: Scyther|31/100
|move|p2a: Scyther|Dual Wingbeat|p1a: Hitmonchan
|-supereffective|p1a: Hitmonchan
|-damage|p1a: Hitmonchan|1/100
|-supereffective|p1a: Hitmonchan
|-damage|p1a: Hitmonchan|0 fnt
|faint|p1a: Hitmonchan
|-hitcount|p1: Hitmonchan|2
|
|upkeep
|
|t:|1638640065
|switch|p1a: Farfetch’d|Farfetch’d-Galar, F|100/100
|turn|2
|
|t:|1638640071
|move|p2a: Scyther|Dual Wingbeat|p1a: Farfetch’d
|-supereffective|p1a: Farfetch’d
|-damage|p1a: Farfetch’d|0 fnt
|faint|p1a: Farfetch’d
|-hitcount|p1: Farfetch’d|1
|
|upkeep
|c|☆kacj0|:)
|
|t:|1638640084
|switch|p1a: Hitmontop|Hitmontop, M|100/100
|turn|3
|c|☆22ncimi|:)
|
|t:|1638640090
|switch|p2a: Tsareena|Tsareena, F|100/100
|move|p1a: Hitmontop|Sucker Punch||[still]
|cant|p2a: Tsareena|ability: Queenly Majesty|Sucker Punch|[of] p1a: Hitmontop
|
|upkeep
|turn|4
|c|☆kacj0|it's not that cold
|
|t:|1638640112
|switch|p1a: Gallade|Gallade, M|100/100
|move|p2a: Tsareena|Power Whip|p1a: Gallade
|-damage|p1a: Gallade|0 fnt
|faint|p1a: Gallade
|
|upkeep
|
|t:|1638640119
|switch|p1a: Sawk|Sawk, M|100/100
|turn|5
|
|t:|1638640126
|move|p1a: Sawk|Close Combat|p2a: Tsareena
|-damage|p2a: Tsareena|5/100
|-unboost|p1a: Sawk|def|1
|-unboost|p1a: Sawk|spd|1
|move|p2a: Tsareena|Power Whip|p1a: Sawk
|-ability|p1a: Sawk|Sturdy
|-damage|p1a: Sawk|1/100
|
|upkeep
|turn|6
|
|t:|1638640135
|move|p1a: Sawk|Close Combat|p2a: Tsareena
|-damage|p2a: Tsareena|0 fnt
|-unboost|p1a: Sawk|def|1
|-unboost|p1a: Sawk|spd|1
|faint|p2a: Tsareena
|
|upkeep
|
|t:|1638640137
|switch|p2a: Lycanroc|Lycanroc, F|100/100
|turn|7
|
|t:|1638640149
|move|p2a: Lycanroc|Accelerock|p1a: Sawk
|-resisted|p1a: Sawk
|-damage|p1a: Sawk|0 fnt
|faint|p1a: Sawk
|
|upkeep
|
|t:|1638640155
|switch|p1a: Hitmontop|Hitmontop, M|100/100
|turn|8
|c|☆22ncimi|its kinda cool tho
|c|☆kacj0|3q
|c|☆22ncimi|u got to 1381 with mono cool team
|
|t:|1638640180
|move|p2a: Lycanroc|Close Combat|p1a: Hitmontop
|-damage|p1a: Hitmontop|48/100
|-unboost|p2a: Lycanroc|def|1
|-unboost|p2a: Lycanroc|spd|1
|move|p1a: Hitmontop|Bulk Up|p1a: Hitmontop
|-boost|p1a: Hitmontop|atk|1
|-boost|p1a: Hitmontop|def|1
|
|-heal|p1a: Hitmontop|54/100|[from] item: Leftovers
|upkeep
|turn|9
|c|☆kacj0|no...
|
|t:|1638640190
|move|p1a: Hitmontop|Bullet Punch|p2a: Lycanroc
|-supereffective|p2a: Lycanroc
|-enditem|p2a: Lycanroc|Focus Sash
|-damage|p2a: Lycanroc|1/100
|move|p2a: Lycanroc|Close Combat|p1a: Hitmontop
|-damage|p1a: Hitmontop|20/100
|-unboost|p2a: Lycanroc|def|1
|-unboost|p2a: Lycanroc|spd|1
|
|-heal|p1a: Hitmontop|26/100|[from] item: Leftovers
|upkeep
|turn|10
|
|t:|1638640204
|move|p2a: Lycanroc|Accelerock|p1a: Hitmontop
|-resisted|p1a: Hitmontop
|-damage|p1a: Hitmontop|18/100
|move|p1a: Hitmontop|Bullet Punch|p2a: Lycanroc
|-supereffective|p2a: Lycanroc
|-crit|p2a: Lycanroc
|-damage|p2a: Lycanroc|0 fnt
|faint|p2a: Lycanroc
|
|-heal|p1a: Hitmontop|24/100|[from] item: Leftovers
|upkeep
|c|☆22ncimi|wiat
|c|☆22ncimi|i lost
|c|☆kacj0|no
|c|☆22ncimi|noo
|inactive|22ncimi has 120 seconds left.
|c|☆kacj0|I am not that powerful
|c|☆22ncimi|i dont think i can luive
|c|☆22ncimi|livwe
|c|☆22ncimi|live
|c|☆kacj0|let's see
|c|☆22ncimi|:(
|
|t:|1638640259
|switch|p2a: Gigalith|Gigalith, M|100/100
|-weather|Sandstorm|[from] ability: Sand Stream|[of] p2a: Gigalith
|turn|11
|
|t:|1638640263
|move|p1a: Hitmontop|Bulk Up|p1a: Hitmontop
|-boost|p1a: Hitmontop|atk|1
|-boost|p1a: Hitmontop|def|1
|move|p2a: Gigalith|Earthquake|p1a: Hitmontop
|-damage|p1a: Hitmontop|0 fnt
|faint|p1a: Hitmontop
|
|-weather|Sandstorm|[upkeep]
|upkeep
|c|☆kacj0|!
|
|t:|1638640272
|switch|p1a: Hitmonlee|Hitmonlee, M|100/100
|turn|12
|c|☆22ncimi|ehh?
|
|t:|1638640276
|move|p1a: Hitmonlee|High Jump Kick|p2a: Gigalith
|-supereffective|p2a: Gigalith
|-damage|p2a: Gigalith|0 fnt
|faint|p2a: Gigalith
|
|-weather|Sandstorm|[upkeep]
|-damage|p1a: Hitmonlee|94/100|[from] Sandstorm
|upkeep
|inactive|22ncimi has 120 seconds left.
|c|☆22ncimi|i see
|c|☆22ncimi|i lose anyways
|
|t:|1638640291
|switch|p2a: Scyther|Scyther, M|31/100
|turn|13
|inactive|22ncimi has 120 seconds left.
|
|t:|1638640296
|move|p1a: Hitmonlee|High Jump Kick|p2a: Scyther
|-resisted|p2a: Scyther
|-damage|p2a: Scyther|7/100
|move|p2a: Scyther|Knock Off|p1a: Hitmonlee
|-resisted|p1a: Hitmonlee
|-damage|p1a: Hitmonlee|57/100
|-enditem|p1a: Hitmonlee|Choice Scarf|[from] move: Knock Off|[of] p2a: Scyther
|
|-weather|Sandstorm|[upkeep]
|-damage|p2a: Scyther|0 fnt|[from] Sandstorm
|-damage|p1a: Hitmonlee|50/100|[from] Sandstorm
|faint|p2a: Scyther
|upkeep
|c|☆kacj0|!
|inactive|22ncimi has 120 seconds left.
|c|☆22ncimi|im stupid
|c|☆kacj0|still have a chance!
|c|☆22ncimi|thought u were liechi berry
|
|t:|1638640319
|switch|p2a: Lapras|Lapras, M|100/100
|turn|14
|
|t:|1638640325
|switch|p2a: Aggron|Aggron, F|100/100
|move|p1a: Hitmonlee|High Jump Kick|p2a: Aggron
|-supereffective|p2a: Aggron
|-damage|p2a: Aggron|0 fnt
|faint|p2a: Aggron
|
|-weather|Sandstorm|[upkeep]
|-damage|p1a: Hitmonlee|44/100|[from] Sandstorm
|upkeep
|
|t:|1638640333
|switch|p2a: Lapras|Lapras, M|100/100
|turn|15
|c|☆22ncimi|rip
|c|☆kacj0|hitmonlee
|c|☆22ncimi|im calling it im dead
|c|☆kacj0|I may miss
|c|☆22ncimi|lets see
|
|t:|1638640359
|move|p1a: Hitmonlee|High Jump Kick|p2a: Lapras
|-supereffective|p2a: Lapras
|-damage|p2a: Lapras|0 fnt
|faint|p2a: Lapras
|
|win|kacj0
|raw|kacj0's rating: 1381 &rarr; <strong>1401</strong><br />(+20 for winning)
|raw|22ncimi's rating: 1381 &rarr; <strong>1361</strong><br />(-20 for losing)
|c|☆kacj0|:D
|c|☆22ncimi|:8
|c|☆22ncimi|:(
|c|☆22ncimi|well gg
|c|☆kacj0|:)
|c|☆kacj0|gg
|c|☆22ncimi|brotha
