|raw|<div class="broadcast-blue"><strong>This battle is required to be public due to a player having a name starting with 'pult4t2'.</div>
|j|☆pult4t2 soup
|j|☆Palafaffa
|t:|1661387477
|gametype|singles
|player|p1|pult4t2 soup|furisodegirl-blue|1520
|player|p2|Palafaffa|depotagent|1467
|teamsize|p1|6
|teamsize|p2|6
|gen|8
|tier|[Gen 8] PU
|rated|
|rule|Sleep Clause Mod: Limit one foe put to sleep
|rule|Species Clause: Limit one of each Pokémon
|rule|OHKO Clause: OHKO moves are banned
|rule|Evasion Items Clause: Evasion items are banned
|rule|Evasion Moves Clause: Evasion moves are banned
|rule|Endless Battle Clause: Forcing endless battles is banned
|rule|HP Percentage Mod: HP is shown in percentages
|rule|Dynamax Clause: You cannot dynamax
|clearpoke
|poke|p1|Audino, M|
|poke|p1|Quagsire, F|
|poke|p1|Ferroseed, F|
|poke|p1|Corsola, M|
|poke|p1|Aromatisse, F|
|poke|p1|Weezing, M|
|poke|p2|Lanturn, F|
|poke|p2|Perrserker, M|
|poke|p2|Gallade, M|
|poke|p2|Aurorus, F|
|poke|p2|Charizard, M|
|poke|p2|Weezing, F|
|teampreview
|
|t:|1661387495
|start
|switch|p1a: Aromatisse|Aromatisse, F|100/100
|switch|p2a: Weezing|Weezing, F|100/100
|turn|1
|
|t:|1661387505
|switch|p1a: Corsola|Corsola, M|100/100
|move|p2a: Weezing|Infestation|p1a: Corsola
|-damage|p1a: Corsola|96/100
|-activate|p1a: Corsola|move: Infestation|[of] p2a: Weezing
|-damage|p2a: Weezing|84/100|[from] item: Rocky Helmet|[of] p1a: Corsola
|
|-heal|p2a: Weezing|90/100|[from] item: Black Sludge
|-damage|p1a: Corsola|84/100|[from] move: Infestation|[partiallytrapped]
|upkeep
|turn|2
|
|t:|1661387511
|move|p2a: Weezing|Toxic|p1a: Corsola
|-status|p1a: Corsola|tox
|move|p1a: Corsola|Stealth Rock|p2a: Weezing
|-sidestart|p2: Palafaffa|move: Stealth Rock
|
|-heal|p2a: Weezing|96/100|[from] item: Black Sludge
|-damage|p1a: Corsola|78/100 tox|[from] psn
|-damage|p1a: Corsola|66/100 tox|[from] move: Infestation|[partiallytrapped]
|upkeep
|turn|3
|
|t:|1661387518
|move|p2a: Weezing|Sludge Bomb|p1a: Corsola
|-resisted|p1a: Corsola
|-damage|p1a: Corsola|51/100 tox
|move|p1a: Corsola|Scald|p2a: Weezing
|-damage|p2a: Weezing|71/100
|
|-heal|p2a: Weezing|77/100|[from] item: Black Sludge
|-damage|p1a: Corsola|39/100 tox|[from] psn
|-damage|p1a: Corsola|27/100 tox|[from] move: Infestation|[partiallytrapped]
|upkeep
|turn|4
|
|t:|1661387526
|move|p2a: Weezing|Sludge Bomb|p1a: Corsola
|-resisted|p1a: Corsola
|-damage|p1a: Corsola|12/100 tox
|move|p1a: Corsola|Recover|p1a: Corsola
|-heal|p1a: Corsola|62/100 tox
|
|-heal|p2a: Weezing|83/100|[from] item: Black Sludge
|-damage|p1a: Corsola|44/100 tox|[from] psn
|-damage|p1a: Corsola|32/100 tox|[from] move: Infestation|[partiallytrapped]
|upkeep
|turn|5
|
|t:|1661387534
|move|p2a: Weezing|Sludge Bomb|p1a: Corsola
|-resisted|p1a: Corsola
|-damage|p1a: Corsola|18/100 tox
|move|p1a: Corsola|Recover|p1a: Corsola
|-heal|p1a: Corsola|68/100 tox
|
|-heal|p2a: Weezing|89/100|[from] item: Black Sludge
|-damage|p1a: Corsola|44/100 tox|[from] psn
|-end|p1a: Corsola|Infestation|[partiallytrapped]
|upkeep
|turn|6
|
|t:|1661387547
|switch|p2a: Charizard|Charizard, M|100/100
|switch|p1a: Weezing|Weezing, M|100/100
|-ability|p1a: Weezing|Neutralizing Gas
|
|upkeep
|turn|7
|
|t:|1661387559
|-end|p1a: Weezing|ability: Neutralizing Gas
|switch|p1a: Corsola|Corsola, M|77/100 tox
|move|p2a: Charizard|Defog|p1a: Corsola
|-unboost|p1a: Corsola|evasion|1
|-sideend|p2: Palafaffa|Stealth Rock|[from] move: Defog|[of] p2a: Charizard
|
|-damage|p1a: Corsola|71/100 tox|[from] psn
|upkeep
|turn|8
|
|t:|1661387563
|switch|p2a: Perrserker|Perrserker, M|100/100
|move|p1a: Corsola|Stealth Rock|p2a: Perrserker
|-sidestart|p2: Palafaffa|move: Stealth Rock
|
|-damage|p1a: Corsola|59/100 tox|[from] psn
|upkeep
|turn|9
|
|t:|1661387570
|switch|p1a: Weezing|Weezing, M|100/100
|-ability|p1a: Weezing|Neutralizing Gas
|move|p2a: Perrserker|U-turn|p1a: Weezing
|-resisted|p1a: Weezing
|-damage|p1a: Weezing|89/100
|
|t:|1661387574
|switch|p2a: Aurorus|Aurorus, F|100/100|[from]move: U-turn
|
|upkeep
|turn|10
|
|t:|1661387589
|-end|p1a: Weezing|ability: Neutralizing Gas
|-weather|Hail|[from] ability: Snow Warning|[of] p2a: Aurorus
|switch|p1a: Audino|Audino, M|100/100
|move|p2a: Aurorus|Earth Power|p1a: Audino
|-damage|p1a: Audino|81/100
|
|-weather|Hail|[upkeep]
|-damage|p1a: Audino|75/100|[from] Hail
|upkeep
|turn|11
|
|t:|1661387598
|switch|p2a: Weezing|Weezing, F|89/100
|-damage|p2a: Weezing|77/100|[from] Stealth Rock
|move|p1a: Audino|Knock Off|p2a: Weezing
|-damage|p2a: Weezing|67/100
|-enditem|p2a: Weezing|Black Sludge|[from] move: Knock Off|[of] p1a: Audino
|
|-weather|Hail|[upkeep]
|-damage|p2a: Weezing|61/100|[from] Hail
|-damage|p1a: Audino|69/100|[from] Hail
|upkeep
|turn|12
|
|t:|1661387609
|switch|p1a: Weezing|Weezing, M|89/100
|-ability|p1a: Weezing|Neutralizing Gas
|move|p2a: Weezing|Infestation|p1a: Weezing
|-resisted|p1a: Weezing
|-damage|p1a: Weezing|86/100
|-activate|p1a: Weezing|move: Infestation|[of] p2a: Weezing
|
|-weather|Hail|[upkeep]
|-damage|p1a: Weezing|80/100|[from] Hail
|-damage|p2a: Weezing|55/100|[from] Hail
|-damage|p1a: Weezing|68/100|[from] move: Infestation|[partiallytrapped]
|upkeep
|turn|13
|
|t:|1661387617
|move|p1a: Weezing|Will-O-Wisp|p2a: Weezing|[miss]
|-miss|p1a: Weezing|p2a: Weezing
|move|p2a: Weezing|Pain Split|p1a: Weezing
|-sethp|p1a: Weezing|61/100|[from] move: Pain Split|[silent]
|-sethp|p2a: Weezing|61/100|[from] move: Pain Split
|
|-weather|Hail|[upkeep]
|-damage|p1a: Weezing|55/100|[from] Hail
|-damage|p2a: Weezing|55/100|[from] Hail
|-damage|p1a: Weezing|43/100|[from] move: Infestation|[partiallytrapped]
|upkeep
|turn|14
|
|t:|1661387624
|switch|p2a: Charizard|Charizard, M|100/100
|move|p1a: Weezing|Toxic Spikes|p2a: Charizard
|-sidestart|p2: Palafaffa|move: Toxic Spikes
|
|-weather|none
|-end|p1a: Weezing|Infestation|[partiallytrapped]|[silent]
|upkeep
|turn|15
|
|t:|1661387631
|-end|p1a: Weezing|ability: Neutralizing Gas
|switch|p1a: Corsola|Corsola, M|93/100 tox
|move|p2a: Charizard|Defog|p1a: Corsola
|-unboost|p1a: Corsola|evasion|1
|-sideend|p2: Palafaffa|Toxic Spikes|[from] move: Defog|[of] p2a: Charizard
|-sideend|p2: Palafaffa|Stealth Rock|[from] move: Defog|[of] p2a: Charizard
|
|-damage|p1a: Corsola|87/100 tox|[from] psn
|upkeep
|turn|16
|
|t:|1661387637
|switch|p2a: Lanturn|Lanturn, F|100/100
|move|p1a: Corsola|Stealth Rock|p2a: Lanturn
|-sidestart|p2: Palafaffa|move: Stealth Rock
|
|-damage|p1a: Corsola|75/100 tox|[from] psn
|upkeep
|turn|17
|
|t:|1661387646
|switch|p1a: Ferroseed|Ferroseed, F|100/100
|move|p2a: Lanturn|Volt Switch|p1a: Ferroseed
|-resisted|p1a: Ferroseed
|-damage|p1a: Ferroseed|94/100
|
|t:|1661387654
|switch|p2a: Perrserker|Perrserker, M|100/100|[from]move: Volt Switch
|-damage|p2a: Perrserker|94/100|[from] Stealth Rock
|
|upkeep
|turn|18
|
|t:|1661387661
|switch|p1a: Quagsire|Quagsire, F|100/100
|move|p2a: Perrserker|Close Combat|p1a: Quagsire
|-damage|p1a: Quagsire|47/100
|-unboost|p2a: Perrserker|def|1
|-unboost|p2a: Perrserker|spd|1
|
|upkeep
|turn|19
|
|t:|1661387670
|switch|p1a: Aromatisse|Aromatisse, F|100/100
|move|p2a: Perrserker|Close Combat|p1a: Aromatisse
|-resisted|p1a: Aromatisse
|-damage|p1a: Aromatisse|69/100
|-unboost|p2a: Perrserker|def|1
|-unboost|p2a: Perrserker|spd|1
|
|upkeep
|turn|20
|
|t:|1661387682
|switch|p2a: Aurorus|Aurorus, F|100/100
|-weather|Hail|[from] ability: Snow Warning|[of] p2a: Aurorus
|move|p1a: Aromatisse|Wish|p1a: Aromatisse
|
|-weather|Hail|[upkeep]
|-damage|p1a: Aromatisse|63/100|[from] Hail
|upkeep
|turn|21
|
|t:|1661387691
|move|p1a: Aromatisse|Protect|p1a: Aromatisse
|-singleturn|p1a: Aromatisse|Protect
|move|p2a: Aurorus|Blizzard|p1a: Aromatisse
|-activate|p1a: Aromatisse|move: Protect
|
|-weather|Hail|[upkeep]
|-damage|p1a: Aromatisse|56/100|[from] Hail
|-heal|p1a: Aromatisse|100/100|[from] move: Wish|[wisher] Aromatisse
|upkeep
|turn|22
|
|t:|1661387695
|switch|p1a: Audino|Audino, M|100/100
|move|p2a: Aurorus|Stealth Rock|p1a: Audino
|-sidestart|p1: pult4t2 soup|move: Stealth Rock
|
|-weather|Hail|[upkeep]
|-damage|p1a: Audino|94/100|[from] Hail
|upkeep
|turn|23
|
|t:|1661387700
|switch|p2a: Weezing|Weezing, F|55/100
|-damage|p2a: Weezing|43/100|[from] Stealth Rock
|move|p1a: Audino|Wish|p1a: Audino
|
|-weather|Hail|[upkeep]
|-damage|p2a: Weezing|37/100|[from] Hail
|-damage|p1a: Audino|88/100|[from] Hail
|upkeep
|turn|24
|
|t:|1661387715
|switch|p1a: Weezing|Weezing, M|43/100
|-ability|p1a: Weezing|Neutralizing Gas
|move|p2a: Weezing|Infestation|p1a: Weezing
|-resisted|p1a: Weezing
|-damage|p1a: Weezing|40/100
|-activate|p1a: Weezing|move: Infestation|[of] p2a: Weezing
|
|-weather|none
|-heal|p1a: Weezing|100/100|[from] move: Wish|[wisher] Audino
|-damage|p1a: Weezing|88/100|[from] move: Infestation|[partiallytrapped]
|upkeep
|turn|25
|
|t:|1661387724
|move|p1a: Weezing|Will-O-Wisp|p2a: Weezing
|-status|p2a: Weezing|brn
|move|p2a: Weezing|Pain Split|p1a: Weezing
|-sethp|p1a: Weezing|62/100|[from] move: Pain Split|[silent]
|-sethp|p2a: Weezing|62/100 brn|[from] move: Pain Split
|
|-damage|p2a: Weezing|56/100 brn|[from] brn
|-damage|p1a: Weezing|50/100|[from] move: Infestation|[partiallytrapped]
|upkeep
|turn|26
|
|t:|1661387733
|move|p1a: Weezing|Toxic Spikes|p2a: Weezing
|-sidestart|p2: Palafaffa|move: Toxic Spikes
|move|p2a: Weezing|Infestation|p1a: Weezing
|-resisted|p1a: Weezing
|-damage|p1a: Weezing|47/100
|
|-damage|p2a: Weezing|50/100 brn|[from] brn
|-damage|p1a: Weezing|35/100|[from] move: Infestation|[partiallytrapped]
|upkeep
|turn|27
|
|t:|1661387738
|switch|p2a: Charizard|Charizard, M|100/100
|move|p1a: Weezing|Rest|p1a: Weezing
|-status|p1a: Weezing|slp|[from] move: Rest
|-heal|p1a: Weezing|100/100 slp|[silent]
|
|-end|p1a: Weezing|Infestation|[partiallytrapped]|[silent]
|upkeep
|turn|28
|
|t:|1661387749
|-end|p1a: Weezing|ability: Neutralizing Gas
|switch|p1a: Corsola|Corsola, M|100/100 tox
|-damage|p1a: Corsola|88/100 tox|[from] Stealth Rock
|move|p2a: Charizard|Defog|p1a: Corsola
|-unboost|p1a: Corsola|evasion|1
|-sideend|p1: pult4t2 soup|Stealth Rock|[from] move: Defog|[of] p2a: Charizard
|-sideend|p2: Palafaffa|Toxic Spikes|[from] move: Defog|[of] p2a: Charizard
|-sideend|p2: Palafaffa|Stealth Rock|[from] move: Defog|[of] p2a: Charizard
|
|-damage|p1a: Corsola|82/100 tox|[from] psn
|upkeep
|turn|29
|
|t:|1661387754
|switch|p2a: Perrserker|Perrserker, M|94/100
|move|p1a: Corsola|Stealth Rock|p2a: Perrserker
|-sidestart|p2: Palafaffa|move: Stealth Rock
|
|-damage|p1a: Corsola|70/100 tox|[from] psn
|upkeep
|turn|30
|
|t:|1661387760
|switch|p1a: Weezing|Weezing, M|100/100 slp
|-ability|p1a: Weezing|Neutralizing Gas
|move|p2a: Perrserker|Iron Head|p1a: Weezing
|-damage|p1a: Weezing|57/100 slp
|
|upkeep
|turn|31
|
|t:|1661387768
|switch|p2a: Charizard|Charizard, M|100/100
|-end|p1a: Weezing|ability: Neutralizing Gas
|switch|p1a: Ferroseed|Ferroseed, F|94/100
|
|upkeep
|turn|32
|
|t:|1661387777
|switch|p2a: Perrserker|Perrserker, M|94/100
|-damage|p2a: Perrserker|88/100|[from] Stealth Rock
|switch|p1a: Audino|Audino, M|100/100
|
|upkeep
|turn|33
|
|t:|1661387785
|move|p1a: Audino|Protect|p1a: Audino
|-singleturn|p1a: Audino|Protect
|move|p2a: Perrserker|Iron Head|p1a: Audino
|-activate|p1a: Audino|move: Protect
|
|upkeep
|turn|34
|
|t:|1661387790
|switch|p1a: Ferroseed|Ferroseed, F|94/100
|move|p2a: Perrserker|Iron Head|p1a: Ferroseed
|-resisted|p1a: Ferroseed
|-crit|p1a: Ferroseed
|-damage|p1a: Ferroseed|43/100
|-damage|p2a: Perrserker|76/100|[from] ability: Iron Barbs|[of] p1a: Ferroseed
|
|upkeep
|turn|35
|
|t:|1661387798
|move|p2a: Perrserker|Iron Head|p1a: Ferroseed
|-resisted|p1a: Ferroseed
|-damage|p1a: Ferroseed|11/100
|-damage|p2a: Perrserker|63/100|[from] ability: Iron Barbs|[of] p1a: Ferroseed
|move|p1a: Ferroseed|Knock Off|p2a: Perrserker
|-damage|p2a: Perrserker|47/100
|-enditem|p2a: Perrserker|Choice Band|[from] move: Knock Off|[of] p1a: Ferroseed
|
|upkeep
|turn|36
|
|t:|1661387815
|move|p2a: Perrserker|U-turn|p1a: Ferroseed
|-damage|p1a: Ferroseed|0 fnt
|-damage|p2a: Perrserker|35/100|[from] ability: Iron Barbs|[of] p1a: Ferroseed
|faint|p1a: Ferroseed
|
|t:|1661387828
|switch|p2a: Aurorus|Aurorus, F|100/100|[from]move: U-turn
|-weather|Hail|[from] ability: Snow Warning|[of] p2a: Aurorus
|
|-weather|Hail|[upkeep]
|upkeep
|
|t:|1661387836
|switch|p1a: Audino|Audino, M|100/100
|turn|37
|
|t:|1661387840
|switch|p2a: Weezing|Weezing, F|50/100 brn
|-damage|p2a: Weezing|38/100 brn|[from] Stealth Rock
|move|p1a: Audino|Wish|p1a: Audino
|
|-weather|Hail|[upkeep]
|-damage|p2a: Weezing|32/100 brn|[from] Hail
|-damage|p1a: Audino|94/100|[from] Hail
|-damage|p2a: Weezing|26/100 brn|[from] brn
|upkeep
|turn|38
|j| PULT4T2 Elfu
|
|t:|1661387846
|switch|p1a: Weezing|Weezing, M|57/100 slp
|-ability|p1a: Weezing|Neutralizing Gas
|move|p2a: Weezing|Infestation|p1a: Weezing
|-resisted|p1a: Weezing
|-crit|p1a: Weezing
|-damage|p1a: Weezing|53/100 slp
|-activate|p1a: Weezing|move: Infestation|[of] p2a: Weezing
|
|-weather|Hail|[upkeep]
|-damage|p1a: Weezing|47/100 slp|[from] Hail
|-damage|p2a: Weezing|20/100 brn|[from] Hail
|-heal|p1a: Weezing|100/100 slp|[from] move: Wish|[wisher] Audino
|-damage|p2a: Weezing|14/100 brn|[from] brn
|-damage|p1a: Weezing|88/100 slp|[from] move: Infestation|[partiallytrapped]
|upkeep
|turn|39
|
|t:|1661387851
|cant|p1a: Weezing|slp
|move|p2a: Weezing|Pain Split|p1a: Weezing
|-sethp|p1a: Weezing|51/100 slp|[from] move: Pain Split|[silent]
|-sethp|p2a: Weezing|51/100 brn|[from] move: Pain Split
|
|-weather|Hail|[upkeep]
|-damage|p1a: Weezing|45/100 slp|[from] Hail
|-damage|p2a: Weezing|45/100 brn|[from] Hail
|-damage|p2a: Weezing|39/100 brn|[from] brn
|-damage|p1a: Weezing|33/100 slp|[from] move: Infestation|[partiallytrapped]
|upkeep
|turn|40
|
|t:|1661387865
|switch|p2a: Charizard|Charizard, M|100/100
|cant|p1a: Weezing|slp
|
|-weather|none
|-end|p1a: Weezing|Infestation|[partiallytrapped]|[silent]
|upkeep
|turn|41
|
|t:|1661387874
|switch|p2a: Gallade|Gallade, M|100/100
|-damage|p2a: Gallade|94/100|[from] Stealth Rock
|-end|p1a: Weezing|ability: Neutralizing Gas
|switch|p1a: Audino|Audino, M|100/100
|
|upkeep
|turn|42
|
|t:|1661387881
|switch|p1a: Aromatisse|Aromatisse, F|100/100
|move|p2a: Gallade|Close Combat|p1a: Aromatisse
|-resisted|p1a: Aromatisse
|-damage|p1a: Aromatisse|78/100
|-unboost|p2a: Gallade|def|1
|-unboost|p2a: Gallade|spd|1
|
|upkeep
|turn|43
|
|t:|1661387889
|switch|p2a: Aurorus|Aurorus, F|100/100
|-weather|Hail|[from] ability: Snow Warning|[of] p2a: Aurorus
|move|p1a: Aromatisse|Wish|p1a: Aromatisse
|
|-weather|Hail|[upkeep]
|-damage|p1a: Aromatisse|72/100|[from] Hail
|upkeep
|turn|44
|
|t:|1661387900
|move|p2a: Aurorus|Stealth Rock|p1a: Aromatisse
|-sidestart|p1: pult4t2 soup|move: Stealth Rock
|move|p1a: Aromatisse|Moonblast|p2a: Aurorus
|-damage|p2a: Aurorus|71/100
|
|-weather|Hail|[upkeep]
|-damage|p1a: Aromatisse|66/100|[from] Hail
|-heal|p1a: Aromatisse|100/100|[from] move: Wish|[wisher] Aromatisse
|upkeep
|turn|45
|
|t:|1661387907
|move|p2a: Aurorus|Blizzard|p1a: Aromatisse
|-damage|p1a: Aromatisse|52/100
|-status|p1a: Aromatisse|frz
|cant|p1a: Aromatisse|frz
|
|-weather|Hail|[upkeep]
|-damage|p1a: Aromatisse|46/100 frz|[from] Hail
|upkeep
|turn|46
|
|t:|1661387914
|switch|p1a: Audino|Audino, M|100/100
|move|p2a: Aurorus|Earth Power|p1a: Audino
|-damage|p1a: Audino|80/100
|
|-weather|Hail|[upkeep]
|-damage|p1a: Audino|74/100|[from] Hail
|upkeep
|turn|47
|
|t:|1661387923
|switch|p2a: Perrserker|Perrserker, M|35/100
|-damage|p2a: Perrserker|29/100|[from] Stealth Rock
|move|p1a: Audino|Wish|p1a: Audino
|
|-weather|none
|upkeep
|turn|48
|
|t:|1661387929
|switch|p1a: Quagsire|Quagsire, F|47/100
|move|p2a: Perrserker|Iron Head|p1a: Quagsire
|-resisted|p1a: Quagsire
|-damage|p1a: Quagsire|29/100
|
|-heal|p1a: Quagsire|81/100|[from] move: Wish|[wisher] Audino
|upkeep
|turn|49
|
|t:|1661387936
|move|p2a: Perrserker|Seed Bomb|p1a: Quagsire
|-supereffective|p1a: Quagsire
|-damage|p1a: Quagsire|12/100
|move|p1a: Quagsire|Earthquake|p2a: Perrserker
|-supereffective|p2a: Perrserker
|-damage|p2a: Perrserker|0 fnt
|faint|p2a: Perrserker
|
|upkeep
|
|t:|1661387949
|switch|p2a: Gallade|Gallade, M|94/100
|-damage|p2a: Gallade|88/100|[from] Stealth Rock
|turn|50
|
|t:|1661387960
|move|p2a: Gallade|Close Combat|p1a: Quagsire
|-damage|p1a: Quagsire|0 fnt
|-unboost|p2a: Gallade|def|1
|-unboost|p2a: Gallade|spd|1
|faint|p1a: Quagsire
|
|upkeep
|
|t:|1661387963
|switch|p1a: Weezing|Weezing, M|33/100 slp
|-ability|p1a: Weezing|Neutralizing Gas
|turn|51
|
|t:|1661387969
|switch|p2a: Aurorus|Aurorus, F|71/100
|-curestatus|p1a: Weezing|slp|[msg]
|move|p1a: Weezing|Rest|p1a: Weezing
|-status|p1a: Weezing|slp|[from] move: Rest
|-heal|p1a: Weezing|100/100 slp|[silent]
|
|upkeep
|turn|52
|
|t:|1661387980
|-end|p1a: Weezing|ability: Neutralizing Gas
|-weather|Hail|[from] ability: Snow Warning|[of] p2a: Aurorus
|switch|p1a: Audino|Audino, M|100/100
|move|p2a: Aurorus|Blizzard|p1a: Audino
|-damage|p1a: Audino|65/100
|
|-weather|Hail|[upkeep]
|-damage|p1a: Audino|59/100|[from] Hail
|upkeep
|turn|53
|
|t:|1661387992
|move|p2a: Aurorus|Blizzard|p1a: Audino
|-damage|p1a: Audino|23/100
|move|p1a: Audino|Wish|p1a: Audino
|
|-weather|Hail|[upkeep]
|-damage|p1a: Audino|17/100|[from] Hail
|upkeep
|turn|54
|
|t:|1661388001
|move|p2a: Aurorus|Freeze-Dry|p1a: Audino
|-damage|p1a: Audino|0 fnt
|faint|p1a: Audino
|
|-weather|Hail|[upkeep]
|upkeep
|-message|pult4t2 soup forfeited.
|
|win|Palafaffa
|raw|pult4t2 soup's rating: 1520 &rarr; <strong>1497</strong><br />(-23 for losing)
|raw|Palafaffa's rating: 1467 &rarr; <strong>1490</strong><br />(+23 for winning)
|l|☆pult4t2 soup
