|j|☆xbossarux
|j|☆Lechugasismica
|player|p1|xbossarux|290|1422
|player|p2|Lechugasismica|102|1322
|teamsize|p1|6
|teamsize|p2|6
|gametype|singles
|gen|8
|tier|[Gen 8] PU
|rated|
|clearpoke
|poke|p1|Leafeon, F|
|poke|p1|Stonjourner, F|
|poke|p1|Grapploct, M|
|poke|p1|Manectric, M|
|poke|p1|Mawile, M|
|poke|p1|Silvally-*|
|poke|p2|Dwebble, F|
|poke|p2|Pawniard, F|
|poke|p2|Eiscue, M|
|poke|p2|Glaceon, M|
|poke|p2|Charjabug, M|
|poke|p2|Throh, M|
|rule|Sleep Clause Mod: Limit one foe put to sleep
|rule|Species Clause: Limit one of each Pokémon
|rule|OHKO Clause: OHKO moves are banned
|rule|Evasion Moves Clause: Evasion moves are banned
|rule|Endless Battle Clause: Forcing endless battles is banned
|rule|HP Percentage Mod: HP is shown in percentages
|rule|Dynamax Clause: You cannot dynamax
|teampreview
|
|start
|switch|p1a: Stonjourner|Stonjourner, F|100/100
|switch|p2a: Dwebble|Dwebble, F|100/100
|turn|1
|inactive|Battle timer is ON: inactive players will automatically lose when time's up. (requested by xbossarux)
|
|move|p2a: Dwebble|Stealth Rock|p1a: Stonjourner
|-sidestart|p1: xbossarux|move: Stealth Rock
|move|p1a: Stonjourner|Stone Edge|p2a: Dwebble|[miss]
|-miss|p1a: Stonjourner|p2a: Dwebble
|
|upkeep
|turn|2
|
|move|p2a: Dwebble|Toxic|p1a: Stonjourner
|-status|p1a: Stonjourner|tox
|move|p1a: Stonjourner|Stone Edge|p2a: Dwebble
|-supereffective|p2a: Dwebble
|-crit|p2a: Dwebble
|-enditem|p2a: Dwebble|Focus Sash
|-damage|p2a: Dwebble|1/100
|-ability|p2a: Dwebble|Weak Armor|boost
|-unboost|p2a: Dwebble|def|1
|-boost|p2a: Dwebble|spe|2
|
|-damage|p1a: Stonjourner|94/100 tox|[from] psn
|upkeep
|turn|3
|
|move|p2a: Dwebble|Spikes|p1a: Stonjourner
|-sidestart|p1: xbossarux|Spikes
|move|p1a: Stonjourner|Stone Edge|p2a: Dwebble
|-supereffective|p2a: Dwebble
|-damage|p2a: Dwebble|0 fnt
|faint|p2a: Dwebble
|
|-damage|p1a: Stonjourner|82/100 tox|[from] psn
|upkeep
|
|switch|p2a: Eiscue|Eiscue, M|100/100
|turn|4
|
|move|p2a: Eiscue|Substitute|p2a: Eiscue
|-start|p2a: Eiscue|Substitute
|-damage|p2a: Eiscue|76/100
|move|p1a: Stonjourner|Stone Edge|p2a: Eiscue
|-supereffective|p2a: Eiscue
|-end|p2a: Eiscue|Substitute
|
|-damage|p1a: Stonjourner|63/100 tox|[from] psn
|upkeep
|turn|5
|
|move|p2a: Eiscue|Belly Drum|p2a: Eiscue
|-damage|p2a: Eiscue|26/100
|-setboost|p2a: Eiscue|atk|6|[from] move: Belly Drum
|-enditem|p2a: Eiscue|Sitrus Berry|[eat]
|-heal|p2a: Eiscue|51/100|[from] item: Sitrus Berry
|move|p1a: Stonjourner|Stone Edge|p2a: Eiscue|[miss]
|-miss|p1a: Stonjourner|p2a: Eiscue
|
|-damage|p1a: Stonjourner|39/100 tox|[from] psn
|upkeep
|turn|6
|
|move|p2a: Eiscue|Substitute|p2a: Eiscue
|-start|p2a: Eiscue|Substitute
|-damage|p2a: Eiscue|26/100
|move|p1a: Stonjourner|Stone Edge|p2a: Eiscue|[miss]
|-miss|p1a: Stonjourner|p2a: Eiscue
|
|-damage|p1a: Stonjourner|8/100 tox|[from] psn
|upkeep
|turn|7
|
|move|p2a: Eiscue|Ice Punch|p1a: Stonjourner
|-damage|p1a: Stonjourner|0 fnt
|faint|p1a: Stonjourner
|
|upkeep
|
|switch|p1a: Mawile|Mawile, M|100/100
|-damage|p1a: Mawile|95/100|[from] Stealth Rock
|-damage|p1a: Mawile|82/100|[from] Spikes
|-ability|p1a: Mawile|Intimidate|boost
|-immune|p2a: Eiscue
|turn|8
|
|move|p1a: Mawile|Sucker Punch|p2a: Eiscue
|-activate|p2a: Eiscue|move: Substitute|[damage]
|move|p2a: Eiscue|Ice Punch|p1a: Mawile
|-resisted|p1a: Mawile
|-damage|p1a: Mawile|3/100
|-damage|p2a: Eiscue|9/100|[from] item: Rocky Helmet|[of] p1a: Mawile
|
|upkeep
|turn|9
|
|move|p1a: Mawile|Sucker Punch|p2a: Eiscue
|-end|p2a: Eiscue|Substitute
|move|p2a: Eiscue|Liquidation|p1a: Mawile
|-damage|p1a: Mawile|0 fnt
|-damage|p2a: Eiscue|0 fnt|[from] item: Rocky Helmet|[of] p1a: Mawile
|faint|p1a: Mawile
|faint|p2a: Eiscue
|
|upkeep
|
|switch|p2a: Glaceon|Glaceon, M|100/100
|switch|p1a: Grapploct|Grapploct, M|100/100
|-damage|p1a: Grapploct|94/100|[from] Stealth Rock
|-damage|p1a: Grapploct|82/100|[from] Spikes
|turn|10
|
|move|p2a: Glaceon|Blizzard|p1a: Grapploct|[miss]
|-miss|p2a: Glaceon|p1a: Grapploct
|move|p1a: Grapploct|Drain Punch|p2a: Glaceon
|-supereffective|p2a: Glaceon
|-damage|p2a: Glaceon|8/100
|-heal|p1a: Grapploct|100/100|[from] drain|[of] p2a: Glaceon
|
|upkeep
|turn|11
|
|move|p1a: Grapploct|Sucker Punch|p2a: Glaceon
|-damage|p2a: Glaceon|0 fnt
|faint|p2a: Glaceon
|
|upkeep
|
|switch|p2a: Charjabug|Charjabug, M|100/100
|turn|12
|
|move|p2a: Charjabug|Sticky Web|p1a: Grapploct
|-sidestart|p1: xbossarux|move: Sticky Web
|move|p1a: Grapploct|Circle Throw|p2a: Charjabug
|-resisted|p2a: Charjabug
|-damage|p2a: Charjabug|84/100
|drag|p2a: Throh|Throh, M|100/100
|
|-status|p2a: Throh|brn|[from] item: Flame Orb
|upkeep
|turn|13
|
|move|p2a: Throh|Storm Throw|p1a: Grapploct
|-crit|p1a: Grapploct
|-damage|p1a: Grapploct|30/100
|move|p1a: Grapploct|Circle Throw|p2a: Throh
|-damage|p2a: Throh|49/100 brn
|drag|p2a: Charjabug|Charjabug, M|84/100
|
|upkeep
|turn|14
|
|move|p1a: Grapploct|Drain Punch|p2a: Charjabug
|-resisted|p2a: Charjabug
|-damage|p2a: Charjabug|68/100
|-heal|p1a: Grapploct|36/100|[from] drain|[of] p2a: Charjabug
|move|p2a: Charjabug|Thunder Wave|p1a: Grapploct
|-status|p1a: Grapploct|par
|
|upkeep
|turn|15
|
|move|p2a: Charjabug|Wild Charge|p1a: Grapploct
|-damage|p1a: Grapploct|0 fnt
|-damage|p2a: Charjabug|58/100|[from] Recoil
|faint|p1a: Grapploct
|
|upkeep
|
|switch|p1a: Silvally|Silvally-Poison|100/100
|-activate|p1a: Silvally|move: Sticky Web
|-unboost|p1a: Silvally|spe|1
|-damage|p1a: Silvally|88/100|[from] Spikes
|-damage|p1a: Silvally|76/100|[from] Stealth Rock
|turn|16
|
|move|p1a: Silvally|Substitute|p1a: Silvally
|-start|p1a: Silvally|Substitute
|-damage|p1a: Silvally|51/100
|move|p2a: Charjabug|Thunder Wave||[still]
|-fail|p2a: Charjabug
|
|upkeep
|turn|17
|
|move|p1a: Silvally|Flamethrower|p2a: Charjabug
|-supereffective|p2a: Charjabug
|-damage|p2a: Charjabug|25/100
|move|p2a: Charjabug|Wild Charge|p1a: Silvally
|-end|p1a: Silvally|Substitute
|-damage|p2a: Charjabug|18/100|[from] Recoil|[of] p1a: Silvally
|
|upkeep
|turn|18
|
|move|p1a: Silvally|Multi-Attack|p2a: Charjabug
|-damage|p2a: Charjabug|0 fnt
|faint|p2a: Charjabug
|
|upkeep
|
|switch|p2a: Throh|Throh, M|49/100 brn
|turn|19
|
|move|p1a: Silvally|Multi-Attack|p2a: Throh
|-damage|p2a: Throh|0 fnt
|faint|p2a: Throh
|
|upkeep
|
|switch|p2a: Pawniard|Pawniard, F|100/100
|turn|20
|
|move|p1a: Silvally|Flamethrower|p2a: Pawniard
|-supereffective|p2a: Pawniard
|-damage|p2a: Pawniard|38/100
|move|p2a: Pawniard|Swords Dance|p2a: Pawniard
|-boost|p2a: Pawniard|atk|2
|
|upkeep
|turn|21
|
|move|p1a: Silvally|Substitute|p1a: Silvally
|-start|p1a: Silvally|Substitute
|-damage|p1a: Silvally|26/100
|move|p2a: Pawniard|Iron Head|p1a: Silvally
|-end|p1a: Silvally|Substitute
|
|upkeep
|turn|22
|
|move|p2a: Pawniard|Sucker Punch|p1a: Silvally
|-damage|p1a: Silvally|0 fnt
|faint|p1a: Silvally
|
|upkeep
|
|switch|p1a: Manectric|Manectric, M|100/100
|-activate|p1a: Manectric|move: Sticky Web
|-unboost|p1a: Manectric|spe|1
|-damage|p1a: Manectric|88/100|[from] Stealth Rock
|-damage|p1a: Manectric|76/100|[from] Spikes
|turn|23
|
|move|p2a: Pawniard|Sucker Punch|p1a: Manectric
|-crit|p1a: Manectric
|-damage|p1a: Manectric|0 fnt
|faint|p1a: Manectric
|
|upkeep
|
|switch|p1a: Leafeon|Leafeon, F|100/100
|-activate|p1a: Leafeon|move: Sticky Web
|-unboost|p1a: Leafeon|spe|1
|-damage|p1a: Leafeon|88/100|[from] Stealth Rock
|-damage|p1a: Leafeon|76/100|[from] Spikes
|turn|24
|
|move|p2a: Pawniard|Sucker Punch||[still]
|-fail|p2a: Pawniard
|move|p1a: Leafeon|Substitute|p1a: Leafeon
|-start|p1a: Leafeon|Substitute
|-damage|p1a: Leafeon|51/100
|
|upkeep
|turn|25
|
|move|p1a: Leafeon|Swords Dance|p1a: Leafeon
|-boost|p1a: Leafeon|atk|2
|move|p2a: Pawniard|Knock Off|p1a: Leafeon
|-end|p1a: Leafeon|Substitute
|
|upkeep
|turn|26
|
|move|p2a: Pawniard|Sucker Punch||[still]
|-fail|p2a: Pawniard
|move|p1a: Leafeon|Substitute|p1a: Leafeon
|-start|p1a: Leafeon|Substitute
|-damage|p1a: Leafeon|27/100
|
|upkeep
|turn|27
|
|move|p1a: Leafeon|X-Scissor|p2a: Pawniard
|-damage|p2a: Pawniard|0 fnt
|-damage|p1a: Leafeon|17/100|[from] item: Life Orb
|faint|p2a: Pawniard
|
|win|xbossarux
|raw|xbossarux's rating: 1422 &rarr; <strong>1437</strong><br />(+15 for winning)
|raw|Lechugasismica's rating: 1331 &rarr; <strong>1316</strong><br />(-15 for losing)
|l|☆Lechugasismica
