|raw|<div class="broadcast-blue"><strong>This battle is required to be public due to a player having a name starting with 'pult4c1'.</div>
|j|☆Starfall
|j|☆PULT4C1 Redemption
|t:|1661039212
|gametype|singles
|player|p1|Starfall|lyra|1470
|player|p2|PULT4C1 Redemption|fisherman-gen4|1532
|teamsize|p1|6
|teamsize|p2|6
|gen|8
|tier|[Gen 8] PU
|rated|
|rule|Sleep Clause Mod: Limit one foe put to sleep
|rule|Species Clause: Limit one of each Pokémon
|rule|OHKO Clause: OHKO moves are banned
|rule|Evasion Items Clause: Evasion items are banned
|rule|Evasion Moves Clause: Evasion moves are banned
|rule|Endless Battle Clause: Forcing endless battles is banned
|rule|HP Percentage Mod: HP is shown in percentages
|rule|Dynamax Clause: You cannot dynamax
|clearpoke
|poke|p1|Gigalith, M|
|poke|p1|Sandslash, M|
|poke|p1|Ribombee, F|
|poke|p1|Arctovish|
|poke|p1|Tangela, M|
|poke|p1|Gallade, M|
|poke|p2|Kabutops, F|
|poke|p2|Doublade, M|
|poke|p2|Frosmoth, F|
|poke|p2|Silvally-*|
|poke|p2|Archeops, M|
|poke|p2|Sneasel, M|
|teampreview
|inactive|Battle timer is ON: inactive players will automatically lose when time's up. (requested by Starfall)
|
|t:|1661039225
|start
|switch|p1a: Gallade|Gallade, M|100/100
|switch|p2a: Kabutops|Kabutops, F|100/100
|turn|1
|
|t:|1661039229
|move|p2a: Kabutops|Stealth Rock|p1a: Gallade
|-sidestart|p1: Starfall|move: Stealth Rock
|move|p1a: Gallade|Knock Off|p2a: Kabutops
|-damage|p2a: Kabutops|61/100
|-ability|p2a: Kabutops|Weak Armor|boost
|-unboost|p2a: Kabutops|def|1
|-boost|p2a: Kabutops|spe|2
|-enditem|p2a: Kabutops|Focus Sash|[from] move: Knock Off|[of] p1a: Gallade
|
|upkeep
|turn|2
|
|t:|1661039233
|move|p2a: Kabutops|Liquidation|p1a: Gallade
|-damage|p1a: Gallade|44/100
|-unboost|p1a: Gallade|def|1
|move|p1a: Gallade|Drain Punch|p2a: Kabutops
|-supereffective|p2a: Kabutops
|-damage|p2a: Kabutops|0 fnt
|-heal|p1a: Gallade|67/100|[from] drain|[of] p2a: Kabutops
|faint|p2a: Kabutops
|
|upkeep
|
|t:|1661039242
|switch|p2a: Sneasel|Sneasel, M|100/100
|turn|3
|
|t:|1661039250
|move|p2a: Sneasel|Knock Off|p1a: Gallade
|-damage|p1a: Gallade|0 fnt
|-enditem|p1a: Gallade|Assault Vest|[from] move: Knock Off|[of] p2a: Sneasel
|faint|p1a: Gallade
|-damage|p2a: Sneasel|91/100|[from] item: Life Orb
|
|upkeep
|
|t:|1661039256
|switch|p1a: Ribombee|Ribombee, F|100/100
|turn|4
|inactive|PULT4C1 Redemption has 120 seconds left.
|j| PULT4C1 Haffling
|inactive|PULT4C1 Redemption has 90 seconds left.
|j| PULT4C1 Carmin
|
|t:|1661039322
|move|p1a: Ribombee|Moonblast|p2a: Sneasel
|-supereffective|p2a: Sneasel
|-damage|p2a: Sneasel|0 fnt
|faint|p2a: Sneasel
|
|upkeep
|inactive|PULT4C1 Redemption has 60 seconds left.
|
|t:|1661039359
|switch|p2a: Doublade|Doublade, M|100/100
|turn|5
|j| PULT4C1 zoowi
|
|t:|1661039372
|switch|p1a: Tangela|Tangela, M|100/100
|-damage|p1a: Tangela|88/100|[from] Stealth Rock
|move|p2a: Doublade|Swords Dance|p2a: Doublade
|-boost|p2a: Doublade|atk|2
|
|upkeep
|turn|6
|
|t:|1661039377
|move|p1a: Tangela|Knock Off|p2a: Doublade
|-supereffective|p2a: Doublade
|-damage|p2a: Doublade|88/100
|-enditem|p2a: Doublade|Eviolite|[from] move: Knock Off|[of] p1a: Tangela
|move|p2a: Doublade|Swords Dance|p2a: Doublade
|-boost|p2a: Doublade|atk|2
|
|upkeep
|turn|7
|
|t:|1661039382
|move|p1a: Tangela|Sleep Powder|p2a: Doublade
|-status|p2a: Doublade|slp|[from] move: Sleep Powder
|cant|p2a: Doublade|slp
|
|upkeep
|turn|8
|
|t:|1661039385
|move|p1a: Tangela|Giga Drain|p2a: Doublade
|-resisted|p2a: Doublade
|-damage|p2a: Doublade|64/100 slp
|-heal|p1a: Tangela|99/100|[from] drain|[of] p2a: Doublade
|cant|p2a: Doublade|slp
|
|upkeep
|turn|9
|
|t:|1661039388
|move|p1a: Tangela|Giga Drain|p2a: Doublade
|-resisted|p2a: Doublade
|-damage|p2a: Doublade|38/100 slp
|-heal|p1a: Tangela|100/100|[from] drain|[of] p2a: Doublade
|-curestatus|p2a: Doublade|slp|[msg]
|move|p2a: Doublade|Iron Head|p1a: Tangela
|-damage|p1a: Tangela|45/100
|
|upkeep
|turn|10
|
|t:|1661039394
|move|p1a: Tangela|Sleep Powder|p2a: Doublade
|-status|p2a: Doublade|slp|[from] move: Sleep Powder
|cant|p2a: Doublade|slp
|
|upkeep
|turn|11
|
|t:|1661039396
|move|p1a: Tangela|Giga Drain|p2a: Doublade
|-resisted|p2a: Doublade
|-damage|p2a: Doublade|11/100 slp
|-heal|p1a: Tangela|57/100|[from] drain|[of] p2a: Doublade
|cant|p2a: Doublade|slp
|
|upkeep
|turn|12
|c|☆PULT4C1 Redemption|oh c bon
|
|t:|1661039405
|cant|p2a: Doublade|slp
|move|p1a: Tangela|Giga Drain|p2a: Doublade
|-resisted|p2a: Doublade
|-damage|p2a: Doublade|0 fnt
|-heal|p1a: Tangela|62/100|[from] drain|[of] p2a: Doublade
|faint|p2a: Doublade
|
|upkeep
|
|t:|1661039411
|switch|p2a: Archeops|Archeops, M|100/100
|turn|13
|j| yandaud
|inactive|Starfall has 120 seconds left.
|
|t:|1661039462
|switch|p1a: Arctovish|Arctovish|100/100
|move|p2a: Archeops|Meteor Beam||[still]
|-prepare|p2a: Archeops|Meteor Beam
|-boost|p2a: Archeops|spa|1
|-enditem|p2a: Archeops|Power Herb
|-anim|p2a: Archeops|Meteor Beam|p1a: Arctovish|[miss]
|-miss|p2a: Archeops|p1a: Arctovish
|
|upkeep
|turn|14
|c| PULT4C1 zoowi|woof
|c|☆PULT4C1 Redemption|au moins t'es cramé sous alt
|inactive|PULT4C1 Redemption has 120 seconds left.
|
|t:|1661039495
|move|p2a: Archeops|Air Slash|p1a: Arctovish
|-damage|p1a: Arctovish|55/100
|cant|p1a: Arctovish|flinch
|
|upkeep
|turn|15
|c|☆Starfall|j’ai pas l’intention dme cacher mais fais lbandit t’as raison
|inactive|PULT4C1 Redemption has 120 seconds left.
|c|☆PULT4C1 Redemption|ah ouais je fais le bandit là
|
|t:|1661039526
|move|p2a: Archeops|Air Slash|p1a: Arctovish
|-damage|p1a: Arctovish|8/100
|cant|p1a: Arctovish|flinch
|
|upkeep
|turn|16
|
|t:|1661039530
|move|p2a: Archeops|Earth Power|p1a: Arctovish
|-damage|p1a: Arctovish|0 fnt
|faint|p1a: Arctovish
|
|upkeep
|
|t:|1661039539
|switch|p1a: Ribombee|Ribombee, F|100/100
|turn|17
|inactive|PULT4C1 Redemption has 120 seconds left.
|
|t:|1661039551
|move|p1a: Ribombee|Moonblast|p2a: Archeops
|-damage|p2a: Archeops|38/100
|move|p2a: Archeops|Air Slash|p1a: Ribombee
|-supereffective|p1a: Ribombee
|-damage|p1a: Ribombee|4/100
|
|upkeep
|turn|18
|inactive|PULT4C1 Redemption has 120 seconds left.
|
|t:|1661039575
|move|p1a: Ribombee|Moonblast|p2a: Archeops
|-damage|p2a: Archeops|0 fnt
|faint|p2a: Archeops
|
|upkeep
|inactive|PULT4C1 Redemption has 90 seconds left.
|c|☆Starfall|1531 mince
|
|t:|1661039606
|switch|p2a: Frosmoth|Frosmoth, F|100/100
|turn|19
|inactive|PULT4C1 Redemption has 90 seconds left.
|c|☆Starfall|jvais prendre moins de points que prévu
|inactive|PULT4C1 Redemption has 60 seconds left.
|c|☆PULT4C1 Redemption|je préferais quand tu me sucais tout à l'heure
|
|t:|1661039656
|switch|p1a: Gigalith|Gigalith, M|100/100
|-damage|p1a: Gigalith|88/100|[from] Stealth Rock
|-weather|Sandstorm|[from] ability: Sand Stream|[of] p1a: Gigalith
|move|p2a: Frosmoth|Quiver Dance|p2a: Frosmoth
|-boost|p2a: Frosmoth|spa|1
|-boost|p2a: Frosmoth|spd|1
|-boost|p2a: Frosmoth|spe|1
|
|-weather|Sandstorm|[upkeep]
|-damage|p2a: Frosmoth|94/100|[from] Sandstorm
|-heal|p1a: Gigalith|94/100|[from] item: Leftovers
|upkeep
|turn|20
|c|☆Starfall|c’est à ton tour d’avaler un peu
|c|☆Starfall|fais toi plaisir
|inactive|Starfall has 120 seconds left.
|c|☆PULT4C1 Redemption|0/10
|inactive|PULT4C1 Redemption has 30 seconds left.
|c|☆Starfall|c’est ton score pult
|c|☆Starfall|bien ouej
|inactive|PULT4C1 Redemption has 20 seconds left.
|c|☆PULT4C1 Redemption|le rappeur
|inactive|PULT4C1 Redemption has 15 seconds left.
|inactive|PULT4C1 Redemption has 10 seconds left.
|
|t:|1661039703
|move|p2a: Frosmoth|Ice Beam|p1a: Gigalith
|-damage|p1a: Gigalith|58/100
|-status|p1a: Gigalith|frz
|cant|p1a: Gigalith|frz
|
|-weather|Sandstorm|[upkeep]
|-damage|p2a: Frosmoth|88/100|[from] Sandstorm
|-heal|p1a: Gigalith|65/100 frz|[from] item: Leftovers
|upkeep
|turn|21
|inactive|PULT4C1 Redemption has 20 seconds left this turn.
|c| PULT4C1 Carmin|cringe un peu
|inactive|PULT4C1 Redemption has 15 seconds left.
|
|t:|1661039713
|move|p2a: Frosmoth|Quiver Dance|p2a: Frosmoth
|-boost|p2a: Frosmoth|spa|1
|-boost|p2a: Frosmoth|spd|1
|-boost|p2a: Frosmoth|spe|1
|-curestatus|p1a: Gigalith|frz|[msg]
|move|p1a: Gigalith|Rock Blast|p2a: Frosmoth
|-supereffective|p2a: Frosmoth
|-damage|p2a: Frosmoth|0 fnt
|faint|p2a: Frosmoth
|-hitcount|p2: Frosmoth|1
|
|-weather|Sandstorm|[upkeep]
|-heal|p1a: Gigalith|71/100|[from] item: Leftovers
|upkeep
|inactive|PULT4C1 Redemption has 20 seconds left this turn.
|
|t:|1661039714
|switch|p2a: Silvally|Silvally-Grass|100/100
|turn|22
|inactive|PULT4C1 Redemption has 30 seconds left this turn.
|
|t:|1661039723
|switch|p1a: Tangela|Tangela, M|96/100
|-damage|p1a: Tangela|83/100|[from] Stealth Rock
|move|p2a: Silvally|Swords Dance|p2a: Silvally
|-boost|p2a: Silvally|atk|2
|
|-weather|Sandstorm|[upkeep]
|-damage|p2a: Silvally|94/100|[from] Sandstorm
|-damage|p1a: Tangela|77/100|[from] Sandstorm
|upkeep
|turn|23
|inactive|PULT4C1 Redemption has 30 seconds left.
|
|t:|1661039734
|move|p2a: Silvally|Flame Charge|p1a: Tangela
|-supereffective|p1a: Tangela
|-damage|p1a: Tangela|52/100
|-boost|p2a: Silvally|spe|1
|move|p1a: Tangela|Sludge Bomb|p2a: Silvally
|-supereffective|p2a: Silvally
|-damage|p2a: Silvally|49/100
|
|-weather|none
|upkeep
|turn|24
|inactive|PULT4C1 Redemption has 30 seconds left.
|
|t:|1661039744
|move|p2a: Silvally|Rock Slide|p1a: Tangela
|-damage|p1a: Tangela|32/100
|move|p1a: Tangela|Sludge Bomb|p2a: Silvally
|-supereffective|p2a: Silvally
|-damage|p2a: Silvally|7/100
|-status|p2a: Silvally|psn
|
|-damage|p2a: Silvally|0 fnt|[from] psn
|faint|p2a: Silvally
|
|win|Starfall
|upkeep
|raw|Starfall's rating: 1470 &rarr; <strong>1494</strong><br />(+24 for winning)
|raw|PULT4C1 Redemption's rating: 1532 &rarr; <strong>1508</strong><br />(-24 for losing)
|l|☆PULT4C1 Redemption
