|j|☆un vigoroth
|j|☆Mr.J1234
|player|p1|un vigoroth|swimmer-gen4dp|1436
|player|p2|Mr.J1234|firebreather|1212
|teamsize|p1|6
|teamsize|p2|6
|gametype|singles
|gen|8
|tier|[Gen 8] PU
|rated|
|clearpoke
|poke|p1|Silvally-*|
|poke|p1|Meowstic, M|
|poke|p1|Baltoy|
|poke|p1|Bronzor|
|poke|p1|Heatmor, F|
|poke|p1|Glaceon, M|
|poke|p2|Ludicolo, M|
|poke|p2|Mawile, M|
|poke|p2|Beheeyem, M|
|poke|p2|Fraxure, F|
|poke|p2|Hitmontop, M|
|poke|p2|Dubwool, F|
|rule|Sleep Clause Mod: Limit one foe put to sleep
|rule|Species Clause: Limit one of each Pokémon
|rule|OHKO Clause: OHKO moves are banned
|rule|Evasion Moves Clause: Evasion moves are banned
|rule|Endless Battle Clause: Forcing endless battles is banned
|rule|HP Percentage Mod: HP is shown in percentages
|rule|Dynamax Clause: You cannot dynamax
|teampreview
|j| steve77s
|inactive|Battle timer is ON: inactive players will automatically lose when time's up. (requested by Mr.J1234)
|
|start
|switch|p1a: Glaceon|Glaceon, M|100/100
|switch|p2a: Mawile|Mawile, M, shiny|100/100
|turn|1
|
|move|p1a: Glaceon|Shadow Ball|p2a: Mawile
|-crit|p2a: Mawile
|-damage|p2a: Mawile|0 fnt
|faint|p2a: Mawile
|
|upkeep
|
|switch|p2a: Hitmontop|Hitmontop, M, shiny|100/100
|-ability|p2a: Hitmontop|Intimidate|boost
|-unboost|p1a: Glaceon|atk|1
|turn|2
|
|switch|p1a: CLAYGOD JR|Baltoy|100/100
|move|p2a: Hitmontop|Fake Out|p1a: CLAYGOD JR
|-damage|p1a: CLAYGOD JR|89/100
|
|upkeep
|turn|3
|
|switch|p2a: Ludicolo|Ludicolo, M, shiny|100/100
|move|p1a: CLAYGOD JR|Toxic|p2a: Ludicolo
|-status|p2a: Ludicolo|tox
|
|-damage|p2a: Ludicolo|95/100 tox|[from] psn
|upkeep
|turn|4
|
|switch|p1a: Bronzor|Bronzor|100/100
|move|p2a: Ludicolo|Hydro Pump|p1a: Bronzor|[miss]
|-miss|p2a: Ludicolo|p1a: Bronzor
|
|-damage|p2a: Ludicolo|83/100 tox|[from] psn
|upkeep
|turn|5
|
|switch|p2a: Beheeyem|Beheeyem, M, shiny|100/100
|move|p1a: Bronzor|Stealth Rock|p2a: Beheeyem
|-sidestart|p2: Mr.J1234|move: Stealth Rock
|
|upkeep
|turn|6
|
|move|p2a: Beheeyem|Shadow Ball|p1a: Bronzor
|-supereffective|p1a: Bronzor
|-damage|p1a: Bronzor|55/100
|-damage|p2a: Beheeyem|91/100|[from] item: Life Orb
|move|p1a: Bronzor|Toxic|p2a: Beheeyem|[miss]
|-miss|p1a: Bronzor|p2a: Beheeyem
|
|upkeep
|turn|7
|
|move|p2a: Beheeyem|Shadow Ball|p1a: Bronzor
|-supereffective|p1a: Bronzor
|-damage|p1a: Bronzor|8/100
|-damage|p2a: Beheeyem|81/100|[from] item: Life Orb
|move|p1a: Bronzor|Toxic|p2a: Beheeyem
|-status|p2a: Beheeyem|tox
|-activate|p2a: Beheeyem|ability: Synchronize
|-immune|p1a: Bronzor
|
|-damage|p2a: Beheeyem|75/100 tox|[from] psn
|upkeep
|turn|8
|
|move|p2a: Beheeyem|Shadow Ball|p1a: Bronzor
|-supereffective|p1a: Bronzor
|-damage|p1a: Bronzor|0 fnt
|-damage|p2a: Beheeyem|65/100 tox|[from] item: Life Orb
|faint|p1a: Bronzor
|
|-damage|p2a: Beheeyem|52/100 tox|[from] psn
|upkeep
|
|switch|p1a: Meowstic|Meowstic, M|100/100
|turn|9
|c|☆Mr.J1234|This game has been quite an oof
|c|☆un vigoroth|yes lol
|
|move|p1a: Meowstic|Substitute|p1a: Meowstic
|-start|p1a: Meowstic|Substitute
|-damage|p1a: Meowstic|76/100
|move|p2a: Beheeyem|Trick Room|p2a: Beheeyem
|-fieldstart|move: Trick Room|[of] p2a: Beheeyem
|
|-heal|p1a: Meowstic|82/100|[from] item: Leftovers
|-damage|p2a: Beheeyem|34/100 tox|[from] psn
|upkeep
|turn|10
|
|move|p1a: Meowstic|Protect|p1a: Meowstic
|-singleturn|p1a: Meowstic|Protect
|move|p2a: Beheeyem|Shadow Ball|p1a: Meowstic
|-activate|p1a: Meowstic|move: Protect
|
|-heal|p1a: Meowstic|88/100|[from] item: Leftovers
|-damage|p2a: Beheeyem|9/100 tox|[from] psn
|upkeep
|turn|11
|
|move|p1a: Meowstic|Substitute|p1a: Meowstic
|-fail|p1a: Meowstic|move: Substitute
|move|p2a: Beheeyem|Shadow Ball|p1a: Meowstic
|-supereffective|p1a: Meowstic
|-end|p1a: Meowstic|Substitute
|-damage|p2a: Beheeyem|0 fnt|[from] item: Life Orb
|faint|p2a: Beheeyem
|
|-heal|p1a: Meowstic|94/100|[from] item: Leftovers
|upkeep
|c|☆un vigoroth|oh im dumb
|
|switch|p2a: Hitmontop|Hitmontop, M, shiny|100/100
|-damage|p2a: Hitmontop|94/100|[from] Stealth Rock
|-ability|p2a: Hitmontop|Intimidate|boost
|-unboost|p1a: Meowstic|atk|1
|turn|12
|
|move|p1a: Meowstic|Protect|p1a: Meowstic
|-singleturn|p1a: Meowstic|Protect
|move|p2a: Hitmontop|Fake Out|p1a: Meowstic
|-activate|p1a: Meowstic|move: Protect
|
|-heal|p1a: Meowstic|100/100|[from] item: Leftovers
|upkeep
|turn|13
|
|move|p1a: Meowstic|Substitute|p1a: Meowstic
|-start|p1a: Meowstic|Substitute
|-damage|p1a: Meowstic|76/100
|move|p2a: Hitmontop|Stone Edge|p1a: Meowstic
|-end|p1a: Meowstic|Substitute
|
|-heal|p1a: Meowstic|82/100|[from] item: Leftovers
|-fieldend|move: Trick Room
|upkeep
|turn|14
|
|move|p1a: Meowstic|Protect|p1a: Meowstic
|-singleturn|p1a: Meowstic|Protect
|move|p2a: Hitmontop|Mach Punch|p1a: Meowstic
|-activate|p1a: Meowstic|move: Protect
|
|-heal|p1a: Meowstic|88/100|[from] item: Leftovers
|upkeep
|turn|15
|
|switch|p1a: CLAYGOD JR|Baltoy|89/100
|move|p2a: Hitmontop|Stone Edge|p1a: CLAYGOD JR|[miss]
|-miss|p2a: Hitmontop|p1a: CLAYGOD JR
|
|upkeep
|turn|16
|
|switch|p2a: Ludicolo|Ludicolo, M, shiny|83/100 tox
|-damage|p2a: Ludicolo|70/100 tox|[from] Stealth Rock
|move|p1a: CLAYGOD JR|Toxic|p2a: Ludicolo
|-fail|p2a: Ludicolo|tox
|
|-damage|p2a: Ludicolo|64/100 tox|[from] psn
|upkeep
|turn|17
|
|switch|p1a: Heatmor|Heatmor, F|100/100
|move|p2a: Ludicolo|Energy Ball|p1a: Heatmor
|-resisted|p1a: Heatmor
|-damage|p1a: Heatmor|61/100
|-damage|p2a: Ludicolo|54/100 tox|[from] item: Life Orb
|
|-damage|p2a: Ludicolo|42/100 tox|[from] psn
|upkeep
|turn|18
|c|☆Mr.J1234|I’m getting read like a book
|
|move|p1a: Heatmor|Fire Lash|p2a: Ludicolo
|-damage|p2a: Ludicolo|0 fnt
|faint|p2a: Ludicolo
|
|upkeep
|c|☆un vigoroth|nah i was just sacking this
|
|switch|p2a: Hitmontop|Hitmontop, M, shiny|94/100
|-damage|p2a: Hitmontop|88/100|[from] Stealth Rock
|-ability|p2a: Hitmontop|Intimidate|boost
|-unboost|p1a: Heatmor|atk|1
|turn|19
|
|switch|p1a: CLAYGOD JR|Baltoy|89/100
|move|p2a: Hitmontop|Fake Out|p1a: CLAYGOD JR
|-damage|p1a: CLAYGOD JR|78/100
|
|upkeep
|turn|20
|
|switch|p2a: Fraxure|Fraxure, F, shiny|100/100
|-ability|p2a: Fraxure|Unnerve|p1: un vigoroth
|-damage|p2a: Fraxure|88/100|[from] Stealth Rock
|move|p1a: CLAYGOD JR|Toxic|p2a: Fraxure
|-status|p2a: Fraxure|tox
|
|-damage|p2a: Fraxure|82/100 tox|[from] psn
|upkeep
|turn|21
|
|switch|p1a: Heatmor|Heatmor, F|61/100
|move|p2a: Fraxure|Crunch|p1a: Heatmor
|-damage|p1a: Heatmor|0 fnt
|faint|p1a: Heatmor
|
|-damage|p2a: Fraxure|69/100 tox|[from] psn
|upkeep
|
|switch|p1a: Silvally|Silvally-Fighting|100/100
|turn|22
|
|switch|p2a: Hitmontop|Hitmontop, M, shiny|88/100
|-damage|p2a: Hitmontop|82/100|[from] Stealth Rock
|-ability|p2a: Hitmontop|Intimidate|boost
|-unboost|p1a: Silvally|atk|1
|move|p1a: Silvally|Swords Dance|p1a: Silvally
|-boost|p1a: Silvally|atk|2
|
|upkeep
|turn|23
|
|move|p2a: Hitmontop|Fake Out|p1a: Silvally
|-damage|p1a: Silvally|86/100
|cant|p1a: Silvally|flinch
|
|upkeep
|turn|24
|
|move|p1a: Silvally|Multi-Attack|p2a: Hitmontop
|-damage|p2a: Hitmontop|0 fnt
|faint|p2a: Hitmontop
|
|upkeep
|
|switch|p2a: Dubwool|Dubwool, F|100/100
|-damage|p2a: Dubwool|88/100|[from] Stealth Rock
|turn|25
|
|move|p1a: Silvally|Multi-Attack|p2a: Dubwool
|-supereffective|p2a: Dubwool
|-damage|p2a: Dubwool|21/100
|move|p2a: Dubwool|Cotton Guard|p2a: Dubwool
|-boost|p2a: Dubwool|def|3
|
|-heal|p2a: Dubwool|27/100|[from] item: Leftovers
|upkeep
|turn|26
|c|☆un vigoroth|holy
|
|move|p2a: Dubwool|Protect|p2a: Dubwool
|-singleturn|p2a: Dubwool|Protect
|move|p1a: Silvally|Multi-Attack|p2a: Dubwool
|-activate|p2a: Dubwool|move: Protect
|
|-heal|p2a: Dubwool|33/100|[from] item: Leftovers
|upkeep
|turn|27
|
|move|p1a: Silvally|Multi-Attack|p2a: Dubwool
|-supereffective|p2a: Dubwool
|-damage|p2a: Dubwool|6/100
|move|p2a: Dubwool|Cotton Guard|p2a: Dubwool
|-boost|p2a: Dubwool|def|3
|
|-heal|p2a: Dubwool|12/100|[from] item: Leftovers
|upkeep
|turn|28
|
|move|p2a: Dubwool|Protect|p2a: Dubwool
|-singleturn|p2a: Dubwool|Protect
|move|p1a: Silvally|Multi-Attack|p2a: Dubwool
|-activate|p2a: Dubwool|move: Protect
|
|-heal|p2a: Dubwool|18/100|[from] item: Leftovers
|upkeep
|turn|29
|
|move|p1a: Silvally|Multi-Attack|p2a: Dubwool
|-supereffective|p2a: Dubwool
|-damage|p2a: Dubwool|2/100
|move|p2a: Dubwool|Body Press|p1a: Silvally
|-damage|p1a: Silvally|0 fnt
|faint|p1a: Silvally
|
|-heal|p2a: Dubwool|8/100|[from] item: Leftovers
|upkeep
|
|switch|p1a: Meowstic|Meowstic, M|88/100
|turn|30
|
|move|p2a: Dubwool|Protect|p2a: Dubwool
|-singleturn|p2a: Dubwool|Protect
|move|p1a: Meowstic|Psychic|p2a: Dubwool
|-activate|p2a: Dubwool|move: Protect
|
|-heal|p1a: Meowstic|94/100|[from] item: Leftovers
|-heal|p2a: Dubwool|14/100|[from] item: Leftovers
|upkeep
|turn|31
|
|move|p1a: Meowstic|Psychic|p2a: Dubwool
|-damage|p2a: Dubwool|0 fnt
|faint|p2a: Dubwool
|
|-heal|p1a: Meowstic|100/100|[from] item: Leftovers
|upkeep
|c|☆un vigoroth|wow this mon is stupid
|
|switch|p2a: Fraxure|Fraxure, F, shiny|69/100 tox
|-ability|p2a: Fraxure|Unnerve|p1: un vigoroth
|-damage|p2a: Fraxure|57/100 tox|[from] Stealth Rock
|turn|32
|
|move|p1a: Meowstic|Protect|p1a: Meowstic
|-singleturn|p1a: Meowstic|Protect
|move|p2a: Fraxure|Crunch|p1a: Meowstic
|-activate|p1a: Meowstic|move: Protect
|
|-damage|p2a: Fraxure|50/100 tox|[from] psn
|upkeep
|turn|33
|
|move|p1a: Meowstic|Substitute|p1a: Meowstic
|-start|p1a: Meowstic|Substitute
|-damage|p1a: Meowstic|76/100
|move|p2a: Fraxure|Crunch|p1a: Meowstic
|-supereffective|p1a: Meowstic
|-end|p1a: Meowstic|Substitute
|
|-heal|p1a: Meowstic|82/100|[from] item: Leftovers
|-damage|p2a: Fraxure|38/100 tox|[from] psn
|upkeep
|turn|34
|
|move|p1a: Meowstic|Protect|p1a: Meowstic
|-singleturn|p1a: Meowstic|Protect
|move|p2a: Fraxure|Crunch|p1a: Meowstic
|-activate|p1a: Meowstic|move: Protect
|
|-heal|p1a: Meowstic|88/100|[from] item: Leftovers
|-damage|p2a: Fraxure|19/100 tox|[from] psn
|upkeep
|turn|35
|
|move|p1a: Meowstic|Substitute|p1a: Meowstic
|-start|p1a: Meowstic|Substitute
|-damage|p1a: Meowstic|63/100
|move|p2a: Fraxure|Crunch|p1a: Meowstic
|-supereffective|p1a: Meowstic
|-end|p1a: Meowstic|Substitute
|
|-heal|p1a: Meowstic|69/100|[from] item: Leftovers
|-damage|p2a: Fraxure|0 fnt|[from] psn
|faint|p2a: Fraxure
|
|win|un vigoroth
|upkeep
