|j|☆Jewced test
|j|☆Eesturn
|t:|1658344204
|gametype|singles
|player|p1|Jewced test|skyla|1369
|player|p2|Eesturn|bellelba|1391
|teamsize|p1|6
|teamsize|p2|6
|gen|8
|tier|[Gen 8] PU
|rated|
|rule|Sleep Clause Mod: Limit one foe put to sleep
|rule|Species Clause: Limit one of each Pokémon
|rule|OHKO Clause: OHKO moves are banned
|rule|Evasion Moves Clause: Evasion moves are banned
|rule|Endless Battle Clause: Forcing endless battles is banned
|rule|HP Percentage Mod: HP is shown in percentages
|rule|Dynamax Clause: You cannot dynamax
|clearpoke
|poke|p1|Scyther, M|
|poke|p1|Coalossal, M|
|poke|p1|Whimsicott, M|
|poke|p1|Lanturn, F|
|poke|p1|Sandaconda, M|
|poke|p1|Haunter, M|
|poke|p2|Accelgor, F|
|poke|p2|Carracosta, F|
|poke|p2|Magmortar, F|
|poke|p2|Wishiwashi, M|
|poke|p2|Whimsicott, F|
|poke|p2|Articuno-Galar|
|teampreview
|inactive|Battle timer is ON: inactive players will automatically lose when time's up. (requested by Jewced test)
|c|☆Eesturn|glhf
|
|t:|1658344215
|start
|switch|p1a: Coalossal|Coalossal, M|100/100
|switch|p2a: Accelgor|Accelgor, F|100/100
|turn|1
|
|t:|1658344221
|move|p2a: Accelgor|Final Gambit|p1a: Coalossal
|-damage|p1a: Coalossal|15/100
|faint|p2a: Accelgor
|move|p1a: Coalossal|Rock Blast|p2: Accelgor|[notarget]
|-fail|p1a: Coalossal
|
|upkeep
|
|t:|1658344230
|switch|p2a: Articuno|Articuno-Galar|100/100
|turn|2
|
|t:|1658344258
|move|p2a: Articuno|Freezing Glare|p1a: Coalossal
|-damage|p1a: Coalossal|0 fnt
|faint|p1a: Coalossal
|
|upkeep
|
|t:|1658344262
|switch|p1a: Lanturn|Lanturn, F|100/100
|turn|3
|
|t:|1658344268
|switch|p2a: Whimsicott|Whimsicott, F|100/100
|move|p1a: Lanturn|Toxic|p2a: Whimsicott
|-status|p2a: Whimsicott|tox
|
|-damage|p2a: Whimsicott|94/100 tox|[from] psn
|upkeep
|turn|4
|
|t:|1658344275
|switch|p1a: Haunter|Haunter, M|100/100
|move|p2a: Whimsicott|Energy Ball|p1a: Haunter
|-resisted|p1a: Haunter
|-damage|p1a: Haunter|38/100
|
|-damage|p2a: Whimsicott|82/100 tox|[from] psn
|upkeep
|turn|5
|
|t:|1658344282
|switch|p2a: Articuno|Articuno-Galar|100/100
|move|p1a: Haunter|Shadow Ball|p2a: Articuno
|-supereffective|p2a: Articuno
|-damage|p2a: Articuno|8/100
|
|upkeep
|turn|6
|
|t:|1658344288
|move|p2a: Articuno|Freezing Glare|p1a: Haunter
|-supereffective|p1a: Haunter
|-damage|p1a: Haunter|0 fnt
|faint|p1a: Haunter
|
|upkeep
|
|t:|1658344292
|switch|p1a: Scyther|Scyther, M|100/100
|turn|7
|
|t:|1658344306
|switch|p2a: Wishiwashi|Wishiwashi, M|100/100
|-formechange|p2a: Wishiwashi|Wishiwashi-School||[from] ability: Schooling
|switch|p1a: Lanturn|Lanturn, F|100/100
|
|upkeep
|turn|8
|
|t:|1658344317
|move|p1a: Lanturn|Toxic|p2a: Wishiwashi
|-status|p2a: Wishiwashi|tox
|move|p2a: Wishiwashi|Earthquake|p1a: Lanturn
|-supereffective|p1a: Lanturn
|-damage|p1a: Lanturn|0 fnt
|faint|p1a: Lanturn
|
|-damage|p2a: Wishiwashi|94/100 tox|[from] psn
|upkeep
|
|t:|1658344324
|switch|p1a: Whimsicott|Whimsicott, M|100/100
|turn|9
|
|t:|1658344327
|switch|p2a: Whimsicott|Whimsicott, F|82/100 tox
|move|p1a: Whimsicott|U-turn|p2a: Whimsicott
|-damage|p2a: Whimsicott|66/100 tox
|
|t:|1658344330
|switch|p1a: Scyther|Scyther, M|100/100|[from]move: U-turn
|
|-damage|p2a: Whimsicott|60/100 tox|[from] psn
|upkeep
|turn|10
|
|t:|1658344336
|move|p2a: Whimsicott|Switcheroo|p1a: Scyther
|-activate|p2a: Whimsicott|move: Trick|[of] p1a: Scyther
|-item|p1a: Scyther|Choice Specs|[from] move: Switcheroo
|-item|p2a: Whimsicott|Life Orb|[from] move: Switcheroo
|move|p1a: Scyther|Swords Dance|p1a: Scyther
|-boost|p1a: Scyther|atk|2
|
|-damage|p2a: Whimsicott|47/100 tox|[from] psn
|upkeep
|turn|11
|-message|Jewced test forfeited.
|
|win|Eesturn
|raw|Jewced test's rating: 1369 &rarr; <strong>1350</strong><br />(-19 for losing)
|raw|Eesturn's rating: 1391 &rarr; <strong>1410</strong><br />(+19 for winning)
|l|☆Jewced test
|c|☆Eesturn|gg
