|j|☆Reumzaw
|j|☆uult5 somalia
|player|p1|Reumzaw|furisodegirl-black|
|player|p2|uult5 somalia|alder|
|teamsize|p1|6
|teamsize|p2|6
|gametype|singles
|gen|8
|tier|[Gen 8] PU
|rated|Tournament battle
|clearpoke
|poke|p1|Falinks|
|poke|p1|Heatmor, F|
|poke|p1|Mr. Rime, F|
|poke|p1|Crustle, M|
|poke|p1|Gourgeist-*, M|
|poke|p1|Raichu, F|
|poke|p2|Glaceon, M|
|poke|p2|Onix, F|
|poke|p2|Gourgeist-*, M|
|poke|p2|Manectric, M|
|poke|p2|Pawniard, M|
|poke|p2|Hitmontop, M|
|rule|Sleep Clause Mod: Limit one foe put to sleep
|rule|Species Clause: Limit one of each Pokémon
|rule|OHKO Clause: OHKO moves are banned
|rule|Evasion Moves Clause: Evasion moves are banned
|rule|Endless Battle Clause: Forcing endless battles is banned
|rule|HP Percentage Mod: HP is shown in percentages
|rule|Dynamax Clause: You cannot dynamax
|teampreview
|c|☆uult5 somalia|hf
|inactive|Battle timer is ON: inactive players will automatically lose when time's up. (requested by uult5 somalia)
|c|☆Reumzaw|gl hf
|j| zSpxdes
|
|start
|switch|p1a: Falinks|Falinks, shiny|100/100
|switch|p2a: BLAST CORE|Onix, F|100/100
|turn|1
|
|move|p1a: Falinks|Close Combat|p2a: BLAST CORE
|-supereffective|p2a: BLAST CORE
|-ability|p2a: BLAST CORE|Sturdy
|-damage|p2a: BLAST CORE|1/100
|-unboost|p1a: Falinks|def|1
|-unboost|p1a: Falinks|spd|1
|move|p2a: BLAST CORE|Stealth Rock|p1a: Falinks
|-sidestart|p1: Reumzaw|move: Stealth Rock
|
|upkeep
|turn|2
|
|switch|p1a: Mr. Rime|Mr. Rime, F, shiny|100/100
|switch|p2a: EVOLUTION|Gourgeist, M|100/100
|-item|p1a: Mr. Rime|Heavy-Duty Boots|[from] ability: Frisk|[of] p2a: EVOLUTION|[identify]
|
|upkeep
|turn|3
|j| illegal in galar
|
|move|p2a: EVOLUTION|Power Whip|p1a: Mr. Rime|[miss]
|-miss|p2a: EVOLUTION|p1a: Mr. Rime
|move|p1a: Mr. Rime|Ice Beam|p2a: EVOLUTION
|-supereffective|p2a: EVOLUTION
|-damage|p2a: EVOLUTION|0 fnt
|faint|p2a: EVOLUTION
|
|upkeep
|
|switch|p2a: BLAST CORE|Onix, F|1/100
|turn|4
|
|move|p1a: Mr. Rime|Rapid Spin|p2a: BLAST CORE
|-resisted|p2a: BLAST CORE
|-damage|p2a: BLAST CORE|0 fnt
|-boost|p1a: Mr. Rime|spe|1
|-sideend|p1: Reumzaw|Stealth Rock|[from] move: Rapid Spin|[of] p1a: Mr. Rime
|faint|p2a: BLAST CORE
|
|upkeep
|
|switch|p2a: BLINK|Manectric, M|100/100
|turn|5
|c|☆uult5 somalia|yh
|c|☆uult5 somalia|i cant come back
|c|☆uult5 somalia|from that
|c|☆uult5 somalia|gg
|c|☆uult5 somalia|and running max speed with boots, that;s odd
|c|☆Reumzaw|trust me I can choke really bad when I get nervous
|j| MR RIIIIME
|inactive|Reumzaw has 120 seconds left.
|c|☆uult5 somalia|its a room tour
|
|switch|p1a: Heatmor|Heatmor, F, shiny|100/100
|move|p2a: BLINK|Thunderbolt|p1a: Heatmor
|-damage|p1a: Heatmor|13/100
|
|upkeep
|turn|6
|c|☆uult5 somalia|nothing to get nervous about
|inactive|Reumzaw has 120 seconds left.
|
|move|p2a: BLINK|Thunderbolt|p1a: Heatmor
|-damage|p1a: Heatmor|0 fnt
|faint|p1a: Heatmor
|
|upkeep
|c|☆Reumzaw|lmao still
|inactive|Reumzaw has 120 seconds left.
|
|switch|p1a: Raichu|Raichu, F, shiny|100/100
|turn|7
|
|switch|p2a: RAKSHASA'S PALM|Hitmontop, M|100/100
|move|p1a: Raichu|Surf|p2a: RAKSHASA'S PALM
|-damage|p2a: RAKSHASA'S PALM|76/100
|
|upkeep
|turn|8
|
|switch|p1a: Gourgeist|Gourgeist, M, shiny|100/100
|-item|p2a: RAKSHASA'S PALM|Assault Vest|[from] ability: Frisk|[of] p1a: Gourgeist|[identify]
|move|p2a: RAKSHASA'S PALM|Aerial Ace|p1a: Gourgeist
|-supereffective|p1a: Gourgeist
|-damage|p1a: Gourgeist|39/100
|
|upkeep
|turn|9
|
|switch|p2a: DEVIL'S LANCE|Pawniard, M|100/100
|move|p1a: Gourgeist|Shadow Sneak|p2a: DEVIL'S LANCE
|-resisted|p2a: DEVIL'S LANCE
|-damage|p2a: DEVIL'S LANCE|88/100
|-damage|p1a: Gourgeist|29/100|[from] item: Life Orb
|
|upkeep
|turn|10
|
|move|p1a: Gourgeist|Fire Blast|p2a: DEVIL'S LANCE|[miss]
|-miss|p1a: Gourgeist|p2a: DEVIL'S LANCE
|move|p2a: DEVIL'S LANCE|Iron Head|p1a: Gourgeist
|-damage|p1a: Gourgeist|0 fnt
|faint|p1a: Gourgeist
|
|upkeep
|c|☆Reumzaw|whatever time to unchoke
|
|switch|p1a: Falinks|Falinks, shiny|100/100
|turn|11
|j| Rave Dubin ☭
|
|move|p1a: Falinks|Close Combat|p2a: DEVIL'S LANCE
|-supereffective|p2a: DEVIL'S LANCE
|-damage|p2a: DEVIL'S LANCE|0 fnt
|-unboost|p1a: Falinks|def|1
|-unboost|p1a: Falinks|spd|1
|faint|p2a: DEVIL'S LANCE
|
|upkeep
|l| Rave Dubin ☭
|
|switch|p2a: BLINK|Manectric, M|100/100
|turn|12
|
|switch|p1a: Raichu|Raichu, F, shiny|100/100
|move|p2a: BLINK|Overheat|p1a: Raichu
|-damage|p1a: Raichu|13/100
|-unboost|p2a: BLINK|spa|2
|
|upkeep
|turn|13
|
|switch|p2a: RAKSHASA'S PALM|Hitmontop, M|76/100
|move|p1a: Raichu|Surf|p2a: RAKSHASA'S PALM
|-damage|p2a: RAKSHASA'S PALM|50/100
|
|upkeep
|turn|14
|
|switch|p1a: Mr. Rime|Mr. Rime, F, shiny|100/100
|move|p2a: RAKSHASA'S PALM|Mach Punch|p1a: Mr. Rime
|-damage|p1a: Mr. Rime|61/100
|
|upkeep
|turn|15
|
|move|p1a: Mr. Rime|Psychic|p2a: RAKSHASA'S PALM
|-supereffective|p2a: RAKSHASA'S PALM
|-damage|p2a: RAKSHASA'S PALM|0 fnt
|faint|p2a: RAKSHASA'S PALM
|
|upkeep
|
|switch|p2a: NIKO STYLE|Glaceon, M|100/100
|turn|16
|
|switch|p1a: Crustle|Crustle, M, shiny|100/100
|move|p2a: NIKO STYLE|Shadow Ball|p1a: Crustle
|-damage|p1a: Crustle|32/100
|
|upkeep
|turn|17
|
|move|p2a: NIKO STYLE|Shadow Ball|p1a: Crustle
|-damage|p1a: Crustle|0 fnt
|faint|p1a: Crustle
|
|upkeep
|
|switch|p1a: Falinks|Falinks, shiny|100/100
|turn|18
|
|move|p1a: Falinks|Close Combat|p2a: NIKO STYLE
|-supereffective|p2a: NIKO STYLE
|-damage|p2a: NIKO STYLE|0 fnt
|-unboost|p1a: Falinks|def|1
|-unboost|p1a: Falinks|spd|1
|faint|p2a: NIKO STYLE
|
|upkeep
|
|switch|p2a: BLINK|Manectric, M|100/100
|turn|19
|inactive|uult5 somalia has 120 seconds left.
|
|switch|p1a: Raichu|Raichu, F, shiny|13/100
|move|p2a: BLINK|Thunderbolt|p1a: Raichu
|-ability|p1a: Raichu|Lightning Rod|boost
|-boost|p1a: Raichu|spa|1
|
|upkeep
|turn|20
|c|☆uult5 somalia|yeah
|c|☆uult5 somalia|gg
|-message|uult5 somalia forfeited.
|
|win|Reumzaw
