|j|☆JoJo Reference #10
|j|☆kingqueso141
|t:|1661835746
|gametype|singles
|player|p1|JoJo Reference #10|169|1419
|player|p2|kingqueso141|rosa|1310
|teamsize|p1|6
|teamsize|p2|6
|gen|8
|tier|[Gen 8] PU
|rated|
|rule|Sleep Clause Mod: Limit one foe put to sleep
|rule|Species Clause: Limit one of each Pokémon
|rule|OHKO Clause: OHKO moves are banned
|rule|Evasion Items Clause: Evasion items are banned
|rule|Evasion Moves Clause: Evasion moves are banned
|rule|Endless Battle Clause: Forcing endless battles is banned
|rule|HP Percentage Mod: HP is shown in percentages
|rule|Dynamax Clause: You cannot dynamax
|clearpoke
|poke|p1|Scyther, F|
|poke|p1|Coalossal, M|
|poke|p1|Cinccino, M|
|poke|p1|Thwackey, M|
|poke|p1|Weezing, F|
|poke|p1|Silvally-*|
|poke|p2|Magneton|
|poke|p2|Archeops, F|
|poke|p2|Scrafty, F|
|poke|p2|Comfey, F|
|poke|p2|Centiskorch, F|
|poke|p2|Cinccino, M|
|teampreview
|
|t:|1661835764
|start
|switch|p1a: Weezing|Weezing, F|100/100
|switch|p2a: Archeops|Archeops, F|100/100
|turn|1
|
|t:|1661835767
|move|p2a: Archeops|Taunt|p1a: Weezing
|-start|p1a: Weezing|move: Taunt
|move|p1a: Weezing|Sludge Bomb|p2a: Archeops
|-resisted|p2a: Archeops
|-damage|p2a: Archeops|79/100
|
|upkeep
|turn|2
|
|t:|1661835771
|move|p2a: Archeops|Stealth Rock|p1a: Weezing
|-sidestart|p1: JoJo Reference #10|move: Stealth Rock
|move|p1a: Weezing|Sludge Bomb|p2a: Archeops
|-resisted|p2a: Archeops
|-damage|p2a: Archeops|57/100
|
|upkeep
|turn|3
|
|t:|1661835776
|move|p2a: Archeops|Head Smash|p1a: Weezing|[miss]
|-miss|p2a: Archeops|p1a: Weezing
|move|p1a: Weezing|Sludge Bomb|p2a: Archeops
|-resisted|p2a: Archeops
|-damage|p2a: Archeops|32/100
|
|-end|p1a: Weezing|move: Taunt
|upkeep
|turn|4
|
|t:|1661835780
|switch|p1a: Coalossal|Coalossal, M|100/100
|move|p2a: Archeops|Taunt|p1a: Coalossal
|-start|p1a: Coalossal|move: Taunt
|
|upkeep
|turn|5
|
|t:|1661835782
|move|p2a: Archeops|Earthquake|p1a: Coalossal
|-supereffective|p1a: Coalossal
|-damage|p1a: Coalossal|61/100
|move|p1a: Coalossal|Rapid Spin|p2a: Archeops
|-resisted|p2a: Archeops
|-damage|p2a: Archeops|25/100
|-boost|p1a: Coalossal|spe|1
|-sideend|p1: JoJo Reference #10|Stealth Rock|[from] move: Rapid Spin|[of] p1a: Coalossal
|
|upkeep
|turn|6
|
|t:|1661835794
|move|p2a: Archeops|Earthquake|p1a: Coalossal
|-supereffective|p1a: Coalossal
|-damage|p1a: Coalossal|20/100
|move|p1a: Coalossal|Rapid Spin|p2a: Archeops
|-resisted|p2a: Archeops
|-damage|p2a: Archeops|17/100
|-boost|p1a: Coalossal|spe|1
|
|-end|p1a: Coalossal|move: Taunt
|upkeep
|turn|7
|
|t:|1661835798
|move|p2a: Archeops|Stealth Rock|p1a: Coalossal
|-sidestart|p1: JoJo Reference #10|move: Stealth Rock
|move|p1a: Coalossal|Stealth Rock|p2a: Archeops
|-sidestart|p2: kingqueso141|move: Stealth Rock
|
|upkeep
|turn|8
|
|t:|1661835800
|move|p2a: Archeops|Earthquake|p1a: Coalossal
|-supereffective|p1a: Coalossal
|-damage|p1a: Coalossal|0 fnt
|faint|p1a: Coalossal
|
|upkeep
|
|t:|1661835802
|switch|p1a: Thwackey|Thwackey, M|100/100
|-damage|p1a: Thwackey|88/100|[from] Stealth Rock
|-fieldstart|move: Grassy Terrain|[from] ability: Grassy Surge|[of] p1a: Thwackey
|turn|9
|
|t:|1661835806
|move|p1a: Thwackey|Grassy Glide|p2a: Archeops
|-damage|p2a: Archeops|0 fnt
|faint|p2a: Archeops
|
|-heal|p1a: Thwackey|94/100|[from] Grassy Terrain
|upkeep
|
|t:|1661835808
|switch|p2a: Centiskorch|Centiskorch, F|100/100
|turn|10
|
|t:|1661835813
|switch|p1a: Weezing|Weezing, F|100/100
|-damage|p1a: Weezing|88/100|[from] Stealth Rock
|move|p2a: Centiskorch|Fire Lash|p1a: Weezing
|-damage|p1a: Weezing|62/100
|-unboost|p1a: Weezing|def|1
|
|-heal|p1a: Weezing|68/100|[from] item: Black Sludge
|upkeep
|turn|11
|
|t:|1661835816
|move|p2a: Centiskorch|Fire Lash|p1a: Weezing
|-damage|p1a: Weezing|27/100
|-unboost|p1a: Weezing|def|1
|move|p1a: Weezing|Toxic Spikes|p2a: Centiskorch
|-sidestart|p2: kingqueso141|move: Toxic Spikes
|
|-heal|p1a: Weezing|33/100|[from] item: Black Sludge
|upkeep
|turn|12
|
|t:|1661835821
|move|p2a: Centiskorch|Fire Lash|p1a: Weezing
|-damage|p1a: Weezing|0 fnt
|faint|p1a: Weezing
|
|upkeep
|
|t:|1661835826
|switch|p1a: Silvally|Silvally-Fairy|100/100
|-damage|p1a: Silvally|88/100|[from] Stealth Rock
|turn|13
|
|t:|1661835830
|move|p1a: Silvally|Swords Dance|p1a: Silvally
|-boost|p1a: Silvally|atk|2
|move|p2a: Centiskorch|Fire Lash|p1a: Silvally
|-damage|p1a: Silvally|41/100
|-unboost|p1a: Silvally|def|1
|
|-heal|p1a: Silvally|47/100|[from] Grassy Terrain
|-fieldend|move: Grassy Terrain
|upkeep
|turn|14
|
|t:|1661835834
|move|p1a: Silvally|Rock Slide|p2a: Centiskorch
|-supereffective|p2a: Centiskorch
|-damage|p2a: Centiskorch|0 fnt
|faint|p2a: Centiskorch
|
|upkeep
|
|t:|1661835848
|switch|p2a: Cinccino|Cinccino, M|100/100
|-damage|p2a: Cinccino|88/100|[from] Stealth Rock
|-status|p2a: Cinccino|psn
|turn|15
|
|t:|1661835851
|move|p2a: Cinccino|Tail Slap|p1a: Silvally
|-damage|p1a: Silvally|21/100
|-damage|p1a: Silvally|0 fnt
|faint|p1a: Silvally
|-hitcount|p1: Silvally|2
|
|-damage|p2a: Cinccino|76/100 psn|[from] psn
|upkeep
|
|t:|1661835853
|switch|p1a: Thwackey|Thwackey, M|94/100
|-damage|p1a: Thwackey|82/100|[from] Stealth Rock
|-fieldstart|move: Grassy Terrain|[from] ability: Grassy Surge|[of] p1a: Thwackey
|turn|16
|
|t:|1661835863
|switch|p2a: Scrafty|Scrafty, F|100/100
|-damage|p2a: Scrafty|95/100|[from] Stealth Rock
|-status|p2a: Scrafty|psn
|-enditem|p2a: Scrafty|Lum Berry|[eat]
|-curestatus|p2a: Scrafty|psn|[msg]
|move|p1a: Thwackey|Grassy Glide|p2a: Scrafty
|-damage|p2a: Scrafty|36/100
|
|-heal|p1a: Thwackey|88/100|[from] Grassy Terrain
|-heal|p2a: Scrafty|41/100|[from] Grassy Terrain
|upkeep
|turn|17
|
|t:|1661835867
|move|p1a: Thwackey|Grassy Glide|p2a: Scrafty
|-damage|p2a: Scrafty|0 fnt
|faint|p2a: Scrafty
|
|-heal|p1a: Thwackey|94/100|[from] Grassy Terrain
|upkeep
|
|t:|1661835874
|switch|p2a: Comfey|Comfey, F|100/100
|-damage|p2a: Comfey|88/100|[from] Stealth Rock
|-status|p2a: Comfey|psn
|turn|18
|
|t:|1661835877
|move|p2a: Comfey|Draining Kiss|p1a: Thwackey
|-crit|p1a: Thwackey
|-damage|p1a: Thwackey|23/100
|-heal|p2a: Comfey|100/100 psn|[from] drain|[of] p1a: Thwackey
|-damage|p2a: Comfey|91/100 psn|[from] item: Life Orb
|move|p1a: Thwackey|Grassy Glide|p2a: Comfey
|-damage|p2a: Comfey|2/100 psn
|
|-heal|p2a: Comfey|8/100 psn|[from] Grassy Terrain
|-heal|p1a: Thwackey|29/100|[from] Grassy Terrain
|-damage|p2a: Comfey|0 fnt|[from] psn
|faint|p2a: Comfey
|upkeep
|
|t:|1661835884
|switch|p2a: Magneton|Magneton|100/100
|-damage|p2a: Magneton|94/100|[from] Stealth Rock
|turn|19
|
|t:|1661835899
|switch|p1a: Scyther|Scyther, F|100/100
|-damage|p1a: Scyther|51/100|[from] Stealth Rock
|move|p2a: Magneton|Tri Attack|p1a: Scyther
|-damage|p1a: Scyther|0 fnt
|faint|p1a: Scyther
|
|-heal|p2a: Magneton|100/100|[from] Grassy Terrain
|upkeep
|
|t:|1661835905
|switch|p1a: Cinccino|Cinccino, M|100/100
|-damage|p1a: Cinccino|88/100|[from] Stealth Rock
|turn|20
|
|t:|1661835911
|move|p1a: Cinccino|Knock Off|p2a: Magneton
|-damage|p2a: Magneton|37/100
|-enditem|p2a: Magneton|Choice Specs|[from] move: Knock Off|[of] p1a: Cinccino
|move|p2a: Magneton|Tri Attack|p1a: Cinccino
|-damage|p1a: Cinccino|21/100
|
|-heal|p1a: Cinccino|27/100|[from] Grassy Terrain
|-heal|p2a: Magneton|43/100|[from] Grassy Terrain
|-fieldend|move: Grassy Terrain
|upkeep
|turn|21
|
|t:|1661835915
|move|p1a: Cinccino|Knock Off|p2a: Magneton
|-damage|p2a: Magneton|0 fnt
|faint|p2a: Magneton
|
|upkeep
|
|t:|1661835917
|switch|p2a: Cinccino|Cinccino, M|76/100 psn
|-damage|p2a: Cinccino|63/100 psn|[from] Stealth Rock
|turn|22
|
|t:|1661835926
|move|p1a: Cinccino|Knock Off|p2a: Cinccino
|-damage|p2a: Cinccino|0 fnt
|-enditem|p2a: Cinccino|Choice Band|[from] move: Knock Off|[of] p1a: Cinccino
|faint|p2a: Cinccino
|
|win|JoJo Reference #10
|raw|JoJo Reference #10's rating: 1419 &rarr; <strong>1433</strong><br />(+14 for winning)
|raw|kingqueso141's rating: 1310 &rarr; <strong>1296</strong><br />(-14 for losing)
|l|☆kingqueso141
|c|☆JoJo Reference #10|gg
