|html|<div class="broadcast-blue"><strong>[Gen 8] PU is currently suspecting Drampa! For information on how to participate check out the <a href="https://www.smogon.com/forums/threads/np-pu-stage-7-i-hear-hyper-voices-in-my-head-drampa-suspect-test.3692992/">suspect thread</a>.</strong></div>
|j|☆GBlazePlayz
|j|☆one of the bouys
|t:|1636822331
|gametype|singles
|player|p1|GBlazePlayz|hugh|1405
|player|p2|one of the bouys|clown|1594
|teamsize|p1|6
|teamsize|p2|6
|gen|8
|tier|[Gen 8] PU
|rated|
|rule|Sleep Clause Mod: Limit one foe put to sleep
|rule|Species Clause: Limit one of each Pokémon
|rule|OHKO Clause: OHKO moves are banned
|rule|Evasion Moves Clause: Evasion moves are banned
|rule|Endless Battle Clause: Forcing endless battles is banned
|rule|HP Percentage Mod: HP is shown in percentages
|rule|Dynamax Clause: You cannot dynamax
|clearpoke
|poke|p1|Aggron, M|
|poke|p1|Weezing, F|
|poke|p1|Articuno-Galar|
|poke|p1|Froslass, F|
|poke|p1|Hitmontop, M|
|poke|p1|Audino, M|
|poke|p2|Flapple, M|
|poke|p2|Wishiwashi, M|
|poke|p2|Vikavolt, F|
|poke|p2|Stunfisk-Galar, F|
|poke|p2|Silvally-*|
|poke|p2|Cinccino, M|
|teampreview
|inactive|Battle timer is ON: inactive players will automatically lose when time's up. (requested by GBlazePlayz)
|
|t:|1636822366
|start
|switch|p1a: Hitmontop|Hitmontop, M|100/100
|switch|p2a: Wishiwashi|Wishiwashi, M|100/100
|-formechange|p2a: Wishiwashi|Wishiwashi-School||[from] ability: Schooling
|turn|1
|
|t:|1636822372
|switch|p1a: Weezing|Weezing, F|100/100
|move|p2a: Wishiwashi|U-turn|p1a: Weezing
|-resisted|p1a: Weezing
|-damage|p1a: Weezing|94/100
|-damage|p2a: Wishiwashi|84/100|[from] item: Rocky Helmet|[of] p1a: Weezing
|
|t:|1636822377
|switch|p2a: Vikavolt|Vikavolt, F|100/100|[from]move: U-turn
|
|upkeep
|turn|2
|
|t:|1636822385
|switch|p1a: Audino|Audino, M|100/100
|move|p2a: Vikavolt|Volt Switch|p1a: Audino
|-damage|p1a: Audino|70/100
|
|t:|1636822389
|switch|p2a: Flapple|Flapple, M|100/100|[from]move: Volt Switch
|
|upkeep
|turn|3
|
|t:|1636822394
|switch|p1a: Weezing|Weezing, F|94/100
|move|p2a: Flapple|Grav Apple|p1a: Weezing
|-resisted|p1a: Weezing
|-damage|p1a: Weezing|69/100
|-unboost|p1a: Weezing|def|1
|-damage|p2a: Flapple|91/100|[from] item: Life Orb
|
|upkeep
|turn|4
|
|t:|1636822408
|move|p2a: Flapple|Draco Meteor|p1a: Weezing
|-damage|p1a: Weezing|0 fnt
|-unboost|p2a: Flapple|spa|2
|faint|p1a: Weezing
|-damage|p2a: Flapple|81/100|[from] item: Life Orb
|
|upkeep
|
|t:|1636822414
|switch|p1a: Froslass|Froslass, F|100/100
|turn|5
|
|t:|1636822420
|switch|p2a: Wishiwashi|Wishiwashi, M|84/100
|-formechange|p2a: Wishiwashi|Wishiwashi-School||[from] ability: Schooling
|move|p1a: Froslass|Poltergeist|p2a: Wishiwashi
|-activate|p2a: Wishiwashi|move: Poltergeist|Leftovers
|-damage|p2a: Wishiwashi|25/100
|
|-heal|p2a: Wishiwashi|31/100|[from] item: Leftovers
|upkeep
|turn|6
|
|t:|1636822428
|switch|p2a: Cinccino|Cinccino, M|100/100
|move|p1a: Froslass|Poltergeist|p2a: Cinccino
|-immune|p2a: Cinccino
|
|upkeep
|turn|7
|
|t:|1636822431
|switch|p1a: Aggron|Aggron, M|100/100
|move|p2a: Cinccino|Knock Off|p1a: Aggron
|-damage|p1a: Aggron|74/100
|-enditem|p1a: Aggron|Leftovers|[from] move: Knock Off|[of] p2a: Cinccino
|
|upkeep
|turn|8
|
|t:|1636822437
|switch|p2a: Stunfisk|Stunfisk-Galar, F|100/100
|move|p1a: Aggron|Stealth Rock|p2a: Stunfisk
|-sidestart|p2: one of the bouys|move: Stealth Rock
|
|upkeep
|turn|9
|
|t:|1636822442
|switch|p1a: Hitmontop|Hitmontop, M|100/100
|move|p2a: Stunfisk|Earthquake|p1a: Hitmontop
|-damage|p1a: Hitmontop|62/100
|
|upkeep
|turn|10
|
|t:|1636822447
|switch|p2a: Silvally|Silvally-Fairy|100/100
|-damage|p2a: Silvally|88/100|[from] Stealth Rock
|move|p1a: Hitmontop|Mach Punch|p2a: Silvally
|-resisted|p2a: Silvally
|-damage|p2a: Silvally|77/100
|-damage|p1a: Hitmontop|53/100|[from] item: Life Orb
|
|upkeep
|turn|11
|
|t:|1636822455
|switch|p1a: Aggron|Aggron, M|74/100
|move|p2a: Silvally|Defog|p1a: Aggron
|-unboost|p1a: Aggron|evasion|1
|-sideend|p2: one of the bouys|Stealth Rock|[from] move: Defog|[of] p2a: Silvally
|
|upkeep
|turn|12
|
|t:|1636822460
|switch|p2a: Vikavolt|Vikavolt, F|100/100
|move|p1a: Aggron|Stealth Rock|p2a: Vikavolt
|-sidestart|p2: one of the bouys|move: Stealth Rock
|
|upkeep
|turn|13
|
|t:|1636822463
|switch|p1a: Audino|Audino, M|100/100
|move|p2a: Vikavolt|Mud Shot|p1a: Audino|[miss]
|-miss|p2a: Vikavolt|p1a: Audino
|
|upkeep
|turn|14
|
|t:|1636822469
|move|p2a: Vikavolt|Bug Buzz|p1a: Audino
|-damage|p1a: Audino|60/100
|move|p1a: Audino|Wish|p1a: Audino
|
|upkeep
|turn|15
|
|t:|1636822472
|move|p2a: Vikavolt|Volt Switch|p1a: Audino
|-damage|p1a: Audino|32/100
|
|t:|1636822478
|switch|p2a: Stunfisk|Stunfisk-Galar, F|100/100|[from]move: Volt Switch
|-damage|p2a: Stunfisk|97/100|[from] Stealth Rock
|move|p1a: Audino|Knock Off|p2a: Stunfisk
|-damage|p2a: Stunfisk|84/100
|-enditem|p2a: Stunfisk|Leftovers|[from] move: Knock Off|[of] p1a: Audino
|
|-heal|p1a: Audino|82/100|[from] move: Wish|[wisher] Audino
|upkeep
|turn|16
|
|t:|1636822481
|move|p1a: Audino|Wish|p1a: Audino
|move|p2a: Stunfisk|Stealth Rock|p1a: Audino
|-sidestart|p1: GBlazePlayz|move: Stealth Rock
|
|upkeep
|turn|17
|
|t:|1636822483
|switch|p1a: Hitmontop|Hitmontop, M|53/100
|-damage|p1a: Hitmontop|47/100|[from] Stealth Rock
|move|p2a: Stunfisk|Yawn|p1a: Hitmontop
|-start|p1a: Hitmontop|move: Yawn|[of] p2a: Stunfisk
|
|-heal|p1a: Hitmontop|100/100|[from] move: Wish|[wisher] Audino
|upkeep
|turn|18
|
|t:|1636822490
|switch|p1a: Articuno|Articuno-Galar|100/100
|move|p2a: Stunfisk|Earthquake|p1a: Articuno
|-immune|p1a: Articuno
|
|upkeep
|turn|19
|
|t:|1636822493
|move|p1a: Articuno|U-turn|p2a: Stunfisk
|-resisted|p2a: Stunfisk
|-damage|p2a: Stunfisk|79/100
|
|t:|1636822495
|switch|p1a: Hitmontop|Hitmontop, M|100/100|[from]move: U-turn
|-damage|p1a: Hitmontop|95/100|[from] Stealth Rock
|move|p2a: Stunfisk|Stone Edge|p1a: Hitmontop
|-resisted|p1a: Hitmontop
|-damage|p1a: Hitmontop|82/100
|
|upkeep
|turn|20
|
|t:|1636822498
|move|p1a: Hitmontop|Rapid Spin|p2a: Stunfisk
|-resisted|p2a: Stunfisk
|-damage|p2a: Stunfisk|68/100
|-boost|p1a: Hitmontop|spe|1
|-sideend|p1: GBlazePlayz|Stealth Rock|[from] move: Rapid Spin|[of] p1a: Hitmontop
|-damage|p1a: Hitmontop|73/100|[from] item: Life Orb
|move|p2a: Stunfisk|Yawn|p1a: Hitmontop
|-start|p1a: Hitmontop|move: Yawn|[of] p2a: Stunfisk
|
|upkeep
|turn|21
|
|t:|1636822505
|switch|p1a: Articuno|Articuno-Galar|100/100
|move|p2a: Stunfisk|Stealth Rock|p1a: Articuno
|-sidestart|p1: GBlazePlayz|move: Stealth Rock
|
|upkeep
|turn|22
|
|t:|1636822508
|move|p1a: Articuno|Future Sight|p2a: Stunfisk
|-start|p1a: Articuno|move: Future Sight
|move|p2a: Stunfisk|Yawn|p1a: Articuno
|-start|p1a: Articuno|move: Yawn|[of] p2a: Stunfisk
|
|upkeep
|turn|23
|
|t:|1636822511
|move|p1a: Articuno|U-turn|p2a: Stunfisk
|-resisted|p2a: Stunfisk
|-damage|p2a: Stunfisk|63/100
|
|t:|1636822513
|switch|p1a: Hitmontop|Hitmontop, M|73/100|[from]move: U-turn
|-damage|p1a: Hitmontop|67/100|[from] Stealth Rock
|move|p2a: Stunfisk|Yawn|p1a: Hitmontop
|-start|p1a: Hitmontop|move: Yawn|[of] p2a: Stunfisk
|
|upkeep
|turn|24
|
|t:|1636822516
|switch|p1a: Audino|Audino, M|100/100
|move|p2a: Stunfisk|Earthquake|p1a: Audino
|-damage|p1a: Audino|73/100
|
|-end|p2a: Stunfisk|move: Future Sight
|-resisted|p2a: Stunfisk
|-damage|p2a: Stunfisk|43/100
|upkeep
|turn|25
|
|t:|1636822530
|switch|p2a: Vikavolt|Vikavolt, F|100/100
|move|p1a: Audino|Wish|p1a: Audino
|
|upkeep
|turn|26
|
|t:|1636822533
|move|p2a: Vikavolt|Volt Switch|p1a: Audino
|-damage|p1a: Audino|43/100
|
|t:|1636822536
|switch|p2a: Flapple|Flapple, M|81/100|[from]move: Volt Switch
|-damage|p2a: Flapple|68/100|[from] Stealth Rock
|move|p1a: Audino|Knock Off|p2a: Flapple
|-damage|p2a: Flapple|45/100
|-enditem|p2a: Flapple|Life Orb|[from] move: Knock Off|[of] p1a: Audino
|
|-heal|p1a: Audino|93/100|[from] move: Wish|[wisher] Audino
|upkeep
|turn|27
|
|t:|1636822541
|move|p2a: Flapple|Grav Apple|p1a: Audino
|-damage|p1a: Audino|40/100
|-unboost|p1a: Audino|def|1
|move|p1a: Audino|Wish|p1a: Audino
|
|upkeep
|turn|28
|
|t:|1636822545
|switch|p1a: Aggron|Aggron, M|74/100
|-damage|p1a: Aggron|68/100|[from] Stealth Rock
|move|p2a: Flapple|Grav Apple|p1a: Aggron
|-damage|p1a: Aggron|31/100
|-unboost|p1a: Aggron|def|1
|
|-heal|p1a: Aggron|91/100|[from] move: Wish|[wisher] Audino
|upkeep
|turn|29
|
|t:|1636822550
|move|p2a: Flapple|Grav Apple|p1a: Aggron
|-damage|p1a: Aggron|33/100
|-unboost|p1a: Aggron|def|1
|move|p1a: Aggron|Heavy Slam|p2a: Flapple
|-damage|p2a: Flapple|0 fnt
|faint|p2a: Flapple
|
|upkeep
|
|t:|1636822562
|switch|p2a: Vikavolt|Vikavolt, F|100/100
|turn|30
|
|t:|1636822569
|switch|p1a: Audino|Audino, M|74/100
|move|p2a: Vikavolt|Volt Switch|p1a: Audino
|-damage|p1a: Audino|43/100
|
|t:|1636822571
|switch|p2a: Cinccino|Cinccino, M|100/100|[from]move: Volt Switch
|-damage|p2a: Cinccino|88/100|[from] Stealth Rock
|
|upkeep
|turn|31
|
|t:|1636822578
|move|p1a: Audino|Protect|p1a: Audino
|-singleturn|p1a: Audino|Protect
|move|p2a: Cinccino|Triple Axel|p1a: Audino
|-activate|p1a: Audino|move: Protect
|
|upkeep
|turn|32
|
|t:|1636822580
|switch|p1a: Froslass|Froslass, F|100/100
|-damage|p1a: Froslass|76/100|[from] Stealth Rock
|move|p2a: Cinccino|Triple Axel|p1a: Froslass
|-resisted|p1a: Froslass
|-damage|p1a: Froslass|66/100
|-start|p2a: Cinccino|Disable|Triple Axel|[from] ability: Cursed Body|[of] p1a: Froslass
|-resisted|p1a: Froslass
|-damage|p1a: Froslass|44/100
|-resisted|p1a: Froslass
|-damage|p1a: Froslass|13/100
|-hitcount|p1a: Froslass|3
|
|upkeep
|turn|33
|
|t:|1636822586
|switch|p2a: Wishiwashi|Wishiwashi, M|31/100
|-damage|p2a: Wishiwashi|19/100|[from] Stealth Rock
|move|p1a: Froslass|Triple Axel|p2a: Wishiwashi|[miss]
|-miss|p1a: Froslass|p2a: Wishiwashi
|
|-heal|p2a: Wishiwashi|25/100|[from] item: Leftovers
|upkeep
|turn|34
|
|t:|1636822591
|move|p1a: Froslass|Triple Axel|p2a: Wishiwashi
|-resisted|p2a: Wishiwashi
|-damage|p2a: Wishiwashi|5/100
|-resisted|p2a: Wishiwashi
|-damage|p2a: Wishiwashi|0 fnt
|faint|p2a: Wishiwashi
|-hitcount|p2: Wishiwashi|2
|
|upkeep
|
|t:|1636822601
|switch|p2a: Cinccino|Cinccino, M|88/100
|-damage|p2a: Cinccino|76/100|[from] Stealth Rock
|turn|35
|
|t:|1636822609
|move|p2a: Cinccino|Rock Blast|p1a: Froslass
|-supereffective|p1a: Froslass
|-damage|p1a: Froslass|0 fnt
|-start|p2a: Cinccino|Disable|Rock Blast|[from] ability: Cursed Body|[of] p1a: Froslass
|faint|p1a: Froslass
|-hitcount|p1: Froslass|1
|
|upkeep
|
|t:|1636822612
|switch|p1a: Aggron|Aggron, M|33/100
|-damage|p1a: Aggron|27/100|[from] Stealth Rock
|turn|36
|
|t:|1636822621
|switch|p2a: Stunfisk|Stunfisk-Galar, F|43/100
|-damage|p2a: Stunfisk|40/100|[from] Stealth Rock
|move|p1a: Aggron|Head Smash|p2a: Stunfisk
|-resisted|p2a: Stunfisk
|-damage|p2a: Stunfisk|29/100
|
|upkeep
|turn|37
|
|t:|1636822625
|switch|p1a: Audino|Audino, M|77/100
|move|p2a: Stunfisk|Earthquake|p1a: Audino
|-damage|p1a: Audino|49/100
|
|upkeep
|turn|38
|
|t:|1636822633
|switch|p2a: Vikavolt|Vikavolt, F|100/100
|move|p1a: Audino|Wish|p1a: Audino
|
|upkeep
|turn|39
|
|t:|1636822640
|move|p1a: Audino|Protect|p1a: Audino
|-singleturn|p1a: Audino|Protect
|move|p2a: Vikavolt|Bug Buzz|p1a: Audino
|-activate|p1a: Audino|move: Protect
|
|-heal|p1a: Audino|99/100|[from] move: Wish|[wisher] Audino
|upkeep
|turn|40
|
|t:|1636822643
|move|p2a: Vikavolt|Bug Buzz|p1a: Audino
|-crit|p1a: Audino
|-damage|p1a: Audino|48/100
|-unboost|p1a: Audino|spd|1
|move|p1a: Audino|Wish|p1a: Audino
|
|upkeep
|turn|41
|
|t:|1636822648
|move|p1a: Audino|Protect|p1a: Audino
|-singleturn|p1a: Audino|Protect
|move|p2a: Vikavolt|Volt Switch|p1a: Audino
|-activate|p1a: Audino|move: Protect
|
|-heal|p1a: Audino|98/100|[from] move: Wish|[wisher] Audino
|upkeep
|turn|42
|
|t:|1636822653
|move|p2a: Vikavolt|Bug Buzz|p1a: Audino
|-damage|p1a: Audino|44/100
|move|p1a: Audino|Knock Off|p2a: Vikavolt
|-damage|p2a: Vikavolt|84/100
|-enditem|p2a: Vikavolt|Heavy-Duty Boots|[from] move: Knock Off|[of] p1a: Audino
|
|upkeep
|turn|43
|
|t:|1636822667
|switch|p1a: Aggron|Aggron, M|27/100
|-damage|p1a: Aggron|21/100|[from] Stealth Rock
|move|p2a: Vikavolt|Bug Buzz|p1a: Aggron
|-resisted|p1a: Aggron
|-damage|p1a: Aggron|0 fnt
|faint|p1a: Aggron
|
|upkeep
|
|t:|1636822672
|switch|p1a: Hitmontop|Hitmontop, M|67/100
|-damage|p1a: Hitmontop|61/100|[from] Stealth Rock
|turn|44
|
|t:|1636822678
|switch|p2a: Stunfisk|Stunfisk-Galar, F|29/100
|-damage|p2a: Stunfisk|26/100|[from] Stealth Rock
|move|p1a: Hitmontop|Rapid Spin|p2a: Stunfisk
|-resisted|p2a: Stunfisk
|-damage|p2a: Stunfisk|14/100
|-boost|p1a: Hitmontop|spe|1
|-sideend|p1: GBlazePlayz|Stealth Rock|[from] move: Rapid Spin|[of] p1a: Hitmontop
|-damage|p1a: Hitmontop|51/100|[from] item: Life Orb
|
|upkeep
|turn|45
|
|t:|1636822683
|move|p1a: Hitmontop|Mach Punch|p2a: Stunfisk
|-supereffective|p2a: Stunfisk
|-damage|p2a: Stunfisk|0 fnt
|faint|p2a: Stunfisk
|-damage|p1a: Hitmontop|41/100|[from] item: Life Orb
|
|upkeep
|
|t:|1636822686
|switch|p2a: Silvally|Silvally-Fairy|77/100
|-damage|p2a: Silvally|64/100|[from] Stealth Rock
|turn|46
|
|t:|1636822691
|switch|p1a: Articuno|Articuno-Galar|100/100
|move|p2a: Silvally|Multi-Attack|p1a: Articuno
|-damage|p1a: Articuno|56/100
|
|upkeep
|turn|47
|
|t:|1636822710
|switch|p2a: Vikavolt|Vikavolt, F|84/100
|-damage|p2a: Vikavolt|59/100|[from] Stealth Rock
|move|p1a: Articuno|Future Sight|p2a: Vikavolt
|-start|p1a: Articuno|move: Future Sight
|
|upkeep
|turn|48
|
|t:|1636822718
|move|p1a: Articuno|U-turn|p2a: Vikavolt
|-damage|p2a: Vikavolt|43/100
|
|t:|1636822719
|switch|p1a: Audino|Audino, M|77/100|[from]move: U-turn
|move|p2a: Vikavolt|Volt Switch|p1a: Audino
|-damage|p1a: Audino|50/100
|
|t:|1636822722
|switch|p2a: Silvally|Silvally-Fairy|64/100|[from]move: Volt Switch
|-damage|p2a: Silvally|52/100|[from] Stealth Rock
|
|upkeep
|turn|49
|
|t:|1636822725
|move|p2a: Silvally|Rest|p2a: Silvally
|-status|p2a: Silvally|slp|[from] move: Rest
|-heal|p2a: Silvally|100/100 slp|[silent]
|move|p1a: Audino|Wish|p1a: Audino
|
|-end|p2a: Silvally|move: Future Sight
|-damage|p2a: Silvally|43/100 slp
|upkeep
|turn|50
|
|t:|1636822733
|switch|p1a: Hitmontop|Hitmontop, M|41/100
|cant|p2a: Silvally|slp
|move|p2a: Silvally|Sleep Talk|p2a: Silvally
|move|p2a: Silvally|Multi-Attack|p1a: Hitmontop|[from]move: Sleep Talk
|-supereffective|p1a: Hitmontop
|-damage|p1a: Hitmontop|0 fnt
|faint|p1a: Hitmontop
|
|upkeep
|
|t:|1636822737
|switch|p1a: Articuno|Articuno-Galar|56/100
|turn|51
|
|t:|1636822745
|move|p1a: Articuno|Future Sight|p2a: Silvally
|-start|p1a: Articuno|move: Future Sight
|cant|p2a: Silvally|slp
|move|p2a: Silvally|Sleep Talk|p2a: Silvally
|move|p2a: Silvally|Multi-Attack|p1a: Articuno|[from]move: Sleep Talk
|-damage|p1a: Articuno|7/100
|
|upkeep
|turn|52
|
|t:|1636822753
|move|p1a: Articuno|Hurricane|p2a: Silvally
|-damage|p2a: Silvally|0 fnt
|faint|p2a: Silvally
|
|upkeep
|
|t:|1636822758
|switch|p2a: Vikavolt|Vikavolt, F|43/100
|-damage|p2a: Vikavolt|18/100|[from] Stealth Rock
|turn|53
|
|t:|1636822776
|move|p1a: Articuno|Hurricane|p2a: Vikavolt
|-damage|p2a: Vikavolt|0 fnt
|faint|p2a: Vikavolt
|
|-hint|Future Sight did not hit because the target is fainted.
|upkeep
|
|t:|1636822779
|switch|p2a: Cinccino|Cinccino, M|76/100
|-damage|p2a: Cinccino|63/100|[from] Stealth Rock
|turn|54
|
|t:|1636822785
|move|p2a: Cinccino|Triple Axel|p1a: Articuno
|-supereffective|p1a: Articuno
|-damage|p1a: Articuno|0 fnt
|faint|p1a: Articuno
|-hitcount|p1: Articuno|1
|
|upkeep
|
|t:|1636822787
|switch|p1a: Audino|Audino, M|83/100
|turn|55
|
|t:|1636822790
|move|p1a: Audino|Protect|p1a: Audino
|-singleturn|p1a: Audino|Protect
|move|p2a: Cinccino|Triple Axel|p1a: Audino
|-activate|p1a: Audino|move: Protect
|
|upkeep
|turn|56
|
|t:|1636822792
|move|p2a: Cinccino|Triple Axel|p1a: Audino
|-damage|p1a: Audino|71/100
|-damage|p1a: Audino|48/100
|-damage|p1a: Audino|10/100
|-hitcount|p1a: Audino|3
|move|p1a: Audino|Wish|p1a: Audino
|
|upkeep
|turn|57
|
|t:|1636822794
|move|p1a: Audino|Protect|p1a: Audino
|-singleturn|p1a: Audino|Protect
|move|p2a: Cinccino|Triple Axel|p1a: Audino
|-activate|p1a: Audino|move: Protect
|
|-heal|p1a: Audino|60/100|[from] move: Wish|[wisher] Audino
|upkeep
|turn|58
|
|t:|1636822797
|move|p2a: Cinccino|Triple Axel|p1a: Audino
|-damage|p1a: Audino|48/100
|-damage|p1a: Audino|26/100
|-damage|p1a: Audino|0 fnt
|faint|p1a: Audino
|-hitcount|p1: Audino|3
|
|win|one of the bouys
|raw|GBlazePlayz's rating: 1405 &rarr; <strong>1395</strong><br />(-10 for losing)
|raw|one of the bouys's rating: 1594 &rarr; <strong>1604</strong><br />(+10 for winning)
|c|☆one of the bouys|gg
