|j|☆Crombey
|j|☆thinking of chu
|t:|1626346686
|gametype|singles
|player|p1|Crombey|janine|1506
|player|p2|thinking of chu|clown|1468
|teamsize|p1|6
|teamsize|p2|6
|gen|8
|tier|[Gen 8] PU
|rated|
|rule|Sleep Clause Mod: Limit one foe put to sleep
|rule|Species Clause: Limit one of each Pokémon
|rule|OHKO Clause: OHKO moves are banned
|rule|Evasion Moves Clause: Evasion moves are banned
|rule|Endless Battle Clause: Forcing endless battles is banned
|rule|HP Percentage Mod: HP is shown in percentages
|rule|Dynamax Clause: You cannot dynamax
|clearpoke
|poke|p1|Gourgeist-*, F|
|poke|p1|Centiskorch, F|
|poke|p1|Gigalith, M|
|poke|p1|Quagsire, F|
|poke|p1|Togedemaru, M|
|poke|p1|Silvally-*|
|poke|p2|Gourgeist-*, M|
|poke|p2|Lunatone|
|poke|p2|Cryogonal|
|poke|p2|Poliwrath, F|
|poke|p2|Stunfisk-Galar, F|
|poke|p2|Weezing, F|
|teampreview
|inactive|Battle timer is ON: inactive players will automatically lose when time's up. (requested by Crombey)
|
|t:|1626346722
|start
|switch|p1a: Centiskorch|Centiskorch, F|100/100
|switch|p2a: Gourgeist|Gourgeist-Super, M|100/100
|-item|p1a: Centiskorch|Heavy-Duty Boots|[from] ability: Frisk|[of] p2a: Gourgeist|[identify]
|turn|1
|
|t:|1626346733
|move|p1a: Centiskorch|Fire Lash|p2a: Gourgeist
|-supereffective|p2a: Gourgeist
|-damage|p2a: Gourgeist|29/100
|-unboost|p2a: Gourgeist|def|1
|move|p2a: Gourgeist|Poltergeist|p1a: Centiskorch|[miss]
|-miss|p2a: Gourgeist|p1a: Centiskorch
|
|upkeep
|turn|2
|
|t:|1626346749
|switch|p2a: Poliwrath|Poliwrath, F|100/100
|move|p1a: Centiskorch|Knock Off|p2a: Poliwrath
|-resisted|p2a: Poliwrath
|-damage|p2a: Poliwrath|89/100
|-enditem|p2a: Poliwrath|Leftovers|[from] move: Knock Off|[of] p1a: Centiskorch
|
|upkeep
|turn|3
|
|t:|1626346763
|switch|p1a: Gourgeist|Gourgeist-Small, F|100/100
|move|p2a: Poliwrath|Scald|p1a: Gourgeist
|-resisted|p1a: Gourgeist
|-damage|p1a: Gourgeist|85/100
|
|upkeep
|turn|4
|
|t:|1626346770
|switch|p2a: Weezing|Weezing, F|100/100
|-ability|p2a: Weezing|Neutralizing Gas
|move|p1a: Gourgeist|Trick|p2a: Weezing
|-activate|p1a: Gourgeist|move: Trick|[of] p2a: Weezing
|-item|p2a: Weezing|Choice Band|[from] move: Trick
|-item|p1a: Gourgeist|Black Sludge|[from] move: Trick
|
|-damage|p1a: Gourgeist|72/100|[from] item: Black Sludge
|upkeep
|turn|5
|
|t:|1626346797
|switch|p1a: Centiskorch|Centiskorch, F|100/100
|move|p2a: Weezing|Toxic Spikes|p1a: Centiskorch
|-sidestart|p1: Crombey|move: Toxic Spikes
|
|upkeep
|turn|6
|
|t:|1626346806
|-end|p2a: Weezing|ability: Neutralizing Gas
|switch|p2a: Poliwrath|Poliwrath, F|89/100
|move|p1a: Centiskorch|Fire Lash|p2a: Poliwrath
|-resisted|p2a: Poliwrath
|-damage|p2a: Poliwrath|74/100
|-unboost|p2a: Poliwrath|def|1
|
|upkeep
|turn|7
|
|t:|1626346811
|move|p1a: Centiskorch|Power Whip|p2a: Poliwrath
|-supereffective|p2a: Poliwrath
|-crit|p2a: Poliwrath
|-damage|p2a: Poliwrath|0 fnt
|faint|p2a: Poliwrath
|
|upkeep
|
|t:|1626346816
|switch|p2a: Lunatone|Lunatone|100/100
|turn|8
|
|t:|1626346824
|move|p1a: Centiskorch|Knock Off|p2a: Lunatone
|-supereffective|p2a: Lunatone
|-damage|p2a: Lunatone|12/100
|-enditem|p2a: Lunatone|Leftovers|[from] move: Knock Off|[of] p1a: Centiskorch
|move|p2a: Lunatone|Power Gem|p1a: Centiskorch
|-supereffective|p1a: Centiskorch
|-damage|p1a: Centiskorch|0 fnt
|faint|p1a: Centiskorch
|
|upkeep
|
|t:|1626346833
|switch|p1a: Togedemaru|Togedemaru, M|100/100
|turn|9
|
|t:|1626346839
|switch|p2a: Stunfisk|Stunfisk-Galar, F|100/100
|move|p1a: Togedemaru|U-turn|p2a: Stunfisk
|-resisted|p2a: Stunfisk
|-damage|p2a: Stunfisk|92/100
|
|t:|1626346848
|switch|p1a: Quagsire|Quagsire, F|100/100|[from]move: U-turn
|-status|p1a: Quagsire|psn
|
|-heal|p2a: Stunfisk|98/100|[from] item: Leftovers
|-damage|p1a: Quagsire|88/100 psn|[from] psn
|upkeep
|turn|10
|
|t:|1626346854
|move|p1a: Quagsire|Earthquake|p2a: Stunfisk
|-supereffective|p2a: Stunfisk
|-damage|p2a: Stunfisk|47/100
|move|p2a: Stunfisk|Stealth Rock|p1a: Quagsire
|-sidestart|p1: Crombey|move: Stealth Rock
|
|-heal|p1a: Quagsire|94/100 psn|[from] item: Leftovers
|-heal|p2a: Stunfisk|53/100|[from] item: Leftovers
|-damage|p1a: Quagsire|82/100 psn|[from] psn
|upkeep
|turn|11
|
|t:|1626346865
|switch|p2a: Gourgeist|Gourgeist-Super, M|29/100
|-item|p1a: Quagsire|Leftovers|[from] ability: Frisk|[of] p2a: Gourgeist|[identify]
|move|p1a: Quagsire|Scald|p2a: Gourgeist
|-resisted|p2a: Gourgeist
|-damage|p2a: Gourgeist|19/100
|-status|p2a: Gourgeist|brn
|
|-heal|p1a: Quagsire|88/100 psn|[from] item: Leftovers
|-damage|p1a: Quagsire|75/100 psn|[from] psn
|-damage|p2a: Gourgeist|13/100 brn|[from] brn
|upkeep
|turn|12
|
|t:|1626346877
|switch|p1a: Togedemaru|Togedemaru, M|100/100
|-damage|p1a: Togedemaru|95/100|[from] Stealth Rock
|move|p2a: Gourgeist|Synthesis|p2a: Gourgeist
|-heal|p2a: Gourgeist|63/100 brn
|
|-damage|p2a: Gourgeist|57/100 brn|[from] brn
|upkeep
|turn|13
|
|t:|1626346885
|switch|p2a: Stunfisk|Stunfisk-Galar, F|53/100
|move|p1a: Togedemaru|U-turn|p2a: Stunfisk
|-resisted|p2a: Stunfisk
|-damage|p2a: Stunfisk|46/100
|
|t:|1626346888
|switch|p1a: Silvally|Silvally-Fairy|100/100|[from]move: U-turn
|-damage|p1a: Silvally|88/100|[from] Stealth Rock
|-status|p1a: Silvally|psn
|
|-heal|p2a: Stunfisk|52/100|[from] item: Leftovers
|-damage|p1a: Silvally|76/100 psn|[from] psn
|upkeep
|turn|14
|
|t:|1626346894
|move|p1a: Silvally|Defog|p2a: Stunfisk
|-unboost|p2a: Stunfisk|evasion|1
|-sideend|p1: Crombey|Toxic Spikes|[from] move: Defog|[of] p1a: Silvally
|-sideend|p1: Crombey|Stealth Rock|[from] move: Defog|[of] p1a: Silvally
|move|p2a: Stunfisk|Earthquake|p1a: Silvally
|-damage|p1a: Silvally|53/100 psn
|
|-heal|p2a: Stunfisk|58/100|[from] item: Leftovers
|-damage|p1a: Silvally|40/100 psn|[from] psn
|upkeep
|turn|15
|
|t:|1626346899
|move|p1a: Silvally|Parting Shot|p2a: Stunfisk
|-unboost|p2a: Stunfisk|atk|1
|-unboost|p2a: Stunfisk|spa|1
|
|t:|1626346905
|switch|p1a: Gourgeist|Gourgeist-Small, F|72/100|[from]move: Parting Shot
|-item|p2a: Stunfisk|Leftovers|[from] ability: Frisk|[of] p1a: Gourgeist|[identify]
|move|p2a: Stunfisk|Stealth Rock|p1a: Gourgeist
|-sidestart|p1: Crombey|move: Stealth Rock
|
|-damage|p1a: Gourgeist|60/100|[from] item: Black Sludge
|-heal|p2a: Stunfisk|64/100|[from] item: Leftovers
|upkeep
|turn|16
|
|t:|1626346913
|switch|p2a: Weezing|Weezing, F|100/100
|-ability|p2a: Weezing|Neutralizing Gas
|move|p1a: Gourgeist|Poltergeist|p2a: Weezing|[miss]
|-miss|p1a: Gourgeist|p2a: Weezing
|
|-damage|p1a: Gourgeist|48/100|[from] item: Black Sludge
|upkeep
|turn|17
|
|t:|1626346918
|move|p1a: Gourgeist|Poltergeist|p2a: Weezing
|-activate|p2a: Weezing|move: Poltergeist|Choice Band
|-damage|p2a: Weezing|74/100
|move|p2a: Weezing|Toxic Spikes|p1a: Gourgeist
|-sidestart|p1: Crombey|move: Toxic Spikes
|
|-damage|p1a: Gourgeist|35/100|[from] item: Black Sludge
|upkeep
|turn|18
|
|t:|1626346937
|-end|p2a: Weezing|ability: Neutralizing Gas
|-item|p2a: Weezing|Choice Band|[from] ability: Frisk|[of] p1a: Gourgeist|[identify]
|switch|p2a: Gourgeist|Gourgeist-Super, M|57/100 brn
|-item|p1a: Gourgeist|Black Sludge|[from] ability: Frisk|[of] p2a: Gourgeist|[identify]
|move|p1a: Gourgeist|Poltergeist||[still]
|-fail|p1a: Gourgeist
|
|-damage|p1a: Gourgeist|23/100|[from] item: Black Sludge
|-damage|p2a: Gourgeist|51/100 brn|[from] brn
|upkeep
|turn|19
|
|t:|1626346948
|move|p2a: Gourgeist|Shadow Sneak|p1a: Gourgeist
|-supereffective|p1a: Gourgeist
|-damage|p1a: Gourgeist|0 fnt
|faint|p1a: Gourgeist
|
|-damage|p2a: Gourgeist|45/100 brn|[from] brn
|upkeep
|
|t:|1626346952
|switch|p1a: Silvally|Silvally-Fairy|40/100 psn
|-damage|p1a: Silvally|28/100 psn|[from] Stealth Rock
|turn|20
|
|t:|1626346960
|move|p1a: Silvally|Flamethrower|p2a: Gourgeist
|-supereffective|p2a: Gourgeist
|-damage|p2a: Gourgeist|0 fnt
|faint|p2a: Gourgeist
|
|-damage|p1a: Silvally|15/100 psn|[from] psn
|upkeep
|
|t:|1626346962
|switch|p2a: Cryogonal|Cryogonal|100/100
|turn|21
|
|t:|1626346970
|switch|p1a: Togedemaru|Togedemaru, M|95/100
|-damage|p1a: Togedemaru|89/100|[from] Stealth Rock
|move|p2a: Cryogonal|Ice Beam|p1a: Togedemaru
|-resisted|p1a: Togedemaru
|-damage|p1a: Togedemaru|55/100
|
|upkeep
|turn|22
|
|t:|1626346975
|switch|p2a: Stunfisk|Stunfisk-Galar, F|64/100
|move|p1a: Togedemaru|U-turn|p2a: Stunfisk
|-resisted|p2a: Stunfisk
|-damage|p2a: Stunfisk|56/100
|
|t:|1626346981
|switch|p1a: Quagsire|Quagsire, F|75/100 psn|[from]move: U-turn
|-damage|p1a: Quagsire|69/100 psn|[from] Stealth Rock
|
|-heal|p1a: Quagsire|75/100 psn|[from] item: Leftovers
|-heal|p2a: Stunfisk|62/100|[from] item: Leftovers
|-damage|p1a: Quagsire|63/100 psn|[from] psn
|upkeep
|turn|23
|
|t:|1626346990
|switch|p2a: Cryogonal|Cryogonal|100/100
|move|p1a: Quagsire|Scald|p2a: Cryogonal
|-crit|p2a: Cryogonal
|-damage|p2a: Cryogonal|77/100
|
|-heal|p1a: Quagsire|69/100 psn|[from] item: Leftovers
|-damage|p1a: Quagsire|57/100 psn|[from] psn
|upkeep
|turn|24
|
|t:|1626346996
|switch|p1a: Gigalith|Gigalith, M|100/100
|-damage|p1a: Gigalith|88/100|[from] Stealth Rock
|-status|p1a: Gigalith|psn
|-weather|Sandstorm|[from] ability: Sand Stream|[of] p1a: Gigalith
|move|p2a: Cryogonal|Ice Beam|p1a: Gigalith
|-damage|p1a: Gigalith|68/100 psn
|
|-weather|Sandstorm|[upkeep]
|-damage|p2a: Cryogonal|71/100|[from] Sandstorm
|-heal|p1a: Gigalith|74/100 psn|[from] item: Leftovers
|-damage|p1a: Gigalith|62/100 psn|[from] psn
|upkeep
|turn|25
|
|t:|1626347012
|switch|p2a: Weezing|Weezing, F|74/100
|-ability|p2a: Weezing|Neutralizing Gas
|move|p1a: Gigalith|Earthquake|p2a: Weezing
|-supereffective|p2a: Weezing
|-damage|p2a: Weezing|38/100
|
|-weather|Sandstorm|[upkeep]
|-damage|p2a: Weezing|32/100|[from] Sandstorm
|-heal|p1a: Gigalith|68/100 psn|[from] item: Leftovers
|-damage|p1a: Gigalith|56/100 psn|[from] psn
|upkeep
|turn|26
|
|t:|1626347025
|move|p2a: Weezing|Pain Split|p1a: Gigalith
|-sethp|p1a: Gigalith|42/100 psn|[from] move: Pain Split|[silent]
|-sethp|p2a: Weezing|47/100|[from] move: Pain Split
|move|p1a: Gigalith|Stealth Rock|p2a: Weezing
|-sidestart|p2: thinking of chu|move: Stealth Rock
|
|-weather|Sandstorm|[upkeep]
|-damage|p2a: Weezing|41/100|[from] Sandstorm
|-heal|p1a: Gigalith|48/100 psn|[from] item: Leftovers
|-damage|p1a: Gigalith|36/100 psn|[from] psn
|upkeep
|turn|27
|
|t:|1626347041
|move|p2a: Weezing|Pain Split|p1a: Gigalith
|-sethp|p1a: Gigalith|36/100 psn|[from] move: Pain Split|[silent]
|-sethp|p2a: Weezing|41/100|[from] move: Pain Split
|move|p1a: Gigalith|Earthquake|p2a: Weezing
|-supereffective|p2a: Weezing
|-damage|p2a: Weezing|3/100
|
|-weather|Sandstorm|[upkeep]
|-damage|p2a: Weezing|0 fnt|[from] Sandstorm
|faint|p2a: Weezing
|-end|p2a: Weezing|ability: Neutralizing Gas
|-heal|p1a: Gigalith|42/100 psn|[from] item: Leftovers
|-damage|p1a: Gigalith|30/100 psn|[from] psn
|upkeep
|
|t:|1626347046
|switch|p2a: Stunfisk|Stunfisk-Galar, F|62/100
|-damage|p2a: Stunfisk|59/100|[from] Stealth Rock
|turn|28
|inactive|Crombey has 120 seconds left.
|
|t:|1626347079
|switch|p1a: Silvally|Silvally-Fairy|15/100 psn
|-damage|p1a: Silvally|3/100 psn|[from] Stealth Rock
|move|p2a: Stunfisk|Earthquake|p1a: Silvally
|-damage|p1a: Silvally|0 fnt
|faint|p1a: Silvally
|
|-weather|none
|-heal|p2a: Stunfisk|65/100|[from] item: Leftovers
|upkeep
|
|t:|1626347083
|switch|p1a: Quagsire|Quagsire, F|57/100 psn
|-damage|p1a: Quagsire|50/100 psn|[from] Stealth Rock
|turn|29
|
|t:|1626347091
|switch|p2a: Cryogonal|Cryogonal|71/100
|move|p1a: Quagsire|Toxic|p2a: Cryogonal
|-status|p2a: Cryogonal|tox
|
|-heal|p1a: Quagsire|57/100 psn|[from] item: Leftovers
|-damage|p2a: Cryogonal|65/100 tox|[from] psn
|-damage|p1a: Quagsire|44/100 psn|[from] psn
|upkeep
|turn|30
|
|t:|1626347101
|move|p2a: Cryogonal|Ice Beam|p1a: Quagsire
|-damage|p1a: Quagsire|0 fnt
|faint|p1a: Quagsire
|
|-damage|p2a: Cryogonal|53/100 tox|[from] psn
|upkeep
|c|☆Crombey|oh
|c|☆Crombey|oops
|c|☆Crombey|I should have calced
|c|☆Crombey|ahahah
|c|☆Crombey|I was 100000% convinced I lived that
|inactive|Crombey has 120 seconds left.
|c|☆Crombey|well gg lol my bad
|c|☆thinking of chu|quag's special bulk is p bad
|c|☆thinking of chu|gg
|
|t:|1626347129
|switch|p1a: Gigalith|Gigalith, M|30/100 psn
|-damage|p1a: Gigalith|18/100 psn|[from] Stealth Rock
|-weather|Sandstorm|[from] ability: Sand Stream|[of] p1a: Gigalith
|turn|31
|
|t:|1626347146
|move|p2a: Cryogonal|Ice Beam|p1a: Gigalith
|-damage|p1a: Gigalith|0 fnt
|faint|p1a: Gigalith
|
|-weather|Sandstorm|[upkeep]
|-damage|p2a: Cryogonal|47/100 tox|[from] Sandstorm
|-damage|p2a: Cryogonal|29/100 tox|[from] psn
|upkeep
|
|t:|1626347149
|switch|p1a: Togedemaru|Togedemaru, M|55/100
|-damage|p1a: Togedemaru|50/100|[from] Stealth Rock
|turn|32
|c|☆Crombey|I can't believe I didn't calc that lol I'm so dumb :p
|c|☆Crombey|would have won xD
|inactive|Crombey has 90 seconds left.
|c|☆Crombey|gg
|-message|Crombey forfeited.
|
|win|thinking of chu
|raw|Crombey's rating: 1506 &rarr; <strong>1484</strong><br />(-22 for losing)
|raw|thinking of chu's rating: 1468 &rarr; <strong>1490</strong><br />(+22 for winning)
|l|☆Crombey
|c|☆thinking of chu|i do have freeze dry anyway lul
