|j|☆Sallisssss
|j|☆Cartsoul
|t:|1603238094
|player|p1|Sallisssss|jogger|1415
|player|p2|Cartsoul|170|1410
|teamsize|p1|6
|teamsize|p2|6
|gametype|singles
|gen|8
|tier|[Gen 8] PU
|rated|
|clearpoke
|poke|p1|Palpitoad, F|
|poke|p1|Vespiquen, F|
|poke|p1|Type: Null|
|poke|p1|Gourgeist-*, M|
|poke|p1|Kadabra, M|
|poke|p1|Pinsir, M|
|poke|p2|Perrserker, M|
|poke|p2|Crustle, M|
|poke|p2|Lilligant, F|
|poke|p2|Mr. Rime, M|
|poke|p2|Hitmonchan, M|
|poke|p2|Drifblim, F|
|rule|Sleep Clause Mod: Limit one foe put to sleep
|rule|Species Clause: Limit one of each Pokémon
|rule|OHKO Clause: OHKO moves are banned
|rule|Evasion Moves Clause: Evasion moves are banned
|rule|Endless Battle Clause: Forcing endless battles is banned
|rule|HP Percentage Mod: HP is shown in percentages
|rule|Dynamax Clause: You cannot dynamax
|teampreview
|
|t:|1603238117
|start
|switch|p1a: Palpitoad|Palpitoad, F|100/100
|switch|p2a: Lilligant|Lilligant, F|100/100
|turn|1
|
|t:|1603238130
|switch|p1a: Gourgeist|Gourgeist-Small, M|100/100
|-item|p2a: Lilligant|Choice Specs|[from] ability: Frisk|[of] p1a: Gourgeist|[identify]
|move|p2a: Lilligant|Leaf Storm|p1a: Gourgeist
|-resisted|p1a: Gourgeist
|-damage|p1a: Gourgeist|22/100
|-unboost|p2a: Lilligant|spa|2
|
|upkeep
|turn|2
|
|t:|1603238139
|switch|p1a: Vespiquen|Vespiquen, F|100/100
|-ability|p1a: Vespiquen|Pressure
|move|p2a: Lilligant|Leaf Storm|p1a: Vespiquen
|-resisted|p1a: Vespiquen
|-damage|p1a: Vespiquen|89/100
|-unboost|p2a: Lilligant|spa|2
|
|upkeep
|turn|3
|
|t:|1603238144
|switch|p2a: Perrserker|Perrserker, M|100/100
|move|p1a: Vespiquen|U-turn|p2a: Perrserker
|-resisted|p2a: Perrserker
|-damage|p2a: Perrserker|89/100
|
|t:|1603238166
|switch|p1a: Palpitoad|Palpitoad, F|100/100|[from]move: U-turn
|
|upkeep
|turn|4
|
|t:|1603238171
|move|p2a: Perrserker|U-turn|p1a: Palpitoad
|-damage|p1a: Palpitoad|67/100
|
|t:|1603238174
|switch|p2a: Mr. Rime|Mr. Rime, M|100/100|[from]move: U-turn
|move|p1a: Palpitoad|Stealth Rock|p2a: Mr. Rime
|-sidestart|p2: Cartsoul|move: Stealth Rock
|
|upkeep
|turn|5
|
|t:|1603238176
|switch|p1a: Type: Null|Type: Null|100/100
|move|p2a: Mr. Rime|Ice Beam|p1a: Type: Null
|-damage|p1a: Type: Null|81/100
|
|upkeep
|turn|6
|
|t:|1603238179
|move|p2a: Mr. Rime|Rapid Spin|p1a: Type: Null
|-damage|p1a: Type: Null|76/100
|-boost|p2a: Mr. Rime|spe|1
|-sideend|p2: Cartsoul|Stealth Rock|[from] move: Rapid Spin|[of] p2a: Mr. Rime
|move|p1a: Type: Null|U-turn|p2a: Mr. Rime
|-supereffective|p2a: Mr. Rime
|-damage|p2a: Mr. Rime|57/100
|
|t:|1603238195
|switch|p1a: Gourgeist|Gourgeist-Small, M|22/100|[from]move: U-turn
|-item|p2a: Mr. Rime|Heavy-Duty Boots|[from] ability: Frisk|[of] p1a: Gourgeist|[identify]
|
|upkeep
|turn|7
|
|t:|1603238211
|move|p1a: Gourgeist|Shadow Sneak|p2a: Mr. Rime
|-supereffective|p2a: Mr. Rime
|-damage|p2a: Mr. Rime|0 fnt
|faint|p2a: Mr. Rime
|
|upkeep
|
|t:|1603238214
|switch|p2a: Crustle|Crustle, M|100/100
|turn|8
|
|t:|1603238223
|switch|p1a: Palpitoad|Palpitoad, F|67/100
|move|p2a: Crustle|Spikes|p1a: Palpitoad
|-sidestart|p1: Sallisssss|Spikes
|
|upkeep
|turn|9
|
|t:|1603238226
|move|p1a: Palpitoad|Scald|p2a: Crustle
|-supereffective|p2a: Crustle
|-damage|p2a: Crustle|49/100
|-status|p2a: Crustle|brn
|move|p2a: Crustle|Toxic|p1a: Palpitoad
|-status|p1a: Palpitoad|tox
|
|-damage|p1a: Palpitoad|61/100 tox|[from] psn
|-damage|p2a: Crustle|43/100 brn|[from] brn
|upkeep
|turn|10
|
|t:|1603238240
|switch|p2a: Lilligant|Lilligant, F|100/100
|move|p1a: Palpitoad|Scald|p2a: Lilligant
|-resisted|p2a: Lilligant
|-damage|p2a: Lilligant|85/100
|-status|p2a: Lilligant|brn
|
|-damage|p2a: Lilligant|79/100 brn|[from] brn
|-damage|p1a: Palpitoad|49/100 tox|[from] psn
|upkeep
|turn|11
|
|t:|1603238249
|switch|p1a: Vespiquen|Vespiquen, F|89/100
|-ability|p1a: Vespiquen|Pressure
|move|p2a: Lilligant|Pollen Puff|p1a: Vespiquen
|-resisted|p1a: Vespiquen
|-damage|p1a: Vespiquen|69/100
|
|-damage|p2a: Lilligant|73/100 brn|[from] brn
|upkeep
|turn|12
|
|t:|1603238257
|switch|p2a: Perrserker|Perrserker, M|89/100
|move|p1a: Vespiquen|U-turn|p2a: Perrserker
|-resisted|p2a: Perrserker
|-damage|p2a: Perrserker|77/100
|
|t:|1603238276
|switch|p1a: Pinsir|Pinsir, M|100/100|[from]move: U-turn
|-damage|p1a: Pinsir|88/100|[from] Spikes
|
|upkeep
|turn|13
|
|t:|1603238283
|switch|p1a: Kadabra|Kadabra, M|100/100
|switch|p2a: Crustle|Crustle, M|43/100 brn
|
|-damage|p2a: Crustle|37/100 brn|[from] brn
|upkeep
|turn|14
|
|t:|1603238301
|move|p1a: Kadabra|Psychic|p2a: Crustle
|-damage|p2a: Crustle|0 fnt
|faint|p2a: Crustle
|
|upkeep
|
|t:|1603238305
|switch|p2a: Drifblim|Drifblim, F|100/100
|turn|15
|
|t:|1603238313
|move|p1a: Kadabra|Shadow Ball|p2a: Drifblim
|-supereffective|p2a: Drifblim
|-damage|p2a: Drifblim|9/100
|-enditem|p2a: Drifblim|Weakness Policy
|-boost|p2a: Drifblim|atk|2|[from] item: Weakness Policy
|-boost|p2a: Drifblim|spa|2|[from] item: Weakness Policy
|move|p2a: Drifblim|Shadow Ball|p1a: Kadabra
|-supereffective|p1a: Kadabra
|-damage|p1a: Kadabra|0 fnt
|faint|p1a: Kadabra
|
|upkeep
|
|t:|1603238329
|switch|p1a: Type: Null|Type: Null|76/100
|-damage|p1a: Type: Null|63/100|[from] Spikes
|turn|16
|
|t:|1603238346
|move|p2a: Drifblim|Strength Sap|p1a: Type: Null
|-unboost|p1a: Type: Null|atk|1
|-heal|p2a: Drifblim|59/100
|move|p1a: Type: Null|Toxic|p2a: Drifblim
|-status|p2a: Drifblim|tox
|
|-damage|p2a: Drifblim|53/100 tox|[from] psn
|upkeep
|turn|17
|
|t:|1603238357
|move|p2a: Drifblim|Thunderbolt|p1a: Type: Null
|-damage|p1a: Type: Null|40/100
|move|p1a: Type: Null|Toxic|p2a: Drifblim
|-fail|p2a: Drifblim|tox
|
|-damage|p2a: Drifblim|40/100 tox|[from] psn
|upkeep
|turn|18
|
|t:|1603238361
|switch|p2a: Perrserker|Perrserker, M|77/100
|move|p1a: Type: Null|Rest|p1a: Type: Null
|-status|p1a: Type: Null|slp|[from] move: Rest
|-heal|p1a: Type: Null|100/100 slp|[silent]
|
|upkeep
|turn|19
|
|t:|1603238377
|switch|p1a: Vespiquen|Vespiquen, F|69/100
|-ability|p1a: Vespiquen|Pressure
|move|p2a: Perrserker|Iron Head|p1a: Vespiquen
|-damage|p1a: Vespiquen|10/100
|
|upkeep
|turn|20
|
|t:|1603238389
|switch|p1a: Palpitoad|Palpitoad, F|49/100 tox
|-damage|p1a: Palpitoad|36/100 tox|[from] Spikes
|move|p2a: Perrserker|Iron Head|p1a: Palpitoad
|-resisted|p1a: Palpitoad
|-damage|p1a: Palpitoad|8/100 tox
|
|-damage|p1a: Palpitoad|2/100 tox|[from] psn
|upkeep
|turn|21
|
|t:|1603238393
|move|p2a: Perrserker|Iron Head|p1a: Palpitoad
|-resisted|p1a: Palpitoad
|-damage|p1a: Palpitoad|0 fnt
|faint|p1a: Palpitoad
|
|upkeep
|
|t:|1603238428
|switch|p1a: Pinsir|Pinsir, M|88/100
|-damage|p1a: Pinsir|76/100|[from] Spikes
|turn|22
|
|t:|1603238434
|switch|p2a: Drifblim|Drifblim, F|40/100 tox
|move|p1a: Pinsir|Close Combat|p2a: Drifblim
|-immune|p2a: Drifblim
|
|-damage|p2a: Drifblim|34/100 tox|[from] psn
|upkeep
|turn|23
|
|t:|1603238448
|switch|p1a: Type: Null|Type: Null|100/100 slp
|-damage|p1a: Type: Null|88/100 slp|[from] Spikes
|switch|p2a: Perrserker|Perrserker, M|77/100
|
|upkeep
|turn|24
|
|t:|1603238464
|move|p2a: Perrserker|Iron Head|p1a: Type: Null
|-damage|p1a: Type: Null|42/100 slp
|cant|p1a: Type: Null|slp
|cant|p1a: Type: Null|flinch
|
|upkeep
|turn|25
|
|t:|1603238476
|move|p2a: Perrserker|Iron Head|p1a: Type: Null
|-damage|p1a: Type: Null|0 fnt
|faint|p1a: Type: Null
|
|upkeep
|
|t:|1603238478
|switch|p1a: Pinsir|Pinsir, M|76/100
|-damage|p1a: Pinsir|64/100|[from] Spikes
|turn|26
|
|t:|1603238486
|switch|p2a: Drifblim|Drifblim, F|34/100 tox
|move|p1a: Pinsir|Knock Off|p2a: Drifblim
|-supereffective|p2a: Drifblim
|-damage|p2a: Drifblim|0 fnt
|faint|p2a: Drifblim
|-ability|p1a: Pinsir|Moxie|boost
|-boost|p1a: Pinsir|atk|1
|
|upkeep
|
|t:|1603238489
|switch|p2a: Hitmonchan|Hitmonchan, M|100/100
|turn|27
|
|t:|1603238492
|switch|p1a: Vespiquen|Vespiquen, F|10/100
|-ability|p1a: Vespiquen|Pressure
|move|p2a: Hitmonchan|Ice Punch|p1a: Vespiquen
|-supereffective|p1a: Vespiquen
|-damage|p1a: Vespiquen|0 fnt
|faint|p1a: Vespiquen
|
|upkeep
|
|t:|1603238537
|switch|p1a: Gourgeist|Gourgeist-Small, M|22/100
|-damage|p1a: Gourgeist|9/100|[from] Spikes
|-item|p2a: Hitmonchan|Figy Berry|[from] ability: Frisk|[of] p1a: Gourgeist|[identify]
|turn|28
|
|t:|1603238545
|move|p2a: Hitmonchan|Bullet Punch|p1a: Gourgeist
|-damage|p1a: Gourgeist|0 fnt
|faint|p1a: Gourgeist
|
|upkeep
|
|t:|1603238549
|switch|p1a: Pinsir|Pinsir, M|64/100
|-damage|p1a: Pinsir|52/100|[from] Spikes
|turn|29
|
|t:|1603238554
|move|p1a: Pinsir|Close Combat|p2a: Hitmonchan
|-damage|p2a: Hitmonchan|42/100
|-unboost|p1a: Pinsir|def|1
|-unboost|p1a: Pinsir|spd|1
|move|p2a: Hitmonchan|Ice Punch|p1a: Pinsir
|-damage|p1a: Pinsir|0 fnt
|faint|p1a: Pinsir
|
|win|Cartsoul
|l|☆Sallisssss
||Ladder (probably) updated, but score could not be retrieved (Request timeout).
