|j|☆mefrog
|j|☆PULadderIsTrash
|t:|1615774727
|player|p1|mefrog|veteran|1457
|player|p2|PULadderIsTrash|elesa-gen5bw2|1157
|teamsize|p1|6
|teamsize|p2|5
|gametype|singles
|gen|8
|tier|[Gen 8] PU
|rated|
|clearpoke
|poke|p1|Abomasnow, M|
|poke|p1|Sandslash-Alola, F|
|poke|p1|Arctovish|
|poke|p1|Lanturn, M|
|poke|p1|Talonflame, M|
|poke|p1|Runerigus, F|
|poke|p2|Togedemaru, F|
|poke|p2|Weezing, F|
|poke|p2|Tsareena, F|
|poke|p2|Miltank, F|
|poke|p2|Pyukumuku, M|
|rule|Sleep Clause Mod: Limit one foe put to sleep
|rule|Species Clause: Limit one of each Pokémon
|rule|OHKO Clause: OHKO moves are banned
|rule|Evasion Moves Clause: Evasion moves are banned
|rule|Endless Battle Clause: Forcing endless battles is banned
|rule|HP Percentage Mod: HP is shown in percentages
|rule|Dynamax Clause: You cannot dynamax
|teampreview
|inactive|Battle timer is ON: inactive players will automatically lose when time's up. (requested by PULadderIsTrash)
|
|t:|1615774759
|start
|switch|p1a: Abomasnow|Abomasnow, M|100/100
|switch|p2a: Weezing|Weezing, F|100/100
|-ability|p2a: Weezing|Neutralizing Gas
|turn|1
|
|t:|1615774774
|move|p1a: Abomasnow|Blizzard|p2a: Weezing
|-crit|p2a: Weezing
|-damage|p2a: Weezing|1/100
|-status|p2a: Weezing|frz
|cant|p2a: Weezing|frz
|
|-heal|p2a: Weezing|7/100 frz|[from] item: Black Sludge
|upkeep
|turn|2
|c|☆PULadderIsTrash|fuck off
|
|t:|1615774789
|-end|p2a: Weezing|ability: Neutralizing Gas
|-weather|Hail|[from] ability: Snow Warning|[of] p1a: Abomasnow
|switch|p2a: Miltank|Miltank, F|100/100
|move|p1a: Abomasnow|Giga Drain|p2a: Miltank
|-damage|p2a: Miltank|76/100
|
|-weather|Hail|[upkeep]
|-damage|p2a: Miltank|70/100|[from] Hail
|-heal|p2a: Miltank|76/100|[from] item: Leftovers
|upkeep
|turn|3
|
|t:|1615774798
|switch|p1a: Runerigus|Runerigus, F|100/100
|move|p2a: Miltank|Stealth Rock|p1a: Runerigus
|-sidestart|p1: mefrog|move: Stealth Rock
|
|-weather|Hail|[upkeep]
|-damage|p2a: Miltank|70/100|[from] Hail
|-damage|p1a: Runerigus|94/100|[from] Hail
|-heal|p2a: Miltank|76/100|[from] item: Leftovers
|-heal|p1a: Runerigus|100/100|[from] item: Leftovers
|upkeep
|turn|4
|
|t:|1615774805
|move|p2a: Miltank|Heal Bell|p2a: Miltank
|-activate|p2a: Miltank|move: Heal Bell
|-curestatus|p2: Weezing|frz|[msg]
|move|p1a: Runerigus|Stealth Rock|p2a: Miltank
|-sidestart|p2: PULadderIsTrash|move: Stealth Rock
|
|-weather|Hail|[upkeep]
|-damage|p2a: Miltank|70/100|[from] Hail
|-damage|p1a: Runerigus|94/100|[from] Hail
|-heal|p2a: Miltank|76/100|[from] item: Leftovers
|-heal|p1a: Runerigus|100/100|[from] item: Leftovers
|upkeep
|turn|5
|
|t:|1615774810
|switch|p2a: Tsareena|Tsareena, F|100/100
|move|p1a: Runerigus|Toxic Spikes|p2a: Tsareena
|-sidestart|p2: PULadderIsTrash|move: Toxic Spikes
|
|-weather|Hail|[upkeep]
|-damage|p2a: Tsareena|94/100|[from] Hail
|-damage|p1a: Runerigus|94/100|[from] Hail
|-heal|p1a: Runerigus|100/100|[from] item: Leftovers
|upkeep
|turn|6
|
|t:|1615774815
|move|p2a: Tsareena|Knock Off|p1a: Runerigus
|-supereffective|p1a: Runerigus
|-damage|p1a: Runerigus|70/100
|-activate|p1a: Runerigus|ability: Wandering Spirit|Queenly Majesty|Wandering Spirit|[of] p2a: Tsareena
|-enditem|p1a: Runerigus|Leftovers|[from] move: Knock Off|[of] p2a: Tsareena
|move|p1a: Runerigus|Will-O-Wisp|p2a: Tsareena
|-status|p2a: Tsareena|brn
|
|-weather|Hail|[upkeep]
|-damage|p2a: Tsareena|88/100 brn|[from] Hail
|-damage|p1a: Runerigus|64/100|[from] Hail
|-damage|p2a: Tsareena|82/100 brn|[from] brn
|upkeep
|turn|7
|
|t:|1615774821
|move|p2a: Tsareena|Knock Off|p1a: Runerigus
|-supereffective|p1a: Runerigus
|-damage|p1a: Runerigus|54/100
|move|p1a: Runerigus|Earthquake|p2a: Tsareena
|-resisted|p2a: Tsareena
|-damage|p2a: Tsareena|71/100 brn
|
|-weather|Hail|[upkeep]
|-damage|p2a: Tsareena|65/100 brn|[from] Hail
|-damage|p1a: Runerigus|48/100|[from] Hail
|-damage|p2a: Tsareena|59/100 brn|[from] brn
|upkeep
|turn|8
|
|t:|1615774831
|switch|p1a: Sandslash|Sandslash-Alola, F|100/100
|-damage|p1a: Sandslash|88/100|[from] Stealth Rock
|move|p2a: Tsareena|Synthesis|p2a: Tsareena
|-heal|p2a: Tsareena|84/100 brn
|
|-weather|Hail|[upkeep]
|-damage|p2a: Tsareena|78/100 brn|[from] Hail
|-damage|p2a: Tsareena|72/100 brn|[from] brn
|upkeep
|turn|9
|
|t:|1615774838
|switch|p2a: Togedemaru|Togedemaru, F|100/100
|-damage|p2a: Togedemaru|95/100|[from] Stealth Rock
|move|p1a: Sandslash|Icicle Crash|p2a: Togedemaru
|-resisted|p2a: Togedemaru
|-damage|p2a: Togedemaru|62/100
|-damage|p1a: Sandslash|78/100|[from] item: Life Orb
|
|-weather|none
|-heal|p2a: Togedemaru|68/100|[from] item: Leftovers
|upkeep
|turn|10
|
|t:|1615774845
|move|p1a: Sandslash|Earthquake|p2a: Togedemaru
|-supereffective|p2a: Togedemaru
|-damage|p2a: Togedemaru|0 fnt
|-damage|p1a: Sandslash|68/100|[from] item: Life Orb
|faint|p2a: Togedemaru
|
|upkeep
|
|t:|1615774849
|switch|p2a: Tsareena|Tsareena, F|72/100 brn
|turn|11
|
|t:|1615774857
|switch|p1a: Talonflame|Talonflame, M|100/100
|move|p2a: Tsareena|Rapid Spin|p1a: Talonflame
|-damage|p1a: Talonflame|92/100
|-boost|p2a: Tsareena|spe|1
|-sideend|p2: PULadderIsTrash|Toxic Spikes|[from] move: Rapid Spin|[of] p2a: Tsareena
|-sideend|p2: PULadderIsTrash|Stealth Rock|[from] move: Rapid Spin|[of] p2a: Tsareena
|
|-damage|p2a: Tsareena|66/100 brn|[from] brn
|upkeep
|turn|12
|
|t:|1615774864
|switch|p2a: Pyukumuku|Pyukumuku, M|100/100
|move|p1a: Talonflame|Brave Bird|p2a: Pyukumuku
|-damage|p2a: Pyukumuku|76/100
|-damage|p1a: Talonflame|85/100|[from] Recoil
|
|-heal|p2a: Pyukumuku|82/100|[from] item: Leftovers
|upkeep
|turn|13
|
|t:|1615774870
|switch|p1a: Runerigus|Runerigus, F|48/100
|-damage|p1a: Runerigus|42/100|[from] Stealth Rock
|move|p2a: Pyukumuku|Toxic|p1a: Runerigus|[miss]
|-miss|p2a: Pyukumuku|p1a: Runerigus
|
|-heal|p2a: Pyukumuku|88/100|[from] item: Leftovers
|upkeep
|turn|14
|
|t:|1615774875
|switch|p2a: Weezing|Weezing, F|7/100
|-ability|p2a: Weezing|Neutralizing Gas
|move|p1a: Runerigus|Stealth Rock|p2a: Weezing
|-sidestart|p2: PULadderIsTrash|move: Stealth Rock
|
|-heal|p2a: Weezing|13/100|[from] item: Black Sludge
|upkeep
|turn|15
|
|t:|1615774879
|move|p2a: Weezing|Pain Split|p1a: Runerigus
|-sethp|p1a: Runerigus|28/100|[from] move: Pain Split|[silent]
|-sethp|p2a: Weezing|27/100|[from] move: Pain Split
|move|p1a: Runerigus|Earthquake|p2a: Weezing
|-supereffective|p2a: Weezing
|-crit|p2a: Weezing
|-damage|p2a: Weezing|0 fnt
|faint|p2a: Weezing
|-end|p2a: Weezing|ability: Neutralizing Gas
|
|upkeep
|
|t:|1615774887
|switch|p2a: Tsareena|Tsareena, F|66/100 brn
|turn|16
|
|t:|1615774894
|move|p2a: Tsareena|Knock Off|p1a: Runerigus
|-supereffective|p1a: Runerigus
|-damage|p1a: Runerigus|16/100
|-activate|p1a: Runerigus|ability: Wandering Spirit|Queenly Majesty|Wandering Spirit|[of] p2a: Tsareena
|move|p1a: Runerigus|Toxic Spikes|p2a: Tsareena
|-sidestart|p2: PULadderIsTrash|move: Toxic Spikes
|
|-damage|p2a: Tsareena|60/100 brn|[from] brn
|upkeep
|turn|17
|
|t:|1615774904
|move|p2a: Tsareena|Knock Off|p1a: Runerigus
|-supereffective|p1a: Runerigus
|-damage|p1a: Runerigus|5/100
|move|p1a: Runerigus|Earthquake|p2a: Tsareena
|-resisted|p2a: Tsareena
|-damage|p2a: Tsareena|48/100 brn
|
|-damage|p2a: Tsareena|42/100 brn|[from] brn
|upkeep
|turn|18
|
|t:|1615774912
|move|p2a: Tsareena|Synthesis|p2a: Tsareena
|-heal|p2a: Tsareena|92/100 brn
|move|p1a: Runerigus|Earthquake|p2a: Tsareena
|-resisted|p2a: Tsareena
|-damage|p2a: Tsareena|81/100 brn
|
|-damage|p2a: Tsareena|75/100 brn|[from] brn
|upkeep
|turn|19
|
|t:|1615774916
|move|p2a: Tsareena|Knock Off|p1a: Runerigus
|-supereffective|p1a: Runerigus
|-damage|p1a: Runerigus|0 fnt
|faint|p1a: Runerigus
|
|-damage|p2a: Tsareena|69/100 brn|[from] brn
|upkeep
|
|t:|1615774926
|switch|p1a: Talonflame|Talonflame, M|85/100
|turn|20
|
|t:|1615774934
|move|p1a: Talonflame|Brave Bird|p2a: Tsareena
|-supereffective|p2a: Tsareena
|-damage|p2a: Tsareena|23/100 brn
|-activate|p2a: Tsareena|ability: Wandering Spirit|Gale Wings|Wandering Spirit|[of] p1a: Talonflame
|-damage|p1a: Talonflame|70/100|[from] Recoil
|move|p2a: Tsareena|Rapid Spin|p1a: Talonflame
|-damage|p1a: Talonflame|62/100
|-boost|p2a: Tsareena|spe|1
|-activate|p1a: Talonflame|ability: Wandering Spirit|Gale Wings|Wandering Spirit|[of] p2a: Tsareena
|-sideend|p2: PULadderIsTrash|Toxic Spikes|[from] move: Rapid Spin|[of] p2a: Tsareena
|-sideend|p2: PULadderIsTrash|Stealth Rock|[from] move: Rapid Spin|[of] p2a: Tsareena
|
|-damage|p2a: Tsareena|17/100 brn|[from] brn
|upkeep
|turn|21
|
|t:|1615774950
|switch|p2a: Pyukumuku|Pyukumuku, M|88/100
|move|p1a: Talonflame|Brave Bird|p2a: Pyukumuku
|-damage|p2a: Pyukumuku|66/100
|-damage|p1a: Talonflame|56/100|[from] Recoil
|
|-heal|p2a: Pyukumuku|72/100|[from] item: Leftovers
|upkeep
|turn|22
|inactive|PULadderIsTrash has 120 seconds left.
|
|t:|1615775007
|move|p1a: Talonflame|Will-O-Wisp|p2a: Pyukumuku
|-status|p2a: Pyukumuku|brn
|move|p2a: Pyukumuku|Recover|p2a: Pyukumuku
|-heal|p2a: Pyukumuku|100/100 brn
|
|-damage|p2a: Pyukumuku|94/100 brn|[from] brn
|upkeep
|turn|23
|
|t:|1615775016
|move|p1a: Talonflame|Defog|p2a: Pyukumuku
|-unboost|p2a: Pyukumuku|evasion|1
|-sideend|p1: mefrog|Stealth Rock|[from] move: Defog|[of] p1a: Talonflame
|move|p2a: Pyukumuku|Toxic|p1a: Talonflame|[miss]
|-miss|p2a: Pyukumuku|p1a: Talonflame
|
|-heal|p2a: Pyukumuku|100/100 brn|[from] item: Leftovers
|-damage|p2a: Pyukumuku|94/100 brn|[from] brn
|upkeep
|turn|24
|
|t:|1615775024
|switch|p1a: Sandslash|Sandslash-Alola, F|68/100
|move|p2a: Pyukumuku|Toxic|p1a: Sandslash
|-immune|p1a: Sandslash
|
|-heal|p2a: Pyukumuku|100/100 brn|[from] item: Leftovers
|-damage|p2a: Pyukumuku|94/100 brn|[from] brn
|upkeep
|turn|25
|inactive|PULadderIsTrash has 120 seconds left.
|
|t:|1615775031
|move|p1a: Sandslash|Swords Dance|p1a: Sandslash
|-boost|p1a: Sandslash|atk|2
|move|p2a: Pyukumuku|Reflect|p2a: Pyukumuku
|-sidestart|p2: PULadderIsTrash|Reflect
|
|-heal|p2a: Pyukumuku|100/100 brn|[from] item: Leftovers
|-damage|p2a: Pyukumuku|94/100 brn|[from] brn
|upkeep
|turn|26
|
|t:|1615775039
|switch|p2a: Miltank|Miltank, F|76/100
|move|p1a: Sandslash|Icicle Crash|p2a: Miltank
|-damage|p2a: Miltank|57/100
|-damage|p1a: Sandslash|58/100|[from] item: Life Orb
|
|-heal|p2a: Miltank|63/100|[from] item: Leftovers
|upkeep
|turn|27
|
|t:|1615775048
|switch|p1a: Talonflame|Talonflame, M|56/100
|move|p2a: Miltank|Heal Bell|p2a: Miltank
|-activate|p2a: Miltank|move: Heal Bell
|-curestatus|p2: Pyukumuku|brn|[msg]
|-curestatus|p2: Tsareena|brn|[msg]
|
|-heal|p2a: Miltank|69/100|[from] item: Leftovers
|upkeep
|turn|28
|
|t:|1615775054
|move|p1a: Talonflame|Will-O-Wisp|p2a: Miltank|[miss]
|-miss|p1a: Talonflame|p2a: Miltank
|move|p2a: Miltank|Body Slam|p1a: Talonflame
|-damage|p1a: Talonflame|25/100
|-status|p1a: Talonflame|par
|
|-heal|p2a: Miltank|75/100|[from] item: Leftovers
|upkeep
|turn|29
|
|t:|1615775065
|move|p2a: Miltank|Body Slam|p1a: Talonflame
|-damage|p1a: Talonflame|0 fnt
|faint|p1a: Talonflame
|
|-heal|p2a: Miltank|81/100|[from] item: Leftovers
|-sideend|p2: PULadderIsTrash|Reflect
|upkeep
|
|t:|1615775072
|switch|p1a: Abomasnow|Abomasnow, M|100/100
|-weather|Hail|[from] ability: Snow Warning|[of] p1a: Abomasnow
|turn|30
|
|t:|1615775077
|move|p2a: Miltank|Stealth Rock|p1a: Abomasnow
|-sidestart|p1: mefrog|move: Stealth Rock
|move|p1a: Abomasnow|Focus Blast|p2a: Miltank
|-supereffective|p2a: Miltank
|-damage|p2a: Miltank|21/100
|
|-weather|Hail|[upkeep]
|-damage|p2a: Miltank|15/100|[from] Hail
|-heal|p2a: Miltank|21/100|[from] item: Leftovers
|upkeep
|turn|31
|
|t:|1615775087
|move|p2a: Miltank|Milk Drink|p2a: Miltank
|-heal|p2a: Miltank|71/100
|move|p1a: Abomasnow|Leaf Storm|p2a: Miltank
|-damage|p2a: Miltank|28/100
|-unboost|p1a: Abomasnow|spa|2
|
|-weather|Hail|[upkeep]
|-damage|p2a: Miltank|22/100|[from] Hail
|-heal|p2a: Miltank|28/100|[from] item: Leftovers
|upkeep
|turn|32
|
|t:|1615775092
|switch|p1a: Sandslash|Sandslash-Alola, F|58/100
|-damage|p1a: Sandslash|46/100|[from] Stealth Rock
|move|p2a: Miltank|Milk Drink|p2a: Miltank
|-heal|p2a: Miltank|78/100
|
|-weather|Hail|[upkeep]
|-damage|p2a: Miltank|72/100|[from] Hail
|-heal|p2a: Miltank|78/100|[from] item: Leftovers
|upkeep
|turn|33
|
|t:|1615775098
|move|p1a: Sandslash|Iron Head|p2a: Miltank
|-damage|p2a: Miltank|39/100
|-damage|p1a: Sandslash|36/100|[from] item: Life Orb
|move|p2a: Miltank|Milk Drink|p2a: Miltank
|-heal|p2a: Miltank|89/100
|
|-weather|Hail|[upkeep]
|-damage|p2a: Miltank|82/100|[from] Hail
|-heal|p2a: Miltank|89/100|[from] item: Leftovers
|upkeep
|turn|34
|
|t:|1615775102
|switch|p2a: Pyukumuku|Pyukumuku, M|94/100
|move|p1a: Sandslash|Iron Head|p2a: Pyukumuku
|-resisted|p2a: Pyukumuku
|-damage|p2a: Pyukumuku|81/100
|-damage|p1a: Sandslash|26/100|[from] item: Life Orb
|
|-weather|Hail|[upkeep]
|-damage|p2a: Pyukumuku|75/100|[from] Hail
|-heal|p2a: Pyukumuku|81/100|[from] item: Leftovers
|upkeep
|turn|35
|
|t:|1615775114
|move|p1a: Sandslash|Earthquake|p2a: Pyukumuku
|-damage|p2a: Pyukumuku|58/100
|-damage|p1a: Sandslash|16/100|[from] item: Life Orb
|move|p2a: Pyukumuku|Recover|p2a: Pyukumuku
|-heal|p2a: Pyukumuku|100/100
|
|-weather|Hail|[upkeep]
|-damage|p2a: Pyukumuku|94/100|[from] Hail
|-heal|p2a: Pyukumuku|100/100|[from] item: Leftovers
|upkeep
|turn|36
|
|t:|1615775118
|move|p1a: Sandslash|Earthquake|p2a: Pyukumuku
|-damage|p2a: Pyukumuku|74/100
|-damage|p1a: Sandslash|6/100|[from] item: Life Orb
|move|p2a: Pyukumuku|Reflect|p2a: Pyukumuku
|-sidestart|p2: PULadderIsTrash|Reflect
|
|-weather|Hail|[upkeep]
|-damage|p2a: Pyukumuku|68/100|[from] Hail
|-heal|p2a: Pyukumuku|74/100|[from] item: Leftovers
|upkeep
|turn|37
|inactive|PULadderIsTrash has 120 seconds left.
|
|t:|1615775149
|move|p1a: Sandslash|Earthquake|p2a: Pyukumuku
|-damage|p2a: Pyukumuku|62/100
|-damage|p1a: Sandslash|0 fnt|[from] item: Life Orb
|faint|p1a: Sandslash
|move|p2a: Pyukumuku|Recover|p2a: Pyukumuku
|-heal|p2a: Pyukumuku|100/100
|
|-weather|none
|upkeep
|
|t:|1615775159
|switch|p1a: Arctovish|Arctovish|100/100
|-damage|p1a: Arctovish|76/100|[from] Stealth Rock
|turn|38
|
|t:|1615775162
|move|p1a: Arctovish|Substitute|p1a: Arctovish
|-start|p1a: Arctovish|Substitute
|-damage|p1a: Arctovish|51/100
|move|p2a: Pyukumuku|Toxic||[still]
|-fail|p2a: Pyukumuku
|
|upkeep
|turn|39
|
|t:|1615775168
|move|p1a: Arctovish|Body Slam|p2a: Pyukumuku
|-damage|p2a: Pyukumuku|93/100
|move|p2a: Pyukumuku|Spite|p1a: Arctovish
|-activate|p1a: Arctovish|move: Spite|Body Slam|4
|
|-heal|p2a: Pyukumuku|99/100|[from] item: Leftovers
|upkeep
|turn|40
|
|t:|1615775176
|move|p1a: Arctovish|Body Slam|p2a: Pyukumuku
|-damage|p2a: Pyukumuku|90/100
|move|p2a: Pyukumuku|Spite|p1a: Arctovish
|-activate|p1a: Arctovish|move: Spite|Body Slam|4
|
|-heal|p2a: Pyukumuku|96/100|[from] item: Leftovers
|-sideend|p2: PULadderIsTrash|Reflect
|upkeep
|turn|41
|
|t:|1615775183
|move|p1a: Arctovish|Body Slam|p2a: Pyukumuku
|-damage|p2a: Pyukumuku|72/100
|-status|p2a: Pyukumuku|par
|cant|p2a: Pyukumuku|par
|
|-heal|p2a: Pyukumuku|78/100 par|[from] item: Leftovers
|upkeep
|turn|42
|
|t:|1615775191
|move|p1a: Arctovish|Body Slam|p2a: Pyukumuku
|-damage|p2a: Pyukumuku|50/100 par
|move|p2a: Pyukumuku|Recover|p2a: Pyukumuku
|-heal|p2a: Pyukumuku|99/100 par
|
|-heal|p2a: Pyukumuku|100/100 par|[from] item: Leftovers
|upkeep
|turn|43
|
|t:|1615775198
|move|p1a: Arctovish|Body Slam|p2a: Pyukumuku
|-damage|p2a: Pyukumuku|70/100 par
|move|p2a: Pyukumuku|Spite|p1a: Arctovish
|-activate|p1a: Arctovish|move: Spite|Body Slam|4
|
|-heal|p2a: Pyukumuku|76/100 par|[from] item: Leftovers
|upkeep
|turn|44
|
|t:|1615775206
|move|p1a: Arctovish|Body Slam|p2a: Pyukumuku
|-damage|p2a: Pyukumuku|43/100 par
|move|p2a: Pyukumuku|Recover|p2a: Pyukumuku
|-heal|p2a: Pyukumuku|93/100 par
|
|-heal|p2a: Pyukumuku|99/100 par|[from] item: Leftovers
|upkeep
|turn|45
|
|t:|1615775213
|move|p1a: Arctovish|Body Slam|p2a: Pyukumuku
|-damage|p2a: Pyukumuku|64/100 par
|move|p2a: Pyukumuku|Reflect|p2a: Pyukumuku
|-sidestart|p2: PULadderIsTrash|Reflect
|
|-heal|p2a: Pyukumuku|70/100 par|[from] item: Leftovers
|upkeep
|turn|46
|
|t:|1615775219
|move|p1a: Arctovish|Body Slam|p2a: Pyukumuku
|-damage|p2a: Pyukumuku|54/100 par
|move|p2a: Pyukumuku|Recover|p2a: Pyukumuku
|-heal|p2a: Pyukumuku|100/100 par
|
|upkeep
|turn|47
|
|t:|1615775225
|switch|p2a: Miltank|Miltank, F|89/100
|move|p1a: Arctovish|Body Slam|p2a: Miltank
|-damage|p2a: Miltank|66/100
|-status|p2a: Miltank|par
|
|-heal|p2a: Miltank|72/100 par|[from] item: Leftovers
|upkeep
|turn|48
|
|t:|1615775234
|move|p1a: Arctovish|Body Slam|p2a: Miltank
|-damage|p2a: Miltank|52/100 par
|move|p2a: Miltank|Heal Bell|p2a: Miltank
|-activate|p2a: Miltank|move: Heal Bell
|-curestatus|p2a: Miltank|par|[msg]
|-curestatus|p2: Pyukumuku|par|[msg]
|
|-heal|p2a: Miltank|58/100|[from] item: Leftovers
|upkeep
|turn|49
|
|t:|1615775243
|move|p2a: Miltank|Milk Drink|p2a: Miltank
|-heal|p2a: Miltank|100/100
|move|p1a: Arctovish|Body Slam|p2a: Miltank
|-damage|p2a: Miltank|78/100
|
|-heal|p2a: Miltank|84/100|[from] item: Leftovers
|-sideend|p2: PULadderIsTrash|Reflect
|upkeep
|turn|50
|
|t:|1615775252
|switch|p2a: Pyukumuku|Pyukumuku, M|100/100
|move|p1a: Arctovish|Body Slam|p2a: Pyukumuku
|-damage|p2a: Pyukumuku|69/100
|-status|p2a: Pyukumuku|par
|
|-heal|p2a: Pyukumuku|75/100 par|[from] item: Leftovers
|upkeep
|turn|51
|
|t:|1615775256
|move|p1a: Arctovish|Fishious Rend|p2a: Pyukumuku
|-resisted|p2a: Pyukumuku
|-damage|p2a: Pyukumuku|51/100 par
|cant|p2a: Pyukumuku|par
|
|-heal|p2a: Pyukumuku|57/100 par|[from] item: Leftovers
|upkeep
|turn|52
|
|t:|1615775263
|move|p1a: Arctovish|Fishious Rend|p2a: Pyukumuku
|-resisted|p2a: Pyukumuku
|-damage|p2a: Pyukumuku|29/100 par
|move|p2a: Pyukumuku|Recover|p2a: Pyukumuku
|-heal|p2a: Pyukumuku|79/100 par
|
|-heal|p2a: Pyukumuku|85/100 par|[from] item: Leftovers
|upkeep
|turn|53
|
|t:|1615775271
|move|p1a: Arctovish|Fishious Rend|p2a: Pyukumuku
|-resisted|p2a: Pyukumuku
|-damage|p2a: Pyukumuku|47/100 par
|move|p2a: Pyukumuku|Reflect|p2a: Pyukumuku
|-sidestart|p2: PULadderIsTrash|Reflect
|
|-heal|p2a: Pyukumuku|53/100 par|[from] item: Leftovers
|upkeep
|turn|54
|
|t:|1615775276
|move|p1a: Arctovish|Fishious Rend|p2a: Pyukumuku
|-resisted|p2a: Pyukumuku
|-damage|p2a: Pyukumuku|33/100 par
|move|p2a: Pyukumuku|Recover|p2a: Pyukumuku
|-heal|p2a: Pyukumuku|83/100 par
|
|-heal|p2a: Pyukumuku|89/100 par|[from] item: Leftovers
|upkeep
|turn|55
|
|t:|1615775285
|move|p1a: Arctovish|Fishious Rend|p2a: Pyukumuku
|-resisted|p2a: Pyukumuku
|-damage|p2a: Pyukumuku|68/100 par
|move|p2a: Pyukumuku|Spite|p1a: Arctovish
|-activate|p1a: Arctovish|move: Spite|Fishious Rend|4
|
|-heal|p2a: Pyukumuku|74/100 par|[from] item: Leftovers
|upkeep
|turn|56
|
|t:|1615775292
|move|p1a: Arctovish|Fishious Rend|p2a: Pyukumuku
|-resisted|p2a: Pyukumuku
|-damage|p2a: Pyukumuku|52/100 par
|cant|p2a: Pyukumuku|par
|
|-heal|p2a: Pyukumuku|58/100 par|[from] item: Leftovers
|upkeep
|turn|57
|
|t:|1615775299
|move|p1a: Arctovish|Fishious Rend|p2a: Pyukumuku
|-resisted|p2a: Pyukumuku
|-damage|p2a: Pyukumuku|33/100 par
|move|p2a: Pyukumuku|Recover|p2a: Pyukumuku
|-heal|p2a: Pyukumuku|83/100 par
|
|-heal|p2a: Pyukumuku|89/100 par|[from] item: Leftovers
|-sideend|p2: PULadderIsTrash|Reflect
|upkeep
|turn|58
|
|t:|1615775307
|move|p1a: Arctovish|Fishious Rend|p2a: Pyukumuku
|-resisted|p2a: Pyukumuku
|-damage|p2a: Pyukumuku|37/100 par
|cant|p2a: Pyukumuku|par
|
|-heal|p2a: Pyukumuku|43/100 par|[from] item: Leftovers
|upkeep
|turn|59
|
|t:|1615775319
|switch|p2a: Tsareena|Tsareena, F|17/100
|move|p1a: Arctovish|Fishious Rend|p2a: Tsareena
|-resisted|p2a: Tsareena
|-crit|p2a: Tsareena
|-damage|p2a: Tsareena|0 fnt
|faint|p2a: Tsareena
|
|upkeep
|
|t:|1615775322
|switch|p2a: Miltank|Miltank, F|84/100
|turn|60
|
|t:|1615775326
|move|p2a: Miltank|Heal Bell|p2a: Miltank
|-activate|p2a: Miltank|move: Heal Bell
|-curestatus|p2: Pyukumuku|par|[msg]
|move|p1a: Arctovish|Fishious Rend|p2a: Miltank
|-damage|p2a: Miltank|23/100
|
|-heal|p2a: Miltank|29/100|[from] item: Leftovers
|upkeep
|turn|61
|
|t:|1615775337
|move|p2a: Miltank|Milk Drink|p2a: Miltank
|-heal|p2a: Miltank|79/100
|move|p1a: Arctovish|Fishious Rend|p2a: Miltank
|-damage|p2a: Miltank|15/100
|
|-heal|p2a: Miltank|21/100|[from] item: Leftovers
|upkeep
|turn|62
|
|t:|1615775344
|move|p2a: Miltank|Milk Drink|p2a: Miltank
|-heal|p2a: Miltank|71/100
|move|p1a: Arctovish|Fishious Rend|p2a: Miltank
|-damage|p2a: Miltank|4/100
|
|-heal|p2a: Miltank|10/100|[from] item: Leftovers
|upkeep
|turn|63
|
|t:|1615775352
|move|p2a: Miltank|Milk Drink|p2a: Miltank
|-heal|p2a: Miltank|60/100
|move|p1a: Arctovish|Icicle Crash|p2a: Miltank
|-damage|p2a: Miltank|43/100
|
|-heal|p2a: Miltank|49/100|[from] item: Leftovers
|upkeep
|turn|64
|
|t:|1615775361
|switch|p1a: Abomasnow|Abomasnow, M|100/100
|-damage|p1a: Abomasnow|76/100|[from] Stealth Rock
|-weather|Hail|[from] ability: Snow Warning|[of] p1a: Abomasnow
|move|p2a: Miltank|Milk Drink|p2a: Miltank
|-heal|p2a: Miltank|99/100
|
|-weather|Hail|[upkeep]
|-damage|p2a: Miltank|93/100|[from] Hail
|-heal|p2a: Miltank|99/100|[from] item: Leftovers
|upkeep
|turn|65
|
|t:|1615775365
|move|p2a: Miltank|Body Slam|p1a: Abomasnow
|-damage|p1a: Abomasnow|48/100
|move|p1a: Abomasnow|Focus Blast|p2a: Miltank|[miss]
|-miss|p1a: Abomasnow|p2a: Miltank
|
|-weather|Hail|[upkeep]
|-damage|p2a: Miltank|93/100|[from] Hail
|-heal|p2a: Miltank|99/100|[from] item: Leftovers
|upkeep
|turn|66
|
|t:|1615775369
|move|p2a: Miltank|Body Slam|p1a: Abomasnow
|-damage|p1a: Abomasnow|21/100
|move|p1a: Abomasnow|Focus Blast|p2a: Miltank
|-supereffective|p2a: Miltank
|-damage|p2a: Miltank|47/100
|
|-weather|Hail|[upkeep]
|-damage|p2a: Miltank|41/100|[from] Hail
|-heal|p2a: Miltank|47/100|[from] item: Leftovers
|upkeep
|turn|67
|
|t:|1615775372
|move|p2a: Miltank|Body Slam|p1a: Abomasnow
|-damage|p1a: Abomasnow|0 fnt
|faint|p1a: Abomasnow
|
|-weather|Hail|[upkeep]
|-damage|p2a: Miltank|41/100|[from] Hail
|-heal|p2a: Miltank|47/100|[from] item: Leftovers
|upkeep
|-message|mefrog forfeited.
|
|win|PULadderIsTrash
|raw|mefrog's rating: 1457 &rarr; <strong>1423</strong><br />(-34 for losing)
|raw|PULadderIsTrash's rating: 1157 &rarr; <strong>1207</strong><br />(+50 for winning)
|l|☆mefrog
|raw|mefrog's rating: 1457 &rarr; <strong>1423</strong><br />(-34 for losing)
|raw|PULadderIsTrash's rating: 1157 &rarr; <strong>1200</strong><br />(+43 for winning)
