|j|☆dsdssvfdsvfddfs
|j|☆fixing67
|t:|1625273861
|gametype|singles
|player|p1|dsdssvfdsvfddfs|102|1301
|player|p2|fixing67|galacticgrunt|1397
|teamsize|p1|6
|teamsize|p2|6
|gen|8
|tier|[Gen 8] PU
|rated|
|rule|Sleep Clause Mod: Limit one foe put to sleep
|rule|Species Clause: Limit one of each Pokémon
|rule|OHKO Clause: OHKO moves are banned
|rule|Evasion Moves Clause: Evasion moves are banned
|rule|Endless Battle Clause: Forcing endless battles is banned
|rule|HP Percentage Mod: HP is shown in percentages
|rule|Dynamax Clause: You cannot dynamax
|clearpoke
|poke|p1|Regirock|
|poke|p1|Accelgor, F|
|poke|p1|Gigalith, M|
|poke|p1|Cofagrigus, F|
|poke|p1|Mesprit|
|poke|p1|Throh, M|
|poke|p2|Weezing, M|
|poke|p2|Froslass, F|
|poke|p2|Ditto|
|poke|p2|Aggron, F|
|poke|p2|Absol, F|
|poke|p2|Rotom|
|teampreview
|inactive|Battle timer is ON: inactive players will automatically lose when time's up. (requested by dsdssvfdsvfddfs)
|
|t:|1625273890
|start
|switch|p1a: Accelgor|Accelgor, F|100/100
|switch|p2a: Weezing|Weezing, M|100/100
|turn|1
|
|t:|1625273901
|switch|p2a: Rotom|Rotom|100/100
|move|p1a: Accelgor|Toxic Spikes|p2a: Rotom
|-sidestart|p2: fixing67|move: Toxic Spikes
|
|upkeep
|turn|2
|
|t:|1625273907
|move|p1a: Accelgor|Knock Off|p2a: Rotom
|-supereffective|p2a: Rotom
|-enditem|p2a: Rotom|Colbur Berry|[eat]
|-enditem|p2a: Rotom|Colbur Berry|[weaken]
|-damage|p2a: Rotom|75/100
|move|p2a: Rotom|Hex|p1a: Accelgor
|-damage|p1a: Accelgor|71/100
|
|upkeep
|turn|3
|
|t:|1625273916
|move|p1a: Accelgor|Spikes|p2a: Rotom
|-sidestart|p2: fixing67|Spikes
|move|p2a: Rotom|Hex|p1a: Accelgor
|-damage|p1a: Accelgor|41/100
|
|upkeep
|turn|4
|
|t:|1625273928
|move|p1a: Accelgor|Spikes|p2a: Rotom
|-sidestart|p2: fixing67|Spikes
|move|p2a: Rotom|Volt Switch|p1a: Accelgor
|-damage|p1a: Accelgor|6/100
|
|t:|1625273933
|switch|p2a: Froslass|Froslass, F|100/100|[from]move: Volt Switch
|
|upkeep
|turn|5
|
|t:|1625273940
|switch|p1a: Gigalith|Gigalith, M|100/100
|-weather|Sandstorm|[from] ability: Sand Stream|[of] p1a: Gigalith
|move|p2a: Froslass|Ice Shard|p1a: Gigalith
|-damage|p1a: Gigalith|91/100
|
|-weather|Sandstorm|[upkeep]
|-damage|p2a: Froslass|94/100|[from] Sandstorm
|upkeep
|turn|6
|
|t:|1625273948
|switch|p2a: Weezing|Weezing, M|100/100
|move|p1a: Gigalith|Toxic|p2a: Weezing
|-immune|p2a: Weezing
|
|-weather|Sandstorm|[upkeep]
|-damage|p2a: Weezing|94/100|[from] Sandstorm
|upkeep
|turn|7
|
|t:|1625273952
|move|p2a: Weezing|Toxic Spikes|p1a: Gigalith
|-sidestart|p1: dsdssvfdsvfddfs|move: Toxic Spikes
|move|p1a: Gigalith|Stealth Rock|p2a: Weezing
|-sidestart|p2: fixing67|move: Stealth Rock
|
|-weather|Sandstorm|[upkeep]
|-damage|p2a: Weezing|88/100|[from] Sandstorm
|upkeep
|turn|8
|
|t:|1625273959
|switch|p1a: Mesprit|Mesprit|100/100
|move|p2a: Weezing|Corrosive Gas|p1a: Mesprit
|-enditem|p1a: Mesprit|Red Card|[from] move: Corrosive Gas|[of] p2a: Weezing
|
|-weather|Sandstorm|[upkeep]
|-damage|p1a: Mesprit|94/100|[from] Sandstorm
|-damage|p2a: Weezing|82/100|[from] Sandstorm
|upkeep
|turn|9
|
|t:|1625273965
|switch|p2a: Aggron|Aggron, F|100/100
|-damage|p2a: Aggron|94/100|[from] Stealth Rock
|-damage|p2a: Aggron|78/100|[from] Spikes
|move|p1a: Mesprit|Knock Off|p2a: Aggron
|-damage|p2a: Aggron|64/100
|-enditem|p2a: Aggron|Leftovers|[from] move: Knock Off|[of] p1a: Mesprit
|
|-weather|Sandstorm|[upkeep]
|-damage|p1a: Mesprit|88/100|[from] Sandstorm
|upkeep
|turn|10
|
|t:|1625273972
|switch|p1a: Gigalith|Gigalith, M|91/100
|-status|p1a: Gigalith|psn
|move|p2a: Aggron|Stealth Rock|p1a: Gigalith
|-sidestart|p1: dsdssvfdsvfddfs|move: Stealth Rock
|
|-weather|Sandstorm|[upkeep]
|-damage|p1a: Gigalith|79/100 psn|[from] psn
|upkeep
|turn|11
|inactive|fixing67 has 120 seconds left.
|
|t:|1625274015
|move|p2a: Aggron|Body Press|p1a: Gigalith
|-supereffective|p1a: Gigalith
|-damage|p1a: Gigalith|45/100 psn
|move|p1a: Gigalith|Body Press|p2a: Aggron
|-supereffective|p2a: Aggron
|-damage|p2a: Aggron|0 fnt
|faint|p2a: Aggron
|
|-weather|Sandstorm|[upkeep]
|-damage|p1a: Gigalith|33/100 psn|[from] psn
|upkeep
|
|t:|1625274036
|switch|p2a: Ditto|Ditto|100/100
|-damage|p2a: Ditto|84/100|[from] Spikes
|-status|p2a: Ditto|psn
|-damage|p2a: Ditto|72/100 psn|[from] Stealth Rock
|-transform|p2a: Ditto|p1a: Gigalith|[from] ability: Imposter
|turn|12
|
|t:|1625274056
|switch|p2a: Rotom|Rotom|75/100
|-damage|p2a: Rotom|63/100|[from] Stealth Rock
|switch|p1a: Accelgor|Accelgor, F|6/100
|-damage|p1a: Accelgor|0 fnt|[from] Stealth Rock
|faint|p1a: Accelgor
|
|-weather|none
|upkeep
|
|t:|1625274060
|switch|p1a: Mesprit|Mesprit|88/100
|-damage|p1a: Mesprit|76/100|[from] Stealth Rock
|turn|13
|
|t:|1625274067
|move|p1a: Mesprit|Toxic|p2a: Rotom
|-status|p2a: Rotom|tox
|move|p2a: Rotom|Pain Split|p1a: Mesprit
|-sethp|p1a: Mesprit|64/100|[from] move: Pain Split|[silent]
|-sethp|p2a: Rotom|77/100 tox|[from] move: Pain Split
|
|-damage|p2a: Rotom|71/100 tox|[from] psn
|upkeep
|turn|14
|
|t:|1625274074
|switch|p1a: Gigalith|Gigalith, M|33/100 psn
|-damage|p1a: Gigalith|21/100 psn|[from] Stealth Rock
|-weather|Sandstorm|[from] ability: Sand Stream|[of] p1a: Gigalith
|move|p2a: Rotom|Volt Switch|p1a: Gigalith
|-damage|p1a: Gigalith|5/100 psn
|
|t:|1625274087
|switch|p2a: Froslass|Froslass, F|94/100|[from]move: Volt Switch
|
|-weather|Sandstorm|[upkeep]
|-damage|p2a: Froslass|88/100|[from] Sandstorm
|-damage|p1a: Gigalith|0 fnt|[from] psn
|faint|p1a: Gigalith
|upkeep
|
|t:|1625274094
|switch|p1a: Cofagrigus|Cofagrigus, F|100/100
|-status|p1a: Cofagrigus|psn
|-damage|p1a: Cofagrigus|88/100 psn|[from] Stealth Rock
|turn|15
|
|t:|1625274105
|switch|p2a: Weezing|Weezing, M|82/100
|-damage|p2a: Weezing|70/100|[from] Stealth Rock
|switch|p1a: Throh|Throh, M|100/100
|-damage|p1a: Throh|94/100|[from] Stealth Rock
|-status|p1a: Throh|psn
|
|-weather|Sandstorm|[upkeep]
|-damage|p2a: Weezing|64/100|[from] Sandstorm
|-damage|p1a: Throh|88/100 psn|[from] Sandstorm
|-damage|p1a: Throh|76/100 psn|[from] psn
|upkeep
|turn|16
|
|t:|1625274114
|move|p2a: Weezing|Sludge Bomb|p1a: Throh
|-damage|p1a: Throh|59/100 psn
|-enditem|p1a: Throh|Red Card|[of] p2a: Weezing
|drag|p2a: Froslass|Froslass, F|88/100
|move|p1a: Throh|Bulk Up|p1a: Throh
|-boost|p1a: Throh|atk|1
|-boost|p1a: Throh|def|1
|
|-weather|Sandstorm|[upkeep]
|-damage|p2a: Froslass|82/100|[from] Sandstorm
|-damage|p1a: Throh|53/100 psn|[from] Sandstorm
|-damage|p1a: Throh|41/100 psn|[from] psn
|upkeep
|turn|17
|inactive|fixing67 has 120 seconds left.
|
|t:|1625274135
|switch|p2a: Weezing|Weezing, M|64/100
|-damage|p2a: Weezing|52/100|[from] Stealth Rock
|move|p1a: Throh|Rest|p1a: Throh
|-status|p1a: Throh|slp|[from] move: Rest
|-heal|p1a: Throh|100/100 slp|[silent]
|
|-weather|Sandstorm|[upkeep]
|-damage|p2a: Weezing|46/100|[from] Sandstorm
|-damage|p1a: Throh|94/100 slp|[from] Sandstorm
|upkeep
|turn|18
|
|t:|1625274147
|move|p2a: Weezing|Sludge Bomb|p1a: Throh
|-damage|p1a: Throh|77/100 slp
|cant|p1a: Throh|slp
|move|p1a: Throh|Sleep Talk|p1a: Throh
|move|p1a: Throh|Circle Throw|p2a: Weezing|[from]move: Sleep Talk
|-resisted|p2a: Weezing
|-damage|p2a: Weezing|32/100
|-damage|p1a: Throh|60/100 slp|[from] item: Rocky Helmet|[of] p2a: Weezing
|drag|p2a: Froslass|Froslass, F|82/100
|
|-weather|Sandstorm|[upkeep]
|-damage|p2a: Froslass|76/100|[from] Sandstorm
|-damage|p1a: Throh|54/100 slp|[from] Sandstorm
|upkeep
|turn|19
|
|t:|1625274166
|switch|p2a: Weezing|Weezing, M|32/100
|-damage|p2a: Weezing|20/100|[from] Stealth Rock
|cant|p1a: Throh|slp
|move|p1a: Throh|Sleep Talk|p1a: Throh
|move|p1a: Throh|Bulk Up|p1a: Throh|[from]move: Sleep Talk
|-boost|p1a: Throh|atk|1
|-boost|p1a: Throh|def|1
|
|-weather|Sandstorm|[upkeep]
|-damage|p2a: Weezing|14/100|[from] Sandstorm
|-damage|p1a: Throh|48/100 slp|[from] Sandstorm
|upkeep
|turn|20
|
|t:|1625274174
|move|p2a: Weezing|Sludge Bomb|p1a: Throh
|-damage|p1a: Throh|31/100 slp
|-curestatus|p1a: Throh|slp|[msg]
|move|p1a: Throh|Circle Throw|p2a: Weezing
|-resisted|p2a: Weezing
|-damage|p2a: Weezing|0 fnt
|-damage|p1a: Throh|14/100|[from] item: Rocky Helmet|[of] p2a: Weezing
|faint|p2a: Weezing
|
|-weather|Sandstorm|[upkeep]
|-damage|p1a: Throh|8/100|[from] Sandstorm
|upkeep
|inactive|fixing67 has 90 seconds left.
|
|t:|1625274214
|switch|p2a: Rotom|Rotom|71/100 tox
|-damage|p2a: Rotom|59/100 tox|[from] Stealth Rock
|turn|21
|
|t:|1625274231
|move|p2a: Rotom|Hex|p1a: Throh
|-damage|p1a: Throh|0 fnt
|faint|p1a: Throh
|
|-weather|none
|-damage|p2a: Rotom|53/100 tox|[from] psn
|upkeep
|
|t:|1625274234
|switch|p1a: Mesprit|Mesprit|64/100
|-damage|p1a: Mesprit|52/100|[from] Stealth Rock
|turn|22
|
|t:|1625274241
|move|p1a: Mesprit|Knock Off|p2a: Rotom
|-supereffective|p2a: Rotom
|-damage|p2a: Rotom|12/100 tox
|move|p2a: Rotom|Volt Switch|p1a: Mesprit
|-damage|p1a: Mesprit|30/100
|
|t:|1625274248
|switch|p2a: Froslass|Froslass, F|76/100|[from]move: Volt Switch
|
|upkeep
|turn|23
|
|t:|1625274252
|move|p2a: Froslass|Triple Axel|p1a: Mesprit
|-damage|p1a: Mesprit|23/100
|-crit|p1a: Mesprit
|-damage|p1a: Mesprit|3/100
|-damage|p1a: Mesprit|0 fnt
|faint|p1a: Mesprit
|-hitcount|p1: Mesprit|3
|
|upkeep
|
|t:|1625274256
|switch|p1a: Cofagrigus|Cofagrigus, F|88/100 psn
|-damage|p1a: Cofagrigus|75/100 psn|[from] Stealth Rock
|turn|24
|
|t:|1625274268
|move|p2a: Froslass|Poltergeist|p1a: Cofagrigus
|-activate|p1a: Cofagrigus|move: Poltergeist|Red Card
|-supereffective|p1a: Cofagrigus
|-damage|p1a: Cofagrigus|23/100 psn
|-enditem|p1a: Cofagrigus|Red Card|[of] p2a: Froslass
|drag|p2a: Ditto|Ditto|72/100 psn
|-damage|p2a: Ditto|55/100 psn|[from] Spikes
|-damage|p2a: Ditto|43/100 psn|[from] Stealth Rock
|-transform|p2a: Ditto|p1a: Cofagrigus|[from] ability: Imposter
|move|p1a: Cofagrigus|Body Press|p2a: Ditto
|-immune|p2a: Ditto
|
|-damage|p2a: Ditto|31/100 psn|[from] psn
|-damage|p1a: Cofagrigus|10/100 psn|[from] psn
|upkeep
|turn|25
|
|t:|1625274288
|move|p2a: Ditto|Shadow Ball|p1a: Cofagrigus
|-supereffective|p1a: Cofagrigus
|-damage|p1a: Cofagrigus|0 fnt
|faint|p1a: Cofagrigus
|
|-damage|p2a: Ditto|18/100 psn|[from] psn
|upkeep
|
|t:|1625274293
|switch|p1a: Regirock|Regirock, shiny|100/100
|-damage|p1a: Regirock|88/100|[from] Stealth Rock
|-status|p1a: Regirock|psn
|turn|26
|
|t:|1625274296
|move|p1a: Regirock|Iron Defense|p1a: Regirock
|-boost|p1a: Regirock|def|2
|move|p2a: Ditto|Shadow Ball|p1a: Regirock
|-damage|p1a: Regirock|67/100 psn
|
|-heal|p1a: Regirock|73/100 psn|[from] item: Leftovers
|-damage|p1a: Regirock|61/100 psn|[from] psn
|-damage|p2a: Ditto|6/100 psn|[from] psn
|upkeep
|turn|27
|inactive|dsdssvfdsvfddfs has 120 seconds left.
|
|t:|1625274341
|move|p1a: Regirock|Iron Defense|p1a: Regirock
|-boost|p1a: Regirock|def|2
|move|p2a: Ditto|Shadow Ball|p1a: Regirock
|-damage|p1a: Regirock|43/100 psn
|
|-heal|p1a: Regirock|49/100 psn|[from] item: Leftovers
|-damage|p1a: Regirock|36/100 psn|[from] psn
|-damage|p2a: Ditto|0 fnt|[from] psn
|faint|p2a: Ditto
|upkeep
|
|t:|1625274348
|switch|p2a: Absol|Absol, F|100/100
|-damage|p2a: Absol|88/100|[from] Stealth Rock
|-damage|p2a: Absol|72/100|[from] Spikes
|-status|p2a: Absol|psn
|turn|28
|
|t:|1625274353
|move|p2a: Absol|Knock Off|p1a: Regirock
|-crit|p1a: Regirock
|-damage|p1a: Regirock|0 fnt
|-enditem|p1a: Regirock|Leftovers|[from] move: Knock Off|[of] p2a: Absol
|faint|p1a: Regirock
|
|win|fixing67
|raw|dsdssvfdsvfddfs's rating: 1309 &rarr; <strong>1294</strong><br />(-15 for losing)
|raw|fixing67's rating: 1397 &rarr; <strong>1412</strong><br />(+15 for winning)
|l|☆dsdssvfdsvfddfs
