|j|☆kantarellen
|j|☆PULT83c yovan
|t:|1627912188
|gametype|singles
|player|p1|kantarellen|2|1227
|player|p2|PULT83c yovan|burgh|1178
|teamsize|p1|6
|teamsize|p2|6
|gen|8
|tier|[Gen 8] PU
|rated|
|rule|Sleep Clause Mod: Limit one foe put to sleep
|rule|Species Clause: Limit one of each Pokémon
|rule|OHKO Clause: OHKO moves are banned
|rule|Evasion Moves Clause: Evasion moves are banned
|rule|Endless Battle Clause: Forcing endless battles is banned
|rule|HP Percentage Mod: HP is shown in percentages
|rule|Dynamax Clause: You cannot dynamax
|clearpoke
|poke|p1|Archeops, F|
|poke|p1|Passimian, F|
|poke|p1|Charizard, M|
|poke|p1|Haunter, F|
|poke|p1|Galvantula, M|
|poke|p1|Basculin-Blue-Striped, F|
|poke|p2|Ferroseed, M|
|poke|p2|Gigalith, F|
|poke|p2|Charizard, M|
|poke|p2|Ribombee, M|
|poke|p2|Weezing, F|
|poke|p2|Scrafty, F|
|teampreview
|
|t:|1627912201
|start
|switch|p1a: Archeops|Archeops, F|100/100
|switch|p2a: Giga LIT|Gigalith, F|100/100
|-weather|Sandstorm|[from] ability: Sand Stream|[of] p2a: Giga LIT
|turn|1
|
|t:|1627912204
|move|p1a: Archeops|Taunt|p2a: Giga LIT
|-start|p2a: Giga LIT|move: Taunt
|move|p2a: Giga LIT|Rock Blast|p1a: Archeops
|-supereffective|p1a: Archeops
|-damage|p1a: Archeops|61/100
|-supereffective|p1a: Archeops
|-damage|p1a: Archeops|24/100
|-supereffective|p1a: Archeops
|-damage|p1a: Archeops|0 fnt
|faint|p1a: Archeops
|-hitcount|p1: Archeops|3
|
|-weather|Sandstorm|[upkeep]
|upkeep
|
|t:|1627912213
|switch|p1a: Basculin|Basculin-Blue-Striped, F|100/100
|turn|2
|
|t:|1627912217
|switch|p2a: Rolling Weed|Ferroseed, M|100/100
|move|p1a: Basculin|Liquidation|p2a: Rolling Weed
|-resisted|p2a: Rolling Weed
|-damage|p2a: Rolling Weed|78/100
|-unboost|p2a: Rolling Weed|def|1
|-damage|p1a: Basculin|88/100|[from] ability: Iron Barbs|[of] p2a: Rolling Weed
|
|-weather|Sandstorm|[upkeep]
|-damage|p1a: Basculin|82/100|[from] Sandstorm
|upkeep
|turn|3
|
|t:|1627912222
|switch|p1a: Charizard|Charizard, M|100/100
|move|p2a: Rolling Weed|Spikes|p1a: Charizard
|-sidestart|p1: kantarellen|Spikes
|
|-weather|Sandstorm|[upkeep]
|-damage|p1a: Charizard|94/100|[from] Sandstorm
|upkeep
|turn|4
|
|t:|1627912228
|switch|p2a: Giga LIT|Gigalith, F|100/100
|move|p1a: Charizard|Fire Blast|p2a: Giga LIT|[miss]
|-miss|p1a: Charizard|p2a: Giga LIT
|
|-weather|Sandstorm|[upkeep]
|-damage|p1a: Charizard|88/100|[from] Sandstorm
|upkeep
|turn|5
|
|t:|1627912243
|move|p1a: Charizard|Defog|p2a: Giga LIT
|-unboost|p2a: Giga LIT|evasion|1
|-sideend|p1: kantarellen|Spikes|[from] move: Defog|[of] p1a: Charizard
|move|p2a: Giga LIT|Rock Blast|p1a: Charizard|[miss]
|-miss|p2a: Giga LIT|p1a: Charizard
|
|-weather|none
|upkeep
|turn|6
|c|☆kantarellen|:(
|inactive|Battle timer is ON: inactive players will automatically lose when time's up. (requested by kantarellen)
|j| LordEnz
|
|t:|1627912294
|switch|p1a: Passimian|Passimian, F|100/100
|move|p2a: Giga LIT|Stealth Rock|p1a: Passimian
|-sidestart|p1: kantarellen|move: Stealth Rock
|
|upkeep
|turn|7
|
|t:|1627912303
|move|p2a: Giga LIT|Protect|p2a: Giga LIT
|-singleturn|p2a: Giga LIT|Protect
|move|p1a: Passimian|U-turn|p2a: Giga LIT
|-activate|p2a: Giga LIT|move: Protect
|
|upkeep
|turn|8
|
|t:|1627912309
|move|p1a: Passimian|U-turn|p2a: Giga LIT
|-damage|p2a: Giga LIT|83/100
|
|t:|1627912314
|switch|p1a: Basculin|Basculin-Blue-Striped, F|82/100|[from]move: U-turn
|-damage|p1a: Basculin|70/100|[from] Stealth Rock
|move|p2a: Giga LIT|Rock Blast|p1a: Basculin
|-damage|p1a: Basculin|51/100
|-damage|p1a: Basculin|30/100
|-damage|p1a: Basculin|8/100
|-hitcount|p1a: Basculin|3
|
|-heal|p2a: Giga LIT|89/100|[from] item: Leftovers
|upkeep
|turn|9
|
|t:|1627912325
|move|p2a: Giga LIT|Protect|p2a: Giga LIT
|-singleturn|p2a: Giga LIT|Protect
|move|p1a: Basculin|Superpower|p2a: Giga LIT
|-activate|p2a: Giga LIT|move: Protect
|
|-heal|p2a: Giga LIT|95/100|[from] item: Leftovers
|upkeep
|turn|10
|
|t:|1627912334
|switch|p2a: Ribombeille|Ribombee, M|100/100
|move|p1a: Basculin|Superpower|p2a: Ribombeille
|-resisted|p2a: Ribombeille
|-damage|p2a: Ribombeille|77/100
|-unboost|p1a: Basculin|atk|1
|-unboost|p1a: Basculin|def|1
|
|upkeep
|turn|11
|
|t:|1627912339
|move|p2a: Ribombeille|Quiver Dance|p2a: Ribombeille
|-boost|p2a: Ribombeille|spa|1
|-boost|p2a: Ribombeille|spd|1
|-boost|p2a: Ribombeille|spe|1
|move|p1a: Basculin|Superpower|p2a: Ribombeille
|-resisted|p2a: Ribombeille
|-damage|p2a: Ribombeille|61/100
|-unboost|p1a: Basculin|atk|1
|-unboost|p1a: Basculin|def|1
|
|upkeep
|turn|12
|
|t:|1627912342
|move|p2a: Ribombeille|Quiver Dance|p2a: Ribombeille
|-boost|p2a: Ribombeille|spa|1
|-boost|p2a: Ribombeille|spd|1
|-boost|p2a: Ribombeille|spe|1
|move|p1a: Basculin|Superpower|p2a: Ribombeille
|-resisted|p2a: Ribombeille
|-damage|p2a: Ribombeille|48/100
|-unboost|p1a: Basculin|atk|1
|-unboost|p1a: Basculin|def|1
|
|upkeep
|turn|13
|
|t:|1627912347
|move|p2a: Ribombeille|Quiver Dance|p2a: Ribombeille
|-boost|p2a: Ribombeille|spa|1
|-boost|p2a: Ribombeille|spd|1
|-boost|p2a: Ribombeille|spe|1
|move|p1a: Basculin|Superpower|p2a: Ribombeille
|-resisted|p2a: Ribombeille
|-damage|p2a: Ribombeille|38/100
|-unboost|p1a: Basculin|atk|1
|-unboost|p1a: Basculin|def|1
|
|upkeep
|turn|14
|
|t:|1627912350
|move|p2a: Ribombeille|Quiver Dance|p2a: Ribombeille
|-boost|p2a: Ribombeille|spa|1
|-boost|p2a: Ribombeille|spd|1
|-boost|p2a: Ribombeille|spe|1
|move|p1a: Basculin|Superpower|p2a: Ribombeille
|-resisted|p2a: Ribombeille
|-damage|p2a: Ribombeille|31/100
|-unboost|p1a: Basculin|atk|1
|-unboost|p1a: Basculin|def|1
|
|upkeep
|turn|15
|j| Ayouko
|
|t:|1627912356
|move|p2a: Ribombeille|Quiver Dance|p2a: Ribombeille
|-boost|p2a: Ribombeille|spa|1
|-boost|p2a: Ribombeille|spd|1
|-boost|p2a: Ribombeille|spe|1
|move|p1a: Basculin|Superpower|p2a: Ribombeille
|-resisted|p2a: Ribombeille
|-damage|p2a: Ribombeille|24/100
|-unboost|p1a: Basculin|atk|1
|-unboost|p1a: Basculin|def|1
|
|upkeep
|turn|16
|
|t:|1627912363
|move|p2a: Ribombeille|Roost|p2a: Ribombeille
|-heal|p2a: Ribombeille|74/100
|-singleturn|p2a: Ribombeille|move: Roost
|move|p1a: Basculin|Superpower|p2a: Ribombeille
|-resisted|p2a: Ribombeille
|-damage|p2a: Ribombeille|69/100
|
|upkeep
|turn|17
|
|t:|1627912366
|move|p2a: Ribombeille|Moonblast|p1a: Basculin
|-damage|p1a: Basculin|0 fnt
|faint|p1a: Basculin
|
|upkeep
|
|t:|1627912371
|switch|p1a: Charizard|Charizard, M|88/100
|turn|18
|
|t:|1627912373
|move|p2a: Ribombeille|Psychic|p1a: Charizard
|-damage|p1a: Charizard|0 fnt
|faint|p1a: Charizard
|
|upkeep
|-message|kantarellen forfeited.
|
|win|PULT83c yovan
|raw|kantarellen's rating: 1227 &rarr; <strong>1198</strong><br />(-29 for losing)
|raw|PULT83c yovan's rating: 1178 &rarr; <strong>1207</strong><br />(+29 for winning)
|l|☆kantarellen
|l|☆PULT83c yovan
