|j|☆GulagChampYo
|j|☆pltrtothemoon
|t:|1610703559
|player|p1|GulagChampYo|265|1514
|player|p2|pltrtothemoon|169|1556
|teamsize|p1|6
|teamsize|p2|6
|gametype|singles
|gen|8
|tier|[Gen 8] PU
|rated|
|clearpoke
|poke|p1|Roserade, M|
|poke|p1|Vaporeon, F|
|poke|p1|Palossand, M|
|poke|p1|Aggron, F|
|poke|p1|Silvally-*|
|poke|p1|Hitmontop, M|
|poke|p2|Ferroseed, F|
|poke|p2|Qwilfish, F|
|poke|p2|Claydol|
|poke|p2|Lickilicky, M|
|poke|p2|Persian-Alola, F|
|poke|p2|Sableye, F|
|rule|Sleep Clause Mod: Limit one foe put to sleep
|rule|Species Clause: Limit one of each Pokémon
|rule|OHKO Clause: OHKO moves are banned
|rule|Evasion Moves Clause: Evasion moves are banned
|rule|Endless Battle Clause: Forcing endless battles is banned
|rule|HP Percentage Mod: HP is shown in percentages
|rule|Dynamax Clause: You cannot dynamax
|teampreview
|inactive|Battle timer is ON: inactive players will automatically lose when time's up. (requested by GulagChampYo)
|
|t:|1610703577
|start
|switch|p1a: Hitmontop|Hitmontop, M|100/100
|switch|p2a: Sableye|Sableye, F|100/100
|turn|1
|
|t:|1610703588
|switch|p1a: Palossand|Palossand, M|100/100
|move|p2a: Sableye|Will-O-Wisp|p1a: Palossand
|-status|p1a: Palossand|brn
|
|-damage|p1a: Palossand|94/100 brn|[from] brn
|upkeep
|turn|2
|j| WellnessD
|
|t:|1610703593
|move|p2a: Sableye|Taunt|p1a: Palossand
|-start|p1a: Palossand|move: Taunt
|cant|p1a: Palossand|move: Taunt|Stealth Rock
|
|-damage|p1a: Palossand|88/100 brn|[from] brn
|upkeep
|turn|3
|
|t:|1610703598
|switch|p1a: Silvally|Silvally-Fairy|100/100
|move|p2a: Sableye|Knock Off|p1a: Silvally
|-resisted|p1a: Silvally
|-damage|p1a: Silvally|94/100
|
|upkeep
|turn|4
|
|t:|1610703603
|switch|p2a: Qwilfish|Qwilfish, F|100/100
|-ability|p2a: Qwilfish|Intimidate|boost
|-unboost|p1a: Silvally|atk|1
|move|p1a: Silvally|Multi-Attack|p2a: Qwilfish
|-resisted|p2a: Qwilfish
|-damage|p2a: Qwilfish|89/100
|-damage|p1a: Silvally|78/100|[from] item: Rocky Helmet|[of] p2a: Qwilfish
|
|upkeep
|turn|5
|
|t:|1610703617
|move|p1a: Silvally|Thunder Wave|p2a: Qwilfish
|-status|p2a: Qwilfish|par
|move|p2a: Qwilfish|Spikes|p1a: Silvally
|-sidestart|p1: GulagChampYo|Spikes
|
|upkeep
|turn|6
|
|t:|1610703628
|move|p1a: Silvally|Parting Shot|p2a: Qwilfish
|-unboost|p2a: Qwilfish|atk|1
|-unboost|p2a: Qwilfish|spa|1
|
|t:|1610703630
|switch|p1a: Palossand|Palossand, M|88/100 brn|[from]move: Parting Shot
|-damage|p1a: Palossand|76/100 brn|[from] Spikes
|move|p2a: Qwilfish|Poison Jab|p1a: Palossand
|-resisted|p1a: Palossand
|-damage|p1a: Palossand|73/100 brn
|-damage|p2a: Qwilfish|73/100 par|[from] item: Rocky Helmet|[of] p1a: Palossand
|
|-damage|p1a: Palossand|67/100 brn|[from] brn
|upkeep
|turn|7
|
|t:|1610703644
|switch|p2a: Ferroseed|Ferroseed, F|100/100
|move|p1a: Palossand|Stealth Rock|p2a: Ferroseed
|-sidestart|p2: pltrtothemoon|move: Stealth Rock
|
|-damage|p1a: Palossand|61/100 brn|[from] brn
|upkeep
|turn|8
|
|t:|1610703652
|switch|p1a: Roserade|Roserade, M|100/100
|move|p2a: Ferroseed|Stealth Rock|p1a: Roserade
|-sidestart|p1: GulagChampYo|move: Stealth Rock
|
|upkeep
|turn|9
|
|t:|1610703658
|switch|p2a: Sableye|Sableye, F|100/100
|-damage|p2a: Sableye|88/100|[from] Stealth Rock
|move|p1a: Roserade|Spikes|p2a: Sableye
|-sidestart|p2: pltrtothemoon|Spikes
|
|-heal|p2a: Sableye|94/100|[from] item: Leftovers
|upkeep
|turn|10
|
|t:|1610703671
|move|p1a: Roserade|Leaf Storm|p2a: Sableye
|-damage|p2a: Sableye|11/100
|-unboost|p1a: Roserade|spa|2
|move|p2a: Sableye|Knock Off|p1a: Roserade
|-damage|p1a: Roserade|50/100
|-enditem|p1a: Roserade|Heavy-Duty Boots|[from] move: Knock Off|[of] p2a: Sableye
|
|-heal|p2a: Sableye|17/100|[from] item: Leftovers
|upkeep
|turn|11
|
|t:|1610703690
|move|p2a: Sableye|Recover|p2a: Sableye
|-heal|p2a: Sableye|67/100
|move|p1a: Roserade|Sleep Powder|p2a: Sableye|[miss]
|-miss|p1a: Roserade|p2a: Sableye
|
|-heal|p2a: Sableye|73/100|[from] item: Leftovers
|upkeep
|turn|12
|
|t:|1610703695
|move|p2a: Sableye|Taunt|p1a: Roserade
|-start|p1a: Roserade|move: Taunt
|cant|p1a: Roserade|move: Taunt|Sleep Powder
|
|-heal|p2a: Sableye|79/100|[from] item: Leftovers
|upkeep
|turn|13
|
|t:|1610703704
|switch|p1a: Silvally|Silvally-Fairy|78/100
|-damage|p1a: Silvally|65/100|[from] Stealth Rock
|-damage|p1a: Silvally|53/100|[from] Spikes
|move|p2a: Sableye|Knock Off|p1a: Silvally
|-resisted|p1a: Silvally
|-damage|p1a: Silvally|47/100
|
|-heal|p2a: Sableye|85/100|[from] item: Leftovers
|upkeep
|turn|14
|
|t:|1610703709
|move|p2a: Sableye|Will-O-Wisp|p1a: Silvally|[miss]
|-miss|p2a: Sableye|p1a: Silvally
|move|p1a: Silvally|Roar|p2a: Sableye
|drag|p2a: Persian|Persian-Alola, F|100/100
|-damage|p2a: Persian|88/100|[from] Stealth Rock
|-damage|p2a: Persian|76/100|[from] Spikes
|
|upkeep
|turn|15
|
|t:|1610703718
|move|p2a: Persian|Parting Shot|p1a: Silvally
|-unboost|p1a: Silvally|atk|1
|-unboost|p1a: Silvally|spa|1
|
|t:|1610703722
|switch|p2a: Qwilfish|Qwilfish, F|73/100 par|[from]move: Parting Shot
|-damage|p2a: Qwilfish|60/100 par|[from] Stealth Rock
|-damage|p2a: Qwilfish|48/100 par|[from] Spikes
|-ability|p2a: Qwilfish|Intimidate|boost
|-unboost|p1a: Silvally|atk|1
|move|p1a: Silvally|Multi-Attack|p2a: Qwilfish
|-resisted|p2a: Qwilfish
|-damage|p2a: Qwilfish|40/100 par
|-damage|p1a: Silvally|31/100|[from] item: Rocky Helmet|[of] p2a: Qwilfish
|
|upkeep
|turn|16
|
|t:|1610703737
|move|p1a: Silvally|Parting Shot|p2a: Qwilfish
|-unboost|p2a: Qwilfish|atk|1
|-unboost|p2a: Qwilfish|spa|1
|
|t:|1610703739
|switch|p1a: Hitmontop|Hitmontop, M|100/100|[from]move: Parting Shot
|move|p2a: Qwilfish|Spikes|p1a: Hitmontop
|-sidestart|p1: GulagChampYo|Spikes
|
|upkeep
|turn|17
|
|t:|1610703744
|switch|p2a: Sableye|Sableye, F|85/100
|-damage|p2a: Sableye|73/100|[from] Stealth Rock
|-damage|p2a: Sableye|61/100|[from] Spikes
|move|p1a: Hitmontop|Triple Axel|p2a: Sableye
|-damage|p2a: Sableye|47/100
|-damage|p2a: Sableye|21/100
|-damage|p2a: Sableye|0 fnt
|-hitcount|p2a: Sableye|3
|faint|p2a: Sableye
|
|upkeep
|
|t:|1610703750
|switch|p2a: Claydol|Claydol|100/100
|-damage|p2a: Claydol|94/100|[from] Stealth Rock
|turn|18
|c|☆GulagChampYo|Gg
|
|t:|1610703769
|move|p2a: Claydol|Earth Power|p1a: Hitmontop
|-damage|p1a: Hitmontop|77/100
|move|p1a: Hitmontop|Rapid Spin|p2a: Claydol
|-damage|p2a: Claydol|71/100
|-boost|p1a: Hitmontop|spe|1
|-sideend|p1: GulagChampYo|Spikes|[from] move: Rapid Spin|[of] p1a: Hitmontop
|-sideend|p1: GulagChampYo|Stealth Rock|[from] move: Rapid Spin|[of] p1a: Hitmontop
|
|-heal|p2a: Claydol|77/100|[from] item: Leftovers
|upkeep
|turn|19
|
|t:|1610703776
|move|p1a: Hitmontop|Triple Axel|p2a: Claydol
|-supereffective|p2a: Claydol
|-damage|p2a: Claydol|59/100
|-hitcount|p2a: Claydol|1
|move|p2a: Claydol|Rapid Spin|p1a: Hitmontop
|-damage|p1a: Hitmontop|69/100
|-boost|p2a: Claydol|spe|1
|-sideend|p2: pltrtothemoon|Spikes|[from] move: Rapid Spin|[of] p2a: Claydol
|-sideend|p2: pltrtothemoon|Stealth Rock|[from] move: Rapid Spin|[of] p2a: Claydol
|
|-heal|p2a: Claydol|66/100|[from] item: Leftovers
|upkeep
|turn|20
|
|t:|1610703789
|switch|p2a: Qwilfish|Qwilfish, F|40/100 par
|-ability|p2a: Qwilfish|Intimidate|boost
|-unboost|p1a: Hitmontop|atk|1
|switch|p1a: Vaporeon|Vaporeon, F|100/100
|
|upkeep
|turn|21
|
|t:|1610703795
|switch|p2a: Lickilicky|Lickilicky, M|100/100
|move|p1a: Vaporeon|Wish|p1a: Vaporeon
|
|upkeep
|turn|22
|
|t:|1610703799
|move|p1a: Vaporeon|Flip Turn|p2a: Lickilicky
|-damage|p2a: Lickilicky|87/100
|
|t:|1610703806
|switch|p1a: Roserade|Roserade, M|50/100|[from]move: Flip Turn
|move|p2a: Lickilicky|Body Slam|p1a: Roserade
|-damage|p1a: Roserade|0 fnt
|faint|p1a: Roserade
|
|-heal|p2a: Lickilicky|94/100|[from] item: Leftovers
|upkeep
|
|t:|1610703813
|switch|p1a: Vaporeon|Vaporeon, F|100/100
|turn|23
|
|t:|1610703819
|move|p1a: Vaporeon|Wish|p1a: Vaporeon
|move|p2a: Lickilicky|Wish|p2a: Lickilicky
|
|-heal|p2a: Lickilicky|99/100|[from] item: Leftovers
|upkeep
|turn|24
|
|t:|1610703824
|switch|p2a: Qwilfish|Qwilfish, F|40/100 par
|-ability|p2a: Qwilfish|Intimidate|boost
|-unboost|p1a: Vaporeon|atk|1
|move|p1a: Vaporeon|Flip Turn|p2a: Qwilfish
|-resisted|p2a: Qwilfish
|-damage|p2a: Qwilfish|36/100 par
|-damage|p1a: Vaporeon|84/100|[from] item: Rocky Helmet|[of] p2a: Qwilfish
|
|t:|1610703833
|switch|p1a: Palossand|Palossand, M|61/100 brn|[from]move: Flip Turn
|
|-heal|p2a: Qwilfish|99/100 par|[from] move: Wish|[wisher] Lickilicky
|-heal|p1a: Palossand|100/100 brn|[from] move: Wish|[wisher] Vaporeon
|-damage|p1a: Palossand|94/100 brn|[from] brn
|upkeep
|turn|25
|
|t:|1610703845
|switch|p2a: Ferroseed|Ferroseed, F|100/100
|move|p1a: Palossand|Stealth Rock|p2a: Ferroseed
|-sidestart|p2: pltrtothemoon|move: Stealth Rock
|
|-damage|p1a: Palossand|88/100 brn|[from] brn
|upkeep
|turn|26
|
|t:|1610703855
|switch|p1a: Aggron|Aggron, F|100/100
|move|p2a: Ferroseed|Leech Seed|p1a: Aggron
|-start|p1a: Aggron|move: Leech Seed
|
|-damage|p1a: Aggron|88/100|[from] Leech Seed|[of] p2a: Ferroseed
|upkeep
|turn|27
|
|t:|1610703863
|switch|p1a: Vaporeon|Vaporeon, F|84/100
|move|p2a: Ferroseed|Protect||[still]
|-fail|p2a: Ferroseed
|
|-heal|p1a: Vaporeon|90/100|[from] item: Leftovers
|upkeep
|turn|28
|
|t:|1610703867
|move|p1a: Vaporeon|Wish|p1a: Vaporeon
|move|p2a: Ferroseed|Stealth Rock|p1a: Vaporeon
|-sidestart|p1: GulagChampYo|move: Stealth Rock
|
|-heal|p1a: Vaporeon|96/100|[from] item: Leftovers
|upkeep
|turn|29
|
|t:|1610703873
|move|p1a: Vaporeon|Flip Turn|p2a: Ferroseed
|-resisted|p2a: Ferroseed
|-damage|p2a: Ferroseed|96/100
|-damage|p1a: Vaporeon|84/100|[from] ability: Iron Barbs|[of] p2a: Ferroseed
|
|t:|1610703877
|switch|p1a: Silvally|Silvally-Fairy|31/100|[from]move: Flip Turn
|-damage|p1a: Silvally|18/100|[from] Stealth Rock
|move|p2a: Ferroseed|Spikes|p1a: Silvally
|-sidestart|p1: GulagChampYo|Spikes
|
|-heal|p1a: Silvally|77/100|[from] move: Wish|[wisher] Vaporeon
|upkeep
|turn|30
|
|t:|1610703883
|move|p1a: Silvally|Parting Shot|p2a: Ferroseed
|-unboost|p2a: Ferroseed|atk|1
|-unboost|p2a: Ferroseed|spa|1
|
|t:|1610703890
|switch|p1a: Hitmontop|Hitmontop, M|69/100|[from]move: Parting Shot
|move|p2a: Ferroseed|Leech Seed|p1a: Hitmontop
|-start|p1a: Hitmontop|move: Leech Seed
|
|-damage|p1a: Hitmontop|57/100|[from] Leech Seed|[of] p2a: Ferroseed
|-heal|p2a: Ferroseed|100/100|[silent]
|upkeep
|turn|31
|
|t:|1610703902
|switch|p2a: Qwilfish|Qwilfish, F|99/100 par
|-damage|p2a: Qwilfish|87/100 par|[from] Stealth Rock
|-ability|p2a: Qwilfish|Intimidate|boost
|-unboost|p1a: Hitmontop|atk|1
|move|p1a: Hitmontop|Rapid Spin|p2a: Qwilfish
|-crit|p2a: Qwilfish
|-damage|p2a: Qwilfish|59/100 par
|-boost|p1a: Hitmontop|spe|1
|-damage|p1a: Hitmontop|40/100|[from] item: Rocky Helmet|[of] p2a: Qwilfish
|-end|p1a: Hitmontop|Leech Seed|[from] move: Rapid Spin|[of] p1a: Hitmontop
|-sideend|p1: GulagChampYo|Spikes|[from] move: Rapid Spin|[of] p1a: Hitmontop
|-sideend|p1: GulagChampYo|Stealth Rock|[from] move: Rapid Spin|[of] p1a: Hitmontop
|
|upkeep
|turn|32
|
|t:|1610703918
|switch|p1a: Vaporeon|Vaporeon, F|84/100
|move|p2a: Qwilfish|Toxic Spikes|p1a: Vaporeon
|-sidestart|p1: GulagChampYo|move: Toxic Spikes
|
|-heal|p1a: Vaporeon|90/100|[from] item: Leftovers
|upkeep
|turn|33
|
|t:|1610703925
|move|p1a: Vaporeon|Wish|p1a: Vaporeon
|move|p2a: Qwilfish|Spikes|p1a: Vaporeon
|-sidestart|p1: GulagChampYo|Spikes
|
|-heal|p1a: Vaporeon|96/100|[from] item: Leftovers
|upkeep
|turn|34
|
|t:|1610703929
|move|p1a: Vaporeon|Flip Turn|p2a: Qwilfish
|-resisted|p2a: Qwilfish
|-damage|p2a: Qwilfish|53/100 par
|-damage|p1a: Vaporeon|79/100|[from] item: Rocky Helmet|[of] p2a: Qwilfish
|
|t:|1610703931
|switch|p1a: Hitmontop|Hitmontop, M|40/100|[from]move: Flip Turn
|cant|p2a: Qwilfish|par
|
|-heal|p1a: Hitmontop|100/100|[from] move: Wish|[wisher] Vaporeon
|upkeep
|turn|35
|
|t:|1610703945
|move|p1a: Hitmontop|Rapid Spin|p2a: Qwilfish
|-damage|p2a: Qwilfish|35/100 par
|-boost|p1a: Hitmontop|spe|1
|-damage|p1a: Hitmontop|84/100|[from] item: Rocky Helmet|[of] p2a: Qwilfish
|-sideend|p1: GulagChampYo|Spikes|[from] move: Rapid Spin|[of] p1a: Hitmontop
|-sideend|p1: GulagChampYo|Toxic Spikes|[from] move: Rapid Spin|[of] p1a: Hitmontop
|move|p2a: Qwilfish|Poison Jab|p1a: Hitmontop
|-damage|p1a: Hitmontop|52/100
|-status|p1a: Hitmontop|psn
|
|-damage|p1a: Hitmontop|40/100 psn|[from] psn
|upkeep
|turn|36
|
|t:|1610703958
|switch|p1a: Vaporeon|Vaporeon, F|79/100
|cant|p2a: Qwilfish|par
|
|-heal|p1a: Vaporeon|85/100|[from] item: Leftovers
|upkeep
|turn|37
|
|t:|1610703962
|move|p1a: Vaporeon|Wish|p1a: Vaporeon
|move|p2a: Qwilfish|Pain Split|p1a: Vaporeon
|-sethp|p1a: Vaporeon|55/100|[from] move: Pain Split|[silent]
|-sethp|p2a: Qwilfish|76/100 par|[from] move: Pain Split
|
|-heal|p1a: Vaporeon|61/100|[from] item: Leftovers
|upkeep
|turn|38
|
|t:|1610703969
|move|p1a: Vaporeon|Flip Turn|p2a: Qwilfish
|-resisted|p2a: Qwilfish
|-damage|p2a: Qwilfish|70/100 par
|-damage|p1a: Vaporeon|45/100|[from] item: Rocky Helmet|[of] p2a: Qwilfish
|
|t:|1610703971
|switch|p1a: Hitmontop|Hitmontop, M|40/100 psn|[from]move: Flip Turn
|move|p2a: Qwilfish|Spikes|p1a: Hitmontop
|-sidestart|p1: GulagChampYo|Spikes
|
|-heal|p1a: Hitmontop|100/100 psn|[from] move: Wish|[wisher] Vaporeon
|-damage|p1a: Hitmontop|88/100 psn|[from] psn
|upkeep
|turn|39
|
|t:|1610703985
|switch|p1a: Aggron|Aggron, F|88/100
|-damage|p1a: Aggron|76/100|[from] Spikes
|move|p2a: Qwilfish|Poison Jab|p1a: Aggron
|-immune|p1a: Aggron
|
|upkeep
|turn|40
|
|t:|1610703996
|switch|p2a: Ferroseed|Ferroseed, F|100/100
|-damage|p2a: Ferroseed|94/100|[from] Stealth Rock
|move|p1a: Aggron|Power-Up Punch|p2a: Ferroseed
|-supereffective|p2a: Ferroseed
|-damage|p2a: Ferroseed|77/100
|-boost|p1a: Aggron|atk|1
|-damage|p1a: Aggron|64/100|[from] ability: Iron Barbs|[of] p2a: Ferroseed
|
|upkeep
|turn|41
|l| WellnessD
|
|t:|1610704006
|switch|p2a: Qwilfish|Qwilfish, F|70/100 par
|-damage|p2a: Qwilfish|58/100 par|[from] Stealth Rock
|-ability|p2a: Qwilfish|Intimidate|boost
|-unboost|p1a: Aggron|atk|1
|move|p1a: Aggron|Earthquake|p2a: Qwilfish
|-supereffective|p2a: Qwilfish
|-damage|p2a: Qwilfish|0 fnt
|faint|p2a: Qwilfish
|
|upkeep
|
|t:|1610704012
|switch|p2a: Claydol|Claydol|66/100
|-damage|p2a: Claydol|59/100|[from] Stealth Rock
|turn|42
|
|t:|1610704027
|switch|p1a: Vaporeon|Vaporeon, F|45/100
|-damage|p1a: Vaporeon|32/100|[from] Spikes
|move|p2a: Claydol|Earth Power|p1a: Vaporeon
|-damage|p1a: Vaporeon|19/100
|
|-heal|p2a: Claydol|66/100|[from] item: Leftovers
|-heal|p1a: Vaporeon|25/100|[from] item: Leftovers
|upkeep
|turn|43
|
|t:|1610704039
|move|p2a: Claydol|Rapid Spin|p1a: Vaporeon
|-damage|p1a: Vaporeon|18/100
|-boost|p2a: Claydol|spe|1
|-sideend|p2: pltrtothemoon|Stealth Rock|[from] move: Rapid Spin|[of] p2a: Claydol
|move|p1a: Vaporeon|Wish|p1a: Vaporeon
|
|-heal|p2a: Claydol|72/100|[from] item: Leftovers
|-heal|p1a: Vaporeon|24/100|[from] item: Leftovers
|upkeep
|turn|44
|
|t:|1610704048
|move|p1a: Vaporeon|Protect|p1a: Vaporeon
|-singleturn|p1a: Vaporeon|Protect
|move|p2a: Claydol|Stealth Rock|p1a: Vaporeon
|-sidestart|p1: GulagChampYo|move: Stealth Rock
|
|-heal|p1a: Vaporeon|74/100|[from] move: Wish|[wisher] Vaporeon
|-heal|p2a: Claydol|78/100|[from] item: Leftovers
|-heal|p1a: Vaporeon|80/100|[from] item: Leftovers
|upkeep
|turn|45
|
|t:|1610704061
|switch|p2a: Lickilicky|Lickilicky, M|99/100
|move|p1a: Vaporeon|Heal Bell|p1a: Vaporeon
|-activate|p1a: Vaporeon|move: Heal Bell
|-curestatus|p1: Palossand|brn|[msg]
|-curestatus|p1: Hitmontop|psn|[msg]
|
|-heal|p1a: Vaporeon|86/100|[from] item: Leftovers
|-heal|p2a: Lickilicky|100/100|[from] item: Leftovers
|upkeep
|turn|46
|
|t:|1610704068
|move|p1a: Vaporeon|Wish|p1a: Vaporeon
|move|p2a: Lickilicky|Body Slam|p1a: Vaporeon
|-damage|p1a: Vaporeon|57/100
|-status|p1a: Vaporeon|par
|
|-heal|p1a: Vaporeon|63/100 par|[from] item: Leftovers
|upkeep
|turn|47
|
|t:|1610704077
|move|p2a: Lickilicky|Body Slam|p1a: Vaporeon
|-damage|p1a: Vaporeon|32/100 par
|move|p1a: Vaporeon|Flip Turn|p2a: Lickilicky
|-damage|p2a: Lickilicky|88/100
|
|t:|1610704085
|switch|p1a: Hitmontop|Hitmontop, M|88/100|[from]move: Flip Turn
|
|-heal|p1a: Hitmontop|100/100|[from] move: Wish|[wisher] Vaporeon
|-heal|p2a: Lickilicky|94/100|[from] item: Leftovers
|upkeep
|turn|48
|
|t:|1610704088
|move|p1a: Hitmontop|Rapid Spin|p2a: Lickilicky
|-damage|p2a: Lickilicky|73/100
|-boost|p1a: Hitmontop|spe|1
|-sideend|p1: GulagChampYo|Spikes|[from] move: Rapid Spin|[of] p1a: Hitmontop
|-sideend|p1: GulagChampYo|Stealth Rock|[from] move: Rapid Spin|[of] p1a: Hitmontop
|move|p2a: Lickilicky|Body Slam|p1a: Hitmontop
|-damage|p1a: Hitmontop|71/100
|
|-heal|p2a: Lickilicky|79/100|[from] item: Leftovers
|upkeep
|turn|49
|
|t:|1610704098
|switch|p1a: Palossand|Palossand, M|88/100
|move|p2a: Lickilicky|Protect||[still]
|-fail|p2a: Lickilicky
|
|-heal|p2a: Lickilicky|85/100|[from] item: Leftovers
|upkeep
|turn|50
|
|t:|1610704102
|move|p2a: Lickilicky|Wish|p2a: Lickilicky
|move|p1a: Palossand|Stealth Rock|p2a: Lickilicky
|-sidestart|p2: pltrtothemoon|move: Stealth Rock
|
|-heal|p2a: Lickilicky|91/100|[from] item: Leftovers
|upkeep
|turn|51
|
|t:|1610704110
|switch|p2a: Ferroseed|Ferroseed, F|77/100
|-damage|p2a: Ferroseed|71/100|[from] Stealth Rock
|move|p1a: Palossand|Toxic|p2a: Ferroseed
|-immune|p2a: Ferroseed
|
|-heal|p2a: Ferroseed|100/100|[from] move: Wish|[wisher] Lickilicky
|upkeep
|turn|52
|
|t:|1610704120
|move|p1a: Palossand|Earth Power|p2a: Ferroseed
|-damage|p2a: Ferroseed|75/100
|move|p2a: Ferroseed|Leech Seed|p1a: Palossand
|-start|p1a: Palossand|move: Leech Seed
|
|-damage|p1a: Palossand|76/100|[from] Leech Seed|[of] p2a: Ferroseed
|-heal|p2a: Ferroseed|91/100|[silent]
|upkeep
|turn|53
|
|t:|1610704135
|switch|p1a: Hitmontop|Hitmontop, M|71/100
|move|p2a: Ferroseed|Leech Seed|p1a: Hitmontop
|-start|p1a: Hitmontop|move: Leech Seed
|
|-damage|p1a: Hitmontop|58/100|[from] Leech Seed|[of] p2a: Ferroseed
|-heal|p2a: Ferroseed|100/100|[silent]
|upkeep
|turn|54
|
|t:|1610704146
|switch|p1a: Aggron|Aggron, F|64/100
|switch|p2a: Claydol|Claydol|78/100
|-damage|p2a: Claydol|72/100|[from] Stealth Rock
|
|-heal|p2a: Claydol|78/100|[from] item: Leftovers
|upkeep
|turn|55
|
|t:|1610704159
|switch|p1a: Silvally|Silvally-Fairy|77/100
|move|p2a: Claydol|Stealth Rock|p1a: Silvally
|-sidestart|p1: GulagChampYo|move: Stealth Rock
|
|-heal|p2a: Claydol|84/100|[from] item: Leftovers
|upkeep
|turn|56
|
|t:|1610704172
|move|p1a: Silvally|Parting Shot|p2a: Claydol
|-unboost|p2a: Claydol|atk|1
|-unboost|p2a: Claydol|spa|1
|
|t:|1610704174
|switch|p1a: Hitmontop|Hitmontop, M|58/100|[from]move: Parting Shot
|move|p2a: Claydol|Rapid Spin|p1a: Hitmontop
|-damage|p1a: Hitmontop|53/100
|-boost|p2a: Claydol|spe|1
|-sideend|p2: pltrtothemoon|Stealth Rock|[from] move: Rapid Spin|[of] p2a: Claydol
|
|-heal|p2a: Claydol|90/100|[from] item: Leftovers
|upkeep
|turn|57
|
|t:|1610704178
|move|p2a: Claydol|Toxic|p1a: Hitmontop|[miss]
|-miss|p2a: Claydol|p1a: Hitmontop
|move|p1a: Hitmontop|Triple Axel|p2a: Claydol
|-supereffective|p2a: Claydol
|-damage|p2a: Claydol|69/100
|-hitcount|p2a: Claydol|1
|
|-heal|p2a: Claydol|75/100|[from] item: Leftovers
|upkeep
|turn|58
|
|t:|1610704188
|move|p2a: Claydol|Toxic|p1a: Hitmontop
|-status|p1a: Hitmontop|tox
|move|p1a: Hitmontop|Triple Axel|p2a: Claydol|[miss]
|-miss|p1a: Hitmontop|p2a: Claydol
|
|-heal|p2a: Claydol|82/100|[from] item: Leftovers
|-damage|p1a: Hitmontop|47/100 tox|[from] psn
|upkeep
|turn|59
|
|t:|1610704196
|switch|p2a: Ferroseed|Ferroseed, F|100/100
|move|p1a: Hitmontop|Rapid Spin|p2a: Ferroseed
|-resisted|p2a: Ferroseed
|-damage|p2a: Ferroseed|93/100
|-boost|p1a: Hitmontop|spe|1
|-damage|p1a: Hitmontop|34/100 tox|[from] ability: Iron Barbs|[of] p2a: Ferroseed
|-sideend|p1: GulagChampYo|Stealth Rock|[from] move: Rapid Spin|[of] p1a: Hitmontop
|
|-damage|p1a: Hitmontop|22/100 tox|[from] psn
|upkeep
|turn|60
|
|t:|1610704215
|switch|p1a: Vaporeon|Vaporeon, F|32/100 par
|move|p2a: Ferroseed|Leech Seed|p1a: Vaporeon
|-start|p1a: Vaporeon|move: Leech Seed
|
|-heal|p1a: Vaporeon|38/100 par|[from] item: Leftovers
|-damage|p1a: Vaporeon|26/100 par|[from] Leech Seed|[of] p2a: Ferroseed
|-heal|p2a: Ferroseed|100/100|[silent]
|upkeep
|turn|61
|
|t:|1610704232
|move|p1a: Vaporeon|Wish|p1a: Vaporeon
|move|p2a: Ferroseed|Spikes|p1a: Vaporeon
|-sidestart|p1: GulagChampYo|Spikes
|
|-heal|p1a: Vaporeon|32/100 par|[from] item: Leftovers
|-damage|p1a: Vaporeon|19/100 par|[from] Leech Seed|[of] p2a: Ferroseed
|upkeep
|turn|62
|
|t:|1610704247
|move|p1a: Vaporeon|Heal Bell|p1a: Vaporeon
|-activate|p1a: Vaporeon|move: Heal Bell
|-curestatus|p1a: Vaporeon|par|[msg]
|-curestatus|p1: Hitmontop|tox|[msg]
|move|p2a: Ferroseed|Stealth Rock|p1a: Vaporeon
|-sidestart|p1: GulagChampYo|move: Stealth Rock
|
|-heal|p1a: Vaporeon|69/100|[from] move: Wish|[wisher] Vaporeon
|-heal|p1a: Vaporeon|75/100|[from] item: Leftovers
|-damage|p1a: Vaporeon|63/100|[from] Leech Seed|[of] p2a: Ferroseed
|upkeep
|turn|63
|
|t:|1610704255
|switch|p2a: Lickilicky|Lickilicky, M|91/100
|move|p1a: Vaporeon|Wish|p1a: Vaporeon
|
|-heal|p1a: Vaporeon|69/100|[from] item: Leftovers
|-heal|p2a: Lickilicky|97/100|[from] item: Leftovers
|-damage|p1a: Vaporeon|57/100|[from] Leech Seed|[of] p2a: Lickilicky
|-heal|p2a: Lickilicky|100/100|[silent]
|upkeep
|turn|64
|
|t:|1610704262
|move|p1a: Vaporeon|Protect|p1a: Vaporeon
|-singleturn|p1a: Vaporeon|Protect
|move|p2a: Lickilicky|Body Slam|p1a: Vaporeon
|-activate|p1a: Vaporeon|move: Protect
|
|-heal|p1a: Vaporeon|100/100|[from] move: Wish|[wisher] Vaporeon
|-damage|p1a: Vaporeon|88/100|[from] Leech Seed|[of] p2a: Lickilicky
|upkeep
|turn|65
|
|t:|1610704271
|switch|p1a: Palossand|Palossand, M|76/100
|-damage|p1a: Palossand|70/100|[from] Stealth Rock
|-damage|p1a: Palossand|57/100|[from] Spikes
|move|p2a: Lickilicky|Body Slam|p1a: Palossand
|-immune|p1a: Palossand
|
|upkeep
|turn|66
|
|t:|1610704276
|switch|p2a: Ferroseed|Ferroseed, F|100/100
|move|p1a: Palossand|Shore Up|p1a: Palossand
|-heal|p1a: Palossand|100/100
|
|upkeep
|turn|67
|
|t:|1610704287
|move|p1a: Palossand|Stealth Rock|p2a: Ferroseed
|-sidestart|p2: pltrtothemoon|move: Stealth Rock
|move|p2a: Ferroseed|Spikes|p1a: Palossand
|-sidestart|p1: GulagChampYo|Spikes
|
|upkeep
|turn|68
|
|t:|1610704292
|move|p1a: Palossand|Earth Power|p2a: Ferroseed
|-damage|p2a: Ferroseed|75/100
|move|p2a: Ferroseed|Spikes|p1a: Palossand
|-sidestart|p1: GulagChampYo|Spikes
|
|upkeep
|turn|69
|
|t:|1610704300
|move|p1a: Palossand|Earth Power|p2a: Ferroseed
|-damage|p2a: Ferroseed|46/100
|move|p2a: Ferroseed|Leech Seed|p1a: Palossand
|-start|p1a: Palossand|move: Leech Seed
|
|-damage|p1a: Palossand|88/100|[from] Leech Seed|[of] p2a: Ferroseed
|-heal|p2a: Ferroseed|62/100|[silent]
|upkeep
|turn|70
|
|t:|1610704310
|switch|p1a: Vaporeon|Vaporeon, F|88/100
|-damage|p1a: Vaporeon|63/100|[from] Spikes
|-damage|p1a: Vaporeon|51/100|[from] Stealth Rock
|move|p2a: Ferroseed|Leech Seed|p1a: Vaporeon
|-start|p1a: Vaporeon|move: Leech Seed
|
|-heal|p1a: Vaporeon|57/100|[from] item: Leftovers
|-damage|p1a: Vaporeon|45/100|[from] Leech Seed|[of] p2a: Ferroseed
|-heal|p2a: Ferroseed|82/100|[silent]
|upkeep
|turn|71
|
|t:|1610704328
|switch|p2a: Persian|Persian-Alola, F|76/100
|-damage|p2a: Persian|64/100|[from] Stealth Rock
|move|p1a: Vaporeon|Wish|p1a: Vaporeon
|
|-heal|p1a: Vaporeon|51/100|[from] item: Leftovers
|-damage|p1a: Vaporeon|39/100|[from] Leech Seed|[of] p2a: Persian
|-heal|p2a: Persian|81/100|[silent]
|upkeep
|turn|72
|
|t:|1610704338
|move|p1a: Vaporeon|Protect|p1a: Vaporeon
|-singleturn|p1a: Vaporeon|Protect
|move|p2a: Persian|Foul Play|p1a: Vaporeon
|-activate|p1a: Vaporeon|move: Protect
|
|-heal|p1a: Vaporeon|88/100|[from] move: Wish|[wisher] Vaporeon
|-heal|p1a: Vaporeon|94/100|[from] item: Leftovers
|-damage|p1a: Vaporeon|82/100|[from] Leech Seed|[of] p2a: Persian
|-heal|p2a: Persian|98/100|[silent]
|upkeep
|turn|73
|
|t:|1610704356
|move|p2a: Persian|Taunt|p1a: Vaporeon
|-start|p1a: Vaporeon|move: Taunt
|move|p1a: Vaporeon|Flip Turn|p2a: Persian
|-damage|p2a: Persian|85/100
|-damage|p1a: Vaporeon|66/100|[from] item: Rocky Helmet|[of] p2a: Persian
|
|t:|1610704363
|switch|p1a: Silvally|Silvally-Fairy|77/100|[from]move: Flip Turn
|-damage|p1a: Silvally|64/100|[from] Stealth Rock
|-damage|p1a: Silvally|40/100|[from] Spikes
|
|upkeep
|turn|74
|
|t:|1610704371
|move|p2a: Persian|Parting Shot|p1a: Silvally
|-unboost|p1a: Silvally|atk|1
|-unboost|p1a: Silvally|spa|1
|
|t:|1610704375
|switch|p2a: Ferroseed|Ferroseed, F|82/100|[from]move: Parting Shot
|-damage|p2a: Ferroseed|75/100|[from] Stealth Rock
|move|p1a: Silvally|Parting Shot|p2a: Ferroseed
|-unboost|p2a: Ferroseed|atk|1
|-unboost|p2a: Ferroseed|spa|1
|
|t:|1610704384
|switch|p1a: Hitmontop|Hitmontop, M|22/100|[from]move: Parting Shot
|
|upkeep
|turn|75
|
|t:|1610704389
|move|p1a: Hitmontop|Rapid Spin|p2a: Ferroseed
|-resisted|p2a: Ferroseed
|-damage|p2a: Ferroseed|69/100
|-boost|p1a: Hitmontop|spe|1
|-damage|p1a: Hitmontop|9/100|[from] ability: Iron Barbs|[of] p2a: Ferroseed
|-sideend|p1: GulagChampYo|Spikes|[from] move: Rapid Spin|[of] p1a: Hitmontop
|-sideend|p1: GulagChampYo|Stealth Rock|[from] move: Rapid Spin|[of] p1a: Hitmontop
|move|p2a: Ferroseed|Leech Seed|p1a: Hitmontop
|-start|p1a: Hitmontop|move: Leech Seed
|
|-damage|p1a: Hitmontop|0 fnt|[from] Leech Seed|[of] p2a: Ferroseed
|-heal|p2a: Ferroseed|78/100|[silent]
|faint|p1a: Hitmontop
|upkeep
|
|t:|1610704399
|switch|p1a: Aggron|Aggron, F|64/100
|turn|76
|
|t:|1610704406
|switch|p2a: Claydol|Claydol|82/100
|-damage|p2a: Claydol|75/100|[from] Stealth Rock
|move|p1a: Aggron|Power-Up Punch|p2a: Claydol
|-resisted|p2a: Claydol
|-damage|p2a: Claydol|69/100
|-boost|p1a: Aggron|atk|1
|
|-heal|p2a: Claydol|75/100|[from] item: Leftovers
|upkeep
|turn|77
|
|t:|1610704410
|move|p2a: Claydol|Earth Power|p1a: Aggron
|-supereffective|p1a: Aggron
|-damage|p1a: Aggron|0 fnt
|faint|p1a: Aggron
|
|-heal|p2a: Claydol|81/100|[from] item: Leftovers
|upkeep
|c|☆pltrtothemoon|lmao next time don't say gg so early
|inactive|GulagChampYo has 120 seconds left.
|c|☆GulagChampYo|Bruh you won by luck don’t get hype
|c|☆pltrtothemoon|hahahahahahaha
|c|☆pltrtothemoon|stay salty
|c|☆GulagChampYo|Lol I’m not
|c|☆pltrtothemoon|Sure :)
|inactive|GulagChampYo has 90 seconds left.
|c|☆GulagChampYo|Your gxe is just as bad as you are
|c|☆pltrtothemoon|hahahahahaha
|inactive|GulagChampYo has 60 seconds left.
|c|☆GulagChampYo|Why would I be salty g
|c|☆pltrtothemoon|but I beat you?
|c|☆pltrtothemoon|So....
|c|☆GulagChampYo|yeh with a stall team lmao
|c|☆pltrtothemoon|I thought a masterful player like you would be able to break through it
|c|☆GulagChampYo|Pro players use stall injit
|c|☆GulagChampYo|*pro stall player
|c|☆GulagChampYo|well hard to do
|inactive|GulagChampYo has 30 seconds left.
|inactive|GulagChampYo has 20 seconds left.
|inactive|GulagChampYo has 15 seconds left.
|c|☆GulagChampYo|Your a stall player
|inactive|GulagChampYo has 10 seconds left.
|c|☆pltrtothemoon|you're*
|c|☆GulagChampYo|and you lost sab so early lmao
|inactive|GulagChampYo has 5 seconds left.
|c|☆GulagChampYo|so bad g
|c|☆pltrtothemoon|learn basic grammar
|-message|GulagChampYo lost due to inactivity.
|
|win|pltrtothemoon
|raw|GulagChampYo's rating: 1514 &rarr; <strong>1496</strong><br />(-18 for losing)
|raw|pltrtothemoon's rating: 1556 &rarr; <strong>1574</strong><br />(+18 for winning)
|c|☆pltrtothemoon|gg ez
|l|☆GulagChampYo
