|j|☆Frogforfun
|j|☆EtymonLegomenon
|t:|1635376183
|gametype|singles
|player|p1|Frogforfun|volkner|1463
|player|p2|EtymonLegomenon|juan-gen3|1393
|teamsize|p1|6
|teamsize|p2|6
|gen|8
|tier|[Gen 8] PU
|rated|
|rule|Sleep Clause Mod: Limit one foe put to sleep
|rule|Species Clause: Limit one of each Pokémon
|rule|OHKO Clause: OHKO moves are banned
|rule|Evasion Moves Clause: Evasion moves are banned
|rule|Endless Battle Clause: Forcing endless battles is banned
|rule|HP Percentage Mod: HP is shown in percentages
|rule|Dynamax Clause: You cannot dynamax
|clearpoke
|poke|p1|Charizard, F|
|poke|p1|Liepard, M|
|poke|p1|Uxie|
|poke|p1|Shiftry, F|
|poke|p1|Exeggutor, F|
|poke|p1|Leafeon, M|
|poke|p2|Ribombee, F|
|poke|p2|Jellicent, M|
|poke|p2|Tsareena, F|
|poke|p2|Gigalith, M|
|poke|p2|Cinccino, M|
|poke|p2|Charizard, M|
|teampreview
|c|☆EtymonLegomenon|you
|
|t:|1635376211
|start
|switch|p1a: Charizard|Charizard, F|100/100
|switch|p2a: Cincinnatus|Cinccino, M|100/100
|turn|1
|inactive|Battle timer is ON: inactive players will automatically lose when time's up. (requested by Frogforfun)
|
|t:|1635376246
|switch|p1a: Uxie|Uxie|100/100
|move|p2a: Cincinnatus|Tail Slap|p1a: Uxie
|-damage|p1a: Uxie|90/100
|-damage|p1a: Uxie|81/100
|-damage|p1a: Uxie|72/100
|-damage|p1a: Uxie|63/100
|-damage|p1a: Uxie|53/100
|-hitcount|p1a: Uxie|5
|
|upkeep
|turn|2
|
|t:|1635376267
|move|p2a: Cincinnatus|Tail Slap|p1a: Uxie
|-damage|p1a: Uxie|44/100
|-damage|p1a: Uxie|35/100
|-damage|p1a: Uxie|26/100
|-damage|p1a: Uxie|17/100
|-damage|p1a: Uxie|7/100
|-hitcount|p1a: Uxie|5
|move|p1a: Uxie|Sunny Day|p1a: Uxie
|-weather|SunnyDay
|
|-weather|SunnyDay|[upkeep]
|upkeep
|turn|3
|
|t:|1635376292
|move|p2a: Cincinnatus|Tail Slap|p1a: Uxie
|-crit|p1a: Uxie
|-damage|p1a: Uxie|0 fnt
|faint|p1a: Uxie
|-hitcount|p1: Uxie|1
|
|-weather|SunnyDay|[upkeep]
|upkeep
|
|t:|1635376301
|switch|p1a: Charizard|Charizard, F|100/100
|turn|4
|
|t:|1635376307
|switch|p2a: Laging hit|Gigalith, M|100/100
|-weather|Sandstorm|[from] ability: Sand Stream|[of] p2a: Laging hit
|move|p1a: Charizard|Focus Blast|p2a: Laging hit|[miss]
|-miss|p1a: Charizard|p2a: Laging hit
|
|-weather|Sandstorm|[upkeep]
|-damage|p1a: Charizard|94/100|[from] Sandstorm
|upkeep
|turn|5
|
|t:|1635376317
|switch|p2a: Pringler|Jellicent, M|100/100
|move|p1a: Charizard|Focus Blast|p2a: Pringler
|-immune|p2a: Pringler
|
|-weather|Sandstorm|[upkeep]
|-damage|p1a: Charizard|88/100|[from] Sandstorm
|-damage|p2a: Pringler|94/100|[from] Sandstorm
|upkeep
|turn|6
|
|t:|1635376321
|switch|p1a: Shiftry|Shiftry, F|100/100
|move|p2a: Pringler|Trick|p1a: Shiftry
|-activate|p2a: Pringler|move: Trick|[of] p1a: Shiftry
|-item|p1a: Shiftry|Choice Specs|[from] move: Trick
|-item|p2a: Pringler|Life Orb|[from] move: Trick
|
|-weather|Sandstorm|[upkeep]
|-damage|p1a: Shiftry|94/100|[from] Sandstorm
|-damage|p2a: Pringler|88/100|[from] Sandstorm
|upkeep
|turn|7
|
|t:|1635376336
|switch|p2a: Ribombee|Ribombee, F|100/100
|move|p1a: Shiftry|Knock Off|p2a: Ribombee
|-resisted|p2a: Ribombee
|-damage|p2a: Ribombee|61/100
|-enditem|p2a: Ribombee|Heavy-Duty Boots|[from] move: Knock Off|[of] p1a: Shiftry
|
|-weather|Sandstorm|[upkeep]
|-damage|p2a: Ribombee|54/100|[from] Sandstorm
|-damage|p1a: Shiftry|88/100|[from] Sandstorm
|upkeep
|turn|8
|
|t:|1635376342
|switch|p1a: Charizard|Charizard, F|88/100
|move|p2a: Ribombee|Sticky Web|p1a: Charizard
|-sidestart|p1: Frogforfun|move: Sticky Web
|
|-weather|none
|upkeep
|turn|9
|
|t:|1635376351
|move|p2a: Ribombee|U-turn|p1a: Charizard
|-resisted|p1a: Charizard
|-damage|p1a: Charizard|83/100
|
|t:|1635376357
|switch|p2a: Pringler|Jellicent, M|88/100|[from]move: U-turn
|move|p1a: Charizard|Fire Blast|p2a: Pringler
|-resisted|p2a: Pringler
|-damage|p2a: Pringler|52/100
|-start|p1a: Charizard|Disable|Fire Blast|[from] ability: Cursed Body|[of] p2a: Pringler
|
|upkeep
|turn|10
|
|t:|1635376361
|switch|p1a: Shiftry|Shiftry, F|88/100
|-activate|p1a: Shiftry|move: Sticky Web
|-unboost|p1a: Shiftry|spe|1
|move|p2a: Pringler|Hydro Pump|p1a: Shiftry
|-resisted|p1a: Shiftry
|-damage|p1a: Shiftry|42/100
|-damage|p2a: Pringler|42/100|[from] item: Life Orb
|
|upkeep
|turn|11
|
|t:|1635376378
|switch|p2a: Ribombee|Ribombee, F|54/100
|move|p1a: Shiftry|Defog|p2a: Ribombee
|-unboost|p2a: Ribombee|evasion|1
|-sideend|p1: Frogforfun|Sticky Web|[from] move: Defog|[of] p1a: Shiftry
|
|upkeep
|turn|12
|
|t:|1635376381
|switch|p1a: Charizard|Charizard, F|83/100
|move|p2a: Ribombee|Moonblast|p1a: Charizard
|-resisted|p1a: Charizard
|-damage|p1a: Charizard|59/100
|
|upkeep
|turn|13
|
|t:|1635376402
|move|p2a: Ribombee|U-turn|p1a: Charizard
|-resisted|p1a: Charizard
|-damage|p1a: Charizard|55/100
|
|t:|1635376408
|switch|p2a: Laging hit|Gigalith, M|100/100|[from]move: U-turn
|-weather|Sandstorm|[from] ability: Sand Stream|[of] p2a: Laging hit
|move|p1a: Charizard|Fire Blast|p2a: Laging hit
|-resisted|p2a: Laging hit
|-damage|p2a: Laging hit|80/100
|
|-weather|Sandstorm|[upkeep]
|-damage|p1a: Charizard|49/100|[from] Sandstorm
|-heal|p2a: Laging hit|86/100|[from] item: Leftovers
|upkeep
|turn|14
|
|t:|1635376416
|switch|p1a: Leafeon|Leafeon, M|100/100
|move|p2a: Laging hit|Stealth Rock|p1a: Leafeon
|-sidestart|p1: Frogforfun|move: Stealth Rock
|
|-weather|Sandstorm|[upkeep]
|-damage|p1a: Leafeon|95/100|[from] Sandstorm
|-heal|p2a: Laging hit|92/100|[from] item: Leftovers
|upkeep
|turn|15
|
|t:|1635376424
|switch|p2a: Charizard|Charizard, M|100/100
|move|p1a: Leafeon|Bullet Seed|p2a: Charizard
|-resisted|p2a: Charizard
|-damage|p2a: Charizard|93/100
|-resisted|p2a: Charizard
|-damage|p2a: Charizard|87/100
|-hitcount|p2a: Charizard|2
|
|-weather|Sandstorm|[upkeep]
|-damage|p2a: Charizard|81/100|[from] Sandstorm
|-damage|p1a: Leafeon|89/100|[from] Sandstorm
|upkeep
|turn|16
|-message|Frogforfun forfeited.
|
|win|EtymonLegomenon
|raw|Frogforfun's rating: 1463 &rarr; <strong>1439</strong><br />(-24 for losing)
|raw|EtymonLegomenon's rating: 1393 &rarr; <strong>1417</strong><br />(+24 for winning)
|l|☆Frogforfun
|c|☆EtymonLegomenon|gg
||Ladder isn't responding, score probably updated but might not have (Request timeout).
