|j|☆shalutianwang
|j|☆kacj2
|t:|1639282594
|gametype|singles
|player|p1|shalutianwang|pokemaniac|1316
|player|p2|kacj2|swimmer|1249
|teamsize|p1|6
|teamsize|p2|6
|gen|8
|tier|[Gen 8] PU
|rated|
|rule|Sleep Clause Mod: Limit one foe put to sleep
|rule|Species Clause: Limit one of each Pokémon
|rule|OHKO Clause: OHKO moves are banned
|rule|Evasion Moves Clause: Evasion moves are banned
|rule|Endless Battle Clause: Forcing endless battles is banned
|rule|HP Percentage Mod: HP is shown in percentages
|rule|Dynamax Clause: You cannot dynamax
|clearpoke
|poke|p1|Vikavolt, F|
|poke|p1|Carracosta, M|
|poke|p1|Scrafty, F|
|poke|p1|Silvally-*|
|poke|p1|Cinccino, M|
|poke|p1|Claydol|
|poke|p2|Lickilicky, F|
|poke|p2|Lycanroc-Midnight, F|
|poke|p2|Sawk, M|
|poke|p2|Gallade, M|
|poke|p2|Tsareena, F|
|poke|p2|Accelgor, F|
|teampreview
|inactive|Battle timer is ON: inactive players will automatically lose when time's up. (requested by kacj2)
|
|t:|1639282614
|start
|switch|p1a: 仰泳信爷爷|Vikavolt, F|100/100
|switch|p2a: Lycanroc|Lycanroc-Midnight, F|100/100
|turn|1
|
|t:|1639282620
|switch|p1a: 艺术就是爆炸轰|Claydol|100/100
|move|p2a: Lycanroc|Stone Edge|p1a: 艺术就是爆炸轰
|-resisted|p1a: 艺术就是爆炸轰
|-damage|p1a: 艺术就是爆炸轰|77/100
|
|upkeep
|turn|2
|
|t:|1639282649
|switch|p2a: Tsareena|Tsareena, F|100/100
|move|p1a: 艺术就是爆炸轰|Stealth Rock|p2a: Tsareena
|-sidestart|p2: kacj2|move: Stealth Rock
|
|upkeep
|turn|3
|
|t:|1639282657
|move|p1a: 艺术就是爆炸轰|Explosion|p2a: Tsareena
|-damage|p2a: Tsareena|56/100
|faint|p1a: 艺术就是爆炸轰
|move|p2a: Tsareena|Rapid Spin|p1: 艺术就是爆炸轰|[notarget]
|-fail|p2a: Tsareena
|
|upkeep
|
|t:|1639282662
|switch|p1a: 如果我是Dj你会爱我吗|Silvally-Ghost|100/100
|turn|4
|
|t:|1639282668
|move|p1a: 如果我是Dj你会爱我吗|Flame Charge|p2a: Tsareena
|-supereffective|p2a: Tsareena
|-damage|p2a: Tsareena|30/100
|-boost|p1a: 如果我是Dj你会爱我吗|spe|1
|move|p2a: Tsareena|Power Whip|p1a: 如果我是Dj你会爱我吗
|-damage|p1a: 如果我是Dj你会爱我吗|34/100
|
|upkeep
|turn|5
|
|t:|1639282677
|move|p1a: 如果我是Dj你会爱我吗|Multi-Attack|p2a: Tsareena
|-damage|p2a: Tsareena|0 fnt
|faint|p2a: Tsareena
|
|upkeep
|
|t:|1639282684
|switch|p2a: Lycanroc|Lycanroc-Midnight, F|100/100
|-damage|p2a: Lycanroc|88/100|[from] Stealth Rock
|turn|6
|
|t:|1639282689
|move|p2a: Lycanroc|Sucker Punch|p1a: 如果我是Dj你会爱我吗
|-supereffective|p1a: 如果我是Dj你会爱我吗
|-damage|p1a: 如果我是Dj你会爱我吗|0 fnt
|faint|p1a: 如果我是Dj你会爱我吗
|
|upkeep
|
|t:|1639282692
|switch|p1a: 见谁灭谁橙冠蜥|Scrafty, F|100/100
|turn|7
|
|t:|1639282701
|switch|p2a: Sawk|Sawk, M|100/100
|-damage|p2a: Sawk|94/100|[from] Stealth Rock
|move|p1a: 见谁灭谁橙冠蜥|Dragon Dance|p1a: 见谁灭谁橙冠蜥
|-boost|p1a: 见谁灭谁橙冠蜥|atk|1
|-boost|p1a: 见谁灭谁橙冠蜥|spe|1
|
|upkeep
|turn|8
|
|t:|1639282708
|move|p2a: Sawk|Close Combat|p1a: 见谁灭谁橙冠蜥
|-supereffective|p1a: 见谁灭谁橙冠蜥
|-damage|p1a: 见谁灭谁橙冠蜥|0 fnt
|-unboost|p2a: Sawk|def|1
|-unboost|p2a: Sawk|spd|1
|faint|p1a: 见谁灭谁橙冠蜥
|
|upkeep
|
|t:|1639282716
|switch|p1a: 你的背包 对我成重的负担|Carracosta, M|100/100
|turn|9
|
|t:|1639282720
|move|p2a: Sawk|Close Combat|p1a: 你的背包 对我成重的负担
|-supereffective|p1a: 你的背包 对我成重的负担
|-damage|p1a: 你的背包 对我成重的负担|10/100
|-unboost|p2a: Sawk|def|1
|-unboost|p2a: Sawk|spd|1
|-enditem|p1a: 你的背包 对我成重的负担|Weakness Policy
|-boost|p1a: 你的背包 对我成重的负担|atk|2|[from] item: Weakness Policy
|-boost|p1a: 你的背包 对我成重的负担|spa|2|[from] item: Weakness Policy
|move|p1a: 你的背包 对我成重的负担|Shell Smash|p1a: 你的背包 对我成重的负担
|-unboost|p1a: 你的背包 对我成重的负担|def|1
|-unboost|p1a: 你的背包 对我成重的负担|spd|1
|-boost|p1a: 你的背包 对我成重的负担|atk|2
|-boost|p1a: 你的背包 对我成重的负担|spa|2
|-boost|p1a: 你的背包 对我成重的负担|spe|2
|
|upkeep
|turn|10
|
|t:|1639282732
|move|p1a: 你的背包 对我成重的负担|Aqua Jet|p2a: Sawk
|-damage|p2a: Sawk|0 fnt
|faint|p2a: Sawk
|
|upkeep
|
|t:|1639282737
|switch|p2a: Lycanroc|Lycanroc-Midnight, F|88/100
|-damage|p2a: Lycanroc|75/100|[from] Stealth Rock
|turn|11
|
|t:|1639282741
|move|p2a: Lycanroc|Sucker Punch|p1a: 你的背包 对我成重的负担
|-damage|p1a: 你的背包 对我成重的负担|0 fnt
|faint|p1a: 你的背包 对我成重的负担
|
|upkeep
|
|t:|1639282749
|switch|p1a: 仰泳信爷爷|Vikavolt, F|100/100
|turn|12
|
|t:|1639282756
|switch|p2a: Gallade|Gallade, M|100/100
|-damage|p2a: Gallade|94/100|[from] Stealth Rock
|move|p1a: 仰泳信爷爷|Sticky Web|p2a: Gallade
|-sidestart|p2: kacj2|move: Sticky Web
|
|upkeep
|turn|13
|
|t:|1639282765
|move|p2a: Gallade|Zen Headbutt|p1a: 仰泳信爷爷
|-crit|p1a: 仰泳信爷爷
|-damage|p1a: 仰泳信爷爷|0 fnt
|faint|p1a: 仰泳信爷爷
|
|upkeep
|
|t:|1639282768
|switch|p1a: 我好美呀呀呀呀呀呀|Cinccino, M|100/100
|turn|14
|
|t:|1639282773
|move|p1a: 我好美呀呀呀呀呀呀|Tail Slap|p2a: Gallade
|-damage|p2a: Gallade|69/100
|-damage|p2a: Gallade|45/100
|-damage|p2a: Gallade|21/100
|-damage|p2a: Gallade|0 fnt
|faint|p2a: Gallade
|-hitcount|p2: Gallade|4
|-damage|p1a: 我好美呀呀呀呀呀呀|91/100|[from] item: Life Orb
|
|upkeep
|
|t:|1639282782
|switch|p2a: Lycanroc|Lycanroc-Midnight, F|75/100
|-activate|p2a: Lycanroc|move: Sticky Web
|-unboost|p2a: Lycanroc|spe|1
|-damage|p2a: Lycanroc|63/100|[from] Stealth Rock
|turn|15
|
|t:|1639282788
|move|p2a: Lycanroc|Sucker Punch|p1a: 我好美呀呀呀呀呀呀
|-damage|p1a: 我好美呀呀呀呀呀呀|53/100
|move|p1a: 我好美呀呀呀呀呀呀|Bullet Seed|p2a: Lycanroc
|-supereffective|p2a: Lycanroc
|-damage|p2a: Lycanroc|39/100
|-supereffective|p2a: Lycanroc
|-damage|p2a: Lycanroc|15/100
|-supereffective|p2a: Lycanroc
|-damage|p2a: Lycanroc|0 fnt
|faint|p2a: Lycanroc
|-hitcount|p2: Lycanroc|3
|-damage|p1a: 我好美呀呀呀呀呀呀|43/100|[from] item: Life Orb
|
|upkeep
|
|t:|1639282799
|switch|p2a: Accelgor|Accelgor, F|100/100
|-damage|p2a: Accelgor|76/100|[from] Stealth Rock
|-activate|p2a: Accelgor|move: Sticky Web
|-unboost|p2a: Accelgor|spe|1
|turn|16
|
|t:|1639282805
|move|p1a: 我好美呀呀呀呀呀呀|Rock Blast|p2a: Accelgor
|-supereffective|p2a: Accelgor
|-damage|p2a: Accelgor|37/100
|-supereffective|p2a: Accelgor
|-damage|p2a: Accelgor|0 fnt
|faint|p2a: Accelgor
|-hitcount|p2: Accelgor|2
|-damage|p1a: 我好美呀呀呀呀呀呀|33/100|[from] item: Life Orb
|
|upkeep
|
|t:|1639282813
|switch|p2a: Lickilicky|Lickilicky, F|100/100
|-activate|p2a: Lickilicky|move: Sticky Web
|-unboost|p2a: Lickilicky|spe|1
|-damage|p2a: Lickilicky|88/100|[from] Stealth Rock
|-ability|p2a: Lickilicky|Cloud Nine
|turn|17
|
|t:|1639282820
|move|p1a: 我好美呀呀呀呀呀呀|Tail Slap|p2a: Lickilicky
|-damage|p2a: Lickilicky|78/100
|-damage|p2a: Lickilicky|67/100
|-damage|p2a: Lickilicky|56/100
|-damage|p2a: Lickilicky|44/100
|-enditem|p2a: Lickilicky|Sitrus Berry|[eat]
|-heal|p2a: Lickilicky|69/100|[from] item: Sitrus Berry
|-damage|p2a: Lickilicky|59/100
|-hitcount|p2a: Lickilicky|5
|-damage|p1a: 我好美呀呀呀呀呀呀|23/100|[from] item: Life Orb
|move|p2a: Lickilicky|Body Slam|p1a: 我好美呀呀呀呀呀呀
|-damage|p1a: 我好美呀呀呀呀呀呀|0 fnt
|faint|p1a: 我好美呀呀呀呀呀呀
|
|win|kacj2
|raw|shalutianwang's rating: 1329 &rarr; <strong>1304</strong><br />(-25 for losing)
|raw|kacj2's rating: 1249 &rarr; <strong>1280</strong><br />(+31 for winning)
|l|☆shalutianwang
