|j|☆realaccountami?
|j|☆BiscotteKouloulou
|t:|1664716098
|gametype|singles
|player|p1|realaccountami?|emma|
|player|p2|BiscotteKouloulou|unknown|
|teamsize|p1|6
|teamsize|p2|6
|gen|8
|tier|[Gen 8] PU
|rule|Sleep Clause Mod: Limit one foe put to sleep
|rule|Species Clause: Limit one of each Pokémon
|rule|OHKO Clause: OHKO moves are banned
|rule|Evasion Items Clause: Evasion items are banned
|rule|Evasion Moves Clause: Evasion moves are banned
|rule|Endless Battle Clause: Forcing endless battles is banned
|rule|HP Percentage Mod: HP is shown in percentages
|rule|Dynamax Clause: You cannot dynamax
|clearpoke
|poke|p1|Jellicent, M|
|poke|p1|Hattrem, F|
|poke|p1|Togedemaru, F|
|poke|p1|Whimsicott, F|
|poke|p1|Regirock|
|poke|p1|Charizard, F|
|poke|p2|Gallade, M|
|poke|p2|Charizard, F|
|poke|p2|Silvally-*|
|poke|p2|Ferroseed, F|
|poke|p2|Gigalith, M|
|poke|p2|Ribombee, F|
|teampreview
|inactive|Battle timer is ON: inactive players will automatically lose when time's up. (requested by realaccountami?)
|c|☆BiscotteKouloulou|Can you register the battle im in my phone i cant
|c|☆realaccountami?|ok
|inactive|realaccountami? has 270 seconds left.
|c|☆realaccountami?|https://replay.pokemonshowdown.com/gen8pu-1675709891
|c|☆realaccountami?|thats game 1
|
|t:|1664716142
|start
|switch|p1a: Regirock|Regirock|100/100
|switch|p2a: Gallade|Gallade, M|100/100
|turn|1
|
|t:|1664716160
|move|p2a: Gallade|Close Combat|p1a: Regirock
|-supereffective|p1a: Regirock
|-damage|p1a: Regirock|38/100
|-unboost|p2a: Gallade|def|1
|-unboost|p2a: Gallade|spd|1
|move|p1a: Regirock|Stealth Rock|p2a: Gallade
|-sidestart|p2: BiscotteKouloulou|move: Stealth Rock
|
|-heal|p1a: Regirock|44/100|[from] item: Leftovers
|upkeep
|turn|2
|
|t:|1664716168
|move|p2a: Gallade|Close Combat|p1a: Regirock
|-supereffective|p1a: Regirock
|-damage|p1a: Regirock|0 fnt
|-unboost|p2a: Gallade|def|1
|-unboost|p2a: Gallade|spd|1
|faint|p1a: Regirock
|
|upkeep
|
|t:|1664716178
|switch|p1a: Jellicent|Jellicent, M|100/100
|turn|3
|
|t:|1664716189
|switch|p2a: Ferroseed|Ferroseed, F|100/100
|-damage|p2a: Ferroseed|94/100|[from] Stealth Rock
|move|p1a: Jellicent|Water Spout|p2a: Ferroseed
|-resisted|p2a: Ferroseed
|-damage|p2a: Ferroseed|57/100
|
|upkeep
|turn|4
|inactive|realaccountami? has 270 seconds left.
|
|t:|1664716228
|move|p1a: Jellicent|Water Spout|p2a: Ferroseed
|-resisted|p2a: Ferroseed
|-damage|p2a: Ferroseed|20/100
|move|p2a: Ferroseed|Knock Off|p1a: Jellicent
|-supereffective|p1a: Jellicent
|-damage|p1a: Jellicent|64/100
|-enditem|p1a: Jellicent|Choice Specs|[from] move: Knock Off|[of] p2a: Ferroseed
|
|upkeep
|turn|5
|inactive|realaccountami? has 270 seconds left.
|
|t:|1664716243
|move|p1a: Jellicent|Shadow Ball|p2a: Ferroseed
|-damage|p2a: Ferroseed|0 fnt
|faint|p2a: Ferroseed
|
|upkeep
|
|t:|1664716248
|switch|p2a: Silvally|Silvally-Grass|100/100
|-damage|p2a: Silvally|88/100|[from] Stealth Rock
|turn|6
|
|t:|1664716260
|move|p2a: Silvally|Multi-Attack|p1a: Jellicent
|-supereffective|p1a: Jellicent
|-damage|p1a: Jellicent|0 fnt
|faint|p1a: Jellicent
|
|upkeep
|
|t:|1664716270
|switch|p1a: Charizard|Charizard, F|100/100
|turn|7
|
|t:|1664716274
|switch|p2a: Gigalith|Gigalith, M|100/100
|-damage|p2a: Gigalith|88/100|[from] Stealth Rock
|-weather|Sandstorm|[from] ability: Sand Stream|[of] p2a: Gigalith
|move|p1a: Charizard|Flamethrower|p2a: Gigalith
|-resisted|p2a: Gigalith
|-damage|p2a: Gigalith|78/100
|
|-weather|Sandstorm|[upkeep]
|-damage|p1a: Charizard|94/100|[from] Sandstorm
|-heal|p2a: Gigalith|84/100|[from] item: Leftovers
|upkeep
|turn|8
|
|t:|1664716296
|switch|p1a: Whimsicott|Whimsicott, F|100/100
|move|p2a: Gigalith|Rock Blast|p1a: Whimsicott
|-damage|p1a: Whimsicott|82/100
|-damage|p1a: Whimsicott|66/100
|-damage|p1a: Whimsicott|47/100
|-damage|p1a: Whimsicott|28/100
|-damage|p1a: Whimsicott|12/100
|-hitcount|p1a: Whimsicott|5
|
|-weather|Sandstorm|[upkeep]
|-damage|p1a: Whimsicott|6/100|[from] Sandstorm
|-heal|p2a: Gigalith|90/100|[from] item: Leftovers
|upkeep
|turn|9
|
|t:|1664716311
|move|p2a: Gigalith|Protect|p2a: Gigalith
|-singleturn|p2a: Gigalith|Protect
|move|p1a: Whimsicott|Giga Drain|p2a: Gigalith
|-activate|p2a: Gigalith|move: Protect
|
|-weather|Sandstorm|[upkeep]
|-damage|p1a: Whimsicott|0 fnt|[from] Sandstorm
|faint|p1a: Whimsicott
|-heal|p2a: Gigalith|96/100|[from] item: Leftovers
|upkeep
|
|t:|1664716318
|switch|p1a: Togedemaru|Togedemaru, F|100/100
|turn|10
|l|☆BiscotteKouloulou
|inactive|BiscotteKouloulou disconnected and has 300 seconds to reconnect!
|player|p2|
|c|☆realaccountami?|dang i didnt consider protect
|c|☆realaccountami?|nice tech
|c|☆realaccountami?|oh
|inactiveoff|Battle timer is now OFF.
|j|☆BiscotteKouloulou
|player|p2|BiscotteKouloulou|unknown
|
|t:|1664716357
|switch|p2a: Silvally|Silvally-Grass|88/100
|-damage|p2a: Silvally|76/100|[from] Stealth Rock
|move|p1a: Togedemaru|Iron Head|p2a: Silvally
|-damage|p2a: Silvally|47/100
|
|-weather|Sandstorm|[upkeep]
|-damage|p2a: Silvally|41/100|[from] Sandstorm
|upkeep
|turn|11
|
|t:|1664716368
|move|p2a: Silvally|Flame Charge|p1a: Togedemaru
|-supereffective|p1a: Togedemaru
|-damage|p1a: Togedemaru|60/100
|-boost|p2a: Silvally|spe|1
|move|p1a: Togedemaru|U-turn|p2a: Silvally
|-supereffective|p2a: Silvally
|-damage|p2a: Silvally|8/100
|
|t:|1664716380
|switch|p1a: Charizard|Charizard, F|94/100|[from]move: U-turn
|
|-weather|none
|upkeep
|turn|12
|
|t:|1664716390
|move|p2a: Silvally|Rock Slide|p1a: Charizard
|-supereffective|p1a: Charizard
|-damage|p1a: Charizard|0 fnt
|faint|p1a: Charizard
|
|upkeep
|
|t:|1664716395
|switch|p1a: Togedemaru|Togedemaru, F|60/100
|turn|13
|
|t:|1664716399
|move|p1a: Togedemaru|Spiky Shield|p1a: Togedemaru
|-singleturn|p1a: Togedemaru|move: Protect
|move|p2a: Silvally|Multi-Attack|p1a: Togedemaru
|-activate|p1a: Togedemaru|move: Protect
|-damage|p2a: Silvally|0 fnt|[from] Spiky Shield|[of] p1a: Togedemaru
|faint|p2a: Silvally
|
|-heal|p1a: Togedemaru|66/100|[from] item: Leftovers
|upkeep
|
|t:|1664716405
|switch|p2a: Charizard|Charizard, F|100/100
|turn|14
|
|t:|1664716412
|move|p2a: Charizard|Flamethrower|p1a: Togedemaru
|-supereffective|p1a: Togedemaru
|-damage|p1a: Togedemaru|8/100
|move|p1a: Togedemaru|Iron Head|p2a: Charizard
|-resisted|p2a: Charizard
|-damage|p2a: Charizard|86/100
|
|-heal|p1a: Togedemaru|14/100|[from] item: Leftovers
|upkeep
|turn|15
|
|t:|1664716415
|move|p1a: Togedemaru|Spiky Shield|p1a: Togedemaru
|-singleturn|p1a: Togedemaru|move: Protect
|move|p2a: Charizard|Flamethrower|p1a: Togedemaru
|-activate|p1a: Togedemaru|move: Protect
|
|-heal|p1a: Togedemaru|20/100|[from] item: Leftovers
|upkeep
|turn|16
|
|t:|1664716420
|move|p2a: Charizard|Flamethrower|p1a: Togedemaru
|-supereffective|p1a: Togedemaru
|-damage|p1a: Togedemaru|0 fnt
|faint|p1a: Togedemaru
|
|upkeep
|
|t:|1664716422
|switch|p1a: Hattrem|Hattrem, F|100/100
|turn|17
|
|t:|1664716426
|move|p2a: Charizard|Flamethrower|p1a: Hattrem
|-damage|p1a: Hattrem|70/100
|move|p1a: Hattrem|Psychic|p2a: Charizard
|-damage|p2a: Charizard|55/100
|
|upkeep
|turn|18
|
|t:|1664716431
|move|p2a: Charizard|Flamethrower|p1a: Hattrem
|-damage|p1a: Hattrem|42/100
|move|p1a: Hattrem|Psychic|p2a: Charizard
|-damage|p2a: Charizard|28/100
|
|upkeep
|turn|19
|
|t:|1664716434
|move|p2a: Charizard|Flamethrower|p1a: Hattrem
|-damage|p1a: Hattrem|0 fnt
|faint|p1a: Hattrem
|
|win|BiscotteKouloulou
|c|☆realaccountami?|ggs
|c|☆realaccountami?|gl in rest
