|j|☆Steven Davis
|j|☆Uberfiend
|t:|1614971627
|player|p1|Steven Davis|steven|1541
|player|p2|Uberfiend|pokefan-gen4|1261
|teamsize|p1|6
|teamsize|p2|6
|gametype|singles
|gen|8
|tier|[Gen 8] PU
|rated|
|clearpoke
|poke|p1|Toxicroak, M|
|poke|p1|Weezing, M|
|poke|p1|Exeggutor-Alola, M|
|poke|p1|Sandaconda, F|
|poke|p1|Mesprit|
|poke|p1|Silvally-*|
|poke|p2|Mesprit|
|poke|p2|Froslass, F|
|poke|p2|Magmortar, F|
|poke|p2|Braviary, M|
|poke|p2|Morpeko, F|
|poke|p2|Virizion|
|rule|Sleep Clause Mod: Limit one foe put to sleep
|rule|Species Clause: Limit one of each Pokémon
|rule|OHKO Clause: OHKO moves are banned
|rule|Evasion Moves Clause: Evasion moves are banned
|rule|Endless Battle Clause: Forcing endless battles is banned
|rule|HP Percentage Mod: HP is shown in percentages
|rule|Dynamax Clause: You cannot dynamax
|teampreview
|
|t:|1614971640
|start
|switch|p1a: Silvally|Silvally-Steel|100/100
|switch|p2a: Braviary|Braviary, M|100/100
|turn|1
|
|t:|1614971646
|switch|p1a: Weezing|Weezing, M|100/100
|move|p2a: Braviary|Close Combat|p1a: Weezing
|-resisted|p1a: Weezing
|-crit|p1a: Weezing
|-damage|p1a: Weezing|69/100
|-unboost|p2a: Braviary|def|1
|-unboost|p2a: Braviary|spd|1
|-damage|p2a: Braviary|91/100|[from] item: Life Orb
|
|-heal|p1a: Weezing|75/100|[from] item: Black Sludge
|upkeep
|turn|2
|
|t:|1614971654
|move|p2a: Braviary|Brave Bird|p1a: Weezing
|-damage|p1a: Weezing|17/100
|-damage|p2a: Braviary|75/100|[from] Recoil
|-damage|p2a: Braviary|65/100|[from] item: Life Orb
|move|p1a: Weezing|Toxic Spikes|p2a: Braviary
|-sidestart|p2: Uberfiend|move: Toxic Spikes
|
|-heal|p1a: Weezing|23/100|[from] item: Black Sludge
|upkeep
|turn|3
|inactive|Battle timer is ON: inactive players will automatically lose when time's up. (requested by Uberfiend)
|
|t:|1614971730
|move|p2a: Braviary|Brave Bird|p1a: Weezing
|-damage|p1a: Weezing|0 fnt
|-damage|p2a: Braviary|59/100|[from] Recoil
|-damage|p2a: Braviary|49/100|[from] item: Life Orb
|faint|p1a: Weezing
|
|upkeep
|
|t:|1614971733
|switch|p1a: Toxicroak|Toxicroak, M, shiny|100/100
|turn|4
|
|t:|1614971738
|switch|p2a: Mesprit|Mesprit|100/100
|move|p1a: Toxicroak|Drain Punch|p2a: Mesprit
|-resisted|p2a: Mesprit
|-damage|p2a: Mesprit|81/100
|-damage|p1a: Toxicroak|91/100|[from] item: Life Orb
|
|upkeep
|turn|5
|
|t:|1614971748
|switch|p1a: Silvally|Silvally-Steel|100/100
|move|p2a: Mesprit|Psychic|p1a: Silvally
|-resisted|p1a: Silvally
|-damage|p1a: Silvally|84/100
|
|upkeep
|turn|6
|
|t:|1614971753
|move|p1a: Silvally|Parting Shot|p2a: Mesprit
|-unboost|p2a: Mesprit|atk|1
|-unboost|p2a: Mesprit|spa|1
|
|t:|1614971758
|switch|p1a: Mesprit|Mesprit|100/100|[from]move: Parting Shot
|move|p2a: Mesprit|Thunder|p1a: Mesprit|[miss]
|-miss|p2a: Mesprit|p1a: Mesprit
|
|upkeep
|turn|7
|
|t:|1614971778
|move|p1a: Mesprit|U-turn|p2a: Mesprit
|-supereffective|p2a: Mesprit
|-damage|p2a: Mesprit|52/100
|
|t:|1614971781
|switch|p1a: Silvally|Silvally-Steel|84/100|[from]move: U-turn
|move|p2a: Mesprit|Thunder|p1a: Silvally
|-damage|p1a: Silvally|65/100
|
|upkeep
|turn|8
|
|t:|1614971788
|move|p1a: Silvally|Multi-Attack|p2a: Mesprit
|-damage|p2a: Mesprit|12/100
|move|p2a: Mesprit|Thunder|p1a: Silvally|[miss]
|-miss|p2a: Mesprit|p1a: Silvally
|
|upkeep
|turn|9
|
|t:|1614971793
|move|p1a: Silvally|Multi-Attack|p2a: Mesprit
|-damage|p2a: Mesprit|0 fnt
|faint|p2a: Mesprit
|
|upkeep
|
|t:|1614971795
|switch|p2a: Braviary|Braviary, M|49/100
|turn|10
|
|t:|1614971801
|move|p1a: Silvally|Multi-Attack|p2a: Braviary
|-damage|p2a: Braviary|7/100
|move|p2a: Braviary|Defog|p1a: Silvally
|-unboost|p1a: Silvally|evasion|1
|-sideend|p2: Uberfiend|Toxic Spikes|[from] move: Defog|[of] p2a: Braviary
|
|upkeep
|turn|11
|
|t:|1614971810
|switch|p2a: Magmortar|Magmortar, F|100/100
|move|p1a: Silvally|Multi-Attack|p2a: Magmortar
|-resisted|p2a: Magmortar
|-damage|p2a: Magmortar|69/100
|
|upkeep
|turn|12
|
|t:|1614971821
|move|p1a: Silvally|Parting Shot|p2a: Magmortar
|-unboost|p2a: Magmortar|atk|1
|-unboost|p2a: Magmortar|spa|1
|
|t:|1614971834
|switch|p1a: Mesprit|Mesprit|100/100|[from]move: Parting Shot
|move|p2a: Magmortar|Overheat|p1a: Mesprit
|-damage|p1a: Mesprit|23/100
|-unboost|p2a: Magmortar|spa|2
|
|upkeep
|turn|13
|
|t:|1614971845
|move|p1a: Mesprit|U-turn|p2a: Magmortar
|-resisted|p2a: Magmortar
|-damage|p2a: Magmortar|56/100
|
|t:|1614971848
|switch|p1a: Sandaconda|Sandaconda, F|100/100|[from]move: U-turn
|move|p2a: Magmortar|Overheat|p1a: Sandaconda
|-damage|p1a: Sandaconda|50/100
|-unboost|p2a: Magmortar|spa|2
|
|upkeep
|turn|14
|
|t:|1614971860
|switch|p2a: Virizion|Virizion|100/100
|move|p1a: Sandaconda|Stealth Rock|p2a: Virizion
|-sidestart|p2: Uberfiend|move: Stealth Rock
|
|upkeep
|turn|15
|
|t:|1614971868
|switch|p1a: Mesprit|Mesprit|23/100
|move|p2a: Virizion|Leaf Storm|p1a: Mesprit
|-damage|p1a: Mesprit|0 fnt
|-unboost|p2a: Virizion|spa|2
|-damage|p2a: Virizion|91/100|[from] item: Life Orb
|faint|p1a: Mesprit
|
|upkeep
|inactive|Steven Davis has 120 seconds left.
|
|t:|1614971900
|switch|p1a: Toxicroak|Toxicroak, M, shiny|91/100
|turn|16
|
|t:|1614971907
|move|p2a: Virizion|Air Slash|p1a: Toxicroak
|-supereffective|p1a: Toxicroak
|-damage|p1a: Toxicroak|51/100
|-damage|p2a: Virizion|81/100|[from] item: Life Orb
|move|p1a: Toxicroak|Swords Dance|p1a: Toxicroak
|-boost|p1a: Toxicroak|atk|2
|
|upkeep
|turn|17
|
|t:|1614971913
|move|p2a: Virizion|Air Slash|p1a: Toxicroak
|-supereffective|p1a: Toxicroak
|-crit|p1a: Toxicroak
|-damage|p1a: Toxicroak|0 fnt
|-damage|p2a: Virizion|71/100|[from] item: Life Orb
|faint|p1a: Toxicroak
|
|upkeep
|
|t:|1614971920
|switch|p1a: Silvally|Silvally-Steel|65/100
|turn|18
|
|t:|1614971927
|move|p2a: Virizion|Close Combat|p1a: Silvally
|-supereffective|p1a: Silvally
|-damage|p1a: Silvally|0 fnt
|-unboost|p2a: Virizion|def|1
|-unboost|p2a: Virizion|spd|1
|-damage|p2a: Virizion|61/100|[from] item: Life Orb
|faint|p1a: Silvally
|
|upkeep
|
|t:|1614971931
|switch|p1a: Exeggutor|Exeggutor-Alola, M, shiny|100/100
|-item|p2a: Virizion|Life Orb|[from] ability: Frisk|[of] p1a: Exeggutor|[identify]
|turn|19
|
|t:|1614971939
|move|p2a: Virizion|Air Slash|p1a: Exeggutor
|-supereffective|p1a: Exeggutor
|-damage|p1a: Exeggutor|72/100
|-damage|p2a: Virizion|51/100|[from] item: Life Orb
|move|p1a: Exeggutor|Giga Drain|p2a: Virizion
|-resisted|p2a: Virizion
|-damage|p2a: Virizion|12/100
|-heal|p1a: Exeggutor|91/100|[from] drain|[of] p2a: Virizion
|
|upkeep
|turn|20
|
|t:|1614971947
|switch|p2a: Braviary|Braviary, M|7/100
|-damage|p2a: Braviary|0 fnt|[from] Stealth Rock
|faint|p2a: Braviary
|move|p1a: Exeggutor|Giga Drain|p2: Braviary|[notarget]
|-fail|p1a: Exeggutor
|
|upkeep
|
|t:|1614971962
|switch|p2a: Froslass|Froslass, F|100/100
|-damage|p2a: Froslass|76/100|[from] Stealth Rock
|turn|21
|
|t:|1614971969
|move|p2a: Froslass|Icicle Crash|p1a: Exeggutor
|-supereffective|p1a: Exeggutor
|-damage|p1a: Exeggutor|0 fnt
|faint|p1a: Exeggutor
|
|upkeep
|-message|Steven Davis forfeited.
|l|☆Steven Davis
|inactive|Steven Davis disconnected and has a minute to reconnect!
|player|p1|
|
|win|Uberfiend
||Ladder (probably) updated, but score could not be retrieved (Request timeout).
