|j|☆JoJo Reference #11
|j|☆Jacobnaut
|t:|1666835797
|gametype|singles
|player|p1|JoJo Reference #11|2|1300
|player|p2|Jacobnaut|lance|1163
|teamsize|p1|6
|teamsize|p2|6
|gen|8
|tier|[Gen 8] PU
|rated|
|rule|Sleep Clause Mod: Limit one foe put to sleep
|rule|Species Clause: Limit one of each Pokémon
|rule|OHKO Clause: OHKO moves are banned
|rule|Evasion Items Clause: Evasion items are banned
|rule|Evasion Moves Clause: Evasion moves are banned
|rule|Endless Battle Clause: Forcing endless battles is banned
|rule|HP Percentage Mod: HP is shown in percentages
|rule|Dynamax Clause: You cannot dynamax
|clearpoke
|poke|p1|Duosion, M|
|poke|p1|Silvally-*|
|poke|p1|Bouffalant, F|
|poke|p1|Garbodor, M|
|poke|p1|Doublade, F|
|poke|p1|Mesprit|
|poke|p2|Scrafty, F|
|poke|p2|Galvantula, M|
|poke|p2|Comfey, F|
|poke|p2|Charizard, F|
|poke|p2|Leafeon, F|
|poke|p2|Whimsicott, F|
|teampreview
|inactive|Battle timer is ON: inactive players will automatically lose when time's up. (requested by JoJo Reference #11)
|
|t:|1666835834
|start
|switch|p1a: Garbodor|Garbodor, M|100/100
|switch|p2a: Whimsicott|Whimsicott, F|100/100
|turn|1
|
|t:|1666835839
|move|p2a: Whimsicott|Taunt|p1a: Garbodor
|-start|p1a: Garbodor|move: Taunt
|cant|p1a: Garbodor|move: Taunt|Toxic Spikes
|
|upkeep
|turn|2
|
|t:|1666835850
|move|p2a: Whimsicott|Sunny Day|p2a: Whimsicott
|-weather|SunnyDay
|move|p1a: Garbodor|Gunk Shot|p2a: Whimsicott
|-supereffective|p2a: Whimsicott
|-damage|p2a: Whimsicott|0 fnt
|faint|p2a: Whimsicott
|
|-weather|SunnyDay|[upkeep]
|upkeep
|
|t:|1666835867
|switch|p2a: Charizard|Charizard, F|100/100
|turn|3
|
|t:|1666835891
|switch|p1a: Duosion|Duosion, M|100/100
|move|p2a: Charizard|Fire Blast|p1a: Duosion
|-damage|p1a: Duosion|0 fnt
|faint|p1a: Duosion
|
|-weather|SunnyDay|[upkeep]
|-damage|p2a: Charizard|88/100|[from] ability: Solar Power|[of] p2a: Charizard
|upkeep
|
|t:|1666835893
|switch|p1a: Mesprit|Mesprit|100/100
|turn|4
|
|t:|1666835907
|move|p2a: Charizard|Fire Blast|p1a: Mesprit
|-enditem|p1a: Mesprit|Focus Sash
|-damage|p1a: Mesprit|1/100
|-status|p1a: Mesprit|brn
|move|p1a: Mesprit|Knock Off|p2a: Charizard
|-damage|p2a: Charizard|67/100
|-enditem|p2a: Charizard|Heavy-Duty Boots|[from] move: Knock Off|[of] p1a: Mesprit
|
|-weather|SunnyDay|[upkeep]
|-damage|p2a: Charizard|54/100|[from] ability: Solar Power|[of] p2a: Charizard
|-damage|p1a: Mesprit|0 fnt|[from] brn
|faint|p1a: Mesprit
|upkeep
|
|t:|1666835919
|switch|p1a: Bouffalant|Bouffalant, F|100/100
|turn|5
|
|t:|1666835931
|move|p2a: Charizard|Focus Blast|p1a: Bouffalant
|-supereffective|p1a: Bouffalant
|-damage|p1a: Bouffalant|1/100
|move|p1a: Bouffalant|Body Slam|p2a: Charizard
|-damage|p2a: Charizard|7/100
|
|-weather|SunnyDay|[upkeep]
|-damage|p2a: Charizard|0 fnt|[from] ability: Solar Power|[of] p2a: Charizard
|faint|p2a: Charizard
|-heal|p1a: Bouffalant|7/100|[from] item: Leftovers
|upkeep
|j| Kython
|
|t:|1666835948
|switch|p2a: Galvantula|Galvantula, M|100/100
|turn|6
|
|t:|1666835966
|move|p2a: Galvantula|Sticky Web|p1a: Bouffalant
|-sidestart|p1: JoJo Reference #11|move: Sticky Web
|move|p1a: Bouffalant|Body Slam|p2a: Galvantula
|-damage|p2a: Galvantula|46/100
|
|-weather|SunnyDay|[upkeep]
|-heal|p1a: Bouffalant|14/100|[from] item: Leftovers
|upkeep
|turn|7
|
|t:|1666835972
|move|p2a: Galvantula|Volt Switch|p1a: Bouffalant
|-damage|p1a: Bouffalant|0 fnt
|faint|p1a: Bouffalant
|
|t:|1666835977
|switch|p2a: Leafeon|Leafeon, F|100/100|[from]move: Volt Switch
|
|-weather|SunnyDay|[upkeep]
|upkeep
|
|t:|1666835980
|switch|p1a: Garbodor|Garbodor, M|100/100
|-activate|p1a: Garbodor|move: Sticky Web
|-unboost|p1a: Garbodor|spe|1
|turn|8
|
|t:|1666835999
|move|p2a: Leafeon|Knock Off|p1a: Garbodor
|-damage|p1a: Garbodor|69/100
|-enditem|p1a: Garbodor|Normal Gem|[from] move: Knock Off|[of] p2a: Leafeon
|move|p1a: Garbodor|Gunk Shot|p2a: Leafeon
|-supereffective|p2a: Leafeon
|-damage|p2a: Leafeon|8/100
|
|-weather|SunnyDay|[upkeep]
|upkeep
|turn|9
|
|t:|1666836016
|move|p2a: Leafeon|Solar Blade||[still]
|-prepare|p2a: Leafeon|Solar Blade
|-anim|p2a: Leafeon|Solar Blade|p1a: Garbodor
|-resisted|p1a: Garbodor
|-damage|p1a: Garbodor|34/100
|move|p1a: Garbodor|Toxic Spikes|p2a: Leafeon
|-sidestart|p2: Jacobnaut|move: Toxic Spikes
|
|-weather|none
|upkeep
|turn|10
|
|t:|1666836026
|move|p2a: Leafeon|Leaf Blade|p1a: Garbodor
|-resisted|p1a: Garbodor
|-damage|p1a: Garbodor|9/100
|move|p1a: Garbodor|Toxic Spikes|p2a: Leafeon
|-sidestart|p2: Jacobnaut|move: Toxic Spikes
|
|upkeep
|turn|11
|
|t:|1666836034
|move|p2a: Leafeon|Knock Off|p1a: Garbodor
|-damage|p1a: Garbodor|0 fnt
|-damage|p2a: Leafeon|0 fnt|[from] ability: Aftermath|[of] p1a: Garbodor
|faint|p1a: Garbodor
|faint|p2a: Leafeon
|
|upkeep
|
|t:|1666836046
|switch|p2a: Galvantula|Galvantula, M|46/100
|switch|p1a: Doublade|Doublade, F|100/100
|-status|p2a: Galvantula|tox
|-activate|p1a: Doublade|move: Sticky Web
|-unboost|p1a: Doublade|spe|1
|turn|12
|inactive|Jacobnaut has 120 seconds left.
|inactive|Jacobnaut has 90 seconds left.
|
|t:|1666836103
|move|p2a: Galvantula|Thunder Wave|p1a: Doublade
|-status|p1a: Doublade|par
|move|p1a: Doublade|Close Combat|p2a: Galvantula
|-resisted|p2a: Galvantula
|-damage|p2a: Galvantula|9/100 tox
|-unboost|p1a: Doublade|def|1
|-unboost|p1a: Doublade|spd|1
|
|-damage|p2a: Galvantula|3/100 tox|[from] psn
|upkeep
|turn|13
|inactive|Jacobnaut has 90 seconds left.
|inactive|JoJo Reference #11 has 120 seconds left.
|inactive|JoJo Reference #11 has 90 seconds left.
|
|t:|1666836182
|move|p1a: Doublade|Shadow Sneak|p2a: Galvantula
|-damage|p2a: Galvantula|0 fnt
|faint|p2a: Galvantula
|
|upkeep
|
|t:|1666836190
|switch|p2a: Scrafty|Scrafty, F|100/100
|-status|p2a: Scrafty|tox
|turn|14
|inactive|Jacobnaut has 90 seconds left.
|
|t:|1666836201
|switch|p1a: Silvally|Silvally-Fairy|100/100
|-activate|p1a: Silvally|move: Sticky Web
|-unboost|p1a: Silvally|spe|1
|move|p2a: Scrafty|Knock Off|p1a: Silvally
|-resisted|p1a: Silvally
|-damage|p1a: Silvally|86/100
|
|-damage|p2a: Scrafty|95/100 tox|[from] psn
|upkeep
|turn|15
|inactive|Jacobnaut has 90 seconds left.
|
|t:|1666836210
|switch|p2a: Comfey|Comfey, F|100/100
|-status|p2a: Comfey|tox
|move|p1a: Silvally|Multi-Attack|p2a: Comfey
|-damage|p2a: Comfey|26/100 tox
|
|-damage|p2a: Comfey|20/100 tox|[from] psn
|upkeep
|turn|16
|
|t:|1666836219
|switch|p1a: Doublade|Doublade, F|100/100 par
|-activate|p1a: Doublade|move: Sticky Web
|-unboost|p1a: Doublade|spe|1
|move|p2a: Comfey|Giga Drain|p1a: Doublade
|-resisted|p1a: Doublade
|-damage|p1a: Doublade|86/100 par
|-heal|p2a: Comfey|30/100 tox|[from] drain|[of] p1a: Doublade
|-damage|p2a: Comfey|20/100 tox|[from] item: Life Orb
|
|-damage|p2a: Comfey|7/100 tox|[from] psn
|upkeep
|turn|17
|
|t:|1666836224
|move|p1a: Doublade|Shadow Sneak|p2a: Comfey
|-damage|p2a: Comfey|0 fnt
|faint|p2a: Comfey
|
|upkeep
|
|t:|1666836227
|switch|p2a: Scrafty|Scrafty, F|95/100 tox
|turn|18
|-message|Jacobnaut forfeited.
|
|win|JoJo Reference #11
|raw|JoJo Reference #11's rating: 1300 &rarr; <strong>1316</strong><br />(+16 for winning)
|raw|Jacobnaut's rating: 1163 &rarr; <strong>1147</strong><br />(-16 for losing)
|l|☆Jacobnaut
