|raw|<div class="broadcast-blue"><strong>This battle is required to be public due to a player having a name starting with 'pult4c1'.</div>
|j|☆pult4c1 skelly
|j|☆PULT4C1 Haffling
|t:|1660831329
|gametype|singles
|player|p1|pult4c1 skelly|bugsy|1650
|player|p2|PULT4C1 Haffling|cyrus|1496
|teamsize|p1|6
|teamsize|p2|6
|gen|8
|tier|[Gen 8] PU
|rated|
|rule|Sleep Clause Mod: Limit one foe put to sleep
|rule|Species Clause: Limit one of each Pokémon
|rule|OHKO Clause: OHKO moves are banned
|rule|Evasion Items Clause: Evasion items are banned
|rule|Evasion Moves Clause: Evasion moves are banned
|rule|Endless Battle Clause: Forcing endless battles is banned
|rule|HP Percentage Mod: HP is shown in percentages
|rule|Dynamax Clause: You cannot dynamax
|clearpoke
|poke|p1|Avalugg, F|
|poke|p1|Corsola-Galar, F|
|poke|p1|Quagsire, M|
|poke|p1|Audino, F|
|poke|p1|Charizard, M|
|poke|p1|Weezing, F|
|poke|p2|Sneasel, M|
|poke|p2|Palossand, M|
|poke|p2|Lanturn, F|
|poke|p2|Weezing, F|
|poke|p2|Eldegoss, M|
|poke|p2|Scyther, F|
|teampreview
|
|t:|1660831346
|start
|switch|p1a: Corsola|Corsola-Galar, F|100/100
|switch|p2a: Sneasel|Sneasel, M|100/100
|turn|1
|
|t:|1660831354
|switch|p1a: Avalugg|Avalugg, F|100/100
|move|p2a: Sneasel|Knock Off|p1a: Avalugg
|-damage|p1a: Avalugg|78/100
|-enditem|p1a: Avalugg|Heavy-Duty Boots|[from] move: Knock Off|[of] p2a: Sneasel
|
|upkeep
|turn|2
|
|t:|1660831363
|switch|p2a: Weezing|Weezing, F|100/100
|-ability|p2a: Weezing|Neutralizing Gas
|move|p1a: Avalugg|Toxic|p2a: Weezing
|-immune|p2a: Weezing
|
|upkeep
|turn|3
|
|t:|1660831369
|switch|p1a: Corsola|Corsola-Galar, F|100/100
|move|p2a: Weezing|Sludge Bomb|p1a: Corsola
|-resisted|p1a: Corsola
|-damage|p1a: Corsola|92/100
|
|upkeep
|turn|4
|
|t:|1660831373
|move|p2a: Weezing|Toxic Spikes|p1a: Corsola
|-sidestart|p1: pult4c1 skelly|move: Toxic Spikes
|move|p1a: Corsola|Stealth Rock|p2a: Weezing
|-sidestart|p2: PULT4C1 Haffling|move: Stealth Rock
|
|upkeep
|turn|5
|
|t:|1660831382
|move|p2a: Weezing|Toxic Spikes|p1a: Corsola
|-sidestart|p1: pult4c1 skelly|move: Toxic Spikes
|move|p1a: Corsola|Night Shade|p2a: Weezing
|-damage|p2a: Weezing|71/100
|
|-heal|p2a: Weezing|77/100|[from] item: Black Sludge
|upkeep
|turn|6
|
|t:|1660831391
|-end|p2a: Weezing|ability: Neutralizing Gas
|switch|p2a: Eldegoss|Eldegoss, M|100/100
|switch|p1a: Weezing|Weezing, F|100/100
|-ability|p1a: Weezing|Neutralizing Gas
|-sideend|p1: pult4c1 skelly|move: Toxic Spikes|[of] p1a: Weezing
|
|upkeep
|turn|7
|
|t:|1660831401
|move|p1a: Weezing|Sludge Bomb|p2a: Eldegoss
|-supereffective|p2a: Eldegoss
|-damage|p2a: Eldegoss|50/100
|move|p2a: Eldegoss|Leech Seed|p1a: Weezing
|-start|p1a: Weezing|move: Leech Seed
|
|-damage|p1a: Weezing|88/100|[from] Leech Seed|[of] p2a: Eldegoss
|-heal|p2a: Eldegoss|63/100|[silent]
|upkeep
|turn|8
|
|t:|1660831406
|-end|p1a: Weezing|ability: Neutralizing Gas
|switch|p1a: Corsola|Corsola-Galar, F|92/100
|switch|p2a: Palossand|Palossand, M|100/100
|-damage|p2a: Palossand|94/100|[from] Stealth Rock
|
|upkeep
|turn|9
|
|t:|1660831413
|switch|p1a: Audino|Audino, F|100/100
|move|p2a: Palossand|Stealth Rock|p1a: Audino
|-sidestart|p1: pult4c1 skelly|move: Stealth Rock
|
|upkeep
|turn|10
|
|t:|1660831418
|switch|p2a: Eldegoss|Eldegoss, M|96/100
|move|p1a: Audino|Knock Off|p2a: Eldegoss
|-damage|p2a: Eldegoss|83/100
|-enditem|p2a: Eldegoss|Heavy-Duty Boots|[from] move: Knock Off|[of] p1a: Audino
|
|upkeep
|turn|11
|
|t:|1660831427
|switch|p1a: Charizard|Charizard, M|100/100
|move|p2a: Eldegoss|Leech Seed|p1a: Charizard
|-start|p1a: Charizard|move: Leech Seed
|
|-damage|p1a: Charizard|88/100|[from] Leech Seed|[of] p2a: Eldegoss
|-heal|p2a: Eldegoss|95/100|[silent]
|upkeep
|turn|12
|
|t:|1660831435
|switch|p2a: Lanturn|Lanturn, F|100/100
|-damage|p2a: Lanturn|88/100|[from] Stealth Rock
|move|p1a: Charizard|Toxic|p2a: Lanturn|[miss]
|-miss|p1a: Charizard|p2a: Lanturn
|
|-heal|p2a: Lanturn|94/100|[from] item: Leftovers
|-damage|p1a: Charizard|76/100|[from] Leech Seed|[of] p2a: Lanturn
|-heal|p2a: Lanturn|100/100|[silent]
|upkeep
|turn|13
|j| seeplay
|
|t:|1660831445
|switch|p1a: Audino|Audino, F|100/100
|move|p2a: Lanturn|Volt Switch|p1a: Audino
|-damage|p1a: Audino|87/100
|
|t:|1660831451
|switch|p2a: Sneasel|Sneasel, M|100/100|[from]move: Volt Switch
|-damage|p2a: Sneasel|76/100|[from] Stealth Rock
|
|upkeep
|turn|14
|
|t:|1660831458
|move|p1a: Audino|Protect|p1a: Audino
|-singleturn|p1a: Audino|Protect
|move|p2a: Sneasel|Knock Off|p1a: Audino
|-activate|p1a: Audino|move: Protect
|
|upkeep
|turn|15
|
|t:|1660831464
|switch|p1a: Avalugg|Avalugg, F|78/100
|-damage|p1a: Avalugg|53/100|[from] Stealth Rock
|move|p2a: Sneasel|Knock Off|p1a: Avalugg
|-damage|p1a: Avalugg|38/100
|
|upkeep
|turn|16
|
|t:|1660831467
|switch|p2a: Palossand|Palossand, M|94/100
|-damage|p2a: Palossand|88/100|[from] Stealth Rock
|move|p1a: Avalugg|Recover|p1a: Avalugg
|-heal|p1a: Avalugg|88/100
|
|upkeep
|turn|17
|
|t:|1660831475
|switch|p1a: Audino|Audino, F|100/100
|move|p2a: Palossand|Scorching Sands|p1a: Audino
|-damage|p1a: Audino|86/100
|
|upkeep
|turn|18
|
|t:|1660831479
|switch|p2a: Weezing|Weezing, F|77/100
|-ability|p2a: Weezing|Neutralizing Gas
|-damage|p2a: Weezing|64/100|[from] Stealth Rock
|move|p1a: Audino|Knock Off|p2a: Weezing
|-damage|p2a: Weezing|55/100
|-enditem|p2a: Weezing|Black Sludge|[from] move: Knock Off|[of] p1a: Audino
|
|upkeep
|turn|19
|
|t:|1660831493
|switch|p1a: Weezing|Weezing, F|88/100
|-ability|p1a: Weezing|Neutralizing Gas
|-damage|p1a: Weezing|76/100|[from] Stealth Rock
|move|p2a: Weezing|Pain Split|p1a: Weezing
|-sethp|p1a: Weezing|65/100|[from] move: Pain Split|[silent]
|-sethp|p2a: Weezing|65/100|[from] move: Pain Split
|
|-heal|p1a: Weezing|71/100|[from] item: Black Sludge
|upkeep
|turn|20
|
|t:|1660831500
|move|p1a: Weezing|Toxic Spikes|p2a: Weezing
|-sidestart|p2: PULT4C1 Haffling|move: Toxic Spikes
|move|p2a: Weezing|Toxic Spikes|p1a: Weezing
|-sidestart|p1: pult4c1 skelly|move: Toxic Spikes
|
|-heal|p1a: Weezing|77/100|[from] item: Black Sludge
|upkeep
|turn|21
|
|t:|1660831506
|move|p1a: Weezing|Sludge Bomb|p2a: Weezing
|-resisted|p2a: Weezing
|-damage|p2a: Weezing|45/100
|move|p2a: Weezing|Flamethrower|p1a: Weezing
|-damage|p1a: Weezing|51/100
|
|-heal|p1a: Weezing|57/100|[from] item: Black Sludge
|upkeep
|turn|22
|
|t:|1660831512
|move|p1a: Weezing|Will-O-Wisp|p2a: Weezing
|-status|p2a: Weezing|brn
|move|p2a: Weezing|Pain Split|p1a: Weezing
|-sethp|p1a: Weezing|51/100|[from] move: Pain Split|[silent]
|-sethp|p2a: Weezing|51/100 brn|[from] move: Pain Split
|
|-heal|p1a: Weezing|57/100|[from] item: Black Sludge
|-damage|p2a: Weezing|45/100 brn|[from] brn
|upkeep
|turn|23
|
|t:|1660831520
|switch|p2a: Eldegoss|Eldegoss, M|100/100
|-damage|p2a: Eldegoss|88/100|[from] Stealth Rock
|-status|p2a: Eldegoss|psn
|move|p1a: Weezing|Sludge Bomb|p2a: Eldegoss
|-supereffective|p2a: Eldegoss
|-damage|p2a: Eldegoss|36/100 psn
|
|-heal|p1a: Weezing|63/100|[from] item: Black Sludge
|-damage|p2a: Eldegoss|23/100 psn|[from] psn
|upkeep
|turn|24
|
|t:|1660831526
|switch|p2a: Scyther|Scyther, F|100/100
|move|p1a: Weezing|Sludge Bomb|p2a: Scyther
|-damage|p2a: Scyther|57/100
|-status|p2a: Scyther|psn
|
|-heal|p1a: Weezing|69/100|[from] item: Black Sludge
|-damage|p2a: Scyther|45/100 psn|[from] psn
|upkeep
|turn|25
|
|t:|1660831531
|move|p2a: Scyther|Dual Wingbeat|p1a: Weezing
|-damage|p1a: Weezing|57/100
|-damage|p1a: Weezing|45/100
|-hitcount|p1a: Weezing|2
|move|p1a: Weezing|Sludge Bomb|p2a: Scyther
|-damage|p2a: Scyther|4/100 psn
|
|-heal|p1a: Weezing|51/100|[from] item: Black Sludge
|-damage|p2a: Scyther|0 fnt|[from] psn
|faint|p2a: Scyther
|upkeep
|
|t:|1660831536
|switch|p2a: Palossand|Palossand, M|88/100
|-damage|p2a: Palossand|82/100|[from] Stealth Rock
|-status|p2a: Palossand|psn
|turn|26
|
|t:|1660831544
|-end|p1a: Weezing|ability: Neutralizing Gas
|switch|p1a: Audino|Audino, F|86/100
|move|p2a: Palossand|Scorching Sands|p1a: Audino
|-damage|p1a: Audino|70/100
|
|-damage|p2a: Palossand|70/100 psn|[from] psn
|upkeep
|turn|27
|
|t:|1660831549
|move|p1a: Audino|Wish|p1a: Audino
|move|p2a: Palossand|Scorching Sands|p1a: Audino
|-damage|p1a: Audino|55/100
|-status|p1a: Audino|brn
|
|-damage|p2a: Palossand|57/100 psn|[from] psn
|-damage|p1a: Audino|49/100 brn|[from] brn
|upkeep
|turn|28
|c|☆PULT4C1 Haffling|rip getting bad mus is not it
|
|t:|1660831567
|move|p1a: Audino|Knock Off|p2a: Palossand
|-supereffective|p2a: Palossand
|-enditem|p2a: Palossand|Colbur Berry|[eat]
|-enditem|p2a: Palossand|Colbur Berry|[weaken]
|-damage|p2a: Palossand|53/100 psn
|move|p2a: Palossand|Shore Up|p2a: Palossand
|-heal|p2a: Palossand|100/100 psn
|
|-heal|p1a: Audino|99/100 brn|[from] move: Wish|[wisher] Audino
|-damage|p2a: Palossand|88/100 psn|[from] psn
|-damage|p1a: Audino|92/100 brn|[from] brn
|upkeep
|turn|29
|
|t:|1660831574
|switch|p2a: Eldegoss|Eldegoss, M|23/100 psn
|-damage|p2a: Eldegoss|11/100 psn|[from] Stealth Rock
|move|p1a: Audino|Knock Off|p2a: Eldegoss
|-damage|p2a: Eldegoss|7/100 psn
|
|-damage|p2a: Eldegoss|0 fnt|[from] psn
|faint|p2a: Eldegoss
|-damage|p1a: Audino|86/100 brn|[from] brn
|upkeep
|
|t:|1660831577
|switch|p2a: Sneasel|Sneasel, M|76/100
|-damage|p2a: Sneasel|51/100|[from] Stealth Rock
|-status|p2a: Sneasel|psn
|turn|30
|
|t:|1660831583
|move|p1a: Audino|Protect|p1a: Audino
|-singleturn|p1a: Audino|Protect
|move|p2a: Sneasel|Knock Off|p1a: Audino
|-activate|p1a: Audino|move: Protect
|
|-damage|p2a: Sneasel|39/100 psn|[from] psn
|-damage|p1a: Audino|80/100 brn|[from] brn
|upkeep
|turn|31
|
|t:|1660831593
|switch|p1a: Weezing|Weezing, F|51/100
|-ability|p1a: Weezing|Neutralizing Gas
|-damage|p1a: Weezing|39/100|[from] Stealth Rock
|-sideend|p1: pult4c1 skelly|move: Toxic Spikes|[of] p1a: Weezing
|move|p2a: Sneasel|Knock Off|p1a: Weezing
|-damage|p1a: Weezing|0 fnt
|-enditem|p1a: Weezing|Black Sludge|[from] move: Knock Off|[of] p2a: Sneasel
|faint|p1a: Weezing
|-end|p1a: Weezing|ability: Neutralizing Gas
|
|-damage|p2a: Sneasel|26/100 psn|[from] psn
|upkeep
|
|t:|1660831602
|switch|p1a: Avalugg|Avalugg, F|88/100
|-damage|p1a: Avalugg|63/100|[from] Stealth Rock
|turn|32
|
|t:|1660831605
|switch|p2a: Palossand|Palossand, M|88/100 psn
|-damage|p2a: Palossand|82/100 psn|[from] Stealth Rock
|move|p1a: Avalugg|Recover|p1a: Avalugg
|-heal|p1a: Avalugg|100/100
|
|-damage|p2a: Palossand|70/100 psn|[from] psn
|upkeep
|turn|33
|
|t:|1660831609
|switch|p1a: Audino|Audino, F|100/100 brn
|move|p2a: Palossand|Scorching Sands|p1a: Audino
|-damage|p1a: Audino|83/100 brn
|
|-damage|p2a: Palossand|57/100 psn|[from] psn
|-damage|p1a: Audino|77/100 brn|[from] brn
|upkeep
|turn|34
|
|t:|1660831615
|move|p1a: Audino|Knock Off|p2a: Palossand
|-supereffective|p2a: Palossand
|-damage|p2a: Palossand|51/100 psn
|move|p2a: Palossand|Shore Up|p2a: Palossand
|-heal|p2a: Palossand|100/100 psn
|
|-damage|p2a: Palossand|88/100 psn|[from] psn
|-damage|p1a: Audino|71/100 brn|[from] brn
|upkeep
|turn|35
|
|t:|1660831617
|switch|p2a: Weezing|Weezing, F|45/100 brn
|-ability|p2a: Weezing|Neutralizing Gas
|-damage|p2a: Weezing|33/100 brn|[from] Stealth Rock
|-sideend|p2: PULT4C1 Haffling|move: Toxic Spikes|[of] p2a: Weezing
|move|p1a: Audino|Knock Off|p2a: Weezing
|-damage|p2a: Weezing|30/100 brn
|
|-damage|p2a: Weezing|24/100 brn|[from] brn
|-damage|p1a: Audino|65/100 brn|[from] brn
|upkeep
|turn|36
|
|t:|1660831623
|switch|p1a: Corsola|Corsola-Galar, F|92/100
|-damage|p1a: Corsola|80/100|[from] Stealth Rock
|move|p2a: Weezing|Toxic Spikes|p1a: Corsola
|-sidestart|p1: pult4c1 skelly|move: Toxic Spikes
|
|-damage|p2a: Weezing|18/100 brn|[from] brn
|upkeep
|turn|37
|
|t:|1660831627
|move|p2a: Weezing|Pain Split|p1a: Corsola
|-sethp|p1a: Corsola|49/100|[from] move: Pain Split|[silent]
|-sethp|p2a: Weezing|48/100 brn|[from] move: Pain Split
|move|p1a: Corsola|Night Shade|p2a: Weezing
|-damage|p2a: Weezing|18/100 brn
|
|-damage|p2a: Weezing|12/100 brn|[from] brn
|upkeep
|turn|38
|
|t:|1660831642
|move|p2a: Weezing|Pain Split|p1a: Corsola
|-sethp|p1a: Corsola|30/100|[from] move: Pain Split|[silent]
|-sethp|p2a: Weezing|30/100 brn|[from] move: Pain Split
|move|p1a: Corsola|Night Shade|p2a: Weezing
|-damage|p2a: Weezing|0 fnt
|faint|p2a: Weezing
|-end|p2a: Weezing|ability: Neutralizing Gas
|
|upkeep
|
|t:|1660831644
|switch|p2a: Palossand|Palossand, M|88/100 psn
|-damage|p2a: Palossand|82/100 psn|[from] Stealth Rock
|turn|39
|
|t:|1660831665
|switch|p1a: Audino|Audino, F|65/100 brn
|move|p2a: Palossand|Shadow Ball|p1a: Audino
|-immune|p1a: Audino
|
|-damage|p2a: Palossand|70/100 psn|[from] psn
|-damage|p1a: Audino|59/100 brn|[from] brn
|upkeep
|turn|40
|
|t:|1660831669
|move|p1a: Audino|Wish|p1a: Audino
|move|p2a: Palossand|Shore Up|p2a: Palossand
|-heal|p2a: Palossand|100/100 psn
|
|-damage|p2a: Palossand|88/100 psn|[from] psn
|-damage|p1a: Audino|53/100 brn|[from] brn
|upkeep
|turn|41
|
|t:|1660831674
|move|p1a: Audino|Knock Off|p2a: Palossand
|-supereffective|p2a: Palossand
|-damage|p2a: Palossand|82/100 psn
|move|p2a: Palossand|Shadow Ball|p1a: Audino
|-immune|p1a: Audino
|
|-heal|p1a: Audino|100/100 brn|[from] move: Wish|[wisher] Audino
|-damage|p2a: Palossand|70/100 psn|[from] psn
|-damage|p1a: Audino|94/100 brn|[from] brn
|upkeep
|turn|42
|
|t:|1660831679
|move|p1a: Audino|Wish|p1a: Audino
|move|p2a: Palossand|Scorching Sands|p1a: Audino
|-damage|p1a: Audino|79/100 brn
|
|-damage|p2a: Palossand|58/100 psn|[from] psn
|-damage|p1a: Audino|73/100 brn|[from] brn
|upkeep
|turn|43
|
|t:|1660831682
|switch|p1a: Charizard|Charizard, M|76/100
|move|p2a: Palossand|Shadow Ball|p1a: Charizard
|-damage|p1a: Charizard|41/100
|
|-heal|p1a: Charizard|100/100|[from] move: Wish|[wisher] Audino
|-damage|p2a: Palossand|45/100 psn|[from] psn
|upkeep
|turn|44
|
|t:|1660831688
|move|p1a: Charizard|Flamethrower|p2a: Palossand
|-damage|p2a: Palossand|0 fnt
|faint|p2a: Palossand
|
|upkeep
|
|t:|1660831691
|switch|p2a: Lanturn|Lanturn, F|100/100
|-damage|p2a: Lanturn|88/100|[from] Stealth Rock
|turn|45
|
|t:|1660831698
|switch|p1a: Audino|Audino, F|100/100 brn
|move|p2a: Lanturn|Scald|p1a: Audino
|-damage|p1a: Audino|86/100 brn
|
|-heal|p2a: Lanturn|94/100|[from] item: Leftovers
|-damage|p1a: Audino|80/100 brn|[from] brn
|upkeep
|turn|46
|
|t:|1660831701
|move|p2a: Lanturn|Scald|p1a: Audino
|-damage|p1a: Audino|66/100 brn
|move|p1a: Audino|Knock Off|p2a: Lanturn
|-damage|p2a: Lanturn|87/100
|-enditem|p2a: Lanturn|Leftovers|[from] move: Knock Off|[of] p1a: Audino
|
|-damage|p1a: Audino|60/100 brn|[from] brn
|upkeep
|turn|47
|
|t:|1660831704
|move|p2a: Lanturn|Scald|p1a: Audino
|-damage|p1a: Audino|46/100 brn
|move|p1a: Audino|Wish|p1a: Audino
|
|-damage|p1a: Audino|40/100 brn|[from] brn
|upkeep
|turn|48
|
|t:|1660831710
|switch|p1a: Avalugg|Avalugg, F|100/100
|-damage|p1a: Avalugg|76/100|[from] Stealth Rock
|-status|p1a: Avalugg|psn
|move|p2a: Lanturn|Scald|p1a: Avalugg
|-damage|p1a: Avalugg|40/100 psn
|
|-heal|p1a: Avalugg|92/100 psn|[from] move: Wish|[wisher] Audino
|-damage|p1a: Avalugg|79/100 psn|[from] psn
|upkeep
|turn|49
|
|t:|1660831718
|move|p2a: Lanturn|Protect|p2a: Lanturn
|-singleturn|p2a: Lanturn|Protect
|move|p1a: Avalugg|Rapid Spin|p2a: Lanturn
|-activate|p2a: Lanturn|move: Protect
|
|-damage|p1a: Avalugg|67/100 psn|[from] psn
|upkeep
|turn|50
|
|t:|1660831724
|switch|p2a: Sneasel|Sneasel, M|26/100 psn
|-damage|p2a: Sneasel|2/100 psn|[from] Stealth Rock
|move|p1a: Avalugg|Rapid Spin|p2a: Sneasel
|-damage|p2a: Sneasel|0 fnt
|-boost|p1a: Avalugg|spe|1
|-sideend|p1: pult4c1 skelly|Toxic Spikes|[from] move: Rapid Spin|[of] p1a: Avalugg
|-sideend|p1: pult4c1 skelly|Stealth Rock|[from] move: Rapid Spin|[of] p1a: Avalugg
|faint|p2a: Sneasel
|
|-damage|p1a: Avalugg|54/100 psn|[from] psn
|upkeep
|
|t:|1660831726
|switch|p2a: Lanturn|Lanturn, F|87/100
|-damage|p2a: Lanturn|74/100|[from] Stealth Rock
|turn|51
|
|t:|1660831729
|move|p2a: Lanturn|Scald|p1a: Avalugg
|-damage|p1a: Avalugg|18/100 psn
|move|p1a: Avalugg|Recover|p1a: Avalugg
|-heal|p1a: Avalugg|68/100 psn
|
|-damage|p1a: Avalugg|55/100 psn|[from] psn
|upkeep
|turn|52
|
|t:|1660831732
|move|p2a: Lanturn|Scald|p1a: Avalugg
|-damage|p1a: Avalugg|18/100 psn
|move|p1a: Avalugg|Recover|p1a: Avalugg
|-heal|p1a: Avalugg|68/100 psn
|
|-damage|p1a: Avalugg|55/100 psn|[from] psn
|upkeep
|turn|53
|
|t:|1660831737
|move|p2a: Lanturn|Scald|p1a: Avalugg
|-damage|p1a: Avalugg|23/100 psn
|move|p1a: Avalugg|Recover|p1a: Avalugg
|-heal|p1a: Avalugg|73/100 psn
|
|-damage|p1a: Avalugg|61/100 psn|[from] psn
|upkeep
|turn|54
|
|t:|1660831738
|move|p2a: Lanturn|Scald|p1a: Avalugg
|-damage|p1a: Avalugg|28/100 psn
|move|p1a: Avalugg|Toxic|p2a: Lanturn
|-status|p2a: Lanturn|tox
|
|-damage|p2a: Lanturn|68/100 tox|[from] psn
|-damage|p1a: Avalugg|15/100 psn|[from] psn
|upkeep
|turn|55
|
|t:|1660831741
|move|p2a: Lanturn|Scald|p1a: Avalugg
|-damage|p1a: Avalugg|0 fnt
|faint|p1a: Avalugg
|
|-damage|p2a: Lanturn|56/100 tox|[from] psn
|upkeep
|
|t:|1660831744
|switch|p1a: Quagsire|Quagsire, M|100/100
|turn|56
|c|☆pult4c1 skelly|gg
|c|☆PULT4C1 Haffling|sad
|c|☆PULT4C1 Haffling|gg
|-message|PULT4C1 Haffling forfeited.
|
|win|pult4c1 skelly
|raw|pult4c1 skelly's rating: 1650 &rarr; <strong>1662</strong><br />(+12 for winning)
|raw|PULT4C1 Haffling's rating: 1496 &rarr; <strong>1484</strong><br />(-12 for losing)
|l|☆pult4c1 skelly
|l|☆PULT4C1 Haffling
||Ladder isn't responding, score probably updated but might not have (Request timeout).
