|j|☆allstarapology
|j|☆fashionista
|player|p1|allstarapology|parasollady|
|player|p2|fashionista|cheryl|
|teamsize|p1|6
|teamsize|p2|6
|gametype|singles
|gen|8
|tier|[Gen 8] PU
|rated|Tournament battle
|clearpoke
|poke|p1|Glalie, M|
|poke|p1|Thwackey, M|
|poke|p1|Thievul, M|
|poke|p1|Leafeon, F|
|poke|p1|Roselia, F|
|poke|p1|Gourgeist-*, F|
|poke|p2|Gourgeist-*, F|
|poke|p2|Stunfisk, M|
|poke|p2|Rapidash-Galar, F|
|poke|p2|Hitmontop, M|
|poke|p2|Vespiquen, F|
|poke|p2|Raboot, M|
|rule|Sleep Clause Mod: Limit one foe put to sleep
|rule|Species Clause: Limit one of each Pokémon
|rule|OHKO Clause: OHKO moves are banned
|rule|Evasion Moves Clause: Evasion moves are banned
|rule|Endless Battle Clause: Forcing endless battles is banned
|rule|HP Percentage Mod: HP is shown in percentages
|rule|Dynamax Clause: You cannot dynamax
|teampreview
|j| scarf lanturn
|c|☆fashionista|glhf
|c|☆allstarapology|u2
|j| TSR
|inactive|Battle timer is ON: inactive players will automatically lose when time's up. (requested by allstarapology)
|j| SergioRules
|
|start
|switch|p1a: Glalie|Glalie, M|100/100
|switch|p2a: Raboot|Raboot, M|100/100
|turn|1
|j| estarossa
|j| Roy Fokker
|
|move|p2a: Raboot|High Jump Kick|p1a: Glalie
|-start|p2a: Raboot|typechange|Fighting|[from] ability: Libero
|-supereffective|p1a: Glalie
|-enditem|p1a: Glalie|Focus Sash
|-damage|p1a: Glalie|1/100
|move|p1a: Glalie|Spikes|p2a: Raboot
|-sidestart|p2: fashionista|Spikes
|
|upkeep
|turn|2
|
|switch|p1a: Gourgeist|Gourgeist, F|100/100
|-item|p2a: Raboot|Heavy-Duty Boots|[from] ability: Frisk|[of] p1a: Gourgeist|[identify]
|move|p2a: Raboot|U-turn|p1a: Gourgeist
|-start|p2a: Raboot|typechange|Bug|[from] ability: Libero
|-damage|p1a: Gourgeist|69/100
|j| pour some more
|
|switch|p2a: Gourgeist|Gourgeist, F|100/100|[from]move: U-turn
|-damage|p2a: Gourgeist|88/100|[from] Spikes
|-item|p1a: Gourgeist|Yache Berry|[from] ability: Frisk|[of] p2a: Gourgeist|[identify]
|
|upkeep
|turn|3
|j| sdafaaf
|
|move|p1a: Gourgeist|Fire Blast|p2a: Gourgeist
|-supereffective|p2a: Gourgeist
|-damage|p2a: Gourgeist|40/100
|move|p2a: Gourgeist|Fire Blast|p1a: Gourgeist|[miss]
|-miss|p2a: Gourgeist|p1a: Gourgeist
|
|upkeep
|turn|4
|j| Rave Dubin ☭
|
|switch|p2a: Raboot|Raboot, M|100/100
|move|p1a: Gourgeist|Fire Blast|p2a: Raboot
|-resisted|p2a: Raboot
|-damage|p2a: Raboot|88/100
|
|upkeep
|turn|5
|
|switch|p1a: Glalie|Glalie, M|1/100
|move|p2a: Raboot|Flare Blitz|p1a: Glalie
|-supereffective|p1a: Glalie
|-damage|p1a: Glalie|0 fnt
|-damage|p2a: Raboot|87/100|[from] Recoil
|faint|p1a: Glalie
|
|upkeep
|
|switch|p1a: Leafeon|Leafeon, F|100/100
|turn|6
|l| estarossa
|
|switch|p2a: Hitmontop|Hitmontop, M|100/100
|-ability|p2a: Hitmontop|Intimidate|boost
|-unboost|p1a: Leafeon|atk|1
|move|p1a: Leafeon|Knock Off|p2a: Hitmontop
|-resisted|p2a: Hitmontop
|-damage|p2a: Hitmontop|92/100
|-enditem|p2a: Hitmontop|Heavy-Duty Boots|[from] move: Knock Off|[of] p1a: Leafeon
|
|upkeep
|turn|7
|
|switch|p1a: Gourgeist|Gourgeist, F|69/100
|move|p2a: Hitmontop|Toxic|p1a: Gourgeist
|-status|p1a: Gourgeist|tox
|
|-damage|p1a: Gourgeist|63/100 tox|[from] psn
|upkeep
|turn|8
|
|switch|p2a: Raboot|Raboot, M|87/100
|move|p1a: Gourgeist|Power Whip|p2a: Raboot|[miss]
|-miss|p1a: Gourgeist|p2a: Raboot
|
|-damage|p1a: Gourgeist|51/100 tox|[from] psn
|upkeep
|turn|9
|
|move|p1a: Gourgeist|Shadow Sneak|p2a: Raboot
|-damage|p2a: Raboot|52/100
|move|p2a: Raboot|Flare Blitz|p1a: Gourgeist
|-supereffective|p1a: Gourgeist
|-damage|p1a: Gourgeist|0 fnt
|-damage|p2a: Raboot|35/100|[from] Recoil
|faint|p1a: Gourgeist
|
|upkeep
|
|switch|p1a: Thwackey|Thwackey, M|100/100
|-fieldstart|move: Grassy Terrain|[from] ability: Grassy Surge|[of] p1a: Thwackey
|turn|10
|j| SpacialRendevous
|
|switch|p2a: Hitmontop|Hitmontop, M|92/100
|-damage|p2a: Hitmontop|80/100|[from] Spikes
|-ability|p2a: Hitmontop|Intimidate|boost
|-unboost|p1a: Thwackey|atk|1
|move|p1a: Thwackey|Knock Off|p2a: Hitmontop
|-resisted|p2a: Hitmontop
|-damage|p2a: Hitmontop|75/100
|
|-heal|p2a: Hitmontop|81/100|[from] Grassy Terrain
|upkeep
|turn|11
|
|switch|p1a: Roselia|Roselia, F|100/100
|move|p2a: Hitmontop|Rapid Spin|p1a: Roselia
|-damage|p1a: Roselia|74/100
|-boost|p2a: Hitmontop|spe|1
|-sideend|p2: fashionista|Spikes|[from] move: Rapid Spin|[of] p2a: Hitmontop
|
|-heal|p2a: Hitmontop|87/100|[from] Grassy Terrain
|-heal|p1a: Roselia|80/100|[from] Grassy Terrain
|upkeep
|turn|12
|
|switch|p2a: Vespiquen|Vespiquen, F|100/100
|-ability|p2a: Vespiquen|Pressure
|move|p1a: Roselia|Spikes|p2a: Vespiquen
|-sidestart|p2: fashionista|Spikes
|
|-heal|p1a: Roselia|86/100|[from] Grassy Terrain
|upkeep
|turn|13
|
|move|p1a: Roselia|Sleep Powder|p2a: Vespiquen
|-status|p2a: Vespiquen|slp|[from] move: Sleep Powder
|cant|p2a: Vespiquen|slp
|
|-heal|p1a: Roselia|92/100|[from] Grassy Terrain
|upkeep
|turn|14
|j| professional goon
|
|switch|p1a: Leafeon|Leafeon, F|100/100
|-curestatus|p2a: Vespiquen|slp|[msg]
|move|p2a: Vespiquen|Defog|p1a: Leafeon
|-unboost|p1a: Leafeon|evasion|1
|-sideend|p2: fashionista|Spikes|[from] move: Defog|[of] p2a: Vespiquen
|-fieldend|move: Grassy Terrain
|
|upkeep
|turn|15
|
|switch|p2a: Stunfisk|Stunfisk, M|100/100
|move|p1a: Leafeon|Swords Dance|p1a: Leafeon
|-boost|p1a: Leafeon|atk|2
|
|upkeep
|turn|16
|
|switch|p2a: Hitmontop|Hitmontop, M|87/100
|-ability|p2a: Hitmontop|Intimidate|boost
|-unboost|p1a: Leafeon|atk|1
|move|p1a: Leafeon|Leaf Blade|p2a: Hitmontop
|-damage|p2a: Hitmontop|35/100
|
|upkeep
|turn|17
|
|move|p1a: Leafeon|Swords Dance|p1a: Leafeon
|-boost|p1a: Leafeon|atk|2
|move|p2a: Hitmontop|Toxic|p1a: Leafeon
|-status|p1a: Leafeon|tox
|
|-damage|p1a: Leafeon|95/100 tox|[from] psn
|upkeep
|turn|18
|j|+Musharnanigans
|
|move|p1a: Leafeon|Leaf Blade|p2a: Hitmontop
|-damage|p2a: Hitmontop|0 fnt
|faint|p2a: Hitmontop
|
|-damage|p1a: Leafeon|83/100 tox|[from] psn
|upkeep
|l| Rave Dubin ☭
|
|switch|p2a: Rapidash|Rapidash-Galar, F, shiny|100/100
|turn|19
|
|move|p2a: Rapidash|Play Rough|p1a: Leafeon
|-damage|p1a: Leafeon|33/100 tox
|-damage|p2a: Rapidash|91/100|[from] item: Life Orb
|move|p1a: Leafeon|Leaf Blade|p2a: Rapidash
|-damage|p2a: Rapidash|0 fnt
|faint|p2a: Rapidash
|
|-damage|p1a: Leafeon|15/100 tox|[from] psn
|upkeep
|
|switch|p2a: Vespiquen|Vespiquen, F|100/100
|-ability|p2a: Vespiquen|Pressure
|turn|20
|j|+tjay
|
|move|p1a: Leafeon|Facade|p2a: Vespiquen
|-damage|p2a: Vespiquen|0 fnt
|faint|p2a: Vespiquen
|
|-damage|p1a: Leafeon|0 fnt|[from] psn
|faint|p1a: Leafeon
|upkeep
|
|switch|p1a: Roselia|Roselia, F|92/100
|switch|p2a: Gourgeist|Gourgeist, F|40/100
|-item|p1a: Roselia|Eject Pack|[from] ability: Frisk|[of] p2a: Gourgeist|[identify]
|turn|21
|l|+Musharnanigans
|
|move|p2a: Gourgeist|Fire Blast|p1a: Roselia
|-supereffective|p1a: Roselia
|-damage|p1a: Roselia|10/100
|move|p1a: Roselia|Sludge Bomb|p2a: Gourgeist
|-damage|p2a: Gourgeist|0 fnt
|faint|p2a: Gourgeist
|
|upkeep
|
|switch|p2a: Raboot|Raboot, M|35/100
|turn|22
|
|move|p2a: Raboot|U-turn|p1a: Roselia
|-start|p2a: Raboot|typechange|Bug|[from] ability: Libero
|-damage|p1a: Roselia|0 fnt
|faint|p1a: Roselia
|
|switch|p2a: Stunfisk|Stunfisk, M|100/100|[from]move: U-turn
|
|upkeep
|
|switch|p1a: Thwackey|Thwackey, M|100/100
|-fieldstart|move: Grassy Terrain|[from] ability: Grassy Surge|[of] p1a: Thwackey
|turn|23
|j| aou aou
|
|move|p1a: Thwackey|Wood Hammer|p2a: Stunfisk
|-supereffective|p2a: Stunfisk
|-damage|p2a: Stunfisk|11/100
|-damage|p1a: Thwackey|84/100|[from] item: Rocky Helmet|[of] p2a: Stunfisk
|-damage|p1a: Thwackey|40/100|[from] Recoil
|move|p2a: Stunfisk|Toxic|p1a: Thwackey
|-status|p1a: Thwackey|tox
|
|-heal|p1a: Thwackey|46/100 tox|[from] Grassy Terrain
|-heal|p2a: Stunfisk|17/100|[from] Grassy Terrain
|-damage|p1a: Thwackey|40/100 tox|[from] psn
|upkeep
|turn|24
|
|move|p1a: Thwackey|Wood Hammer|p2a: Stunfisk
|-supereffective|p2a: Stunfisk
|-damage|p2a: Stunfisk|0 fnt
|-damage|p1a: Thwackey|23/100 tox|[from] item: Rocky Helmet|[of] p2a: Stunfisk
|-damage|p1a: Thwackey|15/100 tox|[from] Recoil
|faint|p2a: Stunfisk
|
|-heal|p1a: Thwackey|21/100 tox|[from] Grassy Terrain
|-damage|p1a: Thwackey|9/100 tox|[from] psn
|upkeep
|
|switch|p2a: Raboot|Raboot, M|35/100
|turn|25
|c|☆fashionista|gg
|c|☆allstarapology|gg
|
|move|p2a: Raboot|Sucker Punch|p1a: Thwackey
|-start|p2a: Raboot|typechange|Dark|[from] ability: Libero
|-damage|p1a: Thwackey|0 fnt
|faint|p1a: Thwackey
|
|-heal|p2a: Raboot|41/100|[from] Grassy Terrain
|upkeep
|
|switch|p1a: Thievul|Thievul, M|100/100
|-enditem|p1a: Thievul|Grassy Seed
|-boost|p1a: Thievul|def|1|[from] item: Grassy Seed
|turn|26
|
|move|p1a: Thievul|Mud Shot|p2a: Raboot
|-damage|p2a: Raboot|8/100
|-unboost|p2a: Raboot|spe|1
|move|p2a: Raboot|High Jump Kick|p1a: Thievul
|-start|p2a: Raboot|typechange|Fighting|[from] ability: Libero
|-supereffective|p1a: Thievul
|-damage|p1a: Thievul|0 fnt
|faint|p1a: Thievul
|
|win|fashionista
