|j|☆JoJo Reference #11
|j|☆GaZaScRa
|t:|1667099491
|gametype|singles
|player|p1|JoJo Reference #11|169|1340
|player|p2|GaZaScRa|shelly|1207
|teamsize|p1|6
|teamsize|p2|6
|gen|8
|tier|[Gen 8] PU
|rated|
|rule|Sleep Clause Mod: Limit one foe put to sleep
|rule|Species Clause: Limit one of each Pokémon
|rule|OHKO Clause: OHKO moves are banned
|rule|Evasion Items Clause: Evasion items are banned
|rule|Evasion Moves Clause: Evasion moves are banned
|rule|Endless Battle Clause: Forcing endless battles is banned
|rule|HP Percentage Mod: HP is shown in percentages
|rule|Dynamax Clause: You cannot dynamax
|clearpoke
|poke|p1|Doublade, M|
|poke|p1|Gourgeist-*, M|
|poke|p1|Glastrier|
|poke|p1|Mawile, F|
|poke|p1|Aromatisse, F|
|poke|p1|Audino, F|
|poke|p2|Whimsicott, F|
|poke|p2|Boltund, M|
|poke|p2|Claydol|
|poke|p2|Druddigon, M|
|poke|p2|Comfey, M|
|poke|p2|Thievul, M|
|teampreview
|inactive|Battle timer is ON: inactive players will automatically lose when time's up. (requested by JoJo Reference #11)
|
|t:|1667099561
|start
|switch|p1a: Aromatisse|Aromatisse, F|100/100
|switch|p2a: Druddigon|Druddigon, M|100/100
|turn|1
|
|t:|1667099565
|move|p2a: Druddigon|Stealth Rock|p1a: Aromatisse
|-sidestart|p1: JoJo Reference #11|move: Stealth Rock
|move|p1a: Aromatisse|Moonblast|p2a: Druddigon
|-supereffective|p2a: Druddigon
|-damage|p2a: Druddigon|23/100
|
|upkeep
|turn|2
|
|t:|1667099568
|move|p2a: Druddigon|Gunk Shot|p1a: Aromatisse
|-supereffective|p1a: Aromatisse
|-damage|p1a: Aromatisse|27/100
|move|p1a: Aromatisse|Trick Room|p1a: Aromatisse
|-fieldstart|move: Trick Room|[of] p1a: Aromatisse
|
|upkeep
|turn|3
|
|t:|1667099574
|switch|p2a: Claydol|Claydol|100/100
|move|p1a: Aromatisse|Moonblast|p2a: Claydol
|-damage|p2a: Claydol|71/100
|-unboost|p2a: Claydol|spa|1
|
|-heal|p2a: Claydol|78/100|[from] item: Leftovers
|upkeep
|turn|4
|
|t:|1667099581
|switch|p1a: Gourgeist|Gourgeist-Super, M|100/100
|-damage|p1a: Gourgeist|88/100|[from] Stealth Rock
|-item|p2a: Claydol|Leftovers|[from] ability: Frisk|[of] p1a: Gourgeist|[identify]
|move|p2a: Claydol|Toxic|p1a: Gourgeist
|-status|p1a: Gourgeist|tox
|
|-heal|p2a: Claydol|84/100|[from] item: Leftovers
|-damage|p1a: Gourgeist|82/100 tox|[from] psn
|upkeep
|turn|5
|
|t:|1667099586
|switch|p2a: Druddigon|Druddigon, M|23/100
|move|p1a: Gourgeist|Poltergeist|p2a: Druddigon
|-activate|p2a: Druddigon|move: Poltergeist|Rocky Helmet
|-damage|p2a: Druddigon|0 fnt
|faint|p2a: Druddigon
|
|-damage|p1a: Gourgeist|70/100 tox|[from] psn
|upkeep
|
|t:|1667099594
|switch|p2a: Whimsicott|Whimsicott, F, shiny|100/100
|turn|6
|
|t:|1667099599
|move|p2a: Whimsicott|Protect|p2a: Whimsicott
|-singleturn|p2a: Whimsicott|Protect
|move|p1a: Gourgeist|Poltergeist|p2a: Whimsicott
|-activate|p2a: Whimsicott|move: Protect
|
|-damage|p1a: Gourgeist|51/100 tox|[from] psn
|-fieldend|move: Trick Room
|upkeep
|turn|7
|
|t:|1667099603
|switch|p2a: Thievul|Thievul, M, shiny|100/100
|move|p1a: Gourgeist|Poltergeist|p2a: Thievul
|-activate|p2a: Thievul|move: Poltergeist|Choice Specs
|-resisted|p2a: Thievul
|-crit|p2a: Thievul
|-damage|p2a: Thievul|33/100
|
|-damage|p1a: Gourgeist|27/100 tox|[from] psn
|upkeep
|turn|8
|
|t:|1667099610
|move|p2a: Thievul|Dark Pulse|p1a: Gourgeist
|-supereffective|p1a: Gourgeist
|-enditem|p1a: Gourgeist|Colbur Berry|[eat]
|-enditem|p1a: Gourgeist|Colbur Berry|[weaken]
|-damage|p1a: Gourgeist|0 fnt
|faint|p1a: Gourgeist
|
|upkeep
|
|t:|1667099613
|switch|p1a: Aromatisse|Aromatisse, F|27/100
|turn|9
|
|t:|1667099616
|move|p2a: Thievul|Dark Pulse|p1a: Aromatisse
|-resisted|p1a: Aromatisse
|-damage|p1a: Aromatisse|4/100
|move|p1a: Aromatisse|Trick Room|p1a: Aromatisse
|-fieldstart|move: Trick Room|[of] p1a: Aromatisse
|
|upkeep
|turn|10
|
|t:|1667099622
|switch|p2a: Claydol|Claydol|84/100
|move|p1a: Aromatisse|Moonblast|p2a: Claydol
|-damage|p2a: Claydol|58/100
|
|-heal|p2a: Claydol|64/100|[from] item: Leftovers
|upkeep
|turn|11
|
|t:|1667099626
|move|p1a: Aromatisse|Moonblast|p2a: Claydol
|-damage|p2a: Claydol|36/100
|-unboost|p2a: Claydol|spa|1
|move|p2a: Claydol|Light Screen|p2a: Claydol
|-sidestart|p2: GaZaScRa|move: Light Screen
|
|-heal|p2a: Claydol|42/100|[from] item: Leftovers
|upkeep
|turn|12
|
|t:|1667099630
|move|p1a: Aromatisse|Moonblast|p2a: Claydol
|-damage|p2a: Claydol|28/100
|move|p2a: Claydol|Toxic|p1a: Aromatisse
|-status|p1a: Aromatisse|tox
|
|-heal|p2a: Claydol|34/100|[from] item: Leftovers
|-damage|p1a: Aromatisse|0 fnt|[from] psn
|faint|p1a: Aromatisse
|upkeep
|
|t:|1667099632
|switch|p1a: Glastrier|Glastrier|100/100
|turn|13
|
|t:|1667099635
|move|p1a: Glastrier|Substitute|p1a: Glastrier
|-start|p1a: Glastrier|Substitute
|-damage|p1a: Glastrier|76/100
|move|p2a: Claydol|Toxic||[still]
|-fail|p2a: Claydol
|
|-heal|p2a: Claydol|41/100|[from] item: Leftovers
|-fieldend|move: Trick Room
|upkeep
|turn|14
|
|t:|1667099639
|move|p2a: Claydol|Reflect|p2a: Claydol
|-sidestart|p2: GaZaScRa|Reflect
|move|p1a: Glastrier|Icicle Crash|p2a: Claydol
|-supereffective|p2a: Claydol
|-damage|p2a: Claydol|0 fnt
|faint|p2a: Claydol
|-ability|p1a: Glastrier|Chilling Neigh|boost
|-boost|p1a: Glastrier|atk|1
|
|upkeep
|
|t:|1667099645
|switch|p2a: Boltund|Boltund, M|100/100
|turn|15
|
|t:|1667099647
|move|p2a: Boltund|Fire Fang|p1a: Glastrier
|-supereffective|p1a: Glastrier
|-end|p1a: Glastrier|Substitute
|move|p1a: Glastrier|High Horsepower|p2a: Boltund
|-supereffective|p2a: Boltund
|-damage|p2a: Boltund|16/100
|
|-sideend|p2: GaZaScRa|move: Light Screen
|upkeep
|turn|16
|
|t:|1667099654
|move|p2a: Boltund|Fire Fang|p1a: Glastrier
|-supereffective|p1a: Glastrier
|-damage|p1a: Glastrier|20/100
|move|p1a: Glastrier|Icicle Crash|p2a: Boltund
|-damage|p2a: Boltund|0 fnt
|faint|p2a: Boltund
|-ability|p1a: Glastrier|Chilling Neigh|boost
|-boost|p1a: Glastrier|atk|1
|
|upkeep
|
|t:|1667099658
|switch|p2a: Thievul|Thievul, M, shiny|33/100
|turn|17
|
|t:|1667099666
|move|p2a: Thievul|Dark Pulse|p1a: Glastrier
|-damage|p1a: Glastrier|0 fnt
|faint|p1a: Glastrier
|
|upkeep
|
|t:|1667099671
|switch|p1a: Audino|Audino, F|100/100
|turn|18
|
|t:|1667099674
|switch|p2a: Whimsicott|Whimsicott, F, shiny|100/100
|move|p1a: Audino|Trick Room|p1a: Audino
|-fieldstart|move: Trick Room|[of] p1a: Audino
|
|-sideend|p2: GaZaScRa|Reflect
|upkeep
|turn|19
|
|t:|1667099680
|move|p2a: Whimsicott|Leech Seed|p1a: Audino
|-start|p1a: Audino|move: Leech Seed
|move|p1a: Audino|Yawn|p2a: Whimsicott
|-start|p2a: Whimsicott|move: Yawn|[of] p1a: Audino
|
|-damage|p1a: Audino|88/100|[from] Leech Seed|[of] p2a: Whimsicott
|upkeep
|turn|20
|
|t:|1667099683
|switch|p1a: Mawile|Mawile, F|100/100
|-damage|p1a: Mawile|95/100|[from] Stealth Rock
|switch|p2a: Comfey|Comfey, M, shiny|100/100
|
|upkeep
|turn|21
|
|t:|1667099688
|move|p1a: Mawile|Iron Head|p2a: Comfey
|-supereffective|p2a: Comfey
|-damage|p2a: Comfey|4/100
|move|p2a: Comfey|Calm Mind|p2a: Comfey
|-boost|p2a: Comfey|spa|1
|-boost|p2a: Comfey|spd|1
|
|upkeep
|turn|22
|
|t:|1667099692
|move|p2a: Comfey|Giga Drain|p1a: Mawile
|-resisted|p1a: Mawile
|-damage|p1a: Mawile|68/100
|-heal|p2a: Comfey|17/100|[from] drain|[of] p1a: Mawile
|-damage|p2a: Comfey|7/100|[from] item: Life Orb
|move|p1a: Mawile|Iron Head|p2a: Comfey
|-supereffective|p2a: Comfey
|-damage|p2a: Comfey|0 fnt
|faint|p2a: Comfey
|
|-fieldend|move: Trick Room
|upkeep
|-message|GaZaScRa forfeited.
|
|win|JoJo Reference #11
|raw|JoJo Reference #11's rating: 1340 &rarr; <strong>1352</strong><br />(+12 for winning)
|raw|GaZaScRa's rating: 1192 &rarr; <strong>1177</strong><br />(-15 for losing)
|l|☆GaZaScRa
||Ladder isn't responding, score probably updated but might not have (Request timeout).
