|html|<div class="broadcast-blue"><strong>[Gen 8] PU is currently suspecting Virizion! For information on how to participate check out the <a href="https://www.smogon.com/forums/threads/np-pu-stage-4-and-justice-for-all-virizion-suspect-test.3676543/">suspect thread</a>.</strong></div>
|j|☆Embodiment of fun
|j|☆Testpu12
|t:|1611282474
|player|p1|Embodiment of fun|lass-gen4dp|1340
|player|p2|Testpu12|blue-gen1|1441
|teamsize|p1|6
|teamsize|p2|6
|gametype|singles
|gen|8
|tier|[Gen 8] PU
|rated|
|clearpoke
|poke|p1|Toxicroak, F|
|poke|p1|Gourgeist-*, M|
|poke|p1|Lanturn, F|
|poke|p1|Guzzlord|
|poke|p1|Silvally-*|
|poke|p1|Vaporeon, M|
|poke|p2|Basculin-Blue-Striped, F|
|poke|p2|Aromatisse, M|
|poke|p2|Virizion|
|poke|p2|Silvally-*|
|poke|p2|Talonflame, M|
|poke|p2|Sandaconda, F|
|rule|Sleep Clause Mod: Limit one foe put to sleep
|rule|Species Clause: Limit one of each Pokémon
|rule|OHKO Clause: OHKO moves are banned
|rule|Evasion Moves Clause: Evasion moves are banned
|rule|Endless Battle Clause: Forcing endless battles is banned
|rule|HP Percentage Mod: HP is shown in percentages
|rule|Dynamax Clause: You cannot dynamax
|teampreview
|j| vst perla
|l| vst perla
|inactive|Battle timer is ON: inactive players will automatically lose when time's up. (requested by Testpu12)
|j| Bacon Weave Entre
|
|t:|1611282527
|start
|switch|p1a: Gourgeist|Gourgeist-Small, M|100/100
|switch|p2a: Sandaconda|Sandaconda, F|100/100
|-item|p2a: Sandaconda|Rocky Helmet|[from] ability: Frisk|[of] p1a: Gourgeist|[identify]
|turn|1
|
|t:|1611282532
|switch|p2a: Talonflame|Talonflame, M|100/100
|move|p1a: Gourgeist|Poltergeist|p2a: Talonflame
|-activate|p2a: Talonflame|move: Poltergeist|Heavy-Duty Boots
|-damage|p2a: Talonflame|3/100
|
|upkeep
|turn|2
|inactive|Embodiment of fun has 120 seconds left.
|
|t:|1611282568
|switch|p1a: Lanturn|Lanturn, F|100/100
|move|p2a: Talonflame|Hurricane|p1a: Lanturn
|-resisted|p1a: Lanturn
|-damage|p1a: Lanturn|87/100
|
|-heal|p1a: Lanturn|93/100|[from] item: Leftovers
|upkeep
|turn|3
|c| Bacon Weave Entre|woah
|
|t:|1611282581
|switch|p2a: Virizion|Virizion|100/100
|move|p1a: Lanturn|Scald|p2a: Virizion
|-resisted|p2a: Virizion
|-damage|p2a: Virizion|90/100
|
|-heal|p1a: Lanturn|99/100|[from] item: Leftovers
|upkeep
|turn|4
|
|t:|1611282588
|switch|p1a: Toxicroak|Toxicroak, F|100/100
|move|p2a: Virizion|Leaf Storm|p1a: Toxicroak
|-resisted|p1a: Toxicroak
|-damage|p1a: Toxicroak|57/100
|-unboost|p2a: Virizion|spa|2
|-damage|p2a: Virizion|80/100|[from] item: Life Orb
|
|upkeep
|turn|5
|c| Bacon Weave Entre|king shit
|
|t:|1611282600
|switch|p2a: Sandaconda|Sandaconda, F|100/100
|move|p1a: Toxicroak|Gunk Shot|p2a: Sandaconda|[miss]
|-miss|p1a: Toxicroak|p2a: Sandaconda
|
|upkeep
|turn|6
|
|t:|1611282608
|switch|p1a: Guzzlord|Guzzlord|100/100
|move|p2a: Sandaconda|Stealth Rock|p1a: Guzzlord
|-sidestart|p1: Embodiment of fun|move: Stealth Rock
|
|upkeep
|turn|7
|
|t:|1611282616
|switch|p2a: Silvally|Silvally-Poison|100/100
|move|p1a: Guzzlord|Sludge Wave|p2a: Silvally
|-resisted|p2a: Silvally
|-damage|p2a: Silvally|86/100
|
|upkeep
|turn|8
|
|t:|1611282627
|switch|p1a: Silvally|Silvally-Steel|100/100
|-damage|p1a: Silvally|94/100|[from] Stealth Rock
|move|p2a: Silvally|Multi-Attack|p1a: Silvally
|-immune|p1a: Silvally
|
|upkeep
|turn|9
|
|t:|1611282632
|move|p1a: Silvally|Defog|p2a: Silvally
|-unboost|p2a: Silvally|evasion|1
|-sideend|p1: Embodiment of fun|Stealth Rock|[from] move: Defog|[of] p1a: Silvally
|move|p2a: Silvally|Parting Shot|p1a: Silvally
|-unboost|p1a: Silvally|atk|1
|-unboost|p1a: Silvally|spa|1
|
|t:|1611282634
|switch|p2a: Talonflame|Talonflame, M|3/100|[from]move: Parting Shot
|
|upkeep
|turn|10
|
|t:|1611282640
|switch|p1a: Lanturn|Lanturn, F|99/100
|move|p2a: Talonflame|Roost|p2a: Talonflame
|-heal|p2a: Talonflame|53/100
|-singleturn|p2a: Talonflame|move: Roost
|
|-heal|p1a: Lanturn|100/100|[from] item: Leftovers
|upkeep
|turn|11
|
|t:|1611282648
|switch|p2a: Aromatisse|Aromatisse, M|100/100
|move|p1a: Lanturn|Toxic|p2a: Aromatisse
|-status|p2a: Aromatisse|tox
|
|-damage|p2a: Aromatisse|94/100 tox|[from] psn
|upkeep
|turn|12
|
|t:|1611282659
|move|p1a: Lanturn|Volt Switch|p2a: Aromatisse
|-damage|p2a: Aromatisse|76/100 tox
|
|t:|1611282664
|switch|p1a: Silvally|Silvally-Steel|94/100|[from]move: Volt Switch
|move|p2a: Aromatisse|Heal Bell|p2a: Aromatisse
|-activate|p2a: Aromatisse|move: Heal Bell
|-curestatus|p2a: Aromatisse|tox|[msg]
|
|-heal|p2a: Aromatisse|82/100|[from] item: Leftovers
|upkeep
|turn|13
|
|t:|1611282669
|move|p2a: Aromatisse|Protect|p2a: Aromatisse
|-singleturn|p2a: Aromatisse|Protect
|move|p1a: Silvally|Parting Shot|p2a: Aromatisse
|-activate|p2a: Aromatisse|move: Protect
|
|-heal|p2a: Aromatisse|88/100|[from] item: Leftovers
|upkeep
|turn|14
|
|t:|1611282677
|switch|p2a: Talonflame|Talonflame, M|53/100
|move|p1a: Silvally|Multi-Attack|p2a: Talonflame
|-resisted|p2a: Talonflame
|-crit|p2a: Talonflame
|-damage|p2a: Talonflame|0 fnt
|faint|p2a: Talonflame
|
|upkeep
|
|t:|1611282689
|switch|p2a: Basculin|Basculin-Blue-Striped, F|100/100
|turn|15
|
|t:|1611282695
|switch|p1a: Gourgeist|Gourgeist-Small, M|100/100
|-item|p2a: Basculin|Choice Scarf|[from] ability: Frisk|[of] p1a: Gourgeist|[identify]
|move|p2a: Basculin|Superpower|p1a: Gourgeist
|-immune|p1a: Gourgeist
|
|upkeep
|turn|16
|
|t:|1611282702
|switch|p2a: Sandaconda|Sandaconda, F|100/100
|move|p1a: Gourgeist|Poltergeist|p2a: Sandaconda|[miss]
|-miss|p1a: Gourgeist|p2a: Sandaconda
|
|upkeep
|turn|17
|
|t:|1611282712
|switch|p1a: Vaporeon|Vaporeon, M|100/100
|move|p2a: Sandaconda|Stealth Rock|p1a: Vaporeon
|-sidestart|p1: Embodiment of fun|move: Stealth Rock
|
|upkeep
|turn|18
|
|t:|1611282718
|switch|p2a: Virizion|Virizion|80/100
|move|p1a: Vaporeon|Scald|p2a: Virizion
|-resisted|p2a: Virizion
|-damage|p2a: Virizion|70/100
|-status|p2a: Virizion|brn
|
|-damage|p2a: Virizion|64/100 brn|[from] brn
|upkeep
|turn|19
|
|t:|1611282728
|move|p1a: Vaporeon|Protect|p1a: Vaporeon
|-singleturn|p1a: Vaporeon|Protect
|move|p2a: Virizion|Leaf Storm|p1a: Vaporeon
|-activate|p1a: Vaporeon|move: Protect
|
|-damage|p2a: Virizion|57/100 brn|[from] brn
|upkeep
|turn|20
|
|t:|1611282731
|switch|p1a: Guzzlord|Guzzlord|100/100
|-damage|p1a: Guzzlord|88/100|[from] Stealth Rock
|move|p2a: Virizion|Leaf Storm|p1a: Guzzlord
|-resisted|p1a: Guzzlord
|-damage|p1a: Guzzlord|62/100
|-unboost|p2a: Virizion|spa|2
|-damage|p2a: Virizion|48/100 brn|[from] item: Life Orb
|
|-damage|p2a: Virizion|41/100 brn|[from] brn
|upkeep
|turn|21
|
|t:|1611282736
|switch|p2a: Aromatisse|Aromatisse, M|88/100
|move|p1a: Guzzlord|Sludge Wave|p2a: Aromatisse
|-supereffective|p2a: Aromatisse
|-damage|p2a: Aromatisse|0 fnt
|faint|p2a: Aromatisse
|-ability|p1a: Guzzlord|Beast Boost|boost
|-boost|p1a: Guzzlord|spa|1
|
|upkeep
|
|t:|1611282745
|switch|p2a: Silvally|Silvally-Poison|86/100
|turn|22
|
|t:|1611282749
|switch|p1a: Silvally|Silvally-Steel|94/100
|-damage|p1a: Silvally|88/100|[from] Stealth Rock
|move|p2a: Silvally|Parting Shot|p1a: Silvally
|-unboost|p1a: Silvally|atk|1
|-unboost|p1a: Silvally|spa|1
|
|t:|1611282752
|switch|p2a: Sandaconda|Sandaconda, F|100/100|[from]move: Parting Shot
|
|upkeep
|turn|23
|
|t:|1611282755
|move|p1a: Silvally|Parting Shot|p2a: Sandaconda
|-unboost|p2a: Sandaconda|atk|1
|-unboost|p2a: Sandaconda|spa|1
|
|t:|1611282759
|switch|p1a: Vaporeon|Vaporeon, M|100/100|[from]move: Parting Shot
|-damage|p1a: Vaporeon|88/100|[from] Stealth Rock
|move|p2a: Sandaconda|Earthquake|p1a: Vaporeon
|-damage|p1a: Vaporeon|71/100
|
|-heal|p1a: Vaporeon|77/100|[from] item: Leftovers
|upkeep
|turn|24
|
|t:|1611282764
|switch|p2a: Virizion|Virizion|41/100 brn
|move|p1a: Vaporeon|Wish|p1a: Vaporeon
|
|-heal|p1a: Vaporeon|83/100|[from] item: Leftovers
|-damage|p2a: Virizion|35/100 brn|[from] brn
|upkeep
|turn|25
|
|t:|1611282772
|switch|p2a: Silvally|Silvally-Poison|86/100
|switch|p1a: Guzzlord|Guzzlord|62/100
|-damage|p1a: Guzzlord|50/100|[from] Stealth Rock
|
|-heal|p1a: Guzzlord|86/100|[from] move: Wish|[wisher] Vaporeon
|upkeep
|turn|26
|
|t:|1611282778
|switch|p1a: Silvally|Silvally-Steel|88/100
|-damage|p1a: Silvally|82/100|[from] Stealth Rock
|move|p2a: Silvally|Multi-Attack|p1a: Silvally
|-immune|p1a: Silvally
|
|upkeep
|turn|27
|
|t:|1611282783
|move|p1a: Silvally|Defog|p2a: Silvally
|-unboost|p2a: Silvally|evasion|1
|-sideend|p1: Embodiment of fun|Stealth Rock|[from] move: Defog|[of] p1a: Silvally
|move|p2a: Silvally|Parting Shot|p1a: Silvally
|-unboost|p1a: Silvally|atk|1
|-unboost|p1a: Silvally|spa|1
|
|t:|1611282786
|switch|p2a: Sandaconda|Sandaconda, F|100/100|[from]move: Parting Shot
|
|upkeep
|turn|28
|
|t:|1611282788
|move|p1a: Silvally|Parting Shot|p2a: Sandaconda
|-unboost|p2a: Sandaconda|atk|1
|-unboost|p2a: Sandaconda|spa|1
|
|t:|1611282791
|switch|p1a: Vaporeon|Vaporeon, M|83/100|[from]move: Parting Shot
|move|p2a: Sandaconda|Stealth Rock|p1a: Vaporeon
|-sidestart|p1: Embodiment of fun|move: Stealth Rock
|
|-heal|p1a: Vaporeon|89/100|[from] item: Leftovers
|upkeep
|turn|29
|
|t:|1611282795
|switch|p2a: Virizion|Virizion|35/100 brn
|move|p1a: Vaporeon|Flip Turn|p2a: Virizion
|-resisted|p2a: Virizion
|-damage|p2a: Virizion|23/100 brn
|
|t:|1611282802
|switch|p1a: Gourgeist|Gourgeist-Small, M|100/100|[from]move: Flip Turn
|-damage|p1a: Gourgeist|88/100|[from] Stealth Rock
|-item|p2a: Virizion|Life Orb|[from] ability: Frisk|[of] p1a: Gourgeist|[identify]
|
|-damage|p2a: Virizion|17/100 brn|[from] brn
|upkeep
|turn|30
|
|t:|1611282808
|switch|p2a: Sandaconda|Sandaconda, F|100/100
|move|p1a: Gourgeist|Shadow Sneak|p2a: Sandaconda
|-damage|p2a: Sandaconda|85/100
|-damage|p1a: Gourgeist|72/100|[from] item: Rocky Helmet|[of] p2a: Sandaconda
|
|upkeep
|turn|31
|
|t:|1611282820
|switch|p1a: Vaporeon|Vaporeon, M|89/100
|-damage|p1a: Vaporeon|77/100|[from] Stealth Rock
|move|p2a: Sandaconda|Earthquake|p1a: Vaporeon
|-damage|p1a: Vaporeon|51/100
|
|-heal|p1a: Vaporeon|57/100|[from] item: Leftovers
|upkeep
|turn|32
|
|t:|1611282825
|move|p2a: Sandaconda|Earthquake|p1a: Vaporeon
|-damage|p1a: Vaporeon|29/100
|move|p1a: Vaporeon|Wish|p1a: Vaporeon
|
|-heal|p1a: Vaporeon|35/100|[from] item: Leftovers
|upkeep
|turn|33
|
|t:|1611282831
|switch|p2a: Virizion|Virizion|17/100 brn
|move|p1a: Vaporeon|Protect||[still]
|-fail|p1a: Vaporeon
|
|-heal|p1a: Vaporeon|85/100|[from] move: Wish|[wisher] Vaporeon
|-heal|p1a: Vaporeon|91/100|[from] item: Leftovers
|-damage|p2a: Virizion|11/100 brn|[from] brn
|upkeep
|turn|34
|
|t:|1611282835
|switch|p1a: Guzzlord|Guzzlord|86/100
|-damage|p1a: Guzzlord|73/100|[from] Stealth Rock
|move|p2a: Virizion|Leaf Storm|p1a: Guzzlord|[miss]
|-miss|p2a: Virizion|p1a: Guzzlord
|
|-damage|p2a: Virizion|5/100 brn|[from] brn
|upkeep
|turn|35
|
|t:|1611282840
|switch|p1a: Gourgeist|Gourgeist-Small, M|72/100
|-damage|p1a: Gourgeist|59/100|[from] Stealth Rock
|-item|p2a: Virizion|Life Orb|[from] ability: Frisk|[of] p1a: Gourgeist|[identify]
|move|p2a: Virizion|Close Combat|p1a: Gourgeist
|-immune|p1a: Gourgeist
|
|-damage|p2a: Virizion|0 fnt|[from] brn
|faint|p2a: Virizion
|upkeep
|
|t:|1611282845
|switch|p2a: Silvally|Silvally-Poison|86/100
|turn|36
|
|t:|1611282851
|switch|p1a: Silvally|Silvally-Steel|82/100
|-damage|p1a: Silvally|76/100|[from] Stealth Rock
|move|p2a: Silvally|Multi-Attack|p1a: Silvally
|-immune|p1a: Silvally
|
|upkeep
|turn|37
|c|☆Testpu12|Nice luck
|inactive|Testpu12 has 120 seconds left.
|-message|Testpu12 forfeited.
|
|win|Embodiment of fun
|c|☆Embodiment of fun|What luck
|c|☆Embodiment of fun|Lol!
|c|☆Testpu12|Crit
|c|☆Testpu12|????
|c|☆Embodiment of fun|You can't
|c|☆Testpu12|on tflame
|c|☆Embodiment of fun|Break through lanturn
|c|☆Testpu12|you stupid or stupid
|raw|Embodiment of fun's rating: 1319 &rarr; <strong>1346</strong><br />(+27 for winning)
|raw|Testpu12's rating: 1441 &rarr; <strong>1414</strong><br />(-27 for losing)
|c|☆Embodiment of fun|It's you lol!
|c|☆Testpu12|I can toxic it
|c|☆Embodiment of fun|I have heal bell
|c|☆Embodiment of fun|LMAO
|c|☆Embodiment of fun|Plus, toxic on viriz
|c|☆Testpu12|35/18 lose
|c|☆Testpu12|yeah no wonde
|l|☆Testpu12
|c|☆Embodiment of fun|Gee
