|j|☆xenon filled lungs
|j|☆Haffling
|t:|1609363113
|player|p1|xenon filled lungs|molayne|1607
|player|p2|Haffling|cyrus|1567
|teamsize|p1|6
|teamsize|p2|6
|gametype|singles
|gen|8
|tier|[Gen 8] PU
|rated|
|clearpoke
|poke|p1|Vikavolt, F|
|poke|p1|Exploud, M|
|poke|p1|Togedemaru, F|
|poke|p1|Passimian, M|
|poke|p1|Gourgeist-*, M|
|poke|p1|Druddigon, M|
|poke|p2|Guzzlord|
|poke|p2|Sigilyph, F|
|poke|p2|Arctovish|
|poke|p2|Aurorus, M|
|poke|p2|Aromatisse, M|
|poke|p2|Silvally-*|
|rule|Sleep Clause Mod: Limit one foe put to sleep
|rule|Species Clause: Limit one of each Pokémon
|rule|OHKO Clause: OHKO moves are banned
|rule|Evasion Moves Clause: Evasion moves are banned
|rule|Endless Battle Clause: Forcing endless battles is banned
|rule|HP Percentage Mod: HP is shown in percentages
|rule|Dynamax Clause: You cannot dynamax
|teampreview
|inactive|Battle timer is ON: inactive players will automatically lose when time's up. (requested by Haffling)
|
|t:|1609363155
|start
|switch|p1a: Passimian|Passimian, M|100/100
|switch|p2a: Aurorus|Aurorus, M|100/100
|-weather|Hail|[from] ability: Snow Warning|[of] p2a: Aurorus
|turn|1
|
|t:|1609363163
|switch|p2a: Aromatisse|Aromatisse, M|100/100
|move|p1a: Passimian|U-turn|p2a: Aromatisse
|-resisted|p2a: Aromatisse
|-crit|p2a: Aromatisse
|-damage|p2a: Aromatisse|87/100
|
|t:|1609363169
|switch|p1a: Exploud|Exploud, M|100/100|[from]move: U-turn
|
|-weather|Hail|[upkeep]
|-damage|p1a: Exploud|94/100|[from] Hail
|-damage|p2a: Aromatisse|81/100|[from] Hail
|-heal|p2a: Aromatisse|87/100|[from] item: Leftovers
|upkeep
|turn|2
|j| O dx
|
|t:|1609363174
|switch|p2a: Silvally|Silvally-Steel|100/100
|move|p1a: Exploud|Boomburst|p2a: Silvally
|-resisted|p2a: Silvally
|-damage|p2a: Silvally|69/100
|
|-weather|Hail|[upkeep]
|-damage|p1a: Exploud|88/100|[from] Hail
|-damage|p2a: Silvally|63/100|[from] Hail
|upkeep
|turn|3
|
|t:|1609363179
|switch|p1a: Togedemaru|Togedemaru, F|100/100
|move|p2a: Silvally|U-turn|p1a: Togedemaru
|-resisted|p1a: Togedemaru
|-damage|p1a: Togedemaru|88/100
|-damage|p2a: Silvally|51/100|[from] ability: Iron Barbs|[of] p1a: Togedemaru
|
|t:|1609363181
|switch|p2a: Arctovish|Arctovish|100/100|[from]move: U-turn
|
|-weather|Hail|[upkeep]
|-damage|p1a: Togedemaru|82/100|[from] Hail
|-heal|p1a: Togedemaru|88/100|[from] item: Leftovers
|upkeep
|turn|4
|
|t:|1609363184
|move|p1a: Togedemaru|Spiky Shield|p1a: Togedemaru
|-singleturn|p1a: Togedemaru|move: Protect
|move|p2a: Arctovish|Fishious Rend|p1a: Togedemaru
|-activate|p1a: Togedemaru|move: Protect
|-damage|p2a: Arctovish|88/100|[from] Spiky Shield|[of] p1a: Togedemaru
|
|-weather|Hail|[upkeep]
|-damage|p1a: Togedemaru|82/100|[from] Hail
|-heal|p1a: Togedemaru|88/100|[from] item: Leftovers
|upkeep
|turn|5
|
|t:|1609363188
|switch|p1a: Druddigon|Druddigon, M|100/100
|move|p2a: Arctovish|Fishious Rend|p1a: Druddigon
|-resisted|p1a: Druddigon
|-damage|p1a: Druddigon|56/100
|-damage|p2a: Arctovish|76/100|[from] ability: Rough Skin|[of] p1a: Druddigon
|-damage|p2a: Arctovish|59/100|[from] item: Rocky Helmet|[of] p1a: Druddigon
|
|-weather|Hail|[upkeep]
|-damage|p1a: Druddigon|50/100|[from] Hail
|upkeep
|turn|6
|
|t:|1609363191
|move|p2a: Arctovish|Fishious Rend|p1a: Druddigon
|-resisted|p1a: Druddigon
|-damage|p1a: Druddigon|4/100
|-damage|p2a: Arctovish|47/100|[from] ability: Rough Skin|[of] p1a: Druddigon
|-damage|p2a: Arctovish|30/100|[from] item: Rocky Helmet|[of] p1a: Druddigon
|move|p1a: Druddigon|Stealth Rock|p2a: Arctovish
|-sidestart|p2: Haffling|move: Stealth Rock
|
|-weather|Hail|[upkeep]
|-damage|p1a: Druddigon|0 fnt|[from] Hail
|faint|p1a: Druddigon
|upkeep
|j| rafalo122
|c| rafalo122|hi
|c| rafalo122|im new
|c|☆Haffling|Hello
|inactive|xenon filled lungs has 120 seconds left.
|inactive|xenon filled lungs has 90 seconds left.
|inactive|xenon filled lungs has 60 seconds left.
|l| rafalo122
|
|t:|1609363296
|switch|p1a: Passimian|Passimian, M|100/100
|turn|7
|
|t:|1609363315
|switch|p2a: Sigilyph|Sigilyph, F|100/100
|move|p1a: Passimian|Close Combat|p2a: Sigilyph
|-resisted|p2a: Sigilyph
|-damage|p2a: Sigilyph|80/100
|-unboost|p1a: Passimian|def|1
|-unboost|p1a: Passimian|spd|1
|
|-weather|Hail|[upkeep]
|-damage|p1a: Passimian|94/100|[from] Hail
|upkeep
|turn|8
|
|t:|1609363331
|switch|p1a: Togedemaru|Togedemaru, F|88/100
|move|p2a: Sigilyph|Psychic|p1a: Togedemaru
|-resisted|p1a: Togedemaru
|-damage|p1a: Togedemaru|64/100
|
|-weather|none
|-heal|p1a: Togedemaru|70/100|[from] item: Leftovers
|upkeep
|turn|9
|
|t:|1609363337
|move|p2a: Sigilyph|Heat Wave|p1a: Togedemaru
|-supereffective|p1a: Togedemaru
|-damage|p1a: Togedemaru|5/100
|-status|p1a: Togedemaru|brn
|move|p1a: Togedemaru|Wish|p1a: Togedemaru
|
|-heal|p1a: Togedemaru|11/100 brn|[from] item: Leftovers
|-damage|p1a: Togedemaru|5/100 brn|[from] brn
|upkeep
|turn|10
|
|t:|1609363348
|move|p1a: Togedemaru|Spiky Shield|p1a: Togedemaru
|-singleturn|p1a: Togedemaru|move: Protect
|move|p2a: Sigilyph|Psychic|p1a: Togedemaru
|-activate|p1a: Togedemaru|move: Protect
|
|-heal|p1a: Togedemaru|55/100 brn|[from] move: Wish|[wisher] Togedemaru
|-heal|p1a: Togedemaru|61/100 brn|[from] item: Leftovers
|-damage|p1a: Togedemaru|55/100 brn|[from] brn
|upkeep
|turn|11
|
|t:|1609363352
|move|p2a: Sigilyph|Heat Wave|p1a: Togedemaru
|-supereffective|p1a: Togedemaru
|-damage|p1a: Togedemaru|0 fnt
|faint|p1a: Togedemaru
|
|upkeep
|inactive|xenon filled lungs has 60 seconds left.
|
|t:|1609363358
|switch|p1a: Gourgeist|Gourgeist-Small, M|100/100
|-item|p2a: Sigilyph|Life Orb|[from] ability: Frisk|[of] p1a: Gourgeist|[identify]
|turn|12
|j| BigConns
|
|t:|1609363383
|switch|p1a: Vikavolt|Vikavolt, F|100/100
|switch|p2a: Guzzlord|Guzzlord|100/100
|-damage|p2a: Guzzlord|88/100|[from] Stealth Rock
|
|upkeep
|turn|13
|
|t:|1609363393
|move|p2a: Guzzlord|Knock Off|p1a: Vikavolt
|-damage|p1a: Vikavolt|64/100
|-enditem|p1a: Vikavolt|Heavy-Duty Boots|[from] move: Knock Off|[of] p2a: Guzzlord
|move|p1a: Vikavolt|Volt Switch|p2a: Guzzlord
|-resisted|p2a: Guzzlord
|-damage|p2a: Guzzlord|80/100
|
|t:|1609363399
|switch|p1a: Passimian|Passimian, M|94/100|[from]move: Volt Switch
|
|upkeep
|turn|14
|
|t:|1609363409
|switch|p2a: Sigilyph|Sigilyph, F|80/100
|move|p1a: Passimian|U-turn|p2a: Sigilyph
|-damage|p2a: Sigilyph|47/100
|
|t:|1609363414
|switch|p1a: Gourgeist|Gourgeist-Small, M|100/100|[from]move: U-turn
|-item|p2a: Sigilyph|Life Orb|[from] ability: Frisk|[of] p1a: Gourgeist|[identify]
|
|upkeep
|turn|15
|inactive|xenon filled lungs has 90 seconds left.
|
|t:|1609363421
|switch|p2a: Guzzlord|Guzzlord|80/100
|-damage|p2a: Guzzlord|67/100|[from] Stealth Rock
|move|p1a: Gourgeist|Poltergeist|p2a: Guzzlord
|-activate|p2a: Guzzlord|move: Poltergeist|Assault Vest
|-resisted|p2a: Guzzlord
|-damage|p2a: Guzzlord|41/100
|-damage|p1a: Gourgeist|91/100|[from] item: Life Orb
|
|upkeep
|turn|16
|inactive|xenon filled lungs has 90 seconds left.
|
|t:|1609363435
|switch|p1a: Vikavolt|Vikavolt, F|64/100
|move|p2a: Guzzlord|Knock Off|p1a: Vikavolt
|-damage|p1a: Vikavolt|39/100
|
|upkeep
|turn|17
|
|t:|1609363440
|move|p2a: Guzzlord|Knock Off|p1a: Vikavolt
|-damage|p1a: Vikavolt|14/100
|move|p1a: Vikavolt|Roost|p1a: Vikavolt
|-heal|p1a: Vikavolt|64/100
|-singleturn|p1a: Vikavolt|move: Roost
|
|upkeep
|turn|18
|
|t:|1609363452
|move|p2a: Guzzlord|Dragon Claw|p1a: Vikavolt
|-damage|p1a: Vikavolt|34/100
|move|p1a: Vikavolt|Roost|p1a: Vikavolt
|-heal|p1a: Vikavolt|84/100
|-singleturn|p1a: Vikavolt|move: Roost
|
|upkeep
|turn|19
|
|t:|1609363459
|move|p2a: Guzzlord|Dragon Claw|p1a: Vikavolt
|-damage|p1a: Vikavolt|56/100
|move|p1a: Vikavolt|Bug Buzz|p2a: Guzzlord
|-supereffective|p2a: Guzzlord
|-damage|p2a: Guzzlord|2/100
|
|upkeep
|turn|20
|
|t:|1609363465
|move|p2a: Guzzlord|Dragon Claw|p1a: Vikavolt
|-damage|p1a: Vikavolt|26/100
|move|p1a: Vikavolt|Roost|p1a: Vikavolt
|-heal|p1a: Vikavolt|76/100
|-singleturn|p1a: Vikavolt|move: Roost
|
|upkeep
|turn|21
|
|t:|1609363469
|move|p2a: Guzzlord|Dragon Claw|p1a: Vikavolt
|-damage|p1a: Vikavolt|44/100
|move|p1a: Vikavolt|Roost|p1a: Vikavolt
|-heal|p1a: Vikavolt|94/100
|-singleturn|p1a: Vikavolt|move: Roost
|
|upkeep
|turn|22
|
|t:|1609363472
|move|p2a: Guzzlord|Dragon Claw|p1a: Vikavolt
|-damage|p1a: Vikavolt|63/100
|move|p1a: Vikavolt|Volt Switch|p2a: Guzzlord
|-resisted|p2a: Guzzlord
|-damage|p2a: Guzzlord|0 fnt
|faint|p2a: Guzzlord
|
|t:|1609363477
|switch|p1a: Passimian|Passimian, M|94/100|[from]move: Volt Switch
|
|upkeep
|
|t:|1609363482
|switch|p2a: Aromatisse|Aromatisse, M|87/100
|-damage|p2a: Aromatisse|75/100|[from] Stealth Rock
|turn|23
|
|t:|1609363493
|move|p2a: Aromatisse|Protect|p2a: Aromatisse
|-singleturn|p2a: Aromatisse|Protect
|move|p1a: Passimian|U-turn|p2a: Aromatisse
|-activate|p2a: Aromatisse|move: Protect
|
|-heal|p2a: Aromatisse|81/100|[from] item: Leftovers
|upkeep
|turn|24
|
|t:|1609363497
|move|p1a: Passimian|U-turn|p2a: Aromatisse
|-resisted|p2a: Aromatisse
|-damage|p2a: Aromatisse|73/100
|
|t:|1609363508
|switch|p1a: Exploud|Exploud, M|88/100|[from]move: U-turn
|move|p2a: Aromatisse|Wish|p2a: Aromatisse
|
|-heal|p2a: Aromatisse|79/100|[from] item: Leftovers
|upkeep
|turn|25
|
|t:|1609363522
|switch|p2a: Aurorus|Aurorus, M|100/100
|-damage|p2a: Aurorus|76/100|[from] Stealth Rock
|-weather|Hail|[from] ability: Snow Warning|[of] p2a: Aurorus
|move|p1a: Exploud|Boomburst|p2a: Aurorus
|-resisted|p2a: Aurorus
|-damage|p2a: Aurorus|39/100
|
|-weather|Hail|[upkeep]
|-damage|p1a: Exploud|82/100|[from] Hail
|-heal|p2a: Aurorus|84/100|[from] move: Wish|[wisher] Aromatisse
|upkeep
|turn|26
|
|t:|1609363533
|switch|p1a: Passimian|Passimian, M|94/100
|move|p2a: Aurorus|Blizzard|p1a: Passimian
|-damage|p1a: Passimian|14/100
|
|-weather|Hail|[upkeep]
|-damage|p1a: Passimian|8/100|[from] Hail
|upkeep
|turn|27
|
|t:|1609363544
|switch|p2a: Aromatisse|Aromatisse, M|79/100
|-damage|p2a: Aromatisse|67/100|[from] Stealth Rock
|move|p1a: Passimian|U-turn|p2a: Aromatisse
|-resisted|p2a: Aromatisse
|-damage|p2a: Aromatisse|59/100
|
|t:|1609363547
|switch|p1a: Exploud|Exploud, M|82/100|[from]move: U-turn
|
|-weather|Hail|[upkeep]
|-damage|p1a: Exploud|76/100|[from] Hail
|-damage|p2a: Aromatisse|52/100|[from] Hail
|-heal|p2a: Aromatisse|59/100|[from] item: Leftovers
|upkeep
|turn|28
|
|t:|1609363553
|switch|p2a: Sigilyph|Sigilyph, F|47/100
|move|p1a: Exploud|Boomburst|p2a: Sigilyph
|-damage|p2a: Sigilyph|0 fnt
|faint|p2a: Sigilyph
|
|-weather|Hail|[upkeep]
|-damage|p1a: Exploud|70/100|[from] Hail
|upkeep
|
|t:|1609363556
|switch|p2a: Silvally|Silvally-Steel|51/100
|-damage|p2a: Silvally|45/100|[from] Stealth Rock
|turn|29
|
|t:|1609363561
|switch|p1a: Vikavolt|Vikavolt, F|63/100
|move|p2a: Silvally|Defog|p1a: Vikavolt
|-unboost|p1a: Vikavolt|evasion|1
|-sideend|p2: Haffling|Stealth Rock|[from] move: Defog|[of] p2a: Silvally
|
|-weather|Hail|[upkeep]
|-damage|p2a: Silvally|39/100|[from] Hail
|-damage|p1a: Vikavolt|57/100|[from] Hail
|upkeep
|turn|30
|
|t:|1609363569
|move|p2a: Silvally|Toxic|p1a: Vikavolt
|-status|p1a: Vikavolt|tox
|move|p1a: Vikavolt|Volt Switch|p2a: Silvally
|-damage|p2a: Silvally|12/100
|
|t:|1609363572
|switch|p1a: Gourgeist|Gourgeist-Small, M|91/100|[from]move: Volt Switch
|-item|p2a: Silvally|Steel Memory|[from] ability: Frisk|[of] p1a: Gourgeist|[identify]
|
|-weather|Hail|[upkeep]
|-damage|p1a: Gourgeist|85/100|[from] Hail
|-damage|p2a: Silvally|6/100|[from] Hail
|upkeep
|turn|31
|
|t:|1609363580
|move|p1a: Gourgeist|Shadow Sneak|p2a: Silvally
|-damage|p2a: Silvally|0 fnt
|-damage|p1a: Gourgeist|75/100|[from] item: Life Orb
|faint|p2a: Silvally
|
|-weather|Hail|[upkeep]
|-damage|p1a: Gourgeist|69/100|[from] Hail
|upkeep
|
|t:|1609363584
|switch|p2a: Aurorus|Aurorus, M|84/100
|turn|32
|
|t:|1609363590
|move|p1a: Gourgeist|Power Whip|p2a: Aurorus
|-supereffective|p2a: Aurorus
|-damage|p2a: Aurorus|0 fnt
|-damage|p1a: Gourgeist|59/100|[from] item: Life Orb
|faint|p2a: Aurorus
|
|-weather|none
|upkeep
|c|☆Haffling|Rip
|c|☆Haffling|Lame af
|
|t:|1609363601
|switch|p2a: Aromatisse|Aromatisse, M|59/100
|turn|33
|c|☆xenon filled lungs|wym
|
|t:|1609363610
|move|p1a: Gourgeist|Power Whip|p2a: Aromatisse
|-damage|p2a: Aromatisse|16/100
|-damage|p1a: Gourgeist|49/100|[from] item: Life Orb
|move|p2a: Aromatisse|Wish|p2a: Aromatisse
|
|-heal|p2a: Aromatisse|22/100|[from] item: Leftovers
|upkeep
|turn|34
|
|t:|1609363614
|switch|p1a: Exploud|Exploud, M|70/100
|move|p2a: Aromatisse|Protect||[still]
|-fail|p2a: Aromatisse
|
|-heal|p2a: Aromatisse|72/100|[from] move: Wish|[wisher] Aromatisse
|-heal|p2a: Aromatisse|78/100|[from] item: Leftovers
|upkeep
|turn|35
|c|☆Haffling|I mean who lands that
|c|☆xenon filled lungs|???
|c|☆xenon filled lungs|lol
|c|☆Haffling|And wins
|
|t:|1609363634
|move|p2a: Aromatisse|Protect|p2a: Aromatisse
|-singleturn|p2a: Aromatisse|Protect
|move|p1a: Exploud|Boomburst|p2a: Aromatisse
|-activate|p2a: Aromatisse|move: Protect
|
|-heal|p2a: Aromatisse|84/100|[from] item: Leftovers
|upkeep
|turn|36
|c|☆xenon filled lungs|85 accuracy
|c|☆Haffling|Im jk bro
|inactive|Haffling has 120 seconds left.
|
|t:|1609363660
|move|p1a: Exploud|Boomburst|p2a: Aromatisse
|-damage|p2a: Aromatisse|0 fnt
|faint|p2a: Aromatisse
|
|upkeep
|
|t:|1609363662
|switch|p2a: Arctovish|Arctovish|30/100
|turn|37
|c|☆xenon filled lungs|dude people complain ab much worse so you never know
|
|t:|1609363668
|move|p1a: Exploud|Boomburst|p2a: Arctovish
|-damage|p2a: Arctovish|0 fnt
|faint|p2a: Arctovish
|
|win|xenon filled lungs
|c|☆xenon filled lungs|gg
|c|☆Haffling|Gg
|c|☆Haffling|Gl next
|c|☆xenon filled lungs|u2
|l| O dx
||Ladder (probably) updated, but score could not be retrieved (Request timeout).
