|j|☆Shandeur
|j|☆JoJo Reference #11
|t:|1666310725
|gametype|singles
|player|p1|Shandeur|psychic-gen2|1396
|player|p2|JoJo Reference #11|2|1248
|teamsize|p1|6
|teamsize|p2|6
|gen|8
|tier|[Gen 8] PU
|rated|
|rule|Sleep Clause Mod: Limit one foe put to sleep
|rule|Species Clause: Limit one of each Pokémon
|rule|OHKO Clause: OHKO moves are banned
|rule|Evasion Items Clause: Evasion items are banned
|rule|Evasion Moves Clause: Evasion moves are banned
|rule|Endless Battle Clause: Forcing endless battles is banned
|rule|HP Percentage Mod: HP is shown in percentages
|rule|Dynamax Clause: You cannot dynamax
|clearpoke
|poke|p1|Lycanroc, F|
|poke|p1|Turtonator, F|
|poke|p1|Doublade, M|
|poke|p1|Silvally-*|
|poke|p1|Aurorus, F|
|poke|p1|Scrafty, M|
|poke|p2|Scrafty, M|
|poke|p2|Frosmoth, M|
|poke|p2|Gigalith, F|
|poke|p2|Sandslash, M|
|poke|p2|Silvally-*|
|poke|p2|Tangela, M|
|teampreview
|inactive|Battle timer is ON: inactive players will automatically lose when time's up. (requested by Shandeur)
|
|t:|1666310739
|start
|switch|p1a: Lycanroc|Lycanroc, F|100/100
|switch|p2a: Sandslash|Sandslash, M|100/100
|turn|1
|
|t:|1666310746
|move|p1a: Lycanroc|Stealth Rock|p2a: Sandslash
|-sidestart|p2: JoJo Reference #11|move: Stealth Rock
|move|p2a: Sandslash|Rapid Spin|p1a: Lycanroc
|-resisted|p1a: Lycanroc
|-damage|p1a: Lycanroc|90/100
|-boost|p2a: Sandslash|spe|1
|-sideend|p2: JoJo Reference #11|Stealth Rock|[from] move: Rapid Spin|[of] p2a: Sandslash
|
|upkeep
|turn|2
|
|t:|1666310752
|switch|p1a: Silvally|Silvally-Grass|100/100
|move|p2a: Sandslash|Rapid Spin|p1a: Silvally
|-damage|p1a: Silvally|83/100
|-boost|p2a: Sandslash|spe|1
|
|upkeep
|turn|3
|
|t:|1666310755
|switch|p2a: Tangela|Tangela, M|100/100
|move|p1a: Silvally|Multi-Attack|p2a: Tangela
|-resisted|p2a: Tangela
|-damage|p2a: Tangela|88/100
|
|upkeep
|turn|4
|
|t:|1666310766
|switch|p1a: Aurorus|Aurorus, F|100/100
|-weather|Hail|[from] ability: Snow Warning|[of] p1a: Aurorus
|move|p2a: Tangela|Giga Drain|p1a: Aurorus
|-supereffective|p1a: Aurorus
|-damage|p1a: Aurorus|51/100
|-heal|p2a: Tangela|100/100|[from] drain|[of] p1a: Aurorus
|
|-weather|Hail|[upkeep]
|-damage|p2a: Tangela|95/100|[from] Hail
|upkeep
|turn|5
|
|t:|1666310771
|switch|p2a: Gigalith|Gigalith, F|100/100
|-weather|Sandstorm|[from] ability: Sand Stream|[of] p2a: Gigalith
|move|p1a: Aurorus|Blizzard|p2a: Gigalith
|-damage|p2a: Gigalith|76/100
|
|-weather|Sandstorm|[upkeep]
|-heal|p2a: Gigalith|82/100|[from] item: Leftovers
|upkeep
|turn|6
|
|t:|1666310775
|switch|p1a: Scrafty|Scrafty, M|100/100
|move|p2a: Gigalith|Stealth Rock|p1a: Scrafty
|-sidestart|p1: Shandeur|move: Stealth Rock
|
|-weather|Sandstorm|[upkeep]
|-damage|p1a: Scrafty|95/100|[from] Sandstorm
|-heal|p2a: Gigalith|88/100|[from] item: Leftovers
|upkeep
|turn|7
|
|t:|1666310778
|switch|p2a: Silvally|Silvally-Fairy|100/100
|move|p1a: Scrafty|Dragon Dance|p1a: Scrafty
|-boost|p1a: Scrafty|atk|1
|-boost|p1a: Scrafty|spe|1
|
|-weather|Sandstorm|[upkeep]
|-damage|p1a: Scrafty|89/100|[from] Sandstorm
|-damage|p2a: Silvally|94/100|[from] Sandstorm
|upkeep
|turn|8
|
|t:|1666310780
|move|p1a: Scrafty|Poison Jab|p2a: Silvally
|-supereffective|p2a: Silvally
|-damage|p2a: Silvally|23/100
|move|p2a: Silvally|Multi-Attack|p1a: Scrafty
|-supereffective|p1a: Scrafty
|-enditem|p1a: Scrafty|Roseli Berry|[eat]
|-enditem|p1a: Scrafty|Roseli Berry|[weaken]
|-damage|p1a: Scrafty|0 fnt
|faint|p1a: Scrafty
|
|-weather|Sandstorm|[upkeep]
|-damage|p2a: Silvally|17/100|[from] Sandstorm
|upkeep
|
|t:|1666310794
|switch|p1a: Lycanroc|Lycanroc, F|90/100
|-damage|p1a: Lycanroc|78/100|[from] Stealth Rock
|turn|9
|
|t:|1666310796
|switch|p2a: Sandslash|Sandslash, M|100/100
|move|p1a: Lycanroc|Stealth Rock|p2a: Sandslash
|-sidestart|p2: JoJo Reference #11|move: Stealth Rock
|
|-weather|none
|upkeep
|turn|10
|
|t:|1666310799
|move|p1a: Lycanroc|Endeavor|p2a: Sandslash
|-damage|p2a: Sandslash|92/100
|move|p2a: Sandslash|Swords Dance|p2a: Sandslash
|-boost|p2a: Sandslash|atk|2
|
|upkeep
|turn|11
|
|t:|1666310802
|move|p1a: Lycanroc|Taunt|p2a: Sandslash
|-start|p2a: Sandslash|move: Taunt
|move|p2a: Sandslash|Rapid Spin|p1a: Lycanroc
|-resisted|p1a: Lycanroc
|-damage|p1a: Lycanroc|58/100
|-boost|p2a: Sandslash|spe|1
|-sideend|p2: JoJo Reference #11|Stealth Rock|[from] move: Rapid Spin|[of] p2a: Sandslash
|
|upkeep
|turn|12
|
|t:|1666310806
|switch|p1a: Silvally|Silvally-Grass|83/100
|-damage|p1a: Silvally|71/100|[from] Stealth Rock
|move|p2a: Sandslash|Rapid Spin|p1a: Silvally
|-damage|p1a: Silvally|39/100
|-boost|p2a: Sandslash|spe|1
|
|upkeep
|turn|13
|
|t:|1666310809
|move|p2a: Sandslash|Knock Off|p1a: Silvally
|-damage|p1a: Silvally|0 fnt
|faint|p1a: Silvally
|
|-end|p2a: Sandslash|move: Taunt
|upkeep
|
|t:|1666310813
|switch|p1a: Doublade|Doublade, M|100/100
|-damage|p1a: Doublade|94/100|[from] Stealth Rock
|turn|14
|
|t:|1666310816
|move|p2a: Sandslash|Earthquake|p1a: Doublade
|-supereffective|p1a: Doublade
|-damage|p1a: Doublade|0 fnt
|faint|p1a: Doublade
|
|upkeep
|-message|Shandeur forfeited.
|
|win|JoJo Reference #11
|raw|Shandeur's rating: 1396 &rarr; <strong>1368</strong><br />(-28 for losing)
|raw|JoJo Reference #11's rating: 1248 &rarr; <strong>1283</strong><br />(+35 for winning)
|l|☆Shandeur
