|j|☆False God Red
|j|☆yassy slay
|t:|1656542585
|gametype|singles
|player|p1|False God Red|102|1289
|player|p2|yassy slay|clown|1539
|teamsize|p1|6
|teamsize|p2|6
|gen|8
|tier|[Gen 8] PU
|rated|
|rule|Sleep Clause Mod: Limit one foe put to sleep
|rule|Species Clause: Limit one of each Pokémon
|rule|OHKO Clause: OHKO moves are banned
|rule|Evasion Moves Clause: Evasion moves are banned
|rule|Endless Battle Clause: Forcing endless battles is banned
|rule|HP Percentage Mod: HP is shown in percentages
|rule|Dynamax Clause: You cannot dynamax
|clearpoke
|poke|p1|Wishiwashi, M|
|poke|p1|Perrserker, F|
|poke|p1|Tangela, M|
|poke|p1|Togedemaru, F|
|poke|p1|Sandslash, M|
|poke|p1|Articuno-Galar|
|poke|p2|Lycanroc, F|
|poke|p2|Flapple, M|
|poke|p2|Cinccino, M|
|poke|p2|Mesprit|
|poke|p2|Cryogonal|
|poke|p2|Gourgeist-*, F|
|teampreview
|inactive|Battle timer is ON: inactive players will automatically lose when time's up. (requested by False God Red)
|
|t:|1656542620
|start
|switch|p1a: Articuno|Articuno-Galar|100/100
|switch|p2a: Lycanroc|Lycanroc, F|100/100
|turn|1
|
|t:|1656542625
|switch|p1a: Tangela|Tangela, M|100/100
|move|p2a: Lycanroc|Stealth Rock|p1a: Tangela
|-sidestart|p1: False God Red|move: Stealth Rock
|
|upkeep
|turn|2
|
|t:|1656542633
|move|p2a: Lycanroc|Taunt|p1a: Tangela
|-start|p1a: Tangela|move: Taunt
|move|p1a: Tangela|Giga Drain|p2a: Lycanroc
|-supereffective|p2a: Lycanroc
|-damage|p2a: Lycanroc|19/100
|
|upkeep
|turn|3
|
|t:|1656542636
|move|p2a: Lycanroc|Endeavor|p1a: Tangela
|-damage|p1a: Tangela|17/100
|move|p1a: Tangela|Knock Off|p2a: Lycanroc
|-damage|p2a: Lycanroc|0 fnt
|-enditem|p2a: Lycanroc|Focus Sash|[from] move: Knock Off|[of] p1a: Tangela
|faint|p2a: Lycanroc
|
|upkeep
|
|t:|1656542645
|switch|p2a: Gourgeist|Gourgeist-Large, F|100/100
|-item|p1a: Tangela|Eviolite|[from] ability: Frisk|[of] p2a: Gourgeist|[identify]
|turn|4
|
|t:|1656542661
|switch|p1a: Togedemaru|Togedemaru, F|100/100
|-damage|p1a: Togedemaru|95/100|[from] Stealth Rock
|move|p2a: Gourgeist|Poltergeist|p1a: Togedemaru
|-activate|p1a: Togedemaru|move: Poltergeist|Choice Scarf
|-damage|p1a: Togedemaru|0 fnt
|faint|p1a: Togedemaru
|
|upkeep
|
|t:|1656542673
|switch|p1a: Wishiwashi|Wishiwashi, M|100/100
|-damage|p1a: Wishiwashi|88/100|[from] Stealth Rock
|-formechange|p1a: Wishiwashi|Wishiwashi-School||[from] ability: Schooling
|turn|5
|
|t:|1656542678
|move|p2a: Gourgeist|Power Whip|p1a: Wishiwashi
|-supereffective|p1a: Wishiwashi
|-damage|p1a: Wishiwashi|0 fnt
|faint|p1a: Wishiwashi
|
|upkeep
|
|t:|1656542681
|switch|p1a: Perrserker|Perrserker, F|100/100
|-damage|p1a: Perrserker|94/100|[from] Stealth Rock
|turn|6
|
|t:|1656542684
|move|p2a: Gourgeist|Poltergeist|p1a: Perrserker
|-activate|p1a: Perrserker|move: Poltergeist|Leftovers
|-damage|p1a: Perrserker|17/100
|move|p1a: Perrserker|Iron Head|p2a: Gourgeist
|-damage|p2a: Gourgeist|42/100
|
|-heal|p1a: Perrserker|23/100|[from] item: Leftovers
|upkeep
|turn|7
|
|t:|1656542689
|move|p2a: Gourgeist|Poltergeist|p1a: Perrserker
|-activate|p1a: Perrserker|move: Poltergeist|Leftovers
|-damage|p1a: Perrserker|0 fnt
|faint|p1a: Perrserker
|
|upkeep
|
|t:|1656542691
|switch|p1a: Articuno|Articuno-Galar|100/100
|turn|8
|
|t:|1656542694
|switch|p2a: Cryogonal|Cryogonal|100/100
|move|p1a: Articuno|Hurricane|p2a: Cryogonal
|-damage|p2a: Cryogonal|48/100
|
|upkeep
|turn|9
|
|t:|1656542698
|move|p2a: Cryogonal|Recover|p2a: Cryogonal
|-heal|p2a: Cryogonal|99/100
|move|p1a: Articuno|Hurricane|p2a: Cryogonal|[miss]
|-miss|p1a: Articuno|p2a: Cryogonal
|
|upkeep
|turn|10
|-message|False God Red forfeited.
|
|win|yassy slay
|raw|False God Red's rating: 1289 &rarr; <strong>1280</strong><br />(-9 for losing)
|raw|yassy slay's rating: 1550 &rarr; <strong>1557</strong><br />(+7 for winning)
|l|☆False God Red
