|j|☆tbfpikachuisbad
|j|☆imBenca
|t:|1598982616
|player|p1|tbfpikachuisbad|101|1040
|player|p2|imBenca|ingo|1134
|teamsize|p1|6
|teamsize|p2|6
|gametype|singles
|gen|8
|tier|[Gen 8] PU
|rated|
|clearpoke
|poke|p1|Kadabra, M|
|poke|p1|Dubwool, F|
|poke|p1|Falinks|
|poke|p1|Flareon, F|
|poke|p1|Throh, M|
|poke|p1|Dugtrio-Alola, F|
|poke|p2|Beheeyem, F|
|poke|p2|Dusclops, M|
|poke|p2|Mawile, F|
|poke|p2|Golduck, F|
|poke|p2|Stunfisk, F|
|poke|p2|Unfezant, M|
|rule|Sleep Clause Mod: Limit one foe put to sleep
|rule|Species Clause: Limit one of each Pokémon
|rule|OHKO Clause: OHKO moves are banned
|rule|Evasion Moves Clause: Evasion moves are banned
|rule|Endless Battle Clause: Forcing endless battles is banned
|rule|HP Percentage Mod: HP is shown in percentages
|rule|Dynamax Clause: You cannot dynamax
|teampreview
|
|t:|1598982646
|start
|switch|p1a: Kadabra|Kadabra, M, shiny|100/100
|switch|p2a: Stunfisk|Stunfisk, F|100/100
|turn|1
|
|t:|1598982658
|move|p1a: Kadabra|Substitute|p1a: Kadabra
|-start|p1a: Kadabra|Substitute
|-damage|p1a: Kadabra|76/100
|move|p2a: Stunfisk|Thunder Wave||[still]
|-fail|p2a: Stunfisk
|
|upkeep
|turn|2
|
|t:|1598982664
|move|p1a: Kadabra|Calm Mind|p1a: Kadabra
|-boost|p1a: Kadabra|spa|1
|-boost|p1a: Kadabra|spd|1
|move|p2a: Stunfisk|Earth Power|p1a: Kadabra
|-end|p1a: Kadabra|Substitute
|
|upkeep
|turn|3
|
|t:|1598982673
|move|p1a: Kadabra|Substitute|p1a: Kadabra
|-start|p1a: Kadabra|Substitute
|-damage|p1a: Kadabra|51/100
|move|p2a: Stunfisk|Earth Power|p1a: Kadabra
|-end|p1a: Kadabra|Substitute
|
|upkeep
|turn|4
|
|t:|1598982679
|move|p1a: Kadabra|Substitute|p1a: Kadabra
|-start|p1a: Kadabra|Substitute
|-damage|p1a: Kadabra|26/100
|move|p2a: Stunfisk|Thunder Wave||[still]
|-fail|p2a: Stunfisk
|
|upkeep
|turn|5
|
|t:|1598982685
|move|p1a: Kadabra|Calm Mind|p1a: Kadabra
|-boost|p1a: Kadabra|spa|1
|-boost|p1a: Kadabra|spd|1
|move|p2a: Stunfisk|Earth Power|p1a: Kadabra
|-end|p1a: Kadabra|Substitute
|
|upkeep
|turn|6
|
|t:|1598982690
|move|p1a: Kadabra|Substitute|p1a: Kadabra
|-start|p1a: Kadabra|Substitute
|-damage|p1a: Kadabra|1/100
|move|p2a: Stunfisk|Earth Power|p1a: Kadabra
|-end|p1a: Kadabra|Substitute
|
|upkeep
|turn|7
|
|t:|1598982701
|move|p1a: Kadabra|Psychic|p2a: Stunfisk
|-damage|p2a: Stunfisk|27/100
|move|p2a: Stunfisk|Earth Power|p1a: Kadabra
|-damage|p1a: Kadabra|0 fnt
|faint|p1a: Kadabra
|
|upkeep
|
|t:|1598982711
|switch|p1a: Dugtrio|Dugtrio-Alola, F, shiny|100/100
|turn|8
|
|t:|1598982723
|switch|p2a: Dusclops|Dusclops, M|100/100
|-ability|p2a: Dusclops|Pressure
|move|p1a: Dugtrio|Iron Head|p2a: Dusclops
|-damage|p2a: Dusclops|68/100
|-damage|p1a: Dugtrio|91/100|[from] item: Life Orb
|
|upkeep
|turn|9
|
|t:|1598982763
|move|p1a: Dugtrio|Sucker Punch||[still]
|-fail|p1a: Dugtrio
|move|p2a: Dusclops|Will-O-Wisp|p1a: Dugtrio
|-status|p1a: Dugtrio|brn
|
|-damage|p1a: Dugtrio|84/100 brn|[from] brn
|upkeep
|turn|10
|
|t:|1598982775
|move|p1a: Dugtrio|Sucker Punch||[still]
|-fail|p1a: Dugtrio
|move|p2a: Dusclops|Trick Room|p2a: Dusclops
|-fieldstart|move: Trick Room|[of] p2a: Dusclops
|
|-damage|p1a: Dugtrio|78/100 brn|[from] brn
|upkeep
|turn|11
|
|t:|1598982787
|switch|p2a: Beheeyem|Beheeyem, F|100/100
|switch|p1a: Dubwool|Dubwool, F, shiny|100/100
|
|upkeep
|turn|12
|
|t:|1598982797
|move|p2a: Beheeyem|Nasty Plot|p2a: Beheeyem
|-boost|p2a: Beheeyem|spa|2
|move|p1a: Dubwool|Cotton Guard|p1a: Dubwool
|-boost|p1a: Dubwool|def|3
|
|upkeep
|turn|13
|
|t:|1598982804
|move|p2a: Beheeyem|Meteor Beam||[still]
|-prepare|p2a: Beheeyem|Meteor Beam
|-boost|p2a: Beheeyem|spa|1
|-enditem|p2a: Beheeyem|Power Herb
|-anim|p2a: Beheeyem|Meteor Beam|p1a: Dubwool
|-damage|p1a: Dubwool|0 fnt
|faint|p1a: Dubwool
|
|upkeep
|
|t:|1598982811
|switch|p1a: Dugtrio|Dugtrio-Alola, F, shiny|78/100 brn
|turn|14
|
|t:|1598982819
|move|p1a: Dugtrio|Sucker Punch|p2a: Beheeyem
|-supereffective|p2a: Beheeyem
|-damage|p2a: Beheeyem|66/100
|-damage|p1a: Dugtrio|68/100 brn|[from] item: Life Orb
|move|p2a: Beheeyem|Shadow Ball|p1a: Dugtrio
|-damage|p1a: Dugtrio|0 fnt
|faint|p1a: Dugtrio
|
|-fieldend|move: Trick Room
|upkeep
|
|t:|1598982833
|switch|p1a: Flareon|Flareon, F, shiny|100/100
|turn|15
|
|t:|1598982846
|move|p1a: Flareon|Overheat|p2a: Beheeyem
|-damage|p2a: Beheeyem|2/100
|-unboost|p1a: Flareon|spa|2
|move|p2a: Beheeyem|Psychic|p1a: Flareon
|-damage|p1a: Flareon|0 fnt
|faint|p1a: Flareon
|
|upkeep
|
|t:|1598982854
|switch|p1a: Throh|Throh, M, shiny|100/100
|turn|16
|
|t:|1598982860
|move|p1a: Throh|Knock Off|p2a: Beheeyem
|-supereffective|p2a: Beheeyem
|-damage|p2a: Beheeyem|0 fnt
|faint|p2a: Beheeyem
|
|-status|p1a: Throh|brn|[from] item: Flame Orb
|upkeep
|
|t:|1598982866
|switch|p2a: Mawile|Mawile, F|100/100
|-ability|p2a: Mawile|Intimidate|boost
|-unboost|p1a: Throh|atk|1
|turn|17
|
|t:|1598982875
|switch|p2a: Stunfisk|Stunfisk, F|27/100
|switch|p1a: Falinks|Falinks, shiny|100/100
|
|upkeep
|turn|18
|
|t:|1598982884
|move|p1a: Falinks|No Retreat|p1a: Falinks
|-boost|p1a: Falinks|atk|1
|-boost|p1a: Falinks|def|1
|-boost|p1a: Falinks|spa|1
|-boost|p1a: Falinks|spd|1
|-boost|p1a: Falinks|spe|1
|-start|p1a: Falinks|move: No Retreat
|move|p2a: Stunfisk|Thunder Wave|p1a: Falinks|[miss]
|-miss|p2a: Stunfisk|p1a: Falinks
|
|upkeep
|turn|19
|
|t:|1598982894
|move|p1a: Falinks|Megahorn|p2a: Stunfisk
|-damage|p2a: Stunfisk|0 fnt
|-damage|p1a: Falinks|84/100|[from] item: Rocky Helmet|[of] p2a: Stunfisk
|faint|p2a: Stunfisk
|
|upkeep
|
|t:|1598982902
|switch|p2a: Dusclops|Dusclops, M|68/100
|-ability|p2a: Dusclops|Pressure
|turn|20
|
|t:|1598982909
|move|p1a: Falinks|Megahorn|p2a: Dusclops
|-resisted|p2a: Dusclops
|-damage|p2a: Dusclops|51/100
|move|p2a: Dusclops|Will-O-Wisp|p1a: Falinks
|-status|p1a: Falinks|brn
|
|-damage|p1a: Falinks|78/100 brn|[from] brn
|upkeep
|turn|21
|
|t:|1598982918
|move|p1a: Falinks|Rock Slide|p2a: Dusclops
|-damage|p2a: Dusclops|40/100
|move|p2a: Dusclops|Trick Room|p2a: Dusclops
|-fieldstart|move: Trick Room|[of] p2a: Dusclops
|
|-damage|p1a: Falinks|72/100 brn|[from] brn
|upkeep
|turn|22
|
|t:|1598982930
|move|p2a: Dusclops|Pain Split|p1a: Falinks
|-sethp|p1a: Falinks|57/100 brn|[from] move: Pain Split|[silent]
|-sethp|p2a: Dusclops|54/100|[from] move: Pain Split
|move|p1a: Falinks|Megahorn|p2a: Dusclops
|-resisted|p2a: Dusclops
|-damage|p2a: Dusclops|45/100
|
|-damage|p1a: Falinks|51/100 brn|[from] brn
|upkeep
|turn|23
|
|t:|1598982944
|move|p2a: Dusclops|Night Shade|p1a: Falinks
|-damage|p1a: Falinks|14/100 brn
|move|p1a: Falinks|Rock Slide|p2a: Dusclops
|-damage|p2a: Dusclops|33/100
|
|-damage|p1a: Falinks|8/100 brn|[from] brn
|upkeep
|turn|24
|
|t:|1598982951
|move|p2a: Dusclops|Night Shade|p1a: Falinks
|-damage|p1a: Falinks|0 fnt
|faint|p1a: Falinks
|
|upkeep
|
|t:|1598982955
|switch|p1a: Throh|Throh, M, shiny|100/100 brn
|turn|25
|
|t:|1598982959
|move|p2a: Dusclops|Pain Split|p1a: Throh
|-sethp|p1a: Throh|63/100 brn|[from] move: Pain Split|[silent]
|-sethp|p2a: Dusclops|84/100|[from] move: Pain Split
|move|p1a: Throh|Knock Off|p2a: Dusclops
|-supereffective|p2a: Dusclops
|-damage|p2a: Dusclops|19/100
|-enditem|p2a: Dusclops|Eviolite|[from] move: Knock Off|[of] p1a: Throh
|
|-damage|p1a: Throh|57/100 brn|[from] brn
|-fieldend|move: Trick Room
|upkeep
|turn|26
|
|t:|1598982969
|move|p1a: Throh|Knock Off|p2a: Dusclops
|-supereffective|p2a: Dusclops
|-damage|p2a: Dusclops|0 fnt
|faint|p2a: Dusclops
|
|-damage|p1a: Throh|51/100 brn|[from] brn
|upkeep
|
|t:|1598982972
|switch|p2a: Mawile|Mawile, F|100/100
|-ability|p2a: Mawile|Intimidate|boost
|-unboost|p1a: Throh|atk|1
|turn|27
|
|t:|1598982981
|switch|p2a: Golduck|Golduck, F|100/100
|move|p1a: Throh|Ice Punch|p2a: Golduck
|-resisted|p2a: Golduck
|-damage|p2a: Golduck|83/100
|
|-damage|p1a: Throh|45/100 brn|[from] brn
|upkeep
|turn|28
|
|t:|1598982995
|move|p2a: Golduck|Psychic|p1a: Throh
|-supereffective|p1a: Throh
|-damage|p1a: Throh|0 fnt
|faint|p1a: Throh
|
|win|imBenca
|l|☆tbfpikachuisbad
||Ladder (probably) updated, but score could not be retrieved (Request timeout).
