|j|☆puds madara
|j|☆yassy slay
|t:|1653685925
|gametype|singles
|player|p1|puds madara|blackbelt-gen4dp|1592
|player|p2|yassy slay|clown|1526
|teamsize|p1|6
|teamsize|p2|6
|gen|8
|tier|[Gen 8] PU
|rated|
|rule|Sleep Clause Mod: Limit one foe put to sleep
|rule|Species Clause: Limit one of each Pokémon
|rule|OHKO Clause: OHKO moves are banned
|rule|Evasion Moves Clause: Evasion moves are banned
|rule|Endless Battle Clause: Forcing endless battles is banned
|rule|HP Percentage Mod: HP is shown in percentages
|rule|Dynamax Clause: You cannot dynamax
|clearpoke
|poke|p1|Aggron, M|
|poke|p1|Aromatisse, M|
|poke|p1|Garbodor, M|
|poke|p1|Audino, M|
|poke|p1|Altaria, M|
|poke|p1|Gourgeist-*, M|
|poke|p2|Flapple, M|
|poke|p2|Archeops, M|
|poke|p2|Golduck, M|
|poke|p2|Ribombee, F|
|poke|p2|Sandaconda, M|
|poke|p2|Magneton|
|teampreview
|
|t:|1653685963
|start
|switch|p1a: GALLANTMON|Aggron, M, shiny|100/100
|switch|p2a: Magneton|Magneton|100/100
|turn|1
|
|t:|1653685967
|move|p2a: Magneton|Volt Switch|p1a: GALLANTMON
|-damage|p1a: GALLANTMON|69/100
|
|t:|1653685969
|switch|p2a: Sandaconda|Sandaconda, M|100/100|[from]move: Volt Switch
|move|p1a: GALLANTMON|Stealth Rock|p2a: Sandaconda
|-sidestart|p2: yassy slay|move: Stealth Rock
|
|-heal|p1a: GALLANTMON|75/100|[from] item: Leftovers
|upkeep
|turn|2
|
|t:|1653685977
|switch|p1a: HI HONEY|Gourgeist-Large, M, shiny|100/100
|-item|p2a: Sandaconda|Rocky Helmet|[from] ability: Frisk|[of] p1a: HI HONEY|[identify]
|move|p2a: Sandaconda|Stealth Rock|p1a: HI HONEY
|-sidestart|p1: puds madara|move: Stealth Rock
|
|upkeep
|turn|3
|
|t:|1653685984
|switch|p2a: Magneton|Magneton|100/100
|-damage|p2a: Magneton|95/100|[from] Stealth Rock
|move|p1a: HI HONEY|Poltergeist|p2a: Magneton|[miss]
|-miss|p1a: HI HONEY|p2a: Magneton
|
|upkeep
|turn|4
|
|t:|1653685994
|switch|p1a: CLERICMON|Audino, M, shiny|100/100
|move|p2a: Magneton|Flash Cannon|p1a: CLERICMON
|-damage|p1a: CLERICMON|68/100
|
|upkeep
|turn|5
|
|t:|1653686002
|move|p2a: Magneton|Flash Cannon|p1a: CLERICMON
|-damage|p1a: CLERICMON|43/100
|move|p1a: CLERICMON|Wish|p1a: CLERICMON
|
|upkeep
|turn|6
|
|t:|1653686009
|move|p1a: CLERICMON|Protect|p1a: CLERICMON
|-singleturn|p1a: CLERICMON|Protect
|move|p2a: Magneton|Flash Cannon|p1a: CLERICMON
|-activate|p1a: CLERICMON|move: Protect
|
|-heal|p1a: CLERICMON|93/100|[from] move: Wish|[wisher] CLERICMON
|upkeep
|turn|7
|
|t:|1653686015
|move|p2a: Magneton|Volt Switch|p1a: CLERICMON
|-damage|p1a: CLERICMON|69/100
|
|t:|1653686025
|switch|p2a: Golduck|Golduck, M|100/100|[from]move: Volt Switch
|-damage|p2a: Golduck|88/100|[from] Stealth Rock
|-ability|p2a: Golduck|Cloud Nine
|move|p1a: CLERICMON|Wish|p1a: CLERICMON
|
|-heal|p2a: Golduck|94/100|[from] item: Leftovers
|upkeep
|turn|8
|
|t:|1653686032
|move|p2a: Golduck|Substitute|p2a: Golduck
|-start|p2a: Golduck|Substitute
|-damage|p2a: Golduck|69/100
|move|p1a: CLERICMON|Knock Off|p2a: Golduck
|-activate|p2a: Golduck|move: Substitute|[damage]
|
|-heal|p1a: CLERICMON|100/100|[from] move: Wish|[wisher] CLERICMON
|-heal|p2a: Golduck|75/100|[from] item: Leftovers
|upkeep
|turn|9
|
|t:|1653686039
|move|p2a: Golduck|Toxic|p1a: CLERICMON
|-status|p1a: CLERICMON|tox
|move|p1a: CLERICMON|Knock Off|p2a: Golduck
|-end|p2a: Golduck|Substitute
|
|-heal|p2a: Golduck|81/100|[from] item: Leftovers
|-damage|p1a: CLERICMON|94/100 tox|[from] psn
|upkeep
|turn|10
|
|t:|1653686047
|switch|p1a: AROMATIMON|Aromatisse, M, shiny|100/100
|-damage|p1a: AROMATIMON|88/100|[from] Stealth Rock
|move|p2a: Golduck|Substitute|p2a: Golduck
|-start|p2a: Golduck|Substitute
|-damage|p2a: Golduck|56/100
|
|-heal|p2a: Golduck|62/100|[from] item: Leftovers
|-heal|p1a: AROMATIMON|94/100|[from] item: Leftovers
|upkeep
|turn|11
|
|t:|1653686050
|move|p2a: Golduck|Calm Mind|p2a: Golduck
|-boost|p2a: Golduck|spa|1
|-boost|p2a: Golduck|spd|1
|move|p1a: AROMATIMON|Heal Bell|p1a: AROMATIMON
|-activate|p1a: AROMATIMON|move: Heal Bell
|-curestatus|p1: CLERICMON|tox|[msg]
|
|-heal|p2a: Golduck|68/100|[from] item: Leftovers
|-heal|p1a: AROMATIMON|100/100|[from] item: Leftovers
|upkeep
|turn|12
|
|t:|1653686056
|switch|p1a: RISEGREYMON|Altaria, M, shiny|100/100
|move|p2a: Golduck|Calm Mind|p2a: Golduck
|-boost|p2a: Golduck|spa|1
|-boost|p2a: Golduck|spd|1
|
|-heal|p2a: Golduck|74/100|[from] item: Leftovers
|upkeep
|turn|13
|
|t:|1653686060
|move|p2a: Golduck|Toxic|p1a: RISEGREYMON
|-status|p1a: RISEGREYMON|tox
|move|p1a: RISEGREYMON|Haze|p1a: RISEGREYMON
|-clearallboost
|
|-heal|p2a: Golduck|80/100|[from] item: Leftovers
|-damage|p1a: RISEGREYMON|94/100 tox|[from] psn
|upkeep
|turn|14
|
|t:|1653686081
|-curestatus|p1a: RISEGREYMON|tox|[from] ability: Natural Cure
|switch|p1a: AROMATIMON|Aromatisse, M, shiny|100/100
|-damage|p1a: AROMATIMON|88/100|[from] Stealth Rock
|move|p2a: Golduck|Calm Mind|p2a: Golduck
|-boost|p2a: Golduck|spa|1
|-boost|p2a: Golduck|spd|1
|
|-heal|p2a: Golduck|86/100|[from] item: Leftovers
|-heal|p1a: AROMATIMON|94/100|[from] item: Leftovers
|upkeep
|turn|15
|
|t:|1653686086
|switch|p1a: RISEGREYMON|Altaria, M, shiny|94/100
|move|p2a: Golduck|Scald|p1a: RISEGREYMON
|-resisted|p1a: RISEGREYMON
|-damage|p1a: RISEGREYMON|79/100
|-status|p1a: RISEGREYMON|brn
|
|-heal|p2a: Golduck|93/100|[from] item: Leftovers
|-damage|p1a: RISEGREYMON|73/100 brn|[from] brn
|upkeep
|turn|16
|
|t:|1653686091
|move|p2a: Golduck|Scald|p1a: RISEGREYMON
|-resisted|p1a: RISEGREYMON
|-damage|p1a: RISEGREYMON|56/100 brn
|move|p1a: RISEGREYMON|Haze|p1a: RISEGREYMON
|-clearallboost
|
|-heal|p2a: Golduck|99/100|[from] item: Leftovers
|-damage|p1a: RISEGREYMON|50/100 brn|[from] brn
|upkeep
|turn|17
|
|t:|1653686100
|switch|p2a: Archeops|Archeops, M|100/100
|move|p1a: RISEGREYMON|Roost|p1a: RISEGREYMON
|-heal|p1a: RISEGREYMON|99/100 brn
|-singleturn|p1a: RISEGREYMON|move: Roost
|
|-damage|p1a: RISEGREYMON|94/100 brn|[from] brn
|upkeep
|turn|18
|
|t:|1653686113
|-curestatus|p1a: RISEGREYMON|brn|[from] ability: Natural Cure
|switch|p1a: AROMATIMON|Aromatisse, M, shiny|94/100
|-damage|p1a: AROMATIMON|82/100|[from] Stealth Rock
|move|p2a: Archeops|Stone Edge|p1a: AROMATIMON
|-damage|p1a: AROMATIMON|42/100
|
|-heal|p1a: AROMATIMON|48/100|[from] item: Leftovers
|upkeep
|turn|19
|
|t:|1653686122
|move|p2a: Archeops|U-turn|p1a: AROMATIMON
|-resisted|p1a: AROMATIMON
|-damage|p1a: AROMATIMON|38/100
|
|t:|1653686129
|switch|p2a: Magneton|Magneton|95/100|[from]move: U-turn
|-damage|p2a: Magneton|89/100|[from] Stealth Rock
|move|p1a: AROMATIMON|Wish|p1a: AROMATIMON
|
|-heal|p1a: AROMATIMON|45/100|[from] item: Leftovers
|upkeep
|turn|20
|
|t:|1653686134
|move|p1a: AROMATIMON|Protect|p1a: AROMATIMON
|-singleturn|p1a: AROMATIMON|Protect
|move|p2a: Magneton|Flash Cannon|p1a: AROMATIMON
|-activate|p1a: AROMATIMON|move: Protect
|
|-heal|p1a: AROMATIMON|95/100|[from] move: Wish|[wisher] AROMATIMON
|-heal|p1a: AROMATIMON|100/100|[from] item: Leftovers
|upkeep
|turn|21
|
|t:|1653686137
|switch|p1a: CLERICMON|Audino, M, shiny|100/100
|move|p2a: Magneton|Volt Switch|p1a: CLERICMON
|-damage|p1a: CLERICMON|70/100
|
|t:|1653686147
|switch|p2a: Archeops|Archeops, M|100/100|[from]move: Volt Switch
|
|upkeep
|turn|22
|
|t:|1653686154
|move|p2a: Archeops|U-turn|p1a: CLERICMON
|-damage|p1a: CLERICMON|46/100
|
|t:|1653686156
|switch|p2a: Magneton|Magneton|89/100|[from]move: U-turn
|-damage|p2a: Magneton|83/100|[from] Stealth Rock
|move|p1a: CLERICMON|Wish|p1a: CLERICMON
|
|upkeep
|turn|23
|
|t:|1653686162
|move|p1a: CLERICMON|Protect|p1a: CLERICMON
|-singleturn|p1a: CLERICMON|Protect
|move|p2a: Magneton|Flash Cannon|p1a: CLERICMON
|-activate|p1a: CLERICMON|move: Protect
|
|-heal|p1a: CLERICMON|96/100|[from] move: Wish|[wisher] CLERICMON
|upkeep
|turn|24
|
|t:|1653686169
|move|p2a: Magneton|Volt Switch|p1a: CLERICMON
|-damage|p1a: CLERICMON|74/100
|
|t:|1653686171
|switch|p2a: Sandaconda|Sandaconda, M|100/100|[from]move: Volt Switch
|-damage|p2a: Sandaconda|94/100|[from] Stealth Rock
|move|p1a: CLERICMON|Knock Off|p2a: Sandaconda
|-damage|p2a: Sandaconda|84/100
|-damage|p1a: CLERICMON|58/100|[from] item: Rocky Helmet|[of] p2a: Sandaconda
|-enditem|p2a: Sandaconda|Rocky Helmet|[from] move: Knock Off|[of] p1a: CLERICMON
|
|upkeep
|turn|25
|
|t:|1653686191
|switch|p1a: HI HONEY|Gourgeist-Large, M, shiny|100/100
|-damage|p1a: HI HONEY|88/100|[from] Stealth Rock
|move|p2a: Sandaconda|Glare|p1a: HI HONEY
|-status|p1a: HI HONEY|par
|
|upkeep
|turn|26
|
|t:|1653686198
|switch|p2a: Magneton|Magneton|83/100
|-damage|p2a: Magneton|77/100|[from] Stealth Rock
|move|p1a: HI HONEY|Power Whip|p2a: Magneton
|-resisted|p2a: Magneton
|-damage|p2a: Magneton|62/100
|
|upkeep
|turn|27
|
|t:|1653686203
|switch|p1a: CLERICMON|Audino, M, shiny|91/100
|move|p2a: Magneton|Flash Cannon|p1a: CLERICMON
|-damage|p1a: CLERICMON|58/100
|
|upkeep
|turn|28
|
|t:|1653686208
|move|p2a: Magneton|Volt Switch|p1a: CLERICMON
|-damage|p1a: CLERICMON|37/100
|
|t:|1653686214
|switch|p2a: Flapple|Flapple, M|100/100|[from]move: Volt Switch
|-damage|p2a: Flapple|88/100|[from] Stealth Rock
|move|p1a: CLERICMON|Wish|p1a: CLERICMON
|
|upkeep
|turn|29
|
|t:|1653686218
|move|p1a: CLERICMON|Protect|p1a: CLERICMON
|-singleturn|p1a: CLERICMON|Protect
|move|p2a: Flapple|Substitute|p2a: Flapple
|-start|p2a: Flapple|Substitute
|-damage|p2a: Flapple|63/100
|
|-heal|p1a: CLERICMON|87/100|[from] move: Wish|[wisher] CLERICMON
|upkeep
|turn|30
|
|t:|1653686243
|switch|p1a: STOMPGREYMON|Garbodor, M, shiny|100/100
|-damage|p1a: STOMPGREYMON|88/100|[from] Stealth Rock
|move|p2a: Flapple|Grav Apple|p1a: STOMPGREYMON
|-resisted|p1a: STOMPGREYMON
|-damage|p1a: STOMPGREYMON|66/100
|-unboost|p1a: STOMPGREYMON|def|1
|
|upkeep
|turn|31
|
|t:|1653686252
|move|p2a: Flapple|Grav Apple|p1a: STOMPGREYMON
|-resisted|p1a: STOMPGREYMON
|-damage|p1a: STOMPGREYMON|31/100
|-unboost|p1a: STOMPGREYMON|def|1
|move|p1a: STOMPGREYMON|Body Press|p2a: Flapple
|-activate|p2a: Flapple|move: Substitute|[damage]
|
|upkeep
|turn|32
|
|t:|1653686264
|switch|p1a: CLERICMON|Audino, M, shiny|100/100
|move|p2a: Flapple|Dragon Dance|p2a: Flapple
|-boost|p2a: Flapple|atk|1
|-boost|p2a: Flapple|spe|1
|
|upkeep
|turn|33
|
|t:|1653686271
|move|p2a: Flapple|Dragon Dance|p2a: Flapple
|-boost|p2a: Flapple|atk|1
|-boost|p2a: Flapple|spe|1
|move|p1a: CLERICMON|Wish|p1a: CLERICMON
|
|upkeep
|turn|34
|
|t:|1653686276
|switch|p1a: HI HONEY|Gourgeist-Large, M, shiny|88/100 par
|-damage|p1a: HI HONEY|76/100 par|[from] Stealth Rock
|-item|p2a: Flapple|Liechi Berry|[from] ability: Frisk|[of] p1a: HI HONEY|[identify]
|move|p2a: Flapple|Grav Apple|p1a: HI HONEY
|-resisted|p1a: HI HONEY
|-damage|p1a: HI HONEY|39/100 par
|-unboost|p1a: HI HONEY|def|1
|
|-heal|p1a: HI HONEY|97/100 par|[from] move: Wish|[wisher] CLERICMON
|upkeep
|turn|35
|
|t:|1653686291
|move|p1a: HI HONEY|Shadow Sneak|p2a: Flapple
|-crit|p2a: Flapple
|-end|p2a: Flapple|Substitute
|move|p2a: Flapple|Acrobatics|p1a: HI HONEY|[miss]
|-miss|p2a: Flapple|p1a: HI HONEY
|
|upkeep
|turn|36
|
|t:|1653686309
|switch|p1a: RISEGREYMON|Altaria, M, shiny|94/100
|move|p2a: Flapple|Grav Apple|p1a: RISEGREYMON
|-resisted|p1a: RISEGREYMON
|-damage|p1a: RISEGREYMON|67/100
|-unboost|p1a: RISEGREYMON|def|1
|
|upkeep
|turn|37
|
|t:|1653686322
|switch|p1a: STOMPGREYMON|Garbodor, M, shiny|31/100
|-damage|p1a: STOMPGREYMON|18/100|[from] Stealth Rock
|move|p2a: Flapple|Acrobatics|p1a: STOMPGREYMON
|-damage|p1a: STOMPGREYMON|0 fnt
|-damage|p2a: Flapple|38/100|[from] ability: Aftermath|[of] p1a: STOMPGREYMON
|-damage|p2a: Flapple|21/100|[from] item: Rocky Helmet|[of] p1a: STOMPGREYMON
|-enditem|p2a: Flapple|Liechi Berry|[eat]
|-boost|p2a: Flapple|atk|1|[from] item: Liechi Berry
|faint|p1a: STOMPGREYMON
|
|upkeep
|
|t:|1653686357
|switch|p1a: HI HONEY|Gourgeist-Large, M, shiny|97/100 par
|-damage|p1a: HI HONEY|85/100 par|[from] Stealth Rock
|turn|38
|
|t:|1653686373
|switch|p2a: Magneton|Magneton|62/100
|-damage|p2a: Magneton|56/100|[from] Stealth Rock
|move|p1a: HI HONEY|Shadow Sneak|p2a: Magneton
|-damage|p2a: Magneton|46/100
|
|upkeep
|turn|39
|
|t:|1653686377
|switch|p1a: CLERICMON|Audino, M, shiny|100/100
|move|p2a: Magneton|Flash Cannon|p1a: CLERICMON
|-damage|p1a: CLERICMON|69/100
|
|upkeep
|turn|40
|
|t:|1653686383
|move|p2a: Magneton|Volt Switch|p1a: CLERICMON
|-damage|p1a: CLERICMON|47/100
|
|t:|1653686391
|switch|p2a: Golduck|Golduck, M|99/100|[from]move: Volt Switch
|-damage|p2a: Golduck|86/100|[from] Stealth Rock
|-ability|p2a: Golduck|Cloud Nine
|move|p1a: CLERICMON|Wish|p1a: CLERICMON
|
|-heal|p2a: Golduck|92/100|[from] item: Leftovers
|upkeep
|turn|41
|
|t:|1653686403
|switch|p1a: AROMATIMON|Aromatisse, M, shiny|100/100
|-damage|p1a: AROMATIMON|88/100|[from] Stealth Rock
|move|p2a: Golduck|Substitute|p2a: Golduck
|-start|p2a: Golduck|Substitute
|-damage|p2a: Golduck|67/100
|
|-heal|p1a: AROMATIMON|100/100|[from] move: Wish|[wisher] CLERICMON
|-heal|p2a: Golduck|73/100|[from] item: Leftovers
|upkeep
|turn|42
|
|t:|1653686411
|move|p2a: Golduck|Calm Mind|p2a: Golduck
|-boost|p2a: Golduck|spa|1
|-boost|p2a: Golduck|spd|1
|move|p1a: AROMATIMON|Moonblast|p2a: Golduck
|-end|p2a: Golduck|Substitute
|
|-heal|p2a: Golduck|79/100|[from] item: Leftovers
|upkeep
|turn|43
|
|t:|1653686420
|switch|p1a: RISEGREYMON|Altaria, M, shiny|67/100
|move|p2a: Golduck|Calm Mind|p2a: Golduck
|-boost|p2a: Golduck|spa|1
|-boost|p2a: Golduck|spd|1
|
|-heal|p2a: Golduck|85/100|[from] item: Leftovers
|upkeep
|turn|44
|
|t:|1653686426
|move|p2a: Golduck|Substitute|p2a: Golduck
|-start|p2a: Golduck|Substitute
|-damage|p2a: Golduck|60/100
|move|p1a: RISEGREYMON|Haze|p1a: RISEGREYMON
|-clearallboost
|
|-heal|p2a: Golduck|66/100|[from] item: Leftovers
|upkeep
|turn|45
|
|t:|1653686442
|move|p2a: Golduck|Toxic|p1a: RISEGREYMON
|-status|p1a: RISEGREYMON|tox
|move|p1a: RISEGREYMON|Hurricane|p2a: Golduck
|-end|p2a: Golduck|Substitute
|
|-heal|p2a: Golduck|72/100|[from] item: Leftovers
|-damage|p1a: RISEGREYMON|61/100 tox|[from] psn
|upkeep
|turn|46
|
|t:|1653686448
|-curestatus|p1a: RISEGREYMON|tox|[from] ability: Natural Cure
|switch|p1a: AROMATIMON|Aromatisse, M, shiny|100/100
|-damage|p1a: AROMATIMON|88/100|[from] Stealth Rock
|move|p2a: Golduck|Toxic|p1a: AROMATIMON
|-status|p1a: AROMATIMON|tox
|
|-heal|p2a: Golduck|79/100|[from] item: Leftovers
|-heal|p1a: AROMATIMON|94/100 tox|[from] item: Leftovers
|-damage|p1a: AROMATIMON|88/100 tox|[from] psn
|upkeep
|turn|47
|
|t:|1653686457
|move|p2a: Golduck|Calm Mind|p2a: Golduck
|-boost|p2a: Golduck|spa|1
|-boost|p2a: Golduck|spd|1
|move|p1a: AROMATIMON|Heal Bell|p1a: AROMATIMON
|-activate|p1a: AROMATIMON|move: Heal Bell
|-curestatus|p1a: AROMATIMON|tox|[msg]
|-curestatus|p1: HI HONEY|par|[msg]
|
|-heal|p2a: Golduck|85/100|[from] item: Leftovers
|-heal|p1a: AROMATIMON|94/100|[from] item: Leftovers
|upkeep
|turn|48
|
|t:|1653686460
|switch|p1a: RISEGREYMON|Altaria, M, shiny|61/100
|move|p2a: Golduck|Toxic|p1a: RISEGREYMON
|-status|p1a: RISEGREYMON|tox
|
|-heal|p2a: Golduck|91/100|[from] item: Leftovers
|-damage|p1a: RISEGREYMON|55/100 tox|[from] psn
|upkeep
|turn|49
|
|t:|1653686465
|move|p2a: Golduck|Substitute|p2a: Golduck
|-start|p2a: Golduck|Substitute
|-damage|p2a: Golduck|66/100
|move|p1a: RISEGREYMON|Roost|p1a: RISEGREYMON
|-heal|p1a: RISEGREYMON|100/100 tox
|-singleturn|p1a: RISEGREYMON|move: Roost
|
|-heal|p2a: Golduck|72/100|[from] item: Leftovers
|-damage|p1a: RISEGREYMON|88/100 tox|[from] psn
|upkeep
|turn|50
|
|t:|1653686471
|move|p2a: Golduck|Scald|p1a: RISEGREYMON
|-resisted|p1a: RISEGREYMON
|-damage|p1a: RISEGREYMON|73/100 tox
|move|p1a: RISEGREYMON|Haze|p1a: RISEGREYMON
|-clearallboost
|
|-heal|p2a: Golduck|78/100|[from] item: Leftovers
|-damage|p1a: RISEGREYMON|54/100 tox|[from] psn
|upkeep
|turn|51
|
|t:|1653686477
|-curestatus|p1a: RISEGREYMON|tox|[from] ability: Natural Cure
|switch|p1a: AROMATIMON|Aromatisse, M, shiny|94/100
|-damage|p1a: AROMATIMON|82/100|[from] Stealth Rock
|move|p2a: Golduck|Scald|p1a: AROMATIMON
|-damage|p1a: AROMATIMON|56/100
|
|-heal|p2a: Golduck|84/100|[from] item: Leftovers
|-heal|p1a: AROMATIMON|62/100|[from] item: Leftovers
|upkeep
|turn|52
|
|t:|1653686481
|move|p2a: Golduck|Scald|p1a: AROMATIMON
|-damage|p1a: AROMATIMON|39/100
|move|p1a: AROMATIMON|Wish|p1a: AROMATIMON
|
|-heal|p2a: Golduck|90/100|[from] item: Leftovers
|-heal|p1a: AROMATIMON|45/100|[from] item: Leftovers
|upkeep
|turn|53
|
|t:|1653686485
|move|p2a: Golduck|Calm Mind|p2a: Golduck
|-boost|p2a: Golduck|spa|1
|-boost|p2a: Golduck|spd|1
|move|p1a: AROMATIMON|Moonblast|p2a: Golduck
|-activate|p2a: Golduck|move: Substitute|[damage]
|
|-heal|p1a: AROMATIMON|95/100|[from] move: Wish|[wisher] AROMATIMON
|-heal|p2a: Golduck|96/100|[from] item: Leftovers
|-heal|p1a: AROMATIMON|100/100|[from] item: Leftovers
|upkeep
|turn|54
|
|t:|1653686491
|move|p2a: Golduck|Toxic|p1a: AROMATIMON
|-status|p1a: AROMATIMON|tox
|move|p1a: AROMATIMON|Wish|p1a: AROMATIMON
|
|-heal|p2a: Golduck|100/100|[from] item: Leftovers
|-damage|p1a: AROMATIMON|94/100 tox|[from] psn
|upkeep
|turn|55
|
|t:|1653686497
|switch|p1a: RISEGREYMON|Altaria, M, shiny|54/100
|move|p2a: Golduck|Scald|p1a: RISEGREYMON
|-resisted|p1a: RISEGREYMON
|-damage|p1a: RISEGREYMON|39/100
|
|-heal|p1a: RISEGREYMON|96/100|[from] move: Wish|[wisher] AROMATIMON
|upkeep
|turn|56
|
|t:|1653686501
|switch|p2a: Archeops|Archeops, M|100/100
|move|p1a: RISEGREYMON|Haze|p1a: RISEGREYMON
|-clearallboost
|
|upkeep
|turn|57
|
|t:|1653686509
|switch|p1a: GALLANTMON|Aggron, M, shiny|75/100
|-damage|p1a: GALLANTMON|69/100|[from] Stealth Rock
|move|p2a: Archeops|Stone Edge|p1a: GALLANTMON
|-resisted|p1a: GALLANTMON
|-damage|p1a: GALLANTMON|52/100
|
|-heal|p1a: GALLANTMON|59/100|[from] item: Leftovers
|upkeep
|turn|58
|
|t:|1653686515
|move|p1a: GALLANTMON|Protect|p1a: GALLANTMON
|-singleturn|p1a: GALLANTMON|Protect
|move|p2a: Archeops|Earthquake|p1a: GALLANTMON
|-activate|p1a: GALLANTMON|move: Protect
|
|-heal|p1a: GALLANTMON|65/100|[from] item: Leftovers
|upkeep
|turn|59
|
|t:|1653686524
|switch|p1a: HI HONEY|Gourgeist-Large, M, shiny|85/100
|-damage|p1a: HI HONEY|73/100|[from] Stealth Rock
|-item|p2a: Archeops|Heavy-Duty Boots|[from] ability: Frisk|[of] p1a: HI HONEY|[identify]
|move|p2a: Archeops|U-turn|p1a: HI HONEY
|-damage|p1a: HI HONEY|55/100
|
|t:|1653686534
|switch|p2a: Magneton|Magneton|46/100|[from]move: U-turn
|-damage|p2a: Magneton|40/100|[from] Stealth Rock
|
|upkeep
|turn|60
|
|t:|1653686543
|switch|p1a: CLERICMON|Audino, M, shiny|80/100
|move|p2a: Magneton|Volt Switch|p1a: CLERICMON
|-damage|p1a: CLERICMON|51/100
|
|t:|1653686548
|switch|p2a: Archeops|Archeops, M|100/100|[from]move: Volt Switch
|
|upkeep
|turn|61
|
|t:|1653686553
|move|p1a: CLERICMON|Protect|p1a: CLERICMON
|-singleturn|p1a: CLERICMON|Protect
|move|p2a: Archeops|Earthquake|p1a: CLERICMON
|-activate|p1a: CLERICMON|move: Protect
|
|upkeep
|turn|62
|
|t:|1653686557
|move|p2a: Archeops|Stone Edge|p1a: CLERICMON
|-damage|p1a: CLERICMON|0 fnt
|faint|p1a: CLERICMON
|
|upkeep
|-message|puds madara forfeited.
|
|win|yassy slay
|raw|puds madara's rating: 1592 &rarr; <strong>1568</strong><br />(-24 for losing)
|raw|yassy slay's rating: 1526 &rarr; <strong>1550</strong><br />(+24 for winning)
|l|☆puds madara
