|html|<div class="broadcast-blue"><strong>[Gen 8] PU is currently suspecting Vanilluxe! For information on how to participate check out the <a href="https://www.smogon.com/forums/threads/np-ss-pu-stage-10-ice-cream-vanilluxe-suspect-test.3705646/">suspect thread</a>.</strong></div>
|j|☆Big Bad AF
|j|☆gassy neigh
|t:|1660508067
|gametype|singles
|player|p1|Big Bad AF|2|1405
|player|p2|gassy neigh|clown|1569
|teamsize|p1|6
|teamsize|p2|6
|gen|8
|tier|[Gen 8] PU
|rated|
|rule|Sleep Clause Mod: Limit one foe put to sleep
|rule|Species Clause: Limit one of each Pokémon
|rule|OHKO Clause: OHKO moves are banned
|rule|Evasion Items Clause: Evasion items are banned
|rule|Evasion Moves Clause: Evasion moves are banned
|rule|Endless Battle Clause: Forcing endless battles is banned
|rule|HP Percentage Mod: HP is shown in percentages
|rule|Dynamax Clause: You cannot dynamax
|clearpoke
|poke|p1|Cinccino, F|
|poke|p1|Charizard, M|
|poke|p1|Gourgeist-*, M|
|poke|p1|Gigalith, M|
|poke|p1|Comfey, M|
|poke|p1|Sandslash, M|
|poke|p2|Gigalith, F|
|poke|p2|Gourgeist-*, F|
|poke|p2|Cryogonal|
|poke|p2|Comfey, M|
|poke|p2|Kangaskhan, F|
|poke|p2|Magneton|
|teampreview
|inactive|Battle timer is ON: inactive players will automatically lose when time's up. (requested by Big Bad AF)
|
|t:|1660508084
|start
|switch|p1a: Cinccino|Cinccino, F|100/100
|switch|p2a: Magneton|Magneton|100/100
|turn|1
|
|t:|1660508092
|move|p1a: Cinccino|Knock Off|p2a: Magneton
|-damage|p2a: Magneton|78/100
|-enditem|p2a: Magneton|Eviolite|[from] move: Knock Off|[of] p1a: Cinccino
|move|p2a: Magneton|Flash Cannon|p1a: Cinccino
|-damage|p1a: Cinccino|0 fnt
|faint|p1a: Cinccino
|
|upkeep
|
|t:|1660508099
|switch|p1a: Charizard|Charizard, M|100/100
|turn|2
|
|t:|1660508102
|switch|p2a: Gigalith|Gigalith, F|100/100
|-weather|Sandstorm|[from] ability: Sand Stream|[of] p2a: Gigalith
|move|p1a: Charizard|Focus Blast|p2a: Gigalith
|-supereffective|p2a: Gigalith
|-damage|p2a: Gigalith|65/100
|
|-weather|Sandstorm|[upkeep]
|-damage|p1a: Charizard|94/100|[from] Sandstorm
|-heal|p2a: Gigalith|71/100|[from] item: Leftovers
|upkeep
|turn|3
|
|t:|1660508112
|switch|p1a: Sandslash|Sandslash, M|100/100
|move|p2a: Gigalith|Toxic|p1a: Sandslash
|-status|p1a: Sandslash|tox
|
|-weather|Sandstorm|[upkeep]
|-heal|p2a: Gigalith|78/100|[from] item: Leftovers
|-damage|p1a: Sandslash|94/100 tox|[from] psn
|upkeep
|turn|4
|
|t:|1660508120
|switch|p2a: Gourgeist|Gourgeist-Super, F|100/100
|-item|p1a: Sandslash|Leftovers|[from] ability: Frisk|[of] p2a: Gourgeist|[identify]
|move|p1a: Sandslash|Spikes|p2a: Gourgeist
|-sidestart|p2: gassy neigh|Spikes
|
|-weather|Sandstorm|[upkeep]
|-damage|p2a: Gourgeist|95/100|[from] Sandstorm
|-heal|p1a: Sandslash|100/100 tox|[from] item: Leftovers
|-damage|p1a: Sandslash|88/100 tox|[from] psn
|upkeep
|turn|5
|
|t:|1660508129
|move|p1a: Sandslash|Spikes|p2a: Gourgeist
|-sidestart|p2: gassy neigh|Spikes
|move|p2a: Gourgeist|Poltergeist|p1a: Sandslash
|-activate|p1a: Sandslash|move: Poltergeist|Leftovers
|-damage|p1a: Sandslash|52/100 tox
|
|-weather|Sandstorm|[upkeep]
|-damage|p2a: Gourgeist|89/100|[from] Sandstorm
|-heal|p1a: Sandslash|58/100 tox|[from] item: Leftovers
|-damage|p1a: Sandslash|40/100 tox|[from] psn
|upkeep
|turn|6
|
|t:|1660508140
|switch|p1a: Charizard|Charizard, M|94/100
|move|p2a: Gourgeist|Poltergeist|p1a: Charizard
|-activate|p1a: Charizard|move: Poltergeist|Heavy-Duty Boots
|-damage|p1a: Charizard|25/100
|
|-weather|none
|upkeep
|turn|7
|
|t:|1660508148
|switch|p2a: Gigalith|Gigalith, F|78/100
|-damage|p2a: Gigalith|61/100|[from] Spikes
|-weather|Sandstorm|[from] ability: Sand Stream|[of] p2a: Gigalith
|move|p1a: Charizard|Flamethrower|p2a: Gigalith
|-resisted|p2a: Gigalith
|-damage|p2a: Gigalith|45/100
|
|-weather|Sandstorm|[upkeep]
|-damage|p1a: Charizard|19/100|[from] Sandstorm
|-heal|p2a: Gigalith|52/100|[from] item: Leftovers
|upkeep
|turn|8
|
|t:|1660508159
|move|p1a: Charizard|Focus Blast|p2a: Gigalith|[miss]
|-miss|p1a: Charizard|p2a: Gigalith
|move|p2a: Gigalith|Stealth Rock|p1a: Charizard
|-sidestart|p1: Big Bad AF|move: Stealth Rock
|
|-weather|Sandstorm|[upkeep]
|-damage|p1a: Charizard|13/100|[from] Sandstorm
|-heal|p2a: Gigalith|58/100|[from] item: Leftovers
|upkeep
|turn|9
|
|t:|1660508168
|switch|p1a: Gigalith|Gigalith, M|100/100
|-damage|p1a: Gigalith|88/100|[from] Stealth Rock
|move|p2a: Gigalith|Rock Blast|p1a: Gigalith
|-damage|p1a: Gigalith|79/100
|-damage|p1a: Gigalith|71/100
|-damage|p1a: Gigalith|63/100
|-hitcount|p1a: Gigalith|3
|
|-weather|Sandstorm|[upkeep]
|-heal|p2a: Gigalith|64/100|[from] item: Leftovers
|-heal|p1a: Gigalith|69/100|[from] item: Leftovers
|upkeep
|turn|10
|
|t:|1660508179
|move|p1a: Gigalith|Stealth Rock|p2a: Gigalith
|-sidestart|p2: gassy neigh|move: Stealth Rock
|move|p2a: Gigalith|Earthquake|p1a: Gigalith
|-supereffective|p1a: Gigalith
|-damage|p1a: Gigalith|22/100
|
|-weather|Sandstorm|[upkeep]
|-heal|p1a: Gigalith|28/100|[from] item: Leftovers
|-heal|p2a: Gigalith|70/100|[from] item: Leftovers
|upkeep
|turn|11
|
|t:|1660508187
|move|p2a: Gigalith|Earthquake|p1a: Gigalith
|-supereffective|p1a: Gigalith
|-damage|p1a: Gigalith|0 fnt
|faint|p1a: Gigalith
|
|-weather|none
|-heal|p2a: Gigalith|76/100|[from] item: Leftovers
|upkeep
|
|t:|1660508192
|switch|p1a: Comfey|Comfey, M|100/100
|-damage|p1a: Comfey|88/100|[from] Stealth Rock
|turn|12
|
|t:|1660508198
|switch|p2a: Magneton|Magneton|78/100
|-damage|p2a: Magneton|61/100|[from] Spikes
|-damage|p2a: Magneton|55/100|[from] Stealth Rock
|move|p1a: Comfey|Calm Mind|p1a: Comfey
|-boost|p1a: Comfey|spa|1
|-boost|p1a: Comfey|spd|1
|
|upkeep
|turn|13
|
|t:|1660508205
|move|p1a: Comfey|Calm Mind|p1a: Comfey
|-boost|p1a: Comfey|spa|1
|-boost|p1a: Comfey|spd|1
|move|p2a: Magneton|Flash Cannon|p1a: Comfey
|-supereffective|p1a: Comfey
|-damage|p1a: Comfey|19/100
|-unboost|p1a: Comfey|spd|1
|
|upkeep
|turn|14
|
|t:|1660508212
|move|p1a: Comfey|Draining Kiss|p2a: Magneton
|-resisted|p2a: Magneton
|-damage|p2a: Magneton|20/100
|-heal|p1a: Comfey|46/100|[from] drain|[of] p2a: Magneton
|move|p2a: Magneton|Flash Cannon|p1a: Comfey
|-supereffective|p1a: Comfey
|-damage|p1a: Comfey|0 fnt
|faint|p1a: Comfey
|
|upkeep
|
|t:|1660508220
|switch|p1a: Charizard|Charizard, M|13/100
|turn|15
|
|t:|1660508224
|move|p1a: Charizard|Roost|p1a: Charizard
|-heal|p1a: Charizard|63/100
|-singleturn|p1a: Charizard|move: Roost
|move|p2a: Magneton|Volt Switch|p1a: Charizard
|-damage|p1a: Charizard|0 fnt
|faint|p1a: Charizard
|
|t:|1660508230
|switch|p2a: Cryogonal|Cryogonal|100/100|[from]move: Volt Switch
|
|upkeep
|
|t:|1660508234
|switch|p1a: Gourgeist|Gourgeist-Small, M|100/100
|-damage|p1a: Gourgeist|88/100|[from] Stealth Rock
|-item|p2a: Cryogonal|Heavy-Duty Boots|[from] ability: Frisk|[of] p1a: Gourgeist|[identify]
|turn|16
|
|t:|1660508241
|move|p2a: Cryogonal|Frost Breath|p1a: Gourgeist
|-supereffective|p1a: Gourgeist
|-crit|p1a: Gourgeist
|-damage|p1a: Gourgeist|0 fnt
|faint|p1a: Gourgeist
|
|upkeep
|
|t:|1660508246
|switch|p1a: Sandslash|Sandslash, M|40/100 tox
|-damage|p1a: Sandslash|34/100 tox|[from] Stealth Rock
|turn|17
|
|t:|1660508249
|move|p2a: Cryogonal|Frost Breath|p1a: Sandslash
|-supereffective|p1a: Sandslash
|-crit|p1a: Sandslash
|-damage|p1a: Sandslash|0 fnt
|faint|p1a: Sandslash
|
|win|gassy neigh
|raw|Big Bad AF's rating: 1405 &rarr; <strong>1394</strong><br />(-11 for losing)
|raw|gassy neigh's rating: 1569 &rarr; <strong>1580</strong><br />(+11 for winning)
|l|☆Big Bad AF
|c|☆gassy neigh|gg
|l|☆gassy neigh
