|j|☆Tasteful
|j|☆acluh1
|t:|1659053568
|gametype|singles
|player|p1|Tasteful|169|1430
|player|p2|acluh1|karen|1389
|teamsize|p1|6
|teamsize|p2|6
|gen|8
|tier|[Gen 8] PU
|rated|
|rule|Sleep Clause Mod: Limit one foe put to sleep
|rule|Species Clause: Limit one of each Pokémon
|rule|OHKO Clause: OHKO moves are banned
|rule|Evasion Moves Clause: Evasion moves are banned
|rule|Endless Battle Clause: Forcing endless battles is banned
|rule|HP Percentage Mod: HP is shown in percentages
|rule|Dynamax Clause: You cannot dynamax
|clearpoke
|poke|p1|Gigalith, F|
|poke|p1|Lycanroc, M|
|poke|p1|Eldegoss, M|
|poke|p1|Frosmoth, F|
|poke|p1|Palossand, F|
|poke|p1|Ferroseed, F|
|poke|p2|Charizard, F|
|poke|p2|Gigalith, M|
|poke|p2|Jolteon, M|
|poke|p2|Pincurchin, M|
|poke|p2|Sandaconda, F|
|poke|p2|Vanilluxe, F|
|teampreview
|inactive|Battle timer is ON: inactive players will automatically lose when time's up. (requested by acluh1)
|
|t:|1659053598
|start
|switch|p1a: Gigalith|Gigalith, F|100/100
|switch|p2a: Vanilluxe|Vanilluxe, F, shiny|100/100
|-weather|Hail|[from] ability: Snow Warning|[of] p2a: Vanilluxe
|-weather|Sandstorm|[from] ability: Sand Stream|[of] p1a: Gigalith
|turn|1
|
|t:|1659053614
|switch|p2a: Sandaconda|Sandaconda, F, shiny|100/100
|move|p1a: Gigalith|Stealth Rock|p2a: Sandaconda
|-sidestart|p2: acluh1|move: Stealth Rock
|
|-weather|Sandstorm|[upkeep]
|upkeep
|turn|2
|
|t:|1659053619
|switch|p1a: Eldegoss|Eldegoss, M|100/100
|move|p2a: Sandaconda|Glare|p1a: Eldegoss
|-status|p1a: Eldegoss|par
|
|-weather|Sandstorm|[upkeep]
|-damage|p1a: Eldegoss|94/100 par|[from] Sandstorm
|upkeep
|turn|3
|
|t:|1659053633
|switch|p2a: Charizard|Charizard, F, shiny|100/100
|move|p1a: Eldegoss|Weather Ball|p2a: Charizard
|-supereffective|p2a: Charizard
|-damage|p2a: Charizard|0 fnt
|faint|p2a: Charizard
|
|-weather|Sandstorm|[upkeep]
|-damage|p1a: Eldegoss|88/100 par|[from] Sandstorm
|upkeep
|
|t:|1659053638
|switch|p2a: Vanilluxe|Vanilluxe, F, shiny|100/100
|-damage|p2a: Vanilluxe|76/100|[from] Stealth Rock
|-weather|Hail|[from] ability: Snow Warning|[of] p2a: Vanilluxe
|turn|4
|
|t:|1659053651
|switch|p1a: Gigalith|Gigalith, F|100/100
|-weather|Sandstorm|[from] ability: Sand Stream|[of] p1a: Gigalith
|move|p2a: Vanilluxe|Flash Cannon|p1a: Gigalith
|-supereffective|p1a: Gigalith
|-damage|p1a: Gigalith|60/100
|
|-weather|Sandstorm|[upkeep]
|-damage|p2a: Vanilluxe|70/100|[from] Sandstorm
|-heal|p1a: Gigalith|67/100|[from] item: Leftovers
|upkeep
|turn|5
|
|t:|1659053661
|switch|p2a: Sandaconda|Sandaconda, F, shiny|100/100
|-damage|p2a: Sandaconda|94/100|[from] Stealth Rock
|switch|p1a: Frosmoth|Frosmoth, F|100/100
|
|-weather|Sandstorm|[upkeep]
|-damage|p1a: Frosmoth|94/100|[from] Sandstorm
|upkeep
|turn|6
|
|t:|1659053667
|move|p1a: Frosmoth|Ice Beam|p2a: Sandaconda
|-supereffective|p2a: Sandaconda
|-damage|p2a: Sandaconda|0 fnt
|faint|p2a: Sandaconda
|
|-weather|Sandstorm|[upkeep]
|-damage|p1a: Frosmoth|88/100|[from] Sandstorm
|upkeep
|
|t:|1659053670
|switch|p2a: Gigalith|Gigalith, M, shiny|100/100
|-damage|p2a: Gigalith|88/100|[from] Stealth Rock
|turn|7
|
|t:|1659053691
|switch|p1a: Palossand|Palossand, F|100/100
|move|p2a: Gigalith|Rock Blast|p1a: Palossand
|-resisted|p1a: Palossand
|-damage|p1a: Palossand|97/100
|-resisted|p1a: Palossand
|-damage|p1a: Palossand|94/100
|-resisted|p1a: Palossand
|-damage|p1a: Palossand|90/100
|-hitcount|p1a: Palossand|3
|
|-weather|Sandstorm|[upkeep]
|-heal|p2a: Gigalith|94/100|[from] item: Leftovers
|upkeep
|turn|8
|
|t:|1659053697
|switch|p2a: Jolteon|Jolteon, M|100/100
|-damage|p2a: Jolteon|88/100|[from] Stealth Rock
|move|p1a: Palossand|Earth Power|p2a: Jolteon
|-supereffective|p2a: Jolteon
|-damage|p2a: Jolteon|8/100
|
|-weather|none
|upkeep
|turn|9
|
|t:|1659053703
|switch|p1a: Gigalith|Gigalith, F|67/100
|-weather|Sandstorm|[from] ability: Sand Stream|[of] p1a: Gigalith
|move|p2a: Jolteon|Shadow Ball|p1a: Gigalith
|-damage|p1a: Gigalith|49/100
|
|-weather|Sandstorm|[upkeep]
|-damage|p2a: Jolteon|2/100|[from] Sandstorm
|-heal|p1a: Gigalith|55/100|[from] item: Leftovers
|upkeep
|turn|10
|-message|acluh1 forfeited.
|
|win|Tasteful
|raw|Tasteful's rating: 1430 &rarr; <strong>1448</strong><br />(+18 for winning)
|raw|acluh1's rating: 1389 &rarr; <strong>1371</strong><br />(-18 for losing)
|l|☆acluh1
