|j|☆imaskittle
|j|☆cafay sen sukr
|t:|1648605125
|gametype|singles
|player|p1|imaskittle|kimonogirl-gen2|1222
|player|p2|cafay sen sukr|swimmer-gen4dp|1463
|teamsize|p1|6
|teamsize|p2|6
|gen|8
|tier|[Gen 8] PU
|rated|
|rule|Sleep Clause Mod: Limit one foe put to sleep
|rule|Species Clause: Limit one of each Pokémon
|rule|OHKO Clause: OHKO moves are banned
|rule|Evasion Moves Clause: Evasion moves are banned
|rule|Endless Battle Clause: Forcing endless battles is banned
|rule|HP Percentage Mod: HP is shown in percentages
|rule|Dynamax Clause: You cannot dynamax
|clearpoke
|poke|p1|Porygon|
|poke|p1|Meowstic, M|
|poke|p1|Trevenant, F|
|poke|p1|Grapploct, M|
|poke|p1|Uxie|
|poke|p1|Pincurchin, F|
|poke|p2|Silvally-*|
|poke|p2|Glaceon, F|
|poke|p2|Articuno-Galar|
|poke|p2|Basculin, M|
|poke|p2|Magmortar, M|
|poke|p2|Claydol|
|teampreview
|
|t:|1648605152
|start
|switch|p1a: Grapploct|Grapploct, M|100/100
|switch|p2a: Articuno|Articuno-Galar|100/100
|turn|1
|
|t:|1648605159
|move|p1a: Grapploct|Sucker Punch|p2a: Articuno
|-supereffective|p2a: Articuno
|-damage|p2a: Articuno|47/100
|move|p2a: Articuno|Freezing Glare|p1a: Grapploct
|-supereffective|p1a: Grapploct
|-damage|p1a: Grapploct|0 fnt
|faint|p1a: Grapploct
|
|upkeep
|
|t:|1648605163
|switch|p1a: Pincurchin|Pincurchin, F|100/100
|-fieldstart|move: Electric Terrain|[from] ability: Electric Surge|[of] p1a: Pincurchin
|turn|2
|
|t:|1648605166
|move|p2a: Articuno|Freezing Glare|p1a: Pincurchin
|-damage|p1a: Pincurchin|0 fnt
|faint|p1a: Pincurchin
|
|upkeep
|
|t:|1648605170
|switch|p1a: Meowstic|Meowstic, M|100/100
|turn|3
|
|t:|1648605174
|move|p1a: Meowstic|Nasty Plot|p1a: Meowstic
|-boost|p1a: Meowstic|spa|2
|move|p2a: Articuno|Freezing Glare|p1a: Meowstic
|-resisted|p1a: Meowstic
|-crit|p1a: Meowstic
|-damage|p1a: Meowstic|18/100
|
|upkeep
|turn|4
|
|t:|1648605176
|move|p1a: Meowstic|Psyshock|p2a: Articuno
|-resisted|p2a: Articuno
|-damage|p2a: Articuno|13/100
|move|p2a: Articuno|Freezing Glare|p1a: Meowstic
|-resisted|p1a: Meowstic
|-damage|p1a: Meowstic|0 fnt
|faint|p1a: Meowstic
|
|upkeep
|
|t:|1648605181
|switch|p1a: Porygon|Porygon|100/100
|-ability|p1a: Porygon|Competitive|[from] ability: Trace|[of] p2a: Articuno
|turn|5
|
|t:|1648605185
|move|p2a: Articuno|Freezing Glare|p1a: Porygon
|-damage|p1a: Porygon|45/100
|move|p1a: Porygon|Foul Play|p2a: Articuno
|-supereffective|p2a: Articuno
|-damage|p2a: Articuno|0 fnt
|faint|p2a: Articuno
|
|upkeep
|
|t:|1648605198
|switch|p2a: Glaceon|Glaceon, F|100/100
|turn|6
|inactive|Battle timer is ON: inactive players will automatically lose when time's up. (requested by cafay sen sukr)
|
|t:|1648605245
|move|p2a: Glaceon|Ice Beam|p1a: Porygon
|-damage|p1a: Porygon|0 fnt
|faint|p1a: Porygon
|
|-fieldend|move: Electric Terrain
|upkeep
|
|t:|1648605248
|switch|p1a: Uxie|Uxie|100/100
|turn|7
|
|t:|1648605265
|move|p1a: Uxie|Knock Off|p2a: Glaceon
|-damage|p2a: Glaceon|86/100
|-enditem|p2a: Glaceon|Choice Specs|[from] move: Knock Off|[of] p1a: Uxie
|move|p2a: Glaceon|Ice Beam|p1a: Uxie
|-damage|p1a: Uxie|59/100
|
|upkeep
|turn|8
|inactive|imaskittle has 120 seconds left.
|
|t:|1648605312
|move|p1a: Uxie|Stealth Rock|p2a: Glaceon
|-sidestart|p2: cafay sen sukr|move: Stealth Rock
|move|p2a: Glaceon|Shadow Ball|p1a: Uxie
|-supereffective|p1a: Uxie
|-damage|p1a: Uxie|15/100
|
|upkeep
|turn|9
|
|t:|1648605316
|move|p1a: Uxie|Knock Off|p2a: Glaceon
|-damage|p2a: Glaceon|76/100
|move|p2a: Glaceon|Ice Beam|p1a: Uxie
|-damage|p1a: Uxie|0 fnt
|faint|p1a: Uxie
|
|upkeep
|
|t:|1648605318
|switch|p1a: Trevenant|Trevenant, F|100/100
|turn|10
|
|t:|1648605320
|move|p2a: Glaceon|Ice Beam|p1a: Trevenant
|-supereffective|p1a: Trevenant
|-damage|p1a: Trevenant|0 fnt
|faint|p1a: Trevenant
|
|win|cafay sen sukr
|raw|imaskittle's rating: 1222 &rarr; <strong>1212</strong><br />(-10 for losing)
|raw|cafay sen sukr's rating: 1463 &rarr; <strong>1471</strong><br />(+8 for winning)
|l|☆imaskittle
