|j|☆GeneralAnnoyance
|j|☆MentalAdversity
|player|p1|GeneralAnnoyance|lusamine-nihilego|1554
|player|p2|MentalAdversity|swimmer-gen4|1349
|teamsize|p1|6
|teamsize|p2|6
|gametype|singles
|gen|8
|tier|[Gen 8] PU
|rated|
|clearpoke
|poke|p1|Silvally-*|
|poke|p1|Shuckle, M|
|poke|p1|Pawniard, F|
|poke|p1|Stonjourner, M|
|poke|p1|Roselia, F|
|poke|p1|Beheeyem, F|
|poke|p2|Throh, M|
|poke|p2|Leafeon, M|
|poke|p2|Palpitoad, F|
|poke|p2|Vespiquen, F|
|poke|p2|Klang|
|poke|p2|Trevenant, M|
|rule|Sleep Clause Mod: Limit one foe put to sleep
|rule|Species Clause: Limit one of each Pokémon
|rule|OHKO Clause: OHKO moves are banned
|rule|Evasion Moves Clause: Evasion moves are banned
|rule|Endless Battle Clause: Forcing endless battles is banned
|rule|HP Percentage Mod: HP is shown in percentages
|rule|Dynamax Clause: You cannot dynamax
|teampreview
|c|☆GeneralAnnoyance|cool team, looks like something i'd build
|
|start
|switch|p1a: Beheeyem|Beheeyem, F|100/100
|switch|p2a: Palpitoad|Palpitoad, F, shiny|100/100
|turn|1
|c|☆MentalAdversity|unfortunately, they removed noctowl
|c|☆MentalAdversity|pretty sad about it
|
|switch|p2a: Klang|Klang, shiny|100/100
|move|p1a: Beheeyem|Psychic|p2a: Klang
|-resisted|p2a: Klang
|-damage|p2a: Klang|63/100
|
|-heal|p2a: Klang|69/100|[from] item: Leftovers
|upkeep
|turn|2
|c|☆GeneralAnnoyance|I had a team just like that with noct
|c|☆GeneralAnnoyance|that's cool
|
|switch|p1a: Pawniard|Pawniard, F|100/100
|move|p2a: Klang|Gear Grind|p1a: Pawniard
|-resisted|p1a: Pawniard
|-damage|p1a: Pawniard|93/100
|-resisted|p1a: Pawniard
|-damage|p1a: Pawniard|84/100
|-hitcount|p1a: Pawniard|2
|
|-heal|p2a: Klang|75/100|[from] item: Leftovers
|upkeep
|turn|3
|
|switch|p2a: Palpitoad|Palpitoad, F, shiny|100/100
|move|p1a: Pawniard|Knock Off|p2a: Palpitoad
|-damage|p2a: Palpitoad|72/100
|-enditem|p2a: Palpitoad|Eviolite|[from] move: Knock Off|[of] p1a: Pawniard
|
|upkeep
|turn|4
|
|switch|p1a: Roselia|Roselia, F|100/100
|move|p2a: Palpitoad|Stealth Rock|p1a: Roselia
|-sidestart|p1: GeneralAnnoyance|move: Stealth Rock
|
|upkeep
|turn|5
|
|switch|p2a: Vespiquen|Vespiquen, F, shiny|100/100
|-ability|p2a: Vespiquen|Pressure
|move|p1a: Roselia|Spikes|p2a: Vespiquen
|-sidestart|p2: MentalAdversity|Spikes
|
|upkeep
|turn|6
|
|move|p1a: Roselia|Spikes|p2a: Vespiquen
|-sidestart|p2: MentalAdversity|Spikes
|move|p2a: Vespiquen|Bug Buzz|p1a: Roselia
|-damage|p1a: Roselia|83/100
|
|upkeep
|turn|7
|
|switch|p1a: Pawniard|Pawniard, F|84/100
|-damage|p1a: Pawniard|78/100|[from] Stealth Rock
|move|p2a: Vespiquen|Defog|p1a: Pawniard
|-unboost|p1a: Pawniard|evasion|1
|-ability|p1a: Pawniard|Defiant
|-boost|p1a: Pawniard|atk|2
|-sideend|p1: GeneralAnnoyance|Stealth Rock|[from] move: Defog|[of] p2a: Vespiquen
|-sideend|p2: MentalAdversity|Spikes|[from] move: Defog|[of] p2a: Vespiquen
|
|upkeep
|turn|8
|
|switch|p2a: Palpitoad|Palpitoad, F, shiny|72/100
|move|p1a: Pawniard|Knock Off|p2a: Palpitoad
|-damage|p2a: Palpitoad|21/100
|
|upkeep
|turn|9
|
|move|p1a: Pawniard|Knock Off|p2a: Palpitoad
|-damage|p2a: Palpitoad|0 fnt
|faint|p2a: Palpitoad
|
|upkeep
|
|switch|p2a: Throh|Throh, M, shiny|100/100
|turn|10
|
|switch|p1a: Beheeyem|Beheeyem, F|100/100
|move|p2a: Throh|Circle Throw|p1a: Beheeyem
|-resisted|p1a: Beheeyem
|-damage|p1a: Beheeyem|87/100
|drag|p1a: Silvally|Silvally-Flying|100/100
|
|upkeep
|turn|11
|
|switch|p2a: Klang|Klang, shiny|75/100
|move|p1a: Silvally|Flamethrower|p2a: Klang
|-supereffective|p2a: Klang
|-damage|p2a: Klang|42/100
|
|-heal|p2a: Klang|48/100|[from] item: Leftovers
|upkeep
|turn|12
|
|switch|p1a: Pawniard|Pawniard, F|78/100
|move|p2a: Klang|Rest|p2a: Klang
|-status|p2a: Klang|slp|[from] move: Rest
|-heal|p2a: Klang|100/100 slp|[silent]
|
|upkeep
|turn|13
|
|switch|p2a: Throh|Throh, M, shiny|100/100
|move|p1a: Pawniard|Knock Off|p2a: Throh
|-resisted|p2a: Throh
|-damage|p2a: Throh|89/100
|-enditem|p2a: Throh|Leftovers|[from] move: Knock Off|[of] p1a: Pawniard
|
|upkeep
|turn|14
|
|switch|p1a: Silvally|Silvally-Flying|100/100
|move|p2a: Throh|Knock Off|p1a: Silvally
|-damage|p1a: Silvally|84/100
|
|upkeep
|turn|15
|
|switch|p1a: Roselia|Roselia, F|83/100
|move|p2a: Throh|Circle Throw|p1a: Roselia
|-resisted|p1a: Roselia
|-damage|p1a: Roselia|68/100
|drag|p1a: Silvally|Silvally-Flying|84/100
|
|upkeep
|turn|16
|
|move|p1a: Silvally|Multi-Attack|p2a: Throh
|-supereffective|p2a: Throh
|-damage|p2a: Throh|25/100
|move|p2a: Throh|Circle Throw|p1a: Silvally
|-resisted|p1a: Silvally
|-damage|p1a: Silvally|73/100
|drag|p1a: Beheeyem|Beheeyem, F|87/100
|
|upkeep
|turn|17
|
|switch|p2a: Klang|Klang, shiny|100/100 slp
|move|p1a: Beheeyem|Psychic|p2a: Klang
|-resisted|p2a: Klang
|-damage|p2a: Klang|63/100 slp
|
|-heal|p2a: Klang|69/100 slp|[from] item: Leftovers
|upkeep
|turn|18
|
|move|p1a: Beheeyem|Psychic|p2a: Klang
|-resisted|p2a: Klang
|-damage|p2a: Klang|39/100 slp
|cant|p2a: Klang|slp
|move|p2a: Klang|Sleep Talk|p2a: Klang
|move|p2a: Klang|Rest|p2a: Klang|[from]Sleep Talk
|-fail|p2a: Klang
|
|-heal|p2a: Klang|45/100 slp|[from] item: Leftovers
|upkeep
|turn|19
|c|☆MentalAdversity|gg mate will have to update my team
|-message|MentalAdversity forfeited.
|
|win|GeneralAnnoyance
|l|☆MentalAdversity
|c|☆GeneralAnnoyance|gg
|l|☆GeneralAnnoyance
|j|☆GeneralAnnoyance
|player|p1|GeneralAnnoyance|lusamine-nihilego
||Ladder (probably) updated, but score could not be retrieved (Response not received).
