|j|☆White Blueberry
|j|☆Schizoption
|t:|1598839957
|player|p1|White Blueberry|baker|
|player|p2|Schizoption|burglar-gen1|
|teamsize|p1|6
|teamsize|p2|6
|gametype|singles
|gen|8
|tier|[Gen 8] PU
|clearpoke
|poke|p1|Corsola, M|
|poke|p1|Emolga, F|
|poke|p1|Tangela, M|
|poke|p1|Klinklang|
|poke|p1|Mr. Mime-Galar, F|
|poke|p1|Raboot, M|
|poke|p2|Shuckle, F|
|poke|p2|Pawniard, F|
|poke|p2|Hakamo-o, M|
|poke|p2|Morpeko, M|
|poke|p2|Gourgeist-*, F|
|poke|p2|Kadabra, F|
|rule|Sleep Clause Mod: Limit one foe put to sleep
|rule|Species Clause: Limit one of each Pokémon
|rule|OHKO Clause: OHKO moves are banned
|rule|Evasion Moves Clause: Evasion moves are banned
|rule|Endless Battle Clause: Forcing endless battles is banned
|rule|HP Percentage Mod: HP is shown in percentages
|rule|Dynamax Clause: You cannot dynamax
|teampreview
|c|☆White Blueberry|hf
|
|t:|1598839971
|start
|switch|p1a: Emolga|Emolga, F|100/100
|switch|p2a: Shuckle|Shuckle, F|100/100
|turn|1
|
|t:|1598839978
|move|p1a: Emolga|Acrobatics|p2a: Shuckle
|-damage|p2a: Shuckle|77/100
|move|p2a: Shuckle|Sticky Web|p1a: Emolga
|-sidestart|p1: White Blueberry|move: Sticky Web
|
|upkeep
|turn|2
|
|t:|1598839981
|move|p1a: Emolga|Encore|p2a: Shuckle
|-start|p2a: Shuckle|Encore
|-enditem|p2a: Shuckle|Mental Herb
|-end|p2a: Shuckle|Encore
|move|p2a: Shuckle|Encore||[still]
|-fail|p2a: Shuckle
|
|upkeep
|turn|3
|
|t:|1598839989
|switch|p2a: Morpeko|Morpeko, M|100/100
|move|p1a: Emolga|Acrobatics|p2a: Morpeko
|-resisted|p2a: Morpeko
|-damage|p2a: Morpeko|60/100
|
|-formechange|p2a: Morpeko|Morpeko-Hangry||[from] ability: Hunger Switch
|upkeep
|turn|4
|
|t:|1598839994
|move|p1a: Emolga|U-turn|p2a: Morpeko
|-supereffective|p2a: Morpeko
|-damage|p2a: Morpeko|0 fnt
|faint|p2a: Morpeko
|
|t:|1598840000
|switch|p1a: Klinklang|Klinklang|100/100|[from]move: U-turn
|-activate|p1a: Klinklang|move: Sticky Web
|-fail|p1a: Klinklang|unboost|[from] ability: Clear Body|[of] p1a: Klinklang
|
|upkeep
|
|t:|1598840005
|switch|p2a: Hakamo-o|Hakamo-o, M|100/100
|turn|5
|
|t:|1598840017
|move|p1a: Klinklang|Toxic|p2a: Hakamo-o
|-status|p2a: Hakamo-o|tox
|move|p2a: Hakamo-o|Dragon Dance|p2a: Hakamo-o
|-boost|p2a: Hakamo-o|atk|1
|-boost|p2a: Hakamo-o|spe|1
|
|-damage|p2a: Hakamo-o|95/100 tox|[from] psn
|upkeep
|turn|6
|
|t:|1598840021
|move|p2a: Hakamo-o|Close Combat|p1a: Klinklang
|-supereffective|p1a: Klinklang
|-damage|p1a: Klinklang|0 fnt
|-unboost|p2a: Hakamo-o|def|1
|-unboost|p2a: Hakamo-o|spd|1
|faint|p1a: Klinklang
|
|-damage|p2a: Hakamo-o|83/100 tox|[from] psn
|upkeep
|
|t:|1598840027
|switch|p1a: Emolga|Emolga, F|100/100
|turn|7
|
|t:|1598840031
|switch|p1a: Corsola|Corsola, M|100/100
|-activate|p1a: Corsola|move: Sticky Web
|-unboost|p1a: Corsola|spe|1
|move|p2a: Hakamo-o|Dragon Claw|p1a: Corsola
|-damage|p1a: Corsola|62/100
|-damage|p2a: Hakamo-o|66/100 tox|[from] item: Rocky Helmet|[of] p1a: Corsola
|
|-damage|p2a: Hakamo-o|48/100 tox|[from] psn
|upkeep
|turn|8
|
|t:|1598840039
|move|p2a: Hakamo-o|Close Combat|p1a: Corsola
|-supereffective|p1a: Corsola
|-damage|p1a: Corsola|0 fnt
|-unboost|p2a: Hakamo-o|def|1
|-unboost|p2a: Hakamo-o|spd|1
|-damage|p2a: Hakamo-o|32/100 tox|[from] item: Rocky Helmet|[of] p1a: Corsola
|faint|p1a: Corsola
|
|-damage|p2a: Hakamo-o|8/100 tox|[from] psn
|upkeep
|
|t:|1598840043
|switch|p1a: Tangela|Tangela, M|100/100
|-activate|p1a: Tangela|move: Sticky Web
|-unboost|p1a: Tangela|spe|1
|turn|9
|
|t:|1598840048
|switch|p2a: Shuckle|Shuckle, F|77/100
|move|p1a: Tangela|Synthesis||[still]
|-fail|p1a: Tangela
|
|upkeep
|turn|10
|
|t:|1598840057
|switch|p1a: Emolga|Emolga, F|100/100
|move|p2a: Shuckle|Stealth Rock|p1a: Emolga
|-sidestart|p1: White Blueberry|move: Stealth Rock
|
|upkeep
|turn|11
|
|t:|1598840068
|switch|p2a: Hakamo-o|Hakamo-o, M|8/100 tox
|move|p1a: Emolga|U-turn|p2a: Hakamo-o
|-resisted|p2a: Hakamo-o
|-damage|p2a: Hakamo-o|0 fnt
|faint|p2a: Hakamo-o
|
|t:|1598840080
|switch|p1a: Mr. Mime|Mr. Mime-Galar, F|100/100|[from]move: U-turn
|
|upkeep
|
|t:|1598840087
|switch|p2a: Pawniard|Pawniard, F|100/100
|turn|12
|
|t:|1598840125
|switch|p1a: Emolga|Emolga, F|100/100
|-damage|p1a: Emolga|75/100|[from] Stealth Rock
|move|p2a: Pawniard|Sucker Punch||[still]
|-fail|p2a: Pawniard
|
|upkeep
|turn|13
|
|t:|1598840134
|switch|p2a: Shuckle|Shuckle, F|77/100
|move|p1a: Emolga|Acrobatics|p2a: Shuckle
|-damage|p2a: Shuckle|51/100
|
|upkeep
|turn|14
|
|t:|1598840141
|move|p1a: Emolga|Acrobatics|p2a: Shuckle
|-damage|p2a: Shuckle|27/100
|move|p2a: Shuckle|Final Gambit|p1a: Emolga
|-damage|p1a: Emolga|50/100
|faint|p2a: Shuckle
|
|upkeep
|
|t:|1598840143
|switch|p2a: Kadabra|Kadabra, F|100/100
|turn|15
|
|t:|1598840159
|switch|p1a: Mr. Mime|Mr. Mime-Galar, F|100/100
|move|p2a: Kadabra|Psychic|p1a: Mr. Mime
|-resisted|p1a: Mr. Mime
|-damage|p1a: Mr. Mime|63/100
|-unboost|p1a: Mr. Mime|spd|1
|
|upkeep
|turn|16
|
|t:|1598840197
|switch|p2a: Pawniard|Pawniard, F|100/100
|move|p1a: Mr. Mime|Rapid Spin|p2a: Pawniard
|-resisted|p2a: Pawniard
|-damage|p2a: Pawniard|97/100
|-boost|p1a: Mr. Mime|spe|1
|-sideend|p1: White Blueberry|Stealth Rock|[from] move: Rapid Spin|[of] p1a: Mr. Mime
|-sideend|p1: White Blueberry|Sticky Web|[from] move: Rapid Spin|[of] p1a: Mr. Mime
|
|upkeep
|turn|17
|
|t:|1598840202
|switch|p1a: Emolga|Emolga, F|50/100
|move|p2a: Pawniard|Knock Off|p1a: Emolga
|-damage|p1a: Emolga|0 fnt
|faint|p1a: Emolga
|
|upkeep
|
|t:|1598840208
|switch|p1a: Raboot|Raboot, M|100/100
|turn|18
|
|t:|1598840212
|switch|p2a: Gourgeist|Gourgeist, F|100/100
|-item|p1a: Raboot|Choice Scarf|[from] ability: Frisk|[of] p2a: Gourgeist|[identify]
|move|p1a: Raboot|Flare Blitz|p2a: Gourgeist
|-supereffective|p2a: Gourgeist
|-damage|p2a: Gourgeist|5/100
|-status|p2a: Gourgeist|brn
|-damage|p1a: Raboot|69/100|[from] Recoil
|
|-damage|p2a: Gourgeist|0 fnt|[from] brn
|faint|p2a: Gourgeist
|upkeep
|
|t:|1598840218
|switch|p2a: Kadabra|Kadabra, F|100/100
|turn|19
|
|t:|1598840225
|move|p1a: Raboot|Flare Blitz|p2a: Kadabra
|-enditem|p2a: Kadabra|Focus Sash
|-damage|p2a: Kadabra|1/100
|-damage|p1a: Raboot|42/100|[from] Recoil
|move|p2a: Kadabra|Psychic|p1a: Raboot
|-damage|p1a: Raboot|0 fnt
|faint|p1a: Raboot
|
|upkeep
|
|t:|1598840228
|switch|p1a: Mr. Mime|Mr. Mime-Galar, F|63/100
|turn|20
|
|t:|1598840232
|move|p2a: Kadabra|Thunder Wave|p1a: Mr. Mime
|-status|p1a: Mr. Mime|par
|move|p1a: Mr. Mime|Rapid Spin|p2a: Kadabra
|-damage|p2a: Kadabra|0 fnt
|-boost|p1a: Mr. Mime|spe|1
|faint|p2a: Kadabra
|
|upkeep
|
|t:|1598840236
|switch|p2a: Pawniard|Pawniard, F|97/100
|turn|21
|
|t:|1598840244
|move|p1a: Mr. Mime|Focus Blast|p2a: Pawniard
|-supereffective|p2a: Pawniard
|-damage|p2a: Pawniard|0 fnt
|faint|p2a: Pawniard
|
|win|White Blueberry
|l|☆Schizoption
|c|☆White Blueberry|gg
|n| zSpxdes|whiteblueberry
