|html|<div class="broadcast-blue"><strong>[Gen 8] PU is currently suspecting Scyther! For information on how to participate check out the <a href="https://www.smogon.com/forums/threads/np-ss-pu-stage-11-turn-turn-turn-scyther-retest.3707179/">suspect thread</a>.</strong></div>
|j|☆Lkapkd
|j|☆ti84silveredition
|inactive|Battle timer is ON: inactive players will automatically lose when time's up.
|t:|1662766732
|gametype|singles
|player|p1|Lkapkd|#bltixsnorlaxes|
|player|p2|ti84silveredition|101|
|teamsize|p1|6
|teamsize|p2|6
|gen|8
|tier|[Gen 8] PU
|rated|Tournament battle
|rule|Sleep Clause Mod: Limit one foe put to sleep
|rule|Species Clause: Limit one of each Pokémon
|rule|OHKO Clause: OHKO moves are banned
|rule|Evasion Items Clause: Evasion items are banned
|rule|Evasion Moves Clause: Evasion moves are banned
|rule|Endless Battle Clause: Forcing endless battles is banned
|rule|HP Percentage Mod: HP is shown in percentages
|rule|Dynamax Clause: You cannot dynamax
|clearpoke
|poke|p1|Hitmonlee, M|
|poke|p1|Klinklang|
|poke|p1|Ribombee, M|
|poke|p1|Mesprit|
|poke|p1|Archeops, M|
|poke|p1|Doublade, M|
|poke|p2|Gigalith, M|
|poke|p2|Quagsire, F|
|poke|p2|Scrafty, F|
|poke|p2|Weezing, M|
|poke|p2|Ferroseed, M|
|poke|p2|Ribombee, M|
|teampreview
|j|*Lady Monita
|j| BB-8-NU
|inactive|ti84silveredition also wants the timer to be on.
|j| Nike2012
|j| Aftx
|
|t:|1662766742
|start
|switch|p1a: Archeops|Archeops, M|100/100
|switch|p2a: Gigalith|Gigalith, M|100/100
|-weather|Sandstorm|[from] ability: Sand Stream|[of] p2a: Gigalith
|turn|1
|j| PinkPanth
|j| jamieon
|j| DJStankyJunk
|l| jamieon
|
|t:|1662766757
|move|p1a: Archeops|Meteor Beam||[still]
|-prepare|p1a: Archeops|Meteor Beam
|-boost|p1a: Archeops|spa|1
|-enditem|p1a: Archeops|Power Herb
|-anim|p1a: Archeops|Meteor Beam|p2a: Gigalith
|-damage|p2a: Gigalith|55/100
|move|p2a: Gigalith|Stealth Rock|p1a: Archeops
|-sidestart|p1: Lkapkd|move: Stealth Rock
|
|-weather|Sandstorm|[upkeep]
|-heal|p2a: Gigalith|61/100|[from] item: Leftovers
|upkeep
|turn|2
|
|t:|1662766764
|move|p1a: Archeops|Earth Power|p2a: Gigalith
|-supereffective|p2a: Gigalith
|-damage|p2a: Gigalith|15/100
|move|p2a: Gigalith|Rock Blast|p1a: Archeops
|-supereffective|p1a: Archeops
|-damage|p1a: Archeops|63/100
|-supereffective|p1a: Archeops
|-damage|p1a: Archeops|24/100
|-supereffective|p1a: Archeops
|-damage|p1a: Archeops|0 fnt
|faint|p1a: Archeops
|-hitcount|p1: Archeops|3
|
|-weather|Sandstorm|[upkeep]
|-heal|p2a: Gigalith|22/100|[from] item: Leftovers
|upkeep
|j| Corsmash
|
|t:|1662766777
|switch|p1a: Hitmonlee|Hitmonlee, M|100/100
|-damage|p1a: Hitmonlee|94/100|[from] Stealth Rock
|turn|3
|
|t:|1662766786
|move|p2a: Gigalith|Protect|p2a: Gigalith
|-singleturn|p2a: Gigalith|Protect
|move|p1a: Hitmonlee|Close Combat|p2a: Gigalith
|-activate|p2a: Gigalith|move: Protect
|
|-weather|Sandstorm|[upkeep]
|-damage|p1a: Hitmonlee|88/100|[from] Sandstorm
|-heal|p2a: Gigalith|28/100|[from] item: Leftovers
|upkeep
|turn|4
|j| why she kinda...
|j| ScottOBrian
|inactive|ti84silveredition has 120 seconds left.
|
|t:|1662766816
|switch|p2a: Weezing|Weezing, M|100/100
|move|p1a: Hitmonlee|Knock Off|p2a: Weezing
|-damage|p2a: Weezing|75/100
|-enditem|p2a: Weezing|Black Sludge|[from] move: Knock Off|[of] p1a: Hitmonlee
|
|-weather|Sandstorm|[upkeep]
|-damage|p1a: Hitmonlee|82/100|[from] Sandstorm
|-damage|p2a: Weezing|69/100|[from] Sandstorm
|upkeep
|turn|5
|
|t:|1662766823
|switch|p1a: Mesprit|Mesprit|100/100
|-damage|p1a: Mesprit|88/100|[from] Stealth Rock
|move|p2a: Weezing|Will-O-Wisp|p1a: Mesprit
|-status|p1a: Mesprit|brn
|
|-weather|none
|-damage|p1a: Mesprit|82/100 brn|[from] brn
|upkeep
|turn|6
|
|t:|1662766832
|switch|p2a: Scrafty|Scrafty, F|100/100
|move|p1a: Mesprit|Nasty Plot|p1a: Mesprit
|-boost|p1a: Mesprit|spa|2
|
|-damage|p1a: Mesprit|76/100 brn|[from] brn
|upkeep
|turn|7
|
|t:|1662766835
|switch|p2a: Quagsire|Quagsire, F|100/100
|move|p1a: Mesprit|Dazzling Gleam|p2a: Quagsire
|-damage|p2a: Quagsire|72/100
|
|-damage|p1a: Mesprit|70/100 brn|[from] brn
|upkeep
|turn|8
|
|t:|1662766839
|move|p1a: Mesprit|Psychic|p2a: Quagsire
|-damage|p2a: Quagsire|24/100
|move|p2a: Quagsire|Recover|p2a: Quagsire
|-heal|p2a: Quagsire|74/100
|
|-damage|p1a: Mesprit|64/100 brn|[from] brn
|upkeep
|turn|9
|
|t:|1662766842
|move|p1a: Mesprit|Shadow Ball|p2a: Quagsire
|-damage|p2a: Quagsire|45/100
|move|p2a: Quagsire|Recover|p2a: Quagsire
|-heal|p2a: Quagsire|95/100
|
|-damage|p1a: Mesprit|58/100 brn|[from] brn
|upkeep
|turn|10
|
|t:|1662766845
|move|p1a: Mesprit|Psychic|p2a: Quagsire
|-damage|p2a: Quagsire|48/100
|move|p2a: Quagsire|Waterfall|p1a: Mesprit
|-damage|p1a: Mesprit|34/100 brn
|
|-damage|p1a: Mesprit|28/100 brn|[from] brn
|upkeep
|turn|11
|
|t:|1662766849
|switch|p2a: Scrafty|Scrafty, F|100/100
|move|p1a: Mesprit|Psychic|p2a: Scrafty
|-immune|p2a: Scrafty
|
|-damage|p1a: Mesprit|22/100 brn|[from] brn
|upkeep
|turn|12
|
|t:|1662766854
|switch|p2a: Ferroseed|Ferroseed, M|100/100
|move|p1a: Mesprit|Dazzling Gleam|p2a: Ferroseed
|-resisted|p2a: Ferroseed
|-damage|p2a: Ferroseed|79/100
|
|-damage|p1a: Mesprit|16/100 brn|[from] brn
|upkeep
|turn|13
|
|t:|1662766856
|move|p2a: Ferroseed|Protect|p2a: Ferroseed
|-singleturn|p2a: Ferroseed|Protect
|move|p1a: Mesprit|Shadow Ball|p2a: Ferroseed
|-activate|p2a: Ferroseed|move: Protect
|
|-damage|p1a: Mesprit|10/100 brn|[from] brn
|upkeep
|turn|14
|
|t:|1662766859
|move|p1a: Mesprit|Shadow Ball|p2a: Ferroseed
|-damage|p2a: Ferroseed|34/100
|move|p2a: Ferroseed|Leech Seed|p1a: Mesprit
|-start|p1a: Mesprit|move: Leech Seed
|
|-damage|p1a: Mesprit|0 fnt|[from] Leech Seed|[of] p2a: Ferroseed
|-heal|p2a: Ferroseed|44/100|[silent]
|faint|p1a: Mesprit
|upkeep
|j| 0000oooo0000
|
|t:|1662766874
|switch|p1a: Doublade|Doublade, M|100/100
|-damage|p1a: Doublade|94/100|[from] Stealth Rock
|turn|15
|
|t:|1662766891
|move|p1a: Doublade|Swords Dance|p1a: Doublade
|-boost|p1a: Doublade|atk|2
|move|p2a: Ferroseed|Leech Seed|p1a: Doublade
|-start|p1a: Doublade|move: Leech Seed
|
|-damage|p1a: Doublade|82/100|[from] Leech Seed|[of] p2a: Ferroseed
|-heal|p2a: Ferroseed|58/100|[silent]
|upkeep
|turn|16
|
|t:|1662766896
|move|p2a: Ferroseed|Protect|p2a: Ferroseed
|-singleturn|p2a: Ferroseed|Protect
|move|p1a: Doublade|Swords Dance|p1a: Doublade
|-boost|p1a: Doublade|atk|2
|
|-damage|p1a: Doublade|69/100|[from] Leech Seed|[of] p2a: Ferroseed
|-heal|p2a: Ferroseed|71/100|[silent]
|upkeep
|turn|17
|j| Eneoceka
|
|t:|1662766900
|switch|p2a: Quagsire|Quagsire, F|48/100
|move|p1a: Doublade|Sacred Sword|p2a: Quagsire
|-damage|p2a: Quagsire|24/100
|
|-damage|p1a: Doublade|57/100|[from] Leech Seed|[of] p2a: Quagsire
|-heal|p2a: Quagsire|35/100|[silent]
|upkeep
|turn|18
|
|t:|1662766910
|switch|p1a: Ribombee|Ribombee, M|100/100
|move|p2a: Quagsire|Recover|p2a: Quagsire
|-heal|p2a: Quagsire|85/100
|
|upkeep
|turn|19
|
|t:|1662766917
|switch|p2a: Gigalith|Gigalith, M|28/100
|-weather|Sandstorm|[from] ability: Sand Stream|[of] p2a: Gigalith
|move|p1a: Ribombee|Moonblast|p2a: Gigalith
|-damage|p2a: Gigalith|7/100
|-unboost|p2a: Gigalith|spa|1
|
|-weather|Sandstorm|[upkeep]
|-damage|p1a: Ribombee|94/100|[from] Sandstorm
|-heal|p2a: Gigalith|13/100|[from] item: Leftovers
|upkeep
|turn|20
|
|t:|1662766925
|move|p2a: Gigalith|Protect|p2a: Gigalith
|-singleturn|p2a: Gigalith|Protect
|move|p1a: Ribombee|Quiver Dance|p1a: Ribombee
|-boost|p1a: Ribombee|spa|1
|-boost|p1a: Ribombee|spd|1
|-boost|p1a: Ribombee|spe|1
|
|-weather|Sandstorm|[upkeep]
|-damage|p1a: Ribombee|88/100|[from] Sandstorm
|-heal|p2a: Gigalith|19/100|[from] item: Leftovers
|upkeep
|turn|21
|j| aipom63
|
|t:|1662766931
|switch|p2a: Weezing|Weezing, M|69/100
|move|p1a: Ribombee|Moonblast|p2a: Weezing
|-resisted|p2a: Weezing
|-damage|p2a: Weezing|27/100
|
|-weather|Sandstorm|[upkeep]
|-damage|p1a: Ribombee|82/100|[from] Sandstorm
|-damage|p2a: Weezing|21/100|[from] Sandstorm
|upkeep
|turn|22
|
|t:|1662766938
|move|p1a: Ribombee|Moonblast|p2a: Weezing
|-resisted|p2a: Weezing
|-damage|p2a: Weezing|0 fnt
|faint|p2a: Weezing
|
|-weather|Sandstorm|[upkeep]
|-damage|p1a: Ribombee|76/100|[from] Sandstorm
|upkeep
|
|t:|1662766944
|switch|p2a: Ferroseed|Ferroseed, M|71/100
|turn|23
|
|t:|1662766952
|switch|p1a: Hitmonlee|Hitmonlee, M|82/100
|-damage|p1a: Hitmonlee|76/100|[from] Stealth Rock
|move|p2a: Ferroseed|Leech Seed|p1a: Hitmonlee
|-start|p1a: Hitmonlee|move: Leech Seed
|
|-weather|none
|-damage|p1a: Hitmonlee|63/100|[from] Leech Seed|[of] p2a: Ferroseed
|-heal|p2a: Ferroseed|82/100|[silent]
|upkeep
|turn|24
|
|t:|1662766957
|move|p2a: Ferroseed|Protect|p2a: Ferroseed
|-singleturn|p2a: Ferroseed|Protect
|move|p1a: Hitmonlee|Close Combat|p2a: Ferroseed
|-activate|p2a: Ferroseed|move: Protect
|
|-damage|p1a: Hitmonlee|51/100|[from] Leech Seed|[of] p2a: Ferroseed
|-heal|p2a: Ferroseed|92/100|[silent]
|upkeep
|turn|25
|
|t:|1662766961
|switch|p2a: Ribombee|Ribombee, M|100/100
|move|p1a: Hitmonlee|Close Combat|p2a: Ribombee
|-resisted|p2a: Ribombee
|-damage|p2a: Ribombee|71/100
|-unboost|p1a: Hitmonlee|def|1
|-unboost|p1a: Hitmonlee|spd|1
|-enditem|p1a: Hitmonlee|White Herb
|-clearnegativeboost|p1a: Hitmonlee|[silent]
|
|-damage|p1a: Hitmonlee|38/100|[from] Leech Seed|[of] p2a: Ribombee
|-heal|p2a: Ribombee|82/100|[silent]
|upkeep
|turn|26
|
|t:|1662766967
|switch|p2a: Ferroseed|Ferroseed, M|92/100
|move|p1a: Hitmonlee|Poison Jab|p2a: Ferroseed
|-immune|p2a: Ferroseed
|
|-damage|p1a: Hitmonlee|26/100|[from] Leech Seed|[of] p2a: Ferroseed
|-heal|p2a: Ferroseed|100/100|[silent]
|upkeep
|turn|27
|
|t:|1662766976
|switch|p1a: Klinklang|Klinklang|100/100
|-damage|p1a: Klinklang|95/100|[from] Stealth Rock
|move|p2a: Ferroseed|Protect||[still]
|-fail|p2a: Ferroseed
|
|-heal|p1a: Klinklang|100/100|[from] item: Leftovers
|upkeep
|turn|28
|j| miguzitolo
|j| Squirl2729
|
|t:|1662766982
|switch|p1a: Hitmonlee|Hitmonlee, M|26/100
|-damage|p1a: Hitmonlee|20/100|[from] Stealth Rock
|switch|p2a: Quagsire|Quagsire, F|85/100
|
|upkeep
|turn|29
|
|t:|1662766985
|move|p1a: Hitmonlee|Close Combat|p2a: Quagsire
|-damage|p2a: Quagsire|39/100
|-unboost|p1a: Hitmonlee|def|1
|-unboost|p1a: Hitmonlee|spd|1
|move|p2a: Quagsire|Waterfall|p1a: Hitmonlee
|-damage|p1a: Hitmonlee|0 fnt
|faint|p1a: Hitmonlee
|
|upkeep
|j| NUZC resenha
|
|t:|1662766991
|switch|p1a: Ribombee|Ribombee, M|76/100
|turn|30
|
|t:|1662766996
|switch|p2a: Ferroseed|Ferroseed, M|100/100
|move|p1a: Ribombee|Moonblast|p2a: Ferroseed
|-resisted|p2a: Ferroseed
|-damage|p2a: Ferroseed|84/100
|
|upkeep
|turn|31
|
|t:|1662767001
|switch|p1a: Doublade|Doublade, M|57/100
|-damage|p1a: Doublade|51/100|[from] Stealth Rock
|move|p2a: Ferroseed|Leech Seed|p1a: Doublade
|-start|p1a: Doublade|move: Leech Seed
|
|-damage|p1a: Doublade|38/100|[from] Leech Seed|[of] p2a: Ferroseed
|-heal|p2a: Ferroseed|97/100|[silent]
|upkeep
|turn|32
|l| NUZC resenha
|
|t:|1662767010
|switch|p1a: Klinklang|Klinklang|100/100
|-damage|p1a: Klinklang|95/100|[from] Stealth Rock
|move|p2a: Ferroseed|Spikes|p1a: Klinklang
|-sidestart|p1: Lkapkd|Spikes
|
|-heal|p1a: Klinklang|100/100|[from] item: Leftovers
|upkeep
|turn|33
|j| Tails72
|
|t:|1662767031
|switch|p2a: Scrafty|Scrafty, F|100/100
|move|p1a: Klinklang|Substitute|p1a: Klinklang
|-start|p1a: Klinklang|Substitute
|-damage|p1a: Klinklang|76/100
|
|-heal|p1a: Klinklang|82/100|[from] item: Leftovers
|upkeep
|turn|34
|
|t:|1662767036
|move|p1a: Klinklang|Shift Gear|p1a: Klinklang
|-boost|p1a: Klinklang|spe|2
|-boost|p1a: Klinklang|atk|1
|move|p2a: Scrafty|Drain Punch|p1a: Klinklang
|-supereffective|p1a: Klinklang
|-end|p1a: Klinklang|Substitute
|
|-heal|p1a: Klinklang|88/100|[from] item: Leftovers
|upkeep
|turn|35
|
|t:|1662767042
|move|p1a: Klinklang|Gear Grind|p2a: Scrafty
|-damage|p2a: Scrafty|69/100
|-damage|p2a: Scrafty|39/100
|-hitcount|p2a: Scrafty|2
|move|p2a: Scrafty|Drain Punch|p1a: Klinklang
|-supereffective|p1a: Klinklang
|-damage|p1a: Klinklang|37/100
|-heal|p2a: Scrafty|61/100|[from] drain|[of] p1a: Klinklang
|
|-heal|p1a: Klinklang|43/100|[from] item: Leftovers
|-heal|p2a: Scrafty|67/100|[from] item: Leftovers
|upkeep
|turn|36
|
|t:|1662767047
|move|p1a: Klinklang|Gear Grind|p2a: Scrafty
|-damage|p2a: Scrafty|38/100
|-damage|p2a: Scrafty|8/100
|-hitcount|p2a: Scrafty|2
|move|p2a: Scrafty|Drain Punch|p1a: Klinklang
|-supereffective|p1a: Klinklang
|-damage|p1a: Klinklang|0 fnt
|-heal|p2a: Scrafty|27/100|[from] drain|[of] p1a: Klinklang
|faint|p1a: Klinklang
|
|-heal|p2a: Scrafty|33/100|[from] item: Leftovers
|upkeep
|
|t:|1662767051
|switch|p1a: Ribombee|Ribombee, M|76/100
|turn|37
|
|t:|1662767055
|switch|p2a: Ferroseed|Ferroseed, M|97/100
|move|p1a: Ribombee|Moonblast|p2a: Ferroseed
|-resisted|p2a: Ferroseed
|-damage|p2a: Ferroseed|79/100
|
|upkeep
|turn|38
|-message|Lkapkd forfeited.
|
|win|ti84silveredition
|n|☆Lkapkd|lkapkd
|n|☆ti84silveredition|ti84silveredition
|n|*Lady Monita|ladymonita
|n| BB-8-NU|bb8nu
|n| Nike2012|nike2012
|n| Aftx|aftx
|n| PinkPanth|pinkpanth
|n| DJStankyJunk|djstankyjunk
|n| Corsmash|corsmash
|n| why she kinda...|whyshekinda
|n| ScottOBrian|scottobrian
|n| 0000oooo0000|0000oooo0000
|n| Eneoceka|eneoceka
|n| aipom63|aipom63
|n| miguzitolo|miguzitolo
|n| Squirl2729|squirl2729
|n| Tails72|tails72
|l|*Lady Monita
|l|☆Lkapkd
|l| BB-8-NU
|l|☆ti84silveredition
|l| DJStankyJunk
|l| aipom63
|l| why she kinda...
|l| Aftx
|l| Tails72
|l| Eneoceka
|l| 0000oooo0000
|l| Corsmash
|l| ScottOBrian
|l| Nike2012
|l| PinkPanth
|l| miguzitolo
|j| Failbor21
