|j|☆paper rings
|j|☆allstarapology
|t:|1604944746
|player|p1|paper rings|dawn-gen4pt|1573
|player|p2|allstarapology|nurse|1339
|teamsize|p1|6
|teamsize|p2|6
|gametype|singles
|gen|8
|tier|[Gen 8] PU
|rated|
|clearpoke
|poke|p1|Togedemaru, M|
|poke|p1|Rotom-Fan|
|poke|p1|Qwilfish, F|
|poke|p1|Sandaconda, F|
|poke|p1|Kadabra, M|
|poke|p1|Cinccino, M|
|poke|p2|Accelgor, F|
|poke|p2|Dugtrio-Alola, M|
|poke|p2|Carracosta, F|
|poke|p2|Silvally-*|
|poke|p2|Rotom-Fan|
|poke|p2|Gothitelle, F|
|rule|Sleep Clause Mod: Limit one foe put to sleep
|rule|Species Clause: Limit one of each Pokémon
|rule|OHKO Clause: OHKO moves are banned
|rule|Evasion Moves Clause: Evasion moves are banned
|rule|Endless Battle Clause: Forcing endless battles is banned
|rule|HP Percentage Mod: HP is shown in percentages
|rule|Dynamax Clause: You cannot dynamax
|teampreview
|inactive|Battle timer is ON: inactive players will automatically lose when time's up. (requested by allstarapology)
|c|☆allstarapology|so this is how it is
|c|☆paper rings|wait
|c|☆paper rings|omg
|c|☆paper rings|hf
|c|☆allstarapology|u2
|inactive|paper rings has 120 seconds left.
|
|t:|1604944787
|start
|switch|p1a: Togedemaru|Togedemaru, M|100/100
|switch|p2a: 1|Accelgor, F|100/100
|turn|1
|
|t:|1604944796
|move|p2a: 1|Spikes|p1a: Togedemaru
|-sidestart|p1: paper rings|Spikes
|move|p1a: Togedemaru|Substitute|p1a: Togedemaru
|-start|p1a: Togedemaru|Substitute
|-damage|p1a: Togedemaru|76/100
|
|-heal|p1a: Togedemaru|82/100|[from] item: Leftovers
|upkeep
|turn|2
|
|t:|1604944801
|move|p2a: 1|Encore|p1a: Togedemaru
|-start|p1a: Togedemaru|Encore
|move|p1a: Togedemaru|Substitute|p1a: Togedemaru
|-fail|p1a: Togedemaru|move: Substitute
|
|-heal|p1a: Togedemaru|88/100|[from] item: Leftovers
|upkeep
|turn|3
|c|☆paper rings|wtf
|
|t:|1604944815
|move|p2a: 1|Spikes|p1a: Togedemaru
|-sidestart|p1: paper rings|Spikes
|move|p1a: Togedemaru|Substitute|p1a: Togedemaru
|-fail|p1a: Togedemaru|move: Substitute
|
|-heal|p1a: Togedemaru|94/100|[from] item: Leftovers
|upkeep
|turn|4
|c|☆allstarapology|do it again
|
|t:|1604944818
|move|p2a: 1|Spikes|p1a: Togedemaru
|-sidestart|p1: paper rings|Spikes
|move|p1a: Togedemaru|Substitute|p1a: Togedemaru
|-fail|p1a: Togedemaru|move: Substitute
|
|-heal|p1a: Togedemaru|99/100|[from] item: Leftovers
|-end|p1a: Togedemaru|Encore
|upkeep
|turn|5
|
|t:|1604944830
|move|p2a: 1|Encore|p1a: Togedemaru
|-start|p1a: Togedemaru|Encore
|move|p1a: Togedemaru|Substitute|p1a: Togedemaru
|-fail|p1a: Togedemaru|move: Substitute
|
|-heal|p1a: Togedemaru|100/100|[from] item: Leftovers
|upkeep
|turn|6
|
|t:|1604944839
|move|p2a: 1|Bug Buzz|p1a: Togedemaru
|-resisted|p1a: Togedemaru
|-damage|p1a: Togedemaru|80/100
|move|p1a: Togedemaru|Substitute|p1a: Togedemaru
|-fail|p1a: Togedemaru|move: Substitute
|
|-heal|p1a: Togedemaru|86/100|[from] item: Leftovers
|upkeep
|turn|7
|
|t:|1604944860
|switch|p1a: Rotom|Rotom-Fan|100/100
|move|p2a: 1|Bug Buzz|p1a: Rotom
|-resisted|p1a: Rotom
|-damage|p1a: Rotom|79/100
|
|-heal|p1a: Rotom|85/100|[from] item: Leftovers
|upkeep
|turn|8
|
|t:|1604944863
|switch|p1a: Kadabra|Kadabra, M|100/100
|move|p2a: 1|Final Gambit|p1a: Kadabra
|-enditem|p1a: Kadabra|Focus Sash
|-damage|p1a: Kadabra|1/100
|faint|p2a: 1
|
|upkeep
|
|t:|1604944866
|switch|p2a: 2|Dugtrio-Alola, M|100/100
|turn|9
|
|t:|1604944871
|switch|p1a: Sandaconda|Sandaconda, F|100/100
|-damage|p1a: Sandaconda|75/100|[from] Spikes
|move|p2a: 2|Stealth Rock|p1a: Sandaconda
|-sidestart|p1: paper rings|move: Stealth Rock
|
|upkeep
|turn|10
|
|t:|1604944875
|move|p2a: 2|Earthquake|p1a: Sandaconda
|-damage|p1a: Sandaconda|50/100
|move|p1a: Sandaconda|Stealth Rock|p2a: 2
|-sidestart|p2: allstarapology|move: Stealth Rock
|
|upkeep
|turn|11
|
|t:|1604944880
|move|p2a: 2|Iron Head|p1a: Sandaconda
|-damage|p1a: Sandaconda|28/100
|-damage|p2a: 2|84/100|[from] item: Rocky Helmet|[of] p1a: Sandaconda
|cant|p1a: Sandaconda|flinch
|
|upkeep
|turn|12
|
|t:|1604944884
|move|p2a: 2|Earthquake|p1a: Sandaconda
|-damage|p1a: Sandaconda|2/100
|move|p1a: Sandaconda|Rest|p1a: Sandaconda
|-status|p1a: Sandaconda|slp|[from] move: Rest
|-heal|p1a: Sandaconda|100/100 slp|[silent]
|
|upkeep
|turn|13
|c|☆allstarapology|oh no
|c|☆allstarapology|her
|
|t:|1604944896
|move|p2a: 2|Iron Head|p1a: Sandaconda
|-damage|p1a: Sandaconda|79/100 slp
|-damage|p2a: 2|67/100|[from] item: Rocky Helmet|[of] p1a: Sandaconda
|cant|p1a: Sandaconda|slp
|
|-activate|p1a: Sandaconda|ability: Shed Skin
|-curestatus|p1a: Sandaconda|slp|[msg]
|upkeep
|turn|14
|
|t:|1604944908
|switch|p1a: Kadabra|Kadabra, M|1/100
|move|p2a: 2|Iron Head|p1a: Kadabra
|-damage|p1a: Kadabra|0 fnt
|faint|p1a: Kadabra
|
|upkeep
|
|t:|1604944911
|switch|p1a: Cinccino|Cinccino, M|100/100
|-damage|p1a: Cinccino|88/100|[from] Stealth Rock
|-damage|p1a: Cinccino|63/100|[from] Spikes
|turn|15
|
|t:|1604944914
|move|p1a: Cinccino|Bullet Seed|p2a: 2
|-damage|p2a: 2|51/100
|-damage|p2a: 2|35/100
|-damage|p2a: 2|16/100
|-damage|p2a: 2|0 fnt
|-hitcount|p2a: 2|4
|faint|p2a: 2
|
|upkeep
|
|t:|1604944919
|switch|p2a: 3|Carracosta, F|100/100
|turn|16
|inactive|allstarapology has 120 seconds left.
|inactive|paper rings has 120 seconds left.
|
|t:|1604944972
|move|p1a: Cinccino|Bullet Seed|p2a: 3
|-supereffective|p2a: 3
|-damage|p2a: 3|76/100
|-supereffective|p2a: 3
|-damage|p2a: 3|51/100
|-supereffective|p2a: 3
|-crit|p2a: 3
|-damage|p2a: 3|12/100
|-supereffective|p2a: 3
|-damage|p2a: 3|0 fnt
|-hitcount|p2a: 3|4
|faint|p2a: 3
|
|upkeep
|
|t:|1604944980
|switch|p2a: 4|Silvally-Poison|100/100
|-damage|p2a: 4|88/100|[from] Stealth Rock
|turn|17
|inactive|paper rings has 120 seconds left.
|
|t:|1604944991
|move|p1a: Cinccino|Tail Slap|p2a: 4
|-damage|p2a: 4|76/100
|-damage|p2a: 4|64/100
|-damage|p2a: 4|52/100
|-damage|p2a: 4|42/100
|-damage|p2a: 4|30/100
|-hitcount|p2a: 4|5
|cant|p2a: 4|flinch
|
|upkeep
|turn|18
|c|☆allstarapology|so
|c|☆allstarapology|dishonest
|inactive|paper rings has 120 seconds left.
|
|t:|1604945005
|move|p1a: Cinccino|Tail Slap|p2a: 4
|-crit|p2a: 4
|-damage|p2a: 4|13/100
|-damage|p2a: 4|2/100
|-damage|p2a: 4|0 fnt
|-hitcount|p2a: 4|3
|faint|p2a: 4
|
|upkeep
|
|t:|1604945008
|switch|p2a: 5|Rotom-Fan|100/100
|turn|19
|c|☆paper rings|ty
|
|t:|1604945013
|move|p1a: Cinccino|Rock Blast|p2a: 5|[miss]
|-miss|p1a: Cinccino|p2a: 5
|move|p2a: 5|Thunderbolt|p1a: Cinccino
|-damage|p1a: Cinccino|0 fnt
|faint|p1a: Cinccino
|
|upkeep
|
|t:|1604945024
|switch|p1a: Rotom|Rotom-Fan|85/100
|-damage|p1a: Rotom|60/100|[from] Stealth Rock
|turn|20
|
|t:|1604945028
|move|p2a: 5|Nasty Plot|p2a: 5
|-boost|p2a: 5|spa|2
|move|p1a: Rotom|Discharge|p2a: 5
|-damage|p2a: 5|49/100
|
|-heal|p1a: Rotom|66/100|[from] item: Leftovers
|upkeep
|turn|21
|
|t:|1604945033
|move|p2a: 5|Thunderbolt|p1a: Rotom
|-damage|p1a: Rotom|0 fnt
|faint|p1a: Rotom
|
|upkeep
|
|t:|1604945040
|switch|p1a: Togedemaru|Togedemaru, M|86/100
|-damage|p1a: Togedemaru|80/100|[from] Stealth Rock
|-damage|p1a: Togedemaru|55/100|[from] Spikes
|turn|22
|
|t:|1604945054
|move|p1a: Togedemaru|Super Fang|p2a: 5
|-damage|p2a: 5|25/100
|move|p2a: 5|Air Slash|p1a: Togedemaru
|-resisted|p1a: Togedemaru
|-damage|p1a: Togedemaru|33/100
|
|-heal|p1a: Togedemaru|39/100|[from] item: Leftovers
|upkeep
|turn|23
|
|t:|1604945058
|move|p1a: Togedemaru|Encore|p2a: 5
|-start|p2a: 5|Encore
|move|p2a: 5|Air Slash|p1a: Togedemaru
|-resisted|p1a: Togedemaru
|-crit|p1a: Togedemaru
|-damage|p1a: Togedemaru|6/100
|
|-heal|p1a: Togedemaru|12/100|[from] item: Leftovers
|upkeep
|turn|24
|
|t:|1604945062
|move|p1a: Togedemaru|Iron Head|p2a: 5
|-resisted|p2a: 5
|-damage|p2a: 5|8/100
|cant|p2a: 5|flinch
|
|-heal|p1a: Togedemaru|18/100|[from] item: Leftovers
|upkeep
|turn|25
|
|t:|1604945064
|move|p1a: Togedemaru|Iron Head|p2a: 5
|-resisted|p2a: 5
|-damage|p2a: 5|0 fnt
|faint|p2a: 5
|
|-heal|p1a: Togedemaru|24/100|[from] item: Leftovers
|upkeep
|c|☆allstarapology|oh nooooo
|
|t:|1604945069
|switch|p2a: 6|Gothitelle, F|100/100
|-damage|p2a: 6|88/100|[from] Stealth Rock
|turn|26
|
|t:|1604945074
|move|p1a: Togedemaru|Super Fang|p2a: 6
|-damage|p2a: 6|44/100
|move|p2a: 6|Cosmic Power|p2a: 6
|-boost|p2a: 6|def|1
|-boost|p2a: 6|spd|1
|
|-heal|p1a: Togedemaru|30/100|[from] item: Leftovers
|upkeep
|turn|27
|
|t:|1604945076
|move|p1a: Togedemaru|Encore|p2a: 6
|-start|p2a: 6|Encore
|move|p2a: 6|Cosmic Power|p2a: 6
|-boost|p2a: 6|def|1
|-boost|p2a: 6|spd|1
|
|-heal|p1a: Togedemaru|36/100|[from] item: Leftovers
|upkeep
|turn|28
|
|t:|1604945078
|move|p1a: Togedemaru|Super Fang|p2a: 6
|-damage|p2a: 6|23/100
|move|p2a: 6|Cosmic Power|p2a: 6
|-boost|p2a: 6|def|1
|-boost|p2a: 6|spd|1
|
|-heal|p1a: Togedemaru|42/100|[from] item: Leftovers
|upkeep
|turn|29
|
|t:|1604945081
|move|p1a: Togedemaru|Super Fang|p2a: 6
|-damage|p2a: 6|12/100
|move|p2a: 6|Cosmic Power|p2a: 6
|-boost|p2a: 6|def|1
|-boost|p2a: 6|spd|1
|
|-heal|p1a: Togedemaru|48/100|[from] item: Leftovers
|-end|p2a: 6|Encore
|upkeep
|turn|30
|
|t:|1604945083
|move|p1a: Togedemaru|Encore|p2a: 6
|-start|p2a: 6|Encore
|move|p2a: 6|Cosmic Power|p2a: 6
|-boost|p2a: 6|def|1
|-boost|p2a: 6|spd|1
|
|-heal|p1a: Togedemaru|54/100|[from] item: Leftovers
|upkeep
|turn|31
|c|☆allstarapology|this is so cheap
|c|☆allstarapology|what
|c|☆allstarapology|who uses encore
|c|☆paper rings|i love this set
|
|t:|1604945105
|move|p1a: Togedemaru|Iron Head|p2a: 6
|-damage|p2a: 6|5/100
|move|p2a: 6|Cosmic Power|p2a: 6
|-boost|p2a: 6|def|1
|-boost|p2a: 6|spd|1
|
|-heal|p1a: Togedemaru|60/100|[from] item: Leftovers
|upkeep
|turn|32
|c|☆paper rings|it's very
|c|☆paper rings|dishonest
|
|t:|1604945119
|move|p1a: Togedemaru|Iron Head|p2a: 6
|-damage|p2a: 6|0 fnt
|faint|p2a: 6
|
|win|paper rings
|c|☆allstarapology|gg
|l|☆allstarapology
|c|☆paper rings|gg
