|j|☆JoJo Reference #11
|j|☆Rquiem
|t:|1667099092
|gametype|singles
|player|p1|JoJo Reference #11|169|1347
|player|p2|Rquiem|acetrainerf-gen6|1264
|teamsize|p1|6
|teamsize|p2|6
|gen|8
|tier|[Gen 8] PU
|rated|
|rule|Sleep Clause Mod: Limit one foe put to sleep
|rule|Species Clause: Limit one of each Pokémon
|rule|OHKO Clause: OHKO moves are banned
|rule|Evasion Items Clause: Evasion items are banned
|rule|Evasion Moves Clause: Evasion moves are banned
|rule|Endless Battle Clause: Forcing endless battles is banned
|rule|HP Percentage Mod: HP is shown in percentages
|rule|Dynamax Clause: You cannot dynamax
|clearpoke
|poke|p1|Doublade, F|
|poke|p1|Gourgeist-*, M|
|poke|p1|Glastrier|
|poke|p1|Mawile, M|
|poke|p1|Aromatisse, F|
|poke|p1|Audino, M|
|poke|p2|Charizard, M|
|poke|p2|Archeops, F|
|poke|p2|Articuno-Galar|
|poke|p2|Altaria, M|
|poke|p2|Drifblim, F|
|poke|p2|Swoobat, M|
|teampreview
|inactive|Battle timer is ON: inactive players will automatically lose when time's up. (requested by JoJo Reference #11)
|
|t:|1667099108
|start
|switch|p1a: Aromatisse|Aromatisse, F|100/100
|switch|p2a: Swoobat|Swoobat, M|100/100
|turn|1
|
|t:|1667099112
|move|p2a: Swoobat|Calm Mind|p2a: Swoobat
|-boost|p2a: Swoobat|spa|2
|-boost|p2a: Swoobat|spd|2
|move|p1a: Aromatisse|Trick Room|p1a: Aromatisse
|-fieldstart|move: Trick Room|[of] p1a: Aromatisse
|
|upkeep
|turn|2
|
|t:|1667099115
|switch|p1a: Gourgeist|Gourgeist-Super, M|100/100
|-item|p2a: Swoobat|Leftovers|[from] ability: Frisk|[of] p1a: Gourgeist|[identify]
|move|p2a: Swoobat|Stored Power|p1a: Gourgeist
|-damage|p1a: Gourgeist|10/100
|
|upkeep
|turn|3
|
|t:|1667099121
|move|p1a: Gourgeist|Poltergeist|p2a: Swoobat
|-activate|p2a: Swoobat|move: Poltergeist|Leftovers
|-supereffective|p2a: Swoobat
|-damage|p2a: Swoobat|0 fnt
|faint|p2a: Swoobat
|
|upkeep
|
|t:|1667099123
|switch|p2a: Altaria|Altaria, M|100/100
|-ability|p2a: Altaria|Cloud Nine
|turn|4
|
|t:|1667099125
|move|p1a: Gourgeist|Poltergeist|p2a: Altaria
|-activate|p2a: Altaria|move: Poltergeist|Choice Specs
|-damage|p2a: Altaria|43/100
|move|p2a: Altaria|Ice Beam|p1a: Gourgeist
|-supereffective|p1a: Gourgeist
|-damage|p1a: Gourgeist|0 fnt
|faint|p1a: Gourgeist
|
|upkeep
|
|t:|1667099128
|switch|p1a: Mawile|Mawile, M|100/100
|turn|5
|
|t:|1667099131
|switch|p2a: Charizard|Charizard, M|100/100
|move|p1a: Mawile|Rock Slide|p2a: Charizard|[miss]
|-miss|p1a: Mawile|p2a: Charizard
|
|-fieldend|move: Trick Room
|upkeep
|turn|6
|
|t:|1667099135
|switch|p1a: Aromatisse|Aromatisse, F|100/100
|move|p2a: Charizard|Fire Blast|p1a: Aromatisse
|-damage|p1a: Aromatisse|61/100
|-status|p1a: Aromatisse|brn
|
|-damage|p1a: Aromatisse|55/100 brn|[from] brn
|upkeep
|turn|7
|
|t:|1667099139
|move|p2a: Charizard|Air Slash|p1a: Aromatisse
|-damage|p1a: Aromatisse|24/100 brn
|move|p1a: Aromatisse|Trick Room|p1a: Aromatisse
|-fieldstart|move: Trick Room|[of] p1a: Aromatisse
|
|-damage|p1a: Aromatisse|17/100 brn|[from] brn
|upkeep
|turn|8
|
|t:|1667099143
|move|p1a: Aromatisse|Thunderbolt|p2a: Charizard
|-supereffective|p2a: Charizard
|-damage|p2a: Charizard|30/100
|move|p2a: Charizard|Air Slash|p1a: Aromatisse
|-damage|p1a: Aromatisse|0 fnt
|faint|p1a: Aromatisse
|
|upkeep
|
|t:|1667099146
|switch|p1a: Glastrier|Glastrier|100/100
|turn|9
|
|t:|1667099154
|move|p1a: Glastrier|Icicle Crash|p2a: Charizard
|-damage|p2a: Charizard|0 fnt
|faint|p2a: Charizard
|-ability|p1a: Glastrier|Chilling Neigh|boost
|-boost|p1a: Glastrier|atk|1
|
|upkeep
|
|t:|1667099156
|switch|p2a: Altaria|Altaria, M|43/100
|-ability|p2a: Altaria|Cloud Nine
|turn|10
|
|t:|1667099158
|move|p1a: Glastrier|Icicle Crash|p2a: Altaria
|-supereffective|p2a: Altaria
|-damage|p2a: Altaria|0 fnt
|faint|p2a: Altaria
|-ability|p1a: Glastrier|Chilling Neigh|boost
|-boost|p1a: Glastrier|atk|1
|
|upkeep
|
|t:|1667099159
|switch|p2a: Articuno|Articuno-Galar|100/100
|turn|11
|
|t:|1667099161
|move|p1a: Glastrier|Icicle Crash|p2a: Articuno
|-supereffective|p2a: Articuno
|-damage|p2a: Articuno|0 fnt
|faint|p2a: Articuno
|-ability|p1a: Glastrier|Chilling Neigh|boost
|-boost|p1a: Glastrier|atk|1
|
|-fieldend|move: Trick Room
|upkeep
|
|t:|1667099162
|switch|p2a: Archeops|Archeops, F|100/100
|turn|12
|
|t:|1667099164
|move|p2a: Archeops|Stone Edge|p1a: Glastrier
|-supereffective|p1a: Glastrier
|-damage|p1a: Glastrier|0 fnt
|faint|p1a: Glastrier
|
|upkeep
|
|t:|1667099166
|switch|p1a: Doublade|Doublade, F|100/100
|turn|13
|
|t:|1667099172
|switch|p2a: Drifblim|Drifblim, F|100/100
|move|p1a: Doublade|Iron Head|p2a: Drifblim
|-damage|p2a: Drifblim|42/100
|-enditem|p2a: Drifblim|Sitrus Berry|[eat]
|-heal|p2a: Drifblim|67/100|[from] item: Sitrus Berry
|
|upkeep
|turn|14
|
|t:|1667099178
|move|p2a: Drifblim|Strength Sap|p1a: Doublade
|-unboost|p1a: Doublade|atk|1
|-heal|p2a: Drifblim|100/100
|move|p1a: Doublade|Iron Head|p2a: Drifblim
|-damage|p2a: Drifblim|59/100
|
|upkeep
|turn|15
|
|t:|1667099180
|switch|p1a: Audino|Audino, M|100/100
|move|p2a: Drifblim|Strength Sap|p1a: Audino
|-unboost|p1a: Audino|atk|1
|-heal|p2a: Drifblim|87/100
|
|upkeep
|turn|16
|
|t:|1667099182
|move|p2a: Drifblim|Calm Mind|p2a: Drifblim
|-boost|p2a: Drifblim|spa|1
|-boost|p2a: Drifblim|spd|1
|move|p1a: Audino|Yawn|p2a: Drifblim
|-start|p2a: Drifblim|move: Yawn|[of] p1a: Audino
|
|upkeep
|turn|17
|
|t:|1667099185
|move|p2a: Drifblim|Calm Mind|p2a: Drifblim
|-boost|p2a: Drifblim|spa|1
|-boost|p2a: Drifblim|spd|1
|move|p1a: Audino|Trick Room|p1a: Audino
|-fieldstart|move: Trick Room|[of] p1a: Audino
|
|-end|p2a: Drifblim|move: Yawn|[silent]
|-status|p2a: Drifblim|slp
|upkeep
|turn|18
|
|t:|1667099187
|switch|p1a: Mawile|Mawile, M|100/100
|cant|p2a: Drifblim|slp
|
|upkeep
|turn|19
|
|t:|1667099189
|move|p1a: Mawile|Rock Slide|p2a: Drifblim
|-supereffective|p2a: Drifblim
|-damage|p2a: Drifblim|0 fnt
|faint|p2a: Drifblim
|
|upkeep
|-message|Rquiem forfeited.
|
|win|JoJo Reference #11
|raw|JoJo Reference #11's rating: 1347 &rarr; <strong>1361</strong><br />(+14 for winning)
|raw|Rquiem's rating: 1233 &rarr; <strong>1216</strong><br />(-17 for losing)
|l|☆Rquiem
