|j|☆adhadda
|j|☆Charizardlover7
|player|p1|adhadda|266|1343
|player|p2|Charizardlover7|beauty-gen2jp|1165
|teamsize|p1|6
|teamsize|p2|6
|gametype|singles
|gen|8
|tier|[Gen 8] PU
|rated|
|clearpoke
|poke|p1|Pincurchin, M|
|poke|p1|Manectric, F|
|poke|p1|Mr. Rime, M|
|poke|p1|Thievul, M|
|poke|p1|Dusknoir, M|
|poke|p1|Roselia, M|
|poke|p2|Trevenant, F|
|poke|p2|Throh, M|
|poke|p2|Togetic, M|
|poke|p2|Mawile, F|
|poke|p2|Zweilous, M|
|poke|p2|Manectric, M|
|rule|Sleep Clause Mod: Limit one foe put to sleep
|rule|Species Clause: Limit one of each Pokémon
|rule|OHKO Clause: OHKO moves are banned
|rule|Evasion Moves Clause: Evasion moves are banned
|rule|Endless Battle Clause: Forcing endless battles is banned
|rule|HP Percentage Mod: HP is shown in percentages
|rule|Dynamax Clause: You cannot dynamax
|teampreview
|
|start
|switch|p1a: Mr. Rime|Mr. Rime, M|100/100
|switch|p2a: Trevenant|Trevenant, F|100/100
|turn|1
|
|switch|p1a: Pincurchin|Pincurchin, M|100/100
|-fieldstart|move: Electric Terrain|[from] ability: Electric Surge|[of] p1a: Pincurchin
|move|p2a: Trevenant|Sucker Punch||[still]
|-fail|p2a: Trevenant
|
|upkeep
|turn|2
|
|move|p2a: Trevenant|Power-Up Punch|p1a: Pincurchin
|-damage|p1a: Pincurchin|85/100
|-boost|p2a: Trevenant|atk|1
|move|p1a: Pincurchin|Toxic Spikes|p2a: Trevenant
|-sidestart|p2: Charizardlover7|move: Toxic Spikes
|
|upkeep
|turn|3
|
|switch|p1a: Roselia|Roselia, M|100/100
|move|p2a: Trevenant|Poltergeist|p1a: Roselia
|-activate|p1a: Roselia|move: Poltergeist|Eviolite
|-damage|p1a: Roselia|29/100
|
|upkeep
|turn|4
|
|switch|p1a: Mr. Rime|Mr. Rime, M|100/100
|move|p2a: Trevenant|Poltergeist|p1a: Mr. Rime
|-activate|p1a: Mr. Rime|move: Poltergeist|Assault Vest
|-supereffective|p1a: Mr. Rime
|-damage|p1a: Mr. Rime|0 fnt
|faint|p1a: Mr. Rime
|
|upkeep
|j| Fyn ♡
|c|☆adhadda|whoops misclick
|
|switch|p1a: Thievul|Thievul, M|100/100
|-enditem|p1a: Thievul|Electric Seed
|-boost|p1a: Thievul|def|1|[from] item: Electric Seed
|turn|5
|
|switch|p2a: Togetic|Togetic, M|100/100
|move|p1a: Thievul|Dark Pulse|p2a: Togetic
|-resisted|p2a: Togetic
|-crit|p2a: Togetic
|-damage|p2a: Togetic|88/100
|
|upkeep
|turn|6
|
|switch|p1a: Roselia|Roselia, M|29/100
|move|p2a: Togetic|Flamethrower|p1a: Roselia
|-supereffective|p1a: Roselia
|-damage|p1a: Roselia|0 fnt
|faint|p1a: Roselia
|
|upkeep
|
|switch|p1a: Manectric|Manectric, F|100/100
|turn|7
|
|switch|p2a: Manectric|Manectric, M|100/100
|-status|p2a: Manectric|psn
|move|p1a: Manectric|Rising Voltage|p2a: Manectric
|-ability|p2a: Manectric|Lightning Rod|boost
|-boost|p2a: Manectric|spa|1
|
|-damage|p2a: Manectric|88/100 psn|[from] psn
|upkeep
|turn|8
|
|switch|p1a: Dusknoir|Dusknoir, M|100/100
|-item|p2a: Manectric|Choice Scarf|[from] ability: Frisk|[of] p1a: Dusknoir|[identify]
|move|p2a: Manectric|Flamethrower|p1a: Dusknoir
|-damage|p1a: Dusknoir|64/100
|
|-heal|p1a: Dusknoir|70/100|[from] item: Leftovers
|-damage|p2a: Manectric|76/100 psn|[from] psn
|-fieldend|move: Electric Terrain
|upkeep
|turn|9
|
|switch|p2a: Trevenant|Trevenant, F|100/100
|-status|p2a: Trevenant|psn
|move|p1a: Dusknoir|Poltergeist||[still]
|-fail|p1a: Dusknoir
|
|-heal|p1a: Dusknoir|76/100|[from] item: Leftovers
|-damage|p2a: Trevenant|88/100 psn|[from] psn
|upkeep
|turn|10
|
|switch|p1a: Thievul|Thievul, M|100/100
|move|p2a: Trevenant|Poltergeist||[still]
|-fail|p2a: Trevenant
|
|-damage|p2a: Trevenant|76/100 psn|[from] psn
|upkeep
|turn|11
|
|switch|p1a: Pincurchin|Pincurchin, M|85/100
|-fieldstart|move: Electric Terrain|[from] ability: Electric Surge|[of] p1a: Pincurchin
|switch|p2a: Throh|Throh, M|100/100
|-status|p2a: Throh|psn
|
|-damage|p2a: Throh|88/100 psn|[from] psn
|upkeep
|turn|12
|
|move|p2a: Throh|Earthquake|p1a: Pincurchin
|-supereffective|p1a: Pincurchin
|-damage|p1a: Pincurchin|0 fnt
|faint|p1a: Pincurchin
|
|-damage|p2a: Throh|76/100 psn|[from] psn
|upkeep
|
|switch|p1a: Manectric|Manectric, F|100/100
|turn|13
|
|switch|p2a: Manectric|Manectric, M|76/100 psn
|move|p1a: Manectric|Overheat|p2a: Manectric|[miss]
|-miss|p1a: Manectric|p2a: Manectric
|
|-damage|p2a: Manectric|63/100 psn|[from] psn
|upkeep
|turn|14
|
|move|p2a: Manectric|Switcheroo|p1a: Manectric
|-activate|p2a: Manectric|move: Trick|[of] p1a: Manectric
|-item|p1a: Manectric|Choice Scarf|[from] move: Switcheroo
|-item|p2a: Manectric|Choice Specs|[from] move: Switcheroo
|move|p1a: Manectric|Overheat|p2a: Manectric
|-damage|p2a: Manectric|0 fnt
|-unboost|p1a: Manectric|spa|2
|faint|p2a: Manectric
|
|upkeep
|c| Fyn ♡|RIP
|
|switch|p2a: Togetic|Togetic, M|88/100
|turn|15
|
|switch|p1a: Dusknoir|Dusknoir, M|76/100
|-item|p2a: Togetic|Eviolite|[from] ability: Frisk|[of] p1a: Dusknoir|[identify]
|move|p2a: Togetic|Defog|p1a: Dusknoir
|-unboost|p1a: Dusknoir|evasion|1
|-sideend|p2: Charizardlover7|Toxic Spikes|[from] move: Defog|[of] p2a: Togetic
|-fieldend|move: Electric Terrain
|
|-heal|p1a: Dusknoir|82/100|[from] item: Leftovers
|upkeep
|turn|16
|
|switch|p2a: Trevenant|Trevenant, F|76/100
|move|p1a: Dusknoir|Shadow Sneak|p2a: Trevenant
|-supereffective|p2a: Trevenant
|-crit|p2a: Trevenant
|-damage|p2a: Trevenant|0 fnt
|faint|p2a: Trevenant
|
|-heal|p1a: Dusknoir|89/100|[from] item: Leftovers
|upkeep
|
|switch|p2a: Zweilous|Zweilous, M|100/100
|turn|17
|
|switch|p1a: Thievul|Thievul, M|100/100
|move|p2a: Zweilous|Outrage|p1a: Thievul|[miss]
|-miss|p2a: Zweilous|p1a: Thievul
|
|upkeep
|turn|18
|
|move|p1a: Thievul|Nasty Plot|p1a: Thievul
|-boost|p1a: Thievul|spa|2
|move|p2a: Zweilous|Thunder Wave|p1a: Thievul
|-status|p1a: Thievul|par
|
|upkeep
|turn|19
|
|move|p2a: Zweilous|Outrage|p1a: Thievul
|-damage|p1a: Thievul|0 fnt
|faint|p1a: Thievul
|
|upkeep
|
|switch|p1a: Dusknoir|Dusknoir, M|89/100
|-item|p2a: Zweilous|Eviolite|[from] ability: Frisk|[of] p1a: Dusknoir|[identify]
|turn|20
|
|move|p2a: Zweilous|Outrage|p1a: Dusknoir|[from]lockedmove
|-damage|p1a: Dusknoir|20/100
|-start|p2a: Zweilous|confusion|[fatigue]
|move|p1a: Dusknoir|Power-Up Punch|p2a: Zweilous
|-supereffective|p2a: Zweilous
|-damage|p2a: Zweilous|74/100
|-boost|p1a: Dusknoir|atk|1
|
|-heal|p1a: Dusknoir|26/100|[from] item: Leftovers
|upkeep
|turn|21
|
|switch|p2a: Mawile|Mawile, F|100/100
|-ability|p2a: Mawile|Intimidate|boost
|-unboost|p1a: Dusknoir|atk|1
|move|p1a: Dusknoir|Earthquake|p2a: Mawile
|-supereffective|p2a: Mawile
|-damage|p2a: Mawile|38/100
|
|-heal|p1a: Dusknoir|32/100|[from] item: Leftovers
|upkeep
|turn|22
|
|move|p1a: Dusknoir|Shadow Sneak|p2a: Mawile
|-damage|p2a: Mawile|20/100
|-damage|p1a: Dusknoir|16/100|[from] item: Rocky Helmet|[of] p2a: Mawile
|move|p2a: Mawile|Play Rough|p1a: Dusknoir
|-damage|p1a: Dusknoir|0 fnt
|faint|p1a: Dusknoir
|
|upkeep
|
|switch|p1a: Manectric|Manectric, F|100/100
|turn|23
|
|move|p1a: Manectric|Rising Voltage|p2a: Mawile
|-damage|p2a: Mawile|0 fnt
|faint|p2a: Mawile
|
|upkeep
|
|switch|p2a: Zweilous|Zweilous, M|74/100
|turn|24
|
|move|p1a: Manectric|Rising Voltage|p2a: Zweilous
|-resisted|p2a: Zweilous
|-damage|p2a: Zweilous|55/100
|move|p2a: Zweilous|Outrage|p1a: Manectric
|-damage|p1a: Manectric|0 fnt
|faint|p1a: Manectric
|
|win|Charizardlover7
|raw|adhadda's rating: 1343 &rarr; <strong>1314</strong><br />(-29 for losing)
|raw|Charizardlover7's rating: 1165 &rarr; <strong>1201</strong><br />(+36 for winning)
|l| Fyn ♡
|l|☆adhadda
