|raw|<div class="broadcast-blue"><strong>This battle is required to be public due to a player having a name starting with 'pult4t2'.</div>
|j|☆Pult4t2 soup
|j|☆OOOPSTAGOON
|t:|1661276218
|gametype|singles
|player|p1|Pult4t2 soup|101|1446
|player|p2|OOOPSTAGOON|lance|1430
|teamsize|p1|6
|teamsize|p2|6
|gen|8
|tier|[Gen 8] PU
|rated|
|rule|Sleep Clause Mod: Limit one foe put to sleep
|rule|Species Clause: Limit one of each Pokémon
|rule|OHKO Clause: OHKO moves are banned
|rule|Evasion Items Clause: Evasion items are banned
|rule|Evasion Moves Clause: Evasion moves are banned
|rule|Endless Battle Clause: Forcing endless battles is banned
|rule|HP Percentage Mod: HP is shown in percentages
|rule|Dynamax Clause: You cannot dynamax
|clearpoke
|poke|p1|Audino, M|
|poke|p1|Aromatisse, M|
|poke|p1|Corsola, F|
|poke|p1|Quagsire, M|
|poke|p1|Charizard, F|
|poke|p1|Ferroseed, M|
|poke|p2|Regirock|
|poke|p2|Eldegoss, F|
|poke|p2|Quagsire, M|
|poke|p2|Qwilfish, F|
|poke|p2|Cofagrigus, M|
|poke|p2|Articuno-Galar|
|teampreview
|inactive|Battle timer is ON: inactive players will automatically lose when time's up. (requested by OOOPSTAGOON)
|
|t:|1661276228
|start
|switch|p1a: Ferroseed|Ferroseed, M|100/100
|switch|p2a: Qwilfish|Qwilfish, F|100/100
|-ability|p2a: Qwilfish|Intimidate|boost
|-unboost|p1a: Ferroseed|atk|1
|turn|1
|
|t:|1661276234
|move|p2a: Qwilfish|Scald|p1a: Ferroseed
|-resisted|p1a: Ferroseed
|-damage|p1a: Ferroseed|95/100
|-status|p1a: Ferroseed|brn
|move|p1a: Ferroseed|Spikes|p2a: Qwilfish
|-sidestart|p2: OOOPSTAGOON|Spikes
|
|-damage|p1a: Ferroseed|89/100 brn|[from] brn
|upkeep
|turn|2
|
|t:|1661276238
|move|p2a: Qwilfish|Spikes|p1a: Ferroseed
|-sidestart|p1: Pult4t2 soup|Spikes
|move|p1a: Ferroseed|Spikes|p2a: Qwilfish
|-sidestart|p2: OOOPSTAGOON|Spikes
|
|-damage|p1a: Ferroseed|82/100 brn|[from] brn
|upkeep
|turn|3
|
|t:|1661276240
|move|p2a: Qwilfish|Spikes|p1a: Ferroseed
|-sidestart|p1: Pult4t2 soup|Spikes
|move|p1a: Ferroseed|Spikes|p2a: Qwilfish
|-sidestart|p2: OOOPSTAGOON|Spikes
|
|-damage|p1a: Ferroseed|76/100 brn|[from] brn
|upkeep
|turn|4
|
|t:|1661276244
|switch|p2a: Cofagrigus|Cofagrigus, M|100/100
|-damage|p2a: Cofagrigus|75/100|[from] Spikes
|move|p1a: Ferroseed|Knock Off|p2a: Cofagrigus
|-supereffective|p2a: Cofagrigus
|-enditem|p2a: Cofagrigus|Colbur Berry|[eat]
|-enditem|p2a: Cofagrigus|Colbur Berry|[weaken]
|-damage|p2a: Cofagrigus|73/100
|-activate|p2a: Cofagrigus|ability: Mummy|Iron Barbs|[of] p1a: Ferroseed
|
|-damage|p1a: Ferroseed|70/100 brn|[from] brn
|upkeep
|turn|5
|
|t:|1661276254
|switch|p1a: Aromatisse|Aromatisse, M|100/100
|move|p2a: Cofagrigus|Body Press|p1a: Aromatisse
|-resisted|p1a: Aromatisse
|-damage|p1a: Aromatisse|89/100
|
|upkeep
|turn|6
|
|t:|1661276260
|switch|p2a: Qwilfish|Qwilfish, F|100/100
|-damage|p2a: Qwilfish|76/100|[from] Spikes
|-ability|p2a: Qwilfish|Intimidate|boost
|-unboost|p1a: Aromatisse|atk|1
|move|p1a: Aromatisse|Moonblast|p2a: Qwilfish
|-resisted|p2a: Qwilfish
|-damage|p2a: Qwilfish|49/100
|-unboost|p2a: Qwilfish|spa|1
|
|-heal|p2a: Qwilfish|55/100|[from] item: Black Sludge
|upkeep
|turn|7
|
|t:|1661276270
|switch|p1a: Ferroseed|Ferroseed, M|70/100 brn
|-damage|p1a: Ferroseed|54/100 brn|[from] Spikes
|move|p2a: Qwilfish|Toxic||[still]
|-fail|p2a: Qwilfish
|
|-heal|p2a: Qwilfish|61/100|[from] item: Black Sludge
|-damage|p1a: Ferroseed|47/100 brn|[from] brn
|upkeep
|turn|8
|
|t:|1661276276
|switch|p2a: Cofagrigus|Cofagrigus, M|73/100
|-damage|p2a: Cofagrigus|48/100|[from] Spikes
|move|p1a: Ferroseed|Knock Off|p2a: Cofagrigus
|-supereffective|p2a: Cofagrigus
|-damage|p2a: Cofagrigus|43/100
|-activate|p2a: Cofagrigus|ability: Mummy|Iron Barbs|[of] p1a: Ferroseed
|
|-damage|p1a: Ferroseed|41/100 brn|[from] brn
|upkeep
|turn|9
|
|t:|1661276281
|switch|p1a: Aromatisse|Aromatisse, M|89/100
|move|p2a: Cofagrigus|Toxic Spikes|p1a: Aromatisse
|-sidestart|p1: Pult4t2 soup|move: Toxic Spikes
|
|upkeep
|turn|10
|
|t:|1661276287
|switch|p2a: Qwilfish|Qwilfish, F|61/100
|-damage|p2a: Qwilfish|36/100|[from] Spikes
|-ability|p2a: Qwilfish|Intimidate|boost
|-unboost|p1a: Aromatisse|atk|1
|move|p1a: Aromatisse|Moonblast|p2a: Qwilfish
|-resisted|p2a: Qwilfish
|-damage|p2a: Qwilfish|9/100
|-unboost|p2a: Qwilfish|spa|1
|
|-heal|p2a: Qwilfish|15/100|[from] item: Black Sludge
|upkeep
|turn|11
|
|t:|1661276294
|move|p2a: Qwilfish|Rest|p2a: Qwilfish
|-status|p2a: Qwilfish|slp|[from] move: Rest
|-heal|p2a: Qwilfish|100/100 slp|[silent]
|move|p1a: Aromatisse|Moonblast|p2a: Qwilfish
|-resisted|p2a: Qwilfish
|-damage|p2a: Qwilfish|75/100 slp
|
|-heal|p2a: Qwilfish|81/100 slp|[from] item: Black Sludge
|upkeep
|turn|12
|
|t:|1661276300
|switch|p2a: Eldegoss|Eldegoss, F|100/100
|move|p1a: Aromatisse|Heal Bell|p1a: Aromatisse
|-activate|p1a: Aromatisse|move: Heal Bell
|-curestatus|p1: Ferroseed|brn|[msg]
|
|upkeep
|turn|13
|
|t:|1661276307
|move|p2a: Eldegoss|Rapid Spin|p1a: Aromatisse
|-damage|p1a: Aromatisse|84/100
|-boost|p2a: Eldegoss|spe|1
|-sideend|p2: OOOPSTAGOON|Spikes|[from] move: Rapid Spin|[of] p2a: Eldegoss
|move|p1a: Aromatisse|Wish|p1a: Aromatisse
|
|upkeep
|turn|14
|
|t:|1661276312
|switch|p2a: Articuno|Articuno-Galar|100/100
|switch|p1a: Ferroseed|Ferroseed, M|41/100
|-damage|p1a: Ferroseed|25/100|[from] Spikes
|
|-heal|p1a: Ferroseed|94/100|[from] move: Wish|[wisher] Aromatisse
|upkeep
|turn|15
|
|t:|1661276317
|move|p2a: Articuno|Air Slash|p1a: Ferroseed
|-damage|p1a: Ferroseed|65/100
|move|p1a: Ferroseed|Knock Off|p2a: Articuno
|-supereffective|p2a: Articuno
|-damage|p2a: Articuno|73/100
|-enditem|p2a: Articuno|Heavy-Duty Boots|[from] move: Knock Off|[of] p1a: Ferroseed
|
|upkeep
|turn|16
|
|t:|1661276325
|switch|p1a: Audino|Audino, M|100/100
|move|p2a: Articuno|Air Slash|p1a: Audino
|-damage|p1a: Audino|70/100
|
|upkeep
|turn|17
|
|t:|1661276332
|switch|p2a: Regirock|Regirock|100/100
|move|p1a: Audino|Knock Off|p2a: Regirock
|-damage|p2a: Regirock|94/100
|-enditem|p2a: Regirock|Leftovers|[from] move: Knock Off|[of] p1a: Audino
|
|upkeep
|turn|18
|
|t:|1661276340
|switch|p1a: Aromatisse|Aromatisse, M|84/100
|move|p2a: Regirock|Stealth Rock|p1a: Aromatisse
|-sidestart|p1: Pult4t2 soup|move: Stealth Rock
|
|upkeep
|turn|19
|
|t:|1661276349
|switch|p2a: Eldegoss|Eldegoss, F|100/100
|move|p1a: Aromatisse|Wish|p1a: Aromatisse
|
|upkeep
|turn|20
|
|t:|1661276352
|switch|p1a: Ferroseed|Ferroseed, M|65/100
|-damage|p1a: Ferroseed|49/100|[from] Spikes
|-damage|p1a: Ferroseed|43/100|[from] Stealth Rock
|move|p2a: Eldegoss|Leech Seed|p1a: Ferroseed
|-immune|p1a: Ferroseed
|
|-heal|p1a: Ferroseed|100/100|[from] move: Wish|[wisher] Aromatisse
|upkeep
|turn|21
|
|t:|1661276360
|switch|p2a: Cofagrigus|Cofagrigus, M|43/100
|move|p1a: Ferroseed|Spikes|p2a: Cofagrigus
|-sidestart|p2: OOOPSTAGOON|Spikes
|
|upkeep
|turn|22
|
|t:|1661276366
|switch|p1a: Aromatisse|Aromatisse, M|84/100
|move|p2a: Cofagrigus|Rest|p2a: Cofagrigus
|-status|p2a: Cofagrigus|slp|[from] move: Rest
|-heal|p2a: Cofagrigus|100/100 slp|[silent]
|
|upkeep
|turn|23
|
|t:|1661276374
|switch|p2a: Quagsire|Quagsire, M|100/100
|-damage|p2a: Quagsire|88/100|[from] Spikes
|move|p1a: Aromatisse|Moonblast|p2a: Quagsire
|-damage|p2a: Quagsire|63/100
|
|-heal|p2a: Quagsire|69/100|[from] item: Leftovers
|upkeep
|turn|24
|
|t:|1661276390
|move|p1a: Aromatisse|Moonblast|p2a: Quagsire
|-damage|p2a: Quagsire|41/100
|-unboost|p2a: Quagsire|spa|1
|move|p2a: Quagsire|Recover|p2a: Quagsire
|-heal|p2a: Quagsire|91/100
|
|-heal|p2a: Quagsire|97/100|[from] item: Leftovers
|upkeep
|turn|25
|
|t:|1661276399
|switch|p1a: Ferroseed|Ferroseed, M|100/100
|-damage|p1a: Ferroseed|84/100|[from] Spikes
|-damage|p1a: Ferroseed|78/100|[from] Stealth Rock
|move|p2a: Quagsire|Curse|p2a: Quagsire
|-unboost|p2a: Quagsire|spe|1
|-boost|p2a: Quagsire|atk|1
|-boost|p2a: Quagsire|def|1
|
|-heal|p2a: Quagsire|100/100|[from] item: Leftovers
|upkeep
|turn|26
|
|t:|1661276407
|switch|p2a: Regirock|Regirock|94/100
|-damage|p2a: Regirock|82/100|[from] Spikes
|move|p1a: Ferroseed|Spikes|p2a: Regirock
|-sidestart|p2: OOOPSTAGOON|Spikes
|
|upkeep
|turn|27
|
|t:|1661276412
|switch|p1a: Aromatisse|Aromatisse, M|84/100
|move|p2a: Regirock|Rock Blast|p1a: Aromatisse|[miss]
|-miss|p2a: Regirock|p1a: Aromatisse
|
|upkeep
|turn|28
|
|t:|1661276421
|switch|p2a: Eldegoss|Eldegoss, F|100/100
|move|p1a: Aromatisse|Wish|p1a: Aromatisse
|
|upkeep
|turn|29
|
|t:|1661276425
|switch|p1a: Ferroseed|Ferroseed, M|78/100
|-damage|p1a: Ferroseed|61/100|[from] Spikes
|-damage|p1a: Ferroseed|55/100|[from] Stealth Rock
|move|p2a: Eldegoss|Rapid Spin|p1a: Ferroseed
|-resisted|p1a: Ferroseed
|-damage|p1a: Ferroseed|53/100
|-boost|p2a: Eldegoss|spe|1
|-damage|p2a: Eldegoss|88/100|[from] ability: Iron Barbs|[of] p1a: Ferroseed
|-sideend|p2: OOOPSTAGOON|Spikes|[from] move: Rapid Spin|[of] p2a: Eldegoss
|
|-heal|p1a: Ferroseed|100/100|[from] move: Wish|[wisher] Aromatisse
|upkeep
|turn|30
|
|t:|1661276432
|switch|p2a: Regirock|Regirock|82/100
|move|p1a: Ferroseed|Spikes|p2a: Regirock
|-sidestart|p2: OOOPSTAGOON|Spikes
|
|upkeep
|turn|31
|
|t:|1661276445
|switch|p1a: Aromatisse|Aromatisse, M|84/100
|move|p2a: Regirock|Body Press|p1a: Aromatisse
|-resisted|p1a: Aromatisse
|-damage|p1a: Aromatisse|69/100
|
|upkeep
|turn|32
|
|t:|1661276452
|switch|p2a: Eldegoss|Eldegoss, F|100/100
|switch|p1a: Audino|Audino, M|100/100
|
|upkeep
|turn|33
|
|t:|1661276459
|switch|p2a: Regirock|Regirock|82/100
|-damage|p2a: Regirock|70/100|[from] Spikes
|move|p1a: Audino|Knock Off|p2a: Regirock
|-damage|p2a: Regirock|65/100
|
|upkeep
|turn|34
|
|t:|1661276464
|switch|p1a: Aromatisse|Aromatisse, M|69/100
|move|p2a: Regirock|Body Press|p1a: Aromatisse
|-resisted|p1a: Aromatisse
|-damage|p1a: Aromatisse|53/100
|
|upkeep
|turn|35
|
|t:|1661276469
|move|p2a: Regirock|Rock Blast|p1a: Aromatisse
|-damage|p1a: Aromatisse|47/100
|-damage|p1a: Aromatisse|41/100
|-damage|p1a: Aromatisse|34/100
|-hitcount|p1a: Aromatisse|3
|move|p1a: Aromatisse|Wish|p1a: Aromatisse
|
|upkeep
|turn|36
|
|t:|1661276476
|switch|p2a: Eldegoss|Eldegoss, F|100/100
|move|p1a: Aromatisse|Protect||[still]
|-fail|p1a: Aromatisse
|
|-heal|p1a: Aromatisse|84/100|[from] move: Wish|[wisher] Aromatisse
|upkeep
|turn|37
|
|t:|1661276486
|switch|p1a: Charizard|Charizard, F|100/100
|move|p2a: Eldegoss|Rapid Spin|p1a: Charizard
|-damage|p1a: Charizard|95/100
|-boost|p2a: Eldegoss|spe|1
|-sideend|p2: OOOPSTAGOON|Spikes|[from] move: Rapid Spin|[of] p2a: Eldegoss
|
|upkeep
|turn|38
|
|t:|1661276493
|move|p1a: Charizard|Defog|p2a: Eldegoss
|-unboost|p2a: Eldegoss|evasion|1
|-sideend|p1: Pult4t2 soup|Spikes|[from] move: Defog|[of] p1a: Charizard
|-sideend|p1: Pult4t2 soup|Toxic Spikes|[from] move: Defog|[of] p1a: Charizard
|-sideend|p1: Pult4t2 soup|Stealth Rock|[from] move: Defog|[of] p1a: Charizard
|move|p2a: Eldegoss|Leech Seed|p1a: Charizard
|-start|p1a: Charizard|move: Leech Seed
|
|-damage|p1a: Charizard|83/100|[from] Leech Seed|[of] p2a: Eldegoss
|upkeep
|turn|39
|
|t:|1661276503
|switch|p1a: Ferroseed|Ferroseed, M|100/100
|move|p2a: Eldegoss|Aromatherapy|p2a: Eldegoss
|-activate|p2a: Eldegoss|move: Aromatherapy
|-curestatus|p2: Qwilfish|slp|[msg]
|-curestatus|p2: Cofagrigus|slp|[msg]
|
|upkeep
|turn|40
|
|t:|1661276520
|switch|p2a: Qwilfish|Qwilfish, F|81/100
|-ability|p2a: Qwilfish|Intimidate|boost
|-unboost|p1a: Ferroseed|atk|1
|move|p1a: Ferroseed|Spikes|p2a: Qwilfish
|-sidestart|p2: OOOPSTAGOON|Spikes
|
|-heal|p2a: Qwilfish|87/100|[from] item: Black Sludge
|upkeep
|turn|41
|
|t:|1661276526
|move|p2a: Qwilfish|Scald|p1a: Ferroseed
|-resisted|p1a: Ferroseed
|-damage|p1a: Ferroseed|95/100
|-status|p1a: Ferroseed|brn
|move|p1a: Ferroseed|Knock Off|p2a: Qwilfish
|-damage|p2a: Qwilfish|84/100
|-enditem|p2a: Qwilfish|Black Sludge|[from] move: Knock Off|[of] p1a: Ferroseed
|
|-damage|p1a: Ferroseed|89/100 brn|[from] brn
|upkeep
|turn|42
|
|t:|1661276535
|switch|p2a: Articuno|Articuno-Galar|73/100
|move|p1a: Ferroseed|Spikes|p2a: Articuno
|-sidestart|p2: OOOPSTAGOON|Spikes
|
|-damage|p1a: Ferroseed|83/100 brn|[from] brn
|upkeep
|turn|43
|
|t:|1661276543
|switch|p1a: Audino|Audino, M|100/100
|move|p2a: Articuno|Future Sight|p1a: Audino
|-start|p2a: Articuno|move: Future Sight
|
|upkeep
|turn|44
|
|t:|1661276555
|switch|p2a: Regirock|Regirock|65/100
|-damage|p2a: Regirock|49/100|[from] Spikes
|move|p1a: Audino|Knock Off|p2a: Regirock
|-damage|p2a: Regirock|44/100
|
|upkeep
|turn|45
|
|t:|1661276562
|move|p1a: Audino|Protect|p1a: Audino
|-singleturn|p1a: Audino|Protect
|move|p2a: Regirock|Body Press|p1a: Audino
|-activate|p1a: Audino|move: Protect
|
|-end|p1a: Audino|move: Future Sight
|-damage|p1a: Audino|59/100
|upkeep
|turn|46
|
|t:|1661276572
|switch|p1a: Aromatisse|Aromatisse, M|84/100
|move|p2a: Regirock|Stealth Rock|p1a: Aromatisse
|-sidestart|p1: Pult4t2 soup|move: Stealth Rock
|
|upkeep
|turn|47
|
|t:|1661276577
|move|p2a: Regirock|Rest|p2a: Regirock
|-status|p2a: Regirock|slp|[from] move: Rest
|-heal|p2a: Regirock|100/100 slp|[silent]
|move|p1a: Aromatisse|Moonblast|p2a: Regirock
|-damage|p2a: Regirock|72/100 slp
|-unboost|p2a: Regirock|spa|1
|
|upkeep
|turn|48
|
|t:|1661276584
|switch|p2a: Eldegoss|Eldegoss, F|100/100
|move|p1a: Aromatisse|Moonblast|p2a: Eldegoss
|-damage|p2a: Eldegoss|78/100
|-unboost|p2a: Eldegoss|spa|1
|
|upkeep
|turn|49
|
|t:|1661276590
|switch|p1a: Ferroseed|Ferroseed, M|83/100 brn
|-damage|p1a: Ferroseed|77/100 brn|[from] Stealth Rock
|move|p2a: Eldegoss|Rapid Spin|p1a: Ferroseed
|-resisted|p1a: Ferroseed
|-damage|p1a: Ferroseed|74/100 brn
|-boost|p2a: Eldegoss|spe|1
|-damage|p2a: Eldegoss|66/100|[from] ability: Iron Barbs|[of] p1a: Ferroseed
|-sideend|p2: OOOPSTAGOON|Spikes|[from] move: Rapid Spin|[of] p2a: Eldegoss
|
|-damage|p1a: Ferroseed|68/100 brn|[from] brn
|upkeep
|turn|50
|
|t:|1661276599
|switch|p2a: Articuno|Articuno-Galar|73/100
|move|p1a: Ferroseed|Spikes|p2a: Articuno
|-sidestart|p2: OOOPSTAGOON|Spikes
|
|-damage|p1a: Ferroseed|61/100 brn|[from] brn
|upkeep
|turn|51
|
|t:|1661276604
|switch|p1a: Audino|Audino, M|92/100
|move|p2a: Articuno|Future Sight|p1a: Audino
|-start|p2a: Articuno|move: Future Sight
|
|upkeep
|turn|52
|
|t:|1661276612
|move|p2a: Articuno|Air Slash|p1a: Audino
|-damage|p1a: Audino|67/100
|move|p1a: Audino|Wish|p1a: Audino
|
|upkeep
|turn|53
|
|t:|1661276618
|move|p1a: Audino|Protect|p1a: Audino
|-singleturn|p1a: Audino|Protect
|move|p2a: Articuno|Agility|p2a: Articuno
|-boost|p2a: Articuno|spe|2
|
|-end|p1a: Audino|move: Future Sight
|-damage|p1a: Audino|24/100
|-heal|p1a: Audino|74/100|[from] move: Wish|[wisher] Audino
|upkeep
|turn|54
|
|t:|1661276622
|move|p2a: Articuno|Air Slash|p1a: Audino
|-damage|p1a: Audino|46/100
|move|p1a: Audino|Toxic|p2a: Articuno
|-status|p2a: Articuno|tox
|
|-damage|p2a: Articuno|67/100 tox|[from] psn
|upkeep
|turn|55
|
|t:|1661276627
|move|p2a: Articuno|Future Sight|p1a: Audino
|-start|p2a: Articuno|move: Future Sight
|move|p1a: Audino|Wish|p1a: Audino
|
|-damage|p2a: Articuno|54/100 tox|[from] psn
|upkeep
|turn|56
|
|t:|1661276643
|move|p1a: Audino|Protect|p1a: Audino
|-singleturn|p1a: Audino|Protect
|move|p2a: Articuno|Recover|p2a: Articuno
|-heal|p2a: Articuno|100/100 tox
|
|-heal|p1a: Audino|96/100|[from] move: Wish|[wisher] Audino
|-damage|p2a: Articuno|82/100 tox|[from] psn
|upkeep
|turn|57
|
|t:|1661276653
|move|p2a: Articuno|Air Slash|p1a: Audino
|-damage|p1a: Audino|68/100
|move|p1a: Audino|Wish|p1a: Audino
|
|-end|p1a: Audino|move: Future Sight
|-damage|p1a: Audino|24/100
|-damage|p2a: Articuno|57/100 tox|[from] psn
|upkeep
|turn|58
|
|t:|1661276661
|switch|p2a: Eldegoss|Eldegoss, F|99/100
|move|p1a: Audino|Protect||[still]
|-fail|p1a: Audino
|
|-heal|p1a: Audino|74/100|[from] move: Wish|[wisher] Audino
|upkeep
|turn|59
|
|t:|1661276665
|move|p2a: Eldegoss|Aromatherapy|p2a: Eldegoss
|-activate|p2a: Eldegoss|move: Aromatherapy
|-curestatus|p2: Regirock|slp|[msg]
|-curestatus|p2: Articuno|tox|[msg]
|move|p1a: Audino|Knock Off|p2a: Eldegoss
|-crit|p2a: Eldegoss
|-damage|p2a: Eldegoss|72/100
|-enditem|p2a: Eldegoss|Heavy-Duty Boots|[from] move: Knock Off|[of] p1a: Audino
|
|upkeep
|turn|60
|
|t:|1661276673
|move|p2a: Eldegoss|Leech Seed|p1a: Audino
|-start|p1a: Audino|move: Leech Seed
|move|p1a: Audino|Toxic|p2a: Eldegoss
|-status|p2a: Eldegoss|tox
|
|-damage|p1a: Audino|61/100|[from] Leech Seed|[of] p2a: Eldegoss
|-heal|p2a: Eldegoss|88/100 tox|[silent]
|-damage|p2a: Eldegoss|82/100 tox|[from] psn
|upkeep
|turn|61
|
|t:|1661276677
|switch|p1a: Aromatisse|Aromatisse, M|84/100
|move|p2a: Eldegoss|Rapid Spin|p1a: Aromatisse
|-damage|p1a: Aromatisse|80/100
|-boost|p2a: Eldegoss|spe|1
|-sideend|p2: OOOPSTAGOON|Spikes|[from] move: Rapid Spin|[of] p2a: Eldegoss
|
|-damage|p2a: Eldegoss|70/100 tox|[from] psn
|upkeep
|turn|62
|
|t:|1661276689
|switch|p2a: Qwilfish|Qwilfish, F|84/100
|-ability|p2a: Qwilfish|Intimidate|boost
|-unboost|p1a: Aromatisse|atk|1
|move|p1a: Aromatisse|Wish|p1a: Aromatisse
|
|upkeep
|turn|63
|
|t:|1661276693
|switch|p1a: Ferroseed|Ferroseed, M|61/100 brn
|-damage|p1a: Ferroseed|55/100 brn|[from] Stealth Rock
|move|p2a: Qwilfish|Scald|p1a: Ferroseed
|-resisted|p1a: Ferroseed
|-damage|p1a: Ferroseed|49/100 brn
|
|-heal|p1a: Ferroseed|100/100 brn|[from] move: Wish|[wisher] Aromatisse
|-damage|p1a: Ferroseed|94/100 brn|[from] brn
|upkeep
|turn|64
|
|t:|1661276699
|switch|p2a: Eldegoss|Eldegoss, F|100/100 tox
|move|p1a: Ferroseed|Spikes|p2a: Eldegoss
|-sidestart|p2: OOOPSTAGOON|Spikes
|
|-damage|p2a: Eldegoss|94/100 tox|[from] psn
|-damage|p1a: Ferroseed|88/100 brn|[from] brn
|upkeep
|turn|65
|
|t:|1661276705
|move|p2a: Eldegoss|Rapid Spin|p1a: Ferroseed
|-resisted|p1a: Ferroseed
|-damage|p1a: Ferroseed|86/100 brn
|-boost|p2a: Eldegoss|spe|1
|-damage|p2a: Eldegoss|82/100 tox|[from] ability: Iron Barbs|[of] p1a: Ferroseed
|-sideend|p2: OOOPSTAGOON|Spikes|[from] move: Rapid Spin|[of] p2a: Eldegoss
|move|p1a: Ferroseed|Gyro Ball|p2a: Eldegoss
|-damage|p2a: Eldegoss|66/100 tox
|
|-damage|p2a: Eldegoss|54/100 tox|[from] psn
|-damage|p1a: Ferroseed|80/100 brn|[from] brn
|upkeep
|turn|66
|
|t:|1661276713
|switch|p2a: Regirock|Regirock|72/100
|move|p1a: Ferroseed|Spikes|p2a: Regirock
|-sidestart|p2: OOOPSTAGOON|Spikes
|
|-damage|p1a: Ferroseed|73/100 brn|[from] brn
|upkeep
|turn|67
|
|t:|1661276720
|switch|p1a: Aromatisse|Aromatisse, M|80/100
|move|p2a: Regirock|Rest|p2a: Regirock
|-status|p2a: Regirock|slp|[from] move: Rest
|-heal|p2a: Regirock|100/100 slp|[silent]
|
|upkeep
|turn|68
|
|t:|1661276725
|switch|p2a: Articuno|Articuno-Galar|57/100
|move|p1a: Aromatisse|Moonblast|p2a: Articuno
|-damage|p2a: Articuno|25/100
|
|upkeep
|turn|69
|
|t:|1661276731
|move|p2a: Articuno|Recover|p2a: Articuno
|-heal|p2a: Articuno|75/100
|move|p1a: Aromatisse|Moonblast|p2a: Articuno
|-damage|p2a: Articuno|40/100
|-unboost|p2a: Articuno|spa|1
|-ability|p2a: Articuno|Competitive
|-boost|p2a: Articuno|spa|2
|
|upkeep
|turn|70
|
|t:|1661276737
|switch|p1a: Audino|Audino, M|94/100
|move|p2a: Articuno|Recover|p2a: Articuno
|-heal|p2a: Articuno|90/100
|
|upkeep
|turn|71
|
|t:|1661276741
|move|p2a: Articuno|Future Sight|p1a: Audino
|-start|p2a: Articuno|move: Future Sight
|move|p1a: Audino|Toxic|p2a: Articuno
|-status|p2a: Articuno|tox
|
|-damage|p2a: Articuno|83/100 tox|[from] psn
|upkeep
|turn|72
|
|t:|1661276745
|move|p2a: Articuno|Air Slash|p1a: Audino
|-damage|p1a: Audino|54/100
|move|p1a: Audino|Wish|p1a: Audino
|
|-damage|p2a: Articuno|71/100 tox|[from] psn
|upkeep
|turn|73
|
|t:|1661276755
|switch|p1a: Quagsire|Quagsire, M|100/100
|move|p2a: Articuno|Recover|p2a: Articuno
|-heal|p2a: Articuno|100/100 tox
|
|-end|p1a: Quagsire|move: Future Sight
|-damage|p1a: Quagsire|24/100
|-heal|p1a: Quagsire|76/100|[from] move: Wish|[wisher] Audino
|-damage|p2a: Articuno|82/100 tox|[from] psn
|upkeep
|turn|74
|
|t:|1661276765
|move|p2a: Articuno|Future Sight|p1a: Quagsire
|-start|p2a: Articuno|move: Future Sight
|move|p1a: Quagsire|Recover|p1a: Quagsire
|-heal|p1a: Quagsire|100/100
|
|-damage|p2a: Articuno|57/100 tox|[from] psn
|upkeep
|turn|75
|
|t:|1661276771
|move|p2a: Articuno|Air Slash|p1a: Quagsire
|-damage|p1a: Quagsire|53/100
|cant|p1a: Quagsire|flinch
|
|-damage|p2a: Articuno|27/100 tox|[from] psn
|upkeep
|turn|76
|
|t:|1661276785
|switch|p1a: Audino|Audino, M|87/100
|move|p2a: Articuno|Air Slash|p1a: Audino
|-crit|p1a: Audino
|-damage|p1a: Audino|28/100
|
|-end|p1a: Audino|move: Future Sight
|-damage|p1a: Audino|0 fnt
|faint|p1a: Audino
|-damage|p2a: Articuno|0 fnt|[from] psn
|faint|p2a: Articuno
|upkeep
|
|t:|1661276805
|switch|p2a: Qwilfish|Qwilfish, F|84/100
|switch|p1a: Charizard|Charizard, F|83/100
|-damage|p2a: Qwilfish|72/100|[from] Spikes
|-ability|p2a: Qwilfish|Intimidate|boost
|-unboost|p1a: Charizard|atk|1
|turn|77
|
|t:|1661276814
|switch|p1a: Ferroseed|Ferroseed, M|73/100 brn
|-damage|p1a: Ferroseed|67/100 brn|[from] Stealth Rock
|move|p2a: Qwilfish|Toxic||[still]
|-fail|p2a: Qwilfish
|
|-damage|p1a: Ferroseed|61/100 brn|[from] brn
|upkeep
|turn|78
|
|t:|1661276823
|move|p2a: Qwilfish|Spikes|p1a: Ferroseed
|-sidestart|p1: Pult4t2 soup|Spikes
|move|p1a: Ferroseed|Spikes|p2a: Qwilfish
|-sidestart|p2: OOOPSTAGOON|Spikes
|
|-damage|p1a: Ferroseed|55/100 brn|[from] brn
|upkeep
|turn|79
|
|t:|1661276826
|move|p2a: Qwilfish|Spikes|p1a: Ferroseed
|-sidestart|p1: Pult4t2 soup|Spikes
|move|p1a: Ferroseed|Spikes|p2a: Qwilfish
|-sidestart|p2: OOOPSTAGOON|Spikes
|
|-damage|p1a: Ferroseed|49/100 brn|[from] brn
|upkeep
|turn|80
|
|t:|1661276829
|move|p2a: Qwilfish|Spikes|p1a: Ferroseed
|-sidestart|p1: Pult4t2 soup|Spikes
|move|p1a: Ferroseed|Rest|p1a: Ferroseed
|-status|p1a: Ferroseed|slp|[from] move: Rest
|-heal|p1a: Ferroseed|100/100 slp|[silent]
|
|upkeep
|turn|81
|
|t:|1661276836
|move|p2a: Qwilfish|Rest|p2a: Qwilfish
|-status|p2a: Qwilfish|slp|[from] move: Rest
|-heal|p2a: Qwilfish|100/100 slp|[silent]
|cant|p1a: Ferroseed|slp
|
|upkeep
|turn|82
|
|t:|1661276840
|switch|p1a: Quagsire|Quagsire, M|53/100
|cant|p2a: Qwilfish|slp
|
|upkeep
|turn|83
|
|t:|1661276844
|switch|p2a: Eldegoss|Eldegoss, F|87/100 tox
|-damage|p2a: Eldegoss|62/100 tox|[from] Spikes
|move|p1a: Quagsire|Recover|p1a: Quagsire
|-heal|p1a: Quagsire|100/100
|
|-damage|p2a: Eldegoss|56/100 tox|[from] psn
|upkeep
|turn|84
|
|t:|1661276853
|switch|p1a: Corsola|Corsola, F|100/100
|-damage|p1a: Corsola|88/100|[from] Stealth Rock
|-damage|p1a: Corsola|63/100|[from] Spikes
|move|p2a: Eldegoss|Rapid Spin|p1a: Corsola
|-resisted|p1a: Corsola
|-damage|p1a: Corsola|61/100
|-boost|p2a: Eldegoss|spe|1
|-damage|p2a: Eldegoss|39/100 tox|[from] item: Rocky Helmet|[of] p1a: Corsola
|-sideend|p2: OOOPSTAGOON|Spikes|[from] move: Rapid Spin|[of] p2a: Eldegoss
|
|-damage|p2a: Eldegoss|27/100 tox|[from] psn
|upkeep
|turn|85
|
|t:|1661276862
|switch|p1a: Charizard|Charizard, F|83/100
|move|p2a: Eldegoss|Energy Ball|p1a: Charizard
|-resisted|p1a: Charizard
|-damage|p1a: Charizard|76/100
|
|-damage|p2a: Eldegoss|9/100 tox|[from] psn
|upkeep
|turn|86
|
|t:|1661276870
|switch|p2a: Regirock|Regirock|100/100 slp
|move|p1a: Charizard|Defog|p2a: Regirock
|-unboost|p2a: Regirock|evasion|1
|-sideend|p1: Pult4t2 soup|Spikes|[from] move: Defog|[of] p1a: Charizard
|-sideend|p1: Pult4t2 soup|Stealth Rock|[from] move: Defog|[of] p1a: Charizard
|
|upkeep
|turn|87
|
|t:|1661276875
|switch|p1a: Aromatisse|Aromatisse, M|80/100
|switch|p2a: Quagsire|Quagsire, M|100/100
|
|upkeep
|turn|88
|
|t:|1661276882
|move|p1a: Aromatisse|Heal Bell|p1a: Aromatisse
|-activate|p1a: Aromatisse|move: Heal Bell
|-curestatus|p1: Ferroseed|slp|[msg]
|move|p2a: Quagsire|Curse|p2a: Quagsire
|-unboost|p2a: Quagsire|spe|1
|-boost|p2a: Quagsire|atk|1
|-boost|p2a: Quagsire|def|1
|
|upkeep
|turn|89
|
|t:|1661276887
|switch|p1a: Ferroseed|Ferroseed, M|100/100
|move|p2a: Quagsire|Curse|p2a: Quagsire
|-unboost|p2a: Quagsire|spe|1
|-boost|p2a: Quagsire|atk|1
|-boost|p2a: Quagsire|def|1
|
|upkeep
|turn|90
|
|t:|1661276892
|move|p2a: Quagsire|Curse|p2a: Quagsire
|-unboost|p2a: Quagsire|spe|1
|-boost|p2a: Quagsire|atk|1
|-boost|p2a: Quagsire|def|1
|move|p1a: Ferroseed|Spikes|p2a: Quagsire
|-sidestart|p2: OOOPSTAGOON|Spikes
|
|upkeep
|turn|91
|
|t:|1661276897
|move|p2a: Quagsire|Earthquake|p1a: Ferroseed
|-damage|p1a: Ferroseed|38/100
|move|p1a: Ferroseed|Knock Off|p2a: Quagsire
|-damage|p2a: Quagsire|95/100
|-enditem|p2a: Quagsire|Leftovers|[from] move: Knock Off|[of] p1a: Ferroseed
|
|upkeep
|turn|92
|
|t:|1661276901
|switch|p1a: Quagsire|Quagsire, M|100/100
|move|p2a: Quagsire|Waterfall|p1a: Quagsire
|-damage|p1a: Quagsire|84/100
|
|upkeep
|turn|93
|
|t:|1661276911
|switch|p2a: Qwilfish|Qwilfish, F|100/100 slp
|-damage|p2a: Qwilfish|88/100 slp|[from] Spikes
|-ability|p2a: Qwilfish|Intimidate|boost
|-unboost|p1a: Quagsire|atk|1
|move|p1a: Quagsire|Scald|p2a: Qwilfish
|-resisted|p2a: Qwilfish
|-damage|p2a: Qwilfish|74/100 slp
|
|upkeep
|turn|94
|
|t:|1661276915
|cant|p2a: Qwilfish|slp
|move|p1a: Quagsire|Earthquake|p2a: Qwilfish
|-supereffective|p2a: Qwilfish
|-damage|p2a: Qwilfish|41/100 slp
|
|upkeep
|turn|95
|
|t:|1661276921
|-curestatus|p2a: Qwilfish|slp|[msg]
|move|p2a: Qwilfish|Rest|p2a: Qwilfish
|-status|p2a: Qwilfish|slp|[from] move: Rest
|-heal|p2a: Qwilfish|100/100 slp|[silent]
|move|p1a: Quagsire|Earthquake|p2a: Qwilfish
|-supereffective|p2a: Qwilfish
|-damage|p2a: Qwilfish|65/100 slp
|
|upkeep
|turn|96
|
|t:|1661276926
|switch|p2a: Eldegoss|Eldegoss, F|42/100 tox
|-damage|p2a: Eldegoss|30/100 tox|[from] Spikes
|move|p1a: Quagsire|Earthquake|p2a: Eldegoss
|-resisted|p2a: Eldegoss
|-damage|p2a: Eldegoss|19/100 tox
|
|-damage|p2a: Eldegoss|13/100 tox|[from] psn
|upkeep
|turn|97
|
|t:|1661276937
|switch|p1a: Ferroseed|Ferroseed, M|38/100
|move|p2a: Eldegoss|Aromatherapy|p2a: Eldegoss
|-activate|p2a: Eldegoss|move: Aromatherapy
|-curestatus|p2a: Eldegoss|tox|[msg]
|-curestatus|p2: Qwilfish|slp|[msg]
|-curestatus|p2: Regirock|slp|[msg]
|
|upkeep
|turn|98
|
|t:|1661276947
|switch|p2a: Cofagrigus|Cofagrigus, M|100/100
|-damage|p2a: Cofagrigus|88/100|[from] Spikes
|move|p1a: Ferroseed|Spikes|p2a: Cofagrigus
|-sidestart|p2: OOOPSTAGOON|Spikes
|
|upkeep
|turn|99
|
|t:|1661276954
|switch|p1a: Aromatisse|Aromatisse, M|80/100
|move|p2a: Cofagrigus|Body Press|p1a: Aromatisse
|-resisted|p1a: Aromatisse
|-damage|p1a: Aromatisse|67/100
|
|upkeep
|turn|100
|
|t:|1661276959
|move|p1a: Aromatisse|Moonblast|p2a: Cofagrigus
|-damage|p2a: Cofagrigus|58/100
|-unboost|p2a: Cofagrigus|spa|1
|move|p2a: Cofagrigus|Toxic Spikes|p1a: Aromatisse
|-sidestart|p1: Pult4t2 soup|move: Toxic Spikes
|
|upkeep
|turn|101
|
|t:|1661276965
|switch|p2a: Eldegoss|Eldegoss, F|46/100
|-damage|p2a: Eldegoss|29/100|[from] Spikes
|move|p1a: Aromatisse|Moonblast|p2a: Eldegoss
|-damage|p2a: Eldegoss|8/100
|
|upkeep
|turn|102
|
|t:|1661276972
|switch|p2a: Qwilfish|Qwilfish, F|65/100
|-damage|p2a: Qwilfish|48/100|[from] Spikes
|-ability|p2a: Qwilfish|Intimidate|boost
|-unboost|p1a: Aromatisse|atk|1
|move|p1a: Aromatisse|Moonblast|p2a: Qwilfish
|-resisted|p2a: Qwilfish
|-damage|p2a: Qwilfish|24/100
|
|upkeep
|turn|103
|j| drey77
|
|t:|1661276982
|switch|p1a: Ferroseed|Ferroseed, M|38/100
|move|p2a: Qwilfish|Rest|p2a: Qwilfish
|-status|p2a: Qwilfish|slp|[from] move: Rest
|-heal|p2a: Qwilfish|100/100 slp|[silent]
|
|upkeep
|turn|104
|
|t:|1661276987
|switch|p2a: Eldegoss|Eldegoss, F|41/100
|-damage|p2a: Eldegoss|24/100|[from] Spikes
|move|p1a: Ferroseed|Spikes|p2a: Eldegoss
|-sidestart|p2: OOOPSTAGOON|Spikes
|
|upkeep
|turn|105
|
|t:|1661276998
|switch|p2a: Qwilfish|Qwilfish, F|100/100 slp
|-damage|p2a: Qwilfish|76/100 slp|[from] Spikes
|-ability|p2a: Qwilfish|Intimidate|boost
|-unboost|p1a: Ferroseed|atk|1
|move|p1a: Ferroseed|Gyro Ball|p2a: Qwilfish
|-resisted|p2a: Qwilfish
|-damage|p2a: Qwilfish|68/100 slp
|
|upkeep
|turn|106
|
|t:|1661277007
|switch|p2a: Eldegoss|Eldegoss, F|58/100
|-damage|p2a: Eldegoss|33/100|[from] Spikes
|switch|p1a: Quagsire|Quagsire, M|84/100
|
|upkeep
|turn|107
|
|t:|1661277013
|switch|p1a: Ferroseed|Ferroseed, M|38/100
|move|p2a: Eldegoss|Rapid Spin|p1a: Ferroseed
|-resisted|p1a: Ferroseed
|-damage|p1a: Ferroseed|35/100
|-boost|p2a: Eldegoss|spe|1
|-damage|p2a: Eldegoss|20/100|[from] ability: Iron Barbs|[of] p1a: Ferroseed
|-sideend|p2: OOOPSTAGOON|Spikes|[from] move: Rapid Spin|[of] p2a: Eldegoss
|
|upkeep
|turn|108
|
|t:|1661277017
|switch|p2a: Qwilfish|Qwilfish, F|68/100 slp
|-ability|p2a: Qwilfish|Intimidate|boost
|-unboost|p1a: Ferroseed|atk|1
|move|p1a: Ferroseed|Spikes|p2a: Qwilfish
|-sidestart|p2: OOOPSTAGOON|Spikes
|
|upkeep
|turn|109
|
|t:|1661277021
|switch|p1a: Quagsire|Quagsire, M|84/100
|cant|p2a: Qwilfish|slp
|
|upkeep
|turn|110
|
|t:|1661277027
|switch|p2a: Eldegoss|Eldegoss, F|54/100
|-damage|p2a: Eldegoss|41/100|[from] Spikes
|move|p1a: Quagsire|Scald|p2a: Eldegoss
|-resisted|p2a: Eldegoss
|-damage|p2a: Eldegoss|35/100
|
|upkeep
|turn|111
|
|t:|1661277034
|switch|p1a: Ferroseed|Ferroseed, M|35/100
|move|p2a: Eldegoss|Rapid Spin|p1a: Ferroseed
|-resisted|p1a: Ferroseed
|-damage|p1a: Ferroseed|33/100
|-boost|p2a: Eldegoss|spe|1
|-damage|p2a: Eldegoss|23/100|[from] ability: Iron Barbs|[of] p1a: Ferroseed
|-sideend|p2: OOOPSTAGOON|Spikes|[from] move: Rapid Spin|[of] p2a: Eldegoss
|
|upkeep
|turn|112
|
|t:|1661277041
|switch|p2a: Regirock|Regirock|100/100
|move|p1a: Ferroseed|Spikes|p2a: Regirock
|-sidestart|p2: OOOPSTAGOON|Spikes
|
|upkeep
|turn|113
|
|t:|1661277044
|switch|p1a: Aromatisse|Aromatisse, M|67/100
|move|p2a: Regirock|Rock Blast|p1a: Aromatisse
|-damage|p1a: Aromatisse|61/100
|-damage|p1a: Aromatisse|54/100
|-damage|p1a: Aromatisse|47/100
|-hitcount|p1a: Aromatisse|3
|
|upkeep
|turn|114
|
|t:|1661277053
|move|p2a: Regirock|Stealth Rock|p1a: Aromatisse
|-sidestart|p1: Pult4t2 soup|move: Stealth Rock
|move|p1a: Aromatisse|Wish|p1a: Aromatisse
|
|upkeep
|turn|115
|
|t:|1661277061
|switch|p2a: Eldegoss|Eldegoss, F|56/100
|-damage|p2a: Eldegoss|44/100|[from] Spikes
|move|p1a: Aromatisse|Moonblast|p2a: Eldegoss
|-damage|p2a: Eldegoss|22/100
|
|-heal|p1a: Aromatisse|97/100|[from] move: Wish|[wisher] Aromatisse
|upkeep
|turn|116
|
|t:|1661277070
|move|p2a: Eldegoss|Rapid Spin|p1a: Aromatisse
|-damage|p1a: Aromatisse|93/100
|-boost|p2a: Eldegoss|spe|1
|-sideend|p2: OOOPSTAGOON|Spikes|[from] move: Rapid Spin|[of] p2a: Eldegoss
|move|p1a: Aromatisse|Moonblast|p2a: Eldegoss
|-damage|p2a: Eldegoss|0 fnt
|faint|p2a: Eldegoss
|
|upkeep
|
|t:|1661277080
|switch|p2a: Cofagrigus|Cofagrigus, M|58/100
|turn|117
|
|t:|1661277083
|move|p1a: Aromatisse|Moonblast|p2a: Cofagrigus
|-damage|p2a: Cofagrigus|27/100
|move|p2a: Cofagrigus|Rest|p2a: Cofagrigus
|-status|p2a: Cofagrigus|slp|[from] move: Rest
|-heal|p2a: Cofagrigus|100/100 slp|[silent]
|
|upkeep
|turn|118
|
|t:|1661277089
|move|p1a: Aromatisse|Wish|p1a: Aromatisse
|cant|p2a: Cofagrigus|slp
|
|upkeep
|turn|119
|
|t:|1661277094
|switch|p1a: Ferroseed|Ferroseed, M|33/100
|-damage|p1a: Ferroseed|27/100|[from] Stealth Rock
|cant|p2a: Cofagrigus|slp
|
|-heal|p1a: Ferroseed|96/100|[from] move: Wish|[wisher] Aromatisse
|upkeep
|turn|120
|
|t:|1661277097
|switch|p1a: Aromatisse|Aromatisse, M|93/100
|-curestatus|p2a: Cofagrigus|slp|[msg]
|move|p2a: Cofagrigus|Hex|p1a: Aromatisse
|-damage|p1a: Aromatisse|73/100
|
|upkeep
|turn|121
|
|t:|1661277104
|move|p1a: Aromatisse|Moonblast|p2a: Cofagrigus
|-damage|p2a: Cofagrigus|66/100
|move|p2a: Cofagrigus|Hex|p1a: Aromatisse
|-damage|p1a: Aromatisse|53/100
|
|upkeep
|turn|122
|
|t:|1661277108
|move|p1a: Aromatisse|Wish|p1a: Aromatisse
|move|p2a: Cofagrigus|Rest|p2a: Cofagrigus
|-status|p2a: Cofagrigus|slp|[from] move: Rest
|-heal|p2a: Cofagrigus|100/100 slp|[silent]
|
|upkeep
|turn|123
|
|t:|1661277112
|switch|p2a: Qwilfish|Qwilfish, F|68/100 slp
|-ability|p2a: Qwilfish|Intimidate|boost
|-unboost|p1a: Aromatisse|atk|1
|move|p1a: Aromatisse|Moonblast|p2a: Qwilfish
|-resisted|p2a: Qwilfish
|-damage|p2a: Qwilfish|39/100 slp
|
|-heal|p1a: Aromatisse|100/100|[from] move: Wish|[wisher] Aromatisse
|upkeep
|turn|124
|
|t:|1661277126
|switch|p1a: Ferroseed|Ferroseed, M|96/100
|-damage|p1a: Ferroseed|90/100|[from] Stealth Rock
|cant|p2a: Qwilfish|slp
|
|upkeep
|turn|125
|
|t:|1661277132
|switch|p2a: Regirock|Regirock|100/100
|move|p1a: Ferroseed|Spikes|p2a: Regirock
|-sidestart|p2: OOOPSTAGOON|Spikes
|
|upkeep
|turn|126
|
|t:|1661277136
|switch|p1a: Aromatisse|Aromatisse, M|100/100
|move|p2a: Regirock|Body Press|p1a: Aromatisse
|-resisted|p1a: Aromatisse
|-damage|p1a: Aromatisse|86/100
|
|upkeep
|turn|127
|
|t:|1661277141
|switch|p2a: Qwilfish|Qwilfish, F|39/100 slp
|-damage|p2a: Qwilfish|27/100 slp|[from] Spikes
|-ability|p2a: Qwilfish|Intimidate|boost
|-unboost|p1a: Aromatisse|atk|1
|move|p1a: Aromatisse|Wish|p1a: Aromatisse
|
|upkeep
|turn|128
|
|t:|1661277145
|switch|p1a: Ferroseed|Ferroseed, M|90/100
|-damage|p1a: Ferroseed|84/100|[from] Stealth Rock
|-curestatus|p2a: Qwilfish|slp|[msg]
|move|p2a: Qwilfish|Rest|p2a: Qwilfish
|-status|p2a: Qwilfish|slp|[from] move: Rest
|-heal|p2a: Qwilfish|100/100 slp|[silent]
|
|-heal|p1a: Ferroseed|100/100|[from] move: Wish|[wisher] Aromatisse
|upkeep
|turn|129
|
|t:|1661277152
|switch|p2a: Regirock|Regirock|100/100
|-damage|p2a: Regirock|88/100|[from] Spikes
|move|p1a: Ferroseed|Spikes|p2a: Regirock
|-sidestart|p2: OOOPSTAGOON|Spikes
|
|upkeep
|turn|130
|
|t:|1661277164
|switch|p1a: Quagsire|Quagsire, M|84/100
|move|p2a: Regirock|Stealth Rock||[still]
|-fail|p2a: Regirock
|
|upkeep
|turn|131
|
|t:|1661277171
|switch|p2a: Quagsire|Quagsire, M|95/100
|-damage|p2a: Quagsire|79/100|[from] Spikes
|switch|p1a: Ferroseed|Ferroseed, M|100/100
|-damage|p1a: Ferroseed|94/100|[from] Stealth Rock
|
|upkeep
|turn|132
|
|t:|1661277177
|move|p2a: Quagsire|Curse|p2a: Quagsire
|-unboost|p2a: Quagsire|spe|1
|-boost|p2a: Quagsire|atk|1
|-boost|p2a: Quagsire|def|1
|move|p1a: Ferroseed|Spikes|p2a: Quagsire
|-sidestart|p2: OOOPSTAGOON|Spikes
|
|upkeep
|turn|133
|
|t:|1661277179
|switch|p1a: Quagsire|Quagsire, M|84/100
|move|p2a: Quagsire|Curse|p2a: Quagsire
|-unboost|p2a: Quagsire|spe|1
|-boost|p2a: Quagsire|atk|1
|-boost|p2a: Quagsire|def|1
|
|upkeep
|turn|134
|
|t:|1661277185
|move|p1a: Quagsire|Scald|p2a: Quagsire
|-damage|p2a: Quagsire|65/100
|move|p2a: Quagsire|Curse|p2a: Quagsire
|-unboost|p2a: Quagsire|spe|1
|-boost|p2a: Quagsire|atk|1
|-boost|p2a: Quagsire|def|1
|
|upkeep
|turn|135
|
|t:|1661277188
|move|p1a: Quagsire|Scald|p2a: Quagsire
|-damage|p2a: Quagsire|50/100
|-status|p2a: Quagsire|brn
|move|p2a: Quagsire|Waterfall|p1a: Quagsire
|-damage|p1a: Quagsire|76/100
|
|-damage|p2a: Quagsire|44/100 brn|[from] brn
|upkeep
|turn|136
|j| Arcaslash
|
|t:|1661277192
|move|p1a: Quagsire|Haze|p1a: Quagsire
|-clearallboost
|move|p2a: Quagsire|Recover|p2a: Quagsire
|-heal|p2a: Quagsire|94/100 brn
|
|-damage|p2a: Quagsire|88/100 brn|[from] brn
|upkeep
|turn|137
|
|t:|1661277201
|switch|p1a: Corsola|Corsola, F|95/100
|-status|p1a: Corsola|psn
|-damage|p1a: Corsola|82/100 psn|[from] Stealth Rock
|switch|p2a: Qwilfish|Qwilfish, F|100/100 slp
|-damage|p2a: Qwilfish|76/100 slp|[from] Spikes
|-ability|p2a: Qwilfish|Intimidate|boost
|-unboost|p1a: Corsola|atk|1
|
|-damage|p1a: Corsola|70/100 psn|[from] psn
|upkeep
|turn|138
|
|t:|1661277207
|cant|p2a: Qwilfish|slp
|move|p1a: Corsola|Stealth Rock|p2a: Qwilfish
|-sidestart|p2: OOOPSTAGOON|move: Stealth Rock
|
|-damage|p1a: Corsola|58/100 psn|[from] psn
|upkeep
|turn|139
|
|t:|1661277212
|switch|p1a: Ferroseed|Ferroseed, M|94/100
|-damage|p1a: Ferroseed|88/100|[from] Stealth Rock
|cant|p2a: Qwilfish|slp
|
|upkeep
|turn|140
|
|t:|1661277219
|-curestatus|p2a: Qwilfish|slp|[msg]
|move|p2a: Qwilfish|Rest|p2a: Qwilfish
|-status|p2a: Qwilfish|slp|[from] move: Rest
|-heal|p2a: Qwilfish|100/100 slp|[silent]
|move|p1a: Ferroseed|Knock Off|p2a: Qwilfish
|-damage|p2a: Qwilfish|93/100 slp
|
|upkeep
|turn|141
|inactive|OOOPSTAGOON has 120 seconds left.
|
|t:|1661277259
|switch|p2a: Cofagrigus|Cofagrigus, M|100/100 slp
|-damage|p2a: Cofagrigus|75/100 slp|[from] Spikes
|-damage|p2a: Cofagrigus|63/100 slp|[from] Stealth Rock
|switch|p1a: Corsola|Corsola, F|91/100 psn
|-damage|p1a: Corsola|79/100 psn|[from] Stealth Rock
|
|-damage|p1a: Corsola|66/100 psn|[from] psn
|upkeep
|turn|142
|
|t:|1661277269
|move|p1a: Corsola|Scald|p2a: Cofagrigus
|-damage|p2a: Cofagrigus|42/100 slp
|cant|p2a: Cofagrigus|slp
|
|-damage|p1a: Corsola|54/100 psn|[from] psn
|upkeep
|turn|143
|
|t:|1661277274
|move|p1a: Corsola|Scald|p2a: Cofagrigus
|-damage|p2a: Cofagrigus|21/100 slp
|cant|p2a: Cofagrigus|slp
|
|-damage|p1a: Corsola|42/100 psn|[from] psn
|upkeep
|turn|144
|
|t:|1661277283
|move|p1a: Corsola|Scald|p2a: Cofagrigus
|-damage|p2a: Cofagrigus|0 fnt
|faint|p2a: Cofagrigus
|
|-damage|p1a: Corsola|30/100 psn|[from] psn
|upkeep
|
|t:|1661277288
|switch|p2a: Regirock|Regirock|88/100
|-damage|p2a: Regirock|63/100|[from] Spikes
|-damage|p2a: Regirock|51/100|[from] Stealth Rock
|turn|145
|
|t:|1661277292
|switch|p1a: Quagsire|Quagsire, M|76/100
|move|p2a: Regirock|Rest|p2a: Regirock
|-status|p2a: Regirock|slp|[from] move: Rest
|-heal|p2a: Regirock|100/100 slp|[silent]
|
|upkeep
|turn|146
|inactive|OOOPSTAGOON has 120 seconds left.
|
|t:|1661277306
|switch|p2a: Qwilfish|Qwilfish, F|93/100 slp
|-damage|p2a: Qwilfish|68/100 slp|[from] Spikes
|-damage|p2a: Qwilfish|56/100 slp|[from] Stealth Rock
|-ability|p2a: Qwilfish|Intimidate|boost
|-unboost|p1a: Quagsire|atk|1
|move|p1a: Quagsire|Scald|p2a: Qwilfish
|-resisted|p2a: Qwilfish
|-damage|p2a: Qwilfish|42/100 slp
|
|upkeep
|turn|147
|
|t:|1661277311
|cant|p2a: Qwilfish|slp
|move|p1a: Quagsire|Earthquake|p2a: Qwilfish
|-supereffective|p2a: Qwilfish
|-damage|p2a: Qwilfish|7/100 slp
|
|upkeep
|turn|148
|
|t:|1661277313
|cant|p2a: Qwilfish|slp
|move|p1a: Quagsire|Earthquake|p2a: Qwilfish
|-supereffective|p2a: Qwilfish
|-damage|p2a: Qwilfish|0 fnt
|faint|p2a: Qwilfish
|
|upkeep
|-message|OOOPSTAGOON forfeited.
|
|win|Pult4t2 soup
|raw|Pult4t2 soup's rating: 1446 &rarr; <strong>1466</strong><br />(+20 for winning)
|raw|OOOPSTAGOON's rating: 1447 &rarr; <strong>1427</strong><br />(-20 for losing)
|l|☆OOOPSTAGOON
|l|☆Pult4t2 soup
