|j|☆Antares
|j|☆sparksblade
|t:|1654367425
|gametype|singles
|player|p1|Antares|galacticgrunt|
|player|p2|sparksblade|roxie|
|teamsize|p1|6
|teamsize|p2|6
|gen|8
|tier|[Gen 8] PU
|rule|Sleep Clause Mod: Limit one foe put to sleep
|rule|Species Clause: Limit one of each Pokémon
|rule|OHKO Clause: OHKO moves are banned
|rule|Evasion Moves Clause: Evasion moves are banned
|rule|Endless Battle Clause: Forcing endless battles is banned
|rule|HP Percentage Mod: HP is shown in percentages
|rule|Dynamax Clause: You cannot dynamax
|clearpoke
|poke|p1|Shuckle, F|
|poke|p1|Silvally-*|
|poke|p1|Galvantula, M|
|poke|p1|Kabutops, M|
|poke|p1|Articuno-Galar|
|poke|p1|Whimsicott, F|
|poke|p2|Articuno-Galar|
|poke|p2|Charizard, M|
|poke|p2|Ribombee, F|
|poke|p2|Scrafty, F|
|poke|p2|Mesprit|
|poke|p2|Sandslash, F|
|teampreview
|c|☆sparksblade|hf
|c|☆Antares|gl
|
|t:|1654367491
|start
|switch|p1a: Shuckle|Shuckle, F|100/100
|switch|p2a: Articuno|Articuno-Galar|100/100
|turn|1
|
|t:|1654367498
|move|p2a: Articuno|Freezing Glare|p1a: Shuckle
|-damage|p1a: Shuckle|61/100
|move|p1a: Shuckle|Sticky Web|p2a: Articuno
|-sidestart|p2: sparksblade|move: Sticky Web
|
|upkeep
|turn|2
|
|t:|1654367507
|move|p2a: Articuno|Freezing Glare|p1a: Shuckle
|-damage|p1a: Shuckle|24/100
|move|p1a: Shuckle|Stealth Rock|p2a: Articuno
|-sidestart|p2: sparksblade|move: Stealth Rock
|
|upkeep
|turn|3
|
|t:|1654367515
|move|p2a: Articuno|Freezing Glare|p1a: Shuckle
|-damage|p1a: Shuckle|0 fnt
|faint|p1a: Shuckle
|
|upkeep
|
|t:|1654367518
|switch|p1a: Galvantula|Galvantula, M|100/100
|turn|4
|
|t:|1654367526
|move|p1a: Galvantula|Volt Switch|p2a: Articuno
|-supereffective|p2a: Articuno
|-damage|p2a: Articuno|6/100
|
|t:|1654367534
|switch|p1a: Articuno|Articuno-Galar|100/100|[from]move: Volt Switch
|move|p2a: Articuno|Freezing Glare|p1a: Articuno
|-resisted|p1a: Articuno
|-damage|p1a: Articuno|63/100
|
|-heal|p1a: Articuno|69/100|[from] item: Leftovers
|upkeep
|turn|5
|
|t:|1654367575
|switch|p2a: Charizard|Charizard, M|100/100
|move|p1a: Articuno|Calm Mind|p1a: Articuno
|-boost|p1a: Articuno|spa|1
|-boost|p1a: Articuno|spd|1
|
|-heal|p1a: Articuno|75/100|[from] item: Leftovers
|upkeep
|turn|6
|
|t:|1654367600
|move|p2a: Charizard|Dragon Dance|p2a: Charizard
|-boost|p2a: Charizard|atk|1
|-boost|p2a: Charizard|spe|1
|move|p1a: Articuno|Calm Mind|p1a: Articuno
|-boost|p1a: Articuno|spa|1
|-boost|p1a: Articuno|spd|1
|
|-heal|p1a: Articuno|81/100|[from] item: Leftovers
|upkeep
|turn|7
|
|t:|1654367611
|move|p2a: Charizard|Flare Blitz|p1a: Articuno
|-damage|p1a: Articuno|0 fnt
|faint|p1a: Articuno
|-damage|p2a: Charizard|72/100|[from] Recoil
|
|upkeep
|
|t:|1654367616
|switch|p1a: Kabutops|Kabutops, M|100/100
|turn|8
|
|t:|1654367630
|move|p2a: Charizard|Earthquake|p1a: Kabutops
|-supereffective|p1a: Kabutops
|-damage|p1a: Kabutops|0 fnt
|faint|p1a: Kabutops
|
|upkeep
|
|t:|1654367633
|switch|p1a: Silvally|Silvally-Ghost|100/100
|turn|9
|
|t:|1654367685
|move|p2a: Charizard|Flare Blitz|p1a: Silvally
|-damage|p1a: Silvally|21/100
|-damage|p2a: Charizard|42/100|[from] Recoil
|move|p1a: Silvally|Flame Charge|p2a: Charizard
|-resisted|p2a: Charizard
|-damage|p2a: Charizard|32/100
|-boost|p1a: Silvally|spe|1
|
|upkeep
|turn|10
|c|☆Antares|gg
|-message|Antares forfeited.
|
|win|sparksblade
|c|☆sparksblade|ggs
