|raw|<div class="broadcast-blue"><strong>This battle is required to be public due to a player having a name starting with 'pult4c1'.</div>
|j|☆pult4c1 shane
|j|☆PULT4C1 Inder
|t:|1660652293
|gametype|singles
|player|p1|pult4c1 shane|veteran|1411
|player|p2|PULT4C1 Inder|lyra|1441
|teamsize|p1|6
|teamsize|p2|6
|gen|8
|tier|[Gen 8] PU
|rated|
|rule|Sleep Clause Mod: Limit one foe put to sleep
|rule|Species Clause: Limit one of each Pokémon
|rule|OHKO Clause: OHKO moves are banned
|rule|Evasion Items Clause: Evasion items are banned
|rule|Evasion Moves Clause: Evasion moves are banned
|rule|Endless Battle Clause: Forcing endless battles is banned
|rule|HP Percentage Mod: HP is shown in percentages
|rule|Dynamax Clause: You cannot dynamax
|clearpoke
|poke|p1|Sandslash, F|
|poke|p1|Gigalith, M|
|poke|p1|Eldegoss, M|
|poke|p1|Basculin, M|
|poke|p1|Scyther, M|
|poke|p1|Weezing, M|
|poke|p2|Gigalith, F|
|poke|p2|Sandslash, F|
|poke|p2|Ribombee, F|
|poke|p2|Arctovish|
|poke|p2|Tangela, M|
|poke|p2|Gallade, M|
|teampreview
|inactive|Battle timer is ON: inactive players will automatically lose when time's up. (requested by pult4c1 shane)
|inactive|PULT4C1 Inder also wants the timer to be on.
|c|☆PULT4C1 Inder|hf
|c|☆pult4c1 shane|same
|inactive|pult4c1 shane has 120 seconds left.
|inactive|PULT4C1 Inder has 120 seconds left.
|
|t:|1660652334
|start
|switch|p1a: Scyther|Scyther, M|100/100
|switch|p2a: Gigalith|Gigalith, F|100/100
|-weather|Sandstorm|[from] ability: Sand Stream|[of] p2a: Gigalith
|turn|1
|j| PULT4C1 Astreau
|
|t:|1660652339
|move|p1a: Scyther|U-turn|p2a: Gigalith
|-damage|p2a: Gigalith|77/100
|
|t:|1660652341
|switch|p1a: Eldegoss|Eldegoss, M|100/100|[from]move: U-turn
|move|p2a: Gigalith|Rock Blast|p1a: Eldegoss
|-damage|p1a: Eldegoss|90/100
|-damage|p1a: Eldegoss|80/100
|-damage|p1a: Eldegoss|71/100
|-damage|p1a: Eldegoss|62/100
|-damage|p1a: Eldegoss|52/100
|-hitcount|p1a: Eldegoss|5
|-enditem|p1a: Eldegoss|Eject Button
|j| Haffling
|j| Dark★Shionツ
|
|t:|1660652369
|switch|p1a: Basculin|Basculin, M|100/100
|
|-weather|Sandstorm|[upkeep]
|-damage|p1a: Basculin|94/100|[from] Sandstorm
|-heal|p2a: Gigalith|84/100|[from] item: Leftovers
|upkeep
|turn|2
|
|t:|1660652380
|switch|p2a: Gallade|Gallade, M|100/100
|move|p1a: Basculin|Flip Turn|p2a: Gallade
|-damage|p2a: Gallade|53/100
|
|t:|1660652386
|switch|p1a: Sandslash|Sandslash, F|100/100|[from]move: Flip Turn
|
|-weather|Sandstorm|[upkeep]
|-damage|p2a: Gallade|47/100|[from] Sandstorm
|upkeep
|turn|3
|j| PULT4C1 QiYu5
|l| PULT4C1 QiYu5
|
|t:|1660652404
|switch|p1a: Scyther|Scyther, M|100/100
|move|p2a: Gallade|Drain Punch|p1a: Scyther
|-resisted|p1a: Scyther
|-crit|p1a: Scyther
|-damage|p1a: Scyther|81/100
|-heal|p2a: Gallade|55/100|[from] drain|[of] p1a: Scyther
|
|-weather|Sandstorm|[upkeep]
|-damage|p1a: Scyther|75/100|[from] Sandstorm
|-damage|p2a: Gallade|48/100|[from] Sandstorm
|upkeep
|turn|4
|
|t:|1660652421
|switch|p2a: Sandslash|Sandslash, F|100/100
|move|p1a: Scyther|Dual Wingbeat|p2a: Sandslash
|-damage|p2a: Sandslash|75/100
|-damage|p2a: Sandslash|49/100
|-hitcount|p2a: Sandslash|2
|
|-weather|Sandstorm|[upkeep]
|-damage|p1a: Scyther|69/100|[from] Sandstorm
|-heal|p2a: Sandslash|55/100|[from] item: Leftovers
|upkeep
|turn|5
|
|t:|1660652431
|switch|p1a: Eldegoss|Eldegoss, M|86/100
|move|p2a: Sandslash|Knock Off|p1a: Eldegoss
|-damage|p1a: Eldegoss|70/100
|
|-weather|none
|-heal|p2a: Sandslash|62/100|[from] item: Leftovers
|upkeep
|turn|6
|
|t:|1660652453
|switch|p2a: Tangela|Tangela, M|100/100
|move|p1a: Eldegoss|Giga Drain|p2a: Tangela
|-resisted|p2a: Tangela
|-damage|p2a: Tangela|87/100
|-heal|p1a: Eldegoss|77/100|[from] drain|[of] p2a: Tangela
|
|upkeep
|turn|7
|
|t:|1660652458
|switch|p2a: Gigalith|Gigalith, F|84/100
|-weather|Sandstorm|[from] ability: Sand Stream|[of] p2a: Gigalith
|move|p1a: Eldegoss|Giga Drain|p2a: Gigalith
|-supereffective|p2a: Gigalith
|-damage|p2a: Gigalith|61/100
|-heal|p1a: Eldegoss|90/100|[from] drain|[of] p2a: Gigalith
|
|-weather|Sandstorm|[upkeep]
|-damage|p1a: Eldegoss|84/100|[from] Sandstorm
|-heal|p2a: Gigalith|67/100|[from] item: Leftovers
|upkeep
|turn|8
|
|t:|1660652468
|move|p1a: Eldegoss|Sleep Powder|p2a: Gigalith
|-status|p2a: Gigalith|slp|[from] move: Sleep Powder
|cant|p2a: Gigalith|slp
|
|-weather|Sandstorm|[upkeep]
|-damage|p1a: Eldegoss|78/100|[from] Sandstorm
|-heal|p2a: Gigalith|73/100 slp|[from] item: Leftovers
|upkeep
|turn|9
|
|t:|1660652474
|switch|p2a: Gallade|Gallade, M|48/100
|move|p1a: Eldegoss|Giga Drain|p2a: Gallade
|-damage|p2a: Gallade|36/100
|-heal|p1a: Eldegoss|84/100|[from] drain|[of] p2a: Gallade
|
|-weather|Sandstorm|[upkeep]
|-damage|p2a: Gallade|30/100|[from] Sandstorm
|-damage|p1a: Eldegoss|78/100|[from] Sandstorm
|upkeep
|turn|10
|
|t:|1660652487
|switch|p2a: Arctovish|Arctovish|100/100
|switch|p1a: Sandslash|Sandslash, F|100/100
|
|-weather|Sandstorm|[upkeep]
|-damage|p2a: Arctovish|94/100|[from] Sandstorm
|upkeep
|turn|11
|
|t:|1660652496
|move|p1a: Sandslash|Stone Edge|p2a: Arctovish
|-supereffective|p2a: Arctovish
|-damage|p2a: Arctovish|25/100
|-damage|p1a: Sandslash|91/100|[from] item: Life Orb
|move|p2a: Arctovish|Fishious Rend|p1a: Sandslash
|-supereffective|p1a: Sandslash
|-damage|p1a: Sandslash|25/100
|
|-weather|none
|upkeep
|turn|12
|inactive|pult4c1 shane has 120 seconds left.
|
|t:|1660652545
|switch|p2a: Tangela|Tangela, M|100/100
|move|p1a: Sandslash|Leech Life|p2a: Tangela
|-supereffective|p2a: Tangela
|-damage|p2a: Tangela|72/100
|-heal|p1a: Sandslash|40/100|[from] drain|[of] p2a: Tangela
|-damage|p1a: Sandslash|30/100|[from] item: Life Orb
|
|upkeep
|turn|13
|
|t:|1660652558
|switch|p1a: Weezing|Weezing, M|100/100
|-ability|p1a: Weezing|Neutralizing Gas
|move|p2a: Tangela|Knock Off|p1a: Weezing
|-damage|p1a: Weezing|92/100
|-enditem|p1a: Weezing|Black Sludge|[from] move: Knock Off|[of] p2a: Tangela
|
|upkeep
|turn|14
|
|t:|1660652576
|switch|p2a: Arctovish|Arctovish|25/100
|move|p1a: Weezing|Toxic Spikes|p2a: Arctovish
|-sidestart|p2: PULT4C1 Inder|move: Toxic Spikes
|
|upkeep
|turn|15
|inactive|pult4c1 shane has 120 seconds left.
|
|t:|1660652595
|move|p2a: Arctovish|Rest|p2a: Arctovish
|-status|p2a: Arctovish|slp|[from] move: Rest
|-heal|p2a: Arctovish|100/100 slp|[silent]
|move|p1a: Weezing|Will-O-Wisp||[still]
|-fail|p1a: Weezing
|
|upkeep
|turn|16
|inactive|pult4c1 shane has 120 seconds left.
|
|t:|1660652603
|-end|p1a: Weezing|ability: Neutralizing Gas
|switch|p1a: Eldegoss|Eldegoss, M|100/100
|cant|p2a: Arctovish|slp
|move|p2a: Arctovish|Sleep Talk|p2a: Arctovish
|move|p2a: Arctovish|Fishious Rend|p1a: Eldegoss|[from]move: Sleep Talk
|-resisted|p1a: Eldegoss
|-damage|p1a: Eldegoss|77/100
|
|upkeep
|turn|17
|
|t:|1660652609
|switch|p2a: Ribombee|Ribombee, F|100/100
|move|p1a: Eldegoss|Giga Drain|p2a: Ribombee
|-resisted|p2a: Ribombee
|-damage|p2a: Ribombee|83/100
|-heal|p1a: Eldegoss|84/100|[from] drain|[of] p2a: Ribombee
|
|upkeep
|turn|18
|
|t:|1660652622
|switch|p1a: Gigalith|Gigalith, M|100/100
|-weather|Sandstorm|[from] ability: Sand Stream|[of] p1a: Gigalith
|move|p2a: Ribombee|Moonblast|p1a: Gigalith
|-damage|p1a: Gigalith|79/100
|-unboost|p1a: Gigalith|spa|1
|
|-weather|Sandstorm|[upkeep]
|-damage|p2a: Ribombee|77/100|[from] Sandstorm
|-heal|p1a: Gigalith|86/100|[from] item: Leftovers
|upkeep
|turn|19
|
|t:|1660652642
|switch|p2a: Arctovish|Arctovish|100/100 slp
|move|p1a: Gigalith|Earthquake|p2a: Arctovish
|-damage|p2a: Arctovish|72/100 slp
|
|-weather|Sandstorm|[upkeep]
|-damage|p2a: Arctovish|66/100 slp|[from] Sandstorm
|-heal|p1a: Gigalith|92/100|[from] item: Leftovers
|upkeep
|turn|20
|
|t:|1660652650
|switch|p1a: Eldegoss|Eldegoss, M|100/100
|cant|p2a: Arctovish|slp
|move|p2a: Arctovish|Sleep Talk|p2a: Arctovish
|move|p2a: Arctovish|Fishious Rend|p1a: Eldegoss|[from]move: Sleep Talk
|-resisted|p1a: Eldegoss
|-damage|p1a: Eldegoss|76/100
|
|-weather|Sandstorm|[upkeep]
|-damage|p2a: Arctovish|60/100 slp|[from] Sandstorm
|-damage|p1a: Eldegoss|70/100|[from] Sandstorm
|upkeep
|turn|21
|
|t:|1660652660
|switch|p2a: Ribombee|Ribombee, F|77/100
|move|p1a: Eldegoss|Giga Drain|p2a: Ribombee
|-resisted|p2a: Ribombee
|-damage|p2a: Ribombee|59/100
|-heal|p1a: Eldegoss|78/100|[from] drain|[of] p2a: Ribombee
|
|-weather|Sandstorm|[upkeep]
|-damage|p2a: Ribombee|53/100|[from] Sandstorm
|-damage|p1a: Eldegoss|71/100|[from] Sandstorm
|upkeep
|turn|22
|
|t:|1660652677
|switch|p1a: Basculin|Basculin, M|94/100
|move|p2a: Ribombee|Moonblast|p1a: Basculin
|-damage|p1a: Basculin|17/100
|-unboost|p1a: Basculin|spa|1
|
|-weather|none
|upkeep
|turn|23
|
|t:|1660652684
|switch|p2a: Arctovish|Arctovish|60/100 slp
|move|p1a: Basculin|Flip Turn|p2a: Arctovish
|-heal|p2a: Arctovish|85/100 slp|[from] ability: Water Absorb|[of] p1a: Basculin
|
|upkeep
|turn|24
|c|☆pult4c1 shane|oh i forgot it got that
|c|☆PULT4C1 Inder|lmao
|j| Metallica126
|l| Metallica126
|c|☆PULT4C1 Inder|a true water resist
|inactive|pult4c1 shane has 120 seconds left.
|inactive|PULT4C1 Inder has 120 seconds left.
|c|☆PULT4C1 Inder|Fuck whimsi
|c|☆pult4c1 shane|yea
|c|☆pult4c1 shane|i have a similar team but with poliwrath insteade
|
|t:|1660652739
|switch|p1a: Eldegoss|Eldegoss, M|100/100
|-curestatus|p2a: Arctovish|slp|[msg]
|move|p2a: Arctovish|Freeze-Dry|p1a: Eldegoss
|-supereffective|p1a: Eldegoss
|-damage|p1a: Eldegoss|68/100
|
|upkeep
|turn|25
|c|☆PULT4C1 Inder|oh alr
|inactive|PULT4C1 Inder has 120 seconds left.
|c|☆PULT4C1 Inder|0
|
|t:|1660652751
|switch|p2a: Ribombee|Ribombee, F|53/100
|move|p1a: Eldegoss|Giga Drain|p2a: Ribombee
|-resisted|p2a: Ribombee
|-damage|p2a: Ribombee|33/100
|-heal|p1a: Eldegoss|76/100|[from] drain|[of] p2a: Ribombee
|
|upkeep
|turn|26
|c| Haffling|i hate this vish set man
|
|t:|1660652760
|switch|p1a: Gigalith|Gigalith, M|92/100
|-weather|Sandstorm|[from] ability: Sand Stream|[of] p1a: Gigalith
|move|p2a: Ribombee|Roost|p2a: Ribombee
|-heal|p2a: Ribombee|83/100
|-singleturn|p2a: Ribombee|move: Roost
|
|-weather|Sandstorm|[upkeep]
|-damage|p2a: Ribombee|77/100|[from] Sandstorm
|-heal|p1a: Gigalith|98/100|[from] item: Leftovers
|upkeep
|turn|27
|c|☆PULT4C1 Inder|why :(
|inactive|PULT4C1 Inder has 120 seconds left.
|c| PULT4C1 Astreau|feur
|c|☆PULT4C1 Inder|Ça marche pas
|c| Haffling|i mean its cool but i hate it
|
|t:|1660652794
|switch|p2a: Arctovish|Arctovish|85/100
|move|p1a: Gigalith|Stealth Rock|p2a: Arctovish
|-sidestart|p2: PULT4C1 Inder|move: Stealth Rock
|
|-weather|Sandstorm|[upkeep]
|-damage|p2a: Arctovish|79/100|[from] Sandstorm
|-heal|p1a: Gigalith|100/100|[from] item: Leftovers
|upkeep
|turn|28
|inactive|pult4c1 shane has 120 seconds left.
|
|t:|1660652804
|switch|p1a: Eldegoss|Eldegoss, M|100/100
|move|p2a: Arctovish|Freeze-Dry|p1a: Eldegoss
|-supereffective|p1a: Eldegoss
|-damage|p1a: Eldegoss|68/100
|
|-weather|Sandstorm|[upkeep]
|-damage|p2a: Arctovish|73/100|[from] Sandstorm
|-damage|p1a: Eldegoss|62/100|[from] Sandstorm
|upkeep
|turn|29
|
|t:|1660652812
|move|p2a: Arctovish|Fishious Rend|p1a: Eldegoss
|-resisted|p1a: Eldegoss
|-damage|p1a: Eldegoss|38/100
|move|p1a: Eldegoss|Giga Drain|p2a: Arctovish
|-supereffective|p2a: Arctovish
|-damage|p2a: Arctovish|35/100
|-heal|p1a: Eldegoss|61/100|[from] drain|[of] p2a: Arctovish
|
|-weather|Sandstorm|[upkeep]
|-damage|p2a: Arctovish|29/100|[from] Sandstorm
|-damage|p1a: Eldegoss|55/100|[from] Sandstorm
|upkeep
|turn|30
|
|t:|1660652818
|move|p2a: Arctovish|Rest|p2a: Arctovish
|-status|p2a: Arctovish|slp|[from] move: Rest
|-heal|p2a: Arctovish|100/100 slp|[silent]
|move|p1a: Eldegoss|Giga Drain|p2a: Arctovish
|-supereffective|p2a: Arctovish
|-damage|p2a: Arctovish|61/100 slp
|-heal|p1a: Eldegoss|78/100|[from] drain|[of] p2a: Arctovish
|
|-weather|none
|upkeep
|turn|31
|
|t:|1660652828
|switch|p1a: Gigalith|Gigalith, M|100/100
|-weather|Sandstorm|[from] ability: Sand Stream|[of] p1a: Gigalith
|cant|p2a: Arctovish|slp
|move|p2a: Arctovish|Sleep Talk|p2a: Arctovish
|move|p2a: Arctovish|Rest||[from]move: Sleep Talk|[still]
|-fail|p2a: Arctovish
|
|-weather|Sandstorm|[upkeep]
|-damage|p2a: Arctovish|55/100 slp|[from] Sandstorm
|upkeep
|turn|32
|
|t:|1660652837
|cant|p2a: Arctovish|slp
|move|p2a: Arctovish|Sleep Talk|p2a: Arctovish
|move|p2a: Arctovish|Rest||[from]move: Sleep Talk|[still]
|-fail|p2a: Arctovish
|move|p1a: Gigalith|Rock Blast|p2a: Arctovish
|-supereffective|p2a: Arctovish
|-damage|p2a: Arctovish|35/100 slp
|-supereffective|p2a: Arctovish
|-damage|p2a: Arctovish|14/100 slp
|-supereffective|p2a: Arctovish
|-damage|p2a: Arctovish|0 fnt
|faint|p2a: Arctovish
|-hitcount|p2: Arctovish|3
|
|-weather|Sandstorm|[upkeep]
|upkeep
|c|☆PULT4C1 Inder|rip
|c|☆pult4c1 shane|rip
|
|t:|1660652851
|switch|p2a: Sandslash|Sandslash, F|62/100
|-status|p2a: Sandslash|psn
|-damage|p2a: Sandslash|55/100 psn|[from] Stealth Rock
|turn|33
|
|t:|1660652866
|move|p2a: Sandslash|Rapid Spin|p1a: Gigalith
|-resisted|p1a: Gigalith
|-damage|p1a: Gigalith|96/100
|-boost|p2a: Sandslash|spe|1
|-sideend|p2: PULT4C1 Inder|Toxic Spikes|[from] move: Rapid Spin|[of] p2a: Sandslash
|-sideend|p2: PULT4C1 Inder|Stealth Rock|[from] move: Rapid Spin|[of] p2a: Sandslash
|move|p1a: Gigalith|Earthquake|p2a: Sandslash
|-damage|p2a: Sandslash|29/100 psn
|
|-weather|Sandstorm|[upkeep]
|-heal|p2a: Sandslash|35/100 psn|[from] item: Leftovers
|-heal|p1a: Gigalith|100/100|[from] item: Leftovers
|-damage|p2a: Sandslash|23/100 psn|[from] psn
|upkeep
|turn|34
|
|t:|1660652872
|switch|p1a: Eldegoss|Eldegoss, M|100/100
|move|p2a: Sandslash|Swords Dance|p2a: Sandslash
|-boost|p2a: Sandslash|atk|2
|
|-weather|Sandstorm|[upkeep]
|-damage|p1a: Eldegoss|94/100|[from] Sandstorm
|-heal|p2a: Sandslash|29/100 psn|[from] item: Leftovers
|-damage|p2a: Sandslash|16/100 psn|[from] psn
|upkeep
|turn|35
|
|t:|1660652878
|move|p2a: Sandslash|Earthquake|p1a: Eldegoss
|-resisted|p1a: Eldegoss
|-damage|p1a: Eldegoss|60/100
|move|p1a: Eldegoss|Giga Drain|p2a: Sandslash
|-supereffective|p2a: Sandslash
|-damage|p2a: Sandslash|0 fnt
|-heal|p1a: Eldegoss|68/100|[from] drain|[of] p2a: Sandslash
|faint|p2a: Sandslash
|
|-weather|none
|upkeep
|
|t:|1660652883
|switch|p2a: Gallade|Gallade, M|30/100
|turn|36
|
|t:|1660652892
|switch|p2a: Ribombee|Ribombee, F|77/100
|switch|p1a: Weezing|Weezing, M|92/100
|-ability|p1a: Weezing|Neutralizing Gas
|
|upkeep
|turn|37
|c| PULT4C1 Astreau|miskine ton vish inder
|
|t:|1660652900
|move|p2a: Ribombee|Moonblast|p1a: Weezing
|-resisted|p1a: Weezing
|-damage|p1a: Weezing|66/100
|-unboost|p1a: Weezing|spa|1
|move|p1a: Weezing|Toxic Spikes|p2a: Ribombee
|-sidestart|p2: PULT4C1 Inder|move: Toxic Spikes
|
|upkeep
|turn|38
|
|t:|1660652905
|-end|p1a: Weezing|ability: Neutralizing Gas
|switch|p1a: Gigalith|Gigalith, M|100/100
|-weather|Sandstorm|[from] ability: Sand Stream|[of] p1a: Gigalith
|move|p2a: Ribombee|Quiver Dance|p2a: Ribombee
|-boost|p2a: Ribombee|spa|1
|-boost|p2a: Ribombee|spd|1
|-boost|p2a: Ribombee|spe|1
|
|-weather|Sandstorm|[upkeep]
|-damage|p2a: Ribombee|71/100|[from] Sandstorm
|upkeep
|turn|39
|
|t:|1660652912
|move|p2a: Ribombee|Moonblast|p1a: Gigalith
|-damage|p1a: Gigalith|72/100
|move|p1a: Gigalith|Rock Blast|p2a: Ribombee
|-supereffective|p2a: Ribombee
|-damage|p2a: Ribombee|30/100
|-supereffective|p2a: Ribombee
|-damage|p2a: Ribombee|0 fnt
|faint|p2a: Ribombee
|-hitcount|p2: Ribombee|2
|
|-weather|Sandstorm|[upkeep]
|-heal|p1a: Gigalith|78/100|[from] item: Leftovers
|upkeep
|c|☆PULT4C1 Inder|gg
|c|☆pult4c1 shane|gg
|-message|PULT4C1 Inder forfeited.
|
|win|pult4c1 shane
|raw|pult4c1 shane's rating: 1411 &rarr; <strong>1433</strong><br />(+22 for winning)
|raw|PULT4C1 Inder's rating: 1441 &rarr; <strong>1419</strong><br />(-22 for losing)
|l|☆PULT4C1 Inder
|l| Haffling
|l|☆pult4c1 shane
|j|☆pult4c1 shane
|player|p1|pult4c1 shane|veteran
|l| PULT4C1 Astreau
||Ladder isn't responding, score probably updated but might not have (Request timeout).
