|j|☆goligod
|j|☆woodey
|t:|1641772809
|gametype|singles
|player|p1|goligod|cyclistf-gen4|1523
|player|p2|woodey|burglar|1460
|teamsize|p1|6
|teamsize|p2|6
|gen|8
|tier|[Gen 8] PU
|rated|
|rule|Sleep Clause Mod: Limit one foe put to sleep
|rule|Species Clause: Limit one of each Pokémon
|rule|OHKO Clause: OHKO moves are banned
|rule|Evasion Moves Clause: Evasion moves are banned
|rule|Endless Battle Clause: Forcing endless battles is banned
|rule|HP Percentage Mod: HP is shown in percentages
|rule|Dynamax Clause: You cannot dynamax
|clearpoke
|poke|p1|Whimsicott, F|
|poke|p1|Sandslash, F|
|poke|p1|Ninjask, M|
|poke|p1|Gigalith, M|
|poke|p1|Glastrier|
|poke|p1|Espeon, F|
|poke|p2|Espeon, M|
|poke|p2|Silvally-*|
|poke|p2|Magmortar, M|
|poke|p2|Gallade, M|
|poke|p2|Perrserker, F|
|poke|p2|Weezing, M|
|teampreview
|inactive|Battle timer is ON: inactive players will automatically lose when time's up. (requested by woodey)
|
|t:|1641772824
|start
|switch|p1a: Sandslash|Sandslash, F|100/100
|switch|p2a: Perrserker|Perrserker, F|100/100
|turn|1
|
|t:|1641772829
|move|p2a: Perrserker|Fake Out|p1a: Sandslash
|-damage|p1a: Sandslash|80/100
|-damage|p2a: Perrserker|91/100|[from] item: Life Orb
|cant|p1a: Sandslash|flinch
|
|upkeep
|turn|2
|
|t:|1641772835
|move|p1a: Sandslash|Knock Off|p2a: Perrserker
|-damage|p2a: Perrserker|61/100
|-enditem|p2a: Perrserker|Life Orb|[from] move: Knock Off|[of] p1a: Sandslash
|move|p2a: Perrserker|Iron Head|p1a: Sandslash
|-damage|p1a: Sandslash|16/100
|
|upkeep
|turn|3
|
|t:|1641772845
|switch|p2a: Espeon|Espeon, M|100/100
|move|p1a: Sandslash|Earthquake|p2a: Espeon
|-damage|p2a: Espeon|3/100
|
|upkeep
|turn|4
|
|t:|1641772854
|switch|p1a: Tricky|Gigalith, M|100/100
|-weather|Sandstorm|[from] ability: Sand Stream|[of] p1a: Tricky
|move|p2a: Espeon|Grass Knot|p1a: Tricky
|-supereffective|p1a: Tricky
|-crit|p1a: Tricky
|-damage|p1a: Tricky|38/100
|
|-weather|Sandstorm|[upkeep]
|-damage|p2a: Espeon|0 fnt|[from] Sandstorm
|faint|p2a: Espeon
|-heal|p1a: Tricky|45/100|[from] item: Leftovers
|upkeep
|
|t:|1641772865
|switch|p2a: Perrserker|Perrserker, F|61/100
|turn|5
|
|t:|1641772882
|move|p1a: Tricky|Protect|p1a: Tricky
|-singleturn|p1a: Tricky|Protect
|move|p2a: Perrserker|Iron Head|p1a: Tricky
|-activate|p1a: Tricky|move: Protect
|
|-weather|Sandstorm|[upkeep]
|-heal|p1a: Tricky|51/100|[from] item: Leftovers
|upkeep
|turn|6
|
|t:|1641772885
|switch|p1a: Glastrier|Glastrier|100/100
|move|p2a: Perrserker|Iron Head|p1a: Glastrier
|-supereffective|p1a: Glastrier
|-damage|p1a: Glastrier|9/100
|
|-weather|Sandstorm|[upkeep]
|-damage|p1a: Glastrier|3/100|[from] Sandstorm
|upkeep
|turn|7
|
|t:|1641772890
|move|p2a: Perrserker|Iron Head|p1a: Glastrier
|-supereffective|p1a: Glastrier
|-damage|p1a: Glastrier|0 fnt
|faint|p1a: Glastrier
|
|-weather|Sandstorm|[upkeep]
|upkeep
|
|t:|1641772896
|switch|p1a: Sandslash|Sandslash, F|16/100
|turn|8
|
|t:|1641772901
|switch|p2a: Weezing|Weezing, M|100/100
|move|p1a: Sandslash|Earthquake|p2a: Weezing
|-immune|p2a: Weezing|[from] ability: Levitate
|
|-weather|none
|upkeep
|turn|9
|
|t:|1641772913
|switch|p1a: Espeon|Espeon, F|100/100
|move|p2a: Weezing|Sludge Bomb|p1a: Espeon
|-damage|p1a: Espeon|73/100
|
|-heal|p1a: Espeon|79/100|[from] item: Leftovers
|upkeep
|turn|10
|
|t:|1641772917
|switch|p2a: Silvally|Silvally-Fairy|100/100
|move|p1a: Espeon|Psychic|p2a: Silvally
|-damage|p2a: Silvally|76/100
|-unboost|p2a: Silvally|spd|1
|
|-heal|p1a: Espeon|85/100|[from] item: Leftovers
|upkeep
|turn|11
|
|t:|1641772929
|move|p1a: Espeon|Psychic|p2a: Silvally
|-damage|p2a: Silvally|41/100
|move|p2a: Silvally|Multi-Attack|p1a: Espeon
|-damage|p1a: Espeon|44/100
|
|-heal|p1a: Espeon|50/100|[from] item: Leftovers
|upkeep
|turn|12
|
|t:|1641772943
|move|p1a: Espeon|Psychic|p2a: Silvally
|-damage|p2a: Silvally|3/100
|move|p2a: Silvally|Multi-Attack|p1a: Espeon
|-damage|p1a: Espeon|9/100
|
|-heal|p1a: Espeon|15/100|[from] item: Leftovers
|upkeep
|turn|13
|
|t:|1641772947
|move|p1a: Espeon|Psychic|p2a: Silvally
|-damage|p2a: Silvally|0 fnt
|faint|p2a: Silvally
|
|-heal|p1a: Espeon|21/100|[from] item: Leftovers
|upkeep
|
|t:|1641772955
|switch|p2a: Perrserker|Perrserker, F|61/100
|turn|14
|
|t:|1641772959
|move|p1a: Espeon|Protect|p1a: Espeon
|-singleturn|p1a: Espeon|Protect
|move|p2a: Perrserker|Fake Out|p1a: Espeon
|-activate|p1a: Espeon|move: Protect
|
|-heal|p1a: Espeon|27/100|[from] item: Leftovers
|upkeep
|turn|15
|
|t:|1641772963
|move|p1a: Espeon|Psychic|p2a: Perrserker
|-resisted|p2a: Perrserker
|-damage|p2a: Perrserker|33/100
|move|p2a: Perrserker|U-turn|p1a: Espeon
|-supereffective|p1a: Espeon
|-damage|p1a: Espeon|0 fnt
|faint|p1a: Espeon
|
|t:|1641772968
|switch|p2a: Gallade|Gallade, M|100/100|[from]move: U-turn
|
|upkeep
|
|t:|1641772975
|switch|p1a: Ninjask|Ninjask, M|100/100
|turn|16
|
|t:|1641772980
|switch|p2a: Weezing|Weezing, M|100/100
|move|p1a: Ninjask|U-turn|p2a: Weezing
|-resisted|p2a: Weezing
|-damage|p2a: Weezing|90/100
|-damage|p1a: Ninjask|84/100|[from] item: Rocky Helmet|[of] p2a: Weezing
|inactive|goligod has 120 seconds left.
|
|t:|1641773014
|switch|p1a: Whimsicott|Whimsicott, F|100/100|[from]move: U-turn
|
|upkeep
|turn|17
|
|t:|1641773023
|move|p1a: Whimsicott|Switcheroo|p2a: Weezing
|-activate|p1a: Whimsicott|move: Trick|[of] p2a: Weezing
|-item|p2a: Weezing|Choice Specs|[from] move: Switcheroo
|-item|p1a: Whimsicott|Rocky Helmet|[from] move: Switcheroo
|move|p2a: Weezing|Sludge Bomb|p1a: Whimsicott
|-supereffective|p1a: Whimsicott
|-damage|p1a: Whimsicott|0 fnt
|faint|p1a: Whimsicott
|
|upkeep
|
|t:|1641773027
|switch|p1a: Tricky|Gigalith, M|51/100
|-weather|Sandstorm|[from] ability: Sand Stream|[of] p1a: Tricky
|turn|18
|
|t:|1641773033
|switch|p2a: Magmortar|Magmortar, M|100/100
|move|p1a: Tricky|Stealth Rock|p2a: Magmortar
|-sidestart|p2: woodey|move: Stealth Rock
|
|-weather|Sandstorm|[upkeep]
|-damage|p2a: Magmortar|94/100|[from] Sandstorm
|-heal|p1a: Tricky|57/100|[from] item: Leftovers
|upkeep
|turn|19
|
|t:|1641773039
|move|p1a: Tricky|Protect|p1a: Tricky
|-singleturn|p1a: Tricky|Protect
|move|p2a: Magmortar|Focus Blast|p1a: Tricky
|-activate|p1a: Tricky|move: Protect
|
|-weather|Sandstorm|[upkeep]
|-damage|p2a: Magmortar|88/100|[from] Sandstorm
|-heal|p1a: Tricky|63/100|[from] item: Leftovers
|upkeep
|turn|20
|
|t:|1641773047
|move|p2a: Magmortar|Focus Blast|p1a: Tricky
|-supereffective|p1a: Tricky
|-damage|p1a: Tricky|22/100
|move|p1a: Tricky|Earthquake|p2a: Magmortar
|-supereffective|p2a: Magmortar
|-damage|p2a: Magmortar|0 fnt
|faint|p2a: Magmortar
|
|-weather|Sandstorm|[upkeep]
|-heal|p1a: Tricky|29/100|[from] item: Leftovers
|upkeep
|
|t:|1641773051
|switch|p2a: Perrserker|Perrserker, F|33/100
|-damage|p2a: Perrserker|27/100|[from] Stealth Rock
|turn|21
|
|t:|1641773081
|move|p2a: Perrserker|Iron Head|p1a: Tricky
|-supereffective|p1a: Tricky
|-damage|p1a: Tricky|0 fnt
|faint|p1a: Tricky
|
|-weather|Sandstorm|[upkeep]
|upkeep
|
|t:|1641773085
|switch|p1a: Ninjask|Ninjask, M|84/100
|turn|22
|
|t:|1641773087
|move|p1a: Ninjask|Dig||[still]
|-prepare|p1a: Ninjask|Dig
|-enditem|p1a: Ninjask|Power Herb
|-anim|p1a: Ninjask|Dig|p2a: Perrserker
|-supereffective|p2a: Perrserker
|-damage|p2a: Perrserker|0 fnt
|faint|p2a: Perrserker
|
|-weather|none
|-ability|p1a: Ninjask|Speed Boost|boost
|-boost|p1a: Ninjask|spe|1
|upkeep
|
|t:|1641773092
|switch|p2a: Weezing|Weezing, M|90/100
|-damage|p2a: Weezing|77/100|[from] Stealth Rock
|turn|23
|c|☆woodey|my fart cloud
|c|☆woodey|packs flame thrower
|c|☆woodey|its over anakin
|c|☆woodey|I have a fart cloud
|
|t:|1641773121
|move|p1a: Ninjask|Acrobatics|p2a: Weezing
|-damage|p2a: Weezing|46/100
|move|p2a: Weezing|Flamethrower|p1a: Ninjask
|-supereffective|p1a: Ninjask
|-damage|p1a: Ninjask|0 fnt
|faint|p1a: Ninjask
|
|upkeep
|
|t:|1641773124
|switch|p1a: Sandslash|Sandslash, F|16/100
|turn|24
|
|t:|1641773132
|move|p1a: Sandslash|Stone Edge|p2a: Weezing
|-damage|p2a: Weezing|27/100
|move|p2a: Weezing|Flamethrower|p1a: Sandslash
|-damage|p1a: Sandslash|0 fnt
|faint|p1a: Sandslash
|
|win|woodey
|raw|goligod's rating: 1523 &rarr; <strong>1499</strong><br />(-24 for losing)
|raw|woodey's rating: 1460 &rarr; <strong>1484</strong><br />(+24 for winning)
|l|☆goligod
||Ladder isn't responding, score probably updated but might not have (Request timeout).
