|html|<div class="broadcast-blue"><strong>[Gen 8] PU is currently suspecting Exeggutor-Alola! For information on how to participate check out the <a href="https://www.smogon.com/forums/threads/np-pu-stage-6-hate-to-see-you-k-o-love-to-watch-you-leaf-storm.3686048/">suspect thread</a>.</strong></div>
|j|☆piondragisch
|j|☆one of the bouys
|t:|1624700464
|gametype|singles
|player|p1|piondragisch|backersf|1489
|player|p2|one of the bouys|1|1643
|teamsize|p1|6
|teamsize|p2|6
|gen|8
|tier|[Gen 8] PU
|rated|
|rule|Sleep Clause Mod: Limit one foe put to sleep
|rule|Species Clause: Limit one of each Pokémon
|rule|OHKO Clause: OHKO moves are banned
|rule|Evasion Moves Clause: Evasion moves are banned
|rule|Endless Battle Clause: Forcing endless battles is banned
|rule|HP Percentage Mod: HP is shown in percentages
|rule|Dynamax Clause: You cannot dynamax
|clearpoke
|poke|p1|Thwackey, M|
|poke|p1|Charizard, F|
|poke|p1|Hitmonlee, M|
|poke|p1|Guzzlord|
|poke|p1|Togedemaru, F|
|poke|p1|Palossand, F|
|poke|p2|Scyther, F|
|poke|p2|Morpeko, F|
|poke|p2|Lunatone|
|poke|p2|Poliwrath, F|
|poke|p2|Weezing, M|
|poke|p2|Stunfisk-Galar, M|
|teampreview
|
|t:|1624700509
|start
|switch|p1a: Thwackey|Thwackey, M|100/100
|switch|p2a: Weezing|Weezing, M|100/100
|-ability|p2a: Weezing|Neutralizing Gas
|turn|1
|
|t:|1624700520
|switch|p1a: Charizard|Charizard, F|100/100
|move|p2a: Weezing|Toxic Spikes|p1a: Charizard
|-sidestart|p1: piondragisch|move: Toxic Spikes
|
|upkeep
|turn|2
|
|t:|1624700527
|-end|p2a: Weezing|ability: Neutralizing Gas
|switch|p2a: Lunatone|Lunatone|100/100
|move|p1a: Charizard|Defog|p2a: Lunatone
|-unboost|p2a: Lunatone|evasion|1
|-sideend|p1: piondragisch|Toxic Spikes|[from] move: Defog|[of] p1a: Charizard
|
|upkeep
|turn|3
|
|t:|1624700537
|switch|p1a: Togedemaru|Togedemaru, F|100/100
|move|p2a: Lunatone|Future Sight|p1a: Togedemaru
|-start|p2a: Lunatone|move: Future Sight
|
|upkeep
|turn|4
|
|t:|1624700558
|switch|p2a: Poliwrath|Poliwrath, F|100/100
|move|p1a: Togedemaru|U-turn|p2a: Poliwrath
|-resisted|p2a: Poliwrath
|-damage|p2a: Poliwrath|93/100
|
|t:|1624700571
|switch|p1a: Thwackey|Thwackey, M|100/100|[from]move: U-turn
|-fieldstart|move: Grassy Terrain|[from] ability: Grassy Surge|[of] p1a: Thwackey
|
|-heal|p2a: Poliwrath|99/100|[from] Grassy Terrain
|-heal|p2a: Poliwrath|100/100|[from] item: Leftovers
|upkeep
|turn|5
|
|t:|1624700582
|move|p1a: Thwackey|Knock Off|p2a: Poliwrath
|-resisted|p2a: Poliwrath
|-damage|p2a: Poliwrath|91/100
|-enditem|p2a: Poliwrath|Leftovers|[from] move: Knock Off|[of] p1a: Thwackey
|move|p2a: Poliwrath|Circle Throw|p1a: Thwackey
|-damage|p1a: Thwackey|80/100
|drag|p1a: Charizard|Charizard, F|100/100
|
|-end|p1a: Charizard|move: Future Sight
|-damage|p1a: Charizard|29/100
|-heal|p2a: Poliwrath|97/100|[from] Grassy Terrain
|upkeep
|turn|6
|
|t:|1624700595
|move|p1a: Charizard|Roost|p1a: Charizard
|-heal|p1a: Charizard|80/100
|-singleturn|p1a: Charizard|move: Roost
|move|p2a: Poliwrath|Scald|p1a: Charizard
|-supereffective|p1a: Charizard
|-damage|p1a: Charizard|28/100
|
|-heal|p1a: Charizard|35/100|[from] Grassy Terrain
|-heal|p2a: Poliwrath|100/100|[from] Grassy Terrain
|upkeep
|turn|7
|
|t:|1624700612
|switch|p1a: Thwackey|Thwackey, M|80/100
|switch|p2a: Lunatone|Lunatone|100/100
|
|-heal|p1a: Thwackey|86/100|[from] Grassy Terrain
|upkeep
|turn|8
|
|t:|1624700622
|switch|p2a: Weezing|Weezing, M|100/100
|-ability|p2a: Weezing|Neutralizing Gas
|move|p1a: Thwackey|Knock Off|p2a: Weezing
|-damage|p2a: Weezing|83/100
|-enditem|p2a: Weezing|Black Sludge|[from] move: Knock Off|[of] p1a: Thwackey
|
|-heal|p1a: Thwackey|92/100|[from] Grassy Terrain
|-heal|p2a: Weezing|89/100|[from] Grassy Terrain
|-fieldend|move: Grassy Terrain
|upkeep
|turn|9
|
|t:|1624700634
|move|p1a: Thwackey|U-turn|p2a: Weezing
|-resisted|p2a: Weezing
|-damage|p2a: Weezing|82/100
|
|t:|1624700639
|switch|p1a: Guzzlord|Guzzlord|100/100|[from]move: U-turn
|move|p2a: Weezing|Toxic Spikes|p1a: Guzzlord
|-sidestart|p1: piondragisch|move: Toxic Spikes
|
|upkeep
|turn|10
|
|t:|1624700651
|-end|p2a: Weezing|ability: Neutralizing Gas
|switch|p2a: Poliwrath|Poliwrath, F|100/100
|move|p1a: Guzzlord|Dark Pulse|p2a: Poliwrath
|-resisted|p2a: Poliwrath
|-damage|p2a: Poliwrath|74/100
|
|upkeep
|turn|11
|
|t:|1624700677
|switch|p1a: Palossand|Palossand, F|100/100
|-status|p1a: Palossand|psn
|move|p2a: Poliwrath|Circle Throw|p1a: Palossand
|-immune|p1a: Palossand
|
|-damage|p1a: Palossand|88/100 psn|[from] psn
|upkeep
|turn|12
|
|t:|1624700688
|move|p2a: Poliwrath|Scald|p1a: Palossand
|-supereffective|p1a: Palossand
|-crit|p1a: Palossand
|-damage|p1a: Palossand|17/100 psn
|-ability|p1a: Palossand|Water Compaction|boost
|-boost|p1a: Palossand|def|2
|move|p1a: Palossand|Toxic|p2a: Poliwrath
|-status|p2a: Poliwrath|tox
|
|-damage|p2a: Poliwrath|68/100 tox|[from] psn
|-damage|p1a: Palossand|5/100 psn|[from] psn
|upkeep
|turn|13
|
|t:|1624700701
|switch|p1a: Thwackey|Thwackey, M|92/100
|-status|p1a: Thwackey|psn
|-fieldstart|move: Grassy Terrain|[from] ability: Grassy Surge|[of] p1a: Thwackey
|move|p2a: Poliwrath|Scald|p1a: Thwackey
|-resisted|p1a: Thwackey
|-damage|p1a: Thwackey|79/100 psn
|
|-heal|p1a: Thwackey|85/100 psn|[from] Grassy Terrain
|-heal|p2a: Poliwrath|74/100 tox|[from] Grassy Terrain
|-damage|p1a: Thwackey|72/100 psn|[from] psn
|-damage|p2a: Poliwrath|62/100 tox|[from] psn
|upkeep
|turn|14
|
|t:|1624700717
|switch|p2a: Weezing|Weezing, M|82/100
|-ability|p2a: Weezing|Neutralizing Gas
|move|p1a: Thwackey|U-turn|p2a: Weezing
|-resisted|p2a: Weezing
|-damage|p2a: Weezing|75/100
|
|t:|1624700724
|switch|p1a: Charizard|Charizard, F|35/100|[from]move: U-turn
|
|-heal|p2a: Weezing|81/100|[from] Grassy Terrain
|upkeep
|turn|15
|
|t:|1624700730
|-end|p2a: Weezing|ability: Neutralizing Gas
|switch|p2a: Lunatone|Lunatone|100/100
|move|p1a: Charizard|Defog|p2a: Lunatone
|-unboost|p2a: Lunatone|evasion|1
|-sideend|p1: piondragisch|Toxic Spikes|[from] move: Defog|[of] p1a: Charizard
|-fieldend|move: Grassy Terrain
|
|upkeep
|turn|16
|
|t:|1624700739
|switch|p1a: Guzzlord|Guzzlord|100/100
|move|p2a: Lunatone|Future Sight|p1a: Guzzlord
|-start|p2a: Lunatone|move: Future Sight
|
|upkeep
|turn|17
|
|t:|1624700745
|switch|p2a: Stunfisk|Stunfisk-Galar, M|100/100
|move|p1a: Guzzlord|Draco Meteor|p2a: Stunfisk
|-resisted|p2a: Stunfisk
|-damage|p2a: Stunfisk|73/100
|-unboost|p1a: Guzzlord|spa|2
|
|-heal|p2a: Stunfisk|79/100|[from] item: Leftovers
|upkeep
|turn|18
|
|t:|1624700754
|switch|p1a: Thwackey|Thwackey, M|72/100 psn
|-fieldstart|move: Grassy Terrain|[from] ability: Grassy Surge|[of] p1a: Thwackey
|-start|p2a: Stunfisk|typechange|Grass|[from] ability: Mimicry
|move|p2a: Stunfisk|Stealth Rock|p1a: Thwackey
|-sidestart|p1: piondragisch|move: Stealth Rock
|
|-end|p1a: Thwackey|move: Future Sight
|-damage|p1a: Thwackey|10/100 psn
|-heal|p1a: Thwackey|16/100 psn|[from] Grassy Terrain
|-heal|p2a: Stunfisk|85/100|[from] Grassy Terrain
|-heal|p2a: Stunfisk|91/100|[from] item: Leftovers
|-damage|p1a: Thwackey|4/100 psn|[from] psn
|upkeep
|turn|19
|
|t:|1624700768
|move|p1a: Thwackey|U-turn|p2a: Stunfisk
|-supereffective|p2a: Stunfisk
|-damage|p2a: Stunfisk|60/100
|
|t:|1624700778
|switch|p1a: Togedemaru|Togedemaru, F|100/100|[from]move: U-turn
|-damage|p1a: Togedemaru|95/100|[from] Stealth Rock
|move|p2a: Stunfisk|Snap Trap|p1a: Togedemaru
|-resisted|p1a: Togedemaru
|-damage|p1a: Togedemaru|82/100
|-activate|p1a: Togedemaru|move: Snap Trap|[of] p2a: Stunfisk
|
|-heal|p1a: Togedemaru|88/100|[from] Grassy Terrain
|-heal|p2a: Stunfisk|66/100|[from] Grassy Terrain
|-heal|p2a: Stunfisk|72/100|[from] item: Leftovers
|-damage|p1a: Togedemaru|76/100|[from] move: Snap Trap|[partiallytrapped]
|upkeep
|turn|20
|
|t:|1624700791
|move|p1a: Togedemaru|U-turn|p2a: Stunfisk
|-supereffective|p2a: Stunfisk
|-damage|p2a: Stunfisk|41/100
|
|t:|1624700797
|switch|p1a: Guzzlord|Guzzlord|100/100|[from]move: U-turn
|-damage|p1a: Guzzlord|88/100|[from] Stealth Rock
|move|p2a: Stunfisk|Yawn|p1a: Guzzlord
|-start|p1a: Guzzlord|move: Yawn|[of] p2a: Stunfisk
|
|-heal|p1a: Guzzlord|94/100|[from] Grassy Terrain
|-heal|p2a: Stunfisk|48/100|[from] Grassy Terrain
|-heal|p2a: Stunfisk|54/100|[from] item: Leftovers
|upkeep
|turn|21
|
|t:|1624700808
|switch|p1a: Charizard|Charizard, F|35/100
|move|p2a: Stunfisk|Snap Trap|p1a: Charizard
|-resisted|p1a: Charizard
|-damage|p1a: Charizard|30/100
|-activate|p1a: Charizard|move: Snap Trap|[of] p2a: Stunfisk
|
|-heal|p2a: Stunfisk|60/100|[from] Grassy Terrain
|-heal|p2a: Stunfisk|66/100|[from] item: Leftovers
|-damage|p1a: Charizard|18/100|[from] move: Snap Trap|[partiallytrapped]
|upkeep
|turn|22
|
|t:|1624700818
|switch|p2a: Lunatone|Lunatone|100/100
|move|p1a: Charizard|Roost|p1a: Charizard
|-heal|p1a: Charizard|68/100
|-singleturn|p1a: Charizard|move: Roost
|
|-heal|p1a: Charizard|74/100|[from] Grassy Terrain
|-end|p1a: Charizard|Snap Trap|[partiallytrapped]|[silent]
|-fieldend|move: Grassy Terrain
|upkeep
|turn|23
|
|t:|1624700826
|switch|p1a: Guzzlord|Guzzlord|94/100
|-damage|p1a: Guzzlord|82/100|[from] Stealth Rock
|move|p2a: Lunatone|Power Gem|p1a: Guzzlord
|-damage|p1a: Guzzlord|53/100
|
|upkeep
|turn|24
|
|t:|1624700841
|switch|p2a: Stunfisk|Stunfisk-Galar, M|66/100
|move|p1a: Guzzlord|Draco Meteor|p2a: Stunfisk
|-resisted|p2a: Stunfisk
|-damage|p2a: Stunfisk|39/100
|-unboost|p1a: Guzzlord|spa|2
|
|-heal|p2a: Stunfisk|45/100|[from] item: Leftovers
|upkeep
|turn|25
|
|t:|1624700854
|switch|p1a: Palossand|Palossand, F|5/100 psn
|-damage|p1a: Palossand|0 fnt|[from] Stealth Rock
|faint|p1a: Palossand
|switch|p2a: Lunatone|Lunatone|100/100
|
|upkeep
|
|t:|1624700870
|switch|p1a: Togedemaru|Togedemaru, F|76/100
|-damage|p1a: Togedemaru|70/100|[from] Stealth Rock
|turn|26
|
|t:|1624700879
|move|p1a: Togedemaru|U-turn|p2a: Lunatone
|-supereffective|p2a: Lunatone
|-damage|p2a: Lunatone|49/100
|
|t:|1624700888
|switch|p1a: Hitmonlee|Hitmonlee, M|100/100|[from]move: U-turn
|-damage|p1a: Hitmonlee|94/100|[from] Stealth Rock
|move|p2a: Lunatone|Future Sight|p1a: Hitmonlee
|-start|p2a: Lunatone|move: Future Sight
|
|-heal|p2a: Lunatone|55/100|[from] item: Leftovers
|upkeep
|turn|27
|
|t:|1624700896
|switch|p2a: Scyther|Scyther, F|100/100
|move|p1a: Hitmonlee|Knock Off|p2a: Scyther
|-damage|p2a: Scyther|51/100
|-enditem|p2a: Scyther|Heavy-Duty Boots|[from] move: Knock Off|[of] p1a: Hitmonlee
|
|upkeep
|turn|28
|
|t:|1624700910
|switch|p1a: Togedemaru|Togedemaru, F|70/100
|-damage|p1a: Togedemaru|64/100|[from] Stealth Rock
|move|p2a: Scyther|Dual Wingbeat|p1a: Togedemaru
|-resisted|p1a: Togedemaru
|-damage|p1a: Togedemaru|53/100
|-resisted|p1a: Togedemaru
|-damage|p1a: Togedemaru|40/100
|-hitcount|p1a: Togedemaru|2
|
|-end|p1a: Togedemaru|move: Future Sight
|-resisted|p1a: Togedemaru
|-damage|p1a: Togedemaru|0 fnt
|faint|p1a: Togedemaru
|upkeep
|
|t:|1624700926
|switch|p1a: Charizard|Charizard, F|74/100
|turn|29
|
|t:|1624700933
|move|p2a: Scyther|U-turn|p1a: Charizard
|-resisted|p1a: Charizard
|-damage|p1a: Charizard|63/100
|
|t:|1624700935
|switch|p2a: Lunatone|Lunatone|55/100|[from]move: U-turn
|move|p1a: Charizard|Defog|p2a: Lunatone
|-unboost|p2a: Lunatone|evasion|1
|-sideend|p1: piondragisch|Stealth Rock|[from] move: Defog|[of] p1a: Charizard
|
|-heal|p2a: Lunatone|61/100|[from] item: Leftovers
|upkeep
|turn|30
|
|t:|1624700945
|switch|p1a: Guzzlord|Guzzlord|53/100
|move|p2a: Lunatone|Power Gem|p1a: Guzzlord
|-damage|p1a: Guzzlord|22/100
|
|-heal|p2a: Lunatone|68/100|[from] item: Leftovers
|upkeep
|turn|31
|-message|piondragisch forfeited.
|
|win|one of the bouys
|raw|piondragisch's rating: 1489 &rarr; <strong>1477</strong><br />(-12 for losing)
|raw|one of the bouys's rating: 1643 &rarr; <strong>1655</strong><br />(+12 for winning)
|l|☆piondragisch
