|html|<div class="broadcast-blue"><strong>[Gen 8] PU is currently suspecting Scyther! For information on how to participate check out the <a href="https://www.smogon.com/forums/threads/np-ss-pu-stage-11-turn-turn-turn-scyther-retest.3707179/">suspect thread</a>.</strong></div>
|j|☆davo2544
|j|☆pancreas prolapse
|t:|1662421578
|gametype|singles
|player|p1|davo2544|fantina|1201
|player|p2|pancreas prolapse|170|1380
|teamsize|p1|6
|teamsize|p2|6
|gen|8
|tier|[Gen 8] PU
|rated|
|rule|Sleep Clause Mod: Limit one foe put to sleep
|rule|Species Clause: Limit one of each Pokémon
|rule|OHKO Clause: OHKO moves are banned
|rule|Evasion Items Clause: Evasion items are banned
|rule|Evasion Moves Clause: Evasion moves are banned
|rule|Endless Battle Clause: Forcing endless battles is banned
|rule|HP Percentage Mod: HP is shown in percentages
|rule|Dynamax Clause: You cannot dynamax
|clearpoke
|poke|p1|Charizard, M|
|poke|p1|Eldegoss, F|
|poke|p1|Scrafty, M|
|poke|p1|Scyther, F|
|poke|p1|Wishiwashi, F|
|poke|p1|Gigalith, F|
|poke|p2|Gigalith, M|
|poke|p2|Sandslash, M|
|poke|p2|Ribombee, F|
|poke|p2|Eldegoss, F|
|poke|p2|Articuno-Galar|
|poke|p2|Archeops, M|
|teampreview
|
|t:|1662421588
|start
|switch|p1a: Scyther|Scyther, F|100/100
|switch|p2a: Archeops|Archeops, M, shiny|100/100
|turn|1
|
|t:|1662421593
|switch|p1a: Gigalith|Gigalith, F|100/100
|-weather|Sandstorm|[from] ability: Sand Stream|[of] p1a: Gigalith
|move|p2a: Archeops|Knock Off|p1a: Gigalith
|-damage|p1a: Gigalith|76/100
|-enditem|p1a: Gigalith|Leftovers|[from] move: Knock Off|[of] p2a: Archeops
|
|-weather|Sandstorm|[upkeep]
|upkeep
|turn|2
|
|t:|1662421596
|move|p2a: Archeops|U-turn|p1a: Gigalith
|-damage|p1a: Gigalith|57/100
|
|t:|1662421601
|switch|p2a: Sandslash|Sandslash, M, shiny|100/100|[from]move: U-turn
|move|p1a: Gigalith|Stealth Rock|p2a: Sandslash
|-sidestart|p2: pancreas prolapse|move: Stealth Rock
|
|-weather|Sandstorm|[upkeep]
|upkeep
|turn|3
|
|t:|1662421606
|switch|p1a: Eldegoss|Eldegoss, F|100/100
|move|p2a: Sandslash|Rapid Spin|p1a: Eldegoss
|-damage|p1a: Eldegoss|85/100
|-boost|p2a: Sandslash|spe|1
|-sideend|p2: pancreas prolapse|Stealth Rock|[from] move: Rapid Spin|[of] p2a: Sandslash
|
|-weather|Sandstorm|[upkeep]
|-damage|p1a: Eldegoss|79/100|[from] Sandstorm
|upkeep
|turn|4
|
|t:|1662421613
|move|p2a: Sandslash|Knock Off|p1a: Eldegoss
|-damage|p1a: Eldegoss|48/100
|-enditem|p1a: Eldegoss|Heavy-Duty Boots|[from] move: Knock Off|[of] p2a: Sandslash
|move|p1a: Eldegoss|Leech Seed|p2a: Sandslash
|-start|p2a: Sandslash|move: Leech Seed
|
|-weather|Sandstorm|[upkeep]
|-damage|p1a: Eldegoss|42/100|[from] Sandstorm
|-damage|p2a: Sandslash|88/100|[from] Leech Seed|[of] p1a: Eldegoss
|-heal|p1a: Eldegoss|55/100|[silent]
|upkeep
|turn|5
|
|t:|1662421621
|switch|p2a: Archeops|Archeops, M, shiny|100/100
|move|p1a: Eldegoss|Giga Drain|p2a: Archeops
|-damage|p2a: Archeops|77/100
|-heal|p1a: Eldegoss|65/100|[from] drain|[of] p2a: Archeops
|
|-weather|none
|upkeep
|turn|6
|
|t:|1662421628
|switch|p1a: Scrafty|Scrafty, M|100/100
|move|p2a: Archeops|U-turn|p1a: Scrafty
|-damage|p1a: Scrafty|71/100
|
|t:|1662421631
|switch|p2a: Ribombee|Ribombee, F, shiny|100/100|[from]move: U-turn
|
|upkeep
|turn|7
|
|t:|1662421643
|switch|p1a: Charizard|Charizard, M|100/100
|move|p2a: Ribombee|Switcheroo|p1a: Charizard
|-activate|p2a: Ribombee|move: Trick|[of] p1a: Charizard
|-item|p1a: Charizard|Choice Specs|[from] move: Switcheroo
|-item|p2a: Ribombee|Heavy-Duty Boots|[from] move: Switcheroo
|
|upkeep
|turn|8
|
|t:|1662421656
|switch|p2a: Gigalith|Gigalith, M, shiny|100/100
|-weather|Sandstorm|[from] ability: Sand Stream|[of] p2a: Gigalith
|move|p1a: Charizard|Flamethrower|p2a: Gigalith
|-resisted|p2a: Gigalith
|-damage|p2a: Gigalith|88/100
|
|-weather|Sandstorm|[upkeep]
|-damage|p1a: Charizard|94/100|[from] Sandstorm
|-heal|p2a: Gigalith|94/100|[from] item: Leftovers
|upkeep
|turn|9
|
|t:|1662421670
|switch|p1a: Eldegoss|Eldegoss, F|99/100
|switch|p2a: Archeops|Archeops, M, shiny|77/100
|
|-weather|Sandstorm|[upkeep]
|-damage|p1a: Eldegoss|92/100|[from] Sandstorm
|upkeep
|turn|10
|
|t:|1662421677
|move|p2a: Archeops|Stone Edge|p1a: Eldegoss
|-damage|p1a: Eldegoss|26/100
|move|p1a: Eldegoss|Giga Drain|p2a: Archeops
|-damage|p2a: Archeops|52/100
|-heal|p1a: Eldegoss|38/100|[from] drain|[of] p2a: Archeops
|
|-weather|Sandstorm|[upkeep]
|-damage|p1a: Eldegoss|32/100|[from] Sandstorm
|upkeep
|turn|11
|
|t:|1662421684
|switch|p1a: Scrafty|Scrafty, M|71/100
|move|p2a: Archeops|U-turn|p1a: Scrafty
|-damage|p1a: Scrafty|41/100
|
|t:|1662421689
|switch|p2a: Gigalith|Gigalith, M, shiny|94/100|[from]move: U-turn
|
|-weather|Sandstorm|[upkeep]
|-damage|p1a: Scrafty|36/100|[from] Sandstorm
|-heal|p2a: Gigalith|99/100|[from] item: Leftovers
|upkeep
|turn|12
|
|t:|1662421694
|move|p1a: Scrafty|Close Combat|p2a: Gigalith
|-supereffective|p2a: Gigalith
|-damage|p2a: Gigalith|22/100
|-unboost|p1a: Scrafty|def|1
|-unboost|p1a: Scrafty|spd|1
|move|p2a: Gigalith|Stealth Rock|p1a: Scrafty
|-sidestart|p1: davo2544|move: Stealth Rock
|
|-weather|none
|-heal|p2a: Gigalith|29/100|[from] item: Leftovers
|upkeep
|turn|13
|
|t:|1662421700
|switch|p2a: Eldegoss|Eldegoss, F, shiny|100/100
|move|p1a: Scrafty|Knock Off|p2a: Eldegoss
|-damage|p2a: Eldegoss|62/100
|-enditem|p2a: Eldegoss|Eject Button|[from] move: Knock Off|[of] p1a: Scrafty
|
|upkeep
|turn|14
|
|t:|1662421712
|switch|p1a: Eldegoss|Eldegoss, F|65/100
|-damage|p1a: Eldegoss|53/100|[from] Stealth Rock
|switch|p2a: Ribombee|Ribombee, F, shiny|100/100
|
|upkeep
|turn|15
|
|t:|1662421719
|move|p2a: Ribombee|Moonblast|p1a: Eldegoss
|-damage|p1a: Eldegoss|25/100
|move|p1a: Eldegoss|Rapid Spin|p2a: Ribombee
|-damage|p2a: Ribombee|89/100
|-boost|p1a: Eldegoss|spe|1
|-sideend|p1: davo2544|Stealth Rock|[from] move: Rapid Spin|[of] p1a: Eldegoss
|
|upkeep
|turn|16
|
|t:|1662421724
|switch|p2a: Gigalith|Gigalith, M, shiny|29/100
|-weather|Sandstorm|[from] ability: Sand Stream|[of] p2a: Gigalith
|move|p1a: Eldegoss|Leech Seed|p2a: Gigalith|[miss]
|-miss|p1a: Eldegoss|p2a: Gigalith
|
|-weather|Sandstorm|[upkeep]
|-damage|p1a: Eldegoss|19/100|[from] Sandstorm
|-heal|p2a: Gigalith|35/100|[from] item: Leftovers
|upkeep
|turn|17
|c|☆davo2544|ofc
|
|t:|1662421734
|move|p2a: Gigalith|Protect|p2a: Gigalith
|-singleturn|p2a: Gigalith|Protect
|move|p1a: Eldegoss|Giga Drain|p2a: Gigalith
|-activate|p2a: Gigalith|move: Protect
|
|-weather|Sandstorm|[upkeep]
|-damage|p1a: Eldegoss|13/100|[from] Sandstorm
|-heal|p2a: Gigalith|41/100|[from] item: Leftovers
|upkeep
|turn|18
|
|t:|1662421743
|switch|p2a: Ribombee|Ribombee, F, shiny|89/100
|move|p1a: Eldegoss|Leech Seed|p2a: Ribombee
|-start|p2a: Ribombee|move: Leech Seed
|
|-weather|Sandstorm|[upkeep]
|-damage|p2a: Ribombee|83/100|[from] Sandstorm
|-damage|p1a: Eldegoss|6/100|[from] Sandstorm
|-damage|p2a: Ribombee|70/100|[from] Leech Seed|[of] p1a: Eldegoss
|-heal|p1a: Eldegoss|17/100|[silent]
|upkeep
|turn|19
|
|t:|1662421747
|move|p2a: Ribombee|Moonblast|p1a: Eldegoss
|-damage|p1a: Eldegoss|0 fnt
|faint|p1a: Eldegoss
|
|-weather|Sandstorm|[upkeep]
|-damage|p2a: Ribombee|64/100|[from] Sandstorm
|upkeep
|
|t:|1662421751
|switch|p1a: Charizard|Charizard, M|94/100
|turn|20
|
|t:|1662421795
|switch|p2a: Gigalith|Gigalith, M, shiny|41/100
|move|p1a: Charizard|Flamethrower|p2a: Gigalith
|-resisted|p2a: Gigalith
|-damage|p2a: Gigalith|28/100
|
|-weather|none
|-heal|p2a: Gigalith|34/100|[from] item: Leftovers
|upkeep
|turn|21
|
|t:|1662421816
|move|p1a: Charizard|Flamethrower|p2a: Gigalith
|-resisted|p2a: Gigalith
|-damage|p2a: Gigalith|13/100
|move|p2a: Gigalith|Stealth Rock|p1a: Charizard
|-sidestart|p1: davo2544|move: Stealth Rock
|
|-heal|p2a: Gigalith|19/100|[from] item: Leftovers
|upkeep
|turn|22
|
|t:|1662421819
|move|p2a: Gigalith|Protect|p2a: Gigalith
|-singleturn|p2a: Gigalith|Protect
|move|p1a: Charizard|Flamethrower|p2a: Gigalith
|-activate|p2a: Gigalith|move: Protect
|
|-heal|p2a: Gigalith|26/100|[from] item: Leftovers
|upkeep
|turn|23
|
|t:|1662421824
|move|p1a: Charizard|Flamethrower|p2a: Gigalith
|-resisted|p2a: Gigalith
|-damage|p2a: Gigalith|7/100
|move|p2a: Gigalith|Rock Blast|p1a: Charizard
|-supereffective|p1a: Charizard
|-damage|p1a: Charizard|43/100
|-supereffective|p1a: Charizard
|-damage|p1a: Charizard|0 fnt
|faint|p1a: Charizard
|-hitcount|p1: Charizard|2
|
|-heal|p2a: Gigalith|13/100|[from] item: Leftovers
|upkeep
|
|t:|1662421828
|switch|p1a: Wishiwashi|Wishiwashi, F|100/100
|-damage|p1a: Wishiwashi|88/100|[from] Stealth Rock
|-formechange|p1a: Wishiwashi|Wishiwashi-School||[from] ability: Schooling
|turn|24
|
|t:|1662421845
|move|p2a: Gigalith|Protect|p2a: Gigalith
|-singleturn|p2a: Gigalith|Protect
|move|p1a: Wishiwashi|Scald|p2a: Gigalith
|-activate|p2a: Gigalith|move: Protect
|
|-heal|p1a: Wishiwashi|94/100|[from] item: Leftovers
|-heal|p2a: Gigalith|19/100|[from] item: Leftovers
|upkeep
|turn|25
|
|t:|1662421860
|switch|p2a: Eldegoss|Eldegoss, F, shiny|96/100
|move|p1a: Wishiwashi|U-turn|p2a: Eldegoss
|-supereffective|p2a: Eldegoss
|-damage|p2a: Eldegoss|65/100
|
|t:|1662421871
|switch|p1a: Scyther|Scyther, F|100/100|[from]move: U-turn
|-damage|p1a: Scyther|51/100|[from] Stealth Rock
|
|upkeep
|turn|26
|
|t:|1662421877
|move|p1a: Scyther|Dual Wingbeat|p2a: Eldegoss
|-supereffective|p2a: Eldegoss
|-damage|p2a: Eldegoss|27/100
|-supereffective|p2a: Eldegoss
|-damage|p2a: Eldegoss|0 fnt
|faint|p2a: Eldegoss
|-hitcount|p2: Eldegoss|2
|
|upkeep
|
|t:|1662421885
|switch|p2a: Gigalith|Gigalith, M, shiny|19/100
|-weather|Sandstorm|[from] ability: Sand Stream|[of] p2a: Gigalith
|turn|27
|
|t:|1662421898
|move|p1a: Scyther|Dual Wingbeat|p2a: Gigalith
|-resisted|p2a: Gigalith
|-damage|p2a: Gigalith|12/100
|-resisted|p2a: Gigalith
|-damage|p2a: Gigalith|3/100
|-hitcount|p2a: Gigalith|2
|move|p2a: Gigalith|Earthquake|p1a: Scyther
|-immune|p1a: Scyther
|
|-weather|Sandstorm|[upkeep]
|-damage|p1a: Scyther|45/100|[from] Sandstorm
|-heal|p2a: Gigalith|9/100|[from] item: Leftovers
|upkeep
|turn|28
|
|t:|1662421912
|move|p1a: Scyther|Dual Wingbeat|p2a: Gigalith
|-resisted|p2a: Gigalith
|-damage|p2a: Gigalith|1/100
|-resisted|p2a: Gigalith
|-damage|p2a: Gigalith|0 fnt
|faint|p2a: Gigalith
|-hitcount|p2: Gigalith|2
|
|-weather|Sandstorm|[upkeep]
|-damage|p1a: Scyther|38/100|[from] Sandstorm
|upkeep
|
|t:|1662421928
|switch|p2a: Sandslash|Sandslash, M, shiny|88/100
|turn|29
|
|t:|1662421931
|move|p2a: Sandslash|Knock Off|p1a: Scyther
|-damage|p1a: Scyther|17/100
|-enditem|p1a: Scyther|Eviolite|[from] move: Knock Off|[of] p2a: Sandslash
|move|p1a: Scyther|Dual Wingbeat|p2a: Sandslash
|-damage|p2a: Sandslash|68/100
|-damage|p2a: Sandslash|47/100
|-hitcount|p2a: Sandslash|2
|
|-weather|Sandstorm|[upkeep]
|-damage|p1a: Scyther|11/100|[from] Sandstorm
|-heal|p2a: Sandslash|53/100|[from] item: Leftovers
|upkeep
|turn|30
|
|t:|1662421937
|switch|p1a: Scrafty|Scrafty, M|36/100
|-damage|p1a: Scrafty|30/100|[from] Stealth Rock
|move|p2a: Sandslash|Knock Off|p1a: Scrafty
|-resisted|p1a: Scrafty
|-damage|p1a: Scrafty|22/100
|-enditem|p1a: Scrafty|Chople Berry|[from] move: Knock Off|[of] p2a: Sandslash
|
|-weather|Sandstorm|[upkeep]
|-damage|p1a: Scrafty|16/100|[from] Sandstorm
|-heal|p2a: Sandslash|59/100|[from] item: Leftovers
|upkeep
|turn|31
|
|t:|1662421939
|move|p2a: Sandslash|Earthquake|p1a: Scrafty
|-crit|p1a: Scrafty
|-damage|p1a: Scrafty|0 fnt
|faint|p1a: Scrafty
|
|-weather|none
|-heal|p2a: Sandslash|65/100|[from] item: Leftovers
|upkeep
|c|☆davo2544|oh
|c|☆davo2544|sand rush
|
|t:|1662421950
|switch|p1a: Wishiwashi|Wishiwashi, F|94/100
|-damage|p1a: Wishiwashi|82/100|[from] Stealth Rock
|-formechange|p1a: Wishiwashi|Wishiwashi-School||[from] ability: Schooling
|turn|32
|
|t:|1662421957
|switch|p2a: Archeops|Archeops, M, shiny|52/100
|move|p1a: Wishiwashi|Scald|p2a: Archeops
|-supereffective|p2a: Archeops
|-damage|p2a: Archeops|0 fnt
|faint|p2a: Archeops
|
|-heal|p1a: Wishiwashi|88/100|[from] item: Leftovers
|upkeep
|
|t:|1662421960
|switch|p2a: Articuno|Articuno-Galar, shiny|100/100
|turn|33
|
|t:|1662421963
|move|p2a: Articuno|Psyshock|p1a: Wishiwashi
|-damage|p1a: Wishiwashi|43/100
|move|p1a: Wishiwashi|Scald|p2a: Articuno
|-damage|p2a: Articuno|62/100
|
|-heal|p1a: Wishiwashi|49/100|[from] item: Leftovers
|upkeep
|turn|34
|
|t:|1662421968
|move|p2a: Articuno|Psyshock|p1a: Wishiwashi
|-damage|p1a: Wishiwashi|3/100
|move|p1a: Wishiwashi|Rest|p1a: Wishiwashi
|-status|p1a: Wishiwashi|slp|[from] move: Rest
|-heal|p1a: Wishiwashi|100/100 slp|[silent]
|
|upkeep
|turn|35
|
|t:|1662421971
|move|p2a: Articuno|Psyshock|p1a: Wishiwashi
|-damage|p1a: Wishiwashi|56/100 slp
|cant|p1a: Wishiwashi|slp
|move|p1a: Wishiwashi|Sleep Talk|p1a: Wishiwashi
|move|p1a: Wishiwashi|U-turn|p2a: Articuno|[from]move: Sleep Talk
|-damage|p2a: Articuno|38/100
|
|t:|1662421973
|switch|p1a: Gigalith|Gigalith, F|57/100|[from]move: U-turn
|-damage|p1a: Gigalith|45/100|[from] Stealth Rock
|-weather|Sandstorm|[from] ability: Sand Stream|[of] p1a: Gigalith
|
|-weather|Sandstorm|[upkeep]
|-damage|p2a: Articuno|31/100|[from] Sandstorm
|upkeep
|turn|36
|
|t:|1662421976
|move|p2a: Articuno|Psyshock|p1a: Gigalith
|-damage|p1a: Gigalith|4/100
|move|p1a: Gigalith|Stone Edge|p2a: Articuno
|-supereffective|p2a: Articuno
|-damage|p2a: Articuno|0 fnt
|faint|p2a: Articuno
|
|-weather|Sandstorm|[upkeep]
|upkeep
|
|t:|1662421979
|switch|p2a: Sandslash|Sandslash, M, shiny|65/100
|turn|37
|
|t:|1662421983
|move|p2a: Sandslash|Earthquake|p1a: Gigalith
|-supereffective|p1a: Gigalith
|-damage|p1a: Gigalith|0 fnt
|faint|p1a: Gigalith
|
|-weather|Sandstorm|[upkeep]
|-heal|p2a: Sandslash|71/100|[from] item: Leftovers
|upkeep
|
|t:|1662421984
|switch|p1a: Wishiwashi|Wishiwashi, F|56/100 slp
|-damage|p1a: Wishiwashi|44/100 slp|[from] Stealth Rock
|-formechange|p1a: Wishiwashi|Wishiwashi-School||[from] ability: Schooling
|turn|38
|
|t:|1662421988
|move|p2a: Sandslash|Earthquake|p1a: Wishiwashi
|-damage|p1a: Wishiwashi|15/100 slp
|cant|p1a: Wishiwashi|slp
|move|p1a: Wishiwashi|Sleep Talk|p1a: Wishiwashi
|move|p1a: Wishiwashi|Scald|p2a: Sandslash|[from]move: Sleep Talk
|-supereffective|p2a: Sandslash
|-damage|p2a: Sandslash|0 fnt
|faint|p2a: Sandslash
|
|-weather|Sandstorm|[upkeep]
|-damage|p1a: Wishiwashi|9/100 slp|[from] Sandstorm
|-heal|p1a: Wishiwashi|15/100 slp|[from] item: Leftovers
|-formechange|p1a: Wishiwashi|Wishiwashi||[from] ability: Schooling
|upkeep
|
|t:|1662421990
|switch|p2a: Ribombee|Ribombee, F, shiny|64/100
|turn|39
|
|t:|1662421996
|move|p2a: Ribombee|Moonblast|p1a: Wishiwashi
|-damage|p1a: Wishiwashi|0 fnt
|faint|p1a: Wishiwashi
|
|-weather|none
|upkeep
|
|t:|1662421998
|switch|p1a: Scyther|Scyther, F|11/100
|-damage|p1a: Scyther|0 fnt|[from] Stealth Rock
|faint|p1a: Scyther
|
|win|pancreas prolapse
|raw|davo2544's rating: 1201 &rarr; <strong>1188</strong><br />(-13 for losing)
|raw|pancreas prolapse's rating: 1380 &rarr; <strong>1391</strong><br />(+11 for winning)
|c|☆davo2544|bro if i didnt get all those turns of bad luck
|l|☆davo2544
||Ladder isn't responding, score probably updated but might not have (Request timeout).
