|j|☆HJAD
|j|☆mushamu
|t:|1633301393
|gametype|singles
|player|p1|HJAD|lance-gen2|
|player|p2|mushamu|lucas|
|teamsize|p1|6
|teamsize|p2|6
|gen|8
|tier|[Gen 8] PU
|rated|Tournament battle
|rule|Sleep Clause Mod: Limit one foe put to sleep
|rule|Species Clause: Limit one of each Pokémon
|rule|OHKO Clause: OHKO moves are banned
|rule|Evasion Moves Clause: Evasion moves are banned
|rule|Endless Battle Clause: Forcing endless battles is banned
|rule|HP Percentage Mod: HP is shown in percentages
|rule|Dynamax Clause: You cannot dynamax
|clearpoke
|poke|p1|Togedemaru, F|
|poke|p1|Ferroseed, F|
|poke|p1|Cofagrigus, F|
|poke|p1|Articuno-Galar|
|poke|p1|Gigalith, M|
|poke|p1|Ribombee, F|
|poke|p2|Ferroseed, F|
|poke|p2|Sandaconda, M|
|poke|p2|Tsareena, F|
|poke|p2|Ribombee, M|
|poke|p2|Audino, F|
|poke|p2|Silvally-*|
|teampreview
|c|☆mushamu|hf
|c|☆HJAD|u2 brother
|j|+Gva
|c|☆HJAD|wait is this stall
|c|☆mushamu|na
|c|☆HJAD|fair enough
|c|☆HJAD|it looks teddy balancey
|c|☆HJAD|i like
|c|☆mushamu|ye its bal
|
|t:|1633301458
|start
|switch|p1a: Gigalith|Gigalith, M|100/100
|switch|p2a: Audino|Audino, F|100/100
|-weather|Sandstorm|[from] ability: Sand Stream|[of] p1a: Gigalith
|turn|1
|
|t:|1633301466
|switch|p1a: Ferroseed|Ferroseed, F|100/100
|move|p2a: Audino|Knock Off|p1a: Ferroseed
|-damage|p1a: Ferroseed|91/100
|-damage|p2a: Audino|88/100|[from] ability: Iron Barbs|[of] p1a: Ferroseed
|-enditem|p1a: Ferroseed|Eviolite|[from] move: Knock Off|[of] p2a: Audino
|
|-weather|Sandstorm|[upkeep]
|-damage|p2a: Audino|82/100|[from] Sandstorm
|upkeep
|turn|2
|
|t:|1633301473
|switch|p2a: Ferroseed|Ferroseed, F|100/100
|move|p1a: Ferroseed|Stealth Rock|p2a: Ferroseed
|-sidestart|p2: mushamu|move: Stealth Rock
|
|-weather|Sandstorm|[upkeep]
|upkeep
|turn|3
|j|@tlenit
|
|t:|1633301496
|move|p1a: Ferroseed|Knock Off|p2a: Ferroseed
|-damage|p2a: Ferroseed|93/100
|-damage|p1a: Ferroseed|78/100|[from] ability: Iron Barbs|[of] p2a: Ferroseed
|-enditem|p2a: Ferroseed|Eviolite|[from] move: Knock Off|[of] p1a: Ferroseed
|move|p2a: Ferroseed|Spikes|p1a: Ferroseed
|-sidestart|p1: HJAD|Spikes
|
|-weather|Sandstorm|[upkeep]
|upkeep
|turn|4
|c|@tlenit|this could be SCL match up
|
|t:|1633301502
|move|p1a: Ferroseed|Spikes|p2a: Ferroseed
|-sidestart|p2: mushamu|Spikes
|move|p2a: Ferroseed|Spikes|p1a: Ferroseed
|-sidestart|p1: HJAD|Spikes
|
|-weather|Sandstorm|[upkeep]
|upkeep
|turn|5
|
|t:|1633301505
|move|p1a: Ferroseed|Spikes|p2a: Ferroseed
|-sidestart|p2: mushamu|Spikes
|move|p2a: Ferroseed|Spikes|p1a: Ferroseed
|-sidestart|p1: HJAD|Spikes
|
|-weather|none
|upkeep
|turn|6
|
|t:|1633301514
|move|p1a: Ferroseed|Spikes|p2a: Ferroseed
|-sidestart|p2: mushamu|Spikes
|move|p2a: Ferroseed|Knock Off|p1a: Ferroseed
|-damage|p1a: Ferroseed|70/100
|-damage|p2a: Ferroseed|81/100|[from] ability: Iron Barbs|[of] p1a: Ferroseed
|
|upkeep
|turn|7
|
|t:|1633301528
|move|p1a: Ferroseed|Knock Off|p2a: Ferroseed
|-damage|p2a: Ferroseed|73/100
|-damage|p1a: Ferroseed|58/100|[from] ability: Iron Barbs|[of] p2a: Ferroseed
|move|p2a: Ferroseed|Knock Off|p1a: Ferroseed
|-damage|p1a: Ferroseed|49/100
|-damage|p2a: Ferroseed|60/100|[from] ability: Iron Barbs|[of] p1a: Ferroseed
|
|upkeep
|turn|8
|
|t:|1633301536
|move|p1a: Ferroseed|Knock Off|p2a: Ferroseed
|-damage|p2a: Ferroseed|53/100
|-damage|p1a: Ferroseed|37/100|[from] ability: Iron Barbs|[of] p2a: Ferroseed
|move|p2a: Ferroseed|Knock Off|p1a: Ferroseed
|-damage|p1a: Ferroseed|29/100
|-damage|p2a: Ferroseed|41/100|[from] ability: Iron Barbs|[of] p1a: Ferroseed
|
|upkeep
|turn|9
|
|t:|1633301543
|move|p1a: Ferroseed|Leech Seed|p2a: Ferroseed
|-immune|p2a: Ferroseed
|move|p2a: Ferroseed|Spikes||[still]
|-fail|p2a: Ferroseed
|
|upkeep
|turn|10
|
|t:|1633301553
|move|p1a: Ferroseed|Spikes||[still]
|-fail|p1a: Ferroseed
|move|p2a: Ferroseed|Knock Off|p1a: Ferroseed
|-damage|p1a: Ferroseed|21/100
|-damage|p2a: Ferroseed|28/100|[from] ability: Iron Barbs|[of] p1a: Ferroseed
|
|upkeep
|turn|11
|
|t:|1633301557
|switch|p2a: Sandaconda|Sandaconda, M|100/100
|-damage|p2a: Sandaconda|94/100|[from] Stealth Rock
|-damage|p2a: Sandaconda|69/100|[from] Spikes
|move|p1a: Ferroseed|Knock Off|p2a: Sandaconda
|-damage|p2a: Sandaconda|62/100
|-damage|p1a: Ferroseed|5/100|[from] item: Rocky Helmet|[of] p2a: Sandaconda
|-enditem|p2a: Sandaconda|Rocky Helmet|[from] move: Knock Off|[of] p1a: Ferroseed
|
|upkeep
|turn|12
|
|t:|1633301583
|move|p2a: Sandaconda|Stealth Rock|p1a: Ferroseed
|-sidestart|p1: HJAD|move: Stealth Rock
|move|p1a: Ferroseed|Leech Seed|p2a: Sandaconda
|-start|p2a: Sandaconda|move: Leech Seed
|
|-damage|p2a: Sandaconda|50/100|[from] Leech Seed|[of] p1a: Ferroseed
|-heal|p1a: Ferroseed|19/100|[silent]
|upkeep
|turn|13
|
|t:|1633301604
|switch|p1a: Articuno|Articuno-Galar|100/100
|move|p2a: Sandaconda|Glare|p1a: Articuno
|-status|p1a: Articuno|par
|
|-damage|p2a: Sandaconda|37/100|[from] Leech Seed|[of] p1a: Articuno
|upkeep
|turn|14
|
|t:|1633301609
|switch|p2a: Audino|Audino, F|100/100
|move|p1a: Articuno|Psyshock|p2a: Audino
|-damage|p2a: Audino|63/100
|
|upkeep
|turn|15
|
|t:|1633301626
|switch|p1a: Togedemaru|Togedemaru, F|100/100
|-damage|p1a: Togedemaru|94/100|[from] Stealth Rock
|-damage|p1a: Togedemaru|70/100|[from] Spikes
|move|p2a: Audino|Wish|p2a: Audino
|
|upkeep
|turn|16
|
|t:|1633301642
|move|p1a: Togedemaru|Iron Head|p2a: Audino
|-damage|p2a: Audino|37/100
|move|p2a: Audino|Knock Off|p1a: Togedemaru
|-crit|p1a: Togedemaru
|-damage|p1a: Togedemaru|35/100
|-damage|p2a: Audino|24/100|[from] ability: Iron Barbs|[of] p1a: Togedemaru
|-damage|p2a: Audino|8/100|[from] item: Rocky Helmet|[of] p1a: Togedemaru
|-enditem|p1a: Togedemaru|Rocky Helmet|[from] move: Knock Off|[of] p2a: Audino
|
|-heal|p2a: Audino|58/100|[from] move: Wish|[wisher] Audino
|upkeep
|turn|17
|
|t:|1633301649
|move|p1a: Togedemaru|Wish|p1a: Togedemaru
|move|p2a: Audino|Wish|p2a: Audino
|
|upkeep
|turn|18
|
|t:|1633301653
|switch|p2a: Tsareena|Tsareena, F|100/100
|move|p1a: Togedemaru|Iron Head|p2a: Tsareena
|-damage|p2a: Tsareena|66/100
|
|-heal|p1a: Togedemaru|85/100|[from] move: Wish|[wisher] Togedemaru
|-heal|p2a: Tsareena|100/100|[from] move: Wish|[wisher] Audino
|upkeep
|turn|19
|
|t:|1633301658
|move|p1a: Togedemaru|Spiky Shield|p1a: Togedemaru
|-singleturn|p1a: Togedemaru|move: Protect
|move|p2a: Tsareena|Rapid Spin|p1a: Togedemaru
|-activate|p1a: Togedemaru|move: Protect
|-damage|p2a: Tsareena|88/100|[from] Spiky Shield|[of] p1a: Togedemaru
|
|upkeep
|turn|20
|
|t:|1633301664
|switch|p1a: Cofagrigus|Cofagrigus, F|100/100
|move|p2a: Tsareena|Knock Off|p1a: Cofagrigus
|-supereffective|p1a: Cofagrigus
|-damage|p1a: Cofagrigus|42/100
|-activate|p1a: Cofagrigus|ability: Mummy|Queenly Majesty|[of] p2a: Tsareena
|-enditem|p1a: Cofagrigus|Heavy-Duty Boots|[from] move: Knock Off|[of] p2a: Tsareena
|
|upkeep
|turn|21
|
|t:|1633301686
|switch|p2a: Sandaconda|Sandaconda, M|37/100
|-damage|p2a: Sandaconda|12/100|[from] Spikes
|-damage|p2a: Sandaconda|6/100|[from] Stealth Rock
|move|p1a: Cofagrigus|Shadow Ball|p2a: Sandaconda
|-crit|p2a: Sandaconda
|-damage|p2a: Sandaconda|0 fnt
|faint|p2a: Sandaconda
|
|upkeep
|c|☆HJAD|wow this thing sucks
|
|t:|1633301688
|switch|p2a: Ribombee|Ribombee, M|100/100
|-damage|p2a: Ribombee|76/100|[from] Stealth Rock
|-damage|p2a: Ribombee|51/100|[from] Spikes
|turn|22
|
|t:|1633301718
|switch|p1a: Togedemaru|Togedemaru, F|85/100
|-damage|p1a: Togedemaru|79/100|[from] Stealth Rock
|-damage|p1a: Togedemaru|54/100|[from] Spikes
|move|p2a: Ribombee|Moonblast|p1a: Togedemaru
|-resisted|p1a: Togedemaru
|-damage|p1a: Togedemaru|14/100
|-unboost|p1a: Togedemaru|spa|1
|
|upkeep
|turn|23
|
|t:|1633301723
|move|p2a: Ribombee|Moonblast|p1a: Togedemaru
|-resisted|p1a: Togedemaru
|-damage|p1a: Togedemaru|0 fnt
|faint|p1a: Togedemaru
|
|upkeep
|
|t:|1633301734
|switch|p1a: Articuno|Articuno-Galar|100/100 par
|turn|24
|
|t:|1633301737
|switch|p2a: Audino|Audino, F|91/100
|move|p1a: Articuno|Hurricane|p2a: Audino|[miss]
|-miss|p1a: Articuno|p2a: Audino
|
|upkeep
|turn|25
|
|t:|1633301743
|switch|p1a: Gigalith|Gigalith, M|100/100
|-damage|p1a: Gigalith|88/100|[from] Stealth Rock
|-damage|p1a: Gigalith|63/100|[from] Spikes
|-weather|Sandstorm|[from] ability: Sand Stream|[of] p1a: Gigalith
|move|p2a: Audino|Wish|p2a: Audino
|
|-weather|Sandstorm|[upkeep]
|-damage|p2a: Audino|85/100|[from] Sandstorm
|upkeep
|turn|26
|
|t:|1633301750
|move|p2a: Audino|Toxic|p1a: Gigalith|[miss]
|-miss|p2a: Audino|p1a: Gigalith
|move|p1a: Gigalith|Superpower|p2a: Audino
|-supereffective|p2a: Audino
|-damage|p2a: Audino|0 fnt
|-unboost|p1a: Gigalith|atk|1
|-unboost|p1a: Gigalith|def|1
|faint|p2a: Audino
|
|-weather|Sandstorm|[upkeep]
|upkeep
|c|☆mushamu|oh
|c|☆mushamu|ok
|
|t:|1633301754
|switch|p2a: Tsareena|Tsareena, F|88/100
|turn|27
|
|t:|1633301766
|switch|p1a: Cofagrigus|Cofagrigus, F|42/100
|-damage|p1a: Cofagrigus|30/100|[from] Stealth Rock
|-damage|p1a: Cofagrigus|5/100|[from] Spikes
|move|p2a: Tsareena|Rapid Spin|p1a: Cofagrigus
|-immune|p1a: Cofagrigus
|
|-weather|Sandstorm|[upkeep]
|-damage|p2a: Tsareena|82/100|[from] Sandstorm
|-damage|p1a: Cofagrigus|0 fnt|[from] Sandstorm
|faint|p1a: Cofagrigus
|upkeep
|l|@tlenit
|c|☆HJAD|excuse me
|c|☆HJAD|im gonna calc for the first time in 3 years
|c|☆mushamu|oml
|
|t:|1633301836
|switch|p1a: Ribombee|Ribombee, F|100/100
|turn|28
|
|t:|1633301839
|move|p1a: Ribombee|Quiver Dance|p1a: Ribombee
|-boost|p1a: Ribombee|spa|1
|-boost|p1a: Ribombee|spd|1
|-boost|p1a: Ribombee|spe|1
|move|p2a: Tsareena|Rapid Spin|p1a: Ribombee
|-damage|p1a: Ribombee|67/100
|-boost|p2a: Tsareena|spe|1
|-sideend|p2: mushamu|Spikes|[from] move: Rapid Spin|[of] p2a: Tsareena
|-sideend|p2: mushamu|Stealth Rock|[from] move: Rapid Spin|[of] p2a: Tsareena
|
|-weather|Sandstorm|[upkeep]
|-damage|p1a: Ribombee|61/100|[from] Sandstorm
|-damage|p2a: Tsareena|76/100|[from] Sandstorm
|upkeep
|turn|29
|
|t:|1633301877
|switch|p2a: Ferroseed|Ferroseed, F|28/100
|move|p1a: Ribombee|Moonblast|p2a: Ferroseed
|-resisted|p2a: Ferroseed
|-damage|p2a: Ferroseed|0 fnt
|faint|p2a: Ferroseed
|
|-weather|none
|upkeep
|
|t:|1633301879
|switch|p2a: Silvally|Silvally-Ghost|100/100
|turn|30
|
|t:|1633301931
|move|p1a: Ribombee|Moonblast|p2a: Silvally
|-damage|p2a: Silvally|31/100
|-unboost|p2a: Silvally|spa|1
|move|p2a: Silvally|Multi-Attack|p1a: Ribombee
|-damage|p1a: Ribombee|0 fnt
|faint|p1a: Ribombee
|
|upkeep
|c|☆HJAD|its looking chalked
|c|☆HJAD|gg bro
|
|t:|1633301956
|switch|p1a: Articuno|Articuno-Galar|100/100 par
|turn|31
|
|t:|1633301959
|move|p2a: Silvally|Multi-Attack|p1a: Articuno
|-supereffective|p1a: Articuno
|-damage|p1a: Articuno|0 fnt
|faint|p1a: Articuno
|
|upkeep
|c|☆mushamu|gg
|
|t:|1633301963
|switch|p1a: Gigalith|Gigalith, M|63/100
|-damage|p1a: Gigalith|38/100|[from] Spikes
|-damage|p1a: Gigalith|26/100|[from] Stealth Rock
|-weather|Sandstorm|[from] ability: Sand Stream|[of] p1a: Gigalith
|turn|32
|
|t:|1633301965
|move|p2a: Silvally|Multi-Attack|p1a: Gigalith
|-damage|p1a: Gigalith|0 fnt
|faint|p1a: Gigalith
|
|-weather|Sandstorm|[upkeep]
|-damage|p2a: Silvally|25/100|[from] Sandstorm
|upkeep
|c|☆HJAD|interesting meta we got here
|
|t:|1633301973
|switch|p1a: Ferroseed|Ferroseed, F|19/100
|-damage|p1a: Ferroseed|0 fnt|[from] Spikes
|faint|p1a: Ferroseed
|
|win|mushamu
|n|☆HJAD|hjad
|n|☆mushamu|mushamu
|n| Gva|gva
|j| Kyogre and Groudon
|c|☆HJAD|really appreciate that game
|c|☆mushamu|ye
|l|☆HJAD
|c|☆mushamu|its fun
|l|☆mushamu
