|html|<div class="broadcast-blue"><strong>[Gen 8] PU is currently suspecting Drampa! For information on how to participate check out the <a href="https://www.smogon.com/forums/threads/np-pu-stage-7-i-hear-hyper-voices-in-my-head-drampa-suspect-test.3692992/">suspect thread</a>.</strong></div>
|j|☆Toxicg4non69
|j|☆NeoYami
|t:|1636057217
|gametype|singles
|player|p1|Toxicg4non69|doctor|1329
|player|p2|NeoYami|n|1302
|teamsize|p1|6
|teamsize|p2|6
|gen|8
|tier|[Gen 8] PU
|rated|
|rule|Sleep Clause Mod: Limit one foe put to sleep
|rule|Species Clause: Limit one of each Pokémon
|rule|OHKO Clause: OHKO moves are banned
|rule|Evasion Moves Clause: Evasion moves are banned
|rule|Endless Battle Clause: Forcing endless battles is banned
|rule|HP Percentage Mod: HP is shown in percentages
|rule|Dynamax Clause: You cannot dynamax
|clearpoke
|poke|p1|Thwackey, F|
|poke|p1|Togedemaru, F|
|poke|p1|Aromatisse, F|
|poke|p1|Gigalith, M|
|poke|p1|Tsareena, F|
|poke|p1|Charizard, F|
|poke|p2|Golbat, F|
|poke|p2|Absol, F|
|poke|p2|Shedinja|
|poke|p2|Quagsire, M|
|poke|p2|Whimsicott, F|
|poke|p2|Charizard, F|
|teampreview
|
|t:|1636057225
|start
|switch|p1a: Gigalith|Gigalith, M|100/100
|switch|p2a: Quagsire|Quagsire, M|100/100
|-weather|Sandstorm|[from] ability: Sand Stream|[of] p1a: Gigalith
|turn|1
|
|t:|1636057228
|move|p2a: Quagsire|Toxic|p1a: Gigalith
|-status|p1a: Gigalith|tox
|move|p1a: Gigalith|Toxic|p2a: Quagsire
|-status|p2a: Quagsire|tox
|
|-weather|Sandstorm|[upkeep]
|-damage|p2a: Quagsire|94/100 tox|[from] psn
|-damage|p1a: Gigalith|94/100 tox|[from] psn
|upkeep
|turn|2
|
|t:|1636057232
|move|p2a: Quagsire|Scald|p1a: Gigalith
|-supereffective|p1a: Gigalith
|-damage|p1a: Gigalith|77/100 tox
|move|p1a: Gigalith|Stealth Rock|p2a: Quagsire
|-sidestart|p2: NeoYami|move: Stealth Rock
|
|-weather|Sandstorm|[upkeep]
|-heal|p1a: Gigalith|83/100 tox|[from] item: Leftovers
|-damage|p2a: Quagsire|82/100 tox|[from] psn
|-damage|p1a: Gigalith|71/100 tox|[from] psn
|upkeep
|turn|3
|
|t:|1636057240
|switch|p1a: Thwackey|Thwackey, F|100/100
|-fieldstart|move: Grassy Terrain|[from] ability: Grassy Surge|[of] p1a: Thwackey
|move|p2a: Quagsire|Earthquake|p1a: Thwackey
|-resisted|p1a: Thwackey
|-damage|p1a: Thwackey|88/100
|
|-weather|Sandstorm|[upkeep]
|-damage|p1a: Thwackey|82/100|[from] Sandstorm
|-heal|p1a: Thwackey|88/100|[from] Grassy Terrain
|-heal|p2a: Quagsire|88/100 tox|[from] Grassy Terrain
|-damage|p2a: Quagsire|70/100 tox|[from] psn
|upkeep
|turn|4
|
|t:|1636057248
|switch|p2a: Charizard|Charizard, F|100/100
|move|p1a: Thwackey|Knock Off|p2a: Charizard
|-damage|p2a: Charizard|44/100
|-enditem|p2a: Charizard|Heavy-Duty Boots|[from] move: Knock Off|[of] p1a: Thwackey
|
|-weather|Sandstorm|[upkeep]
|-damage|p2a: Charizard|38/100|[from] Sandstorm
|-damage|p1a: Thwackey|82/100|[from] Sandstorm
|-heal|p1a: Thwackey|88/100|[from] Grassy Terrain
|upkeep
|turn|5
|
|t:|1636057257
|switch|p1a: Gigalith|Gigalith, M|71/100 tox
|move|p2a: Charizard|Defog|p1a: Gigalith
|-unboost|p1a: Gigalith|evasion|1
|-sideend|p2: NeoYami|Stealth Rock|[from] move: Defog|[of] p2a: Charizard
|-fieldend|move: Grassy Terrain
|
|-weather|none
|-heal|p1a: Gigalith|77/100 tox|[from] item: Leftovers
|-damage|p1a: Gigalith|71/100 tox|[from] psn
|upkeep
|turn|6
|
|t:|1636057260
|move|p2a: Charizard|Roost|p2a: Charizard
|-heal|p2a: Charizard|88/100
|-singleturn|p2a: Charizard|move: Roost
|move|p1a: Gigalith|Stealth Rock|p2a: Charizard
|-sidestart|p2: NeoYami|move: Stealth Rock
|
|-heal|p1a: Gigalith|77/100 tox|[from] item: Leftovers
|-damage|p1a: Gigalith|64/100 tox|[from] psn
|upkeep
|turn|7
|
|t:|1636057268
|switch|p2a: Whimsicott|Whimsicott, F|100/100
|-damage|p2a: Whimsicott|88/100|[from] Stealth Rock
|move|p1a: Gigalith|Stone Edge|p2a: Whimsicott
|-damage|p2a: Whimsicott|33/100
|
|-heal|p2a: Whimsicott|39/100|[from] item: Leftovers
|-heal|p1a: Gigalith|71/100 tox|[from] item: Leftovers
|-damage|p1a: Gigalith|52/100 tox|[from] psn
|upkeep
|turn|8
|
|t:|1636057275
|switch|p1a: Togedemaru|Togedemaru, F|100/100
|move|p2a: Whimsicott|Substitute|p2a: Whimsicott
|-start|p2a: Whimsicott|Substitute
|-damage|p2a: Whimsicott|14/100
|
|-heal|p2a: Whimsicott|21/100|[from] item: Leftovers
|upkeep
|turn|9
|
|t:|1636057283
|move|p2a: Whimsicott|Psychic|p1a: Togedemaru
|-resisted|p1a: Togedemaru
|-damage|p1a: Togedemaru|93/100
|move|p1a: Togedemaru|U-turn|p2a: Whimsicott
|-activate|p2a: Whimsicott|move: Substitute|[damage]
|inactive|Battle timer is ON: inactive players will automatically lose when time's up. (requested by NeoYami)
|
|t:|1636057294
|switch|p1a: Tsareena|Tsareena, F|100/100|[from]move: U-turn
|
|-heal|p2a: Whimsicott|27/100|[from] item: Leftovers
|upkeep
|turn|10
|
|t:|1636057297
|move|p2a: Whimsicott|Moonblast|p1a: Tsareena
|-damage|p1a: Tsareena|66/100
|move|p1a: Tsareena|U-turn|p2a: Whimsicott
|-end|p2a: Whimsicott|Substitute
|
|t:|1636057312
|switch|p1a: Togedemaru|Togedemaru, F|93/100|[from]move: U-turn
|
|-heal|p2a: Whimsicott|33/100|[from] item: Leftovers
|-heal|p1a: Togedemaru|99/100|[from] item: Leftovers
|upkeep
|turn|11
|
|t:|1636057320
|switch|p2a: Quagsire|Quagsire, M|70/100 tox
|move|p1a: Togedemaru|Iron Head|p2a: Quagsire
|-resisted|p2a: Quagsire
|-damage|p2a: Quagsire|61/100 tox
|
|-heal|p1a: Togedemaru|100/100|[from] item: Leftovers
|-damage|p2a: Quagsire|55/100 tox|[from] psn
|upkeep
|turn|12
|
|t:|1636057328
|switch|p1a: Thwackey|Thwackey, F|88/100
|-fieldstart|move: Grassy Terrain|[from] ability: Grassy Surge|[of] p1a: Thwackey
|move|p2a: Quagsire|Toxic|p1a: Thwackey
|-status|p1a: Thwackey|tox
|
|-heal|p1a: Thwackey|94/100 tox|[from] Grassy Terrain
|-heal|p2a: Quagsire|61/100 tox|[from] Grassy Terrain
|-damage|p1a: Thwackey|88/100 tox|[from] psn
|-damage|p2a: Quagsire|48/100 tox|[from] psn
|upkeep
|turn|13
|
|t:|1636057334
|switch|p1a: Gigalith|Gigalith, M|52/100 tox
|-weather|Sandstorm|[from] ability: Sand Stream|[of] p1a: Gigalith
|switch|p2a: Golbat|Golbat, F|100/100
|-damage|p2a: Golbat|76/100|[from] Stealth Rock
|
|-weather|Sandstorm|[upkeep]
|-damage|p2a: Golbat|69/100|[from] Sandstorm
|-heal|p1a: Gigalith|58/100 tox|[from] Grassy Terrain
|-heal|p1a: Gigalith|64/100 tox|[from] item: Leftovers
|-damage|p1a: Gigalith|58/100 tox|[from] psn
|upkeep
|turn|14
|
|t:|1636057346
|switch|p1a: Aromatisse|Aromatisse, F|100/100
|move|p2a: Golbat|Super Fang|p1a: Aromatisse
|-damage|p1a: Aromatisse|50/100
|
|-weather|Sandstorm|[upkeep]
|-damage|p2a: Golbat|63/100|[from] Sandstorm
|-damage|p1a: Aromatisse|44/100|[from] Sandstorm
|-heal|p1a: Aromatisse|50/100|[from] Grassy Terrain
|-heal|p1a: Aromatisse|57/100|[from] item: Leftovers
|upkeep
|turn|15
|
|t:|1636057351
|move|p2a: Golbat|Roost|p2a: Golbat
|-heal|p2a: Golbat|100/100
|-singleturn|p2a: Golbat|move: Roost
|move|p1a: Aromatisse|Heal Bell|p1a: Aromatisse
|-activate|p1a: Aromatisse|move: Heal Bell
|-curestatus|p1: Thwackey|tox|[msg]
|-curestatus|p1: Gigalith|tox|[msg]
|
|-weather|Sandstorm|[upkeep]
|-damage|p2a: Golbat|94/100|[from] Sandstorm
|-damage|p1a: Aromatisse|50/100|[from] Sandstorm
|-heal|p2a: Golbat|100/100|[from] Grassy Terrain
|-heal|p1a: Aromatisse|57/100|[from] Grassy Terrain
|-heal|p1a: Aromatisse|63/100|[from] item: Leftovers
|upkeep
|turn|16
|j| Betteldottel
|
|t:|1636057357
|move|p2a: Golbat|Brave Bird|p1a: Aromatisse
|-damage|p1a: Aromatisse|35/100
|-damage|p2a: Golbat|90/100|[from] Recoil
|move|p1a: Aromatisse|Wish|p1a: Aromatisse
|
|-weather|Sandstorm|[upkeep]
|-damage|p2a: Golbat|84/100|[from] Sandstorm
|-damage|p1a: Aromatisse|29/100|[from] Sandstorm
|-heal|p1a: Aromatisse|35/100|[from] Grassy Terrain
|-heal|p1a: Aromatisse|42/100|[from] item: Leftovers
|-fieldend|move: Grassy Terrain
|upkeep
|turn|17
|
|t:|1636057362
|move|p2a: Golbat|Super Fang|p1a: Aromatisse
|-damage|p1a: Aromatisse|21/100
|move|p1a: Aromatisse|Moonblast|p2a: Golbat
|-resisted|p2a: Golbat
|-damage|p2a: Golbat|70/100
|
|-weather|none
|-heal|p1a: Aromatisse|71/100|[from] move: Wish|[wisher] Aromatisse
|-heal|p1a: Aromatisse|77/100|[from] item: Leftovers
|upkeep
|turn|18
|
|t:|1636057373
|switch|p2a: Shedinja|Shedinja|100/100
|move|p1a: Aromatisse|Wish|p1a: Aromatisse
|
|-heal|p1a: Aromatisse|84/100|[from] item: Leftovers
|upkeep
|turn|19
|
|t:|1636057379
|switch|p2a: Absol|Absol, F|100/100
|-damage|p2a: Absol|88/100|[from] Stealth Rock
|switch|p1a: Gigalith|Gigalith, M|58/100
|-weather|Sandstorm|[from] ability: Sand Stream|[of] p1a: Gigalith
|
|-weather|Sandstorm|[upkeep]
|-damage|p2a: Absol|82/100|[from] Sandstorm
|-heal|p1a: Gigalith|100/100|[from] move: Wish|[wisher] Aromatisse
|upkeep
|turn|20
|
|t:|1636057390
|switch|p1a: Aromatisse|Aromatisse, F|84/100
|move|p2a: Absol|Close Combat|p1a: Aromatisse
|-resisted|p1a: Aromatisse
|-damage|p1a: Aromatisse|69/100
|-unboost|p2a: Absol|def|1
|-unboost|p2a: Absol|spd|1
|
|-weather|Sandstorm|[upkeep]
|-damage|p2a: Absol|77/100|[from] Sandstorm
|-damage|p1a: Aromatisse|63/100|[from] Sandstorm
|-heal|p1a: Aromatisse|69/100|[from] item: Leftovers
|upkeep
|turn|21
|
|t:|1636057399
|switch|p1a: Gigalith|Gigalith, M|100/100
|move|p2a: Absol|Knock Off|p1a: Gigalith
|-crit|p1a: Gigalith
|-damage|p1a: Gigalith|46/100
|-enditem|p1a: Gigalith|Leftovers|[from] move: Knock Off|[of] p2a: Absol
|
|-weather|Sandstorm|[upkeep]
|-damage|p2a: Absol|71/100|[from] Sandstorm
|upkeep
|turn|22
|
|t:|1636057410
|move|p1a: Gigalith|Protect|p1a: Gigalith
|-singleturn|p1a: Gigalith|Protect
|move|p2a: Absol|Knock Off|p1a: Gigalith
|-activate|p1a: Gigalith|move: Protect
|
|-weather|Sandstorm|[upkeep]
|-damage|p2a: Absol|65/100|[from] Sandstorm
|upkeep
|turn|23
|l| Betteldottel
|
|t:|1636057417
|switch|p1a: Aromatisse|Aromatisse, F|69/100
|move|p2a: Absol|Close Combat|p1a: Aromatisse
|-resisted|p1a: Aromatisse
|-crit|p1a: Aromatisse
|-damage|p1a: Aromatisse|47/100
|-unboost|p2a: Absol|def|1
|-unboost|p2a: Absol|spd|1
|
|-weather|none
|-heal|p1a: Aromatisse|53/100|[from] item: Leftovers
|upkeep
|turn|24
|
|t:|1636057421
|move|p2a: Absol|Knock Off|p1a: Aromatisse
|-resisted|p1a: Aromatisse
|-damage|p1a: Aromatisse|33/100
|-enditem|p1a: Aromatisse|Leftovers|[from] move: Knock Off|[of] p2a: Absol
|move|p1a: Aromatisse|Wish|p1a: Aromatisse
|
|upkeep
|turn|25
|
|t:|1636057427
|switch|p2a: Golbat|Golbat, F|70/100
|-damage|p2a: Golbat|45/100|[from] Stealth Rock
|move|p1a: Aromatisse|Moonblast|p2a: Golbat
|-resisted|p2a: Golbat
|-damage|p2a: Golbat|32/100
|
|-heal|p1a: Aromatisse|83/100|[from] move: Wish|[wisher] Aromatisse
|upkeep
|turn|26
|
|t:|1636057434
|switch|p1a: Gigalith|Gigalith, M|46/100
|-weather|Sandstorm|[from] ability: Sand Stream|[of] p1a: Gigalith
|move|p2a: Golbat|Taunt|p1a: Gigalith
|-start|p1a: Gigalith|move: Taunt
|
|-weather|Sandstorm|[upkeep]
|-damage|p2a: Golbat|25/100|[from] Sandstorm
|upkeep
|turn|27
|
|t:|1636057439
|move|p2a: Golbat|Roost|p2a: Golbat
|-heal|p2a: Golbat|75/100
|-singleturn|p2a: Golbat|move: Roost
|move|p1a: Gigalith|Stone Edge|p2a: Golbat
|-damage|p2a: Golbat|43/100
|
|-weather|Sandstorm|[upkeep]
|-damage|p2a: Golbat|37/100|[from] Sandstorm
|upkeep
|turn|28
|
|t:|1636057445
|move|p2a: Golbat|Super Fang|p1a: Gigalith
|-damage|p1a: Gigalith|23/100
|move|p1a: Gigalith|Stone Edge|p2a: Golbat
|-supereffective|p2a: Golbat
|-damage|p2a: Golbat|0 fnt
|faint|p2a: Golbat
|
|-weather|Sandstorm|[upkeep]
|-end|p1a: Gigalith|move: Taunt
|upkeep
|
|t:|1636057449
|switch|p2a: Absol|Absol, F|65/100
|-damage|p2a: Absol|53/100|[from] Stealth Rock
|turn|29
|
|t:|1636057452
|switch|p1a: Aromatisse|Aromatisse, F|83/100
|move|p2a: Absol|Knock Off|p1a: Aromatisse
|-resisted|p1a: Aromatisse
|-damage|p1a: Aromatisse|70/100
|
|-weather|Sandstorm|[upkeep]
|-damage|p2a: Absol|47/100|[from] Sandstorm
|-damage|p1a: Aromatisse|64/100|[from] Sandstorm
|upkeep
|turn|30
|
|t:|1636057457
|switch|p2a: Whimsicott|Whimsicott, F|33/100
|-damage|p2a: Whimsicott|21/100|[from] Stealth Rock
|move|p1a: Aromatisse|Wish|p1a: Aromatisse
|
|-weather|none
|-heal|p2a: Whimsicott|27/100|[from] item: Leftovers
|upkeep
|turn|31
|
|t:|1636057460
|move|p2a: Whimsicott|Leech Seed|p1a: Aromatisse
|-start|p1a: Aromatisse|move: Leech Seed
|move|p1a: Aromatisse|Moonblast|p2a: Whimsicott
|-damage|p2a: Whimsicott|0 fnt
|faint|p2a: Whimsicott
|
|-heal|p1a: Aromatisse|100/100|[from] move: Wish|[wisher] Aromatisse
|upkeep
|
|t:|1636057465
|switch|p2a: Charizard|Charizard, F|88/100
|-damage|p2a: Charizard|38/100|[from] Stealth Rock
|turn|32
|
|t:|1636057474
|switch|p1a: Charizard|Charizard, F|100/100
|move|p2a: Charizard|Defog|p1a: Charizard
|-unboost|p1a: Charizard|evasion|1
|-sideend|p2: NeoYami|Stealth Rock|[from] move: Defog|[of] p2a: Charizard
|
|upkeep
|turn|33
|
|t:|1636057479
|move|p2a: Charizard|Air Slash|p1a: Charizard
|-damage|p1a: Charizard|57/100
|cant|p1a: Charizard|flinch
|
|upkeep
|turn|34
|
|t:|1636057486
|move|p2a: Charizard|Air Slash|p1a: Charizard
|-damage|p1a: Charizard|15/100
|move|p1a: Charizard|Flamethrower|p2a: Charizard
|-resisted|p2a: Charizard
|-damage|p2a: Charizard|0 fnt
|faint|p2a: Charizard
|
|upkeep
|
|t:|1636057490
|switch|p2a: Shedinja|Shedinja|100/100
|turn|35
|
|t:|1636057493
|switch|p1a: Gigalith|Gigalith, M|23/100
|-weather|Sandstorm|[from] ability: Sand Stream|[of] p1a: Gigalith
|switch|p2a: Absol|Absol, F|47/100
|
|-weather|Sandstorm|[upkeep]
|-damage|p2a: Absol|41/100|[from] Sandstorm
|upkeep
|turn|36
|-message|NeoYami forfeited.
|
|win|Toxicg4non69
|raw|Toxicg4non69's rating: 1329 &rarr; <strong>1347</strong><br />(+18 for winning)
|raw|NeoYami's rating: 1302 &rarr; <strong>1284</strong><br />(-18 for losing)
|l|☆NeoYami
||Ladder isn't responding, score probably updated but might not have (Request timeout).
|l|☆Toxicg4non69
