|html|<div class="broadcast-blue"><strong>[Gen 8] PU is currently suspecting Vanilluxe! For information on how to participate check out the <a href="https://www.smogon.com/forums/threads/np-ss-pu-stage-10-ice-cream-vanilluxe-suspect-test.3705646/">suspect thread</a>.</strong></div>
|raw|<div class="broadcast-blue"><strong>This battle is required to be public due to a player having a name starting with 'pult4c1'.</div>
|j|☆sefohn
|j|☆PULT4C1 Inder
|t:|1660516744
|gametype|singles
|player|p1|sefohn|265|1176
|player|p2|PULT4C1 Inder|lyra|1401
|teamsize|p1|6
|teamsize|p2|6
|gen|8
|tier|[Gen 8] PU
|rated|
|rule|Sleep Clause Mod: Limit one foe put to sleep
|rule|Species Clause: Limit one of each Pokémon
|rule|OHKO Clause: OHKO moves are banned
|rule|Evasion Items Clause: Evasion items are banned
|rule|Evasion Moves Clause: Evasion moves are banned
|rule|Endless Battle Clause: Forcing endless battles is banned
|rule|HP Percentage Mod: HP is shown in percentages
|rule|Dynamax Clause: You cannot dynamax
|clearpoke
|poke|p1|Cradily, F|
|poke|p1|Gigalith, M|
|poke|p1|Lycanroc, F|
|poke|p1|Claydol|
|poke|p1|Sandaconda, M|
|poke|p1|Stoutland, M|
|poke|p2|Doublade, M|
|poke|p2|Vikavolt, F|
|poke|p2|Archeops, M|
|poke|p2|Silvally-*|
|poke|p2|Turtonator, M|
|poke|p2|Druddigon, F|
|teampreview
|inactive|Battle timer is ON: inactive players will automatically lose when time's up. (requested by PULT4C1 Inder)
|
|t:|1660516754
|start
|switch|p1a: Gigalith|Gigalith, M|100/100
|switch|p2a: Druddigon|Druddigon, F|100/100
|-ability|p2a: Druddigon|Mold Breaker
|-weather|Sandstorm|[from] ability: Sand Stream|[of] p1a: Gigalith
|turn|1
|
|t:|1660516766
|move|p2a: Druddigon|Taunt|p1a: Gigalith
|-start|p1a: Gigalith|move: Taunt
|move|p1a: Gigalith|Stone Edge|p2a: Druddigon
|-damage|p2a: Druddigon|28/100
|
|-weather|Sandstorm|[upkeep]
|-damage|p2a: Druddigon|22/100|[from] Sandstorm
|upkeep
|turn|2
|
|t:|1660516775
|move|p2a: Druddigon|Stealth Rock|p1a: Gigalith
|-sidestart|p1: sefohn|move: Stealth Rock
|move|p1a: Gigalith|Stone Edge|p2a: Druddigon
|-damage|p2a: Druddigon|0 fnt
|faint|p2a: Druddigon
|
|-weather|Sandstorm|[upkeep]
|upkeep
|
|t:|1660516780
|switch|p2a: Doublade|Doublade, M|100/100
|turn|3
|
|t:|1660516792
|switch|p1a: Sandaconda|Sandaconda, M|100/100
|-damage|p1a: Sandaconda|94/100|[from] Stealth Rock
|move|p2a: Doublade|Close Combat|p1a: Sandaconda
|-damage|p1a: Sandaconda|64/100
|-unboost|p2a: Doublade|def|1
|-unboost|p2a: Doublade|spd|1
|
|-weather|Sandstorm|[upkeep]
|upkeep
|turn|4
|
|t:|1660516803
|switch|p2a: Vikavolt|Vikavolt, F|100/100
|move|p1a: Sandaconda|Stealth Rock|p2a: Vikavolt
|-sidestart|p2: PULT4C1 Inder|move: Stealth Rock
|
|-weather|Sandstorm|[upkeep]
|-damage|p2a: Vikavolt|94/100|[from] Sandstorm
|upkeep
|turn|5
|
|t:|1660516833
|move|p2a: Vikavolt|Bug Buzz|p1a: Sandaconda
|-damage|p1a: Sandaconda|16/100
|-unboost|p1a: Sandaconda|spd|1
|-enditem|p2a: Vikavolt|Throat Spray
|-boost|p2a: Vikavolt|spa|1|[from] item: Throat Spray
|move|p1a: Sandaconda|Skitter Smack|p2a: Vikavolt
|-damage|p2a: Vikavolt|75/100
|-unboost|p2a: Vikavolt|spa|1
|
|-weather|Sandstorm|[upkeep]
|-damage|p2a: Vikavolt|69/100|[from] Sandstorm
|upkeep
|turn|6
|
|t:|1660516846
|move|p2a: Vikavolt|Bug Buzz|p1a: Sandaconda
|-damage|p1a: Sandaconda|0 fnt
|faint|p1a: Sandaconda
|
|-weather|Sandstorm|[upkeep]
|-damage|p2a: Vikavolt|63/100|[from] Sandstorm
|upkeep
|
|t:|1660516854
|switch|p1a: Lycanroc|Lycanroc, F|100/100
|-damage|p1a: Lycanroc|88/100|[from] Stealth Rock
|turn|7
|
|t:|1660516863
|move|p1a: Lycanroc|Stone Edge|p2a: Vikavolt
|-supereffective|p2a: Vikavolt
|-crit|p2a: Vikavolt
|-damage|p2a: Vikavolt|0 fnt
|faint|p2a: Vikavolt
|-damage|p1a: Lycanroc|78/100|[from] item: Life Orb
|
|-weather|Sandstorm|[upkeep]
|upkeep
|
|t:|1660516866
|switch|p2a: Silvally|Silvally-Fairy|100/100
|-damage|p2a: Silvally|88/100|[from] Stealth Rock
|turn|8
|
|t:|1660516874
|move|p1a: Lycanroc|Iron Head|p2a: Silvally
|-supereffective|p2a: Silvally
|-damage|p2a: Silvally|12/100
|-damage|p1a: Lycanroc|68/100|[from] item: Life Orb
|move|p2a: Silvally|Multi-Attack|p1a: Lycanroc
|-damage|p1a: Lycanroc|0 fnt
|faint|p1a: Lycanroc
|
|-weather|none
|upkeep
|
|t:|1660516890
|switch|p1a: Gigalith|Gigalith, M|100/100
|-damage|p1a: Gigalith|88/100|[from] Stealth Rock
|-weather|Sandstorm|[from] ability: Sand Stream|[of] p1a: Gigalith
|turn|9
|
|t:|1660516899
|move|p2a: Silvally|Multi-Attack|p1a: Gigalith
|-damage|p1a: Gigalith|54/100
|move|p1a: Gigalith|Iron Head|p2a: Silvally
|-supereffective|p2a: Silvally
|-damage|p2a: Silvally|0 fnt
|faint|p2a: Silvally
|
|-weather|Sandstorm|[upkeep]
|upkeep
|
|t:|1660516903
|switch|p2a: Doublade|Doublade, M|100/100
|-damage|p2a: Doublade|94/100|[from] Stealth Rock
|turn|10
|
|t:|1660516912
|switch|p1a: Claydol|Claydol|100/100
|-damage|p1a: Claydol|94/100|[from] Stealth Rock
|move|p2a: Doublade|Close Combat|p1a: Claydol
|-resisted|p1a: Claydol
|-damage|p1a: Claydol|80/100
|-unboost|p2a: Doublade|def|1
|-unboost|p2a: Doublade|spd|1
|
|-weather|Sandstorm|[upkeep]
|upkeep
|turn|11
|
|t:|1660516928
|switch|p2a: Archeops|Archeops, M|100/100
|-damage|p2a: Archeops|76/100|[from] Stealth Rock
|move|p1a: Claydol|Toxic|p2a: Archeops
|-status|p2a: Archeops|tox
|
|-weather|Sandstorm|[upkeep]
|-damage|p2a: Archeops|70/100 tox|[from] psn
|upkeep
|turn|12
|
|t:|1660516937
|move|p1a: Claydol|Protect|p1a: Claydol
|-singleturn|p1a: Claydol|Protect
|move|p2a: Archeops|Meteor Beam||[still]
|-prepare|p2a: Archeops|Meteor Beam
|-boost|p2a: Archeops|spa|1
|-enditem|p2a: Archeops|Power Herb
|-anim|p2a: Archeops|Meteor Beam|p1a: Claydol
|-activate|p1a: Claydol|move: Protect
|
|-weather|Sandstorm|[upkeep]
|-damage|p2a: Archeops|57/100 tox|[from] psn
|upkeep
|turn|13
|
|t:|1660516952
|move|p2a: Archeops|Air Slash|p1a: Claydol
|-damage|p1a: Claydol|28/100
|move|p1a: Claydol|Rapid Spin|p2a: Archeops
|-resisted|p2a: Archeops
|-damage|p2a: Archeops|51/100 tox
|-boost|p1a: Claydol|spe|1
|-sideend|p1: sefohn|Stealth Rock|[from] move: Rapid Spin|[of] p1a: Claydol
|
|-weather|Sandstorm|[upkeep]
|-damage|p2a: Archeops|32/100 tox|[from] psn
|upkeep
|turn|14
|j| PULT4C1 eifo
|
|t:|1660516962
|move|p1a: Claydol|Protect|p1a: Claydol
|-singleturn|p1a: Claydol|Protect
|move|p2a: Archeops|Air Slash|p1a: Claydol
|-activate|p1a: Claydol|move: Protect
|
|-weather|Sandstorm|[upkeep]
|-damage|p2a: Archeops|7/100 tox|[from] psn
|upkeep
|turn|15
|
|t:|1660516972
|move|p2a: Archeops|Air Slash|p1a: Claydol
|-damage|p1a: Claydol|5/100
|cant|p1a: Claydol|flinch
|
|-weather|Sandstorm|[upkeep]
|-damage|p2a: Archeops|0 fnt|[from] psn
|faint|p2a: Archeops
|upkeep
|
|t:|1660516978
|switch|p2a: Doublade|Doublade, M|94/100
|-damage|p2a: Doublade|88/100|[from] Stealth Rock
|turn|16
|
|t:|1660516984
|move|p2a: Doublade|Shadow Sneak|p1a: Claydol
|-supereffective|p1a: Claydol
|-damage|p1a: Claydol|0 fnt
|faint|p1a: Claydol
|
|-weather|none
|upkeep
|
|t:|1660516993
|switch|p1a: Stoutland|Stoutland, M|100/100
|turn|17
|
|t:|1660516997
|move|p1a: Stoutland|Crunch|p2a: Doublade
|-supereffective|p2a: Doublade
|-damage|p2a: Doublade|46/100
|move|p2a: Doublade|Close Combat|p1a: Stoutland
|-supereffective|p1a: Stoutland
|-damage|p1a: Stoutland|10/100
|-unboost|p2a: Doublade|def|1
|-unboost|p2a: Doublade|spd|1
|
|upkeep
|turn|18
|j| kekkekeke
|
|t:|1660517013
|move|p1a: Stoutland|Crunch|p2a: Doublade
|-supereffective|p2a: Doublade
|-damage|p2a: Doublade|0 fnt
|faint|p2a: Doublade
|
|upkeep
|
|t:|1660517015
|switch|p2a: Turtonator|Turtonator, M|100/100
|turn|19
|
|t:|1660517024
|switch|p1a: Gigalith|Gigalith, M|54/100
|-weather|Sandstorm|[from] ability: Sand Stream|[of] p1a: Gigalith
|move|p2a: Turtonator|Shell Smash|p2a: Turtonator
|-unboost|p2a: Turtonator|def|1
|-unboost|p2a: Turtonator|spd|1
|-boost|p2a: Turtonator|atk|2
|-boost|p2a: Turtonator|spa|2
|-boost|p2a: Turtonator|spe|2
|
|-weather|Sandstorm|[upkeep]
|-damage|p2a: Turtonator|94/100|[from] Sandstorm
|upkeep
|turn|20
|
|t:|1660517041
|move|p2a: Turtonator|Shell Smash|p2a: Turtonator
|-unboost|p2a: Turtonator|def|1
|-unboost|p2a: Turtonator|spd|1
|-boost|p2a: Turtonator|atk|2
|-boost|p2a: Turtonator|spa|2
|-boost|p2a: Turtonator|spe|2
|move|p1a: Gigalith|Earthquake|p2a: Turtonator
|-supereffective|p2a: Turtonator
|-damage|p2a: Turtonator|0 fnt
|faint|p2a: Turtonator
|
|win|sefohn
|raw|sefohn's rating: 1176 &rarr; <strong>1215</strong><br />(+39 for winning)
|raw|PULT4C1 Inder's rating: 1401 &rarr; <strong>1370</strong><br />(-31 for losing)
|l|☆PULT4C1 Inder
|c|☆sefohn|gg
||Ladder isn't responding, score probably updated but might not have (Request timeout).
