|j|☆kindersurprise2 0
|j|☆Currawong
|t:|1664523112
|gametype|singles
|player|p1|kindersurprise2 0|emmet|1370
|player|p2|Currawong|birdkeeper-gen4dp|1366
|teamsize|p1|6
|teamsize|p2|6
|gen|8
|tier|[Gen 8] PU
|rated|
|rule|Sleep Clause Mod: Limit one foe put to sleep
|rule|Species Clause: Limit one of each Pokémon
|rule|OHKO Clause: OHKO moves are banned
|rule|Evasion Items Clause: Evasion items are banned
|rule|Evasion Moves Clause: Evasion moves are banned
|rule|Endless Battle Clause: Forcing endless battles is banned
|rule|HP Percentage Mod: HP is shown in percentages
|rule|Dynamax Clause: You cannot dynamax
|clearpoke
|poke|p1|Regirock|
|poke|p1|Eldegoss, M|
|poke|p1|Silvally-*|
|poke|p1|Emolga, M|
|poke|p1|Magmortar, F|
|poke|p1|Sawk, M|
|poke|p2|Arctovish|
|poke|p2|Charizard, F|
|poke|p2|Claydol|
|poke|p2|Jolteon, F|
|poke|p2|Quagsire, F|
|poke|p2|Cinccino, F|
|teampreview
|
|t:|1664523146
|start
|switch|p1a: Sawk|Sawk, M|100/100
|switch|p2a: Cinccino|Cinccino, F|100/100
|turn|1
|
|t:|1664523171
|move|p1a: Sawk|Close Combat|p2a: Cinccino
|-supereffective|p2a: Cinccino
|-damage|p2a: Cinccino|0 fnt
|-unboost|p1a: Sawk|def|1
|-unboost|p1a: Sawk|spd|1
|faint|p2a: Cinccino
|
|upkeep
|
|t:|1664523183
|switch|p2a: Charizard|Charizard, F|100/100
|turn|2
|
|t:|1664523197
|switch|p1a: Regirock|Regirock|100/100
|move|p2a: Charizard|Hurricane|p1a: Regirock|[miss]
|-miss|p2a: Charizard|p1a: Regirock
|
|upkeep
|turn|3
|
|t:|1664523204
|move|p2a: Charizard|Focus Blast|p1a: Regirock|[miss]
|-miss|p2a: Charizard|p1a: Regirock
|move|p1a: Regirock|Stealth Rock|p2a: Charizard
|-sidestart|p2: Currawong|move: Stealth Rock
|
|upkeep
|turn|4
|c|☆kindersurprise2 0|Unlucky mate
|c|☆kindersurprise2 0|Sorry
|
|t:|1664523230
|switch|p2a: Quagsire|Quagsire, F|100/100
|-damage|p2a: Quagsire|94/100|[from] Stealth Rock
|move|p1a: Regirock|Rock Blast|p2a: Quagsire|[miss]
|-miss|p1a: Regirock|p2a: Quagsire
|
|-heal|p2a: Quagsire|100/100|[from] item: Leftovers
|upkeep
|turn|5
|c|☆Currawong|it happends
|
|t:|1664523241
|move|p1a: Regirock|Toxic|p2a: Quagsire
|-status|p2a: Quagsire|tox
|move|p2a: Quagsire|Toxic|p1a: Regirock
|-status|p1a: Regirock|tox
|
|-damage|p1a: Regirock|94/100 tox|[from] psn
|-damage|p2a: Quagsire|94/100 tox|[from] psn
|upkeep
|turn|6
|
|t:|1664523256
|switch|p1a: Flour|Eldegoss, M|100/100
|move|p2a: Quagsire|Scald|p1a: Flour
|-resisted|p1a: Flour
|-damage|p1a: Flour|92/100
|-status|p1a: Flour|brn
|
|-heal|p2a: Quagsire|100/100 tox|[from] item: Leftovers
|-damage|p2a: Quagsire|88/100 tox|[from] psn
|-damage|p1a: Flour|86/100 brn|[from] brn
|upkeep
|turn|7
|
|t:|1664523270
|switch|p2a: Charizard|Charizard, F|100/100
|move|p1a: Flour|Leech Seed|p2a: Charizard
|-start|p2a: Charizard|move: Leech Seed
|
|-damage|p2a: Charizard|88/100|[from] Leech Seed|[of] p1a: Flour
|-heal|p1a: Flour|97/100 brn|[silent]
|-damage|p1a: Flour|91/100 brn|[from] brn
|upkeep
|turn|8
|
|t:|1664523279
|switch|p1a: Emolga|Emolga, M|100/100
|move|p2a: Charizard|Overheat|p1a: Emolga
|-damage|p1a: Emolga|36/100
|-unboost|p2a: Charizard|spa|2
|
|-heal|p1a: Emolga|42/100|[from] item: Leftovers
|-damage|p2a: Charizard|76/100|[from] Leech Seed|[of] p1a: Emolga
|-heal|p1a: Emolga|54/100|[silent]
|upkeep
|turn|9
|
|t:|1664523293
|switch|p2a: Claydol|Claydol|100/100
|-damage|p2a: Claydol|94/100|[from] Stealth Rock
|move|p1a: Emolga|Toxic|p2a: Claydol
|-status|p2a: Claydol|tox
|
|-heal|p1a: Emolga|60/100|[from] item: Leftovers
|-damage|p2a: Claydol|88/100 tox|[from] psn
|upkeep
|turn|10
|
|t:|1664523310
|switch|p1a: Silvally|Silvally-Water|100/100
|move|p2a: Claydol|Trick Room|p2a: Claydol
|-fieldstart|move: Trick Room|[of] p2a: Claydol
|
|-damage|p2a: Claydol|76/100 tox|[from] psn
|upkeep
|turn|11
|
|t:|1664523319
|switch|p2a: Arctovish|Arctovish|100/100
|-damage|p2a: Arctovish|75/100|[from] Stealth Rock
|move|p1a: Silvally|Multi-Attack|p2a: Arctovish
|-heal|p2a: Arctovish|100/100|[from] ability: Water Absorb|[of] p1a: Silvally
|
|upkeep
|turn|12
|
|t:|1664523328
|move|p2a: Arctovish|Fishious Rend|p1a: Silvally
|-resisted|p1a: Silvally
|-damage|p1a: Silvally|42/100
|move|p1a: Silvally|Thunder Fang|p2a: Arctovish
|-supereffective|p2a: Arctovish
|-damage|p2a: Arctovish|68/100
|
|upkeep
|turn|13
|
|t:|1664523335
|switch|p1a: Flour|Eldegoss, M|100/100 brn
|move|p2a: Arctovish|Fishious Rend|p1a: Flour
|-resisted|p1a: Flour
|-damage|p1a: Flour|54/100 brn
|-damage|p2a: Arctovish|51/100|[from] item: Rocky Helmet|[of] p1a: Flour
|
|-damage|p1a: Flour|48/100 brn|[from] brn
|upkeep
|turn|14
|c|☆kindersurprise2 0|Doing the calcs?
|c|☆Currawong|yeah
|
|t:|1664523407
|move|p2a: Arctovish|Fishious Rend|p1a: Flour
|-resisted|p1a: Flour
|-damage|p1a: Flour|0 fnt
|-damage|p2a: Arctovish|34/100|[from] item: Rocky Helmet|[of] p1a: Flour
|faint|p1a: Flour
|
|-fieldend|move: Trick Room
|upkeep
|
|t:|1664523413
|switch|p1a: Sawk|Sawk, M|100/100
|turn|15
|c|☆Currawong|i guess they worked?
|
|t:|1664523429
|switch|p2a: Quagsire|Quagsire, F|88/100 tox
|-damage|p2a: Quagsire|82/100 tox|[from] Stealth Rock
|move|p1a: Sawk|Knock Off|p2a: Quagsire
|-damage|p2a: Quagsire|56/100 tox
|-enditem|p2a: Quagsire|Leftovers|[from] move: Knock Off|[of] p1a: Sawk
|
|-damage|p2a: Quagsire|50/100 tox|[from] psn
|upkeep
|turn|16
|c|☆kindersurprise2 0|Well I was gonna vote against it
|
|t:|1664523444
|switch|p1a: Emolga|Emolga, M|60/100
|move|p2a: Quagsire|Recover|p2a: Quagsire
|-heal|p2a: Quagsire|99/100 tox
|
|-heal|p1a: Emolga|66/100|[from] item: Leftovers
|-damage|p2a: Quagsire|88/100 tox|[from] psn
|upkeep
|turn|17
|
|t:|1664523454
|switch|p1a: Regirock|Regirock|94/100 tox
|move|p2a: Quagsire|Toxic|p1a: Regirock|[miss]
|-miss|p2a: Quagsire|p1a: Regirock
|
|-heal|p1a: Regirock|100/100 tox|[from] item: Leftovers
|-damage|p1a: Regirock|94/100 tox|[from] psn
|-damage|p2a: Quagsire|70/100 tox|[from] psn
|upkeep
|turn|18
|
|t:|1664523461
|switch|p1a: Emolga|Emolga, M|66/100
|switch|p2a: Claydol|Claydol|76/100 tox
|-damage|p2a: Claydol|70/100 tox|[from] Stealth Rock
|
|-heal|p1a: Emolga|72/100|[from] item: Leftovers
|-damage|p2a: Claydol|63/100 tox|[from] psn
|upkeep
|turn|19
|
|t:|1664523484
|switch|p1a: Silvally|Silvally-Water|42/100
|move|p2a: Claydol|Trick Room|p2a: Claydol
|-fieldstart|move: Trick Room|[of] p2a: Claydol
|
|-damage|p2a: Claydol|51/100 tox|[from] psn
|upkeep
|turn|20
|
|t:|1664523497
|move|p2a: Claydol|Rapid Spin|p1a: Silvally
|-damage|p1a: Silvally|33/100
|-boost|p2a: Claydol|spe|1
|-sideend|p2: Currawong|Stealth Rock|[from] move: Rapid Spin|[of] p2a: Claydol
|move|p1a: Silvally|Flame Charge|p2a: Claydol
|-damage|p2a: Claydol|38/100 tox
|-boost|p1a: Silvally|spe|1
|
|-damage|p2a: Claydol|19/100 tox|[from] psn
|upkeep
|turn|21
|
|t:|1664523507
|switch|p1a: Emolga|Emolga, M|72/100
|move|p2a: Claydol|Stealth Rock|p1a: Emolga
|-sidestart|p1: kindersurprise2 0|move: Stealth Rock
|
|-heal|p1a: Emolga|78/100|[from] item: Leftovers
|-damage|p2a: Claydol|0 fnt|[from] psn
|faint|p2a: Claydol
|upkeep
|
|t:|1664523516
|switch|p2a: Arctovish|Arctovish|34/100
|turn|22
|
|t:|1664523535
|switch|p1a: Silvally|Silvally-Water|33/100
|-damage|p1a: Silvally|21/100|[from] Stealth Rock
|move|p2a: Arctovish|Fishious Rend|p1a: Silvally
|-resisted|p1a: Silvally
|-damage|p1a: Silvally|0 fnt
|faint|p1a: Silvally
|
|upkeep
|
|t:|1664523543
|switch|p1a: Regirock|Regirock|94/100 tox
|-damage|p1a: Regirock|82/100 tox|[from] Stealth Rock
|turn|23
|
|t:|1664523546
|move|p2a: Arctovish|Fishious Rend|p1a: Regirock
|-supereffective|p1a: Regirock
|-damage|p1a: Regirock|0 fnt
|faint|p1a: Regirock
|
|-fieldend|move: Trick Room
|upkeep
|
|t:|1664523550
|switch|p1a: Sawk|Sawk, M|100/100
|-damage|p1a: Sawk|94/100|[from] Stealth Rock
|turn|24
|
|t:|1664523557
|move|p1a: Sawk|Close Combat|p2a: Arctovish
|-supereffective|p2a: Arctovish
|-damage|p2a: Arctovish|0 fnt
|-unboost|p1a: Sawk|def|1
|-unboost|p1a: Sawk|spd|1
|faint|p2a: Arctovish
|
|upkeep
|
|t:|1664523567
|switch|p2a: Charizard|Charizard, F|76/100
|turn|25
|
|t:|1664523605
|switch|p1a: Magmortar|Magmortar, F|100/100
|-damage|p1a: Magmortar|76/100|[from] Stealth Rock
|move|p2a: Charizard|Hurricane|p1a: Magmortar
|-damage|p1a: Magmortar|9/100
|-start|p1a: Magmortar|confusion
|
|upkeep
|turn|26
|
|t:|1664523622
|move|p2a: Charizard|Overheat|p1a: Magmortar
|-resisted|p1a: Magmortar
|-damage|p1a: Magmortar|0 fnt
|-unboost|p2a: Charizard|spa|2
|faint|p1a: Magmortar
|
|upkeep
|
|t:|1664523629
|switch|p1a: Sawk|Sawk, M|94/100
|-damage|p1a: Sawk|88/100|[from] Stealth Rock
|turn|27
|
|t:|1664523639
|switch|p2a: Quagsire|Quagsire, F|70/100 tox
|move|p1a: Sawk|Close Combat|p2a: Quagsire
|-damage|p2a: Quagsire|24/100 tox
|-unboost|p1a: Sawk|def|1
|-unboost|p1a: Sawk|spd|1
|
|-damage|p2a: Quagsire|18/100 tox|[from] psn
|upkeep
|turn|28
|
|t:|1664523650
|move|p1a: Sawk|Close Combat|p2a: Quagsire
|-damage|p2a: Quagsire|0 fnt
|-unboost|p1a: Sawk|def|1
|-unboost|p1a: Sawk|spd|1
|faint|p2a: Quagsire
|
|upkeep
|
|t:|1664523664
|switch|p2a: Charizard|Charizard, F|76/100
|turn|29
|
|t:|1664523670
|switch|p1a: Emolga|Emolga, M|78/100
|-damage|p1a: Emolga|53/100|[from] Stealth Rock
|move|p2a: Charizard|Hurricane|p1a: Emolga
|-resisted|p1a: Emolga
|-damage|p1a: Emolga|27/100
|
|-heal|p1a: Emolga|33/100|[from] item: Leftovers
|upkeep
|turn|30
|
|t:|1664523683
|switch|p2a: Jolteon|Jolteon, F|100/100
|move|p1a: Emolga|Roost|p1a: Emolga
|-heal|p1a: Emolga|83/100
|-singleturn|p1a: Emolga|move: Roost
|
|-heal|p1a: Emolga|89/100|[from] item: Leftovers
|upkeep
|turn|31
|
|t:|1664523696
|move|p2a: Jolteon|Thunderbolt|p1a: Emolga
|-ability|p1a: Emolga|Motor Drive|boost
|-boost|p1a: Emolga|spe|1
|move|p1a: Emolga|Toxic|p2a: Jolteon
|-status|p2a: Jolteon|tox
|
|-heal|p1a: Emolga|95/100|[from] item: Leftovers
|-damage|p2a: Jolteon|95/100 tox|[from] psn
|upkeep
|turn|32
|
|t:|1664523702
|move|p2a: Jolteon|Shadow Ball|p1a: Emolga
|-damage|p1a: Emolga|67/100
|-unboost|p1a: Emolga|spd|1
|move|p1a: Emolga|Defog|p2a: Jolteon
|-unboost|p2a: Jolteon|evasion|1
|-sideend|p1: kindersurprise2 0|Stealth Rock|[from] move: Defog|[of] p1a: Emolga
|
|-heal|p1a: Emolga|73/100|[from] item: Leftovers
|-damage|p2a: Jolteon|83/100 tox|[from] psn
|upkeep
|turn|33
|
|t:|1664523709
|move|p2a: Jolteon|Shadow Ball|p1a: Emolga
|-damage|p1a: Emolga|37/100
|move|p1a: Emolga|Roost|p1a: Emolga
|-heal|p1a: Emolga|87/100
|-singleturn|p1a: Emolga|move: Roost
|
|-heal|p1a: Emolga|93/100|[from] item: Leftovers
|-damage|p2a: Jolteon|65/100 tox|[from] psn
|upkeep
|turn|34
|
|t:|1664523719
|move|p2a: Jolteon|Shadow Ball|p1a: Emolga
|-damage|p1a: Emolga|50/100
|move|p1a: Emolga|Roost|p1a: Emolga
|-heal|p1a: Emolga|99/100
|-singleturn|p1a: Emolga|move: Roost
|
|-heal|p1a: Emolga|100/100|[from] item: Leftovers
|-damage|p2a: Jolteon|41/100 tox|[from] psn
|upkeep
|turn|35
|
|t:|1664523724
|move|p2a: Jolteon|Wish|p2a: Jolteon
|move|p1a: Emolga|Roost||[still]
|-fail|p1a: Emolga|heal
|
|-damage|p2a: Jolteon|12/100 tox|[from] psn
|upkeep
|turn|36
|
|t:|1664523734
|move|p2a: Jolteon|Shadow Ball|p1a: Emolga
|-damage|p1a: Emolga|62/100
|move|p1a: Emolga|Volt Switch|p2a: Jolteon
|-heal|p2a: Jolteon|37/100 tox|[from] ability: Volt Absorb|[of] p1a: Emolga
|
|-heal|p2a: Jolteon|86/100 tox|[from] move: Wish|[wisher] Jolteon
|-heal|p1a: Emolga|68/100|[from] item: Leftovers
|-damage|p2a: Jolteon|51/100 tox|[from] psn
|upkeep
|turn|37
|
|t:|1664523743
|switch|p2a: Charizard|Charizard, F|76/100
|move|p1a: Emolga|Roost|p1a: Emolga
|-heal|p1a: Emolga|100/100
|-singleturn|p1a: Emolga|move: Roost
|
|upkeep
|turn|38
|
|t:|1664523757
|move|p1a: Emolga|Toxic|p2a: Charizard|[miss]
|-miss|p1a: Emolga|p2a: Charizard
|move|p2a: Charizard|Overheat|p1a: Emolga|[miss]
|-miss|p2a: Charizard|p1a: Emolga
|
|upkeep
|turn|39
|
|t:|1664523768
|switch|p2a: Jolteon|Jolteon, F|51/100 tox
|move|p1a: Emolga|Volt Switch|p2a: Jolteon
|-heal|p2a: Jolteon|76/100 tox|[from] ability: Volt Absorb|[of] p1a: Emolga
|
|-damage|p2a: Jolteon|70/100 tox|[from] psn
|upkeep
|turn|40
|
|t:|1664523774
|switch|p1a: Sawk|Sawk, M|88/100
|move|p2a: Jolteon|Wish|p2a: Jolteon
|
|-damage|p2a: Jolteon|58/100 tox|[from] psn
|upkeep
|turn|41
|
|t:|1664523780
|move|p1a: Sawk|Close Combat|p2a: Jolteon
|-damage|p2a: Jolteon|0 fnt
|-unboost|p1a: Sawk|def|1
|-unboost|p1a: Sawk|spd|1
|faint|p2a: Jolteon
|
|upkeep
|
|t:|1664523785
|switch|p2a: Charizard|Charizard, F|76/100
|turn|42
|
|t:|1664523789
|move|p1a: Sawk|Close Combat|p2a: Charizard
|-resisted|p2a: Charizard
|-damage|p2a: Charizard|32/100
|-unboost|p1a: Sawk|def|1
|-unboost|p1a: Sawk|spd|1
|move|p2a: Charizard|Hurricane|p1a: Sawk
|-supereffective|p1a: Sawk
|-damage|p1a: Sawk|0 fnt
|faint|p1a: Sawk
|
|upkeep
|
|t:|1664523795
|switch|p1a: Emolga|Emolga, M|100/100
|turn|43
|j| Percy_Gekkouga77
|
|t:|1664523809
|move|p2a: Charizard|Overheat|p1a: Emolga
|-damage|p1a: Emolga|1/100
|-unboost|p2a: Charizard|spa|2
|move|p1a: Emolga|Volt Switch|p2a: Charizard
|-supereffective|p2a: Charizard
|-damage|p2a: Charizard|0 fnt
|faint|p2a: Charizard
|
|win|kindersurprise2 0
|raw|kindersurprise2 0's rating: 1370 &rarr; <strong>1390</strong><br />(+20 for winning)
|raw|Currawong's rating: 1366 &rarr; <strong>1346</strong><br />(-20 for losing)
|c|☆Currawong|ggs
|c|☆kindersurprise2 0|gg
|c|☆kindersurprise2 0|Oh wow
|c|☆Currawong|that was close
|c|☆kindersurprise2 0|Are you max sp.attack
