|j|☆Demetryos
|j|☆uult5 somalia
|t:|1637414176
|gametype|singles
|player|p1|Demetryos|volkner|1528
|player|p2|uult5 somalia|drayden|1612
|teamsize|p1|6
|teamsize|p2|6
|gen|8
|tier|[Gen 8] PU
|rated|
|rule|Sleep Clause Mod: Limit one foe put to sleep
|rule|Species Clause: Limit one of each Pokémon
|rule|OHKO Clause: OHKO moves are banned
|rule|Evasion Moves Clause: Evasion moves are banned
|rule|Endless Battle Clause: Forcing endless battles is banned
|rule|HP Percentage Mod: HP is shown in percentages
|rule|Dynamax Clause: You cannot dynamax
|clearpoke
|poke|p1|Ludicolo, F|
|poke|p1|Golduck, M|
|poke|p1|Kabutops, M|
|poke|p1|Uxie|
|poke|p1|Meowstic, M|
|poke|p1|Qwilfish, M|
|poke|p2|Sneasel, F|
|poke|p2|Articuno-Galar|
|poke|p2|Druddigon, F|
|poke|p2|Wishiwashi, M|
|poke|p2|Aromatisse, M|
|poke|p2|Togedemaru, M|
|teampreview
|j| GrandeLeShelmet
|
|t:|1637414202
|start
|switch|p1a: Calm Mind|Uxie|100/100
|switch|p2a: Druddigon|Druddigon, F|100/100
|turn|1
|
|t:|1637414209
|move|p1a: Calm Mind|Stealth Rock|p2a: Druddigon
|-sidestart|p2: uult5 somalia|move: Stealth Rock
|move|p2a: Druddigon|Stealth Rock|p1a: Calm Mind
|-sidestart|p1: Demetryos|move: Stealth Rock
|
|upkeep
|turn|2
|
|t:|1637414216
|move|p1a: Calm Mind|Rain Dance|p1a: Calm Mind
|-weather|RainDance
|move|p2a: Druddigon|Gunk Shot|p1a: Calm Mind
|-damage|p1a: Calm Mind|40/100
|
|-weather|RainDance|[upkeep]
|upkeep
|turn|3
|
|t:|1637414224
|move|p1a: Calm Mind|U-turn|p2a: Druddigon
|-damage|p2a: Druddigon|87/100
|
|t:|1637414231
|switch|p1a: Poison Sting|Qwilfish, M|100/100|[from]move: U-turn
|-damage|p1a: Poison Sting|88/100|[from] Stealth Rock
|move|p2a: Druddigon|Gunk Shot|p1a: Poison Sting
|-resisted|p1a: Poison Sting
|-damage|p1a: Poison Sting|44/100
|
|-weather|RainDance|[upkeep]
|upkeep
|turn|4
|inactive|Battle timer is ON: inactive players will automatically lose when time's up. (requested by Demetryos)
|
|t:|1637414243
|move|p1a: Poison Sting|Spikes|p2a: Druddigon
|-sidestart|p2: uult5 somalia|Spikes
|move|p2a: Druddigon|Gunk Shot|p1a: Poison Sting
|-resisted|p1a: Poison Sting
|-damage|p1a: Poison Sting|0 fnt
|faint|p1a: Poison Sting
|
|-weather|RainDance|[upkeep]
|upkeep
|
|t:|1637414256
|switch|p1a: Leech Seed|Ludicolo, F|100/100
|-damage|p1a: Leech Seed|88/100|[from] Stealth Rock
|turn|5
|
|t:|1637414260
|move|p1a: Leech Seed|Ice Beam|p2a: Druddigon
|-supereffective|p2a: Druddigon
|-damage|p2a: Druddigon|15/100
|-damage|p1a: Leech Seed|78/100|[from] item: Life Orb
|move|p2a: Druddigon|Gunk Shot|p1a: Leech Seed
|-supereffective|p1a: Leech Seed
|-damage|p1a: Leech Seed|0 fnt
|faint|p1a: Leech Seed
|
|-weather|RainDance|[upkeep]
|upkeep
|
|t:|1637414266
|switch|p1a: Water Gun|Golduck, M|100/100
|-damage|p1a: Water Gun|88/100|[from] Stealth Rock
|turn|6
|l| GrandeLeShelmet
|
|t:|1637414274
|move|p1a: Water Gun|Surf|p2a: Druddigon
|-resisted|p2a: Druddigon
|-damage|p2a: Druddigon|0 fnt
|faint|p2a: Druddigon
|
|-weather|RainDance|[upkeep]
|upkeep
|
|t:|1637414281
|switch|p2a: Wishiwashi|Wishiwashi, M|100/100
|-damage|p2a: Wishiwashi|88/100|[from] Spikes
|-damage|p2a: Wishiwashi|76/100|[from] Stealth Rock
|-formechange|p2a: Wishiwashi|Wishiwashi-School||[from] ability: Schooling
|turn|7
|
|t:|1637414286
|move|p1a: Water Gun|Surf|p2a: Wishiwashi
|-resisted|p2a: Wishiwashi
|-damage|p2a: Wishiwashi|44/100
|move|p2a: Wishiwashi|Rest|p2a: Wishiwashi
|-status|p2a: Wishiwashi|slp|[from] move: Rest
|-heal|p2a: Wishiwashi|100/100 slp|[silent]
|
|-weather|RainDance|[upkeep]
|upkeep
|turn|8
|
|t:|1637414300
|switch|p1a: Calm Mind|Uxie|40/100
|-damage|p1a: Calm Mind|28/100|[from] Stealth Rock
|cant|p2a: Wishiwashi|slp
|move|p2a: Wishiwashi|Sleep Talk|p2a: Wishiwashi
|move|p2a: Wishiwashi|Liquidation|p1a: Calm Mind|[from]move: Sleep Talk
|-damage|p1a: Calm Mind|0 fnt
|faint|p1a: Calm Mind
|
|-weather|RainDance|[upkeep]
|upkeep
|
|t:|1637414306
|switch|p1a: Helping Hand|Meowstic, M|100/100
|-damage|p1a: Helping Hand|88/100|[from] Stealth Rock
|turn|9
|
|t:|1637414317
|switch|p2a: Togedemaru|Togedemaru, M|100/100
|-damage|p2a: Togedemaru|95/100|[from] Stealth Rock
|-damage|p2a: Togedemaru|82/100|[from] Spikes
|move|p1a: Helping Hand|Light Screen|p1a: Helping Hand
|-sidestart|p1: Demetryos|move: Light Screen
|
|-weather|none
|upkeep
|turn|10
|
|t:|1637414324
|move|p1a: Helping Hand|Yawn|p2a: Togedemaru
|-start|p2a: Togedemaru|move: Yawn|[of] p1a: Helping Hand
|move|p2a: Togedemaru|Zing Zap|p1a: Helping Hand
|-damage|p1a: Helping Hand|43/100
|
|upkeep
|turn|11
|
|t:|1637414347
|switch|p2a: Wishiwashi|Wishiwashi, M|100/100 slp
|-damage|p2a: Wishiwashi|88/100 slp|[from] Stealth Rock
|-damage|p2a: Wishiwashi|76/100 slp|[from] Spikes
|-formechange|p2a: Wishiwashi|Wishiwashi-School||[from] ability: Schooling
|move|p1a: Helping Hand|Rain Dance|p1a: Helping Hand
|-weather|RainDance
|
|-weather|RainDance|[upkeep]
|-heal|p2a: Wishiwashi|82/100 slp|[from] item: Leftovers
|upkeep
|turn|12
|j| GrandeLeShelmet
|
|t:|1637414360
|move|p1a: Helping Hand|Reflect|p1a: Helping Hand
|-sidestart|p1: Demetryos|Reflect
|cant|p2a: Wishiwashi|slp
|
|-weather|RainDance|[upkeep]
|-heal|p2a: Wishiwashi|88/100 slp|[from] item: Leftovers
|upkeep
|turn|13
|l| GrandeLeShelmet
|
|t:|1637414378
|switch|p1a: Water Gun|Golduck, M|88/100
|-damage|p1a: Water Gun|76/100|[from] Stealth Rock
|-curestatus|p2a: Wishiwashi|slp|[msg]
|move|p2a: Wishiwashi|Liquidation|p1a: Water Gun
|-resisted|p1a: Water Gun
|-damage|p1a: Water Gun|56/100
|
|-weather|RainDance|[upkeep]
|-heal|p2a: Wishiwashi|94/100|[from] item: Leftovers
|-sideend|p1: Demetryos|move: Light Screen
|upkeep
|turn|14
|inactive|uult5 somalia has 120 seconds left.
|inactive|uult5 somalia has 90 seconds left.
|inactive|uult5 somalia has 60 seconds left.
|
|t:|1637414458
|move|p1a: Water Gun|Hydro Pump|p2a: Wishiwashi
|-resisted|p2a: Wishiwashi
|-damage|p2a: Wishiwashi|53/100
|move|p2a: Wishiwashi|Rest|p2a: Wishiwashi
|-status|p2a: Wishiwashi|slp|[from] move: Rest
|-heal|p2a: Wishiwashi|100/100 slp|[silent]
|
|-weather|RainDance|[upkeep]
|upkeep
|turn|15
|j| GrandeLeShelmet
|inactive|uult5 somalia has 60 seconds left.
|
|t:|1637414472
|switch|p1a: Dome Fossil|Kabutops, M|100/100
|-damage|p1a: Dome Fossil|88/100|[from] Stealth Rock
|cant|p2a: Wishiwashi|slp
|move|p2a: Wishiwashi|Sleep Talk|p2a: Wishiwashi
|move|p2a: Wishiwashi|Liquidation|p1a: Dome Fossil|[from]move: Sleep Talk
|-damage|p1a: Dome Fossil|54/100
|
|-weather|RainDance|[upkeep]
|upkeep
|turn|16
|inactive|uult5 somalia has 60 seconds left.
|
|t:|1637414509
|move|p1a: Dome Fossil|Swords Dance|p1a: Dome Fossil
|-boost|p1a: Dome Fossil|atk|2
|cant|p2a: Wishiwashi|slp
|move|p2a: Wishiwashi|Sleep Talk|p2a: Wishiwashi
|move|p2a: Wishiwashi|Rest||[from]move: Sleep Talk|[still]
|-fail|p2a: Wishiwashi
|
|-weather|RainDance|[upkeep]
|-sideend|p1: Demetryos|Reflect
|upkeep
|turn|17
|
|t:|1637414522
|switch|p2a: Togedemaru|Togedemaru, M|82/100
|-damage|p2a: Togedemaru|70/100|[from] Spikes
|-damage|p2a: Togedemaru|64/100|[from] Stealth Rock
|move|p1a: Dome Fossil|Swords Dance|p1a: Dome Fossil
|-boost|p1a: Dome Fossil|atk|2
|
|-weather|RainDance|[upkeep]
|upkeep
|turn|18
|
|t:|1637414532
|move|p1a: Dome Fossil|Liquidation|p2a: Togedemaru
|-damage|p2a: Togedemaru|0 fnt
|faint|p2a: Togedemaru
|-damage|p1a: Dome Fossil|44/100|[from] item: Life Orb
|
|-weather|none
|upkeep
|l| GrandeLeShelmet
|inactive|uult5 somalia has 30 seconds left.
|
|t:|1637414544
|switch|p2a: Sneasel|Sneasel, F|100/100
|turn|19
|
|t:|1637414554
|switch|p2a: Aromatisse|Aromatisse, M|100/100
|-damage|p2a: Aromatisse|88/100|[from] Spikes
|-damage|p2a: Aromatisse|76/100|[from] Stealth Rock
|move|p1a: Dome Fossil|Aqua Jet|p2a: Aromatisse
|-damage|p2a: Aromatisse|20/100
|-damage|p1a: Dome Fossil|34/100|[from] item: Life Orb
|
|-heal|p2a: Aromatisse|26/100|[from] item: Leftovers
|upkeep
|turn|20
|
|t:|1637414561
|move|p1a: Dome Fossil|Liquidation|p2a: Aromatisse
|-damage|p2a: Aromatisse|0 fnt
|faint|p2a: Aromatisse
|-damage|p1a: Dome Fossil|24/100|[from] item: Life Orb
|
|upkeep
|
|t:|1637414570
|switch|p2a: Sneasel|Sneasel, F|100/100
|turn|21
|
|t:|1637414574
|switch|p2a: Wishiwashi|Wishiwashi, M|100/100 slp
|-damage|p2a: Wishiwashi|88/100 slp|[from] Spikes
|-damage|p2a: Wishiwashi|76/100 slp|[from] Stealth Rock
|-formechange|p2a: Wishiwashi|Wishiwashi-School||[from] ability: Schooling
|move|p1a: Dome Fossil|Aqua Jet|p2a: Wishiwashi
|-resisted|p2a: Wishiwashi
|-damage|p2a: Wishiwashi|39/100 slp
|-damage|p1a: Dome Fossil|14/100|[from] item: Life Orb
|
|-heal|p2a: Wishiwashi|45/100 slp|[from] item: Leftovers
|upkeep
|turn|22
|inactive|uult5 somalia has 30 seconds left.
|
|t:|1637414608
|move|p1a: Dome Fossil|Liquidation|p2a: Wishiwashi
|-resisted|p2a: Wishiwashi
|-damage|p2a: Wishiwashi|0 fnt
|faint|p2a: Wishiwashi
|-damage|p1a: Dome Fossil|4/100|[from] item: Life Orb
|
|upkeep
|
|t:|1637414612
|switch|p2a: Sneasel|Sneasel, F|100/100
|turn|23
|
|t:|1637414618
|move|p2a: Sneasel|Ice Shard|p1a: Dome Fossil
|-resisted|p1a: Dome Fossil
|-damage|p1a: Dome Fossil|0 fnt
|faint|p1a: Dome Fossil
|
|upkeep
|
|t:|1637414621
|switch|p1a: Helping Hand|Meowstic, M|43/100
|-damage|p1a: Helping Hand|30/100|[from] Stealth Rock
|turn|24
|
|t:|1637414630
|move|p1a: Helping Hand|Rain Dance|p1a: Helping Hand
|-weather|RainDance
|move|p2a: Sneasel|Swords Dance|p2a: Sneasel
|-boost|p2a: Sneasel|atk|2
|
|-weather|RainDance|[upkeep]
|upkeep
|turn|25
|inactive|uult5 somalia has 60 seconds left.
|
|t:|1637414653
|move|p1a: Helping Hand|Reflect|p1a: Helping Hand
|-sidestart|p1: Demetryos|Reflect
|move|p2a: Sneasel|Swords Dance|p2a: Sneasel
|-boost|p2a: Sneasel|atk|2
|
|-weather|RainDance|[upkeep]
|upkeep
|turn|26
|
|t:|1637414669
|switch|p1a: Water Gun|Golduck, M|56/100
|-damage|p1a: Water Gun|43/100|[from] Stealth Rock
|move|p2a: Sneasel|Swords Dance|p2a: Sneasel
|-boost|p2a: Sneasel|atk|2
|
|-weather|RainDance|[upkeep]
|upkeep
|turn|27
|
|t:|1637414680
|move|p2a: Sneasel|Ice Shard|p1a: Water Gun
|-resisted|p1a: Water Gun
|-damage|p1a: Water Gun|18/100
|move|p1a: Water Gun|Surf|p2a: Sneasel
|-damage|p2a: Sneasel|0 fnt
|faint|p2a: Sneasel
|
|-weather|RainDance|[upkeep]
|upkeep
|
|t:|1637414682
|switch|p2a: Articuno|Articuno-Galar|100/100
|-damage|p2a: Articuno|76/100|[from] Stealth Rock
|turn|28
|
|t:|1637414687
|move|p1a: Water Gun|Surf|p2a: Articuno
|-damage|p2a: Articuno|0 fnt
|faint|p2a: Articuno
|
|win|Demetryos
|raw|Demetryos's rating: 1528 &rarr; <strong>1553</strong><br />(+25 for winning)
|raw|uult5 somalia's rating: 1612 &rarr; <strong>1587</strong><br />(-25 for losing)
|l|☆uult5 somalia
|j|☆uult5 somalia
|player|p2|uult5 somalia|drayden
