|j|☆acluh1
|j|☆Lily
|t:|1666127670
|gametype|singles
|player|p1|acluh1|karen|
|player|p2|Lily|#scl1machines|
|teamsize|p1|6
|teamsize|p2|6
|gen|8
|tier|[Gen 8] PU
|rule|Sleep Clause Mod: Limit one foe put to sleep
|rule|Species Clause: Limit one of each Pokémon
|rule|OHKO Clause: OHKO moves are banned
|rule|Evasion Items Clause: Evasion items are banned
|rule|Evasion Moves Clause: Evasion moves are banned
|rule|Endless Battle Clause: Forcing endless battles is banned
|rule|HP Percentage Mod: HP is shown in percentages
|rule|Dynamax Clause: You cannot dynamax
|clearpoke
|poke|p1|Charizard, M|
|poke|p1|Gigalith, M|
|poke|p1|Trevenant, F|
|poke|p1|Sandaconda, F|
|poke|p1|Whimsicott, M|
|poke|p1|Wishiwashi, M|
|poke|p2|Scrafty, M|
|poke|p2|Rhydon, F|
|poke|p2|Ribombee, F|
|poke|p2|Doublade, F|
|poke|p2|Cramorant, F|
|poke|p2|Audino, F|
|teampreview
|inactive|Battle timer is ON: inactive players will automatically lose when time's up. (requested by acluh1)
|c|☆acluh1|gl
|c|☆Lily|hf
|
|t:|1666127688
|start
|switch|p1a: Trevenant|Trevenant, F, shiny|100/100
|switch|p2a: Cramorant|Cramorant, F|100/100
|turn|1
|
|t:|1666127692
|switch|p1a: Gigalith|Gigalith, M, shiny|100/100
|-weather|Sandstorm|[from] ability: Sand Stream|[of] p1a: Gigalith
|move|p2a: Cramorant|Hurricane|p1a: Gigalith|[miss]
|-miss|p2a: Cramorant|p1a: Gigalith
|
|-weather|Sandstorm|[upkeep]
|-damage|p2a: Cramorant|94/100|[from] Sandstorm
|upkeep
|turn|2
|
|t:|1666127695
|move|p2a: Cramorant|Surf|p1a: Gigalith
|-formechange|p2a: Cramorant|Cramorant-Gulping|
|-supereffective|p1a: Gigalith
|-damage|p1a: Gigalith|68/100
|move|p1a: Gigalith|Rock Blast|p2a: Cramorant
|-supereffective|p2a: Cramorant
|-damage|p2a: Cramorant|51/100
|-damage|p1a: Gigalith|43/100|[from] ability: Gulp Missile|[of] p2a: Cramorant
|-unboost|p1a: Gigalith|def|1
|-formechange|p2a: Cramorant|Cramorant|
|-supereffective|p2a: Cramorant
|-damage|p2a: Cramorant|5/100
|-hitcount|p2a: Cramorant|2
|
|-weather|Sandstorm|[upkeep]
|-damage|p2a: Cramorant|0 fnt|[from] Sandstorm
|faint|p2a: Cramorant
|-heal|p1a: Gigalith|49/100|[from] item: Leftovers
|upkeep
|
|t:|1666127700
|switch|p2a: Scrafty|Scrafty, M|100/100
|turn|3
|
|t:|1666127703
|switch|p1a: Whimsicott|Whimsicott, M, shiny|100/100
|move|p2a: Scrafty|Iron Head|p1a: Whimsicott
|-supereffective|p1a: Whimsicott
|-damage|p1a: Whimsicott|0 fnt
|faint|p1a: Whimsicott
|-ability|p2a: Scrafty|Moxie|boost
|-boost|p2a: Scrafty|atk|1
|
|-weather|Sandstorm|[upkeep]
|-damage|p2a: Scrafty|95/100|[from] Sandstorm
|upkeep
|
|t:|1666127712
|switch|p1a: Sandaconda|Sandaconda, F, shiny|100/100
|turn|4
|
|t:|1666127716
|move|p2a: Scrafty|Iron Head|p1a: Sandaconda
|-damage|p1a: Sandaconda|69/100
|-damage|p2a: Scrafty|78/100|[from] item: Rocky Helmet|[of] p1a: Sandaconda
|move|p1a: Sandaconda|Glare|p2a: Scrafty
|-status|p2a: Scrafty|par
|
|-weather|Sandstorm|[upkeep]
|-damage|p2a: Scrafty|72/100 par|[from] Sandstorm
|upkeep
|turn|5
|
|t:|1666127719
|switch|p2a: Audino|Audino, F|100/100
|move|p1a: Sandaconda|Earthquake|p2a: Audino
|-crit|p2a: Audino
|-damage|p2a: Audino|47/100
|
|-weather|none
|upkeep
|turn|6
|
|t:|1666127724
|switch|p1a: Trevenant|Trevenant, F, shiny|100/100
|move|p2a: Audino|Wish|p2a: Audino
|
|upkeep
|turn|7
|
|t:|1666127730
|switch|p2a: Doublade|Doublade, F|100/100
|move|p1a: Trevenant|Drain Punch|p2a: Doublade
|-immune|p2a: Doublade
|
|upkeep
|turn|8
|
|t:|1666127734
|switch|p1a: Charizard|Charizard, M, shiny|100/100
|switch|p2a: Audino|Audino, F|80/100
|
|upkeep
|turn|9
|
|t:|1666127736
|move|p1a: Charizard|Toxic|p2a: Audino
|-status|p2a: Audino|tox
|move|p2a: Audino|Wish|p2a: Audino
|
|-damage|p2a: Audino|74/100 tox|[from] psn
|upkeep
|turn|10
|
|t:|1666127741
|move|p1a: Charizard|Flamethrower|p2a: Audino
|-damage|p2a: Audino|54/100 tox
|move|p2a: Audino|Heal Bell|p2a: Audino
|-activate|p2a: Audino|move: Heal Bell
|-curestatus|p2a: Audino|tox|[msg]
|-curestatus|p2: Scrafty|par|[msg]
|
|-heal|p2a: Audino|100/100|[from] move: Wish|[wisher] Audino
|upkeep
|turn|11
|
|t:|1666127745
|move|p1a: Charizard|Toxic|p2a: Audino
|-status|p2a: Audino|tox
|move|p2a: Audino|Knock Off|p1a: Charizard
|-damage|p1a: Charizard|83/100
|-enditem|p1a: Charizard|Heavy-Duty Boots|[from] move: Knock Off|[of] p2a: Audino
|
|-damage|p2a: Audino|94/100 tox|[from] psn
|upkeep
|turn|12
|
|t:|1666127748
|switch|p1a: Wishiwashi|Wishiwashi, M, shiny|100/100
|-formechange|p1a: Wishiwashi|Wishiwashi-School||[from] ability: Schooling
|switch|p2a: Rhydon|Rhydon, F|100/100
|
|upkeep
|turn|13
|
|t:|1666127751
|switch|p2a: Audino|Audino, F|100/100 tox
|move|p1a: Wishiwashi|Scald|p2a: Audino
|-damage|p2a: Audino|76/100 tox
|
|-damage|p2a: Audino|70/100 tox|[from] psn
|upkeep
|turn|14
|
|t:|1666127753
|move|p2a: Audino|Heal Bell|p2a: Audino
|-activate|p2a: Audino|move: Heal Bell
|-curestatus|p2a: Audino|tox|[msg]
|move|p1a: Wishiwashi|U-turn|p2a: Audino
|-damage|p2a: Audino|53/100
|
|t:|1666127755
|switch|p1a: Trevenant|Trevenant, F, shiny|100/100|[from]move: U-turn
|
|upkeep
|turn|15
|
|t:|1666127759
|move|p2a: Audino|Protect|p2a: Audino
|-singleturn|p2a: Audino|Protect
|move|p1a: Trevenant|Drain Punch|p2a: Audino
|-activate|p2a: Audino|move: Protect
|
|upkeep
|turn|16
|
|t:|1666127762
|switch|p1a: Charizard|Charizard, M, shiny|83/100
|switch|p2a: Ribombee|Ribombee, F, shiny|100/100
|
|upkeep
|turn|17
|
|t:|1666127766
|move|p2a: Ribombee|U-turn|p1a: Charizard
|-resisted|p1a: Charizard
|-damage|p1a: Charizard|79/100
|
|t:|1666127767
|switch|p2a: Rhydon|Rhydon, F|100/100|[from]move: U-turn
|move|p1a: Charizard|Toxic|p2a: Rhydon
|-status|p2a: Rhydon|tox
|
|-damage|p2a: Rhydon|94/100 tox|[from] psn
|upkeep
|turn|18
|
|t:|1666127770
|switch|p1a: Trevenant|Trevenant, F, shiny|100/100
|move|p2a: Rhydon|Stealth Rock|p1a: Trevenant
|-sidestart|p1: acluh1|move: Stealth Rock
|
|-heal|p2a: Rhydon|100/100 tox|[from] item: Leftovers
|-damage|p2a: Rhydon|88/100 tox|[from] psn
|upkeep
|turn|19
|
|t:|1666127779
|switch|p2a: Doublade|Doublade, F|100/100
|move|p1a: Trevenant|Poltergeist|p2a: Doublade
|-activate|p2a: Doublade|move: Poltergeist|Eviolite
|-supereffective|p2a: Doublade
|-damage|p2a: Doublade|20/100
|
|upkeep
|turn|20
|
|t:|1666127783
|switch|p2a: Audino|Audino, F|87/100
|move|p1a: Trevenant|Poltergeist|p2a: Audino
|-immune|p2a: Audino
|
|upkeep
|turn|21
|
|t:|1666127785
|switch|p1a: Charizard|Charizard, M, shiny|79/100
|-damage|p1a: Charizard|29/100|[from] Stealth Rock
|move|p2a: Audino|Wish|p2a: Audino
|
|upkeep
|turn|22
|
|t:|1666127790
|switch|p2a: Rhydon|Rhydon, F|88/100 tox
|move|p1a: Charizard|Defog|p2a: Rhydon
|-unboost|p2a: Rhydon|evasion|1
|-sideend|p1: acluh1|Stealth Rock|[from] move: Defog|[of] p1a: Charizard
|
|-heal|p2a: Rhydon|100/100 tox|[from] move: Wish|[wisher] Audino
|-damage|p2a: Rhydon|94/100 tox|[from] psn
|upkeep
|turn|23
|
|t:|1666127797
|switch|p1a: Wishiwashi|Wishiwashi, M, shiny|100/100
|-formechange|p1a: Wishiwashi|Wishiwashi-School||[from] ability: Schooling
|move|p2a: Rhydon|Stealth Rock|p1a: Wishiwashi
|-sidestart|p1: acluh1|move: Stealth Rock
|
|-heal|p2a: Rhydon|100/100 tox|[from] item: Leftovers
|-damage|p2a: Rhydon|88/100 tox|[from] psn
|upkeep
|turn|24
|
|t:|1666127802
|switch|p2a: Audino|Audino, F|100/100
|move|p1a: Wishiwashi|Scald|p2a: Audino
|-damage|p2a: Audino|76/100
|
|upkeep
|turn|25
|
|t:|1666127807
|move|p2a: Audino|Heal Bell|p2a: Audino
|-activate|p2a: Audino|move: Heal Bell
|-curestatus|p2: Rhydon|tox|[msg]
|move|p1a: Wishiwashi|U-turn|p2a: Audino
|-damage|p2a: Audino|57/100
|
|t:|1666127813
|switch|p1a: Trevenant|Trevenant, F, shiny|100/100|[from]move: U-turn
|-damage|p1a: Trevenant|88/100|[from] Stealth Rock
|
|upkeep
|turn|26
|
|t:|1666127820
|move|p2a: Audino|Protect|p2a: Audino
|-singleturn|p2a: Audino|Protect
|move|p1a: Trevenant|Horn Leech|p2a: Audino
|-activate|p2a: Audino|move: Protect
|
|upkeep
|turn|27
|
|t:|1666127824
|switch|p2a: Ribombee|Ribombee, F, shiny|100/100
|move|p1a: Trevenant|Horn Leech|p2a: Ribombee
|-resisted|p2a: Ribombee
|-crit|p2a: Ribombee
|-damage|p2a: Ribombee|11/100
|-heal|p1a: Trevenant|100/100|[from] drain|[of] p2a: Ribombee
|
|upkeep
|turn|28
|
|t:|1666127828
|switch|p1a: Charizard|Charizard, M, shiny|29/100
|-damage|p1a: Charizard|0 fnt|[from] Stealth Rock
|faint|p1a: Charizard
|move|p2a: Ribombee|Moonblast|p1: Charizard|[notarget]
|-fail|p2a: Ribombee
|
|upkeep
|
|t:|1666127833
|switch|p1a: Wishiwashi|Wishiwashi, M, shiny|100/100
|-damage|p1a: Wishiwashi|88/100|[from] Stealth Rock
|-formechange|p1a: Wishiwashi|Wishiwashi-School||[from] ability: Schooling
|turn|29
|
|t:|1666127835
|move|p2a: Ribombee|Roost|p2a: Ribombee
|-heal|p2a: Ribombee|61/100
|-singleturn|p2a: Ribombee|move: Roost
|move|p1a: Wishiwashi|U-turn|p2a: Ribombee
|-resisted|p2a: Ribombee
|-damage|p2a: Ribombee|42/100
|
|t:|1666127847
|switch|p1a: Gigalith|Gigalith, M, shiny|49/100|[from]move: U-turn
|-damage|p1a: Gigalith|37/100|[from] Stealth Rock
|-weather|Sandstorm|[from] ability: Sand Stream|[of] p1a: Gigalith
|
|-weather|Sandstorm|[upkeep]
|-damage|p2a: Ribombee|36/100|[from] Sandstorm
|-heal|p1a: Gigalith|43/100|[from] item: Leftovers
|upkeep
|turn|30
|
|t:|1666127851
|move|p2a: Ribombee|U-turn|p1a: Gigalith
|-damage|p1a: Gigalith|32/100
|
|t:|1666127852
|switch|p2a: Rhydon|Rhydon, F|88/100|[from]move: U-turn
|move|p1a: Gigalith|Earthquake|p2a: Rhydon
|-supereffective|p2a: Rhydon
|-damage|p2a: Rhydon|46/100
|
|-weather|Sandstorm|[upkeep]
|-heal|p2a: Rhydon|52/100|[from] item: Leftovers
|-heal|p1a: Gigalith|38/100|[from] item: Leftovers
|upkeep
|turn|31
|
|t:|1666127855
|move|p1a: Gigalith|Protect|p1a: Gigalith
|-singleturn|p1a: Gigalith|Protect
|move|p2a: Rhydon|Earthquake|p1a: Gigalith
|-activate|p1a: Gigalith|move: Protect
|
|-weather|Sandstorm|[upkeep]
|-heal|p2a: Rhydon|58/100|[from] item: Leftovers
|-heal|p1a: Gigalith|44/100|[from] item: Leftovers
|upkeep
|turn|32
|
|t:|1666127858
|switch|p1a: Trevenant|Trevenant, F, shiny|100/100
|-damage|p1a: Trevenant|88/100|[from] Stealth Rock
|move|p2a: Rhydon|Heat Crash|p1a: Trevenant
|-supereffective|p1a: Trevenant
|-damage|p1a: Trevenant|55/100
|
|-weather|Sandstorm|[upkeep]
|-damage|p1a: Trevenant|49/100|[from] Sandstorm
|-heal|p2a: Rhydon|64/100|[from] item: Leftovers
|upkeep
|turn|33
|
|t:|1666127864
|switch|p2a: Doublade|Doublade, F|20/100
|move|p1a: Trevenant|Horn Leech|p2a: Doublade
|-resisted|p2a: Doublade
|-damage|p2a: Doublade|6/100
|-heal|p1a: Trevenant|56/100|[from] drain|[of] p2a: Doublade
|
|-weather|none
|upkeep
|turn|34
|
|t:|1666127871
|switch|p1a: Wishiwashi|Wishiwashi, M, shiny|88/100
|-damage|p1a: Wishiwashi|76/100|[from] Stealth Rock
|-formechange|p1a: Wishiwashi|Wishiwashi-School||[from] ability: Schooling
|switch|p2a: Ribombee|Ribombee, F, shiny|36/100
|
|-heal|p1a: Wishiwashi|82/100|[from] item: Leftovers
|upkeep
|turn|35
|
|t:|1666127873
|move|p2a: Ribombee|Roost|p2a: Ribombee
|-heal|p2a: Ribombee|86/100
|-singleturn|p2a: Ribombee|move: Roost
|move|p1a: Wishiwashi|Scald|p2a: Ribombee
|-damage|p2a: Ribombee|19/100
|
|-heal|p1a: Wishiwashi|88/100|[from] item: Leftovers
|upkeep
|turn|36
|
|t:|1666127876
|move|p2a: Ribombee|Moonblast|p1a: Wishiwashi
|-damage|p1a: Wishiwashi|51/100
|move|p1a: Wishiwashi|Scald|p2a: Ribombee
|-damage|p2a: Ribombee|0 fnt
|faint|p2a: Ribombee
|
|-heal|p1a: Wishiwashi|57/100|[from] item: Leftovers
|upkeep
|
|t:|1666127877
|switch|p2a: Scrafty|Scrafty, M|72/100
|turn|37
|
|t:|1666127879
|move|p2a: Scrafty|Knock Off|p1a: Wishiwashi
|-damage|p1a: Wishiwashi|15/100
|-enditem|p1a: Wishiwashi|Leftovers|[from] move: Knock Off|[of] p2a: Scrafty
|move|p1a: Wishiwashi|Scald|p2a: Scrafty
|-damage|p2a: Scrafty|30/100
|
|-formechange|p1a: Wishiwashi|Wishiwashi||[from] ability: Schooling
|upkeep
|turn|38
|
|t:|1666127886
|move|p2a: Scrafty|Knock Off|p1a: Wishiwashi
|-damage|p1a: Wishiwashi|0 fnt
|faint|p1a: Wishiwashi
|-ability|p2a: Scrafty|Moxie|boost
|-boost|p2a: Scrafty|atk|1
|
|upkeep
|
|t:|1666127889
|switch|p1a: Sandaconda|Sandaconda, F, shiny|69/100
|-damage|p1a: Sandaconda|63/100|[from] Stealth Rock
|turn|39
|
|t:|1666127893
|move|p2a: Scrafty|Knock Off|p1a: Sandaconda
|-damage|p1a: Sandaconda|0 fnt
|-damage|p2a: Scrafty|13/100|[from] item: Rocky Helmet|[of] p1a: Sandaconda
|-enditem|p1a: Sandaconda|Rocky Helmet|[from] move: Knock Off|[of] p2a: Scrafty
|faint|p1a: Sandaconda
|-ability|p2a: Scrafty|Moxie|boost
|-boost|p2a: Scrafty|atk|1
|
|upkeep
|
|t:|1666127897
|switch|p1a: Gigalith|Gigalith, M, shiny|44/100
|-damage|p1a: Gigalith|32/100|[from] Stealth Rock
|-weather|Sandstorm|[from] ability: Sand Stream|[of] p1a: Gigalith
|turn|40
|
|t:|1666127900
|move|p1a: Gigalith|Protect|p1a: Gigalith
|-singleturn|p1a: Gigalith|Protect
|move|p2a: Scrafty|Knock Off|p1a: Gigalith
|-activate|p1a: Gigalith|move: Protect
|
|-weather|Sandstorm|[upkeep]
|-damage|p2a: Scrafty|8/100|[from] Sandstorm
|-heal|p1a: Gigalith|38/100|[from] item: Leftovers
|upkeep
|turn|41
|
|t:|1666127905
|move|p1a: Gigalith|Protect|p1a: Gigalith
|-singleturn|p1a: Gigalith|Protect
|move|p2a: Scrafty|Knock Off|p1a: Gigalith
|-activate|p1a: Gigalith|move: Protect
|
|-weather|Sandstorm|[upkeep]
|-damage|p2a: Scrafty|2/100|[from] Sandstorm
|-heal|p1a: Gigalith|44/100|[from] item: Leftovers
|upkeep
|turn|42
|
|t:|1666127910
|move|p1a: Gigalith|Protect||[still]
|-fail|p1a: Gigalith
|move|p2a: Scrafty|Knock Off|p1a: Gigalith
|-damage|p1a: Gigalith|0 fnt
|-enditem|p1a: Gigalith|Leftovers|[from] move: Knock Off|[of] p2a: Scrafty
|faint|p1a: Gigalith
|-ability|p2a: Scrafty|Moxie|boost
|-boost|p2a: Scrafty|atk|1
|
|-weather|Sandstorm|[upkeep]
|-damage|p2a: Scrafty|0 fnt|[from] Sandstorm
|faint|p2a: Scrafty
|upkeep
|
|t:|1666127916
|switch|p2a: Doublade|Doublade, F|6/100
|switch|p1a: Trevenant|Trevenant, F, shiny|56/100
|-damage|p1a: Trevenant|44/100|[from] Stealth Rock
|turn|43
|
|t:|1666127920
|move|p2a: Doublade|Shadow Sneak|p1a: Trevenant
|-supereffective|p1a: Trevenant
|-damage|p1a: Trevenant|0 fnt
|faint|p1a: Trevenant
|
|win|Lily
|c|☆Lily|ggs
|c|☆acluh1|gg
