|j|☆Trash Poke Trash
|j|☆all guzz my lord
|t:|1615680356
|player|p1|Trash Poke Trash|acetrainersnow|
|player|p2|all guzz my lord|#wcop2020germany|
|teamsize|p1|6
|teamsize|p2|6
|gametype|singles
|gen|8
|tier|[Gen 8] PU
|rated|Tournament battle
|clearpoke
|poke|p1|Gigalith, M|
|poke|p1|Stoutland, M|
|poke|p1|Braviary, M|
|poke|p1|Sandslash, M|
|poke|p1|Silvally-*|
|poke|p1|Galvantula, M|
|poke|p2|Weezing, M|
|poke|p2|Audino, F|
|poke|p2|Virizion|
|poke|p2|Talonflame, F|
|poke|p2|Lycanroc, M|
|poke|p2|Palossand, M|
|rule|Sleep Clause Mod: Limit one foe put to sleep
|rule|Species Clause: Limit one of each Pokémon
|rule|OHKO Clause: OHKO moves are banned
|rule|Evasion Moves Clause: Evasion moves are banned
|rule|Endless Battle Clause: Forcing endless battles is banned
|rule|HP Percentage Mod: HP is shown in percentages
|rule|Dynamax Clause: You cannot dynamax
|teampreview
|j| Gva
|c|☆Trash Poke Trash|glhf
|j| Shing in Streets
|inactive|Battle timer is ON: inactive players will automatically lose when time's up. (requested by Trash Poke Trash)
|
|t:|1615680416
|start
|switch|p1a: Braviary|Braviary, M|100/100
|switch|p2a: Köpek|Lycanroc, M|100/100
|turn|1
|
|t:|1615680437
|switch|p2a: Mind|Weezing, M|100/100
|move|p1a: Braviary|U-turn|p2a: Mind
|-resisted|p2a: Mind
|-damage|p2a: Mind|91/100
|
|t:|1615680451
|switch|p1a: Galvantula|Galvantula, M|100/100|[from]move: U-turn
|
|-heal|p2a: Mind|97/100|[from] item: Black Sludge
|upkeep
|turn|2
|j| PUnyTest
|
|t:|1615680466
|switch|p2a: :joy:|Audino, F|100/100
|move|p1a: Galvantula|Thunder|p2a: :joy:
|-damage|p2a: :joy:|69/100
|-status|p2a: :joy:|par
|
|upkeep
|turn|3
|
|t:|1615680474
|move|p1a: Galvantula|Volt Switch|p2a: :joy:
|-damage|p2a: :joy:|47/100 par
|
|t:|1615680476
|switch|p1a: Gigalith|Gigalith, M|100/100|[from]move: Volt Switch
|-weather|Sandstorm|[from] ability: Sand Stream|[of] p1a: Gigalith
|move|p2a: :joy:|Knock Off|p1a: Gigalith
|-crit|p1a: Gigalith
|-damage|p1a: Gigalith|84/100
|-enditem|p1a: Gigalith|Smooth Rock|[from] move: Knock Off|[of] p2a: :joy:
|
|-weather|Sandstorm|[upkeep]
|-damage|p2a: :joy:|41/100 par|[from] Sandstorm
|upkeep
|turn|4
|
|t:|1615680481
|switch|p2a: Mind|Weezing, M|97/100
|move|p1a: Gigalith|Stealth Rock|p2a: Mind
|-sidestart|p2: all guzz my lord|move: Stealth Rock
|
|-weather|Sandstorm|[upkeep]
|-damage|p2a: Mind|91/100|[from] Sandstorm
|-heal|p2a: Mind|97/100|[from] item: Black Sludge
|upkeep
|turn|5
|
|t:|1615680494
|switch|p1a: Stoutland|Stoutland, M|100/100
|move|p2a: Mind|Toxic Spikes|p1a: Stoutland
|-sidestart|p1: Trash Poke Trash|move: Toxic Spikes
|
|-weather|Sandstorm|[upkeep]
|-damage|p2a: Mind|91/100|[from] Sandstorm
|-heal|p2a: Mind|97/100|[from] item: Black Sludge
|upkeep
|turn|6
|
|t:|1615680505
|switch|p2a: Sandbitburger|Palossand, M, shiny|100/100
|-damage|p2a: Sandbitburger|94/100|[from] Stealth Rock
|move|p1a: Stoutland|Facade|p2a: Sandbitburger
|-immune|p2a: Sandbitburger
|
|-weather|Sandstorm|[upkeep]
|upkeep
|turn|7
|
|t:|1615680522
|switch|p1a: Sandslash|Sandslash, M|100/100
|-status|p1a: Sandslash|psn
|move|p2a: Sandbitburger|Toxic||[still]
|-fail|p2a: Sandbitburger
|
|-weather|Sandstorm|[upkeep]
|-damage|p1a: Sandslash|88/100 psn|[from] psn
|upkeep
|turn|8
|
|t:|1615680532
|move|p1a: Sandslash|Knock Off|p2a: Sandbitburger
|-supereffective|p2a: Sandbitburger
|-enditem|p2a: Sandbitburger|Colbur Berry|[eat]
|-enditem|p2a: Sandbitburger|Colbur Berry|[weaken]
|-damage|p2a: Sandbitburger|69/100
|-damage|p1a: Sandslash|78/100 psn|[from] item: Life Orb
|move|p2a: Sandbitburger|Scorching Sands|p1a: Sandslash
|-damage|p1a: Sandslash|29/100 psn
|
|-weather|Sandstorm|[upkeep]
|-damage|p1a: Sandslash|16/100 psn|[from] psn
|upkeep
|turn|9
|
|t:|1615680547
|move|p1a: Sandslash|Earthquake|p2a: Sandbitburger
|-damage|p2a: Sandbitburger|32/100
|-damage|p1a: Sandslash|6/100 psn|[from] item: Life Orb
|move|p2a: Sandbitburger|Shore Up|p2a: Sandbitburger
|-heal|p2a: Sandbitburger|99/100
|
|-weather|Sandstorm|[upkeep]
|-damage|p1a: Sandslash|0 fnt|[from] psn
|faint|p1a: Sandslash
|upkeep
|j|+Roonie217
|
|t:|1615680557
|switch|p1a: Gigalith|Gigalith, M|84/100
|-status|p1a: Gigalith|psn
|turn|10
|
|t:|1615680561
|move|p2a: Sandbitburger|Stealth Rock|p1a: Gigalith
|-sidestart|p1: Trash Poke Trash|move: Stealth Rock
|move|p1a: Gigalith|Toxic|p2a: Sandbitburger
|-status|p2a: Sandbitburger|tox
|
|-weather|none
|-damage|p2a: Sandbitburger|93/100 tox|[from] psn
|-damage|p1a: Gigalith|72/100 psn|[from] psn
|upkeep
|turn|11
|
|t:|1615680569
|switch|p2a: :joy:|Audino, F|74/100 par
|switch|p1a: Braviary|Braviary, M|100/100
|-damage|p1a: Braviary|76/100|[from] Stealth Rock
|
|upkeep
|turn|12
|
|t:|1615680595
|switch|p2a: Charlotte|Talonflame, F, shiny|100/100
|move|p1a: Braviary|Close Combat|p2a: Charlotte
|-resisted|p2a: Charlotte
|-damage|p2a: Charlotte|75/100
|-unboost|p1a: Braviary|def|1
|-unboost|p1a: Braviary|spd|1
|-status|p1a: Braviary|brn|[from] ability: Flame Body|[of] p2a: Charlotte
|
|-damage|p1a: Braviary|69/100 brn|[from] brn
|upkeep
|turn|13
|inactive|all guzz my lord has 120 seconds left.
|
|t:|1615680612
|switch|p1a: Gigalith|Gigalith, M|72/100 psn
|-damage|p1a: Gigalith|60/100 psn|[from] Stealth Rock
|-weather|Sandstorm|[from] ability: Sand Stream|[of] p1a: Gigalith
|switch|p2a: :joy:|Audino, F|100/100 par
|
|-weather|Sandstorm|[upkeep]
|-damage|p2a: :joy:|94/100 par|[from] Sandstorm
|-damage|p1a: Gigalith|48/100 psn|[from] psn
|upkeep
|turn|14
|j|+Avarice
|
|t:|1615680632
|move|p1a: Gigalith|Stone Edge|p2a: :joy:
|-crit|p2a: :joy:
|-damage|p2a: :joy:|31/100 par
|move|p2a: :joy:|Heal Bell|p2a: :joy:
|-activate|p2a: :joy:|move: Heal Bell
|-curestatus|p2a: :joy:|par|[msg]
|-curestatus|p2: Sandbitburger|tox|[msg]
|
|-weather|Sandstorm|[upkeep]
|-damage|p2a: :joy:|25/100|[from] Sandstorm
|-damage|p1a: Gigalith|35/100 psn|[from] psn
|upkeep
|turn|15
|
|t:|1615680639
|switch|p2a: Senju|Virizion|100/100
|-damage|p2a: Senju|94/100|[from] Stealth Rock
|move|p1a: Gigalith|Toxic|p2a: Senju
|-status|p2a: Senju|tox
|
|-weather|Sandstorm|[upkeep]
|-damage|p2a: Senju|88/100 tox|[from] Sandstorm
|-damage|p2a: Senju|82/100 tox|[from] psn
|-damage|p1a: Gigalith|23/100 psn|[from] psn
|upkeep
|turn|16
|
|t:|1615680650
|switch|p1a: Galvantula|Galvantula, M|100/100
|move|p2a: Senju|Close Combat|p1a: Galvantula
|-resisted|p1a: Galvantula
|-damage|p1a: Galvantula|42/100
|-unboost|p2a: Senju|def|1
|-unboost|p2a: Senju|spd|1
|-damage|p2a: Senju|72/100 tox|[from] item: Life Orb
|
|-weather|Sandstorm|[upkeep]
|-damage|p2a: Senju|66/100 tox|[from] Sandstorm
|-damage|p1a: Galvantula|36/100|[from] Sandstorm
|-damage|p2a: Senju|53/100 tox|[from] psn
|upkeep
|turn|17
|
|t:|1615680663
|move|p2a: Senju|Close Combat|p1a: Galvantula
|-resisted|p1a: Galvantula
|-damage|p1a: Galvantula|0 fnt
|-unboost|p2a: Senju|def|1
|-unboost|p2a: Senju|spd|1
|-damage|p2a: Senju|44/100 tox|[from] item: Life Orb
|faint|p1a: Galvantula
|
|-weather|none
|-damage|p2a: Senju|25/100 tox|[from] psn
|upkeep
|
|t:|1615680672
|switch|p1a: Gigalith|Gigalith, M|23/100 psn
|-damage|p1a: Gigalith|11/100 psn|[from] Stealth Rock
|-weather|Sandstorm|[from] ability: Sand Stream|[of] p1a: Gigalith
|turn|18
|
|t:|1615680689
|switch|p2a: Mind|Weezing, M|97/100
|-damage|p2a: Mind|85/100|[from] Stealth Rock
|move|p1a: Gigalith|Earthquake|p2a: Mind
|-immune|p2a: Mind|[from] ability: Levitate
|
|-weather|Sandstorm|[upkeep]
|-damage|p2a: Mind|79/100|[from] Sandstorm
|-heal|p2a: Mind|85/100|[from] item: Black Sludge
|-damage|p1a: Gigalith|0 fnt|[from] psn
|faint|p1a: Gigalith
|upkeep
|
|t:|1615680701
|switch|p1a: Stoutland|Stoutland, M|100/100
|-damage|p1a: Stoutland|88/100|[from] Stealth Rock
|-status|p1a: Stoutland|psn
|turn|19
|
|t:|1615680727
|move|p1a: Stoutland|Crunch|p2a: Mind
|-damage|p2a: Mind|58/100
|move|p2a: Mind|Sludge Bomb|p1a: Stoutland
|-damage|p1a: Stoutland|54/100 psn
|
|-weather|Sandstorm|[upkeep]
|-damage|p2a: Mind|52/100|[from] Sandstorm
|-heal|p2a: Mind|58/100|[from] item: Black Sludge
|-damage|p1a: Stoutland|41/100 psn|[from] psn
|upkeep
|turn|20
|l| Gva
|j|#Specs
|
|t:|1615680738
|switch|p1a: Braviary|Braviary, M|69/100 brn
|-damage|p1a: Braviary|44/100 brn|[from] Stealth Rock
|move|p2a: Mind|Sludge Bomb|p1a: Braviary
|-damage|p1a: Braviary|9/100 brn
|
|-weather|Sandstorm|[upkeep]
|-damage|p1a: Braviary|3/100 brn|[from] Sandstorm
|-damage|p2a: Mind|52/100|[from] Sandstorm
|-heal|p2a: Mind|58/100|[from] item: Black Sludge
|-damage|p1a: Braviary|0 fnt|[from] brn
|faint|p1a: Braviary
|upkeep
|
|t:|1615680746
|switch|p1a: Silvally|Silvally-Steel|100/100
|-damage|p1a: Silvally|94/100|[from] Stealth Rock
|turn|21
|
|t:|1615680756
|move|p1a: Silvally|Swords Dance|p1a: Silvally
|-boost|p1a: Silvally|atk|2
|move|p2a: Mind|Will-O-Wisp|p1a: Silvally
|-status|p1a: Silvally|brn
|
|-weather|Sandstorm|[upkeep]
|-damage|p2a: Mind|52/100|[from] Sandstorm
|-heal|p2a: Mind|58/100|[from] item: Black Sludge
|-damage|p1a: Silvally|88/100 brn|[from] brn
|upkeep
|turn|22
|
|t:|1615680761
|move|p1a: Silvally|Flame Charge|p2a: Mind
|-damage|p2a: Mind|49/100
|-boost|p1a: Silvally|spe|1
|move|p2a: Mind|Pain Split|p1a: Silvally
|-sethp|p1a: Silvally|68/100 brn|[from] move: Pain Split|[silent]
|-sethp|p2a: Mind|69/100|[from] move: Pain Split
|
|-weather|none
|-heal|p2a: Mind|75/100|[from] item: Black Sludge
|-damage|p1a: Silvally|62/100 brn|[from] brn
|upkeep
|turn|23
|
|t:|1615680778
|switch|p2a: Sandbitburger|Palossand, M, shiny|93/100
|-damage|p2a: Sandbitburger|87/100|[from] Stealth Rock
|move|p1a: Silvally|Swords Dance|p1a: Silvally
|-boost|p1a: Silvally|atk|2
|
|-damage|p1a: Silvally|56/100 brn|[from] brn
|upkeep
|turn|24
|
|t:|1615680780
|move|p1a: Silvally|Multi-Attack|p2a: Sandbitburger
|-crit|p2a: Sandbitburger
|-damage|p2a: Sandbitburger|14/100
|move|p2a: Sandbitburger|Scorching Sands|p1a: Silvally
|-supereffective|p1a: Silvally
|-damage|p1a: Silvally|7/100 brn
|
|-damage|p1a: Silvally|1/100 brn|[from] brn
|upkeep
|turn|25
|c|☆Trash Poke Trash|gg
|-message|Trash Poke Trash forfeited.
|
|win|all guzz my lord
|n|☆Trash Poke Trash|trashpoketrash
|n|☆all guzz my lord|allguzzmylord
|n| Shing in Streets|shinginstreets
|n| PUnyTest|punytest
|n| Roonie217|roonie217
|n| Avarice|avarice
|n|%Specs|specs
