|j|☆Prof.Otaku
|j|☆HJAD
|player|p1|Prof.Otaku|bryony|
|player|p2|HJAD|lance-gen2|
|teamsize|p1|6
|teamsize|p2|6
|gametype|singles
|gen|8
|tier|[Gen 8] PU
|clearpoke
|poke|p1|Solrock|
|poke|p1|Beheeyem, M|
|poke|p1|Duosion, M|
|poke|p1|Grapploct, M|
|poke|p1|Mawile, M|
|poke|p1|Glaceon, F|
|poke|p2|Togetic, M|
|poke|p2|Vibrava, M|
|poke|p2|Basculin, F|
|poke|p2|Manectric, M|
|poke|p2|Carkol, F|
|poke|p2|Silvally-*|
|rule|Sleep Clause Mod: Limit one foe put to sleep
|rule|Species Clause: Limit one of each Pokémon
|rule|OHKO Clause: OHKO moves are banned
|rule|Evasion Moves Clause: Evasion moves are banned
|rule|Endless Battle Clause: Forcing endless battles is banned
|rule|HP Percentage Mod: HP is shown in percentages
|rule|Dynamax Clause: You cannot dynamax
|teampreview
|c|☆HJAD|hf
|c|☆Prof.Otaku|Have fun.
|
|start
|switch|p1a: Duosion|Duosion, M|100/100
|switch|p2a: Silvally|Silvally-Grass|100/100
|turn|1
|j| UULT2 LM
|
|move|p2a: Silvally|Multi-Attack|p1a: Duosion
|-enditem|p1a: Duosion|Focus Sash
|-damage|p1a: Duosion|1/100
|move|p1a: Duosion|Trick Room|p1a: Duosion
|-fieldstart|move: Trick Room|[of] p1a: Duosion
|
|upkeep
|turn|2
|
|switch|p2a: Manectric|Manectric, M|100/100
|move|p1a: Duosion|Endeavor|p2a: Manectric
|-damage|p2a: Manectric|1/100
|
|upkeep
|turn|3
|j| tlenit1
|
|move|p1a: Duosion|Psychic|p2a: Manectric
|-damage|p2a: Manectric|0 fnt
|faint|p2a: Manectric
|
|upkeep
|j| AntaresLeNoo3
|l|☆HJAD
|player|p2|
|j|☆HJAD
|player|p2|HJAD|lance-gen2
|
|switch|p2a: Vibrava|Vibrava, M|100/100
|turn|4
|
|move|p1a: Duosion|Endeavor|p2a: Vibrava
|-damage|p2a: Vibrava|1/100
|move|p2a: Vibrava|U-turn|p1a: Duosion
|-supereffective|p1a: Duosion
|-damage|p1a: Duosion|0 fnt
|faint|p1a: Duosion
|
|switch|p2a: Silvally|Silvally-Grass|100/100|[from]move: U-turn
|
|upkeep
|
|switch|p1a: Glaceon|Glaceon, F|100/100
|turn|5
|
|switch|p1a: Grapploct|Grapploct, M|100/100
|switch|p2a: Vibrava|Vibrava, M|1/100
|
|-fieldend|move: Trick Room
|upkeep
|turn|6
|j| zSpxdes
|
|move|p2a: Vibrava|Earthquake|p1a: Grapploct
|-damage|p1a: Grapploct|72/100
|move|p1a: Grapploct|Ice Punch|p2a: Vibrava
|-supereffective|p2a: Vibrava
|-damage|p2a: Vibrava|0 fnt
|-damage|p1a: Grapploct|62/100|[from] item: Life Orb
|faint|p2a: Vibrava
|
|upkeep
|
|switch|p2a: Basculin|Basculin, F|100/100
|turn|7
|l|☆HJAD
|player|p2|
|j|☆HJAD
|player|p2|HJAD|lance-gen2
|
|move|p1a: Grapploct|Sucker Punch|p2a: Basculin
|-damage|p2a: Basculin|45/100
|-damage|p1a: Grapploct|52/100|[from] item: Life Orb
|move|p2a: Basculin|Liquidation|p1a: Grapploct
|-damage|p1a: Grapploct|0 fnt
|faint|p1a: Grapploct
|
|upkeep
|
|switch|p1a: Solrock|Solrock|100/100
|turn|8
|
|move|p2a: Basculin|Liquidation|p1a: Solrock
|-supereffective|p1a: Solrock
|-enditem|p1a: Solrock|Focus Sash
|-damage|p1a: Solrock|1/100
|-unboost|p1a: Solrock|def|1
|move|p1a: Solrock|Trick Room|p1a: Solrock
|-fieldstart|move: Trick Room|[of] p1a: Solrock
|
|upkeep
|turn|9
|
|move|p1a: Solrock|Explosion|p2a: Basculin
|-damage|p2a: Basculin|0 fnt
|faint|p1a: Solrock
|faint|p2a: Basculin
|
|upkeep
|
|switch|p1a: Beheeyem|Beheeyem, M|100/100
|switch|p2a: Togetic|Togetic, M|100/100
|turn|10
|
|move|p1a: Beheeyem|Nasty Plot|p1a: Beheeyem
|-boost|p1a: Beheeyem|spa|2
|move|p2a: Togetic|Roost||[still]
|-fail|p2a: Togetic|heal
|
|upkeep
|turn|11
|
|move|p1a: Beheeyem|Thunderbolt|p2a: Togetic
|-supereffective|p2a: Togetic
|-damage|p2a: Togetic|4/100
|move|p2a: Togetic|Tri Attack|p1a: Beheeyem
|-damage|p1a: Beheeyem|86/100
|-status|p1a: Beheeyem|frz
|
|upkeep
|turn|12
|j|+allstarapology
|
|cant|p1a: Beheeyem|frz
|move|p2a: Togetic|Tri Attack|p1a: Beheeyem
|-crit|p1a: Beheeyem
|-damage|p1a: Beheeyem|64/100 frz
|
|-fieldend|move: Trick Room
|upkeep
|turn|13
|
|move|p2a: Togetic|Tri Attack|p1a: Beheeyem
|-damage|p1a: Beheeyem|48/100 frz
|cant|p1a: Beheeyem|frz
|
|upkeep
|turn|14
|
|move|p2a: Togetic|Tri Attack|p1a: Beheeyem
|-crit|p1a: Beheeyem
|-damage|p1a: Beheeyem|24/100 frz
|cant|p1a: Beheeyem|frz
|
|upkeep
|turn|15
|j| Ranbu No Melody
|
|move|p2a: Togetic|Tri Attack|p1a: Beheeyem
|-damage|p1a: Beheeyem|7/100 frz
|cant|p1a: Beheeyem|frz
|
|upkeep
|turn|16
|
|move|p2a: Togetic|Tri Attack|p1a: Beheeyem
|-damage|p1a: Beheeyem|0 fnt
|faint|p1a: Beheeyem
|
|upkeep
|
|switch|p1a: Mawile|Mawile, M|100/100
|turn|17
|
|move|p2a: Togetic|Roost|p2a: Togetic
|-heal|p2a: Togetic|54/100
|-singleturn|p2a: Togetic|move: Roost
|move|p1a: Mawile|Swords Dance|p1a: Mawile
|-boost|p1a: Mawile|atk|2
|
|upkeep
|turn|18
|
|move|p2a: Togetic|Fire Blast|p1a: Mawile
|-supereffective|p1a: Mawile
|-damage|p1a: Mawile|29/100
|-status|p1a: Mawile|brn
|move|p1a: Mawile|Iron Head|p2a: Togetic
|-supereffective|p2a: Togetic
|-crit|p2a: Togetic
|-damage|p2a: Togetic|0 fnt
|faint|p2a: Togetic
|
|-damage|p1a: Mawile|23/100 brn|[from] brn
|upkeep
|c| UULT2 LM|the fuck is that luck
|
|switch|p2a: Carkol|Carkol, F|100/100
|turn|19
|j| laevin ㋛
|c|☆Prof.Otaku|Well.
|
|move|p2a: Carkol|Flamethrower|p1a: Mawile
|-supereffective|p1a: Mawile
|-damage|p1a: Mawile|0 fnt
|faint|p1a: Mawile
|
|upkeep
|c|☆HJAD|the luck you need when u play cheese
|c| laevin ㋛|it ain't luck its togetic
|
|switch|p1a: Glaceon|Glaceon, F|100/100
|turn|20
|c| tlenit1|.!dt serene grace
|c| laevin ㋛|classic tlenit1 ahah.
|j| abejas
|
|move|p2a: Carkol|Flamethrower|p1a: Glaceon
|-supereffective|p1a: Glaceon
|-damage|p1a: Glaceon|53/100
|move|p1a: Glaceon|Water Pulse|p2a: Carkol
|-supereffective|p2a: Carkol
|-damage|p2a: Carkol|28/100
|
|upkeep
|turn|21
|
|move|p2a: Carkol|Flamethrower|p1a: Glaceon
|-supereffective|p1a: Glaceon
|-damage|p1a: Glaceon|6/100
|move|p1a: Glaceon|Water Pulse|p2a: Carkol
|-supereffective|p2a: Carkol
|-damage|p2a: Carkol|0 fnt
|faint|p2a: Carkol
|
|upkeep
|
|switch|p2a: Silvally|Silvally-Grass|100/100
|turn|22
|
|move|p2a: Silvally|Multi-Attack|p1a: Glaceon
|-damage|p1a: Glaceon|0 fnt
|faint|p1a: Glaceon
|
|win|HJAD
|l| AntaresLeNoo3
|l|+allstarapology
|c|☆HJAD|gg!
|c|☆Prof.Otaku|no, clairly no.
|l| abejas
|c|☆HJAD|variance based ho
|c|☆HJAD|sometimes u gotta chalk it brotha
