|j|☆gu87
|j|☆one of the bouys
|t:|1634157820
|gametype|singles
|player|p1|gu87|101|1381
|player|p2|one of the bouys|clown|1617
|teamsize|p1|6
|teamsize|p2|6
|gen|8
|tier|[Gen 8] PU
|rated|
|rule|Sleep Clause Mod: Limit one foe put to sleep
|rule|Species Clause: Limit one of each Pokémon
|rule|OHKO Clause: OHKO moves are banned
|rule|Evasion Moves Clause: Evasion moves are banned
|rule|Endless Battle Clause: Forcing endless battles is banned
|rule|HP Percentage Mod: HP is shown in percentages
|rule|Dynamax Clause: You cannot dynamax
|clearpoke
|poke|p1|Regigigas|
|poke|p1|Cofagrigus, F|
|poke|p1|Tsareena, F|
|poke|p1|Ditto|
|poke|p1|Lanturn, F|
|poke|p1|Archeops, M|
|poke|p2|Flapple, F|
|poke|p2|Frosmoth, F|
|poke|p2|Gigalith, F|
|poke|p2|Weezing, M|
|poke|p2|Thwackey, M|
|poke|p2|Persian-Alola, M|
|teampreview
|
|t:|1634157843
|start
|switch|p1a: Ditto|Ditto|100/100
|switch|p2a: Persian|Persian-Alola, M|100/100
|-transform|p1a: Ditto|p2a: Persian|[from] ability: Imposter
|turn|1
|
|t:|1634157854
|move|p2a: Persian|Parting Shot|p1a: Ditto
|-unboost|p1a: Ditto|atk|1
|-unboost|p1a: Ditto|spa|1
|c|☆gu87|scarf
|
|t:|1634157863
|switch|p2a: Gigalith|Gigalith, F|100/100|[from]move: Parting Shot
|-weather|Sandstorm|[from] ability: Sand Stream|[of] p2a: Gigalith
|move|p1a: Ditto|Parting Shot|p2a: Gigalith
|-unboost|p2a: Gigalith|atk|1
|-unboost|p2a: Gigalith|spa|1
|c|☆gu87|lol
|
|t:|1634157871
|switch|p1a: Tsareena|Tsareena, F|100/100|[from]move: Parting Shot
|
|-weather|Sandstorm|[upkeep]
|-damage|p1a: Tsareena|95/100|[from] Sandstorm
|-heal|p1a: Tsareena|100/100|[from] item: Leftovers
|upkeep
|turn|2
|
|t:|1634157875
|switch|p1a: Lanturn|Lanturn, F|100/100
|switch|p2a: Weezing|Weezing, M|100/100
|-ability|p2a: Weezing|Neutralizing Gas
|
|-weather|Sandstorm|[upkeep]
|-damage|p2a: Weezing|95/100|[from] Sandstorm
|-damage|p1a: Lanturn|94/100|[from] Sandstorm
|upkeep
|turn|3
|
|t:|1634157881
|move|p2a: Weezing|Toxic Spikes|p1a: Lanturn
|-sidestart|p1: gu87|move: Toxic Spikes
|move|p1a: Lanturn|Scald|p2a: Weezing
|-damage|p2a: Weezing|53/100
|-status|p2a: Weezing|brn
|
|-weather|Sandstorm|[upkeep]
|-damage|p2a: Weezing|47/100 brn|[from] Sandstorm
|-damage|p1a: Lanturn|88/100|[from] Sandstorm
|-damage|p2a: Weezing|41/100 brn|[from] brn
|upkeep
|turn|4
|
|t:|1634157890
|-end|p2a: Weezing|ability: Neutralizing Gas
|switch|p2a: Thwackey|Thwackey, M|100/100
|-fieldstart|move: Grassy Terrain|[from] ability: Grassy Surge|[of] p2a: Thwackey
|move|p1a: Lanturn|Scald|p2a: Thwackey
|-resisted|p2a: Thwackey
|-damage|p2a: Thwackey|82/100
|
|-weather|Sandstorm|[upkeep]
|-damage|p2a: Thwackey|76/100|[from] Sandstorm
|-damage|p1a: Lanturn|82/100|[from] Sandstorm
|-heal|p2a: Thwackey|82/100|[from] Grassy Terrain
|-heal|p1a: Lanturn|88/100|[from] Grassy Terrain
|upkeep
|turn|5
|
|t:|1634157904
|switch|p1a: Tsareena|Tsareena, F|100/100
|-status|p1a: Tsareena|psn
|move|p2a: Thwackey|U-turn|p1a: Tsareena
|-supereffective|p1a: Tsareena
|-damage|p1a: Tsareena|53/100 psn
|
|t:|1634157913
|switch|p2a: Persian|Persian-Alola, M|100/100|[from]move: U-turn
|
|-weather|none
|-heal|p1a: Tsareena|59/100 psn|[from] Grassy Terrain
|-heal|p1a: Tsareena|65/100 psn|[from] item: Leftovers
|-damage|p1a: Tsareena|53/100 psn|[from] psn
|upkeep
|turn|6
|
|t:|1634157920
|switch|p1a: Ditto|Ditto|100/100
|-status|p1a: Ditto|psn
|-transform|p1a: Ditto|p2a: Persian|[from] ability: Imposter
|move|p2a: Persian|Parting Shot|p1a: Ditto
|-unboost|p1a: Ditto|atk|1
|-unboost|p1a: Ditto|spa|1
|
|t:|1634157927
|switch|p2a: Flapple|Flapple, F|100/100|[from]move: Parting Shot
|
|-damage|p1a: Ditto|88/100 psn|[from] psn
|upkeep
|turn|7
|
|t:|1634157932
|move|p2a: Flapple|Grassy Glide|p1a: Ditto
|-damage|p1a: Ditto|16/100 psn
|-damage|p2a: Flapple|91/100|[from] item: Life Orb
|move|p1a: Ditto|Foul Play|p2a: Flapple
|-damage|p2a: Flapple|19/100
|
|-heal|p1a: Ditto|22/100 psn|[from] Grassy Terrain
|-heal|p2a: Flapple|25/100|[from] Grassy Terrain
|-damage|p1a: Ditto|10/100 psn|[from] psn
|upkeep
|turn|8
|
|t:|1634157951
|switch|p1a: Tsareena|Tsareena, F|53/100 psn
|switch|p2a: Persian|Persian-Alola, M|100/100
|
|-heal|p1a: Tsareena|59/100 psn|[from] Grassy Terrain
|-heal|p1a: Tsareena|65/100 psn|[from] item: Leftovers
|-damage|p1a: Tsareena|53/100 psn|[from] psn
|-fieldend|move: Grassy Terrain
|upkeep
|turn|9
|
|t:|1634157956
|move|p2a: Persian|Foul Play|p1a: Tsareena
|-damage|p1a: Tsareena|0 fnt
|faint|p1a: Tsareena
|
|upkeep
|
|t:|1634157966
|switch|p1a: Archeops|Archeops, M|100/100
|turn|10
|
|t:|1634157973
|switch|p2a: Gigalith|Gigalith, F|100/100
|-weather|Sandstorm|[from] ability: Sand Stream|[of] p2a: Gigalith
|move|p1a: Archeops|Meteor Beam||[still]
|-prepare|p1a: Archeops|Meteor Beam
|-boost|p1a: Archeops|spa|1
|-enditem|p1a: Archeops|Power Herb
|-anim|p1a: Archeops|Meteor Beam|p2a: Gigalith
|-damage|p2a: Gigalith|59/100
|
|-weather|Sandstorm|[upkeep]
|-heal|p2a: Gigalith|65/100|[from] item: Leftovers
|upkeep
|turn|11
|
|t:|1634157981
|move|p1a: Archeops|Earth Power|p2a: Gigalith
|-supereffective|p2a: Gigalith
|-damage|p2a: Gigalith|22/100
|move|p2a: Gigalith|Rock Blast|p1a: Archeops
|-supereffective|p1a: Archeops
|-damage|p1a: Archeops|65/100
|-supereffective|p1a: Archeops
|-crit|p1a: Archeops
|-damage|p1a: Archeops|12/100
|-supereffective|p1a: Archeops
|-damage|p1a: Archeops|0 fnt
|faint|p1a: Archeops
|-hitcount|p1: Archeops|3
|
|-weather|Sandstorm|[upkeep]
|-heal|p2a: Gigalith|28/100|[from] item: Leftovers
|upkeep
|
|t:|1634158005
|switch|p1a: Lanturn|Lanturn, F|88/100
|-status|p1a: Lanturn|psn
|turn|12
|
|t:|1634158009
|switch|p2a: Thwackey|Thwackey, M|82/100
|-fieldstart|move: Grassy Terrain|[from] ability: Grassy Surge|[of] p2a: Thwackey
|move|p1a: Lanturn|Scald|p2a: Thwackey
|-resisted|p2a: Thwackey
|-damage|p2a: Thwackey|62/100
|-status|p2a: Thwackey|brn
|
|-weather|Sandstorm|[upkeep]
|-damage|p2a: Thwackey|56/100 brn|[from] Sandstorm
|-damage|p1a: Lanturn|82/100 psn|[from] Sandstorm
|-heal|p2a: Thwackey|62/100 brn|[from] Grassy Terrain
|-heal|p1a: Lanturn|88/100 psn|[from] Grassy Terrain
|-damage|p1a: Lanturn|76/100 psn|[from] psn
|-damage|p2a: Thwackey|56/100 brn|[from] brn
|upkeep
|turn|13
|
|t:|1634158017
|switch|p1a: Cofagrigus|Cofagrigus, F|100/100
|-status|p1a: Cofagrigus|psn
|move|p2a: Thwackey|Knock Off|p1a: Cofagrigus
|-supereffective|p1a: Cofagrigus
|-damage|p1a: Cofagrigus|82/100 psn
|-activate|p1a: Cofagrigus|ability: Mummy|Grassy Surge|[of] p2a: Thwackey
|-enditem|p1a: Cofagrigus|Chesto Berry|[from] move: Knock Off|[of] p2a: Thwackey
|
|-weather|Sandstorm|[upkeep]
|-damage|p2a: Thwackey|50/100 brn|[from] Sandstorm
|-damage|p1a: Cofagrigus|76/100 psn|[from] Sandstorm
|-heal|p2a: Thwackey|56/100 brn|[from] Grassy Terrain
|-heal|p1a: Cofagrigus|82/100 psn|[from] Grassy Terrain
|-damage|p1a: Cofagrigus|70/100 psn|[from] psn
|-damage|p2a: Thwackey|50/100 brn|[from] brn
|upkeep
|turn|14
|
|t:|1634158026
|move|p2a: Thwackey|U-turn|p1a: Cofagrigus
|-resisted|p1a: Cofagrigus
|-damage|p1a: Cofagrigus|67/100 psn
|
|t:|1634158027
|switch|p2a: Frosmoth|Frosmoth, F|100/100|[from]move: U-turn
|move|p1a: Cofagrigus|Iron Defense|p1a: Cofagrigus
|-boost|p1a: Cofagrigus|def|2
|
|-weather|none
|-heal|p1a: Cofagrigus|73/100 psn|[from] Grassy Terrain
|-damage|p1a: Cofagrigus|61/100 psn|[from] psn
|upkeep
|turn|15
|
|t:|1634158032
|move|p2a: Frosmoth|Substitute|p2a: Frosmoth
|-start|p2a: Frosmoth|Substitute
|-damage|p2a: Frosmoth|76/100
|move|p1a: Cofagrigus|Body Press|p2a: Frosmoth
|-end|p2a: Frosmoth|Substitute
|
|-heal|p2a: Frosmoth|82/100|[from] Grassy Terrain
|-heal|p1a: Cofagrigus|67/100 psn|[from] Grassy Terrain
|-damage|p1a: Cofagrigus|54/100 psn|[from] psn
|upkeep
|turn|16
|
|t:|1634158037
|move|p2a: Frosmoth|Substitute|p2a: Frosmoth
|-start|p2a: Frosmoth|Substitute
|-damage|p2a: Frosmoth|57/100
|move|p1a: Cofagrigus|Body Press|p2a: Frosmoth
|-end|p2a: Frosmoth|Substitute
|
|-heal|p2a: Frosmoth|63/100|[from] Grassy Terrain
|-heal|p1a: Cofagrigus|60/100 psn|[from] Grassy Terrain
|-damage|p1a: Cofagrigus|48/100 psn|[from] psn
|-fieldend|move: Grassy Terrain
|upkeep
|turn|17
|
|t:|1634158041
|move|p2a: Frosmoth|Substitute|p2a: Frosmoth
|-start|p2a: Frosmoth|Substitute
|-damage|p2a: Frosmoth|38/100
|move|p1a: Cofagrigus|Body Press|p2a: Frosmoth
|-end|p2a: Frosmoth|Substitute
|
|-damage|p1a: Cofagrigus|36/100 psn|[from] psn
|upkeep
|turn|18
|
|t:|1634158046
|move|p2a: Frosmoth|Ice Beam|p1a: Cofagrigus
|-damage|p1a: Cofagrigus|4/100 psn
|move|p1a: Cofagrigus|Body Press|p2a: Frosmoth
|-damage|p2a: Frosmoth|0 fnt
|faint|p2a: Frosmoth
|
|-damage|p1a: Cofagrigus|0 fnt|[from] psn
|faint|p1a: Cofagrigus
|upkeep
|
|t:|1634158060
|switch|p2a: Gigalith|Gigalith, F|28/100
|switch|p1a: Ditto|Ditto|10/100 psn
|-transform|p1a: Ditto|p2a: Gigalith|[from] ability: Imposter
|-weather|Sandstorm|[from] ability: Sand Stream|[of] p1a: Ditto
|turn|19
|
|t:|1634158066
|switch|p2a: Persian|Persian-Alola, M|100/100
|move|p1a: Ditto|Earthquake|p2a: Persian
|-damage|p2a: Persian|79/100
|
|-weather|Sandstorm|[upkeep]
|-damage|p2a: Persian|73/100|[from] Sandstorm
|-damage|p1a: Ditto|0 fnt|[from] psn
|faint|p1a: Ditto
|upkeep
|
|t:|1634158075
|switch|p1a: Lanturn|Lanturn, F|76/100 psn
|turn|20
|
|t:|1634158079
|move|p2a: Persian|Parting Shot|p1a: Lanturn
|-unboost|p1a: Lanturn|atk|1
|-unboost|p1a: Lanturn|spa|1
|
|t:|1634158081
|switch|p2a: Thwackey|Thwackey, M|50/100 brn|[from]move: Parting Shot
|-fieldstart|move: Grassy Terrain|[from] ability: Grassy Surge|[of] p2a: Thwackey
|move|p1a: Lanturn|Volt Switch|p2a: Thwackey
|-resisted|p2a: Thwackey
|-damage|p2a: Thwackey|39/100 brn
|
|t:|1634158084
|switch|p1a: Regigigas|Regigigas|100/100|[from]move: Volt Switch
|-status|p1a: Regigigas|psn
|-start|p1a: Regigigas|ability: Slow Start
|
|-weather|Sandstorm|[upkeep]
|-damage|p2a: Thwackey|33/100 brn|[from] Sandstorm
|-damage|p1a: Regigigas|94/100 psn|[from] Sandstorm
|-heal|p2a: Thwackey|39/100 brn|[from] Grassy Terrain
|-heal|p1a: Regigigas|100/100 psn|[from] Grassy Terrain
|-damage|p1a: Regigigas|88/100 psn|[from] psn
|-damage|p2a: Thwackey|33/100 brn|[from] brn
|upkeep
|turn|21
|
|t:|1634158088
|move|p2a: Thwackey|Knock Off|p1a: Regigigas
|-damage|p1a: Regigigas|77/100 psn
|-enditem|p1a: Regigigas|Leftovers|[from] move: Knock Off|[of] p2a: Thwackey
|move|p1a: Regigigas|Body Slam|p2a: Thwackey
|-damage|p2a: Thwackey|7/100 brn
|
|-weather|Sandstorm|[upkeep]
|-damage|p2a: Thwackey|1/100 brn|[from] Sandstorm
|-damage|p1a: Regigigas|71/100 psn|[from] Sandstorm
|-heal|p2a: Thwackey|7/100 brn|[from] Grassy Terrain
|-heal|p1a: Regigigas|77/100 psn|[from] Grassy Terrain
|-damage|p1a: Regigigas|64/100 psn|[from] psn
|-damage|p2a: Thwackey|1/100 brn|[from] brn
|upkeep
|turn|22
|
|t:|1634158098
|move|p2a: Thwackey|Grassy Glide|p1a: Regigigas
|-damage|p1a: Regigigas|49/100 psn
|move|p1a: Regigigas|Knock Off|p2a: Thwackey
|-damage|p2a: Thwackey|0 fnt
|-enditem|p2a: Thwackey|Eviolite|[from] move: Knock Off|[of] p1a: Regigigas
|faint|p2a: Thwackey
|
|-weather|Sandstorm|[upkeep]
|-damage|p1a: Regigigas|43/100 psn|[from] Sandstorm
|-heal|p1a: Regigigas|49/100 psn|[from] Grassy Terrain
|-damage|p1a: Regigigas|37/100 psn|[from] psn
|upkeep
|c|☆gu87|gg
|
|t:|1634158104
|switch|p2a: Persian|Persian-Alola, M|73/100
|turn|23
|
|t:|1634158110
|move|p2a: Persian|Foul Play|p1a: Regigigas
|-damage|p1a: Regigigas|0 fnt
|faint|p1a: Regigigas
|-end|p1a: Regigigas|Slow Start|[silent]
|
|-weather|none
|-heal|p2a: Persian|79/100|[from] Grassy Terrain
|upkeep
|
|t:|1634158115
|switch|p1a: Lanturn|Lanturn, F|76/100 psn
|turn|24
|
|t:|1634158119
|move|p2a: Persian|Foul Play|p1a: Lanturn
|-damage|p1a: Lanturn|57/100 psn
|move|p1a: Lanturn|Discharge|p2a: Persian
|-damage|p2a: Persian|34/100
|
|-heal|p2a: Persian|40/100|[from] Grassy Terrain
|-heal|p1a: Lanturn|63/100 psn|[from] Grassy Terrain
|-damage|p1a: Lanturn|51/100 psn|[from] psn
|-fieldend|move: Grassy Terrain
|upkeep
|turn|25
|c|☆one of the bouys|gg
|
|t:|1634158128
|move|p2a: Persian|Foul Play|p1a: Lanturn
|-damage|p1a: Lanturn|33/100 psn
|move|p1a: Lanturn|Discharge|p2a: Persian
|-damage|p2a: Persian|0 fnt
|faint|p2a: Persian
|
|-damage|p1a: Lanturn|20/100 psn|[from] psn
|upkeep
|
|t:|1634158135
|switch|p2a: Flapple|Flapple, F|25/100
|turn|26
|
|t:|1634158138
|move|p2a: Flapple|Draco Meteor|p1a: Lanturn
|-damage|p1a: Lanturn|0 fnt
|-unboost|p2a: Flapple|spa|2
|faint|p1a: Lanturn
|-damage|p2a: Flapple|15/100|[from] item: Life Orb
|
|win|one of the bouys
|raw|gu87's rating: 1381 &rarr; <strong>1373</strong><br />(-8 for losing)
|raw|one of the bouys's rating: 1617 &rarr; <strong>1625</strong><br />(+8 for winning)
