|j|☆Base Melone
|j|☆Seaqueen Love
|player|p1|Base Melone|preschoolerf|1368
|player|p2|Seaqueen Love|ilima|1405
|teamsize|p1|6
|teamsize|p2|6
|gametype|singles
|gen|8
|tier|[Gen 8] PU
|rated|
|clearpoke
|poke|p1|Pawniard, F|
|poke|p1|Appletun, M|
|poke|p1|Hitmontop, M|
|poke|p1|Manectric, F|
|poke|p1|Shiinotic, M|
|poke|p1|Silvally-*|
|poke|p2|Dubwool, M|
|poke|p2|Musharna, F|
|poke|p2|Seaking, F|
|poke|p2|Bronzor|
|poke|p2|Hitmontop, M|
|poke|p2|Roselia, M|
|rule|Sleep Clause Mod: Limit one foe put to sleep
|rule|Species Clause: Limit one of each Pokémon
|rule|OHKO Clause: OHKO moves are banned
|rule|Evasion Moves Clause: Evasion moves are banned
|rule|Endless Battle Clause: Forcing endless battles is banned
|rule|HP Percentage Mod: HP is shown in percentages
|rule|Dynamax Clause: You cannot dynamax
|teampreview
|c|☆Base Melone|hf
|inactive|Battle timer is ON: inactive players will automatically lose when time's up. (requested by Base Melone)
|
|start
|switch|p1a: Pawniard|Pawniard, F|100/100
|switch|p2a: Hitmontop|Hitmontop, M|100/100
|-ability|p2a: Hitmontop|Intimidate|boost
|-unboost|p1a: Pawniard|atk|1
|-ability|p1a: Pawniard|Defiant
|-boost|p1a: Pawniard|atk|2
|turn|1
|
|switch|p1a: Shiinotic|Shiinotic, M|100/100
|move|p2a: Hitmontop|Toxic|p1a: Shiinotic
|-status|p1a: Shiinotic|tox
|
|-damage|p1a: Shiinotic|94/100 tox|[from] psn
|upkeep
|turn|2
|c|☆Seaqueen Love|Hf
|
|switch|p2a: Bronzor|Bronzor|100/100
|switch|p1a: Silvally|Silvally-Poison|100/100
|
|upkeep
|turn|3
|
|move|p1a: Silvally|Flamethrower|p2a: Bronzor
|-supereffective|p2a: Bronzor
|-damage|p2a: Bronzor|75/100
|move|p2a: Bronzor|Stealth Rock|p1a: Silvally
|-sidestart|p1: Base Melone|move: Stealth Rock
|
|upkeep
|turn|4
|
|move|p1a: Silvally|U-turn|p2a: Bronzor
|-damage|p2a: Bronzor|59/100
|
|switch|p1a: Pawniard|Pawniard, F|100/100|[from]move: U-turn
|-damage|p1a: Pawniard|94/100|[from] Stealth Rock
|move|p2a: Bronzor|Psychic|p1a: Pawniard
|-immune|p1a: Pawniard
|
|upkeep
|turn|5
|
|switch|p2a: Dubwool|Dubwool, M|100/100
|move|p1a: Pawniard|Stealth Rock|p2a: Dubwool
|-sidestart|p2: Seaqueen Love|move: Stealth Rock
|
|upkeep
|turn|6
|
|switch|p1a: Appletun|Appletun, M|100/100
|-damage|p1a: Appletun|88/100|[from] Stealth Rock
|move|p2a: Dubwool|Body Press|p1a: Appletun
|-damage|p1a: Appletun|63/100
|
|upkeep
|turn|7
|
|move|p2a: Dubwool|Protect|p2a: Dubwool
|-singleturn|p2a: Dubwool|Protect
|move|p1a: Appletun|Draco Meteor|p2a: Dubwool
|-activate|p2a: Dubwool|move: Protect
|
|upkeep
|turn|8
|
|switch|p2a: Bronzor|Bronzor|59/100
|-damage|p2a: Bronzor|53/100|[from] Stealth Rock
|move|p1a: Appletun|Draco Meteor|p2a: Bronzor|[miss]
|-miss|p1a: Appletun|p2a: Bronzor
|
|upkeep
|turn|9
|
|switch|p1a: Pawniard|Pawniard, F|94/100
|-damage|p1a: Pawniard|88/100|[from] Stealth Rock
|move|p2a: Bronzor|Rest|p2a: Bronzor
|-status|p2a: Bronzor|slp|[from] move: Rest
|-heal|p2a: Bronzor|100/100 slp|[silent]
|
|upkeep
|turn|10
|
|switch|p2a: Hitmontop|Hitmontop, M|100/100
|-damage|p2a: Hitmontop|94/100|[from] Stealth Rock
|-ability|p2a: Hitmontop|Intimidate|boost
|-unboost|p1a: Pawniard|atk|1
|-ability|p1a: Pawniard|Defiant
|-boost|p1a: Pawniard|atk|2
|move|p1a: Pawniard|Iron Head|p2a: Hitmontop
|-damage|p2a: Hitmontop|62/100
|
|-heal|p2a: Hitmontop|68/100|[from] item: Leftovers
|upkeep
|turn|11
|
|switch|p1a: Shiinotic|Shiinotic, M|94/100 tox
|-damage|p1a: Shiinotic|82/100 tox|[from] Stealth Rock
|move|p2a: Hitmontop|Rapid Spin|p1a: Shiinotic
|-damage|p1a: Shiinotic|73/100 tox
|-boost|p2a: Hitmontop|spe|1
|-sideend|p2: Seaqueen Love|Stealth Rock|[from] move: Rapid Spin|[of] p2a: Hitmontop
|
|-heal|p2a: Hitmontop|74/100|[from] item: Leftovers
|-heal|p1a: Shiinotic|79/100 tox|[from] item: Leftovers
|-damage|p1a: Shiinotic|73/100 tox|[from] psn
|upkeep
|turn|12
|
|switch|p2a: Roselia|Roselia, M|100/100
|switch|p1a: Pawniard|Pawniard, F|88/100
|-damage|p1a: Pawniard|82/100|[from] Stealth Rock
|
|upkeep
|turn|13
|
|switch|p2a: Dubwool|Dubwool, M|100/100
|move|p1a: Pawniard|Knock Off|p2a: Dubwool
|-damage|p2a: Dubwool|90/100
|-enditem|p2a: Dubwool|Leftovers|[from] move: Knock Off|[of] p1a: Pawniard
|
|upkeep
|turn|14
|
|switch|p2a: Roselia|Roselia, M|100/100
|switch|p1a: Silvally|Silvally-Poison|100/100
|-damage|p1a: Silvally|88/100|[from] Stealth Rock
|
|upkeep
|turn|15
|
|move|p1a: Silvally|Swords Dance|p1a: Silvally
|-boost|p1a: Silvally|atk|2
|move|p2a: Roselia|Leech Seed|p1a: Silvally
|-start|p1a: Silvally|move: Leech Seed
|
|-damage|p1a: Silvally|76/100|[from] Leech Seed|[of] p2a: Roselia
|upkeep
|turn|16
|
|switch|p2a: Bronzor|Bronzor|100/100 slp
|move|p1a: Silvally|U-turn|p2a: Bronzor
|-damage|p2a: Bronzor|73/100 slp
|
|switch|p1a: Appletun|Appletun, M|63/100|[from]move: U-turn
|-damage|p1a: Appletun|50/100|[from] Stealth Rock
|
|upkeep
|turn|17
|
|switch|p2a: Roselia|Roselia, M|100/100
|move|p1a: Appletun|Apple Acid|p2a: Roselia
|-resisted|p2a: Roselia
|-damage|p2a: Roselia|92/100
|-unboost|p2a: Roselia|spd|1
|
|upkeep
|turn|18
|
|switch|p1a: Pawniard|Pawniard, F|82/100
|-damage|p1a: Pawniard|76/100|[from] Stealth Rock
|move|p2a: Roselia|Leech Seed|p1a: Pawniard
|-start|p1a: Pawniard|move: Leech Seed
|
|-damage|p1a: Pawniard|64/100|[from] Leech Seed|[of] p2a: Roselia
|-heal|p2a: Roselia|100/100|[silent]
|upkeep
|turn|19
|
|switch|p2a: Hitmontop|Hitmontop, M|74/100
|-ability|p2a: Hitmontop|Intimidate|boost
|-unboost|p1a: Pawniard|atk|1
|-ability|p1a: Pawniard|Defiant
|-boost|p1a: Pawniard|atk|2
|switch|p1a: Hitmontop|Hitmontop, M|100/100
|-damage|p1a: Hitmontop|94/100|[from] Stealth Rock
|-ability|p1a: Hitmontop|Intimidate|boost
|-unboost|p2a: Hitmontop|atk|1
|
|-heal|p1a: Hitmontop|100/100|[from] item: Leftovers
|-heal|p2a: Hitmontop|80/100|[from] item: Leftovers
|upkeep
|turn|20
|
|move|p1a: Hitmontop|Rapid Spin|p2a: Hitmontop
|-damage|p2a: Hitmontop|71/100
|-boost|p1a: Hitmontop|spe|1
|-sideend|p1: Base Melone|Stealth Rock|[from] move: Rapid Spin|[of] p1a: Hitmontop
|move|p2a: Hitmontop|Toxic|p1a: Hitmontop
|-status|p1a: Hitmontop|tox
|
|-heal|p2a: Hitmontop|77/100|[from] item: Leftovers
|-damage|p1a: Hitmontop|94/100 tox|[from] psn
|upkeep
|turn|21
|
|switch|p2a: Roselia|Roselia, M|100/100
|move|p1a: Hitmontop|Toxic|p2a: Roselia
|-immune|p2a: Roselia
|
|-heal|p1a: Hitmontop|100/100 tox|[from] item: Leftovers
|-damage|p1a: Hitmontop|88/100 tox|[from] psn
|upkeep
|turn|22
|
|switch|p1a: Pawniard|Pawniard, F|64/100
|move|p2a: Roselia|Spikes|p1a: Pawniard
|-sidestart|p1: Base Melone|Spikes
|
|upkeep
|turn|23
|
|switch|p2a: Dubwool|Dubwool, M|90/100
|move|p1a: Pawniard|Iron Head|p2a: Dubwool
|-damage|p2a: Dubwool|81/100
|
|upkeep
|turn|24
|
|move|p2a: Dubwool|Body Press|p1a: Pawniard
|-supereffective|p1a: Pawniard
|-damage|p1a: Pawniard|0 fnt
|faint|p1a: Pawniard
|
|upkeep
|
|switch|p1a: Silvally|Silvally-Poison|76/100
|-damage|p1a: Silvally|63/100|[from] Spikes
|turn|25
|
|switch|p2a: Musharna|Musharna, F|100/100
|move|p1a: Silvally|Swords Dance|p1a: Silvally
|-boost|p1a: Silvally|atk|2
|
|upkeep
|turn|26
|
|move|p1a: Silvally|Multi-Attack|p2a: Musharna
|-damage|p2a: Musharna|40/100
|move|p2a: Musharna|Future Sight|p1a: Silvally
|-start|p2a: Musharna|move: Future Sight
|
|upkeep
|turn|27
|
|switch|p2a: Bronzor|Bronzor|73/100 slp
|move|p1a: Silvally|U-turn|p2a: Bronzor
|-damage|p2a: Bronzor|41/100 slp
|
|switch|p1a: Appletun|Appletun, M|50/100|[from]move: U-turn
|-damage|p1a: Appletun|38/100|[from] Spikes
|
|upkeep
|turn|28
|
|move|p1a: Appletun|Draco Meteor|p2a: Bronzor
|-resisted|p2a: Bronzor
|-damage|p2a: Bronzor|14/100 slp
|-unboost|p1a: Appletun|spa|2
|cant|p2a: Bronzor|slp
|
|-end|p1a: Appletun|move: Future Sight
|-damage|p1a: Appletun|0 fnt
|upkeep
|faint|p1a: Appletun
|
|switch|p1a: Hitmontop|Hitmontop, M|88/100 tox
|-damage|p1a: Hitmontop|75/100 tox|[from] Spikes
|-ability|p1a: Hitmontop|Intimidate|boost
|-unboost|p2a: Bronzor|atk|1
|turn|29
|
|switch|p2a: Musharna|Musharna, F|40/100
|move|p1a: Hitmontop|Close Combat|p2a: Musharna
|-resisted|p2a: Musharna
|-damage|p2a: Musharna|29/100
|-unboost|p1a: Hitmontop|def|1
|-unboost|p1a: Hitmontop|spd|1
|
|-heal|p1a: Hitmontop|82/100 tox|[from] item: Leftovers
|-damage|p1a: Hitmontop|75/100 tox|[from] psn
|upkeep
|turn|30
|
|move|p1a: Hitmontop|Toxic|p2a: Musharna
|-status|p2a: Musharna|tox
|-activate|p2a: Musharna|ability: Synchronize
|-fail|p1a: Hitmontop|tox
|move|p2a: Musharna|Moonlight|p2a: Musharna
|-heal|p2a: Musharna|79/100 tox
|
|-heal|p1a: Hitmontop|82/100 tox|[from] item: Leftovers
|-damage|p1a: Hitmontop|69/100 tox|[from] psn
|-damage|p2a: Musharna|73/100 tox|[from] psn
|upkeep
|turn|31
|
|switch|p1a: Shiinotic|Shiinotic, M|73/100 tox
|-damage|p1a: Shiinotic|60/100 tox|[from] Spikes
|move|p2a: Musharna|Healing Wish|p2a: Musharna
|faint|p2a: Musharna
|
|-heal|p1a: Shiinotic|67/100 tox|[from] item: Leftovers
|-damage|p1a: Shiinotic|60/100 tox|[from] psn
|upkeep
|
|switch|p2a: Bronzor|Bronzor|14/100 slp
|-heal|p2a: Bronzor|100/100|[from] move: Healing Wish
|turn|32
|
|move|p1a: Shiinotic|Spore|p2a: Bronzor
|-status|p2a: Bronzor|slp|[from] move: Spore
|cant|p2a: Bronzor|slp
|
|-heal|p1a: Shiinotic|67/100 tox|[from] item: Leftovers
|-damage|p1a: Shiinotic|54/100 tox|[from] psn
|upkeep
|turn|33
|
|switch|p1a: Manectric|Manectric, F|100/100
|-damage|p1a: Manectric|88/100|[from] Spikes
|cant|p2a: Bronzor|slp
|
|upkeep
|turn|34
|
|switch|p2a: Seaking|Seaking, F|100/100
|move|p1a: Manectric|Switcheroo|p2a: Seaking
|-activate|p1a: Manectric|move: Trick|[of] p2a: Seaking
|-item|p2a: Seaking|Choice Scarf|[from] move: Switcheroo
|-item|p1a: Manectric|Leftovers|[from] move: Switcheroo
|
|-heal|p1a: Manectric|94/100|[from] item: Leftovers
|upkeep
|turn|35
|
|switch|p1a: Shiinotic|Shiinotic, M|54/100 tox
|-damage|p1a: Shiinotic|42/100 tox|[from] Spikes
|move|p2a: Seaking|Waterfall|p1a: Shiinotic
|-resisted|p1a: Shiinotic
|-damage|p1a: Shiinotic|31/100 tox
|
|-heal|p1a: Shiinotic|37/100 tox|[from] item: Leftovers
|-damage|p1a: Shiinotic|31/100 tox|[from] psn
|upkeep
|turn|36
|
|switch|p2a: Bronzor|Bronzor|100/100 slp
|move|p1a: Shiinotic|Strength Sap|p2a: Bronzor
|-unboost|p2a: Bronzor|atk|1
|-heal|p1a: Shiinotic|45/100 tox
|
|-heal|p1a: Shiinotic|51/100 tox|[from] item: Leftovers
|-damage|p1a: Shiinotic|39/100 tox|[from] psn
|upkeep
|turn|37
|
|move|p1a: Shiinotic|Leech Seed|p2a: Bronzor
|-start|p2a: Bronzor|move: Leech Seed
|cant|p2a: Bronzor|slp
|
|-heal|p1a: Shiinotic|45/100 tox|[from] item: Leftovers
|-damage|p2a: Bronzor|88/100 slp|[from] Leech Seed|[of] p1a: Shiinotic
|-heal|p1a: Shiinotic|57/100 tox|[silent]
|-damage|p1a: Shiinotic|39/100 tox|[from] psn
|upkeep
|turn|38
|
|switch|p1a: Hitmontop|Hitmontop, M|69/100 tox
|-damage|p1a: Hitmontop|57/100 tox|[from] Spikes
|-ability|p1a: Hitmontop|Intimidate|boost
|-unboost|p2a: Bronzor|atk|1
|-curestatus|p2a: Bronzor|slp|[msg]
|move|p2a: Bronzor|Stealth Rock|p1a: Hitmontop
|-sidestart|p1: Base Melone|move: Stealth Rock
|
|-heal|p1a: Hitmontop|63/100 tox|[from] item: Leftovers
|-damage|p2a: Bronzor|76/100|[from] Leech Seed|[of] p1a: Hitmontop
|-heal|p1a: Hitmontop|76/100 tox|[silent]
|-damage|p1a: Hitmontop|70/100 tox|[from] psn
|upkeep
|turn|39
|
|switch|p2a: Roselia|Roselia, M|100/100
|move|p1a: Hitmontop|Rapid Spin|p2a: Roselia
|-damage|p2a: Roselia|84/100
|-boost|p1a: Hitmontop|spe|1
|-sideend|p1: Base Melone|Spikes|[from] move: Rapid Spin|[of] p1a: Hitmontop
|-sideend|p1: Base Melone|Stealth Rock|[from] move: Rapid Spin|[of] p1a: Hitmontop
|
|-heal|p1a: Hitmontop|76/100 tox|[from] item: Leftovers
|-damage|p1a: Hitmontop|63/100 tox|[from] psn
|upkeep
|turn|40
|
|switch|p1a: Silvally|Silvally-Poison|63/100
|move|p2a: Roselia|Leech Seed|p1a: Silvally
|-start|p1a: Silvally|move: Leech Seed
|
|-damage|p1a: Silvally|51/100|[from] Leech Seed|[of] p2a: Roselia
|-heal|p2a: Roselia|98/100|[silent]
|upkeep
|turn|41
|
|move|p1a: Silvally|U-turn|p2a: Roselia
|-damage|p2a: Roselia|68/100
|
|switch|p1a: Manectric|Manectric, F|94/100|[from]move: U-turn
|move|p2a: Roselia|Spikes|p1a: Manectric
|-sidestart|p1: Base Melone|Spikes
|
|-heal|p1a: Manectric|99/100|[from] item: Leftovers
|upkeep
|turn|42
|
|switch|p2a: Seaking|Seaking, F|100/100
|move|p1a: Manectric|Switcheroo|p2a: Seaking
|-activate|p1a: Manectric|move: Trick|[of] p2a: Seaking
|-item|p2a: Seaking|Leftovers|[from] move: Switcheroo
|-item|p1a: Manectric|Choice Scarf|[from] move: Switcheroo
|
|upkeep
|turn|43
|
|move|p1a: Manectric|Switcheroo|p2a: Seaking
|-activate|p1a: Manectric|move: Trick|[of] p2a: Seaking
|-item|p2a: Seaking|Choice Scarf|[from] move: Switcheroo
|-item|p1a: Manectric|Leftovers|[from] move: Switcheroo
|move|p2a: Seaking|Knock Off|p1a: Manectric
|-damage|p1a: Manectric|60/100
|-enditem|p1a: Manectric|Leftovers|[from] move: Knock Off|[of] p2a: Seaking
|
|upkeep
|turn|44
|
|switch|p1a: Shiinotic|Shiinotic, M|39/100 tox
|-damage|p1a: Shiinotic|26/100 tox|[from] Spikes
|switch|p2a: Roselia|Roselia, M|68/100
|
|-heal|p1a: Shiinotic|33/100 tox|[from] item: Leftovers
|-damage|p1a: Shiinotic|26/100 tox|[from] psn
|upkeep
|turn|45
|
|move|p2a: Roselia|Sludge Bomb|p1a: Shiinotic
|-supereffective|p1a: Shiinotic
|-damage|p1a: Shiinotic|0 fnt
|faint|p1a: Shiinotic
|
|upkeep
|
|switch|p1a: Hitmontop|Hitmontop, M|63/100 tox
|-damage|p1a: Hitmontop|51/100 tox|[from] Spikes
|-ability|p1a: Hitmontop|Intimidate|boost
|-unboost|p2a: Roselia|atk|1
|turn|46
|
|move|p1a: Hitmontop|Rapid Spin|p2a: Roselia
|-damage|p2a: Roselia|52/100
|-boost|p1a: Hitmontop|spe|1
|-sideend|p1: Base Melone|Spikes|[from] move: Rapid Spin|[of] p1a: Hitmontop
|move|p2a: Roselia|Spikes|p1a: Hitmontop
|-sidestart|p1: Base Melone|Spikes
|
|-heal|p1a: Hitmontop|57/100 tox|[from] item: Leftovers
|-damage|p1a: Hitmontop|51/100 tox|[from] psn
|upkeep
|turn|47
|
|move|p1a: Hitmontop|Rapid Spin|p2a: Roselia
|-damage|p2a: Roselia|36/100
|-boost|p1a: Hitmontop|spe|1
|-sideend|p1: Base Melone|Spikes|[from] move: Rapid Spin|[of] p1a: Hitmontop
|move|p2a: Roselia|Synthesis|p2a: Roselia
|-heal|p2a: Roselia|86/100
|
|-heal|p1a: Hitmontop|57/100 tox|[from] item: Leftovers
|-damage|p1a: Hitmontop|45/100 tox|[from] psn
|upkeep
|turn|48
|
|switch|p1a: Silvally|Silvally-Poison|51/100
|move|p2a: Roselia|Spikes|p1a: Silvally
|-sidestart|p1: Base Melone|Spikes
|
|upkeep
|turn|49
|
|move|p1a: Silvally|Multi-Attack|p2a: Roselia
|-damage|p2a: Roselia|14/100
|move|p2a: Roselia|Leech Seed|p1a: Silvally
|-start|p1a: Silvally|move: Leech Seed
|
|-damage|p1a: Silvally|39/100|[from] Leech Seed|[of] p2a: Roselia
|-heal|p2a: Roselia|27/100|[silent]
|upkeep
|turn|50
|
|switch|p2a: Hitmontop|Hitmontop, M|77/100
|-ability|p2a: Hitmontop|Intimidate|boost
|-unboost|p1a: Silvally|atk|1
|move|p1a: Silvally|U-turn|p2a: Hitmontop
|-resisted|p2a: Hitmontop
|-damage|p2a: Hitmontop|72/100
|
|switch|p1a: Hitmontop|Hitmontop, M|45/100 tox|[from]move: U-turn
|-damage|p1a: Hitmontop|32/100 tox|[from] Spikes
|-ability|p1a: Hitmontop|Intimidate|boost
|-unboost|p2a: Hitmontop|atk|1
|
|-heal|p1a: Hitmontop|38/100 tox|[from] item: Leftovers
|-heal|p2a: Hitmontop|78/100|[from] item: Leftovers
|-damage|p1a: Hitmontop|32/100 tox|[from] psn
|upkeep
|turn|51
|
|move|p1a: Hitmontop|Rapid Spin|p2a: Hitmontop
|-damage|p2a: Hitmontop|70/100
|-boost|p1a: Hitmontop|spe|1
|-sideend|p1: Base Melone|Spikes|[from] move: Rapid Spin|[of] p1a: Hitmontop
|move|p2a: Hitmontop|Close Combat|p1a: Hitmontop
|-damage|p1a: Hitmontop|5/100 tox
|-unboost|p2a: Hitmontop|def|1
|-unboost|p2a: Hitmontop|spd|1
|
|-heal|p1a: Hitmontop|11/100 tox|[from] item: Leftovers
|-heal|p2a: Hitmontop|76/100|[from] item: Leftovers
|-damage|p1a: Hitmontop|0 fnt|[from] psn
|faint|p1a: Hitmontop
|upkeep
|
|switch|p1a: Silvally|Silvally-Poison|39/100
|turn|52
|
|move|p1a: Silvally|Swords Dance|p1a: Silvally
|-boost|p1a: Silvally|atk|2
|move|p2a: Hitmontop|Close Combat|p1a: Silvally
|-resisted|p1a: Silvally
|-damage|p1a: Silvally|24/100
|-unboost|p2a: Hitmontop|def|1
|-unboost|p2a: Hitmontop|spd|1
|
|-heal|p2a: Hitmontop|82/100|[from] item: Leftovers
|upkeep
|turn|53
|
|move|p1a: Silvally|Multi-Attack|p2a: Hitmontop
|-damage|p2a: Hitmontop|0 fnt
|faint|p2a: Hitmontop
|
|upkeep
|
|switch|p2a: Bronzor|Bronzor|76/100
|turn|54
|
|move|p1a: Silvally|U-turn|p2a: Bronzor
|-damage|p2a: Bronzor|46/100
|
|switch|p1a: Manectric|Manectric, F|60/100|[from]move: U-turn
|move|p2a: Bronzor|Psychic|p1a: Manectric
|-damage|p1a: Manectric|41/100
|
|upkeep
|turn|55
|
|move|p1a: Manectric|Flamethrower|p2a: Bronzor
|-supereffective|p2a: Bronzor
|-damage|p2a: Bronzor|16/100
|move|p2a: Bronzor|Psychic|p1a: Manectric
|-damage|p1a: Manectric|19/100
|
|upkeep
|turn|56
|
|move|p1a: Manectric|Flamethrower|p2a: Bronzor
|-supereffective|p2a: Bronzor
|-damage|p2a: Bronzor|0 fnt
|faint|p2a: Bronzor
|
|upkeep
|
|switch|p2a: Seaking|Seaking, F|100/100
|turn|57
|
|move|p1a: Manectric|Flamethrower|p2a: Seaking
|-resisted|p2a: Seaking
|-damage|p2a: Seaking|86/100
|move|p2a: Seaking|Waterfall|p1a: Manectric
|-damage|p1a: Manectric|0 fnt
|faint|p1a: Manectric
|
|upkeep
|
|switch|p1a: Silvally|Silvally-Poison|24/100
|turn|58
|
|move|p1a: Silvally|Multi-Attack|p2a: Seaking
|-damage|p2a: Seaking|43/100
|move|p2a: Seaking|Waterfall|p1a: Silvally
|-damage|p1a: Silvally|0 fnt
|faint|p1a: Silvally
|
|win|Seaqueen Love
|raw|Base Melone's rating: 1368 &rarr; <strong>1350</strong><br />(-18 for losing)
|raw|Seaqueen Love's rating: 1405 &rarr; <strong>1423</strong><br />(+18 for winning)
|c|☆Seaqueen Love|gg
|c|☆Base Melone|gg
|l|☆Base Melone
