|j|☆Sceptinators
|j|☆thinking of chu
|t:|1628511737
|gametype|singles
|player|p1|Sceptinators|hiker-gen4|1498
|player|p2|thinking of chu|clown|1528
|teamsize|p1|6
|teamsize|p2|6
|gen|8
|tier|[Gen 8] PU
|rated|
|rule|Sleep Clause Mod: Limit one foe put to sleep
|rule|Species Clause: Limit one of each Pokémon
|rule|OHKO Clause: OHKO moves are banned
|rule|Evasion Moves Clause: Evasion moves are banned
|rule|Endless Battle Clause: Forcing endless battles is banned
|rule|HP Percentage Mod: HP is shown in percentages
|rule|Dynamax Clause: You cannot dynamax
|clearpoke
|poke|p1|Lanturn, M|
|poke|p1|Charizard, M|
|poke|p1|Scrafty, F|
|poke|p1|Silvally-*|
|poke|p1|Aggron, M|
|poke|p1|Whimsicott, F|
|poke|p2|Silvally-*|
|poke|p2|Accelgor, M|
|poke|p2|Lunatone|
|poke|p2|Quagsire, F|
|poke|p2|Cryogonal|
|poke|p2|Kangaskhan, F|
|teampreview
|c|☆Sceptinators|hf
|c|☆thinking of chu|u 2
|
|t:|1628511773
|start
|switch|p1a: Charizard|Charizard, M|100/100
|switch|p2a: Accelgor|Accelgor, M|100/100
|turn|1
|
|t:|1628511778
|move|p2a: Accelgor|U-turn|p1a: Charizard
|-resisted|p1a: Charizard
|-damage|p1a: Charizard|95/100
|
|t:|1628511779
|switch|p2a: Lunatone|Lunatone|100/100|[from]move: U-turn
|move|p1a: Charizard|Mystical Fire|p2a: Lunatone
|-resisted|p2a: Lunatone
|-damage|p2a: Lunatone|85/100
|-unboost|p2a: Lunatone|spa|1
|
|-heal|p2a: Lunatone|92/100|[from] item: Leftovers
|upkeep
|turn|2
|
|t:|1628511792
|switch|p1a: Lanturn|Lanturn, M|100/100
|move|p2a: Lunatone|Stealth Rock|p1a: Lanturn
|-sidestart|p1: Sceptinators|move: Stealth Rock
|
|-heal|p2a: Lunatone|98/100|[from] item: Leftovers
|upkeep
|turn|3
|
|t:|1628511805
|move|p1a: Lanturn|Scald|p2a: Lunatone
|-supereffective|p2a: Lunatone
|-damage|p2a: Lunatone|49/100
|move|p2a: Lunatone|Future Sight|p1a: Lanturn
|-start|p2a: Lunatone|move: Future Sight
|
|-heal|p2a: Lunatone|56/100|[from] item: Leftovers
|upkeep
|turn|4
|
|t:|1628511816
|switch|p2a: Kangaskhan|Kangaskhan, F|100/100
|move|p1a: Lanturn|Scald|p2a: Kangaskhan
|-damage|p2a: Kangaskhan|84/100
|
|upkeep
|turn|5
|
|t:|1628511819
|move|p1a: Lanturn|Protect|p1a: Lanturn
|-singleturn|p1a: Lanturn|Protect
|move|p2a: Kangaskhan|Circle Throw|p1a: Lanturn
|-activate|p1a: Lanturn|move: Protect
|
|-end|p1a: Lanturn|move: Future Sight
|-crit|p1a: Lanturn
|-damage|p1a: Lanturn|34/100
|-heal|p1a: Lanturn|41/100|[from] item: Leftovers
|upkeep
|turn|6
|
|t:|1628511896
|switch|p1a: Charizard|Charizard, M|95/100
|move|p2a: Kangaskhan|Circle Throw|p1a: Charizard
|-resisted|p1a: Charizard
|-damage|p1a: Charizard|88/100
|drag|p1a: Aggron|Aggron, M|100/100
|-damage|p1a: Aggron|94/100|[from] Stealth Rock
|
|upkeep
|turn|7
|
|t:|1628511909
|switch|p2a: Quagsire|Quagsire, F|100/100
|move|p1a: Aggron|Head Smash|p2a: Quagsire
|-resisted|p2a: Quagsire
|-damage|p2a: Quagsire|60/100
|
|upkeep
|turn|8
|
|t:|1628511935
|switch|p1a: Scrafty|Scrafty, F|100/100
|-damage|p1a: Scrafty|94/100|[from] Stealth Rock
|move|p2a: Quagsire|Recover|p2a: Quagsire
|-heal|p2a: Quagsire|100/100
|
|-heal|p1a: Scrafty|100/100|[from] item: Leftovers
|upkeep
|turn|9
|
|t:|1628511940
|switch|p2a: Accelgor|Accelgor, M|100/100
|move|p1a: Scrafty|Knock Off|p2a: Accelgor
|-damage|p2a: Accelgor|63/100
|-activate|p2a: Accelgor|ability: Sticky Hold
|
|upkeep
|turn|10
|
|t:|1628511953
|move|p2a: Accelgor|Spikes|p1a: Scrafty
|-sidestart|p1: Sceptinators|Spikes
|move|p1a: Scrafty|Knock Off|p2a: Accelgor
|-damage|p2a: Accelgor|22/100
|-activate|p2a: Accelgor|ability: Sticky Hold
|
|upkeep
|turn|11
|
|t:|1628511958
|move|p2a: Accelgor|Recover|p2a: Accelgor
|-heal|p2a: Accelgor|72/100
|move|p1a: Scrafty|Knock Off|p2a: Accelgor
|-damage|p2a: Accelgor|35/100
|-activate|p2a: Accelgor|ability: Sticky Hold
|
|upkeep
|turn|12
|
|t:|1628511960
|switch|p1a: Charizard|Charizard, M|88/100
|move|p2a: Accelgor|Recover|p2a: Accelgor
|-heal|p2a: Accelgor|85/100
|
|upkeep
|turn|13
|
|t:|1628511984
|move|p2a: Accelgor|U-turn|p1a: Charizard
|-resisted|p1a: Charizard
|-damage|p1a: Charizard|83/100
|
|t:|1628511985
|switch|p2a: Lunatone|Lunatone|56/100|[from]move: U-turn
|move|p1a: Charizard|Defog|p2a: Lunatone
|-unboost|p2a: Lunatone|evasion|1
|-sideend|p1: Sceptinators|Spikes|[from] move: Defog|[of] p1a: Charizard
|-sideend|p1: Sceptinators|Stealth Rock|[from] move: Defog|[of] p1a: Charizard
|
|-heal|p2a: Lunatone|62/100|[from] item: Leftovers
|upkeep
|turn|14
|
|t:|1628512008
|switch|p1a: Scrafty|Scrafty, F|100/100
|move|p2a: Lunatone|Stealth Rock|p1a: Scrafty
|-sidestart|p1: Sceptinators|move: Stealth Rock
|
|-heal|p2a: Lunatone|68/100|[from] item: Leftovers
|upkeep
|turn|15
|
|t:|1628512014
|switch|p2a: Accelgor|Accelgor, M|85/100
|move|p1a: Scrafty|Knock Off|p2a: Accelgor
|-damage|p2a: Accelgor|47/100
|-activate|p2a: Accelgor|ability: Sticky Hold
|
|upkeep
|turn|16
|
|t:|1628512017
|move|p2a: Accelgor|Recover|p2a: Accelgor
|-heal|p2a: Accelgor|97/100
|move|p1a: Scrafty|Bulk Up|p1a: Scrafty
|-boost|p1a: Scrafty|atk|1
|-boost|p1a: Scrafty|def|1
|
|upkeep
|turn|17
|
|t:|1628512021
|move|p2a: Accelgor|Spikes|p1a: Scrafty
|-sidestart|p1: Sceptinators|Spikes
|move|p1a: Scrafty|Knock Off|p2a: Accelgor
|-damage|p2a: Accelgor|41/100
|-activate|p2a: Accelgor|ability: Sticky Hold
|
|upkeep
|turn|18
|
|t:|1628512026
|move|p2a: Accelgor|U-turn|p1a: Scrafty
|-damage|p1a: Scrafty|89/100
|
|t:|1628512027
|switch|p2a: Quagsire|Quagsire, F|100/100|[from]move: U-turn
|move|p1a: Scrafty|Knock Off|p2a: Quagsire
|-damage|p2a: Quagsire|81/100
|-enditem|p2a: Quagsire|Heavy-Duty Boots|[from] move: Knock Off|[of] p1a: Scrafty
|
|-heal|p1a: Scrafty|95/100|[from] item: Leftovers
|upkeep
|turn|19
|
|t:|1628512044
|move|p1a: Scrafty|Bulk Up|p1a: Scrafty
|-boost|p1a: Scrafty|atk|1
|-boost|p1a: Scrafty|def|1
|move|p2a: Quagsire|Toxic|p1a: Scrafty
|-status|p1a: Scrafty|tox
|
|-heal|p1a: Scrafty|100/100 tox|[from] item: Leftovers
|-damage|p1a: Scrafty|94/100 tox|[from] psn
|upkeep
|turn|20
|
|t:|1628512049
|move|p1a: Scrafty|Bulk Up|p1a: Scrafty
|-boost|p1a: Scrafty|atk|1
|-boost|p1a: Scrafty|def|1
|move|p2a: Quagsire|Earthquake|p1a: Scrafty
|-damage|p1a: Scrafty|67/100 tox
|
|-heal|p1a: Scrafty|73/100 tox|[from] item: Leftovers
|-damage|p1a: Scrafty|61/100 tox|[from] psn
|upkeep
|turn|21
|
|t:|1628512053
|move|p1a: Scrafty|Rest|p1a: Scrafty
|-status|p1a: Scrafty|slp|[from] move: Rest
|-heal|p1a: Scrafty|100/100 slp|[silent]
|move|p2a: Quagsire|Haze|p2a: Quagsire
|-clearallboost
|
|upkeep
|turn|22
|
|t:|1628512055
|switch|p2a: Accelgor|Accelgor, M|41/100
|cant|p1a: Scrafty|slp
|
|-activate|p1a: Scrafty|ability: Shed Skin
|-curestatus|p1a: Scrafty|slp|[msg]
|upkeep
|turn|23
|
|t:|1628512058
|move|p2a: Accelgor|Recover|p2a: Accelgor
|-heal|p2a: Accelgor|91/100
|move|p1a: Scrafty|Knock Off|p2a: Accelgor
|-damage|p2a: Accelgor|51/100
|-activate|p2a: Accelgor|ability: Sticky Hold
|
|upkeep
|turn|24
|
|t:|1628512065
|switch|p1a: Charizard|Charizard, M|83/100
|move|p2a: Accelgor|Recover|p2a: Accelgor
|-heal|p2a: Accelgor|100/100
|
|upkeep
|turn|25
|
|t:|1628512071
|move|p2a: Accelgor|Final Gambit|p1a: Charizard
|-damage|p1a: Charizard|0 fnt
|faint|p2a: Accelgor
|faint|p1a: Charizard
|
|upkeep
|
|t:|1628512099
|switch|p2a: Silvally|Silvally-Ghost|100/100
|switch|p1a: Scrafty|Scrafty, F|100/100
|-damage|p1a: Scrafty|88/100|[from] Spikes
|-damage|p1a: Scrafty|82/100|[from] Stealth Rock
|turn|26
|
|t:|1628512105
|switch|p2a: Quagsire|Quagsire, F|81/100
|move|p1a: Scrafty|Knock Off|p2a: Quagsire
|-damage|p2a: Quagsire|66/100
|
|-heal|p1a: Scrafty|88/100|[from] item: Leftovers
|upkeep
|turn|27
|
|t:|1628512116
|move|p1a: Scrafty|Bulk Up|p1a: Scrafty
|-boost|p1a: Scrafty|atk|1
|-boost|p1a: Scrafty|def|1
|move|p2a: Quagsire|Recover|p2a: Quagsire
|-heal|p2a: Quagsire|100/100
|
|-heal|p1a: Scrafty|94/100|[from] item: Leftovers
|upkeep
|turn|28
|
|t:|1628512120
|move|p1a: Scrafty|Drain Punch|p2a: Quagsire
|-damage|p2a: Quagsire|85/100
|-heal|p1a: Scrafty|100/100|[from] drain|[of] p2a: Quagsire
|move|p2a: Quagsire|Earthquake|p1a: Scrafty
|-damage|p1a: Scrafty|73/100
|
|-heal|p1a: Scrafty|79/100|[from] item: Leftovers
|upkeep
|turn|29
|
|t:|1628512127
|move|p1a: Scrafty|Drain Punch|p2a: Quagsire
|-damage|p2a: Quagsire|68/100
|-heal|p1a: Scrafty|89/100|[from] drain|[of] p2a: Quagsire
|move|p2a: Quagsire|Earthquake|p1a: Scrafty
|-damage|p1a: Scrafty|64/100
|
|-heal|p1a: Scrafty|70/100|[from] item: Leftovers
|upkeep
|turn|30
|
|t:|1628512133
|move|p1a: Scrafty|Drain Punch|p2a: Quagsire
|-damage|p2a: Quagsire|52/100
|-heal|p1a: Scrafty|79/100|[from] drain|[of] p2a: Quagsire
|move|p2a: Quagsire|Earthquake|p1a: Scrafty
|-damage|p1a: Scrafty|54/100
|
|-heal|p1a: Scrafty|60/100|[from] item: Leftovers
|upkeep
|turn|31
|
|t:|1628512138
|move|p1a: Scrafty|Rest|p1a: Scrafty
|-status|p1a: Scrafty|slp|[from] move: Rest
|-heal|p1a: Scrafty|100/100 slp|[silent]
|move|p2a: Quagsire|Recover|p2a: Quagsire
|-heal|p2a: Quagsire|100/100
|
|upkeep
|turn|32
|
|t:|1628512141
|switch|p2a: Silvally|Silvally-Ghost|100/100
|cant|p1a: Scrafty|slp
|
|upkeep
|turn|33
|
|t:|1628512147
|cant|p1a: Scrafty|slp
|move|p2a: Silvally|Roar|p1a: Scrafty
|drag|p1a: Silvally|Silvally-Ghost|100/100
|-damage|p1a: Silvally|88/100|[from] Stealth Rock
|-damage|p1a: Silvally|76/100|[from] Spikes
|
|upkeep
|turn|34
|
|t:|1628512160
|switch|p2a: Kangaskhan|Kangaskhan, F|84/100
|move|p1a: Silvally|Multi-Attack|p2a: Kangaskhan
|-immune|p2a: Kangaskhan
|
|upkeep
|turn|35
|c|☆Sceptinators|gg
|-message|Sceptinators forfeited.
|
|win|thinking of chu
|raw|Sceptinators's rating: 1498 &rarr; <strong>1480</strong><br />(-18 for losing)
|raw|thinking of chu's rating: 1528 &rarr; <strong>1546</strong><br />(+18 for winning)
|l|☆Sceptinators
|c|☆thinking of chu|gg
