|j|☆Pathooblers
|j|☆Agent1021
|t:|1614609000
|player|p1|Pathooblers|266|1336
|player|p2|Agent1021|2|1259
|teamsize|p1|6
|teamsize|p2|6
|gametype|singles
|gen|8
|tier|[Gen 8] PU
|rated|
|clearpoke
|poke|p1|Accelgor, F|
|poke|p1|Heliolisk, M|
|poke|p1|Passimian, M|
|poke|p1|Corsola-Galar, M|
|poke|p1|Braviary, M|
|poke|p1|Sandaconda, M|
|poke|p2|Charizard, F|
|poke|p2|Druddigon, M|
|poke|p2|Virizion|
|poke|p2|Heliolisk, F|
|poke|p2|Passimian, F|
|poke|p2|Kingler, M|
|rule|Sleep Clause Mod: Limit one foe put to sleep
|rule|Species Clause: Limit one of each Pokémon
|rule|OHKO Clause: OHKO moves are banned
|rule|Evasion Moves Clause: Evasion moves are banned
|rule|Endless Battle Clause: Forcing endless battles is banned
|rule|HP Percentage Mod: HP is shown in percentages
|rule|Dynamax Clause: You cannot dynamax
|teampreview
|inactive|Battle timer is ON: inactive players will automatically lose when time's up. (requested by Agent1021)
|
|t:|1614609020
|start
|switch|p1a: Accelgor|Accelgor, F, shiny|100/100
|switch|p2a: Druddigon|Druddigon, M|100/100
|-ability|p2a: Druddigon|Mold Breaker
|turn|1
|
|t:|1614609030
|move|p1a: Accelgor|Infestation|p2a: Druddigon
|-damage|p2a: Druddigon|94/100
|-activate|p2a: Druddigon|move: Infestation|[of] p1a: Accelgor
|move|p2a: Druddigon|Glare|p1a: Accelgor
|-status|p1a: Accelgor|par
|
|-damage|p2a: Druddigon|81/100|[from] move: Infestation|[partiallytrapped]
|upkeep
|turn|2
|
|t:|1614609035
|move|p2a: Druddigon|Stealth Rock|p1a: Accelgor
|-sidestart|p1: Pathooblers|move: Stealth Rock
|move|p1a: Accelgor|Encore|p2a: Druddigon
|-start|p2a: Druddigon|Encore
|
|-damage|p2a: Druddigon|69/100|[from] move: Infestation|[partiallytrapped]
|upkeep
|turn|3
|
|t:|1614609044
|move|p2a: Druddigon|Stealth Rock||[still]
|-fail|p2a: Druddigon
|move|p1a: Accelgor|Toxic Spikes|p2a: Druddigon
|-sidestart|p2: Agent1021|move: Toxic Spikes
|
|-damage|p2a: Druddigon|57/100|[from] move: Infestation|[partiallytrapped]
|upkeep
|turn|4
|
|t:|1614609049
|move|p2a: Druddigon|Stealth Rock||[still]
|-fail|p2a: Druddigon
|move|p1a: Accelgor|Spikes|p2a: Druddigon
|-sidestart|p2: Agent1021|Spikes
|
|-damage|p2a: Druddigon|44/100|[from] move: Infestation|[partiallytrapped]
|upkeep
|turn|5
|
|t:|1614609056
|move|p2a: Druddigon|Stealth Rock||[still]
|-fail|p2a: Druddigon
|move|p1a: Accelgor|Spikes|p2a: Druddigon
|-sidestart|p2: Agent1021|Spikes
|
|-damage|p2a: Druddigon|32/100|[from] move: Infestation|[partiallytrapped]
|-end|p2a: Druddigon|Encore
|upkeep
|turn|6
|
|t:|1614609061
|move|p2a: Druddigon|Aqua Tail|p1a: Accelgor
|-damage|p1a: Accelgor|50/100 par
|move|p1a: Accelgor|Encore|p2a: Druddigon
|-start|p2a: Druddigon|Encore
|
|-damage|p2a: Druddigon|20/100|[from] move: Infestation|[partiallytrapped]
|upkeep
|turn|7
|
|t:|1614609068
|move|p2a: Druddigon|Aqua Tail|p1a: Accelgor|[miss]
|-miss|p2a: Druddigon|p1a: Accelgor
|move|p1a: Accelgor|Spikes|p2a: Druddigon
|-sidestart|p2: Agent1021|Spikes
|
|-damage|p2a: Druddigon|7/100|[from] move: Infestation|[partiallytrapped]
|upkeep
|turn|8
|
|t:|1614609076
|switch|p1a: Heliolisk|Heliolisk, M|100/100
|-damage|p1a: Heliolisk|88/100|[from] Stealth Rock
|move|p2a: Druddigon|Aqua Tail|p1a: Heliolisk
|-damage|p1a: Heliolisk|35/100
|
|-end|p2a: Druddigon|Infestation|[partiallytrapped]
|upkeep
|turn|9
|
|t:|1614609082
|move|p1a: Heliolisk|Volt Switch|p2a: Druddigon
|-resisted|p2a: Druddigon
|-damage|p2a: Druddigon|0 fnt
|faint|p2a: Druddigon
|
|t:|1614609085
|switch|p1a: Braviary|Braviary, M|100/100|[from]move: Volt Switch
|
|upkeep
|
|t:|1614609095
|switch|p2a: Heliolisk|Heliolisk, F|100/100
|-status|p2a: Heliolisk|psn
|-damage|p2a: Heliolisk|76/100 psn|[from] Spikes
|turn|10
|
|t:|1614609104
|switch|p1a: Corsola|Corsola-Galar, M|100/100
|-damage|p1a: Corsola|88/100|[from] Stealth Rock
|move|p2a: Heliolisk|Surf|p1a: Corsola
|-damage|p1a: Corsola|67/100
|
|-damage|p2a: Heliolisk|63/100 psn|[from] psn
|upkeep
|turn|11
|
|t:|1614609111
|switch|p2a: Charizard|Charizard, F|100/100
|switch|p1a: Heliolisk|Heliolisk, M|35/100
|-damage|p1a: Heliolisk|23/100|[from] Stealth Rock
|
|upkeep
|turn|12
|j| tauxdemiss
|
|t:|1614609130
|switch|p2a: Virizion|Virizion|100/100
|-damage|p2a: Virizion|76/100|[from] Spikes
|-status|p2a: Virizion|psn
|move|p1a: Heliolisk|Volt Switch|p2a: Virizion
|-resisted|p2a: Virizion
|-damage|p2a: Virizion|63/100 psn
|
|t:|1614609139
|switch|p1a: Corsola|Corsola-Galar, M|67/100|[from]move: Volt Switch
|-damage|p1a: Corsola|55/100|[from] Stealth Rock
|
|-damage|p2a: Virizion|50/100 psn|[from] psn
|upkeep
|turn|13
|
|t:|1614609146
|move|p2a: Virizion|Leaf Blade|p1a: Corsola
|-damage|p1a: Corsola|22/100
|-damage|p2a: Virizion|40/100 psn|[from] item: Life Orb
|move|p1a: Corsola|Strength Sap|p2a: Virizion
|-unboost|p2a: Virizion|atk|1
|-heal|p1a: Corsola|100/100
|
|-damage|p2a: Virizion|28/100 psn|[from] psn
|upkeep
|turn|14
|
|t:|1614609154
|switch|p2a: Charizard|Charizard, F|100/100
|move|p1a: Corsola|Stealth Rock|p2a: Charizard
|-sidestart|p2: Agent1021|move: Stealth Rock
|
|upkeep
|turn|15
|
|t:|1614609160
|move|p2a: Charizard|Defog|p1a: Corsola
|-unboost|p1a: Corsola|evasion|1
|-sideend|p1: Pathooblers|Stealth Rock|[from] move: Defog|[of] p2a: Charizard
|-sideend|p2: Agent1021|Spikes|[from] move: Defog|[of] p2a: Charizard
|-sideend|p2: Agent1021|Toxic Spikes|[from] move: Defog|[of] p2a: Charizard
|-sideend|p2: Agent1021|Stealth Rock|[from] move: Defog|[of] p2a: Charizard
|move|p1a: Corsola|Night Shade|p2a: Charizard
|-damage|p2a: Charizard|67/100
|
|upkeep
|turn|16
|
|t:|1614609167
|move|p2a: Charizard|Flamethrower|p1a: Corsola
|-damage|p1a: Corsola|81/100
|move|p1a: Corsola|Stealth Rock|p2a: Charizard
|-sidestart|p2: Agent1021|move: Stealth Rock
|
|upkeep
|turn|17
|
|t:|1614609173
|switch|p1a: Passimian|Passimian, M|100/100
|move|p2a: Charizard|Flamethrower|p1a: Passimian
|-damage|p1a: Passimian|39/100
|
|upkeep
|turn|18
|l| tauxdemiss
|
|t:|1614609183
|move|p1a: Passimian|Rock Slide|p2a: Charizard
|-supereffective|p2a: Charizard
|-damage|p2a: Charizard|0 fnt
|faint|p2a: Charizard
|
|upkeep
|
|t:|1614609208
|switch|p2a: Passimian|Passimian, F|100/100
|-damage|p2a: Passimian|94/100|[from] Stealth Rock
|turn|19
|
|t:|1614609214
|switch|p1a: Accelgor|Accelgor, F, shiny|50/100 par
|move|p2a: Passimian|Knock Off|p1a: Accelgor
|-damage|p1a: Accelgor|0 fnt
|-enditem|p1a: Accelgor|Grip Claw|[from] move: Knock Off|[of] p2a: Passimian
|faint|p1a: Accelgor
|
|upkeep
|
|t:|1614609221
|switch|p1a: Braviary|Braviary, M|100/100
|turn|20
|
|t:|1614609229
|switch|p2a: Virizion|Virizion|28/100 psn
|-damage|p2a: Virizion|22/100 psn|[from] Stealth Rock
|move|p1a: Braviary|U-turn|p2a: Virizion
|-damage|p2a: Virizion|0 fnt
|faint|p2a: Virizion
|
|t:|1614609237
|switch|p1a: Passimian|Passimian, M|39/100|[from]move: U-turn
|
|upkeep
|
|t:|1614609242
|switch|p2a: Passimian|Passimian, F|94/100
|-damage|p2a: Passimian|88/100|[from] Stealth Rock
|turn|21
|
|t:|1614609246
|switch|p1a: Corsola|Corsola-Galar, M|81/100
|move|p2a: Passimian|Knock Off|p1a: Corsola
|-supereffective|p1a: Corsola
|-damage|p1a: Corsola|34/100
|-enditem|p1a: Corsola|Eviolite|[from] move: Knock Off|[of] p2a: Passimian
|
|upkeep
|turn|22
|
|t:|1614609251
|move|p2a: Passimian|Knock Off|p1a: Corsola
|-supereffective|p1a: Corsola
|-damage|p1a: Corsola|0 fnt
|-start|p2a: Passimian|Disable|Knock Off|[from] ability: Cursed Body|[of] p1a: Corsola
|faint|p1a: Corsola
|
|upkeep
|
|t:|1614609259
|switch|p1a: Passimian|Passimian, M|39/100
|turn|23
|
|t:|1614609265
|-activate|p2a: Passimian|move: Struggle
|move|p2a: Passimian|Struggle|p1a: Passimian
|-damage|p1a: Passimian|21/100
|-damage|p2a: Passimian|63/100|[from] recoil
|move|p1a: Passimian|Close Combat|p2a: Passimian
|-crit|p2a: Passimian
|-damage|p2a: Passimian|0 fnt
|-unboost|p1a: Passimian|def|1
|-unboost|p1a: Passimian|spd|1
|faint|p2a: Passimian
|
|upkeep
|
|t:|1614609285
|switch|p2a: Kingler|Kingler, M|100/100
|-damage|p2a: Kingler|88/100|[from] Stealth Rock
|turn|24
|
|t:|1614609290
|move|p1a: Passimian|Close Combat|p2a: Kingler
|-damage|p2a: Kingler|9/100
|-unboost|p1a: Passimian|def|1
|-unboost|p1a: Passimian|spd|1
|move|p2a: Kingler|Agility|p2a: Kingler
|-boost|p2a: Kingler|spe|2
|
|upkeep
|turn|25
|
|t:|1614609296
|switch|p1a: Heliolisk|Heliolisk, M|23/100
|move|p2a: Kingler|Liquidation|p1a: Heliolisk
|-heal|p1a: Heliolisk|48/100|[from] ability: Dry Skin|[of] p2a: Kingler
|
|upkeep
|turn|26
|
|t:|1614609304
|move|p2a: Kingler|Knock Off|p1a: Heliolisk
|-damage|p1a: Heliolisk|0 fnt
|-enditem|p1a: Heliolisk|Expert Belt|[from] move: Knock Off|[of] p2a: Kingler
|-damage|p2a: Kingler|0 fnt|[from] item: Life Orb
|faint|p1a: Heliolisk
|faint|p2a: Kingler
|
|upkeep
|c|☆Agent1021|gg
|
|t:|1614609313
|switch|p1a: Passimian|Passimian, M|21/100
|switch|p2a: Heliolisk|Heliolisk, F|63/100 psn
|-damage|p2a: Heliolisk|51/100 psn|[from] Stealth Rock
|turn|27
|c|☆Pathooblers|gg
|
|t:|1614609317
|move|p1a: Passimian|Close Combat|p2a: Heliolisk
|-supereffective|p2a: Heliolisk
|-damage|p2a: Heliolisk|0 fnt
|-unboost|p1a: Passimian|def|1
|-unboost|p1a: Passimian|spd|1
|faint|p2a: Heliolisk
|
|win|Pathooblers
|l|☆Agent1021
||Ladder (probably) updated, but score could not be retrieved (Request timeout).
