|j|☆bathtubhippo
|j|☆panned bomb
|t:|1644178213
|gametype|singles
|player|p1|bathtubhippo|doctor|1395
|player|p2|panned bomb|102|1440
|teamsize|p1|6
|teamsize|p2|6
|gen|8
|tier|[Gen 8] PU
|rated|
|rule|Sleep Clause Mod: Limit one foe put to sleep
|rule|Species Clause: Limit one of each Pokémon
|rule|OHKO Clause: OHKO moves are banned
|rule|Evasion Moves Clause: Evasion moves are banned
|rule|Endless Battle Clause: Forcing endless battles is banned
|rule|HP Percentage Mod: HP is shown in percentages
|rule|Dynamax Clause: You cannot dynamax
|clearpoke
|poke|p1|Druddigon, M|
|poke|p1|Palossand, M|
|poke|p1|Charizard, F|
|poke|p1|Lanturn, F|
|poke|p1|Ferroseed, M|
|poke|p1|Scrafty, F|
|poke|p2|Frosmoth, F|
|poke|p2|Archeops, F|
|poke|p2|Perrserker, F|
|poke|p2|Palossand, M|
|poke|p2|Musharna, F|
|poke|p2|Flapple, F|
|teampreview
|inactive|Battle timer is ON: inactive players will automatically lose when time's up. (requested by bathtubhippo)
|
|t:|1644178225
|start
|switch|p1a: Lanturn|Lanturn, F|100/100
|switch|p2a: Palossand|Palossand, M|100/100
|turn|1
|
|t:|1644178234
|switch|p2a: Musharna|Musharna, F|100/100
|move|p1a: Lanturn|Scald|p2a: Musharna
|-damage|p2a: Musharna|84/100
|-status|p2a: Musharna|brn
|-activate|p2a: Musharna|ability: Synchronize
|-status|p1a: Lanturn|brn
|
|-damage|p1a: Lanturn|94/100 brn|[from] brn
|-damage|p2a: Musharna|78/100 brn|[from] brn
|upkeep
|turn|2
|
|t:|1644178240
|move|p1a: Lanturn|Volt Switch|p2a: Musharna
|-damage|p2a: Musharna|61/100 brn
|
|t:|1644178245
|switch|p1a: Palossand|Palossand, M|100/100|[from]move: Volt Switch
|move|p2a: Musharna|Moonlight|p2a: Musharna
|-heal|p2a: Musharna|100/100 brn
|
|-damage|p2a: Musharna|94/100 brn|[from] brn
|upkeep
|turn|3
|
|t:|1644178252
|switch|p2a: Frosmoth|Frosmoth, F|100/100
|move|p1a: Palossand|Stealth Rock|p2a: Frosmoth
|-sidestart|p2: panned bomb|move: Stealth Rock
|
|upkeep
|turn|4
|
|t:|1644178256
|switch|p1a: Ferroseed|Ferroseed, M|100/100
|move|p2a: Frosmoth|Ice Beam|p1a: Ferroseed
|-damage|p1a: Ferroseed|64/100
|
|upkeep
|turn|5
|
|t:|1644178264
|move|p2a: Frosmoth|Substitute|p2a: Frosmoth
|-start|p2a: Frosmoth|Substitute
|-damage|p2a: Frosmoth|76/100
|move|p1a: Ferroseed|Gyro Ball|p2a: Frosmoth
|-supereffective|p2a: Frosmoth
|-crit|p2a: Frosmoth
|-end|p2a: Frosmoth|Substitute
|
|upkeep
|turn|6
|
|t:|1644178269
|switch|p2a: Perrserker|Perrserker, F|100/100
|-damage|p2a: Perrserker|95/100|[from] Stealth Rock
|move|p1a: Ferroseed|Gyro Ball|p2a: Perrserker
|-resisted|p2a: Perrserker
|-damage|p2a: Perrserker|76/100
|
|-heal|p2a: Perrserker|82/100|[from] item: Leftovers
|upkeep
|turn|7
|
|t:|1644178275
|switch|p1a: Palossand|Palossand, M|100/100
|move|p2a: Perrserker|Close Combat|p1a: Palossand
|-immune|p1a: Palossand
|
|-heal|p2a: Perrserker|88/100|[from] item: Leftovers
|upkeep
|turn|8
|
|t:|1644178281
|move|p2a: Perrserker|Protect|p2a: Perrserker
|-singleturn|p2a: Perrserker|Protect
|move|p1a: Palossand|Scorching Sands|p2a: Perrserker
|-activate|p2a: Perrserker|move: Protect
|
|-heal|p2a: Perrserker|94/100|[from] item: Leftovers
|upkeep
|turn|9
|
|t:|1644178284
|move|p2a: Perrserker|U-turn|p1a: Palossand
|-resisted|p1a: Palossand
|-damage|p1a: Palossand|91/100
|
|t:|1644178298
|switch|p2a: Flapple|Flapple, F|100/100|[from]move: U-turn
|-damage|p2a: Flapple|88/100|[from] Stealth Rock
|move|p1a: Palossand|Shadow Ball|p2a: Flapple
|-damage|p2a: Flapple|35/100
|
|upkeep
|turn|10
|
|t:|1644178303
|switch|p1a: Ferroseed|Ferroseed, M|64/100
|move|p2a: Flapple|U-turn|p1a: Ferroseed
|-damage|p1a: Ferroseed|45/100
|-damage|p2a: Flapple|23/100|[from] ability: Iron Barbs|[of] p1a: Ferroseed
|
|t:|1644178309
|switch|p2a: Perrserker|Perrserker, F|94/100|[from]move: U-turn
|-damage|p2a: Perrserker|88/100|[from] Stealth Rock
|
|-heal|p2a: Perrserker|94/100|[from] item: Leftovers
|upkeep
|turn|11
|
|t:|1644178313
|switch|p1a: Palossand|Palossand, M|91/100
|move|p2a: Perrserker|U-turn|p1a: Palossand
|-resisted|p1a: Palossand
|-damage|p1a: Palossand|82/100
|
|t:|1644178318
|switch|p2a: Frosmoth|Frosmoth, F|76/100|[from]move: U-turn
|
|upkeep
|turn|12
|
|t:|1644178324
|switch|p1a: Charizard|Charizard, F|100/100
|move|p2a: Frosmoth|Ice Beam|p1a: Charizard
|-damage|p1a: Charizard|59/100
|
|upkeep
|turn|13
|
|t:|1644178327
|switch|p2a: Archeops|Archeops, F|100/100
|move|p1a: Charizard|Mystical Fire|p2a: Archeops
|-resisted|p2a: Archeops
|-damage|p2a: Archeops|79/100
|-unboost|p2a: Archeops|spa|1
|
|upkeep
|turn|14
|
|t:|1644178333
|switch|p1a: Palossand|Palossand, M|82/100
|move|p2a: Archeops|Defog|p1a: Palossand
|-unboost|p1a: Palossand|evasion|1
|-sideend|p2: panned bomb|Stealth Rock|[from] move: Defog|[of] p2a: Archeops
|
|upkeep
|turn|15
|
|t:|1644178346
|switch|p2a: Frosmoth|Frosmoth, F|76/100
|move|p1a: Palossand|Shadow Ball|p2a: Frosmoth
|-damage|p2a: Frosmoth|60/100
|-unboost|p2a: Frosmoth|spd|1
|
|upkeep
|turn|16
|
|t:|1644178352
|switch|p1a: Lanturn|Lanturn, F|94/100 brn
|move|p2a: Frosmoth|Quiver Dance|p2a: Frosmoth
|-boost|p2a: Frosmoth|spa|1
|-boost|p2a: Frosmoth|spd|1
|-boost|p2a: Frosmoth|spe|1
|
|-heal|p1a: Lanturn|100/100 brn|[from] item: Leftovers
|-damage|p1a: Lanturn|94/100 brn|[from] brn
|upkeep
|turn|17
|
|t:|1644178355
|move|p2a: Frosmoth|Substitute|p2a: Frosmoth
|-start|p2a: Frosmoth|Substitute
|-damage|p2a: Frosmoth|35/100
|move|p1a: Lanturn|Toxic||[still]
|-fail|p1a: Lanturn
|
|-heal|p1a: Lanturn|100/100 brn|[from] item: Leftovers
|-damage|p1a: Lanturn|94/100 brn|[from] brn
|upkeep
|turn|18
|
|t:|1644178357
|move|p2a: Frosmoth|Quiver Dance|p2a: Frosmoth
|-boost|p2a: Frosmoth|spa|1
|-boost|p2a: Frosmoth|spd|1
|-boost|p2a: Frosmoth|spe|1
|move|p1a: Lanturn|Volt Switch|p2a: Frosmoth
|-activate|p2a: Frosmoth|move: Substitute|[damage]
|
|t:|1644178365
|switch|p1a: Scrafty|Scrafty, F|100/100|[from]move: Volt Switch
|
|upkeep
|turn|19
|
|t:|1644178368
|move|p2a: Frosmoth|Ice Beam|p1a: Scrafty
|-damage|p1a: Scrafty|2/100
|-status|p1a: Scrafty|frz
|cant|p1a: Scrafty|frz
|
|upkeep
|turn|20
|
|t:|1644178371
|move|p2a: Frosmoth|Ice Beam|p1a: Scrafty
|-damage|p1a: Scrafty|0 fnt
|faint|p1a: Scrafty
|
|upkeep
|
|t:|1644178377
|switch|p1a: Lanturn|Lanturn, F|94/100 brn
|turn|21
|
|t:|1644178379
|move|p2a: Frosmoth|Giga Drain|p1a: Lanturn
|-supereffective|p1a: Lanturn
|-damage|p1a: Lanturn|33/100 brn
|-heal|p2a: Frosmoth|79/100|[from] drain|[of] p1a: Lanturn
|move|p1a: Lanturn|Volt Switch|p2a: Frosmoth
|-activate|p2a: Frosmoth|move: Substitute|[damage]
|-message|bathtubhippo forfeited.
|
|win|panned bomb
|raw|bathtubhippo's rating: 1395 &rarr; <strong>1378</strong><br />(-17 for losing)
|raw|panned bomb's rating: 1440 &rarr; <strong>1457</strong><br />(+17 for winning)
|l|☆bathtubhippo
|c|☆panned bomb|GG
||Ladder isn't responding, score probably updated but might not have (Request timeout).
