|j|☆superjester5
|j|☆superluigifan100
|t:|1629326177
|gametype|singles
|player|p1|superjester5|lucas|1241
|player|p2|superluigifan100|wattson|1335
|teamsize|p1|6
|teamsize|p2|6
|gen|8
|tier|[Gen 8] PU
|rated|
|rule|Sleep Clause Mod: Limit one foe put to sleep
|rule|Species Clause: Limit one of each Pokémon
|rule|OHKO Clause: OHKO moves are banned
|rule|Evasion Moves Clause: Evasion moves are banned
|rule|Endless Battle Clause: Forcing endless battles is banned
|rule|HP Percentage Mod: HP is shown in percentages
|rule|Dynamax Clause: You cannot dynamax
|clearpoke
|poke|p1|Drifblim, M|
|poke|p1|Rapidash, M|
|poke|p1|Drampa, F|
|poke|p1|Skuntank, F|
|poke|p1|Tsareena, F|
|poke|p1|Froslass, F|
|poke|p2|Silvally-*|
|poke|p2|Liepard, F|
|poke|p2|Drifblim, M|
|poke|p2|Ribombee, F|
|poke|p2|Druddigon, F|
|poke|p2|Scrafty, F|
|teampreview
|
|t:|1629326184
|start
|switch|p1a: Froslass|Froslass, F|100/100
|switch|p2a: Ribombee|Ribombee, F|100/100
|turn|1
|
|t:|1629326188
|move|p2a: Ribombee|Moonblast|p1a: Froslass
|-damage|p1a: Froslass|31/100
|-unboost|p1a: Froslass|spa|1
|move|p1a: Froslass|Thunder Wave|p2a: Ribombee
|-status|p2a: Ribombee|par
|
|upkeep
|turn|2
|
|t:|1629326197
|move|p1a: Froslass|Spikes|p2a: Ribombee
|-sidestart|p2: superluigifan100|Spikes
|cant|p2a: Ribombee|par
|
|upkeep
|turn|3
|
|t:|1629326202
|move|p1a: Froslass|Spikes|p2a: Ribombee
|-sidestart|p2: superluigifan100|Spikes
|move|p2a: Ribombee|Sticky Web|p1a: Froslass
|-sidestart|p1: superjester5|move: Sticky Web
|
|upkeep
|turn|4
|
|t:|1629326207
|move|p1a: Froslass|Hex|p2a: Ribombee
|-damage|p2a: Ribombee|42/100 par
|move|p2a: Ribombee|Moonblast|p1a: Froslass
|-damage|p1a: Froslass|0 fnt
|faint|p1a: Froslass
|
|upkeep
|
|t:|1629326232
|switch|p1a: Tsareena|Tsareena, F|100/100
|-activate|p1a: Tsareena|move: Sticky Web
|-unboost|p1a: Tsareena|spe|1
|turn|5
|
|t:|1629326236
|switch|p2a: Drifblim|Drifblim, M|100/100
|move|p1a: Tsareena|Triple Axel|p2a: Drifblim
|-supereffective|p2a: Drifblim
|-damage|p2a: Drifblim|81/100
|-supereffective|p2a: Drifblim
|-damage|p2a: Drifblim|42/100
|-enditem|p2a: Drifblim|Sitrus Berry|[eat]
|-heal|p2a: Drifblim|67/100|[from] item: Sitrus Berry
|-supereffective|p2a: Drifblim
|-damage|p2a: Drifblim|6/100
|-hitcount|p2a: Drifblim|3
|
|upkeep
|turn|6
|
|t:|1629326246
|move|p2a: Drifblim|Strength Sap|p1a: Tsareena
|-unboost|p1a: Tsareena|atk|1
|-heal|p2a: Drifblim|83/100
|move|p1a: Tsareena|Triple Axel|p2a: Drifblim
|-supereffective|p2a: Drifblim
|-crit|p2a: Drifblim
|-damage|p2a: Drifblim|51/100
|-supereffective|p2a: Drifblim
|-damage|p2a: Drifblim|25/100
|-supereffective|p2a: Drifblim
|-damage|p2a: Drifblim|0 fnt
|faint|p2a: Drifblim
|-hitcount|p2: Drifblim|3
|
|upkeep
|
|t:|1629326260
|switch|p2a: Scrafty|Scrafty, F|100/100
|-damage|p2a: Scrafty|84/100|[from] Spikes
|turn|7
|
|t:|1629326264
|move|p2a: Scrafty|Dragon Dance|p2a: Scrafty
|-boost|p2a: Scrafty|atk|1
|-boost|p2a: Scrafty|spe|1
|move|p1a: Tsareena|High Jump Kick|p2a: Scrafty
|-supereffective|p2a: Scrafty
|-damage|p2a: Scrafty|15/100
|
|-heal|p2a: Scrafty|20/100|[from] item: Leftovers
|upkeep
|turn|8
|
|t:|1629326276
|move|p2a: Scrafty|Knock Off|p1a: Tsareena
|-damage|p1a: Tsareena|17/100
|-enditem|p1a: Tsareena|Assault Vest|[from] move: Knock Off|[of] p2a: Scrafty
|move|p1a: Tsareena|High Jump Kick|p2a: Scrafty
|-supereffective|p2a: Scrafty
|-damage|p2a: Scrafty|0 fnt
|faint|p2a: Scrafty
|
|upkeep
|
|t:|1629326280
|switch|p2a: Liepard|Liepard, F|100/100
|-damage|p2a: Liepard|84/100|[from] Spikes
|turn|9
|
|t:|1629326287
|move|p2a: Liepard|Knock Off|p1a: Tsareena
|-damage|p1a: Tsareena|0 fnt
|faint|p1a: Tsareena
|-damage|p2a: Liepard|74/100|[from] item: Life Orb
|
|upkeep
|
|t:|1629326309
|switch|p1a: Skuntank|Skuntank, F|100/100
|-activate|p1a: Skuntank|move: Sticky Web
|-unboost|p1a: Skuntank|spe|1
|turn|10
|
|t:|1629326315
|switch|p2a: Ribombee|Ribombee, F|42/100 par
|-damage|p2a: Ribombee|25/100 par|[from] Spikes
|move|p1a: Skuntank|Toxic||[still]
|-fail|p1a: Skuntank
|
|upkeep
|turn|11
|
|t:|1629326321
|move|p1a: Skuntank|Foul Play|p2a: Ribombee
|-resisted|p2a: Ribombee
|-damage|p2a: Ribombee|12/100 par
|move|p2a: Ribombee|Moonblast|p1a: Skuntank
|-damage|p1a: Skuntank|49/100
|-unboost|p1a: Skuntank|spa|1
|
|-heal|p1a: Skuntank|55/100|[from] item: Black Sludge
|upkeep
|turn|12
|
|t:|1629326329
|move|p1a: Skuntank|Protect|p1a: Skuntank
|-singleturn|p1a: Skuntank|Protect
|move|p2a: Ribombee|Moonblast|p1a: Skuntank
|-activate|p1a: Skuntank|move: Protect
|
|-heal|p1a: Skuntank|61/100|[from] item: Black Sludge
|upkeep
|turn|13
|
|t:|1629326335
|move|p1a: Skuntank|Foul Play|p2a: Ribombee
|-resisted|p2a: Ribombee
|-damage|p2a: Ribombee|0 fnt
|faint|p2a: Ribombee
|
|-heal|p1a: Skuntank|67/100|[from] item: Black Sludge
|upkeep
|
|t:|1629326342
|switch|p2a: Silvally|Silvally-Steel|100/100
|-damage|p2a: Silvally|84/100|[from] Spikes
|turn|14
|
|t:|1629326347
|move|p1a: Skuntank|Protect|p1a: Skuntank
|-singleturn|p1a: Skuntank|Protect
|move|p2a: Silvally|Multi-Attack|p1a: Skuntank
|-activate|p1a: Skuntank|move: Protect
|
|-heal|p1a: Skuntank|73/100|[from] item: Black Sludge
|upkeep
|turn|15
|
|t:|1629326355
|move|p2a: Silvally|Multi-Attack|p1a: Skuntank
|-damage|p1a: Skuntank|13/100
|move|p1a: Skuntank|Foul Play|p2a: Silvally
|-damage|p2a: Silvally|38/100
|
|-heal|p1a: Skuntank|20/100|[from] item: Black Sludge
|upkeep
|turn|16
|
|t:|1629326363
|move|p2a: Silvally|Multi-Attack|p1a: Skuntank
|-damage|p1a: Skuntank|0 fnt
|-damage|p2a: Silvally|13/100|[from] ability: Aftermath|[of] p1a: Skuntank
|faint|p1a: Skuntank
|
|upkeep
|
|t:|1629326380
|switch|p1a: Drifblim|Drifblim, M|100/100
|turn|17
|
|t:|1629326384
|move|p2a: Silvally|Parting Shot|p1a: Drifblim
|-unboost|p1a: Drifblim|atk|1
|-unboost|p1a: Drifblim|spa|1
|
|t:|1629326387
|switch|p2a: Liepard|Liepard, F|74/100|[from]move: Parting Shot
|-damage|p2a: Liepard|58/100|[from] Spikes
|move|p1a: Drifblim|Phantom Force||[still]
|-prepare|p1a: Drifblim|Phantom Force
|-enditem|p1a: Drifblim|Power Herb
|-anim|p1a: Drifblim|Phantom Force|p2a: Liepard
|-resisted|p2a: Liepard
|-damage|p2a: Liepard|33/100
|
|upkeep
|turn|18
|
|t:|1629326395
|move|p2a: Liepard|Copycat|p2a: Liepard
|move|p2a: Liepard|Phantom Force||[from]move: Copycat|[still]
|-prepare|p2a: Liepard|Phantom Force
|move|p1a: Drifblim|Acrobatics|p2a: Liepard|[miss]
|-miss|p1a: Drifblim|p2a: Liepard
|
|upkeep
|turn|19
|
|t:|1629326400
|switch|p1a: Drampa|Drampa, F|100/100
|-activate|p1a: Drampa|move: Sticky Web
|-unboost|p1a: Drampa|spe|1
|-ability|p1a: Drampa|Cloud Nine
|move|p2a: Liepard|Phantom Force|p1a: Drampa|[from]lockedmove
|-immune|p1a: Drampa
|
|upkeep
|turn|20
|
|t:|1629326413
|move|p2a: Liepard|Play Rough|p1a: Drampa
|-supereffective|p1a: Drampa
|-damage|p1a: Drampa|8/100
|-damage|p2a: Liepard|24/100|[from] item: Life Orb
|move|p1a: Drampa|Hyper Voice|p2a: Liepard
|-damage|p2a: Liepard|0 fnt
|faint|p2a: Liepard
|-damage|p1a: Drampa|0 fnt|[from] item: Life Orb
|faint|p1a: Drampa
|
|upkeep
|
|t:|1629326433
|switch|p2a: Silvally|Silvally-Steel|13/100
|switch|p1a: Drifblim|Drifblim, M|100/100
|-damage|p2a: Silvally|0 fnt|[from] Spikes
|faint|p2a: Silvally
|
|t:|1629326435
|switch|p2a: Druddigon|Druddigon, F|100/100
|-damage|p2a: Druddigon|84/100|[from] Spikes
|turn|21
|
|t:|1629326441
|move|p1a: Drifblim|Acrobatics|p2a: Druddigon
|-damage|p2a: Druddigon|38/100
|-damage|p1a: Drifblim|88/100|[from] ability: Rough Skin|[of] p2a: Druddigon
|move|p2a: Druddigon|Glare|p1a: Drifblim
|-status|p1a: Drifblim|par
|
|-heal|p2a: Druddigon|44/100|[from] item: Leftovers
|upkeep
|turn|22
|
|t:|1629326449
|move|p2a: Druddigon|Dragon Claw|p1a: Drifblim
|-damage|p1a: Drifblim|24/100 par
|move|p1a: Drifblim|Acrobatics|p2a: Druddigon
|-damage|p2a: Druddigon|0 fnt
|-damage|p1a: Drifblim|12/100 par|[from] ability: Rough Skin|[of] p2a: Druddigon
|faint|p2a: Druddigon
|
|win|superjester5
|raw|superjester5's rating: 1241 &rarr; <strong>1271</strong><br />(+30 for winning)
|raw|superluigifan100's rating: 1315 &rarr; <strong>1291</strong><br />(-24 for losing)
