|j|☆acluh1
|j|☆wizafda
|t:|1651799027
|gametype|singles
|player|p1|acluh1|karen|1343
|player|p2|wizafda|266|1329
|teamsize|p1|6
|teamsize|p2|6
|gen|8
|tier|[Gen 8] PU
|rated|
|rule|Sleep Clause Mod: Limit one foe put to sleep
|rule|Species Clause: Limit one of each Pokémon
|rule|OHKO Clause: OHKO moves are banned
|rule|Evasion Moves Clause: Evasion moves are banned
|rule|Endless Battle Clause: Forcing endless battles is banned
|rule|HP Percentage Mod: HP is shown in percentages
|rule|Dynamax Clause: You cannot dynamax
|clearpoke
|poke|p1|Dusclops, M|
|poke|p1|Musharna, M|
|poke|p1|Glastrier|
|poke|p1|Cursola, M|
|poke|p1|Gigalith, M|
|poke|p1|Eldegoss, F|
|poke|p2|Ferroseed, F|
|poke|p2|Articuno-Galar|
|poke|p2|Jolteon, M|
|poke|p2|Basculin-Blue-Striped, F|
|poke|p2|Claydol|
|poke|p2|Regice|
|teampreview
|inactive|Battle timer is ON: inactive players will automatically lose when time's up. (requested by wizafda)
|inactive|acluh1 also wants the timer to be on.
|
|t:|1651799050
|start
|switch|p1a: Dusclops|Dusclops, M, shiny|100/100
|switch|p2a: Regice|Regice|100/100
|-item|p2a: Regice|Leftovers|[from] ability: Frisk|[of] p1a: Dusclops|[identify]
|turn|1
|
|t:|1651799058
|-singleturn|p1a: Dusclops|move: Focus Punch
|move|p2a: Regice|Toxic|p1a: Dusclops
|-status|p1a: Dusclops|tox
|move|p1a: Dusclops|Focus Punch|p2a: Regice
|-supereffective|p2a: Regice
|-damage|p2a: Regice|35/100
|
|-heal|p2a: Regice|41/100|[from] item: Leftovers
|-damage|p1a: Dusclops|95/100 tox|[from] psn
|upkeep
|turn|2
|j| no quag????
|
|t:|1651799069
|move|p2a: Regice|Ice Beam|p1a: Dusclops
|-damage|p1a: Dusclops|73/100 tox
|move|p1a: Dusclops|Poltergeist|p2a: Regice|[miss]
|-miss|p1a: Dusclops|p2a: Regice
|
|-heal|p2a: Regice|47/100|[from] item: Leftovers
|-damage|p1a: Dusclops|61/100 tox|[from] psn
|upkeep
|turn|3
|
|t:|1651799078
|move|p2a: Regice|Rest|p2a: Regice
|-status|p2a: Regice|slp|[from] move: Rest
|-heal|p2a: Regice|100/100 slp|[silent]
|move|p1a: Dusclops|Poltergeist|p2a: Regice
|-activate|p2a: Regice|move: Poltergeist|Leftovers
|-damage|p2a: Regice|60/100 slp
|
|-heal|p2a: Regice|66/100 slp|[from] item: Leftovers
|-damage|p1a: Dusclops|43/100 tox|[from] psn
|upkeep
|turn|4
|
|t:|1651799089
|cant|p2a: Regice|slp
|move|p2a: Regice|Sleep Talk|p2a: Regice
|move|p2a: Regice|Ice Beam|p1a: Dusclops|[from]move: Sleep Talk
|-damage|p1a: Dusclops|22/100 tox
|move|p1a: Dusclops|Trick Room|p1a: Dusclops
|-fieldstart|move: Trick Room|[of] p1a: Dusclops
|
|-heal|p2a: Regice|72/100 slp|[from] item: Leftovers
|-damage|p1a: Dusclops|0 fnt|[from] psn
|faint|p1a: Dusclops
|upkeep
|l| no quag????
|
|t:|1651799104
|switch|p1a: Gigalith|Gigalith, M, shiny|100/100
|-weather|Sandstorm|[from] ability: Sand Stream|[of] p1a: Gigalith
|turn|5
|
|t:|1651799111
|switch|p2a: Claydol|Claydol|100/100
|move|p1a: Gigalith|Throat Chop|p2a: Claydol
|-supereffective|p2a: Claydol
|-damage|p2a: Claydol|50/100
|-start|p2a: Claydol|Throat Chop|[silent]
|
|-weather|Sandstorm|[upkeep]
|-heal|p2a: Claydol|57/100|[from] item: Leftovers
|upkeep
|turn|6
|
|t:|1651799119
|move|p1a: Gigalith|Throat Chop|p2a: Claydol
|-supereffective|p2a: Claydol
|-damage|p2a: Claydol|0 fnt
|faint|p2a: Claydol
|
|-weather|Sandstorm|[upkeep]
|upkeep
|
|t:|1651799127
|switch|p2a: Ferroseed|Ferroseed, F|100/100
|turn|7
|
|t:|1651799134
|move|p1a: Gigalith|Earthquake|p2a: Ferroseed
|-damage|p2a: Ferroseed|73/100
|move|p2a: Ferroseed|Spikes|p1a: Gigalith
|-sidestart|p1: acluh1|Spikes
|
|-weather|Sandstorm|[upkeep]
|upkeep
|turn|8
|c|☆wizafda|i get too greedy on the min max rolls :/
|
|t:|1651799146
|move|p1a: Gigalith|Earthquake|p2a: Ferroseed
|-damage|p2a: Ferroseed|46/100
|move|p2a: Ferroseed|Leech Seed|p1a: Gigalith
|-start|p1a: Gigalith|move: Leech Seed
|
|-weather|Sandstorm|[upkeep]
|-damage|p1a: Gigalith|88/100|[from] Leech Seed|[of] p2a: Ferroseed
|-heal|p2a: Ferroseed|62/100|[silent]
|-fieldend|move: Trick Room
|upkeep
|turn|9
|
|t:|1651799164
|switch|p1a: Glastrier|Glastrier|100/100
|-damage|p1a: Glastrier|88/100|[from] Spikes
|move|p2a: Ferroseed|Knock Off|p1a: Glastrier
|-damage|p1a: Glastrier|79/100
|-enditem|p1a: Glastrier|Choice Band|[from] move: Knock Off|[of] p2a: Ferroseed
|
|-weather|none
|upkeep
|turn|10
|
|t:|1651799189
|move|p1a: Glastrier|Close Combat|p2a: Ferroseed
|-supereffective|p2a: Ferroseed
|-damage|p2a: Ferroseed|3/100
|-unboost|p1a: Glastrier|def|1
|-unboost|p1a: Glastrier|spd|1
|-damage|p1a: Glastrier|67/100|[from] ability: Iron Barbs|[of] p2a: Ferroseed
|move|p2a: Ferroseed|Leech Seed|p1a: Glastrier
|-start|p1a: Glastrier|move: Leech Seed
|
|-damage|p1a: Glastrier|54/100|[from] Leech Seed|[of] p2a: Ferroseed
|-heal|p2a: Ferroseed|20/100|[silent]
|upkeep
|turn|11
|
|t:|1651799199
|move|p2a: Ferroseed|Protect|p2a: Ferroseed
|-singleturn|p2a: Ferroseed|Protect
|move|p1a: Glastrier|Icicle Crash|p2a: Ferroseed
|-activate|p2a: Ferroseed|move: Protect
|
|-damage|p1a: Glastrier|42/100|[from] Leech Seed|[of] p2a: Ferroseed
|-heal|p2a: Ferroseed|37/100|[silent]
|upkeep
|turn|12
|
|t:|1651799210
|switch|p1a: Eldegoss|Eldegoss, F, shiny|100/100
|move|p2a: Ferroseed|Spikes|p1a: Eldegoss
|-sidestart|p1: acluh1|Spikes
|
|upkeep
|turn|13
|
|t:|1651799215
|move|p1a: Eldegoss|Rapid Spin|p2a: Ferroseed
|-resisted|p2a: Ferroseed
|-damage|p2a: Ferroseed|35/100
|-boost|p1a: Eldegoss|spe|1
|-damage|p1a: Eldegoss|88/100|[from] ability: Iron Barbs|[of] p2a: Ferroseed
|-sideend|p1: acluh1|Spikes|[from] move: Rapid Spin|[of] p1a: Eldegoss
|move|p2a: Ferroseed|Knock Off|p1a: Eldegoss
|-damage|p1a: Eldegoss|73/100
|-enditem|p1a: Eldegoss|Heavy-Duty Boots|[from] move: Knock Off|[of] p2a: Ferroseed
|
|upkeep
|turn|14
|
|t:|1651799228
|switch|p1a: Glastrier|Glastrier|42/100
|move|p2a: Ferroseed|Leech Seed|p1a: Glastrier|[miss]
|-miss|p2a: Ferroseed|p1a: Glastrier
|
|upkeep
|turn|15
|
|t:|1651799237
|switch|p2a: Jolteon|Jolteon, M|100/100
|move|p1a: Glastrier|Icicle Crash|p2a: Jolteon
|-damage|p2a: Jolteon|25/100
|
|upkeep
|turn|16
|
|t:|1651799244
|switch|p1a: Musharna|Musharna, M, shiny|100/100
|move|p2a: Jolteon|Volt Switch|p1a: Musharna
|-damage|p1a: Musharna|80/100
|
|t:|1651799249
|switch|p2a: Basculin|Basculin-Blue-Striped, F|100/100|[from]move: Volt Switch
|
|-heal|p1a: Musharna|86/100|[from] item: Leftovers
|upkeep
|turn|17
|
|t:|1651799254
|move|p2a: Basculin|Crunch|p1a: Musharna
|-supereffective|p1a: Musharna
|-damage|p1a: Musharna|22/100
|move|p1a: Musharna|Trick Room|p1a: Musharna
|-fieldstart|move: Trick Room|[of] p1a: Musharna
|
|-heal|p1a: Musharna|28/100|[from] item: Leftovers
|upkeep
|turn|18
|
|t:|1651799261
|move|p1a: Musharna|Psyshock|p2a: Basculin
|-crit|p2a: Basculin
|-damage|p2a: Basculin|2/100
|move|p2a: Basculin|Crunch|p1a: Musharna
|-supereffective|p1a: Musharna
|-damage|p1a: Musharna|0 fnt
|faint|p1a: Musharna
|
|upkeep
|
|t:|1651799271
|switch|p1a: Glastrier|Glastrier|42/100
|turn|19
|
|t:|1651799280
|switch|p2a: Jolteon|Jolteon, M|25/100
|move|p1a: Glastrier|Crunch|p2a: Jolteon
|-crit|p2a: Jolteon
|-damage|p2a: Jolteon|0 fnt
|faint|p2a: Jolteon
|-ability|p1a: Glastrier|Chilling Neigh|boost
|-boost|p1a: Glastrier|atk|1
|
|upkeep
|
|t:|1651799288
|switch|p2a: Ferroseed|Ferroseed, F|35/100
|turn|20
|
|t:|1651799292
|move|p2a: Ferroseed|Protect|p2a: Ferroseed
|-singleturn|p2a: Ferroseed|Protect
|move|p1a: Glastrier|Icicle Crash|p2a: Ferroseed
|-activate|p2a: Ferroseed|move: Protect
|
|upkeep
|turn|21
|
|t:|1651799298
|move|p2a: Ferroseed|Leech Seed|p1a: Glastrier
|-start|p1a: Glastrier|move: Leech Seed
|move|p1a: Glastrier|Icicle Crash|p2a: Ferroseed
|-damage|p2a: Ferroseed|0 fnt
|faint|p2a: Ferroseed
|-ability|p1a: Glastrier|Chilling Neigh|boost
|-boost|p1a: Glastrier|atk|1
|
|-fieldend|move: Trick Room
|upkeep
|inactive|wizafda has 120 seconds left.
|
|t:|1651799328
|switch|p2a: Basculin|Basculin-Blue-Striped, F|2/100
|turn|22
|
|t:|1651799334
|move|p2a: Basculin|Flip Turn|p1a: Glastrier
|-damage|p1a: Glastrier|3/100
|
|t:|1651799339
|switch|p2a: Regice|Regice|72/100 slp|[from]move: Flip Turn
|move|p1a: Glastrier|Crunch|p2a: Regice
|-damage|p2a: Regice|12/100 slp
|
|-heal|p2a: Regice|18/100 slp|[from] item: Leftovers
|-damage|p1a: Glastrier|0 fnt|[from] Leech Seed|[of] p2a: Regice
|-heal|p2a: Regice|20/100 slp|[silent]
|faint|p1a: Glastrier
|upkeep
|
|t:|1651799343
|switch|p1a: Gigalith|Gigalith, M, shiny|88/100
|-weather|Sandstorm|[from] ability: Sand Stream|[of] p1a: Gigalith
|turn|23
|
|t:|1651799356
|cant|p2a: Regice|slp
|move|p1a: Gigalith|Stealth Rock|p2a: Regice
|-sidestart|p2: wizafda|move: Stealth Rock
|
|-weather|Sandstorm|[upkeep]
|-damage|p2a: Regice|14/100 slp|[from] Sandstorm
|-heal|p2a: Regice|20/100 slp|[from] item: Leftovers
|upkeep
|turn|24
|
|t:|1651799364
|-curestatus|p2a: Regice|slp|[msg]
|move|p2a: Regice|Rest|p2a: Regice
|-status|p2a: Regice|slp|[from] move: Rest
|-heal|p2a: Regice|100/100 slp|[silent]
|move|p1a: Gigalith|Rock Blast|p2a: Regice
|-supereffective|p2a: Regice
|-damage|p2a: Regice|69/100 slp
|-supereffective|p2a: Regice
|-damage|p2a: Regice|40/100 slp
|-supereffective|p2a: Regice
|-damage|p2a: Regice|10/100 slp
|-hitcount|p2a: Regice|3
|
|-weather|Sandstorm|[upkeep]
|-damage|p2a: Regice|4/100 slp|[from] Sandstorm
|-heal|p2a: Regice|10/100 slp|[from] item: Leftovers
|upkeep
|turn|25
|
|t:|1651799378
|cant|p2a: Regice|slp
|move|p2a: Regice|Sleep Talk|p2a: Regice
|move|p2a: Regice|Toxic|p1a: Gigalith|[from]move: Sleep Talk|[miss]
|-miss|p2a: Regice|p1a: Gigalith
|move|p1a: Gigalith|Rock Blast|p2a: Regice
|-supereffective|p2a: Regice
|-damage|p2a: Regice|0 fnt
|faint|p2a: Regice
|-hitcount|p2: Regice|1
|
|-weather|Sandstorm|[upkeep]
|upkeep
|
|t:|1651799387
|switch|p2a: Articuno|Articuno-Galar|100/100
|-damage|p2a: Articuno|76/100|[from] Stealth Rock
|turn|26
|c|☆wizafda|gg
|
|t:|1651799392
|move|p2a: Articuno|Freezing Glare|p1a: Gigalith
|-damage|p1a: Gigalith|40/100
|move|p1a: Gigalith|Rock Blast|p2a: Articuno
|-supereffective|p2a: Articuno
|-damage|p2a: Articuno|34/100
|-supereffective|p2a: Articuno
|-damage|p2a: Articuno|0 fnt
|faint|p2a: Articuno
|-hitcount|p2: Articuno|2
|
|-weather|Sandstorm|[upkeep]
|upkeep
|c|☆acluh1|gg
|
|t:|1651799400
|switch|p2a: Basculin|Basculin-Blue-Striped, F|2/100
|-damage|p2a: Basculin|0 fnt|[from] Stealth Rock
|faint|p2a: Basculin
|
|win|acluh1
|raw|acluh1's rating: 1343 &rarr; <strong>1362</strong><br />(+19 for winning)
|raw|wizafda's rating: 1329 &rarr; <strong>1310</strong><br />(-19 for losing)
|l|☆wizafda
||Ladder isn't responding, score probably updated but might not have (Request timeout).
