|html|<div class="broadcast-blue"><strong>[Gen 8] PU is currently suspecting Scyther! For information on how to participate check out the <a href="https://www.smogon.com/forums/threads/np-ss-pu-stage-11-turn-turn-turn-scyther-retest.3707179/">suspect thread</a>.</strong></div>
|j|☆DoubleMissMatt
|j|☆vishoclock
|t:|1663004896
|gametype|singles
|player|p1|DoubleMissMatt|2|1513
|player|p2|vishoclock|cyrus|1476
|teamsize|p1|6
|teamsize|p2|6
|gen|8
|tier|[Gen 8] PU
|rated|
|rule|Sleep Clause Mod: Limit one foe put to sleep
|rule|Species Clause: Limit one of each Pokémon
|rule|OHKO Clause: OHKO moves are banned
|rule|Evasion Items Clause: Evasion items are banned
|rule|Evasion Moves Clause: Evasion moves are banned
|rule|Endless Battle Clause: Forcing endless battles is banned
|rule|HP Percentage Mod: HP is shown in percentages
|rule|Dynamax Clause: You cannot dynamax
|clearpoke
|poke|p1|Sandaconda, F|
|poke|p1|Scyther, M|
|poke|p1|Jolteon, M|
|poke|p1|Eldegoss, F|
|poke|p1|Gigalith, F|
|poke|p1|Weezing, M|
|poke|p2|Binacle, F|
|poke|p2|Eldegoss, M|
|poke|p2|Gigalith, F|
|poke|p2|Garbodor, F|
|poke|p2|Silvally-*|
|poke|p2|Comfey, M|
|teampreview
|
|t:|1663004917
|start
|switch|p1a: Draft Stopper|Sandaconda, F|100/100
|switch|p2a: Garbodor|Garbodor, F|100/100
|turn|1
|
|t:|1663004928
|move|p1a: Draft Stopper|Substitute|p1a: Draft Stopper
|-start|p1a: Draft Stopper|Substitute
|-damage|p1a: Draft Stopper|75/100
|move|p2a: Garbodor|Toxic Spikes|p1a: Draft Stopper
|-sidestart|p1: DoubleMissMatt|move: Toxic Spikes
|
|-heal|p1a: Draft Stopper|82/100|[from] item: Leftovers
|upkeep
|turn|2
|
|t:|1663004935
|switch|p2a: Eldegoss|Eldegoss, M|100/100
|move|p1a: Draft Stopper|Coil|p1a: Draft Stopper
|-boost|p1a: Draft Stopper|atk|1
|-boost|p1a: Draft Stopper|def|1
|-boost|p1a: Draft Stopper|accuracy|1
|
|-heal|p1a: Draft Stopper|88/100|[from] item: Leftovers
|upkeep
|turn|3
|
|t:|1663004938
|move|p1a: Draft Stopper|Stone Edge|p2a: Eldegoss
|-damage|p2a: Eldegoss|68/100
|move|p2a: Eldegoss|Giga Drain|p1a: Draft Stopper
|-supereffective|p1a: Draft Stopper
|-end|p1a: Draft Stopper|Substitute
|-heal|p2a: Eldegoss|82/100|[from] drain|[of] p1a: Draft Stopper
|
|-heal|p1a: Draft Stopper|94/100|[from] item: Leftovers
|upkeep
|turn|4
|
|t:|1663004946
|switch|p1a: Whimsicott's Nan|Eldegoss, F|100/100
|move|p2a: Eldegoss|Sleep Powder|p1a: Whimsicott's Nan
|-immune|p1a: Whimsicott's Nan
|
|upkeep
|turn|5
|
|t:|1663004951
|switch|p2a: Silvally|Silvally-Ghost|100/100
|move|p1a: Whimsicott's Nan|Sleep Powder|p2a: Silvally
|-status|p2a: Silvally|slp|[from] move: Sleep Powder
|
|upkeep
|turn|6
|
|t:|1663004958
|switch|p1a: Floating Tumours|Weezing, M|100/100
|cant|p2a: Silvally|slp
|
|upkeep
|turn|7
|
|t:|1663004963
|-curestatus|p2a: Silvally|slp|[msg]
|move|p2a: Silvally|Substitute|p2a: Silvally
|-start|p2a: Silvally|Substitute
|-damage|p2a: Silvally|76/100
|move|p1a: Floating Tumours|Toxic Spikes|p2a: Silvally
|-sidestart|p2: vishoclock|move: Toxic Spikes
|
|upkeep
|turn|8
|
|t:|1663004973
|switch|p1a: Freddy Krueger|Scyther, M|100/100
|move|p2a: Silvally|Swords Dance|p2a: Silvally
|-boost|p2a: Silvally|atk|2
|
|upkeep
|turn|9
|
|t:|1663004985
|move|p1a: Freddy Krueger|Dual Wingbeat|p2a: Silvally
|-end|p2a: Silvally|Substitute
|-damage|p2a: Silvally|44/100
|-hitcount|p2a: Silvally|2
|move|p2a: Silvally|Flame Charge|p1a: Freddy Krueger
|-supereffective|p1a: Freddy Krueger
|-damage|p1a: Freddy Krueger|21/100
|-boost|p2a: Silvally|spe|1
|
|upkeep
|turn|10
|
|t:|1663005006
|switch|p1a: Floating Tumours|Weezing, M|100/100
|move|p2a: Silvally|Multi-Attack|p1a: Floating Tumours
|-crit|p1a: Floating Tumours
|-damage|p1a: Floating Tumours|3/100
|
|-heal|p1a: Floating Tumours|9/100|[from] item: Black Sludge
|upkeep
|turn|11
|
|t:|1663005015
|move|p2a: Silvally|Flame Charge|p1a: Floating Tumours
|-damage|p1a: Floating Tumours|0 fnt
|-boost|p2a: Silvally|spe|1
|faint|p1a: Floating Tumours
|
|upkeep
|
|t:|1663005023
|switch|p1a: Not just a boulder|Gigalith, F|100/100
|-status|p1a: Not just a boulder|psn
|-weather|Sandstorm|[from] ability: Sand Stream|[of] p1a: Not just a boulder
|turn|12
|
|t:|1663005027
|move|p2a: Silvally|Multi-Attack|p1a: Not just a boulder
|-damage|p1a: Not just a boulder|23/100 psn
|move|p1a: Not just a boulder|Rock Blast|p2a: Silvally
|-damage|p2a: Silvally|31/100
|-crit|p2a: Silvally
|-damage|p2a: Silvally|13/100
|-hitcount|p2a: Silvally|2
|
|-weather|Sandstorm|[upkeep]
|-damage|p2a: Silvally|7/100|[from] Sandstorm
|-heal|p1a: Not just a boulder|29/100 psn|[from] item: Leftovers
|-damage|p1a: Not just a boulder|17/100 psn|[from] psn
|upkeep
|turn|13
|
|t:|1663005041
|move|p2a: Silvally|Multi-Attack|p1a: Not just a boulder
|-damage|p1a: Not just a boulder|0 fnt
|faint|p1a: Not just a boulder
|
|-weather|Sandstorm|[upkeep]
|-damage|p2a: Silvally|1/100|[from] Sandstorm
|upkeep
|inactive|Battle timer is ON: inactive players will automatically lose when time's up. (requested by vishoclock)
|inactive|DoubleMissMatt has 120 seconds left.
|
|t:|1663005109
|switch|p1a: Whimsicott's Nan|Eldegoss, F|100/100
|turn|14
|j| incorrigiblescrub
|
|t:|1663005112
|move|p2a: Silvally|Multi-Attack|p1a: Whimsicott's Nan
|-damage|p1a: Whimsicott's Nan|4/100
|move|p1a: Whimsicott's Nan|Giga Drain|p2a: Silvally
|-damage|p2a: Silvally|0 fnt
|-heal|p1a: Whimsicott's Nan|5/100|[from] drain|[of] p2a: Silvally
|faint|p2a: Silvally
|
|-weather|Sandstorm|[upkeep]
|-damage|p1a: Whimsicott's Nan|0 fnt|[from] Sandstorm
|faint|p1a: Whimsicott's Nan
|upkeep
|
|t:|1663005122
|switch|p2a: Garbodor|Garbodor, F|100/100
|switch|p1a: Bolt (2008)|Jolteon, M|100/100
|-status|p1a: Bolt (2008)|psn
|-sideend|p2: vishoclock|move: Toxic Spikes|[of] p2a: Garbodor
|turn|15
|
|t:|1663005129
|switch|p2a: Gigalith|Gigalith, F|100/100
|move|p1a: Bolt (2008)|Volt Switch|p2a: Gigalith
|-damage|p2a: Gigalith|77/100
|
|t:|1663005132
|switch|p1a: Draft Stopper|Sandaconda, F|94/100|[from]move: Volt Switch
|-status|p1a: Draft Stopper|psn
|
|-weather|Sandstorm|[upkeep]
|-heal|p1a: Draft Stopper|99/100 psn|[from] item: Leftovers
|-heal|p2a: Gigalith|83/100|[from] item: Leftovers
|-damage|p1a: Draft Stopper|87/100 psn|[from] psn
|upkeep
|turn|16
|c| incorrigiblescrub|that nickname for eldegoss gave me a chuckle
|
|t:|1663005146
|switch|p1a: Freddy Krueger|Scyther, M|21/100
|move|p2a: Gigalith|Stealth Rock|p1a: Freddy Krueger
|-sidestart|p1: DoubleMissMatt|move: Stealth Rock
|
|-weather|none
|-heal|p2a: Gigalith|89/100|[from] item: Leftovers
|upkeep
|turn|17
|
|t:|1663005151
|switch|p1a: Draft Stopper|Sandaconda, F|87/100 psn
|-damage|p1a: Draft Stopper|81/100 psn|[from] Stealth Rock
|move|p2a: Gigalith|Rock Blast|p1a: Draft Stopper
|-resisted|p1a: Draft Stopper
|-damage|p1a: Draft Stopper|77/100 psn
|-resisted|p1a: Draft Stopper
|-damage|p1a: Draft Stopper|73/100 psn
|-hitcount|p1a: Draft Stopper|2
|
|-heal|p1a: Draft Stopper|79/100 psn|[from] item: Leftovers
|-heal|p2a: Gigalith|95/100|[from] item: Leftovers
|-damage|p1a: Draft Stopper|66/100 psn|[from] psn
|upkeep
|turn|18
|
|t:|1663005157
|move|p2a: Gigalith|Protect|p2a: Gigalith
|-singleturn|p2a: Gigalith|Protect
|move|p1a: Draft Stopper|Coil|p1a: Draft Stopper
|-boost|p1a: Draft Stopper|atk|1
|-boost|p1a: Draft Stopper|def|1
|-boost|p1a: Draft Stopper|accuracy|1
|
|-heal|p1a: Draft Stopper|72/100 psn|[from] item: Leftovers
|-heal|p2a: Gigalith|100/100|[from] item: Leftovers
|-damage|p1a: Draft Stopper|60/100 psn|[from] psn
|upkeep
|turn|19
|
|t:|1663005160
|switch|p2a: Eldegoss|Eldegoss, M|100/100
|move|p1a: Draft Stopper|Stone Edge|p2a: Eldegoss
|-damage|p2a: Eldegoss|67/100
|
|-heal|p1a: Draft Stopper|66/100 psn|[from] item: Leftovers
|-damage|p1a: Draft Stopper|54/100 psn|[from] psn
|upkeep
|turn|20
|
|t:|1663005167
|switch|p1a: Freddy Krueger|Scyther, M|21/100
|move|p2a: Eldegoss|Leech Seed|p1a: Freddy Krueger
|-start|p1a: Freddy Krueger|move: Leech Seed
|
|-damage|p1a: Freddy Krueger|9/100|[from] Leech Seed|[of] p2a: Eldegoss
|-heal|p2a: Eldegoss|78/100|[silent]
|upkeep
|turn|21
|l| incorrigiblescrub
|
|t:|1663005171
|switch|p2a: Garbodor|Garbodor, F|100/100
|move|p1a: Freddy Krueger|Roost|p1a: Freddy Krueger
|-heal|p1a: Freddy Krueger|59/100
|-singleturn|p1a: Freddy Krueger|move: Roost
|
|-damage|p1a: Freddy Krueger|47/100|[from] Leech Seed|[of] p2a: Garbodor
|upkeep
|turn|22
|j| incorrigiblescrub
|
|t:|1663005175
|move|p1a: Freddy Krueger|U-turn|p2a: Garbodor
|-resisted|p2a: Garbodor
|-damage|p2a: Garbodor|87/100
|-damage|p1a: Freddy Krueger|30/100|[from] item: Rocky Helmet|[of] p2a: Garbodor
|
|t:|1663005178
|switch|p1a: Draft Stopper|Sandaconda, F|54/100 psn|[from]move: U-turn
|-damage|p1a: Draft Stopper|48/100 psn|[from] Stealth Rock
|move|p2a: Garbodor|Spikes|p1a: Draft Stopper
|-sidestart|p1: DoubleMissMatt|Spikes
|
|-heal|p1a: Draft Stopper|54/100 psn|[from] item: Leftovers
|-damage|p1a: Draft Stopper|41/100 psn|[from] psn
|upkeep
|turn|23
|
|t:|1663005189
|move|p1a: Draft Stopper|Coil|p1a: Draft Stopper
|-boost|p1a: Draft Stopper|atk|1
|-boost|p1a: Draft Stopper|def|1
|-boost|p1a: Draft Stopper|accuracy|1
|move|p2a: Garbodor|Spikes|p1a: Draft Stopper
|-sidestart|p1: DoubleMissMatt|Spikes
|
|-heal|p1a: Draft Stopper|47/100 psn|[from] item: Leftovers
|-damage|p1a: Draft Stopper|35/100 psn|[from] psn
|upkeep
|turn|24
|
|t:|1663005195
|move|p1a: Draft Stopper|Stone Edge|p2a: Garbodor
|-damage|p2a: Garbodor|56/100
|move|p2a: Garbodor|Spikes|p1a: Draft Stopper
|-sidestart|p1: DoubleMissMatt|Spikes
|
|-activate|p1a: Draft Stopper|ability: Shed Skin
|-curestatus|p1a: Draft Stopper|psn|[msg]
|-heal|p1a: Draft Stopper|41/100|[from] item: Leftovers
|upkeep
|turn|25
|
|t:|1663005205
|switch|p2a: Eldegoss|Eldegoss, M|100/100
|move|p1a: Draft Stopper|Coil|p1a: Draft Stopper
|-boost|p1a: Draft Stopper|atk|1
|-boost|p1a: Draft Stopper|def|1
|-boost|p1a: Draft Stopper|accuracy|1
|
|-heal|p1a: Draft Stopper|47/100|[from] item: Leftovers
|upkeep
|turn|26
|
|t:|1663005209
|move|p1a: Draft Stopper|Substitute|p1a: Draft Stopper
|-start|p1a: Draft Stopper|Substitute
|-damage|p1a: Draft Stopper|22/100
|move|p2a: Eldegoss|Giga Drain|p1a: Draft Stopper
|-supereffective|p1a: Draft Stopper
|-end|p1a: Draft Stopper|Substitute
|
|-heal|p1a: Draft Stopper|28/100|[from] item: Leftovers
|upkeep
|turn|27
|
|t:|1663005214
|switch|p1a: Freddy Krueger|Scyther, M|30/100
|move|p2a: Eldegoss|Giga Drain|p1a: Freddy Krueger
|-resisted|p1a: Freddy Krueger
|-damage|p1a: Freddy Krueger|23/100
|
|upkeep
|turn|28
|
|t:|1663005217
|switch|p2a: Garbodor|Garbodor, F|56/100
|move|p1a: Freddy Krueger|Swords Dance|p1a: Freddy Krueger
|-boost|p1a: Freddy Krueger|atk|2
|
|upkeep
|turn|29
|
|t:|1663005221
|move|p1a: Freddy Krueger|Roost|p1a: Freddy Krueger
|-heal|p1a: Freddy Krueger|73/100
|-singleturn|p1a: Freddy Krueger|move: Roost
|move|p2a: Garbodor|Gunk Shot|p1a: Freddy Krueger
|-damage|p1a: Freddy Krueger|13/100
|
|upkeep
|turn|30
|
|t:|1663005226
|move|p1a: Freddy Krueger|Roost|p1a: Freddy Krueger
|-heal|p1a: Freddy Krueger|63/100
|-singleturn|p1a: Freddy Krueger|move: Roost
|move|p2a: Garbodor|Gunk Shot|p1a: Freddy Krueger
|-damage|p1a: Freddy Krueger|3/100
|
|upkeep
|turn|31
|
|t:|1663005231
|move|p1a: Freddy Krueger|Roost|p1a: Freddy Krueger
|-heal|p1a: Freddy Krueger|53/100
|-singleturn|p1a: Freddy Krueger|move: Roost
|move|p2a: Garbodor|Gunk Shot|p1a: Freddy Krueger
|-damage|p1a: Freddy Krueger|0 fnt
|faint|p1a: Freddy Krueger
|
|upkeep
|
|t:|1663005239
|switch|p1a: Bolt (2008)|Jolteon, M|100/100 psn
|-damage|p1a: Bolt (2008)|88/100 psn|[from] Stealth Rock
|-damage|p1a: Bolt (2008)|64/100 psn|[from] Spikes
|turn|32
|-message|DoubleMissMatt forfeited.
|
|win|vishoclock
|raw|DoubleMissMatt's rating: 1513 &rarr; <strong>1491</strong><br />(-22 for losing)
|raw|vishoclock's rating: 1476 &rarr; <strong>1498</strong><br />(+22 for winning)
|l|☆DoubleMissMatt
|c|☆vishoclock|dont try and rng me like that + it wouldt even work
||Ladder isn't responding, score probably updated but might not have (Request timeout).
