|raw|<div class="broadcast-blue"><strong>This battle is required to be public due to a player having a name starting with 'pult61a'.</div>
|j|☆pult61atl
|j|☆pult61a hera
|t:|1626989622
|gametype|singles
|player|p1|pult61atl|265|1643
|player|p2|pult61a hera|anabel|1478
|teamsize|p1|6
|teamsize|p2|6
|gen|8
|tier|[Gen 8] PU
|rated|
|rule|Sleep Clause Mod: Limit one foe put to sleep
|rule|Species Clause: Limit one of each Pokémon
|rule|OHKO Clause: OHKO moves are banned
|rule|Evasion Moves Clause: Evasion moves are banned
|rule|Endless Battle Clause: Forcing endless battles is banned
|rule|HP Percentage Mod: HP is shown in percentages
|rule|Dynamax Clause: You cannot dynamax
|clearpoke
|poke|p1|Avalugg, F|
|poke|p1|Quagsire, M|
|poke|p1|Audino, F|
|poke|p1|Weezing, F|
|poke|p1|Corsola-Galar, F|
|poke|p1|Sneasel, M|
|poke|p2|Audino, M|
|poke|p2|Articuno|
|poke|p2|Quagsire, M|
|poke|p2|Mareanie, F|
|poke|p2|Palossand, M|
|poke|p2|Alcremie-Rainbow-Swirl, F|
|teampreview
|inactive|Battle timer is ON: inactive players will automatically lose when time's up. (requested by pult61a hera)
|inactive|pult61a hera has 120 seconds left.
|
|t:|1626989658
|start
|switch|p1a: Audino|Audino, F|100/100
|switch|p2a: Marnie|Mareanie, F|100/100
|turn|1
|
|t:|1626989664
|move|p1a: Audino|Knock Off|p2a: Marnie
|-damage|p2a: Marnie|90/100
|-enditem|p2a: Marnie|Eviolite|[from] move: Knock Off|[of] p1a: Audino
|move|p2a: Marnie|Knock Off|p1a: Audino
|-damage|p1a: Audino|90/100
|-enditem|p1a: Audino|Leftovers|[from] move: Knock Off|[of] p2a: Marnie
|
|upkeep
|turn|2
|j| AlexandreCaido27
|
|t:|1626989674
|switch|p1a: Weezing|Weezing, F|100/100
|-ability|p1a: Weezing|Neutralizing Gas
|move|p2a: Marnie|Toxic Spikes|p1a: Weezing
|-sidestart|p1: pult61atl|move: Toxic Spikes
|
|upkeep
|turn|3
|j| mushamu
|j| pult61a zoowi
|c| mushamu|epic
|
|t:|1626989692
|move|p1a: Weezing|Will-O-Wisp|p2a: Marnie
|-status|p2a: Marnie|brn
|move|p2a: Marnie|Knock Off|p1a: Weezing
|-damage|p1a: Weezing|96/100
|-enditem|p1a: Weezing|Black Sludge|[from] move: Knock Off|[of] p2a: Marnie
|
|-damage|p2a: Marnie|84/100 brn|[from] brn
|upkeep
|turn|4
|c| pult61a zoowi|what the fuck am i looking at
|
|t:|1626989696
|move|p1a: Weezing|Toxic Spikes|p2a: Marnie
|-sidestart|p2: pult61a hera|move: Toxic Spikes
|move|p2a: Marnie|Knock Off|p1a: Weezing
|-damage|p1a: Weezing|94/100
|
|-damage|p2a: Marnie|78/100 brn|[from] brn
|upkeep
|turn|5
|
|t:|1626989703
|move|p1a: Weezing|Toxic Spikes|p2a: Marnie
|-sidestart|p2: pult61a hera|move: Toxic Spikes
|move|p2a: Marnie|Scald|p1a: Weezing
|-damage|p1a: Weezing|74/100
|-status|p1a: Weezing|brn
|
|-damage|p1a: Weezing|68/100 brn|[from] brn
|-damage|p2a: Marnie|72/100 brn|[from] brn
|upkeep
|turn|6
|
|t:|1626989711
|move|p1a: Weezing|Rest|p1a: Weezing
|-status|p1a: Weezing|slp|[from] move: Rest
|-heal|p1a: Weezing|100/100 slp|[silent]
|move|p2a: Marnie|Knock Off|p1a: Weezing
|-damage|p1a: Weezing|98/100 slp
|
|-damage|p2a: Marnie|67/100 brn|[from] brn
|upkeep
|turn|7
|
|t:|1626989727
|switch|p2a: Audacious|Audino, M|100/100
|cant|p1a: Weezing|slp
|
|upkeep
|turn|8
|c| pult61a zoowi|rest weezing u monster
|
|t:|1626989738
|switch|p2a: Marnie|Mareanie, F|67/100 brn
|-sideend|p2: pult61a hera|move: Toxic Spikes|[of] p2a: Marnie
|cant|p1a: Weezing|slp
|
|-damage|p2a: Marnie|61/100 brn|[from] brn
|upkeep
|turn|9
|j| pult61a trixx
|
|t:|1626989755
|-curestatus|p1a: Weezing|slp|[msg]
|move|p1a: Weezing|Toxic Spikes|p2a: Marnie
|-sidestart|p2: pult61a hera|move: Toxic Spikes
|move|p2a: Marnie|Toxic Spikes|p1a: Weezing
|-sidestart|p1: pult61atl|move: Toxic Spikes
|
|-damage|p2a: Marnie|55/100 brn|[from] brn
|upkeep
|turn|10
|
|t:|1626989761
|move|p1a: Weezing|Toxic Spikes|p2a: Marnie
|-sidestart|p2: pult61a hera|move: Toxic Spikes
|move|p2a: Marnie|Recover|p2a: Marnie
|-heal|p2a: Marnie|100/100 brn
|
|-damage|p2a: Marnie|95/100 brn|[from] brn
|upkeep
|turn|11
|
|t:|1626989766
|move|p1a: Weezing|Sludge Bomb|p2a: Marnie
|-resisted|p2a: Marnie
|-damage|p2a: Marnie|69/100 brn
|move|p2a: Marnie|Scald|p1a: Weezing
|-damage|p1a: Weezing|77/100
|-status|p1a: Weezing|brn
|
|-damage|p1a: Weezing|71/100 brn|[from] brn
|-damage|p2a: Marnie|63/100 brn|[from] brn
|upkeep
|turn|12
|
|t:|1626989771
|move|p1a: Weezing|Rest|p1a: Weezing
|-status|p1a: Weezing|slp|[from] move: Rest
|-heal|p1a: Weezing|100/100 slp|[silent]
|move|p2a: Marnie|Recover|p2a: Marnie
|-heal|p2a: Marnie|100/100 brn
|
|-damage|p2a: Marnie|95/100 brn|[from] brn
|upkeep
|turn|13
|
|t:|1626989774
|switch|p2a: Audacious|Audino, M|100/100
|cant|p1a: Weezing|slp
|
|upkeep
|turn|14
|
|t:|1626989779
|switch|p2a: Marnie|Mareanie, F|95/100 brn
|-sideend|p2: pult61a hera|move: Toxic Spikes|[of] p2a: Marnie
|cant|p1a: Weezing|slp
|
|-damage|p2a: Marnie|89/100 brn|[from] brn
|upkeep
|turn|15
|
|t:|1626989783
|switch|p2a: Sand Castle|Palossand, M|100/100
|-curestatus|p1a: Weezing|slp|[msg]
|move|p1a: Weezing|Toxic Spikes|p2a: Sand Castle
|-sidestart|p2: pult61a hera|move: Toxic Spikes
|
|upkeep
|turn|16
|
|t:|1626989792
|-end|p1a: Weezing|ability: Neutralizing Gas
|switch|p1a: Audino|Audino, F|100/100
|-status|p1a: Audino|tox
|move|p2a: Sand Castle|Earth Power|p1a: Audino
|-damage|p1a: Audino|78/100 tox
|
|-damage|p1a: Audino|72/100 tox|[from] psn
|upkeep
|turn|17
|
|t:|1626989796
|move|p1a: Audino|Knock Off|p2a: Sand Castle
|-supereffective|p2a: Sand Castle
|-enditem|p2a: Sand Castle|Colbur Berry|[eat]
|-enditem|p2a: Sand Castle|Colbur Berry|[weaken]
|-damage|p2a: Sand Castle|92/100
|move|p2a: Sand Castle|Stealth Rock|p1a: Audino
|-sidestart|p1: pult61atl|move: Stealth Rock
|
|-damage|p1a: Audino|59/100 tox|[from] psn
|upkeep
|turn|18
|
|t:|1626989812
|move|p1a: Audino|Wish|p1a: Audino
|move|p2a: Sand Castle|Earth Power|p1a: Audino
|-damage|p1a: Audino|40/100 tox
|
|-damage|p1a: Audino|22/100 tox|[from] psn
|upkeep
|turn|19
|
|t:|1626989817
|move|p1a: Audino|Heal Bell|p1a: Audino
|-activate|p1a: Audino|move: Heal Bell
|-curestatus|p1a: Audino|tox|[msg]
|move|p2a: Sand Castle|Earth Power|p1a: Audino
|-damage|p1a: Audino|3/100
|
|-heal|p1a: Audino|53/100|[from] move: Wish|[wisher] Audino
|upkeep
|turn|20
|
|t:|1626989826
|switch|p2a: Marnie|Mareanie, F|89/100 brn
|-sideend|p2: pult61a hera|move: Toxic Spikes|[of] p2a: Marnie
|move|p1a: Audino|Wish|p1a: Audino
|
|-damage|p2a: Marnie|83/100 brn|[from] brn
|upkeep
|turn|21
|
|t:|1626989831
|switch|p1a: Weezing|Weezing, F|100/100
|-ability|p1a: Weezing|Neutralizing Gas
|-damage|p1a: Weezing|88/100|[from] Stealth Rock
|-sideend|p1: pult61atl|move: Toxic Spikes|[of] p1a: Weezing
|switch|p2a: Sand Castle|Palossand, M|92/100
|
|-heal|p1a: Weezing|100/100|[from] move: Wish|[wisher] Audino
|upkeep
|turn|22
|
|t:|1626989839
|-end|p1a: Weezing|ability: Neutralizing Gas
|switch|p1a: Quagsire|Quagsire, M|100/100
|-damage|p1a: Quagsire|94/100|[from] Stealth Rock
|switch|p2a: Marnie|Mareanie, F|83/100 brn
|
|-heal|p1a: Quagsire|100/100|[from] item: Leftovers
|-damage|p2a: Marnie|77/100 brn|[from] brn
|upkeep
|turn|23
|
|t:|1626989866
|switch|p2a: An Arctic Breeze|Articuno|100/100
|-ability|p2a: An Arctic Breeze|Pressure
|switch|p1a: Corsola|Corsola-Galar, F|100/100
|-damage|p1a: Corsola|88/100|[from] Stealth Rock
|
|upkeep
|turn|24
|
|t:|1626989876
|switch|p2a: Sire|Quagsire, M|100/100
|move|p1a: Corsola|Stealth Rock|p2a: Sire
|-sidestart|p2: pult61a hera|move: Stealth Rock
|
|upkeep
|turn|25
|
|t:|1626989887
|switch|p1a: Quagsire|Quagsire, M|100/100
|-damage|p1a: Quagsire|94/100|[from] Stealth Rock
|move|p2a: Sire|Scald|p1a: Quagsire
|-damage|p1a: Quagsire|81/100
|-status|p1a: Quagsire|brn
|
|-heal|p1a: Quagsire|87/100 brn|[from] item: Leftovers
|-damage|p1a: Quagsire|81/100 brn|[from] brn
|upkeep
|turn|26
|
|t:|1626989900
|switch|p2a: Audacious|Audino, M|100/100
|move|p1a: Quagsire|Toxic|p2a: Audacious
|-status|p2a: Audacious|tox
|
|-heal|p1a: Quagsire|87/100 brn|[from] item: Leftovers
|-damage|p2a: Audacious|94/100 tox|[from] psn
|-damage|p1a: Quagsire|81/100 brn|[from] brn
|upkeep
|turn|27
|
|t:|1626989908
|switch|p1a: Weezing|Weezing, F|100/100
|-ability|p1a: Weezing|Neutralizing Gas
|-damage|p1a: Weezing|88/100|[from] Stealth Rock
|move|p2a: Audacious|Knock Off|p1a: Weezing
|-damage|p1a: Weezing|82/100
|
|-damage|p2a: Audacious|82/100 tox|[from] psn
|upkeep
|turn|28
|
|t:|1626989915
|switch|p2a: Marnie|Mareanie, F|100/100 brn
|-damage|p2a: Marnie|88/100 brn|[from] Stealth Rock
|move|p1a: Weezing|Toxic Spikes|p2a: Marnie
|-sidestart|p2: pult61a hera|move: Toxic Spikes
|
|-damage|p2a: Marnie|82/100 brn|[from] brn
|upkeep
|turn|29
|inactive|pult61atl has 120 seconds left.
|
|t:|1626989956
|move|p1a: Weezing|Sludge Bomb|p2a: Marnie
|-resisted|p2a: Marnie
|-crit|p2a: Marnie
|-damage|p2a: Marnie|46/100 brn
|move|p2a: Marnie|Scald|p1a: Weezing
|-damage|p1a: Weezing|62/100
|
|-damage|p2a: Marnie|40/100 brn|[from] brn
|upkeep
|turn|30
|inactive|pult61atl has 120 seconds left.
|j| Antares
|
|t:|1626989969
|move|p1a: Weezing|Sludge Bomb|p2a: Marnie
|-resisted|p2a: Marnie
|-damage|p2a: Marnie|16/100 brn
|move|p2a: Marnie|Recover|p2a: Marnie
|-heal|p2a: Marnie|66/100 brn
|
|-damage|p2a: Marnie|60/100 brn|[from] brn
|upkeep
|turn|31
|
|t:|1626989976
|move|p1a: Weezing|Sludge Bomb|p2a: Marnie
|-resisted|p2a: Marnie
|-damage|p2a: Marnie|33/100 brn
|move|p2a: Marnie|Scald|p1a: Weezing
|-damage|p1a: Weezing|43/100
|-status|p1a: Weezing|brn
|
|-damage|p1a: Weezing|37/100 brn|[from] brn
|-damage|p2a: Marnie|27/100 brn|[from] brn
|upkeep
|turn|32
|
|t:|1626989985
|switch|p2a: An Arctic Breeze|Articuno|100/100
|move|p1a: Weezing|Sludge Bomb|p2a: An Arctic Breeze
|-damage|p2a: An Arctic Breeze|84/100
|-status|p2a: An Arctic Breeze|psn
|
|-damage|p2a: An Arctic Breeze|72/100 psn|[from] psn
|-damage|p1a: Weezing|31/100 brn|[from] brn
|upkeep
|turn|33
|
|t:|1626989994
|-end|p1a: Weezing|ability: Neutralizing Gas
|-ability|p2a: An Arctic Breeze|Pressure
|switch|p1a: Audino|Audino, F|86/100
|-damage|p1a: Audino|74/100|[from] Stealth Rock
|move|p2a: An Arctic Breeze|Defog|p1a: Audino
|-unboost|p1a: Audino|evasion|1
|-sideend|p1: pult61atl|Stealth Rock|[from] move: Defog|[of] p2a: An Arctic Breeze
|-sideend|p2: pult61a hera|Toxic Spikes|[from] move: Defog|[of] p2a: An Arctic Breeze
|-sideend|p2: pult61a hera|Stealth Rock|[from] move: Defog|[of] p2a: An Arctic Breeze
|
|-damage|p2a: An Arctic Breeze|59/100 psn|[from] psn
|upkeep
|turn|34
|
|t:|1626990005
|switch|p2a: Marnie|Mareanie, F|27/100 brn
|switch|p1a: Sneasel|Sneasel, M|100/100
|
|-damage|p2a: Marnie|21/100 brn|[from] brn
|upkeep
|turn|35
|c| pult61a zoowi|pursuit when
|
|t:|1626990019
|switch|p2a: Rainbow|Alcremie-Rainbow-Swirl, F|100/100
|move|p1a: Sneasel|Icicle Crash|p2a: Rainbow
|-damage|p2a: Rainbow|54/100
|
|upkeep
|turn|36
|
|t:|1626990025
|move|p1a: Sneasel|Icicle Crash|p2a: Rainbow
|-damage|p2a: Rainbow|8/100
|move|p2a: Rainbow|Rest|p2a: Rainbow
|-status|p2a: Rainbow|slp|[from] move: Rest
|-heal|p2a: Rainbow|100/100 slp|[silent]
|-enditem|p2a: Rainbow|Chesto Berry|[eat]
|-curestatus|p2a: Rainbow|slp|[msg]
|
|upkeep
|turn|37
|
|t:|1626990033
|switch|p2a: Marnie|Mareanie, F|54/100 brn
|move|p1a: Sneasel|Icicle Crash|p2a: Marnie
|-resisted|p2a: Marnie
|-damage|p2a: Marnie|23/100 brn
|
|-damage|p2a: Marnie|17/100 brn|[from] brn
|upkeep
|turn|38
|c|☆pult61atl|let me get back to SM
|c|☆pult61atl|then
|
|t:|1626990042
|switch|p2a: Sire|Quagsire, M|100/100
|move|p1a: Sneasel|Icicle Crash|p2a: Sire
|-damage|p2a: Sire|66/100
|
|upkeep
|turn|39
|
|t:|1626990069
|move|p1a: Sneasel|Icicle Crash|p2a: Sire
|-damage|p2a: Sire|29/100
|cant|p2a: Sire|flinch
|
|upkeep
|turn|40
|c| pult61a zoowi|yo
|
|t:|1626990075
|switch|p2a: Marnie|Mareanie, F|50/100 brn
|move|p1a: Sneasel|Icicle Crash|p2a: Marnie
|-resisted|p2a: Marnie
|-damage|p2a: Marnie|20/100 brn
|
|-damage|p2a: Marnie|14/100 brn|[from] brn
|upkeep
|turn|41
|j| PULT61A Lambo
|
|t:|1626990083
|switch|p2a: Audacious|Audino, M|82/100 tox
|move|p1a: Sneasel|Icicle Crash|p2a: Audacious
|-damage|p2a: Audacious|29/100 tox
|
|-damage|p2a: Audacious|23/100 tox|[from] psn
|upkeep
|turn|42
|
|t:|1626990089
|switch|p2a: Rainbow|Alcremie-Rainbow-Swirl, F|100/100
|move|p1a: Sneasel|Icicle Crash|p2a: Rainbow
|-damage|p2a: Rainbow|56/100
|
|upkeep
|turn|43
|
|t:|1626990093
|move|p1a: Sneasel|Icicle Crash|p2a: Rainbow
|-damage|p2a: Rainbow|12/100
|move|p2a: Rainbow|Rest|p2a: Rainbow
|-status|p2a: Rainbow|slp|[from] move: Rest
|-heal|p2a: Rainbow|100/100 slp|[silent]
|
|upkeep
|turn|44
|c| pult61a zoowi|thing is ripping
|
|t:|1626990105
|move|p1a: Sneasel|Icicle Crash|p2a: Rainbow
|-damage|p2a: Rainbow|50/100 slp
|cant|p2a: Rainbow|slp
|
|upkeep
|turn|45
|
|t:|1626990120
|switch|p2a: Marnie|Mareanie, F|48/100 brn
|move|p1a: Sneasel|Icicle Crash|p2a: Marnie
|-resisted|p2a: Marnie
|-damage|p2a: Marnie|16/100 brn
|
|-damage|p2a: Marnie|10/100 brn|[from] brn
|upkeep
|turn|46
|l| PULT61A Lambo
|
|t:|1626990138
|switch|p2a: An Arctic Breeze|Articuno|59/100 psn
|-ability|p2a: An Arctic Breeze|Pressure
|move|p1a: Sneasel|Icicle Crash|p2a: An Arctic Breeze
|-damage|p2a: An Arctic Breeze|10/100 psn
|
|-damage|p2a: An Arctic Breeze|0 fnt|[from] psn
|faint|p2a: An Arctic Breeze
|upkeep
|
|t:|1626990139
|switch|p2a: Marnie|Mareanie, F|43/100 brn
|turn|47
|inactive|pult61atl has 120 seconds left.
|c|☆pult61atl|hmm
|c|☆pult61atl|am i believer
|
|t:|1626990186
|move|p1a: Sneasel|Icicle Crash|p2a: Marnie|[miss]
|-miss|p1a: Sneasel|p2a: Marnie
|move|p2a: Marnie|Recover|p2a: Marnie
|-heal|p2a: Marnie|94/100 brn
|
|-damage|p2a: Marnie|88/100 brn|[from] brn
|upkeep
|turn|48
|
|t:|1626990193
|switch|p1a: Corsola|Corsola-Galar, F|88/100
|move|p2a: Marnie|Scald|p1a: Corsola
|-damage|p1a: Corsola|79/100
|-status|p1a: Corsola|brn
|
|-damage|p2a: Marnie|82/100 brn|[from] brn
|-damage|p1a: Corsola|72/100 brn|[from] brn
|upkeep
|turn|49
|
|t:|1626990198
|switch|p2a: Audacious|Audino, M|56/100 tox
|move|p1a: Corsola|Stealth Rock|p2a: Audacious
|-sidestart|p2: pult61a hera|move: Stealth Rock
|
|-damage|p2a: Audacious|50/100 tox|[from] psn
|-damage|p1a: Corsola|66/100 brn|[from] brn
|upkeep
|turn|50
|
|t:|1626990204
|switch|p1a: Sneasel|Sneasel, M|100/100
|move|p2a: Audacious|Heal Bell|p2a: Audacious
|-activate|p2a: Audacious|move: Heal Bell
|-curestatus|p2a: Audacious|tox|[msg]
|-curestatus|p2: Rainbow|slp|[msg]
|-curestatus|p2: Marnie|brn|[msg]
|
|upkeep
|turn|51
|c| pult61a zoowi|nice pp
|inactive|pult61atl has 120 seconds left.
|
|t:|1626990222
|move|p2a: Audacious|Protect|p2a: Audacious
|-singleturn|p2a: Audacious|Protect
|move|p1a: Sneasel|Low Kick|p2a: Audacious
|-activate|p2a: Audacious|move: Protect
|
|upkeep
|turn|52
|inactive|pult61atl has 120 seconds left.
|
|t:|1626990234
|switch|p2a: Marnie|Mareanie, F|100/100
|-damage|p2a: Marnie|88/100|[from] Stealth Rock
|move|p1a: Sneasel|Low Kick|p2a: Marnie
|-resisted|p2a: Marnie
|-damage|p2a: Marnie|83/100
|
|upkeep
|turn|53
|inactive|pult61atl has 120 seconds left.
|
|t:|1626990251
|switch|p1a: Weezing|Weezing, F|31/100 brn
|-ability|p1a: Weezing|Neutralizing Gas
|move|p2a: Marnie|Toxic Spikes|p1a: Weezing
|-sidestart|p1: pult61atl|move: Toxic Spikes
|
|-damage|p1a: Weezing|25/100 brn|[from] brn
|upkeep
|turn|54
|inactive|pult61atl has 120 seconds left.
|
|t:|1626990258
|switch|p2a: Sand Castle|Palossand, M|92/100
|-damage|p2a: Sand Castle|86/100|[from] Stealth Rock
|move|p1a: Weezing|Rest|p1a: Weezing
|-status|p1a: Weezing|slp|[from] move: Rest
|-heal|p1a: Weezing|100/100 slp|[silent]
|
|upkeep
|turn|55
|
|t:|1626990263
|-end|p1a: Weezing|ability: Neutralizing Gas
|switch|p1a: Quagsire|Quagsire, M|81/100 brn
|move|p2a: Sand Castle|Stealth Rock|p1a: Quagsire
|-sidestart|p1: pult61atl|move: Stealth Rock
|
|-heal|p1a: Quagsire|87/100 brn|[from] item: Leftovers
|-damage|p1a: Quagsire|81/100 brn|[from] brn
|upkeep
|turn|56
|
|t:|1626990276
|switch|p2a: Rainbow|Alcremie-Rainbow-Swirl, F|50/100
|-damage|p2a: Rainbow|37/100|[from] Stealth Rock
|move|p1a: Quagsire|Toxic|p2a: Rainbow
|-status|p2a: Rainbow|tox
|
|-heal|p1a: Quagsire|87/100 brn|[from] item: Leftovers
|-damage|p2a: Rainbow|31/100 tox|[from] psn
|-damage|p1a: Quagsire|81/100 brn|[from] brn
|upkeep
|turn|57
|
|t:|1626990281
|switch|p1a: Weezing|Weezing, F|100/100 slp
|-ability|p1a: Weezing|Neutralizing Gas
|-sideend|p1: pult61atl|move: Toxic Spikes|[of] p1a: Weezing
|-damage|p1a: Weezing|88/100 slp|[from] Stealth Rock
|move|p2a: Rainbow|Rest|p2a: Rainbow
|-status|p2a: Rainbow|slp|[from] move: Rest
|-heal|p2a: Rainbow|100/100 slp|[silent]
|
|upkeep
|turn|58
|
|t:|1626990289
|-end|p1a: Weezing|ability: Neutralizing Gas
|switch|p1a: Avalugg|Avalugg, F|100/100
|cant|p2a: Rainbow|slp
|
|upkeep
|turn|59
|
|t:|1626990297
|switch|p2a: Sand Castle|Palossand, M|86/100
|-damage|p2a: Sand Castle|79/100|[from] Stealth Rock
|move|p1a: Avalugg|Toxic|p2a: Sand Castle
|-status|p2a: Sand Castle|tox
|
|-damage|p2a: Sand Castle|73/100 tox|[from] psn
|upkeep
|turn|60
|
|t:|1626990305
|switch|p2a: Rainbow|Alcremie-Rainbow-Swirl, F|100/100 slp
|-damage|p2a: Rainbow|88/100 slp|[from] Stealth Rock
|switch|p1a: Audino|Audino, F|100/100
|-damage|p1a: Audino|88/100|[from] Stealth Rock
|
|upkeep
|turn|61
|
|t:|1626990312
|cant|p2a: Rainbow|slp
|move|p1a: Audino|Heal Bell|p1a: Audino
|-activate|p1a: Audino|move: Heal Bell
|-curestatus|p1: Quagsire|brn|[msg]
|-curestatus|p1: Weezing|slp|[msg]
|-curestatus|p1: Corsola|brn|[msg]
|
|upkeep
|turn|62
|
|t:|1626990317
|-curestatus|p2a: Rainbow|slp|[msg]
|move|p2a: Rainbow|Calm Mind|p2a: Rainbow
|-boost|p2a: Rainbow|spa|1
|-boost|p2a: Rainbow|spd|1
|move|p1a: Audino|Wish|p1a: Audino
|
|upkeep
|turn|63
|j| JonAmon 25
|
|t:|1626990325
|switch|p1a: Quagsire|Quagsire, M|81/100
|-damage|p1a: Quagsire|75/100|[from] Stealth Rock
|move|p2a: Rainbow|Acid Armor|p2a: Rainbow
|-boost|p2a: Rainbow|def|2
|
|-heal|p1a: Quagsire|100/100|[from] move: Wish|[wisher] Audino
|upkeep
|turn|64
|c| pult61a zoowi|uho
|
|t:|1626990330
|move|p2a: Rainbow|Stored Power|p1a: Quagsire
|-damage|p1a: Quagsire|80/100
|move|p1a: Quagsire|Toxic|p2a: Rainbow
|-status|p2a: Rainbow|tox
|
|-heal|p1a: Quagsire|86/100|[from] item: Leftovers
|-damage|p2a: Rainbow|82/100 tox|[from] psn
|upkeep
|turn|65
|
|t:|1626990334
|move|p2a: Rainbow|Acid Armor|p2a: Rainbow
|-boost|p2a: Rainbow|def|2
|move|p1a: Quagsire|Curse|p1a: Quagsire
|-unboost|p1a: Quagsire|spe|1
|-boost|p1a: Quagsire|atk|1
|-boost|p1a: Quagsire|def|1
|
|-heal|p1a: Quagsire|92/100|[from] item: Leftovers
|-damage|p2a: Rainbow|70/100 tox|[from] psn
|upkeep
|turn|66
|c| pult61a zoowi|uho...????
|
|t:|1626990351
|move|p2a: Rainbow|Rest|p2a: Rainbow
|-status|p2a: Rainbow|slp|[from] move: Rest
|-heal|p2a: Rainbow|100/100 slp|[silent]
|move|p1a: Quagsire|Waterfall|p2a: Rainbow
|-damage|p2a: Rainbow|66/100 slp
|
|-heal|p1a: Quagsire|98/100|[from] item: Leftovers
|upkeep
|turn|67
|
|t:|1626990354
|switch|p2a: Sire|Quagsire, M|29/100
|move|p1a: Quagsire|Waterfall|p2a: Sire
|-damage|p2a: Sire|11/100
|
|-heal|p1a: Quagsire|100/100|[from] item: Leftovers
|upkeep
|turn|68
|
|t:|1626990359
|move|p2a: Sire|Recover|p2a: Sire
|-heal|p2a: Sire|61/100
|move|p1a: Quagsire|Toxic|p2a: Sire
|-status|p2a: Sire|tox
|
|-damage|p2a: Sire|55/100 tox|[from] psn
|upkeep
|turn|69
|
|t:|1626990362
|move|p2a: Sire|Toxic|p1a: Quagsire
|-status|p1a: Quagsire|tox
|move|p1a: Quagsire|Curse|p1a: Quagsire
|-unboost|p1a: Quagsire|spe|1
|-boost|p1a: Quagsire|atk|1
|-boost|p1a: Quagsire|def|1
|
|-damage|p2a: Sire|43/100 tox|[from] psn
|-damage|p1a: Quagsire|94/100 tox|[from] psn
|upkeep
|turn|70
|
|t:|1626990366
|move|p2a: Sire|Recover|p2a: Sire
|-heal|p2a: Sire|93/100 tox
|move|p1a: Quagsire|Waterfall|p2a: Sire
|-crit|p2a: Sire
|-damage|p2a: Sire|67/100 tox
|
|-heal|p1a: Quagsire|100/100 tox|[from] item: Leftovers
|-damage|p2a: Sire|48/100 tox|[from] psn
|-damage|p1a: Quagsire|88/100 tox|[from] psn
|upkeep
|turn|71
|
|t:|1626990371
|move|p2a: Sire|Recover|p2a: Sire
|-heal|p2a: Sire|98/100 tox
|move|p1a: Quagsire|Waterfall|p2a: Sire
|-damage|p2a: Sire|81/100 tox
|
|-heal|p1a: Quagsire|94/100 tox|[from] item: Leftovers
|-damage|p2a: Sire|57/100 tox|[from] psn
|-damage|p1a: Quagsire|76/100 tox|[from] psn
|upkeep
|turn|72
|
|t:|1626990377
|switch|p1a: Weezing|Weezing, F|88/100
|-ability|p1a: Weezing|Neutralizing Gas
|-damage|p1a: Weezing|76/100|[from] Stealth Rock
|move|p2a: Sire|Recover|p2a: Sire
|-heal|p2a: Sire|100/100 tox
|
|-damage|p2a: Sire|70/100 tox|[from] psn
|upkeep
|turn|73
|
|t:|1626990384
|switch|p2a: Audacious|Audino, M|83/100
|move|p1a: Weezing|Toxic Spikes|p2a: Audacious
|-sidestart|p2: pult61a hera|move: Toxic Spikes
|
|upkeep
|turn|74
|
|t:|1626990389
|move|p1a: Weezing|Sludge Bomb|p2a: Audacious
|-damage|p2a: Audacious|64/100
|move|p2a: Audacious|Heal Bell|p2a: Audacious
|-activate|p2a: Audacious|move: Heal Bell
|-curestatus|p2: Sand Castle|tox|[msg]
|-curestatus|p2: Rainbow|slp|[msg]
|-curestatus|p2: Sire|tox|[msg]
|
|upkeep
|turn|75
|
|t:|1626990396
|move|p1a: Weezing|Sludge Bomb|p2a: Audacious
|-damage|p2a: Audacious|47/100
|move|p2a: Audacious|Wish|p2a: Audacious
|
|upkeep
|turn|76
|
|t:|1626990401
|move|p2a: Audacious|Protect|p2a: Audacious
|-singleturn|p2a: Audacious|Protect
|move|p1a: Weezing|Sludge Bomb|p2a: Audacious
|-activate|p2a: Audacious|move: Protect
|
|-heal|p2a: Audacious|97/100|[from] move: Wish|[wisher] Audacious
|upkeep
|turn|77
|
|t:|1626990405
|move|p1a: Weezing|Sludge Bomb|p2a: Audacious
|-damage|p2a: Audacious|78/100
|-status|p2a: Audacious|psn
|move|p2a: Audacious|Wish|p2a: Audacious
|
|-damage|p2a: Audacious|66/100 psn|[from] psn
|upkeep
|turn|78
|
|t:|1626990410
|move|p2a: Audacious|Protect|p2a: Audacious
|-singleturn|p2a: Audacious|Protect
|move|p1a: Weezing|Toxic Spikes|p2a: Audacious
|-sidestart|p2: pult61a hera|move: Toxic Spikes
|
|-heal|p2a: Audacious|100/100 psn|[from] move: Wish|[wisher] Audacious
|-damage|p2a: Audacious|88/100 psn|[from] psn
|upkeep
|turn|79
|
|t:|1626990413
|move|p1a: Weezing|Toxic Spikes||[still]
|-fail|p1a: Weezing
|move|p2a: Audacious|Wish|p2a: Audacious
|
|-damage|p2a: Audacious|76/100 psn|[from] psn
|upkeep
|turn|80
|
|t:|1626990421
|switch|p2a: Marnie|Mareanie, F|83/100
|-damage|p2a: Marnie|71/100|[from] Stealth Rock
|-sideend|p2: pult61a hera|move: Toxic Spikes|[of] p2a: Marnie
|move|p1a: Weezing|Will-O-Wisp|p2a: Marnie
|-status|p2a: Marnie|brn
|
|-heal|p2a: Marnie|100/100 brn|[from] move: Wish|[wisher] Audacious
|-damage|p2a: Marnie|95/100 brn|[from] brn
|upkeep
|turn|81
|j| brosb4ho-ohs
|
|t:|1626990433
|switch|p2a: Rainbow|Alcremie-Rainbow-Swirl, F|66/100
|-damage|p2a: Rainbow|54/100|[from] Stealth Rock
|move|p1a: Weezing|Toxic Spikes|p2a: Rainbow
|-sidestart|p2: pult61a hera|move: Toxic Spikes
|
|upkeep
|turn|82
|
|t:|1626990440
|move|p2a: Rainbow|Calm Mind|p2a: Rainbow
|-boost|p2a: Rainbow|spa|1
|-boost|p2a: Rainbow|spd|1
|move|p1a: Weezing|Sludge Bomb|p2a: Rainbow
|-supereffective|p2a: Rainbow
|-damage|p2a: Rainbow|19/100
|
|upkeep
|turn|83
|
|t:|1626990444
|move|p2a: Rainbow|Rest|p2a: Rainbow
|-status|p2a: Rainbow|slp|[from] move: Rest
|-heal|p2a: Rainbow|100/100 slp|[silent]
|move|p1a: Weezing|Sludge Bomb|p2a: Rainbow
|-supereffective|p2a: Rainbow
|-damage|p2a: Rainbow|69/100 slp
|
|upkeep
|turn|84
|
|t:|1626990460
|cant|p2a: Rainbow|slp
|move|p1a: Weezing|Sludge Bomb|p2a: Rainbow
|-supereffective|p2a: Rainbow
|-damage|p2a: Rainbow|37/100 slp
|
|upkeep
|turn|85
|
|t:|1626990469
|-end|p1a: Weezing|ability: Neutralizing Gas
|switch|p1a: Audino|Audino, F|100/100
|-damage|p1a: Audino|88/100|[from] Stealth Rock
|cant|p2a: Rainbow|slp
|
|upkeep
|turn|86
|
|t:|1626990480
|-curestatus|p2a: Rainbow|slp|[msg]
|move|p2a: Rainbow|Calm Mind|p2a: Rainbow
|-boost|p2a: Rainbow|spa|1
|-boost|p2a: Rainbow|spd|1
|move|p1a: Audino|Heal Bell|p1a: Audino
|-activate|p1a: Audino|move: Heal Bell
|-curestatus|p1: Quagsire|tox|[msg]
|
|upkeep
|turn|87
|
|t:|1626990485
|move|p2a: Rainbow|Rest|p2a: Rainbow
|-status|p2a: Rainbow|slp|[from] move: Rest
|-heal|p2a: Rainbow|100/100 slp|[silent]
|move|p1a: Audino|Wish|p1a: Audino
|
|upkeep
|turn|88
|
|t:|1626990493
|switch|p2a: Marnie|Mareanie, F|95/100 brn
|-damage|p2a: Marnie|82/100 brn|[from] Stealth Rock
|-sideend|p2: pult61a hera|move: Toxic Spikes|[of] p2a: Marnie
|switch|p1a: Quagsire|Quagsire, M|76/100
|-damage|p1a: Quagsire|70/100|[from] Stealth Rock
|
|-heal|p1a: Quagsire|100/100|[from] move: Wish|[wisher] Audino
|-damage|p2a: Marnie|76/100 brn|[from] brn
|upkeep
|turn|89
|
|t:|1626990506
|switch|p1a: Audino|Audino, F|100/100
|-damage|p1a: Audino|88/100|[from] Stealth Rock
|move|p2a: Marnie|Scald|p1a: Audino
|-damage|p1a: Audino|78/100
|-status|p1a: Audino|brn
|
|-damage|p1a: Audino|72/100 brn|[from] brn
|-damage|p2a: Marnie|70/100 brn|[from] brn
|upkeep
|turn|90
|
|t:|1626990511
|switch|p1a: Weezing|Weezing, F|76/100
|-ability|p1a: Weezing|Neutralizing Gas
|-damage|p1a: Weezing|64/100|[from] Stealth Rock
|move|p2a: Marnie|Toxic Spikes|p1a: Weezing
|-sidestart|p1: pult61atl|move: Toxic Spikes
|
|-damage|p2a: Marnie|65/100 brn|[from] brn
|upkeep
|turn|91
|
|t:|1626990518
|switch|p2a: Sand Castle|Palossand, M|73/100
|-damage|p2a: Sand Castle|67/100|[from] Stealth Rock
|move|p1a: Weezing|Toxic Spikes|p2a: Sand Castle
|-sidestart|p2: pult61a hera|move: Toxic Spikes
|
|upkeep
|turn|92
|
|t:|1626990522
|-end|p1a: Weezing|ability: Neutralizing Gas
|switch|p1a: Audino|Audino, F|100/100 brn
|-damage|p1a: Audino|88/100 brn|[from] Stealth Rock
|move|p2a: Sand Castle|Earth Power|p1a: Audino
|-damage|p1a: Audino|67/100 brn
|
|-damage|p1a: Audino|61/100 brn|[from] brn
|upkeep
|turn|93
|
|t:|1626990534
|switch|p2a: Marnie|Mareanie, F|65/100 brn
|-damage|p2a: Marnie|52/100 brn|[from] Stealth Rock
|-sideend|p2: pult61a hera|move: Toxic Spikes|[of] p2a: Marnie
|move|p1a: Audino|Wish|p1a: Audino
|
|-damage|p1a: Audino|55/100 brn|[from] brn
|-damage|p2a: Marnie|46/100 brn|[from] brn
|upkeep
|turn|94
|l| brosb4ho-ohs
|
|t:|1626990542
|switch|p1a: Weezing|Weezing, F|64/100
|-ability|p1a: Weezing|Neutralizing Gas
|-sideend|p1: pult61atl|move: Toxic Spikes|[of] p1a: Weezing
|-damage|p1a: Weezing|51/100|[from] Stealth Rock
|switch|p2a: Sand Castle|Palossand, M|67/100
|-damage|p2a: Sand Castle|61/100|[from] Stealth Rock
|
|-heal|p1a: Weezing|100/100|[from] move: Wish|[wisher] Audino
|upkeep
|turn|95
|
|t:|1626990560
|-end|p1a: Weezing|ability: Neutralizing Gas
|switch|p1a: Audino|Audino, F|88/100 brn
|-damage|p1a: Audino|75/100 brn|[from] Stealth Rock
|move|p2a: Sand Castle|Shore Up|p2a: Sand Castle
|-heal|p2a: Sand Castle|100/100
|
|-damage|p1a: Audino|69/100 brn|[from] brn
|upkeep
|turn|96
|
|t:|1626990571
|move|p1a: Audino|Wish|p1a: Audino
|move|p2a: Sand Castle|Stealth Rock||[still]
|-fail|p2a: Sand Castle
|
|-damage|p1a: Audino|63/100 brn|[from] brn
|upkeep
|turn|97
|
|t:|1626990578
|switch|p2a: Audacious|Audino, M|76/100 psn
|move|p1a: Audino|Knock Off|p2a: Audacious
|-damage|p2a: Audacious|68/100 psn
|-enditem|p2a: Audacious|Heavy-Duty Boots|[from] move: Knock Off|[of] p1a: Audino
|
|-heal|p1a: Audino|100/100 brn|[from] move: Wish|[wisher] Audino
|-damage|p2a: Audacious|56/100 psn|[from] psn
|-damage|p1a: Audino|94/100 brn|[from] brn
|upkeep
|turn|98
|
|t:|1626990590
|switch|p1a: Corsola|Corsola-Galar, F|66/100
|-damage|p1a: Corsola|54/100|[from] Stealth Rock
|switch|p2a: Sand Castle|Palossand, M|100/100
|-damage|p2a: Sand Castle|94/100|[from] Stealth Rock
|
|upkeep
|turn|99
|inactive|pult61atl has 120 seconds left.
|
|t:|1626990622
|move|p2a: Sand Castle|Shadow Ball|p1a: Corsola
|-supereffective|p1a: Corsola
|-damage|p1a: Corsola|13/100
|move|p1a: Corsola|Strength Sap|p2a: Sand Castle
|-unboost|p2a: Sand Castle|atk|1
|-heal|p1a: Corsola|56/100
|
|upkeep
|turn|100
|
|t:|1626990635
|switch|p1a: Quagsire|Quagsire, M|100/100
|-damage|p1a: Quagsire|94/100|[from] Stealth Rock
|move|p2a: Sand Castle|Earth Power|p1a: Quagsire
|-damage|p1a: Quagsire|69/100
|-unboost|p1a: Quagsire|spd|1
|
|-heal|p1a: Quagsire|75/100|[from] item: Leftovers
|upkeep
|turn|101
|
|t:|1626990646
|switch|p2a: Sire|Quagsire, M|70/100
|switch|p1a: Audino|Audino, F|100/100 brn
|-damage|p1a: Audino|88/100 brn|[from] Stealth Rock
|
|-damage|p1a: Audino|82/100 brn|[from] brn
|upkeep
|turn|102
|
|t:|1626990651
|switch|p2a: Marnie|Mareanie, F|46/100 brn
|-damage|p2a: Marnie|34/100 brn|[from] Stealth Rock
|move|p1a: Audino|Knock Off|p2a: Marnie
|-damage|p2a: Marnie|29/100 brn
|
|-damage|p1a: Audino|76/100 brn|[from] brn
|-damage|p2a: Marnie|23/100 brn|[from] brn
|upkeep
|turn|103
|
|t:|1626990657
|switch|p1a: Weezing|Weezing, F|100/100
|-ability|p1a: Weezing|Neutralizing Gas
|-damage|p1a: Weezing|88/100|[from] Stealth Rock
|move|p2a: Marnie|Recover|p2a: Marnie
|-heal|p2a: Marnie|73/100 brn
|
|-damage|p2a: Marnie|67/100 brn|[from] brn
|upkeep
|turn|104
|
|t:|1626990663
|move|p1a: Weezing|Toxic Spikes|p2a: Marnie
|-sidestart|p2: pult61a hera|move: Toxic Spikes
|move|p2a: Marnie|Toxic Spikes|p1a: Weezing
|-sidestart|p1: pult61atl|move: Toxic Spikes
|
|-damage|p2a: Marnie|61/100 brn|[from] brn
|upkeep
|turn|105
|inactive|pult61atl has 120 seconds left.
|
|t:|1626990669
|-end|p1a: Weezing|ability: Neutralizing Gas
|switch|p1a: Audino|Audino, F|100/100 brn
|-damage|p1a: Audino|88/100 brn|[from] Stealth Rock
|move|p2a: Marnie|Toxic Spikes|p1a: Audino
|-sidestart|p1: pult61atl|move: Toxic Spikes
|
|-damage|p1a: Audino|82/100 brn|[from] brn
|-damage|p2a: Marnie|55/100 brn|[from] brn
|upkeep
|turn|106
|
|t:|1626990674
|switch|p1a: Weezing|Weezing, F|88/100
|-ability|p1a: Weezing|Neutralizing Gas
|-damage|p1a: Weezing|76/100|[from] Stealth Rock
|-sideend|p1: pult61atl|move: Toxic Spikes|[of] p1a: Weezing
|move|p2a: Marnie|Recover|p2a: Marnie
|-heal|p2a: Marnie|100/100 brn
|
|-damage|p2a: Marnie|95/100 brn|[from] brn
|upkeep
|turn|107
|inactive|pult61atl has 120 seconds left.
|
|t:|1626990694
|-end|p1a: Weezing|ability: Neutralizing Gas
|switch|p1a: Corsola|Corsola-Galar, F|56/100
|-damage|p1a: Corsola|44/100|[from] Stealth Rock
|switch|p2a: Sire|Quagsire, M|70/100
|
|upkeep
|turn|108
|
|t:|1626990700
|move|p2a: Sire|Toxic|p1a: Corsola
|-status|p1a: Corsola|tox
|move|p1a: Corsola|Strength Sap|p2a: Sire
|-unboost|p2a: Sire|atk|1
|-heal|p1a: Corsola|100/100 tox
|
|-damage|p1a: Corsola|94/100 tox|[from] psn
|upkeep
|turn|109
|
|t:|1626990708
|switch|p2a: Marnie|Mareanie, F|100/100 brn
|-damage|p2a: Marnie|88/100 brn|[from] Stealth Rock
|-sideend|p2: pult61a hera|move: Toxic Spikes|[of] p2a: Marnie
|switch|p1a: Quagsire|Quagsire, M|75/100
|-damage|p1a: Quagsire|69/100|[from] Stealth Rock
|
|-heal|p1a: Quagsire|75/100|[from] item: Leftovers
|-damage|p2a: Marnie|82/100 brn|[from] brn
|upkeep
|turn|110
|
|t:|1626990721
|switch|p1a: Weezing|Weezing, F|76/100
|-ability|p1a: Weezing|Neutralizing Gas
|-damage|p1a: Weezing|64/100|[from] Stealth Rock
|move|p2a: Marnie|Scald|p1a: Weezing
|-damage|p1a: Weezing|44/100
|
|-damage|p2a: Marnie|76/100 brn|[from] brn
|upkeep
|turn|111
|inactive|pult61atl has 120 seconds left.
|
|t:|1626990730
|move|p1a: Weezing|Toxic Spikes|p2a: Marnie
|-sidestart|p2: pult61a hera|move: Toxic Spikes
|move|p2a: Marnie|Toxic Spikes|p1a: Weezing
|-sidestart|p1: pult61atl|move: Toxic Spikes
|
|-damage|p2a: Marnie|70/100 brn|[from] brn
|upkeep
|turn|112
|
|t:|1626990736
|switch|p2a: Sire|Quagsire, M|70/100
|move|p1a: Weezing|Rest|p1a: Weezing
|-status|p1a: Weezing|slp|[from] move: Rest
|-heal|p1a: Weezing|100/100 slp|[silent]
|
|upkeep
|turn|113
|
|t:|1626990742
|-end|p1a: Weezing|ability: Neutralizing Gas
|switch|p1a: Audino|Audino, F|100/100 brn
|-damage|p1a: Audino|88/100 brn|[from] Stealth Rock
|move|p2a: Sire|Earthquake|p1a: Audino
|-damage|p1a: Audino|57/100 brn
|
|-damage|p1a: Audino|51/100 brn|[from] brn
|upkeep
|turn|114
|inactive|pult61atl has 120 seconds left.
|
|t:|1626990752
|switch|p1a: Avalugg|Avalugg, F|100/100
|move|p2a: Sire|Earthquake|p1a: Avalugg
|-damage|p1a: Avalugg|88/100
|
|upkeep
|turn|115
|inactive|pult61atl has 120 seconds left.
|
|t:|1626990758
|switch|p2a: Marnie|Mareanie, F|70/100 brn
|-damage|p2a: Marnie|58/100 brn|[from] Stealth Rock
|-sideend|p2: pult61a hera|move: Toxic Spikes|[of] p2a: Marnie
|move|p1a: Avalugg|Rapid Spin|p2a: Marnie
|-damage|p2a: Marnie|44/100 brn
|-boost|p1a: Avalugg|spe|1
|-sideend|p1: pult61atl|Toxic Spikes|[from] move: Rapid Spin|[of] p1a: Avalugg
|-sideend|p1: pult61atl|Stealth Rock|[from] move: Rapid Spin|[of] p1a: Avalugg
|
|-damage|p2a: Marnie|38/100 brn|[from] brn
|upkeep
|turn|116
|inactive|pult61atl has 120 seconds left.
|
|t:|1626990782
|switch|p1a: Sneasel|Sneasel, M|100/100
|switch|p2a: Rainbow|Alcremie-Rainbow-Swirl, F|100/100 slp
|-damage|p2a: Rainbow|88/100 slp|[from] Stealth Rock
|
|upkeep
|turn|117
|
|t:|1626990793
|move|p1a: Sneasel|Knock Off|p2a: Rainbow
|-resisted|p2a: Rainbow
|-damage|p2a: Rainbow|69/100 slp
|cant|p2a: Rainbow|slp
|
|upkeep
|turn|118
|
|t:|1626990800
|move|p1a: Sneasel|Knock Off|p2a: Rainbow
|-resisted|p2a: Rainbow
|-damage|p2a: Rainbow|51/100 slp
|cant|p2a: Rainbow|slp
|
|upkeep
|turn|119
|
|t:|1626990803
|move|p1a: Sneasel|Knock Off|p2a: Rainbow
|-resisted|p2a: Rainbow
|-crit|p2a: Rainbow
|-damage|p2a: Rainbow|24/100 slp
|-curestatus|p2a: Rainbow|slp|[msg]
|move|p2a: Rainbow|Rest|p2a: Rainbow
|-status|p2a: Rainbow|slp|[from] move: Rest
|-heal|p2a: Rainbow|100/100 slp|[silent]
|
|upkeep
|turn|120
|
|t:|1626990810
|switch|p1a: Weezing|Weezing, F|100/100 slp
|-ability|p1a: Weezing|Neutralizing Gas
|cant|p2a: Rainbow|slp
|
|upkeep
|turn|121
|
|t:|1626990815
|cant|p2a: Rainbow|slp
|cant|p1a: Weezing|slp
|
|upkeep
|turn|122
|
|t:|1626990817
|-curestatus|p2a: Rainbow|slp|[msg]
|move|p2a: Rainbow|Calm Mind|p2a: Rainbow
|-boost|p2a: Rainbow|spa|1
|-boost|p2a: Rainbow|spd|1
|cant|p1a: Weezing|slp
|
|upkeep
|turn|123
|
|t:|1626990821
|move|p2a: Rainbow|Acid Armor|p2a: Rainbow
|-boost|p2a: Rainbow|def|2
|-curestatus|p1a: Weezing|slp|[msg]
|move|p1a: Weezing|Toxic Spikes|p2a: Rainbow
|-sidestart|p2: pult61a hera|move: Toxic Spikes
|
|upkeep
|turn|124
|
|t:|1626990826
|move|p2a: Rainbow|Calm Mind|p2a: Rainbow
|-boost|p2a: Rainbow|spa|1
|-boost|p2a: Rainbow|spd|1
|move|p1a: Weezing|Will-O-Wisp|p2a: Rainbow
|-status|p2a: Rainbow|brn
|
|-damage|p2a: Rainbow|94/100 brn|[from] brn
|upkeep
|turn|125
|
|t:|1626990830
|-end|p1a: Weezing|ability: Neutralizing Gas
|switch|p1a: Sneasel|Sneasel, M|100/100
|move|p2a: Rainbow|Stored Power|p1a: Sneasel
|-immune|p1a: Sneasel
|
|-damage|p2a: Rainbow|88/100 brn|[from] brn
|upkeep
|turn|126
|
|t:|1626990838
|move|p1a: Sneasel|Knock Off|p2a: Rainbow
|-resisted|p2a: Rainbow
|-damage|p2a: Rainbow|79/100 brn
|move|p2a: Rainbow|Rest|p2a: Rainbow
|-status|p2a: Rainbow|slp|[from] move: Rest
|-heal|p2a: Rainbow|100/100 slp|[silent]
|
|upkeep
|turn|127
|
|t:|1626990842
|switch|p1a: Quagsire|Quagsire, M|75/100
|cant|p2a: Rainbow|slp
|
|-heal|p1a: Quagsire|81/100|[from] item: Leftovers
|upkeep
|turn|128
|
|t:|1626990846
|cant|p2a: Rainbow|slp
|move|p1a: Quagsire|Curse|p1a: Quagsire
|-unboost|p1a: Quagsire|spe|1
|-boost|p1a: Quagsire|atk|1
|-boost|p1a: Quagsire|def|1
|
|-heal|p1a: Quagsire|87/100|[from] item: Leftovers
|upkeep
|turn|129
|
|t:|1626990849
|-curestatus|p2a: Rainbow|slp|[msg]
|move|p2a: Rainbow|Stored Power|p1a: Quagsire
|-damage|p1a: Quagsire|60/100
|move|p1a: Quagsire|Curse|p1a: Quagsire
|-unboost|p1a: Quagsire|spe|1
|-boost|p1a: Quagsire|atk|1
|-boost|p1a: Quagsire|def|1
|
|-heal|p1a: Quagsire|66/100|[from] item: Leftovers
|upkeep
|turn|130
|
|t:|1626990856
|move|p2a: Rainbow|Stored Power|p1a: Quagsire
|-crit|p1a: Quagsire
|-damage|p1a: Quagsire|20/100
|move|p1a: Quagsire|Recover|p1a: Quagsire
|-heal|p1a: Quagsire|70/100
|
|-heal|p1a: Quagsire|76/100|[from] item: Leftovers
|upkeep
|turn|131
|
|t:|1626990864
|move|p2a: Rainbow|Acid Armor|p2a: Rainbow
|-boost|p2a: Rainbow|def|2
|move|p1a: Quagsire|Waterfall|p2a: Rainbow
|-damage|p2a: Rainbow|57/100
|
|-heal|p1a: Quagsire|82/100|[from] item: Leftovers
|upkeep
|turn|132
|
|t:|1626990868
|move|p2a: Rainbow|Rest|p2a: Rainbow
|-status|p2a: Rainbow|slp|[from] move: Rest
|-heal|p2a: Rainbow|100/100 slp|[silent]
|move|p1a: Quagsire|Waterfall|p2a: Rainbow
|-damage|p2a: Rainbow|61/100 slp
|
|-heal|p1a: Quagsire|89/100|[from] item: Leftovers
|upkeep
|turn|133
|
|t:|1626990871
|switch|p2a: Sire|Quagsire, M|70/100
|move|p1a: Quagsire|Waterfall|p2a: Sire
|-damage|p2a: Sire|52/100
|
|-heal|p1a: Quagsire|95/100|[from] item: Leftovers
|upkeep
|turn|134
|
|t:|1626990875
|move|p2a: Sire|Recover|p2a: Sire
|-heal|p2a: Sire|100/100
|move|p1a: Quagsire|Toxic|p2a: Sire|[miss]
|-miss|p1a: Quagsire|p2a: Sire
|
|-heal|p1a: Quagsire|100/100|[from] item: Leftovers
|upkeep
|turn|135
|
|t:|1626990879
|move|p2a: Sire|Toxic|p1a: Quagsire
|-status|p1a: Quagsire|tox
|move|p1a: Quagsire|Toxic|p2a: Sire
|-status|p2a: Sire|tox
|
|-damage|p2a: Sire|94/100 tox|[from] psn
|-damage|p1a: Quagsire|94/100 tox|[from] psn
|upkeep
|turn|136
|
|t:|1626990884
|switch|p2a: Marnie|Mareanie, F|71/100 brn
|-damage|p2a: Marnie|59/100 brn|[from] Stealth Rock
|-sideend|p2: pult61a hera|move: Toxic Spikes|[of] p2a: Marnie
|switch|p1a: Audino|Audino, F|84/100 brn
|
|-damage|p1a: Audino|78/100 brn|[from] brn
|-damage|p2a: Marnie|53/100 brn|[from] brn
|upkeep
|turn|137
|
|t:|1626990894
|switch|p2a: Sand Castle|Palossand, M|94/100
|-damage|p2a: Sand Castle|88/100|[from] Stealth Rock
|move|p1a: Audino|Heal Bell|p1a: Audino
|-activate|p1a: Audino|move: Heal Bell
|-curestatus|p1a: Audino|brn|[msg]
|-curestatus|p1: Corsola|tox|[msg]
|-curestatus|p1: Quagsire|tox|[msg]
|
|upkeep
|turn|138
|
|t:|1626990898
|switch|p1a: Quagsire|Quagsire, M|94/100
|move|p2a: Sand Castle|Stealth Rock|p1a: Quagsire
|-sidestart|p1: pult61atl|move: Stealth Rock
|
|-heal|p1a: Quagsire|100/100|[from] item: Leftovers
|upkeep
|turn|139
|
|t:|1626990906
|switch|p2a: Marnie|Mareanie, F|87/100 brn
|-damage|p2a: Marnie|74/100 brn|[from] Stealth Rock
|move|p1a: Quagsire|Curse|p1a: Quagsire
|-unboost|p1a: Quagsire|spe|1
|-boost|p1a: Quagsire|atk|1
|-boost|p1a: Quagsire|def|1
|
|-damage|p2a: Marnie|68/100 brn|[from] brn
|upkeep
|turn|140
|
|t:|1626990909
|move|p2a: Marnie|Scald|p1a: Quagsire
|-damage|p1a: Quagsire|88/100
|move|p1a: Quagsire|Curse|p1a: Quagsire
|-unboost|p1a: Quagsire|spe|1
|-boost|p1a: Quagsire|atk|1
|-boost|p1a: Quagsire|def|1
|
|-heal|p1a: Quagsire|94/100|[from] item: Leftovers
|-damage|p2a: Marnie|63/100 brn|[from] brn
|upkeep
|turn|141
|
|t:|1626990915
|move|p2a: Marnie|Scald|p1a: Quagsire
|-damage|p1a: Quagsire|81/100
|move|p1a: Quagsire|Waterfall|p2a: Marnie
|-resisted|p2a: Marnie
|-damage|p2a: Marnie|37/100 brn
|
|-heal|p1a: Quagsire|88/100|[from] item: Leftovers
|-damage|p2a: Marnie|31/100 brn|[from] brn
|upkeep
|turn|142
|
|t:|1626990919
|move|p2a: Marnie|Recover|p2a: Marnie
|-heal|p2a: Marnie|81/100 brn
|move|p1a: Quagsire|Curse|p1a: Quagsire
|-unboost|p1a: Quagsire|spe|1
|-boost|p1a: Quagsire|atk|1
|-boost|p1a: Quagsire|def|1
|
|-heal|p1a: Quagsire|94/100|[from] item: Leftovers
|-damage|p2a: Marnie|75/100 brn|[from] brn
|upkeep
|turn|143
|
|t:|1626990927
|move|p2a: Marnie|Scald|p1a: Quagsire
|-damage|p1a: Quagsire|81/100
|move|p1a: Quagsire|Curse|p1a: Quagsire
|-unboost|p1a: Quagsire|spe|1
|-boost|p1a: Quagsire|atk|1
|-boost|p1a: Quagsire|def|1
|
|-heal|p1a: Quagsire|87/100|[from] item: Leftovers
|-damage|p2a: Marnie|69/100 brn|[from] brn
|upkeep
|turn|144
|
|t:|1626990931
|move|p2a: Marnie|Scald|p1a: Quagsire
|-damage|p1a: Quagsire|76/100
|-status|p1a: Quagsire|brn
|move|p1a: Quagsire|Waterfall|p2a: Marnie
|-resisted|p2a: Marnie
|-damage|p2a: Marnie|50/100 brn
|
|-heal|p1a: Quagsire|82/100 brn|[from] item: Leftovers
|-damage|p2a: Marnie|44/100 brn|[from] brn
|-damage|p1a: Quagsire|76/100 brn|[from] brn
|upkeep
|turn|145
|
|t:|1626990936
|move|p2a: Marnie|Recover|p2a: Marnie
|-heal|p2a: Marnie|95/100 brn
|move|p1a: Quagsire|Curse|p1a: Quagsire
|-unboost|p1a: Quagsire|spe|1
|-boost|p1a: Quagsire|atk|1
|-boost|p1a: Quagsire|def|1
|
|-heal|p1a: Quagsire|82/100 brn|[from] item: Leftovers
|-damage|p2a: Marnie|89/100 brn|[from] brn
|-damage|p1a: Quagsire|76/100 brn|[from] brn
|upkeep
|turn|146
|
|t:|1626990940
|switch|p2a: Audacious|Audino, M|89/100 psn
|-damage|p2a: Audacious|76/100 psn|[from] Stealth Rock
|move|p1a: Quagsire|Curse|p1a: Quagsire
|-unboost|p1a: Quagsire|spe|1
|-boost|p1a: Quagsire|atk|1
|-boost|p1a: Quagsire|def|1
|
|-heal|p1a: Quagsire|82/100 brn|[from] item: Leftovers
|-damage|p2a: Audacious|64/100 psn|[from] psn
|-damage|p1a: Quagsire|76/100 brn|[from] brn
|upkeep
|turn|147
|
|t:|1626990944
|move|p2a: Audacious|Heal Bell|p2a: Audacious
|-activate|p2a: Audacious|move: Heal Bell
|-curestatus|p2a: Audacious|psn|[msg]
|-curestatus|p2: Rainbow|slp|[msg]
|-curestatus|p2: Sire|tox|[msg]
|-curestatus|p2: Marnie|brn|[msg]
|move|p1a: Quagsire|Waterfall|p2a: Audacious
|-damage|p2a: Audacious|17/100
|
|-heal|p1a: Quagsire|82/100 brn|[from] item: Leftovers
|-damage|p1a: Quagsire|76/100 brn|[from] brn
|upkeep
|turn|148
|
|t:|1626990953
|switch|p2a: Marnie|Mareanie, F|100/100
|-damage|p2a: Marnie|88/100|[from] Stealth Rock
|move|p1a: Quagsire|Toxic|p2a: Marnie
|-immune|p2a: Marnie
|
|-heal|p1a: Quagsire|82/100 brn|[from] item: Leftovers
|-damage|p1a: Quagsire|76/100 brn|[from] brn
|upkeep
|turn|149
|
|t:|1626990973
|switch|p1a: Weezing|Weezing, F|100/100
|-ability|p1a: Weezing|Neutralizing Gas
|-damage|p1a: Weezing|88/100|[from] Stealth Rock
|move|p2a: Marnie|Toxic Spikes|p1a: Weezing
|-sidestart|p1: pult61atl|move: Toxic Spikes
|
|upkeep
|turn|150
|
|t:|1626990988
|switch|p2a: Sand Castle|Palossand, M|88/100
|-damage|p2a: Sand Castle|82/100|[from] Stealth Rock
|move|p1a: Weezing|Toxic Spikes|p2a: Sand Castle
|-sidestart|p2: pult61a hera|move: Toxic Spikes
|
|upkeep
|turn|151
|
|t:|1626990994
|-end|p1a: Weezing|ability: Neutralizing Gas
|switch|p1a: Quagsire|Quagsire, M|76/100 brn
|-damage|p1a: Quagsire|70/100 brn|[from] Stealth Rock
|move|p2a: Sand Castle|Earth Power|p1a: Quagsire
|-damage|p1a: Quagsire|44/100 brn
|
|-heal|p1a: Quagsire|50/100 brn|[from] item: Leftovers
|-damage|p1a: Quagsire|44/100 brn|[from] brn
|upkeep
|turn|152
|l| JonAmon 25
|
|t:|1626991003
|move|p2a: Sand Castle|Shadow Ball|p1a: Quagsire
|-damage|p1a: Quagsire|21/100 brn
|move|p1a: Quagsire|Recover|p1a: Quagsire
|-heal|p1a: Quagsire|71/100 brn
|
|-heal|p1a: Quagsire|77/100 brn|[from] item: Leftovers
|-damage|p1a: Quagsire|71/100 brn|[from] brn
|upkeep
|turn|153
|
|t:|1626991011
|move|p2a: Sand Castle|Shadow Ball|p1a: Quagsire
|-damage|p1a: Quagsire|49/100 brn
|move|p1a: Quagsire|Recover|p1a: Quagsire
|-heal|p1a: Quagsire|99/100 brn
|
|-heal|p1a: Quagsire|100/100 brn|[from] item: Leftovers
|-damage|p1a: Quagsire|94/100 brn|[from] brn
|upkeep
|turn|154
|
|t:|1626991016
|switch|p2a: Marnie|Mareanie, F|88/100
|-damage|p2a: Marnie|76/100|[from] Stealth Rock
|-sideend|p2: pult61a hera|move: Toxic Spikes|[of] p2a: Marnie
|move|p1a: Quagsire|Toxic|p2a: Marnie
|-immune|p2a: Marnie
|
|-heal|p1a: Quagsire|100/100 brn|[from] item: Leftovers
|-damage|p1a: Quagsire|94/100 brn|[from] brn
|upkeep
|turn|155
|
|t:|1626991019
|switch|p1a: Weezing|Weezing, F|88/100
|-ability|p1a: Weezing|Neutralizing Gas
|-sideend|p1: pult61atl|move: Toxic Spikes|[of] p1a: Weezing
|-damage|p1a: Weezing|76/100|[from] Stealth Rock
|move|p2a: Marnie|Knock Off|p1a: Weezing
|-damage|p1a: Weezing|70/100
|
|upkeep
|turn|156
|
|t:|1626991024
|move|p1a: Weezing|Will-O-Wisp|p2a: Marnie
|-status|p2a: Marnie|brn
|move|p2a: Marnie|Toxic Spikes|p1a: Weezing
|-sidestart|p1: pult61atl|move: Toxic Spikes
|
|-damage|p2a: Marnie|70/100 brn|[from] brn
|upkeep
|turn|157
|
|t:|1626991030
|move|p1a: Weezing|Will-O-Wisp|p2a: Marnie|[miss]
|-miss|p1a: Weezing|p2a: Marnie
|move|p2a: Marnie|Scald|p1a: Weezing
|-damage|p1a: Weezing|50/100
|-status|p1a: Weezing|brn
|
|-damage|p1a: Weezing|44/100 brn|[from] brn
|-damage|p2a: Marnie|64/100 brn|[from] brn
|upkeep
|turn|158
|
|t:|1626991044
|switch|p2a: Rainbow|Alcremie-Rainbow-Swirl, F|61/100
|-damage|p2a: Rainbow|49/100|[from] Stealth Rock
|move|p1a: Weezing|Rest|p1a: Weezing
|-status|p1a: Weezing|slp|[from] move: Rest
|-heal|p1a: Weezing|100/100 slp|[silent]
|
|upkeep
|turn|159
|
|t:|1626991055
|-end|p1a: Weezing|ability: Neutralizing Gas
|switch|p1a: Avalugg|Avalugg, F|88/100
|move|p2a: Rainbow|Calm Mind|p2a: Rainbow
|-boost|p2a: Rainbow|spa|1
|-boost|p2a: Rainbow|spd|1
|
|upkeep
|turn|160
|
|t:|1626991060
|move|p2a: Rainbow|Acid Armor|p2a: Rainbow
|-boost|p2a: Rainbow|def|2
|move|p1a: Avalugg|Rapid Spin|p2a: Rainbow
|-damage|p2a: Rainbow|43/100
|-boost|p1a: Avalugg|spe|1
|-sideend|p1: pult61atl|Toxic Spikes|[from] move: Rapid Spin|[of] p1a: Avalugg
|-sideend|p1: pult61atl|Stealth Rock|[from] move: Rapid Spin|[of] p1a: Avalugg
|
|upkeep
|turn|161
|
|t:|1626991067
|switch|p1a: Audino|Audino, F|100/100
|move|p2a: Rainbow|Acid Armor|p2a: Rainbow
|-boost|p2a: Rainbow|def|2
|
|upkeep
|turn|162
|
|t:|1626991081
|move|p2a: Rainbow|Stored Power|p1a: Audino
|-damage|p1a: Audino|68/100
|move|p1a: Audino|Heal Bell|p1a: Audino
|-activate|p1a: Audino|move: Heal Bell
|-curestatus|p1: Quagsire|brn|[msg]
|-curestatus|p1: Weezing|slp|[msg]
|
|upkeep
|turn|163
|
|t:|1626991087
|switch|p1a: Quagsire|Quagsire, M|94/100
|move|p2a: Rainbow|Calm Mind|p2a: Rainbow
|-boost|p2a: Rainbow|spa|1
|-boost|p2a: Rainbow|spd|1
|
|-heal|p1a: Quagsire|100/100|[from] item: Leftovers
|upkeep
|turn|164
|l| pult61a trixx
|
|t:|1626991095
|move|p2a: Rainbow|Stored Power|p1a: Quagsire
|-damage|p1a: Quagsire|62/100
|move|p1a: Quagsire|Curse|p1a: Quagsire
|-unboost|p1a: Quagsire|spe|1
|-boost|p1a: Quagsire|atk|1
|-boost|p1a: Quagsire|def|1
|
|-heal|p1a: Quagsire|68/100|[from] item: Leftovers
|upkeep
|turn|165
|
|t:|1626991098
|move|p2a: Rainbow|Stored Power|p1a: Quagsire
|-damage|p1a: Quagsire|28/100
|move|p1a: Quagsire|Recover|p1a: Quagsire
|-heal|p1a: Quagsire|78/100
|
|-heal|p1a: Quagsire|84/100|[from] item: Leftovers
|upkeep
|turn|166
|
|t:|1626991107
|switch|p2a: Sire|Quagsire, M|94/100
|move|p1a: Quagsire|Waterfall|p2a: Sire
|-damage|p2a: Sire|77/100
|
|-heal|p1a: Quagsire|91/100|[from] item: Leftovers
|upkeep
|turn|167
|
|t:|1626991113
|switch|p1a: Weezing|Weezing, F|100/100
|-ability|p1a: Weezing|Neutralizing Gas
|move|p2a: Sire|Toxic|p1a: Weezing
|-immune|p1a: Weezing
|
|upkeep
|turn|168
|c| pult61a zoowi|we hittin 200 boys
|
|t:|1626991123
|switch|p2a: Sand Castle|Palossand, M|82/100
|-damage|p2a: Sand Castle|76/100|[from] Stealth Rock
|move|p1a: Weezing|Toxic Spikes|p2a: Sand Castle
|-sidestart|p2: pult61a hera|move: Toxic Spikes
|
|upkeep
|turn|169
|
|t:|1626991136
|-end|p1a: Weezing|ability: Neutralizing Gas
|switch|p1a: Audino|Audino, F|100/100
|move|p2a: Sand Castle|Stealth Rock|p1a: Audino
|-sidestart|p1: pult61atl|move: Stealth Rock
|
|upkeep
|turn|170
|
|t:|1626991140
|switch|p2a: Marnie|Mareanie, F|64/100 brn
|-sideend|p2: pult61a hera|move: Toxic Spikes|[of] p2a: Marnie
|-damage|p2a: Marnie|52/100 brn|[from] Stealth Rock
|move|p1a: Audino|Knock Off|p2a: Marnie
|-damage|p2a: Marnie|41/100 brn
|
|-damage|p2a: Marnie|35/100 brn|[from] brn
|upkeep
|turn|171
|
|t:|1626991143
|switch|p2a: Audacious|Audino, M|50/100
|-damage|p2a: Audacious|38/100|[from] Stealth Rock
|move|p1a: Audino|Knock Off|p2a: Audacious
|-damage|p2a: Audacious|29/100
|
|upkeep
|turn|172
|
|t:|1626991148
|switch|p1a: Weezing|Weezing, F|100/100
|-ability|p1a: Weezing|Neutralizing Gas
|-damage|p1a: Weezing|88/100|[from] Stealth Rock
|move|p2a: Audacious|Wish|p2a: Audacious
|
|upkeep
|turn|173
|
|t:|1626991154
|move|p2a: Audacious|Protect|p2a: Audacious
|-singleturn|p2a: Audacious|Protect
|move|p1a: Weezing|Toxic Spikes|p2a: Audacious
|-sidestart|p2: pult61a hera|move: Toxic Spikes
|
|-heal|p2a: Audacious|79/100|[from] move: Wish|[wisher] Audacious
|upkeep
|turn|174
|
|t:|1626991158
|move|p1a: Weezing|Will-O-Wisp|p2a: Audacious|[miss]
|-miss|p1a: Weezing|p2a: Audacious
|move|p2a: Audacious|Wish|p2a: Audacious
|
|upkeep
|turn|175
|
|t:|1626991163
|switch|p2a: Marnie|Mareanie, F|69/100 brn
|-sideend|p2: pult61a hera|move: Toxic Spikes|[of] p2a: Marnie
|-damage|p2a: Marnie|57/100 brn|[from] Stealth Rock
|move|p1a: Weezing|Sludge Bomb|p2a: Marnie
|-resisted|p2a: Marnie
|-damage|p2a: Marnie|31/100 brn
|
|-heal|p2a: Marnie|99/100 brn|[from] move: Wish|[wisher] Audacious
|-damage|p2a: Marnie|93/100 brn|[from] brn
|upkeep
|turn|176
|inactive|pult61a hera has 120 seconds left.
|
|t:|1626991222
|move|p1a: Weezing|Toxic Spikes|p2a: Marnie
|-sidestart|p2: pult61a hera|move: Toxic Spikes
|move|p2a: Marnie|Toxic Spikes|p1a: Weezing
|-sidestart|p1: pult61atl|move: Toxic Spikes
|
|-damage|p2a: Marnie|87/100 brn|[from] brn
|upkeep
|turn|177
|
|t:|1626991234
|move|p1a: Weezing|Will-O-Wisp|p2a: Marnie
|-fail|p2a: Marnie|brn
|move|p2a: Marnie|Knock Off|p1a: Weezing
|-damage|p1a: Weezing|85/100
|
|-damage|p2a: Marnie|81/100 brn|[from] brn
|upkeep
|turn|178
|
|t:|1626991250
|move|p1a: Weezing|Will-O-Wisp|p2a: Marnie
|-fail|p2a: Marnie|brn
|move|p2a: Marnie|Knock Off|p1a: Weezing
|-damage|p1a: Weezing|83/100
|
|-damage|p2a: Marnie|75/100 brn|[from] brn
|upkeep
|turn|179
|inactive|pult61a hera has 90 seconds left.
|
|t:|1626991261
|move|p1a: Weezing|Will-O-Wisp|p2a: Marnie
|-fail|p2a: Marnie|brn
|move|p2a: Marnie|Knock Off|p1a: Weezing
|-damage|p1a: Weezing|80/100
|
|-damage|p2a: Marnie|69/100 brn|[from] brn
|upkeep
|turn|180
|inactive|pult61a hera has 90 seconds left.
|
|t:|1626991271
|move|p1a: Weezing|Rest|p1a: Weezing
|-status|p1a: Weezing|slp|[from] move: Rest
|-heal|p1a: Weezing|100/100 slp|[silent]
|move|p2a: Marnie|Knock Off|p1a: Weezing
|-damage|p1a: Weezing|98/100 slp
|
|-damage|p2a: Marnie|63/100 brn|[from] brn
|upkeep
|turn|181
|inactive|pult61a hera has 90 seconds left.
|
|t:|1626991283
|switch|p2a: Sire|Quagsire, M|77/100
|cant|p1a: Weezing|slp
|
|upkeep
|turn|182
|
|t:|1626991289
|-end|p1a: Weezing|ability: Neutralizing Gas
|switch|p1a: Avalugg|Avalugg, F|88/100
|move|p2a: Sire|Earthquake|p1a: Avalugg
|-damage|p1a: Avalugg|76/100
|
|upkeep
|turn|183
|inactive|pult61a hera has 90 seconds left.
|
|t:|1626991296
|switch|p2a: Marnie|Mareanie, F|63/100 brn
|-sideend|p2: pult61a hera|move: Toxic Spikes|[of] p2a: Marnie
|-damage|p2a: Marnie|51/100 brn|[from] Stealth Rock
|move|p1a: Avalugg|Rapid Spin|p2a: Marnie
|-damage|p2a: Marnie|37/100 brn
|-boost|p1a: Avalugg|spe|1
|-sideend|p1: pult61atl|Toxic Spikes|[from] move: Rapid Spin|[of] p1a: Avalugg
|-sideend|p1: pult61atl|Stealth Rock|[from] move: Rapid Spin|[of] p1a: Avalugg
|
|-damage|p2a: Marnie|31/100 brn|[from] brn
|upkeep
|turn|184
|
|t:|1626991302
|move|p1a: Avalugg|Body Press|p2a: Marnie
|-resisted|p2a: Marnie
|-damage|p2a: Marnie|8/100 brn
|move|p2a: Marnie|Recover|p2a: Marnie
|-heal|p2a: Marnie|58/100 brn
|
|-damage|p2a: Marnie|52/100 brn|[from] brn
|upkeep
|turn|185
|
|t:|1626991316
|switch|p1a: Corsola|Corsola-Galar, F|94/100
|move|p2a: Marnie|Recover|p2a: Marnie
|-heal|p2a: Marnie|100/100 brn
|
|-damage|p2a: Marnie|95/100 brn|[from] brn
|upkeep
|turn|186
|
|t:|1626991322
|switch|p2a: Audacious|Audino, M|79/100
|-damage|p2a: Audacious|67/100|[from] Stealth Rock
|move|p1a: Corsola|Night Shade|p2a: Audacious
|-immune|p2a: Audacious
|
|upkeep
|turn|187
|
|t:|1626991329
|switch|p2a: Sand Castle|Palossand, M|76/100
|-damage|p2a: Sand Castle|70/100|[from] Stealth Rock
|move|p1a: Corsola|Will-O-Wisp|p2a: Sand Castle|[miss]
|-miss|p1a: Corsola|p2a: Sand Castle
|
|upkeep
|turn|188
|
|t:|1626991333
|move|p2a: Sand Castle|Stealth Rock|p1a: Corsola
|-sidestart|p1: pult61atl|move: Stealth Rock
|move|p1a: Corsola|Will-O-Wisp|p2a: Sand Castle
|-status|p2a: Sand Castle|brn
|
|-damage|p2a: Sand Castle|64/100 brn|[from] brn
|upkeep
|turn|189
|
|t:|1626991341
|move|p2a: Sand Castle|Shore Up|p2a: Sand Castle
|-heal|p2a: Sand Castle|100/100 brn
|move|p1a: Corsola|Strength Sap|p2a: Sand Castle
|-unboost|p2a: Sand Castle|atk|1
|-heal|p1a: Corsola|100/100
|
|-damage|p2a: Sand Castle|94/100 brn|[from] brn
|upkeep
|turn|190
|
|t:|1626991344
|switch|p1a: Audino|Audino, F|100/100
|-damage|p1a: Audino|88/100|[from] Stealth Rock
|move|p2a: Sand Castle|Earth Power|p1a: Audino
|-damage|p1a: Audino|69/100
|
|-damage|p2a: Sand Castle|88/100 brn|[from] brn
|upkeep
|turn|191
|
|t:|1626991355
|switch|p2a: Rainbow|Alcremie-Rainbow-Swirl, F|43/100
|-damage|p2a: Rainbow|30/100|[from] Stealth Rock
|move|p1a: Audino|Knock Off|p2a: Rainbow
|-resisted|p2a: Rainbow
|-damage|p2a: Rainbow|26/100
|
|upkeep
|turn|192
|l| mushamu
|
|t:|1626991370
|switch|p1a: Avalugg|Avalugg, F|76/100
|move|p2a: Rainbow|Rest|p2a: Rainbow
|-status|p2a: Rainbow|slp|[from] move: Rest
|-heal|p2a: Rainbow|100/100 slp|[silent]
|
|upkeep
|turn|193
|
|t:|1626991377
|switch|p2a: Marnie|Mareanie, F|100/100 brn
|-damage|p2a: Marnie|88/100 brn|[from] Stealth Rock
|move|p1a: Avalugg|Rapid Spin|p2a: Marnie
|-damage|p2a: Marnie|73/100 brn
|-boost|p1a: Avalugg|spe|1
|-sideend|p1: pult61atl|Stealth Rock|[from] move: Rapid Spin|[of] p1a: Avalugg
|
|-damage|p2a: Marnie|67/100 brn|[from] brn
|upkeep
|turn|194
|
|t:|1626991385
|switch|p1a: Audino|Audino, F|100/100
|move|p2a: Marnie|Knock Off|p1a: Audino
|-damage|p1a: Audino|97/100
|
|-damage|p2a: Marnie|61/100 brn|[from] brn
|upkeep
|turn|195
|
|t:|1626991390
|switch|p2a: Audacious|Audino, M|99/100
|-damage|p2a: Audacious|87/100|[from] Stealth Rock
|move|p1a: Audino|Knock Off|p2a: Audacious
|-damage|p2a: Audacious|77/100
|
|upkeep
|turn|196
|
|t:|1626991397
|switch|p1a: Weezing|Weezing, F|98/100 slp
|-ability|p1a: Weezing|Neutralizing Gas
|move|p2a: Audacious|Heal Bell|p2a: Audacious
|-activate|p2a: Audacious|move: Heal Bell
|-curestatus|p2: Marnie|brn|[msg]
|-curestatus|p2: Sand Castle|brn|[msg]
|-curestatus|p2: Rainbow|slp|[msg]
|
|upkeep
|turn|197
|
|t:|1626991403
|switch|p2a: Rainbow|Alcremie-Rainbow-Swirl, F|100/100
|-damage|p2a: Rainbow|88/100|[from] Stealth Rock
|cant|p1a: Weezing|slp
|
|upkeep
|turn|198
|
|t:|1626991408
|move|p2a: Rainbow|Calm Mind|p2a: Rainbow
|-boost|p2a: Rainbow|spa|1
|-boost|p2a: Rainbow|spd|1
|-curestatus|p1a: Weezing|slp|[msg]
|move|p1a: Weezing|Toxic Spikes|p2a: Rainbow
|-sidestart|p2: pult61a hera|move: Toxic Spikes
|
|upkeep
|turn|199
|
|t:|1626991415
|-end|p1a: Weezing|ability: Neutralizing Gas
|switch|p1a: Quagsire|Quagsire, M|91/100
|move|p2a: Rainbow|Acid Armor|p2a: Rainbow
|-boost|p2a: Rainbow|def|2
|
|-heal|p1a: Quagsire|97/100|[from] item: Leftovers
|upkeep
|turn|200
|
|t:|1626991439
|move|p2a: Rainbow|Calm Mind|p2a: Rainbow
|-boost|p2a: Rainbow|spa|1
|-boost|p2a: Rainbow|spd|1
|move|p1a: Quagsire|Toxic|p2a: Rainbow
|-status|p2a: Rainbow|tox
|
|-heal|p1a: Quagsire|100/100|[from] item: Leftovers
|-damage|p2a: Rainbow|82/100 tox|[from] psn
|upkeep
|turn|201
|
|t:|1626991445
|move|p2a: Rainbow|Acid Armor|p2a: Rainbow
|-boost|p2a: Rainbow|def|2
|move|p1a: Quagsire|Curse|p1a: Quagsire
|-unboost|p1a: Quagsire|spe|1
|-boost|p1a: Quagsire|atk|1
|-boost|p1a: Quagsire|def|1
|
|-damage|p2a: Rainbow|70/100 tox|[from] psn
|upkeep
|turn|202
|
|t:|1626991447
|move|p2a: Rainbow|Stored Power|p1a: Quagsire
|-damage|p1a: Quagsire|64/100
|move|p1a: Quagsire|Waterfall|p2a: Rainbow
|-damage|p2a: Rainbow|37/100 tox
|
|-heal|p1a: Quagsire|70/100|[from] item: Leftovers
|-damage|p2a: Rainbow|19/100 tox|[from] psn
|upkeep
|turn|203
|
|t:|1626991457
|move|p2a: Rainbow|Rest|p2a: Rainbow
|-status|p2a: Rainbow|slp|[from] move: Rest
|-heal|p2a: Rainbow|100/100 slp|[silent]
|move|p1a: Quagsire|Waterfall|p2a: Rainbow
|-damage|p2a: Rainbow|66/100 slp
|
|-heal|p1a: Quagsire|76/100|[from] item: Leftovers
|upkeep
|turn|204
|
|t:|1626991463
|switch|p2a: Marnie|Mareanie, F|95/100
|-sideend|p2: pult61a hera|move: Toxic Spikes|[of] p2a: Marnie
|-damage|p2a: Marnie|82/100|[from] Stealth Rock
|move|p1a: Quagsire|Waterfall|p2a: Marnie
|-resisted|p2a: Marnie
|-damage|p2a: Marnie|65/100
|
|-heal|p1a: Quagsire|82/100|[from] item: Leftovers
|upkeep
|turn|205
|
|t:|1626991468
|switch|p1a: Audino|Audino, F|100/100
|move|p2a: Marnie|Scald|p1a: Audino
|-damage|p1a: Audino|90/100
|-status|p1a: Audino|brn
|
|-damage|p1a: Audino|84/100 brn|[from] brn
|upkeep
|turn|206
|
|t:|1626991473
|move|p1a: Audino|Knock Off|p2a: Marnie
|-damage|p2a: Marnie|59/100
|move|p2a: Marnie|Toxic Spikes|p1a: Audino
|-sidestart|p1: pult61atl|move: Toxic Spikes
|
|-damage|p1a: Audino|78/100 brn|[from] brn
|upkeep
|turn|207
|
|t:|1626991479
|switch|p1a: Weezing|Weezing, F|98/100
|-ability|p1a: Weezing|Neutralizing Gas
|-sideend|p1: pult61atl|move: Toxic Spikes|[of] p1a: Weezing
|switch|p2a: Audacious|Audino, M|77/100
|-damage|p2a: Audacious|65/100|[from] Stealth Rock
|
|upkeep
|turn|208
|
|t:|1626991486
|switch|p2a: Sand Castle|Palossand, M|88/100
|-damage|p2a: Sand Castle|82/100|[from] Stealth Rock
|move|p1a: Weezing|Will-O-Wisp|p2a: Sand Castle
|-status|p2a: Sand Castle|brn
|
|-damage|p2a: Sand Castle|76/100 brn|[from] brn
|upkeep
|turn|209
|
|t:|1626991497
|-end|p1a: Weezing|ability: Neutralizing Gas
|switch|p1a: Sneasel|Sneasel, M|100/100
|move|p2a: Sand Castle|Stealth Rock|p1a: Sneasel
|-sidestart|p1: pult61atl|move: Stealth Rock
|
|-damage|p2a: Sand Castle|70/100 brn|[from] brn
|upkeep
|turn|210
|
|t:|1626991504
|switch|p2a: Marnie|Mareanie, F|59/100
|-damage|p2a: Marnie|47/100|[from] Stealth Rock
|move|p1a: Sneasel|Knock Off|p2a: Marnie
|-damage|p2a: Marnie|5/100
|
|upkeep
|turn|211
|inactive|pult61a hera has 90 seconds left.
|
|t:|1626991511
|switch|p1a: Weezing|Weezing, F|98/100
|-ability|p1a: Weezing|Neutralizing Gas
|-damage|p1a: Weezing|85/100|[from] Stealth Rock
|switch|p2a: Rainbow|Alcremie-Rainbow-Swirl, F|66/100 slp
|-damage|p2a: Rainbow|54/100 slp|[from] Stealth Rock
|
|upkeep
|turn|212
|inactive|pult61a hera has 90 seconds left.
|c|☆pult61a hera|wait
|c|☆pult61atl|mareanie is knocked
|c|☆pult61a hera|fuck
|c|☆pult61atl|u did well after rough start
|inactive|pult61a hera has 60 seconds left.
|c|☆pult61atl|was a intense game
|inactive|pult61a hera has 30 seconds left.
|
|t:|1626991583
|switch|p2a: Audacious|Audino, M|65/100
|-damage|p2a: Audacious|52/100|[from] Stealth Rock
|move|p1a: Weezing|Sludge Bomb|p2a: Audacious
|-damage|p2a: Audacious|36/100
|
|upkeep
|turn|213
|inactive|pult61a hera has 25 seconds left this turn.
|
|t:|1626991590
|move|p1a: Weezing|Toxic Spikes|p2a: Audacious
|-sidestart|p2: pult61a hera|move: Toxic Spikes
|move|p2a: Audacious|Wish|p2a: Audacious
|
|upkeep
|turn|214
|inactive|pult61a hera has 30 seconds left this turn.
|
|t:|1626991602
|move|p2a: Audacious|Protect|p2a: Audacious
|-singleturn|p2a: Audacious|Protect
|move|p1a: Weezing|Will-O-Wisp|p2a: Audacious
|-activate|p2a: Audacious|move: Protect
|
|-heal|p2a: Audacious|86/100|[from] move: Wish|[wisher] Audacious
|upkeep
|turn|215
|inactive|pult61a hera has 25 seconds left this turn.
|
|t:|1626991605
|move|p1a: Weezing|Will-O-Wisp|p2a: Audacious
|-status|p2a: Audacious|brn
|move|p2a: Audacious|Wish|p2a: Audacious
|
|-damage|p2a: Audacious|80/100 brn|[from] brn
|upkeep
|turn|216
|inactive|pult61a hera has 30 seconds left this turn.
|inactive|pult61atl has 120 seconds left.
|inactive|pult61a hera has 20 seconds left.
|
|t:|1626991637
|switch|p2a: Sand Castle|Palossand, M|70/100 brn
|-damage|p2a: Sand Castle|64/100 brn|[from] Stealth Rock
|move|p1a: Weezing|Sludge Bomb|p2a: Sand Castle
|-resisted|p2a: Sand Castle
|-damage|p2a: Sand Castle|57/100 brn
|
|-heal|p2a: Sand Castle|100/100 brn|[from] move: Wish|[wisher] Audacious
|-damage|p2a: Sand Castle|94/100 brn|[from] brn
|upkeep
|turn|217
|inactive|pult61a hera has 20 seconds left this turn.
|
|t:|1626991644
|-end|p1a: Weezing|ability: Neutralizing Gas
|switch|p1a: Quagsire|Quagsire, M|82/100
|-damage|p1a: Quagsire|76/100|[from] Stealth Rock
|switch|p2a: Audacious|Audino, M|80/100 brn
|-damage|p2a: Audacious|67/100 brn|[from] Stealth Rock
|
|-heal|p1a: Quagsire|82/100|[from] item: Leftovers
|-damage|p2a: Audacious|61/100 brn|[from] brn
|upkeep
|turn|218
|inactive|pult61a hera has 25 seconds left this turn.
|inactive|pult61atl has 90 seconds left.
|
|t:|1626991655
|switch|p2a: Sire|Quagsire, M|77/100
|switch|p1a: Avalugg|Avalugg, F|76/100
|
|upkeep
|turn|219
|inactive|pult61a hera has 25 seconds left this turn.
|inactive|pult61a hera has 20 seconds left.
|
|t:|1626991662
|move|p2a: Sire|Toxic|p1a: Avalugg
|-status|p1a: Avalugg|tox
|move|p1a: Avalugg|Recover|p1a: Avalugg
|-heal|p1a: Avalugg|100/100 tox
|
|-damage|p1a: Avalugg|94/100 tox|[from] psn
|upkeep
|turn|220
|inactive|pult61a hera has 25 seconds left this turn.
|
|t:|1626991665
|switch|p2a: Sand Castle|Palossand, M|94/100 brn
|-damage|p2a: Sand Castle|88/100 brn|[from] Stealth Rock
|switch|p1a: Audino|Audino, F|100/100 brn
|-damage|p1a: Audino|88/100 brn|[from] Stealth Rock
|
|-damage|p1a: Audino|82/100 brn|[from] brn
|-damage|p2a: Sand Castle|82/100 brn|[from] brn
|upkeep
|turn|221
|inactive|pult61a hera has 25 seconds left this turn.
|
|t:|1626991680
|switch|p2a: Audacious|Audino, M|94/100 brn
|-damage|p2a: Audacious|82/100 brn|[from] Stealth Rock
|move|p1a: Audino|Heal Bell|p1a: Audino
|-activate|p1a: Audino|move: Heal Bell
|-curestatus|p1a: Audino|brn|[msg]
|-curestatus|p1: Avalugg|tox|[msg]
|
|-damage|p2a: Audacious|76/100 brn|[from] brn
|upkeep
|turn|222
|inactive|pult61a hera has 30 seconds left this turn.
|
|t:|1626991689
|switch|p1a: Corsola|Corsola-Galar, F|100/100
|-damage|p1a: Corsola|88/100|[from] Stealth Rock
|switch|p2a: Sand Castle|Palossand, M|82/100 brn
|-damage|p2a: Sand Castle|76/100 brn|[from] Stealth Rock
|
|-damage|p2a: Sand Castle|70/100 brn|[from] brn
|upkeep
|turn|223
|inactive|pult61a hera has 30 seconds left this turn.
|
|t:|1626991695
|move|p2a: Sand Castle|Shadow Ball|p1a: Corsola
|-supereffective|p1a: Corsola
|-damage|p1a: Corsola|51/100
|move|p1a: Corsola|Strength Sap|p2a: Sand Castle
|-unboost|p2a: Sand Castle|atk|1
|-heal|p1a: Corsola|94/100
|
|-damage|p2a: Sand Castle|64/100 brn|[from] brn
|upkeep
|turn|224
|inactive|pult61a hera has 30 seconds left this turn.
|
|t:|1626991702
|switch|p1a: Audino|Audino, F|100/100
|-damage|p1a: Audino|88/100|[from] Stealth Rock
|move|p2a: Sand Castle|Shore Up|p2a: Sand Castle
|-heal|p2a: Sand Castle|100/100 brn
|
|-damage|p2a: Sand Castle|94/100 brn|[from] brn
|upkeep
|turn|225
|inactive|pult61a hera has 30 seconds left this turn.
|
|t:|1626991708
|switch|p2a: Audacious|Audino, M|100/100 brn
|-damage|p2a: Audacious|88/100 brn|[from] Stealth Rock
|move|p1a: Audino|Knock Off|p2a: Audacious
|-damage|p2a: Audacious|79/100 brn
|
|-damage|p2a: Audacious|73/100 brn|[from] brn
|upkeep
|turn|226
|inactive|pult61a hera has 30 seconds left this turn.
|j| Darky~Samaa'
|
|t:|1626991713
|switch|p1a: Corsola|Corsola-Galar, F|94/100
|-damage|p1a: Corsola|82/100|[from] Stealth Rock
|switch|p2a: Sand Castle|Palossand, M|94/100 brn
|-damage|p2a: Sand Castle|88/100 brn|[from] Stealth Rock
|
|-damage|p2a: Sand Castle|82/100 brn|[from] brn
|upkeep
|turn|227
|inactive|pult61a hera has 25 seconds left this turn.
|
|t:|1626991717
|move|p2a: Sand Castle|Shadow Ball|p1a: Corsola
|-supereffective|p1a: Corsola
|-damage|p1a: Corsola|41/100
|move|p1a: Corsola|Strength Sap|p2a: Sand Castle
|-unboost|p2a: Sand Castle|atk|1
|-heal|p1a: Corsola|84/100
|
|-damage|p2a: Sand Castle|76/100 brn|[from] brn
|upkeep
|turn|228
|inactive|pult61a hera has 30 seconds left this turn.
|
|t:|1626991724
|switch|p1a: Audino|Audino, F|100/100
|-damage|p1a: Audino|88/100|[from] Stealth Rock
|move|p2a: Sand Castle|Shore Up|p2a: Sand Castle
|-heal|p2a: Sand Castle|100/100 brn
|
|-damage|p2a: Sand Castle|94/100 brn|[from] brn
|upkeep
|turn|229
|inactive|pult61a hera has 25 seconds left this turn.
|
|t:|1626991729
|switch|p2a: Audacious|Audino, M|100/100 brn
|-damage|p2a: Audacious|88/100 brn|[from] Stealth Rock
|move|p1a: Audino|Knock Off|p2a: Audacious
|-damage|p2a: Audacious|79/100 brn
|
|-damage|p2a: Audacious|72/100 brn|[from] brn
|upkeep
|turn|230
|inactive|pult61a hera has 30 seconds left this turn.
|
|t:|1626991734
|switch|p1a: Corsola|Corsola-Galar, F|84/100
|-damage|p1a: Corsola|71/100|[from] Stealth Rock
|switch|p2a: Sand Castle|Palossand, M|94/100 brn
|-damage|p2a: Sand Castle|88/100 brn|[from] Stealth Rock
|
|-damage|p2a: Sand Castle|82/100 brn|[from] brn
|upkeep
|turn|231
|inactive|pult61a hera has 30 seconds left this turn.
|
|t:|1626991741
|switch|p2a: Audacious|Audino, M|100/100 brn
|-damage|p2a: Audacious|88/100 brn|[from] Stealth Rock
|switch|p1a: Audino|Audino, F|100/100
|-damage|p1a: Audino|88/100|[from] Stealth Rock
|
|-damage|p2a: Audacious|82/100 brn|[from] brn
|upkeep
|turn|232
|inactive|pult61a hera has 30 seconds left this turn.
|
|t:|1626991748
|switch|p1a: Corsola|Corsola-Galar, F|71/100
|-damage|p1a: Corsola|59/100|[from] Stealth Rock
|switch|p2a: Sand Castle|Palossand, M|82/100 brn
|-damage|p2a: Sand Castle|76/100 brn|[from] Stealth Rock
|
|-damage|p2a: Sand Castle|70/100 brn|[from] brn
|upkeep
|turn|233
|inactive|pult61a hera has 30 seconds left this turn.
|
|t:|1626991755
|switch|p2a: Audacious|Audino, M|100/100 brn
|-damage|p2a: Audacious|88/100 brn|[from] Stealth Rock
|switch|p1a: Audino|Audino, F|100/100
|-damage|p1a: Audino|88/100|[from] Stealth Rock
|
|-damage|p2a: Audacious|82/100 brn|[from] brn
|upkeep
|turn|234
|
|t:|1626991757
|move|p1a: Audino|Wish|p1a: Audino
|move|p2a: Audacious|Knock Off|p1a: Audino
|-crit|p1a: Audino
|-damage|p1a: Audino|81/100
|
|-damage|p2a: Audacious|76/100 brn|[from] brn
|upkeep
|turn|235
|
|t:|1626991762
|switch|p1a: Corsola|Corsola-Galar, F|59/100
|-damage|p1a: Corsola|47/100|[from] Stealth Rock
|move|p2a: Audacious|Knock Off|p1a: Corsola
|-supereffective|p1a: Corsola
|-damage|p1a: Corsola|39/100
|-start|p2a: Audacious|Disable|Knock Off|[from] ability: Cursed Body|[of] p1a: Corsola
|-enditem|p1a: Corsola|Eviolite|[from] move: Knock Off|[of] p2a: Audacious
|
|-heal|p1a: Corsola|100/100|[from] move: Wish|[wisher] Audino
|-damage|p2a: Audacious|70/100 brn|[from] brn
|upkeep
|turn|236
|
|t:|1626991769
|switch|p2a: Sand Castle|Palossand, M|70/100 brn
|-damage|p2a: Sand Castle|64/100 brn|[from] Stealth Rock
|move|p1a: Corsola|Night Shade|p2a: Sand Castle
|-damage|p2a: Sand Castle|37/100 brn
|
|-damage|p2a: Sand Castle|31/100 brn|[from] brn
|upkeep
|turn|237
|
|t:|1626991774
|move|p2a: Sand Castle|Shore Up|p2a: Sand Castle
|-heal|p2a: Sand Castle|81/100 brn
|move|p1a: Corsola|Night Shade|p2a: Sand Castle
|-damage|p2a: Sand Castle|54/100 brn
|
|-damage|p2a: Sand Castle|48/100 brn|[from] brn
|upkeep
|turn|238
|
|t:|1626991785
|switch|p1a: Audino|Audino, F|100/100
|-damage|p1a: Audino|88/100|[from] Stealth Rock
|move|p2a: Sand Castle|Shore Up|p2a: Sand Castle
|-heal|p2a: Sand Castle|98/100 brn
|
|-damage|p2a: Sand Castle|92/100 brn|[from] brn
|upkeep
|turn|239
|
|t:|1626991799
|switch|p2a: Audacious|Audino, M|100/100 brn
|-damage|p2a: Audacious|88/100 brn|[from] Stealth Rock
|move|p1a: Audino|Knock Off|p2a: Audacious
|-damage|p2a: Audacious|80/100 brn
|
|-damage|p2a: Audacious|73/100 brn|[from] brn
|upkeep
|turn|240
|inactive|pult61a hera has 30 seconds left.
|
|t:|1626991811
|switch|p2a: Sand Castle|Palossand, M|92/100 brn
|-damage|p2a: Sand Castle|86/100 brn|[from] Stealth Rock
|move|p1a: Audino|Knock Off|p2a: Sand Castle
|-supereffective|p2a: Sand Castle
|-damage|p2a: Sand Castle|72/100 brn
|
|-damage|p2a: Sand Castle|66/100 brn|[from] brn
|upkeep
|turn|241
|inactive|pult61a hera has 30 seconds left this turn.
|
|t:|1626991819
|switch|p2a: Audacious|Audino, M|100/100 brn
|-damage|p2a: Audacious|88/100 brn|[from] Stealth Rock
|move|p1a: Audino|Knock Off|p2a: Audacious
|-damage|p2a: Audacious|78/100 brn
|
|-damage|p2a: Audacious|72/100 brn|[from] brn
|upkeep
|turn|242
|inactive|pult61a hera has 30 seconds left this turn.
|
|t:|1626991824
|switch|p1a: Weezing|Weezing, F|85/100
|-ability|p1a: Weezing|Neutralizing Gas
|-damage|p1a: Weezing|73/100|[from] Stealth Rock
|move|p2a: Audacious|Wish|p2a: Audacious
|
|-damage|p2a: Audacious|66/100 brn|[from] brn
|upkeep
|turn|243
|inactive|pult61a hera has 30 seconds left this turn.
|
|t:|1626991835
|move|p1a: Weezing|Toxic Spikes|p2a: Audacious
|-sidestart|p2: pult61a hera|move: Toxic Spikes
|move|p2a: Audacious|Knock Off|p1a: Weezing
|-damage|p1a: Weezing|70/100
|
|-heal|p2a: Audacious|100/100 brn|[from] move: Wish|[wisher] Audacious
|-damage|p2a: Audacious|94/100 brn|[from] brn
|upkeep
|turn|244
|inactive|pult61a hera has 30 seconds left this turn.
|inactive|pult61atl has 60 seconds left.
|
|t:|1626991850
|-end|p1a: Weezing|ability: Neutralizing Gas
|switch|p1a: Corsola|Corsola-Galar, F|100/100
|-damage|p1a: Corsola|88/100|[from] Stealth Rock
|move|p2a: Audacious|Wish|p2a: Audacious
|
|-damage|p2a: Audacious|88/100 brn|[from] brn
|upkeep
|turn|245
|inactive|pult61a hera has 25 seconds left this turn.
|
|t:|1626991855
|switch|p2a: Sand Castle|Palossand, M|66/100 brn
|-damage|p2a: Sand Castle|60/100 brn|[from] Stealth Rock
|move|p1a: Corsola|Night Shade|p2a: Sand Castle
|-damage|p2a: Sand Castle|33/100 brn
|
|-heal|p2a: Sand Castle|88/100 brn|[from] move: Wish|[wisher] Audacious
|-damage|p2a: Sand Castle|82/100 brn|[from] brn
|upkeep
|turn|246
|inactive|pult61a hera has 30 seconds left this turn.
|
|t:|1626991860
|switch|p2a: Audacious|Audino, M|100/100 brn
|-damage|p2a: Audacious|88/100 brn|[from] Stealth Rock
|switch|p1a: Audino|Audino, F|100/100
|-damage|p1a: Audino|88/100|[from] Stealth Rock
|
|-damage|p2a: Audacious|82/100 brn|[from] brn
|upkeep
|turn|247
|inactive|pult61a hera has 30 seconds left this turn.
|
|t:|1626991864
|switch|p1a: Corsola|Corsola-Galar, F|88/100
|-damage|p1a: Corsola|76/100|[from] Stealth Rock
|switch|p2a: Sand Castle|Palossand, M|82/100 brn
|-damage|p2a: Sand Castle|76/100 brn|[from] Stealth Rock
|
|-damage|p2a: Sand Castle|69/100 brn|[from] brn
|upkeep
|turn|248
|
|t:|1626991871
|switch|p1a: Audino|Audino, F|100/100
|-damage|p1a: Audino|88/100|[from] Stealth Rock
|move|p2a: Sand Castle|Shore Up|p2a: Sand Castle
|-heal|p2a: Sand Castle|100/100 brn
|
|-damage|p2a: Sand Castle|94/100 brn|[from] brn
|upkeep
|turn|249
|
|t:|1626991875
|switch|p2a: Audacious|Audino, M|100/100 brn
|-damage|p2a: Audacious|88/100 brn|[from] Stealth Rock
|move|p1a: Audino|Knock Off|p2a: Audacious
|-damage|p2a: Audacious|78/100 brn
|
|-damage|p2a: Audacious|72/100 brn|[from] brn
|upkeep
|turn|250
|
|t:|1626991878
|switch|p1a: Weezing|Weezing, F|70/100
|-ability|p1a: Weezing|Neutralizing Gas
|-damage|p1a: Weezing|58/100|[from] Stealth Rock
|switch|p2a: Sand Castle|Palossand, M|94/100 brn
|-damage|p2a: Sand Castle|88/100 brn|[from] Stealth Rock
|
|-damage|p2a: Sand Castle|82/100 brn|[from] brn
|upkeep
|turn|251
|
|t:|1626991888
|-end|p1a: Weezing|ability: Neutralizing Gas
|switch|p1a: Quagsire|Quagsire, M|82/100
|-damage|p1a: Quagsire|76/100|[from] Stealth Rock
|move|p2a: Sand Castle|Earth Power|p1a: Quagsire
|-damage|p1a: Quagsire|49/100
|
|-heal|p1a: Quagsire|55/100|[from] item: Leftovers
|-damage|p2a: Sand Castle|76/100 brn|[from] brn
|upkeep
|turn|252
|
|t:|1626991896
|switch|p2a: Sire|Quagsire, M|77/100
|move|p1a: Quagsire|Recover|p1a: Quagsire
|-heal|p1a: Quagsire|100/100
|
|upkeep
|turn|253
|inactive|pult61atl has 60 seconds left.
|
|t:|1626991915
|move|p2a: Sire|Scald|p1a: Quagsire
|-damage|p1a: Quagsire|86/100
|move|p1a: Quagsire|Toxic|p2a: Sire
|-status|p2a: Sire|tox
|
|-heal|p1a: Quagsire|92/100|[from] item: Leftovers
|-damage|p2a: Sire|71/100 tox|[from] psn
|upkeep
|turn|254
|
|t:|1626991925
|switch|p1a: Weezing|Weezing, F|58/100
|-ability|p1a: Weezing|Neutralizing Gas
|-damage|p1a: Weezing|45/100|[from] Stealth Rock
|move|p2a: Sire|Toxic|p1a: Weezing
|-immune|p1a: Weezing
|
|-damage|p2a: Sire|59/100 tox|[from] psn
|upkeep
|turn|255
|
|t:|1626991934
|switch|p2a: Audacious|Audino, M|72/100 brn
|-damage|p2a: Audacious|60/100 brn|[from] Stealth Rock
|move|p1a: Weezing|Rest|p1a: Weezing
|-status|p1a: Weezing|slp|[from] move: Rest
|-heal|p1a: Weezing|100/100 slp|[silent]
|
|-damage|p2a: Audacious|53/100 brn|[from] brn
|upkeep
|turn|256
|
|t:|1626991947
|-end|p1a: Weezing|ability: Neutralizing Gas
|switch|p1a: Sneasel|Sneasel, M|100/100
|-damage|p1a: Sneasel|76/100|[from] Stealth Rock
|move|p2a: Audacious|Wish|p2a: Audacious
|
|-damage|p2a: Audacious|47/100 brn|[from] brn
|upkeep
|turn|257
|inactive|pult61atl has 30 seconds left.
|inactive|pult61atl has 20 seconds left.
|inactive|pult61atl has 15 seconds left.
|inactive|pult61atl has 10 seconds left.
|inactive|pult61atl has 5 seconds left.
|-message|pult61atl lost due to inactivity.
|
|win|pult61a hera
|raw|pult61atl's rating: 1643 &rarr; <strong>1615</strong><br />(-28 for losing)
|raw|pult61a hera's rating: 1497 &rarr; <strong>1525</strong><br />(+28 for winning)
|c|☆pult61atl|o
|c|☆pult61atl|thats my bad
|c|☆pult61a hera|i did not expect that to happen
|c| Antares|the only good way to end this match
|c|☆pult61a hera|gg though
|c|☆pult61atl|what did u click
|c|☆pult61atl|i low kicked
|c|☆pult61a hera|tect
||Ladder isn't responding, score probably updated but might not have (Request timeout).
