|j|☆Neverending Grind
|j|☆jk malding
|t:|1632416971
|gametype|singles
|player|p1|Neverending Grind|blaine|1390
|player|p2|jk malding|hiker-gen4|1391
|teamsize|p1|6
|teamsize|p2|6
|gen|8
|tier|[Gen 8] PU
|rated|
|rule|Sleep Clause Mod: Limit one foe put to sleep
|rule|Species Clause: Limit one of each Pokémon
|rule|OHKO Clause: OHKO moves are banned
|rule|Evasion Moves Clause: Evasion moves are banned
|rule|Endless Battle Clause: Forcing endless battles is banned
|rule|HP Percentage Mod: HP is shown in percentages
|rule|Dynamax Clause: You cannot dynamax
|clearpoke
|poke|p1|Crustle, M|
|poke|p1|Klinklang|
|poke|p1|Lunatone|
|poke|p1|Silvally-*|
|poke|p1|Cinccino, F|
|poke|p1|Hitmontop, M|
|poke|p2|Lapras, M|
|poke|p2|Scyther, M|
|poke|p2|Regirock|
|poke|p2|Weezing, M|
|poke|p2|Silvally-*|
|poke|p2|Passimian, M|
|teampreview
|
|t:|1632416986
|start
|switch|p1a: Crustle|Crustle, M|100/100
|switch|p2a: Regirock|Regirock|100/100
|turn|1
|inactive|Battle timer is ON: inactive players will automatically lose when time's up. (requested by jk malding)
|
|t:|1632417003
|move|p1a: Crustle|Stealth Rock|p2a: Regirock
|-sidestart|p2: jk malding|move: Stealth Rock
|move|p2a: Regirock|Iron Defense|p2a: Regirock
|-boost|p2a: Regirock|def|2
|
|upkeep
|turn|2
|
|t:|1632417012
|move|p1a: Crustle|Spikes|p2a: Regirock
|-sidestart|p2: jk malding|Spikes
|move|p2a: Regirock|Iron Defense|p2a: Regirock
|-boost|p2a: Regirock|def|2
|
|upkeep
|turn|3
|
|t:|1632417016
|move|p1a: Crustle|Spikes|p2a: Regirock
|-sidestart|p2: jk malding|Spikes
|move|p2a: Regirock|Iron Defense|p2a: Regirock
|-boost|p2a: Regirock|def|2
|
|upkeep
|turn|4
|
|t:|1632417022
|move|p1a: Crustle|Spikes|p2a: Regirock
|-sidestart|p2: jk malding|Spikes
|move|p2a: Regirock|Body Press|p1a: Crustle
|-crit|p1a: Crustle
|-enditem|p1a: Crustle|Focus Sash
|-damage|p1a: Crustle|1/100
|-ability|p1a: Crustle|Weak Armor|boost
|-unboost|p1a: Crustle|def|1
|-boost|p1a: Crustle|spe|2
|
|upkeep
|turn|5
|
|t:|1632417028
|move|p1a: Crustle|Earthquake|p2a: Regirock
|-supereffective|p2a: Regirock
|-damage|p2a: Regirock|93/100
|move|p2a: Regirock|Body Press|p1a: Crustle
|-damage|p1a: Crustle|0 fnt
|faint|p1a: Crustle
|
|-heal|p2a: Regirock|99/100|[from] item: Leftovers
|upkeep
|
|t:|1632417035
|switch|p1a: Silvally|Silvally-Ghost|100/100
|turn|6
|
|t:|1632417039
|move|p1a: Silvally|Swords Dance|p1a: Silvally
|-boost|p1a: Silvally|atk|2
|move|p2a: Regirock|Rock Blast|p1a: Silvally
|-damage|p1a: Silvally|91/100
|-damage|p1a: Silvally|81/100
|-hitcount|p1a: Silvally|2
|
|-heal|p2a: Regirock|100/100|[from] item: Leftovers
|upkeep
|turn|7
|
|t:|1632417042
|move|p1a: Silvally|Swords Dance|p1a: Silvally
|-boost|p1a: Silvally|atk|2
|move|p2a: Regirock|Rock Blast|p1a: Silvally
|-damage|p1a: Silvally|72/100
|-damage|p1a: Silvally|63/100
|-damage|p1a: Silvally|54/100
|-damage|p1a: Silvally|45/100
|-damage|p1a: Silvally|35/100
|-hitcount|p1a: Silvally|5
|
|upkeep
|turn|8
|
|t:|1632417048
|move|p1a: Silvally|Multi-Attack|p2a: Regirock
|-damage|p2a: Regirock|84/100
|move|p2a: Regirock|Rock Blast|p1a: Silvally
|-damage|p1a: Silvally|26/100
|-damage|p1a: Silvally|17/100
|-hitcount|p1a: Silvally|2
|
|-heal|p2a: Regirock|90/100|[from] item: Leftovers
|upkeep
|turn|9
|
|t:|1632417053
|move|p1a: Silvally|Multi-Attack|p2a: Regirock
|-damage|p2a: Regirock|71/100
|move|p2a: Regirock|Rock Blast|p1a: Silvally|[miss]
|-miss|p2a: Regirock|p1a: Silvally
|
|-heal|p2a: Regirock|77/100|[from] item: Leftovers
|upkeep
|turn|10
|
|t:|1632417056
|move|p1a: Silvally|Multi-Attack|p2a: Regirock
|-damage|p2a: Regirock|58/100
|move|p2a: Regirock|Rock Blast|p1a: Silvally
|-damage|p1a: Silvally|8/100
|-damage|p1a: Silvally|0 fnt
|faint|p1a: Silvally
|-hitcount|p1: Silvally|2
|
|-heal|p2a: Regirock|64/100|[from] item: Leftovers
|upkeep
|
|t:|1632417060
|switch|p1a: Lunatone|Lunatone|100/100
|turn|11
|
|t:|1632417064
|move|p1a: Lunatone|Meteor Beam||[still]
|-prepare|p1a: Lunatone|Meteor Beam
|-boost|p1a: Lunatone|spa|1
|-enditem|p1a: Lunatone|Power Herb
|-anim|p1a: Lunatone|Meteor Beam|p2a: Regirock|[miss]
|-miss|p1a: Lunatone|p2a: Regirock
|move|p2a: Regirock|Body Press|p1a: Lunatone
|-damage|p1a: Lunatone|0 fnt
|faint|p1a: Lunatone
|
|-heal|p2a: Regirock|70/100|[from] item: Leftovers
|upkeep
|c|☆Neverending Grind|ah yes
|c|☆jk malding|yes indeed
|c|☆jk malding|gg
|-message|Neverending Grind forfeited.
|
|win|jk malding
|raw|Neverending Grind's rating: 1390 &rarr; <strong>1371</strong><br />(-19 for losing)
|raw|jk malding's rating: 1407 &rarr; <strong>1426</strong><br />(+19 for winning)
|l|☆Neverending Grind
