|j|☆kingqueso141
|j|☆realdeclan
|t:|1667876667
|gametype|singles
|player|p1|kingqueso141|rosa|1381
|player|p2|realdeclan|red|1316
|teamsize|p1|6
|teamsize|p2|6
|gen|8
|tier|[Gen 8] PU
|rated|
|rule|Sleep Clause Mod: Limit one foe put to sleep
|rule|Species Clause: Limit one of each Pokémon
|rule|OHKO Clause: OHKO moves are banned
|rule|Evasion Items Clause: Evasion items are banned
|rule|Evasion Moves Clause: Evasion moves are banned
|rule|Endless Battle Clause: Forcing endless battles is banned
|rule|HP Percentage Mod: HP is shown in percentages
|rule|Dynamax Clause: You cannot dynamax
|clearpoke
|poke|p1|Wishiwashi, F|
|poke|p1|Togedemaru, F|
|poke|p1|Whimsicott, F|
|poke|p1|Charizard, M|
|poke|p1|Gallade, M|
|poke|p1|Doublade, M|
|poke|p2|Charizard, F|
|poke|p2|Comfey, F|
|poke|p2|Whimsicott, M|
|poke|p2|Leafeon, M|
|poke|p2|Quagsire, F|
|poke|p2|Claydol|
|teampreview
|
|t:|1667876684
|start
|switch|p1a: Charizard|Charizard, M|100/100
|switch|p2a: Charizard|Charizard, F|100/100
|turn|1
|
|t:|1667876689
|move|p2a: Charizard|Ancient Power|p1a: Charizard
|-supereffective|p1a: Charizard
|-damage|p1a: Charizard|0 fnt
|faint|p1a: Charizard
|
|upkeep
|
|t:|1667876694
|switch|p1a: Wishiwashi|Wishiwashi, F|100/100
|-formechange|p1a: Wishiwashi|Wishiwashi-School||[from] ability: Schooling
|turn|2
|
|t:|1667876701
|switch|p2a: Leafeon|Leafeon, M|100/100
|move|p1a: Wishiwashi|U-turn|p2a: Leafeon
|-supereffective|p2a: Leafeon
|-damage|p2a: Leafeon|61/100
|
|t:|1667876708
|switch|p1a: Gallade|Gallade, M|100/100|[from]move: U-turn
|
|upkeep
|turn|3
|
|t:|1667876712
|move|p2a: Leafeon|Leaf Blade|p1a: Gallade
|-damage|p1a: Gallade|0 fnt
|faint|p1a: Gallade
|
|upkeep
|
|t:|1667876722
|switch|p1a: Doublade|Doublade, M|100/100
|turn|4
|
|t:|1667876727
|switch|p2a: Quagsire|Quagsire, F|100/100
|move|p1a: Doublade|Swords Dance|p1a: Doublade
|-boost|p1a: Doublade|atk|2
|
|upkeep
|turn|5
|
|t:|1667876732
|switch|p1a: Whimsicott|Whimsicott, F|100/100
|move|p2a: Quagsire|Earthquake|p1a: Whimsicott
|-resisted|p1a: Whimsicott
|-damage|p1a: Whimsicott|78/100
|
|upkeep
|turn|6
|
|t:|1667876738
|switch|p2a: Whimsicott|Whimsicott, M|100/100
|move|p1a: Whimsicott|U-turn|p2a: Whimsicott
|-damage|p2a: Whimsicott|87/100
|
|t:|1667876741
|switch|p1a: Togedemaru|Togedemaru, F|100/100|[from]move: U-turn
|
|upkeep
|turn|7
|
|t:|1667876745
|move|p2a: Whimsicott|Sunny Day|p2a: Whimsicott
|-weather|SunnyDay
|move|p1a: Togedemaru|Iron Head|p2a: Whimsicott
|-supereffective|p2a: Whimsicott
|-damage|p2a: Whimsicott|21/100
|
|-weather|SunnyDay|[upkeep]
|upkeep
|turn|8
|
|t:|1667876754
|move|p1a: Togedemaru|Spiky Shield|p1a: Togedemaru
|-singleturn|p1a: Togedemaru|move: Protect
|move|p2a: Whimsicott|U-turn|p1a: Togedemaru
|-activate|p1a: Togedemaru|move: Protect
|-damage|p2a: Whimsicott|9/100|[from] Spiky Shield|[of] p1a: Togedemaru
|
|-weather|SunnyDay|[upkeep]
|upkeep
|turn|9
|
|t:|1667876760
|move|p2a: Whimsicott|U-turn|p1a: Togedemaru
|-resisted|p1a: Togedemaru
|-damage|p1a: Togedemaru|93/100
|-damage|p2a: Whimsicott|0 fnt|[from] ability: Iron Barbs|[of] p1a: Togedemaru
|faint|p2a: Whimsicott
|move|p1a: Togedemaru|U-turn|p2: Whimsicott|[notarget]
|-fail|p1a: Togedemaru
|
|-weather|SunnyDay|[upkeep]
|upkeep
|
|t:|1667876767
|switch|p2a: Charizard|Charizard, F|100/100
|turn|10
|
|t:|1667876771
|move|p1a: Togedemaru|Spiky Shield|p1a: Togedemaru
|-singleturn|p1a: Togedemaru|move: Protect
|move|p2a: Charizard|Weather Ball|p1a: Togedemaru
|-activate|p1a: Togedemaru|move: Protect
|
|-weather|SunnyDay|[upkeep]
|-damage|p2a: Charizard|88/100|[from] ability: Solar Power|[of] p2a: Charizard
|upkeep
|turn|11
|
|t:|1667876790
|move|p1a: Togedemaru|Spiky Shield|p1a: Togedemaru
|-singleturn|p1a: Togedemaru|move: Protect
|move|p2a: Charizard|Weather Ball|p1a: Togedemaru
|-activate|p1a: Togedemaru|move: Protect
|
|-weather|SunnyDay|[upkeep]
|-damage|p2a: Charizard|76/100|[from] ability: Solar Power|[of] p2a: Charizard
|upkeep
|turn|12
|
|t:|1667876799
|switch|p1a: Wishiwashi|Wishiwashi, F|100/100
|-formechange|p1a: Wishiwashi|Wishiwashi-School||[from] ability: Schooling
|move|p2a: Charizard|Weather Ball|p1a: Wishiwashi
|-resisted|p1a: Wishiwashi
|-damage|p1a: Wishiwashi|65/100
|
|-weather|SunnyDay|[upkeep]
|-damage|p2a: Charizard|63/100|[from] ability: Solar Power|[of] p2a: Charizard
|-heal|p1a: Wishiwashi|71/100|[from] item: Leftovers
|upkeep
|turn|13
|
|t:|1667876813
|move|p1a: Wishiwashi|Protect|p1a: Wishiwashi
|-singleturn|p1a: Wishiwashi|Protect
|move|p2a: Charizard|Weather Ball|p1a: Wishiwashi
|-activate|p1a: Wishiwashi|move: Protect
|
|-weather|SunnyDay|[upkeep]
|-damage|p2a: Charizard|51/100|[from] ability: Solar Power|[of] p2a: Charizard
|-heal|p1a: Wishiwashi|77/100|[from] item: Leftovers
|upkeep
|turn|14
|
|t:|1667876823
|move|p2a: Charizard|Weather Ball|p1a: Wishiwashi
|-resisted|p1a: Wishiwashi
|-damage|p1a: Wishiwashi|40/100
|move|p1a: Wishiwashi|Scald|p2a: Charizard
|-supereffective|p2a: Charizard
|-damage|p2a: Charizard|6/100
|
|-weather|none
|-heal|p1a: Wishiwashi|46/100|[from] item: Leftovers
|upkeep
|turn|15
|
|t:|1667876833
|move|p2a: Charizard|Weather Ball|p1a: Wishiwashi
|-damage|p1a: Wishiwashi|35/100
|move|p1a: Wishiwashi|Scald|p2a: Charizard
|-supereffective|p2a: Charizard
|-damage|p2a: Charizard|0 fnt
|faint|p2a: Charizard
|
|-heal|p1a: Wishiwashi|41/100|[from] item: Leftovers
|upkeep
|
|t:|1667876843
|switch|p2a: Leafeon|Leafeon, M|61/100
|turn|16
|
|t:|1667876850
|switch|p1a: Doublade|Doublade, M|100/100
|move|p2a: Leafeon|Knock Off|p1a: Doublade
|-supereffective|p1a: Doublade
|-damage|p1a: Doublade|48/100
|-enditem|p1a: Doublade|Eviolite|[from] move: Knock Off|[of] p2a: Leafeon
|
|upkeep
|turn|17
|
|t:|1667876859
|move|p2a: Leafeon|Knock Off|p1a: Doublade
|-supereffective|p1a: Doublade
|-damage|p1a: Doublade|0 fnt
|faint|p1a: Doublade
|
|upkeep
|
|t:|1667876863
|switch|p1a: Whimsicott|Whimsicott, F|78/100
|turn|18
|
|t:|1667876867
|switch|p2a: Claydol|Claydol|100/100
|move|p1a: Whimsicott|Moonblast|p2a: Claydol
|-damage|p2a: Claydol|65/100
|
|-heal|p2a: Claydol|71/100|[from] item: Leftovers
|upkeep
|turn|19
|
|t:|1667876875
|switch|p1a: Togedemaru|Togedemaru, F|93/100
|move|p2a: Claydol|Sunny Day|p2a: Claydol
|-weather|SunnyDay
|
|-weather|SunnyDay|[upkeep]
|-heal|p2a: Claydol|78/100|[from] item: Leftovers
|upkeep
|turn|20
|
|t:|1667876884
|move|p1a: Togedemaru|Wish|p1a: Togedemaru
|move|p2a: Claydol|Stealth Rock|p1a: Togedemaru
|-sidestart|p1: kingqueso141|move: Stealth Rock
|
|-weather|SunnyDay|[upkeep]
|-heal|p2a: Claydol|84/100|[from] item: Leftovers
|upkeep
|turn|21
|
|t:|1667876894
|move|p1a: Togedemaru|U-turn|p2a: Claydol
|-supereffective|p2a: Claydol
|-damage|p2a: Claydol|50/100
|
|t:|1667876896
|switch|p1a: Wishiwashi|Wishiwashi, F|41/100|[from]move: U-turn
|-damage|p1a: Wishiwashi|28/100|[from] Stealth Rock
|-formechange|p1a: Wishiwashi|Wishiwashi-School||[from] ability: Schooling
|move|p2a: Claydol|Earthquake|p1a: Wishiwashi
|-damage|p1a: Wishiwashi|6/100
|
|-weather|SunnyDay|[upkeep]
|-heal|p1a: Wishiwashi|63/100|[from] move: Wish|[wisher] Togedemaru
|-heal|p2a: Claydol|57/100|[from] item: Leftovers
|-heal|p1a: Wishiwashi|69/100|[from] item: Leftovers
|upkeep
|turn|22
|
|t:|1667876908
|switch|p2a: Leafeon|Leafeon, M|61/100
|move|p1a: Wishiwashi|Scald|p2a: Leafeon
|-resisted|p2a: Leafeon
|-damage|p2a: Leafeon|44/100
|
|-weather|SunnyDay|[upkeep]
|-heal|p1a: Wishiwashi|75/100|[from] item: Leftovers
|upkeep
|turn|23
|
|t:|1667876916
|move|p1a: Wishiwashi|Protect|p1a: Wishiwashi
|-singleturn|p1a: Wishiwashi|Protect
|move|p2a: Leafeon|Solar Blade||[still]
|-prepare|p2a: Leafeon|Solar Blade
|-anim|p2a: Leafeon|Solar Blade|p1a: Wishiwashi
|-activate|p1a: Wishiwashi|move: Protect
|
|-weather|none
|-heal|p1a: Wishiwashi|81/100|[from] item: Leftovers
|upkeep
|turn|24
|
|t:|1667876927
|switch|p2a: Claydol|Claydol|57/100
|move|p1a: Wishiwashi|U-turn|p2a: Claydol
|-supereffective|p2a: Claydol
|-damage|p2a: Claydol|17/100
|
|t:|1667876935
|switch|p1a: Togedemaru|Togedemaru, F|93/100|[from]move: U-turn
|
|-heal|p2a: Claydol|23/100|[from] item: Leftovers
|upkeep
|turn|25
|
|t:|1667876946
|move|p1a: Togedemaru|U-turn|p2a: Claydol
|-supereffective|p2a: Claydol
|-damage|p2a: Claydol|0 fnt
|faint|p2a: Claydol
|
|t:|1667876955
|switch|p1a: Whimsicott|Whimsicott, F|78/100|[from]move: U-turn
|-damage|p1a: Whimsicott|66/100|[from] Stealth Rock
|
|upkeep
|
|t:|1667876960
|switch|p2a: Comfey|Comfey, F|100/100
|turn|26
|
|t:|1667876967
|move|p1a: Whimsicott|Switcheroo|p2a: Comfey
|-activate|p1a: Whimsicott|move: Trick|[of] p2a: Comfey
|-item|p2a: Comfey|Choice Specs|[from] move: Switcheroo
|-item|p1a: Whimsicott|Focus Sash|[from] move: Switcheroo
|move|p2a: Comfey|Growth|p2a: Comfey
|-boost|p2a: Comfey|atk|1
|-boost|p2a: Comfey|spa|1
|
|upkeep
|turn|27
|
|t:|1667876975
|switch|p2a: Quagsire|Quagsire, F|100/100
|move|p1a: Whimsicott|U-turn|p2a: Quagsire
|-damage|p2a: Quagsire|93/100
|-damage|p1a: Whimsicott|49/100|[from] item: Rocky Helmet|[of] p2a: Quagsire
|
|t:|1667876978
|switch|p1a: Wishiwashi|Wishiwashi, F|81/100|[from]move: U-turn
|-damage|p1a: Wishiwashi|69/100|[from] Stealth Rock
|-formechange|p1a: Wishiwashi|Wishiwashi-School||[from] ability: Schooling
|
|-heal|p1a: Wishiwashi|75/100|[from] item: Leftovers
|upkeep
|turn|28
|
|t:|1667876988
|move|p2a: Quagsire|Toxic|p1a: Wishiwashi
|-status|p1a: Wishiwashi|tox
|move|p1a: Wishiwashi|Toxic|p2a: Quagsire
|-status|p2a: Quagsire|tox
|
|-heal|p1a: Wishiwashi|81/100 tox|[from] item: Leftovers
|-damage|p2a: Quagsire|87/100 tox|[from] psn
|-damage|p1a: Wishiwashi|75/100 tox|[from] psn
|upkeep
|turn|29
|
|t:|1667876997
|switch|p2a: Comfey|Comfey, F|100/100
|move|p1a: Wishiwashi|Scald|p2a: Comfey
|-damage|p2a: Comfey|51/100
|
|-heal|p1a: Wishiwashi|81/100 tox|[from] item: Leftovers
|-damage|p1a: Wishiwashi|69/100 tox|[from] psn
|upkeep
|turn|30
|
|t:|1667877005
|move|p2a: Comfey|Giga Drain|p1a: Wishiwashi
|-supereffective|p1a: Wishiwashi
|-damage|p1a: Wishiwashi|23/100 tox
|-heal|p2a: Comfey|79/100|[from] drain|[of] p1a: Wishiwashi
|move|p1a: Wishiwashi|Toxic|p2a: Comfey
|-status|p2a: Comfey|tox
|
|-heal|p1a: Wishiwashi|29/100 tox|[from] item: Leftovers
|-damage|p2a: Comfey|73/100 tox|[from] psn
|-damage|p1a: Wishiwashi|11/100 tox|[from] psn
|-formechange|p1a: Wishiwashi|Wishiwashi||[from] ability: Schooling
|upkeep
|turn|31
|
|t:|1667877016
|switch|p2a: Quagsire|Quagsire, F|87/100 tox
|move|p1a: Wishiwashi|U-turn|p2a: Quagsire
|-damage|p2a: Quagsire|83/100 tox
|-damage|p1a: Wishiwashi|0 fnt|[from] item: Rocky Helmet|[of] p2a: Quagsire
|faint|p1a: Wishiwashi
|
|-damage|p2a: Quagsire|77/100 tox|[from] psn
|upkeep
|
|t:|1667877020
|switch|p1a: Whimsicott|Whimsicott, F|49/100
|-damage|p1a: Whimsicott|37/100|[from] Stealth Rock
|turn|32
|
|t:|1667877029
|switch|p2a: Leafeon|Leafeon, M|44/100
|move|p1a: Whimsicott|Energy Ball|p2a: Leafeon
|-resisted|p2a: Leafeon
|-damage|p2a: Leafeon|13/100
|-unboost|p2a: Leafeon|spd|1
|
|upkeep
|turn|33
|
|t:|1667877040
|move|p1a: Whimsicott|Energy Ball|p2a: Leafeon
|-resisted|p2a: Leafeon
|-damage|p2a: Leafeon|0 fnt
|faint|p2a: Leafeon
|
|upkeep
|
|t:|1667877045
|switch|p2a: Comfey|Comfey, F|73/100 tox
|turn|34
|
|t:|1667877053
|switch|p1a: Togedemaru|Togedemaru, F|93/100
|move|p2a: Comfey|Draining Kiss|p1a: Togedemaru
|-resisted|p1a: Togedemaru
|-damage|p1a: Togedemaru|79/100
|-heal|p2a: Comfey|87/100 tox|[from] drain|[of] p1a: Togedemaru
|-damage|p2a: Comfey|75/100 tox|[from] ability: Iron Barbs|[of] p1a: Togedemaru
|
|-damage|p2a: Comfey|69/100 tox|[from] psn
|upkeep
|turn|35
|
|t:|1667877062
|switch|p2a: Quagsire|Quagsire, F|77/100 tox
|move|p1a: Togedemaru|Wish|p1a: Togedemaru
|
|-damage|p2a: Quagsire|71/100 tox|[from] psn
|upkeep
|turn|36
|
|t:|1667877069
|move|p1a: Togedemaru|U-turn|p2a: Quagsire
|-damage|p2a: Quagsire|60/100 tox
|-damage|p1a: Togedemaru|62/100|[from] item: Rocky Helmet|[of] p2a: Quagsire
|
|t:|1667877073
|switch|p1a: Whimsicott|Whimsicott, F|37/100|[from]move: U-turn
|-damage|p1a: Whimsicott|25/100|[from] Stealth Rock
|move|p2a: Quagsire|Earthquake|p1a: Whimsicott
|-resisted|p1a: Whimsicott
|-damage|p1a: Whimsicott|1/100
|
|-heal|p1a: Whimsicott|65/100|[from] move: Wish|[wisher] Togedemaru
|-damage|p2a: Quagsire|47/100 tox|[from] psn
|upkeep
|turn|37
|
|t:|1667877083
|switch|p2a: Comfey|Comfey, F|69/100 tox
|move|p1a: Whimsicott|Moonblast|p2a: Comfey
|-damage|p2a: Comfey|26/100 tox
|-unboost|p2a: Comfey|spa|1
|
|-damage|p2a: Comfey|20/100 tox|[from] psn
|upkeep
|turn|38
|
|t:|1667877091
|switch|p2a: Quagsire|Quagsire, F|47/100 tox
|move|p1a: Whimsicott|Moonblast|p2a: Quagsire
|-damage|p2a: Quagsire|7/100 tox
|
|-damage|p2a: Quagsire|1/100 tox|[from] psn
|upkeep
|turn|39
|-message|realdeclan forfeited.
|
|win|kingqueso141
|raw|kingqueso141's rating: 1381 &rarr; <strong>1397</strong><br />(+16 for winning)
|raw|realdeclan's rating: 1316 &rarr; <strong>1300</strong><br />(-16 for losing)
|l|☆realdeclan
||Ladder isn't responding, score probably updated but might not have (Request timeout).
