|j|☆Vishoclock
|j|☆Madlad1223
|t:|1647860625
|gametype|singles
|player|p1|Vishoclock|cyrus|1151
|player|p2|Madlad1223|richboy|1282
|teamsize|p1|6
|teamsize|p2|6
|gen|8
|tier|[Gen 8] PU
|rated|
|rule|Sleep Clause Mod: Limit one foe put to sleep
|rule|Species Clause: Limit one of each Pokémon
|rule|OHKO Clause: OHKO moves are banned
|rule|Evasion Moves Clause: Evasion moves are banned
|rule|Endless Battle Clause: Forcing endless battles is banned
|rule|HP Percentage Mod: HP is shown in percentages
|rule|Dynamax Clause: You cannot dynamax
|clearpoke
|poke|p1|Arctovish|
|poke|p1|Togedemaru, F|
|poke|p1|Weezing, F|
|poke|p1|Eldegoss, M|
|poke|p1|Uxie|
|poke|p1|Scrafty, F|
|poke|p2|Audino, M|
|poke|p2|Hitmonlee, M|
|poke|p2|Eldegoss, F|
|poke|p2|Persian-Alola, F|
|poke|p2|Qwilfish, M|
|poke|p2|Druddigon, M|
|teampreview
|
|t:|1647860642
|start
|switch|p1a: Scrafty|Scrafty, F|100/100
|switch|p2a: Audino|Audino, M|100/100
|turn|1
|inactive|Battle timer is ON: inactive players will automatically lose when time's up. (requested by Vishoclock)
|
|t:|1647860665
|move|p1a: Scrafty|Knock Off|p2a: Audino
|-damage|p2a: Audino|59/100
|-enditem|p2a: Audino|Choice Band|[from] move: Knock Off|[of] p1a: Scrafty
|move|p2a: Audino|Double-Edge|p1a: Scrafty
|-damage|p1a: Scrafty|54/100
|-damage|p2a: Audino|49/100|[from] Recoil
|
|-heal|p1a: Scrafty|60/100|[from] item: Leftovers
|upkeep
|turn|2
|
|t:|1647860676
|switch|p2a: Druddigon|Druddigon, M|100/100
|move|p1a: Scrafty|Close Combat|p2a: Druddigon
|-damage|p2a: Druddigon|53/100
|-unboost|p1a: Scrafty|def|1
|-unboost|p1a: Scrafty|spd|1
|-damage|p1a: Scrafty|47/100|[from] ability: Rough Skin|[of] p2a: Druddigon
|-damage|p1a: Scrafty|31/100|[from] item: Rocky Helmet|[of] p2a: Druddigon
|
|-heal|p1a: Scrafty|37/100|[from] item: Leftovers
|upkeep
|turn|3
|
|t:|1647860692
|switch|p1a: Weezing|Weezing, F|100/100
|-ability|p1a: Weezing|Neutralizing Gas
|move|p2a: Druddigon|Stealth Rock|p1a: Weezing
|-sidestart|p1: Vishoclock|move: Stealth Rock
|
|upkeep
|turn|4
|
|t:|1647860701
|move|p1a: Weezing|Sludge Bomb|p2a: Druddigon
|-damage|p2a: Druddigon|25/100
|move|p2a: Druddigon|Taunt|p1a: Weezing
|-start|p1a: Weezing|move: Taunt
|
|upkeep
|turn|5
|
|t:|1647860720
|switch|p2a: Qwilfish|Qwilfish, M|100/100
|move|p1a: Weezing|Sludge Bomb|p2a: Qwilfish
|-resisted|p2a: Qwilfish
|-damage|p2a: Qwilfish|75/100
|
|-heal|p2a: Qwilfish|81/100|[from] item: Black Sludge
|upkeep
|turn|6
|
|t:|1647860730
|-end|p1a: Weezing|ability: Neutralizing Gas
|-ability|p2a: Qwilfish|Intimidate|boost
|-unboost|p1a: Weezing|atk|1
|switch|p1a: Uxie|Uxie|100/100
|-damage|p1a: Uxie|88/100|[from] Stealth Rock
|move|p2a: Qwilfish|Liquidation|p1a: Uxie
|-damage|p1a: Uxie|69/100
|
|-heal|p2a: Qwilfish|88/100|[from] item: Black Sludge
|upkeep
|turn|7
|
|t:|1647860742
|switch|p2a: Persian|Persian-Alola, F|100/100
|move|p1a: Uxie|Knock Off|p2a: Persian
|-resisted|p2a: Persian
|-damage|p2a: Persian|96/100
|-enditem|p2a: Persian|Choice Scarf|[from] move: Knock Off|[of] p1a: Uxie
|
|upkeep
|turn|8
|
|t:|1647860752
|move|p2a: Persian|Foul Play|p1a: Uxie
|-supereffective|p1a: Uxie
|-enditem|p1a: Uxie|Colbur Berry|[eat]
|-enditem|p1a: Uxie|Colbur Berry|[weaken]
|-damage|p1a: Uxie|55/100
|move|p1a: Uxie|Stealth Rock|p2a: Persian
|-sidestart|p2: Madlad1223|move: Stealth Rock
|
|upkeep
|turn|9
|
|t:|1647860759
|move|p2a: Persian|Foul Play|p1a: Uxie
|-supereffective|p1a: Uxie
|-damage|p1a: Uxie|24/100
|move|p1a: Uxie|Dazzling Gleam|p2a: Persian
|-supereffective|p2a: Persian
|-damage|p2a: Persian|44/100
|
|upkeep
|turn|10
|
|t:|1647860767
|move|p2a: Persian|Foul Play|p1a: Uxie
|-supereffective|p1a: Uxie
|-damage|p1a: Uxie|0 fnt
|faint|p1a: Uxie
|
|upkeep
|
|t:|1647860772
|switch|p1a: Eldegoss|Eldegoss, M|100/100
|turn|11
|
|t:|1647860780
|move|p2a: Persian|Taunt|p1a: Eldegoss
|-start|p1a: Eldegoss|move: Taunt
|move|p1a: Eldegoss|Rapid Spin|p2a: Persian
|-damage|p2a: Persian|41/100
|-boost|p1a: Eldegoss|spe|1
|-sideend|p1: Vishoclock|Stealth Rock|[from] move: Rapid Spin|[of] p1a: Eldegoss
|
|upkeep
|turn|12
|
|t:|1647860789
|move|p2a: Persian|Switcheroo|p1a: Eldegoss
|-activate|p2a: Persian|move: Trick|[of] p1a: Eldegoss
|-enditem|p1a: Eldegoss|Heavy-Duty Boots|[silent]|[from] move: Switcheroo
|-item|p2a: Persian|Heavy-Duty Boots|[from] move: Switcheroo
|move|p1a: Eldegoss|Giga Drain|p2a: Persian
|-damage|p2a: Persian|4/100
|
|upkeep
|turn|13
|
|t:|1647860795
|move|p2a: Persian|Parting Shot|p1a: Eldegoss
|-unboost|p1a: Eldegoss|atk|1
|-unboost|p1a: Eldegoss|spa|1
|
|t:|1647860802
|switch|p2a: Qwilfish|Qwilfish, M|88/100|[from]move: Parting Shot
|-damage|p2a: Qwilfish|75/100|[from] Stealth Rock
|-ability|p2a: Qwilfish|Intimidate|boost
|-unboost|p1a: Eldegoss|atk|1
|move|p1a: Eldegoss|Giga Drain|p2a: Qwilfish
|-damage|p2a: Qwilfish|50/100
|
|-heal|p2a: Qwilfish|56/100|[from] item: Black Sludge
|-end|p1a: Eldegoss|move: Taunt
|upkeep
|turn|14
|
|t:|1647860813
|switch|p1a: Arctovish|Arctovish|100/100
|move|p2a: Qwilfish|Poison Jab|p1a: Arctovish
|-damage|p1a: Arctovish|68/100
|-status|p1a: Arctovish|psn
|
|-heal|p2a: Qwilfish|62/100|[from] item: Black Sludge
|-damage|p1a: Arctovish|56/100 psn|[from] psn
|upkeep
|turn|15
|
|t:|1647860827
|switch|p2a: Druddigon|Druddigon, M|25/100
|-damage|p2a: Druddigon|13/100|[from] Stealth Rock
|move|p1a: Arctovish|Psychic Fangs|p2a: Druddigon
|-damage|p2a: Druddigon|0 fnt
|-damage|p1a: Arctovish|43/100 psn|[from] ability: Rough Skin|[of] p2a: Druddigon
|-damage|p1a: Arctovish|27/100 psn|[from] item: Rocky Helmet|[of] p2a: Druddigon
|faint|p2a: Druddigon
|
|-damage|p1a: Arctovish|15/100 psn|[from] psn
|upkeep
|inactive|Madlad1223 has 120 seconds left.
|
|t:|1647860862
|switch|p2a: Eldegoss|Eldegoss, F|100/100
|-damage|p2a: Eldegoss|88/100|[from] Stealth Rock
|turn|16
|
|t:|1647860875
|switch|p1a: Togedemaru|Togedemaru, F|100/100
|move|p2a: Eldegoss|Rapid Spin|p1a: Togedemaru
|-resisted|p1a: Togedemaru
|-damage|p1a: Togedemaru|96/100
|-boost|p2a: Eldegoss|spe|1
|-damage|p2a: Eldegoss|71/100|[from] item: Rocky Helmet|[of] p1a: Togedemaru
|-sideend|p2: Madlad1223|Stealth Rock|[from] move: Rapid Spin|[of] p2a: Eldegoss
|
|upkeep
|turn|17
|inactive|Madlad1223 has 120 seconds left.
|
|t:|1647860895
|switch|p2a: Persian|Persian-Alola, F|4/100
|move|p1a: Togedemaru|Wish|p1a: Togedemaru
|
|upkeep
|turn|18
|inactive|Madlad1223 has 120 seconds left.
|
|t:|1647860901
|move|p2a: Persian|Taunt|p1a: Togedemaru
|-start|p1a: Togedemaru|move: Taunt
|move|p1a: Togedemaru|U-turn|p2a: Persian
|-supereffective|p2a: Persian
|-damage|p2a: Persian|0 fnt
|faint|p2a: Persian
|
|t:|1647860909
|switch|p1a: Arctovish|Arctovish|15/100 psn|[from]move: U-turn
|
|-heal|p1a: Arctovish|67/100 psn|[from] move: Wish|[wisher] Togedemaru
|-damage|p1a: Arctovish|54/100 psn|[from] psn
|upkeep
|inactive|Madlad1223 has 120 seconds left.
|
|t:|1647860928
|switch|p2a: Audino|Audino, M|82/100
|turn|19
|
|t:|1647860932
|move|p1a: Arctovish|Fishious Rend|p2a: Audino
|-damage|p2a: Audino|0 fnt
|faint|p2a: Audino
|
|-damage|p1a: Arctovish|42/100 psn|[from] psn
|upkeep
|inactive|Madlad1223 has 120 seconds left.
|
|t:|1647860951
|switch|p2a: Qwilfish|Qwilfish, M|62/100
|-ability|p2a: Qwilfish|Intimidate|boost
|-unboost|p1a: Arctovish|atk|1
|turn|20
|inactive|Madlad1223 has 120 seconds left.
|
|t:|1647860959
|move|p2a: Qwilfish|Liquidation|p1a: Arctovish
|-heal|p1a: Arctovish|67/100 psn|[from] ability: Water Absorb|[of] p2a: Qwilfish
|move|p1a: Arctovish|Fishious Rend|p2a: Qwilfish
|-resisted|p2a: Qwilfish
|-damage|p2a: Qwilfish|40/100
|
|-heal|p2a: Qwilfish|46/100|[from] item: Black Sludge
|-damage|p1a: Arctovish|54/100 psn|[from] psn
|upkeep
|turn|21
|inactive|Madlad1223 has 120 seconds left.
|
|t:|1647860973
|move|p2a: Qwilfish|Swords Dance|p2a: Qwilfish
|-boost|p2a: Qwilfish|atk|2
|move|p1a: Arctovish|Fishious Rend|p2a: Qwilfish
|-resisted|p2a: Qwilfish
|-damage|p2a: Qwilfish|23/100
|
|-heal|p2a: Qwilfish|29/100|[from] item: Black Sludge
|-damage|p1a: Arctovish|42/100 psn|[from] psn
|upkeep
|turn|22
|
|t:|1647860982
|move|p2a: Qwilfish|Poison Jab|p1a: Arctovish
|-damage|p1a: Arctovish|0 fnt
|faint|p1a: Arctovish
|
|-heal|p2a: Qwilfish|35/100|[from] item: Black Sludge
|upkeep
|
|t:|1647860989
|switch|p1a: Weezing|Weezing, F|100/100
|-ability|p1a: Weezing|Neutralizing Gas
|turn|23
|
|t:|1647860993
|move|p2a: Qwilfish|Liquidation|p1a: Weezing
|-damage|p1a: Weezing|59/100
|-unboost|p1a: Weezing|def|1
|move|p1a: Weezing|Will-O-Wisp|p2a: Qwilfish
|-status|p2a: Qwilfish|brn
|
|-heal|p2a: Qwilfish|41/100 brn|[from] item: Black Sludge
|-heal|p1a: Weezing|65/100|[from] item: Black Sludge
|-damage|p2a: Qwilfish|35/100 brn|[from] brn
|upkeep
|turn|24
|
|t:|1647861004
|-end|p1a: Weezing|ability: Neutralizing Gas
|-ability|p2a: Qwilfish|Intimidate|boost
|-unboost|p1a: Weezing|atk|1
|switch|p1a: Eldegoss|Eldegoss, M|100/100
|move|p2a: Qwilfish|Liquidation|p1a: Eldegoss
|-resisted|p1a: Eldegoss
|-damage|p1a: Eldegoss|88/100
|
|-heal|p2a: Qwilfish|41/100 brn|[from] item: Black Sludge
|-damage|p2a: Qwilfish|35/100 brn|[from] brn
|upkeep
|turn|25
|
|t:|1647861015
|move|p2a: Qwilfish|Poison Jab|p1a: Eldegoss
|-supereffective|p1a: Eldegoss
|-damage|p1a: Eldegoss|37/100
|move|p1a: Eldegoss|Giga Drain|p2a: Qwilfish
|-damage|p2a: Qwilfish|0 fnt
|-heal|p1a: Eldegoss|54/100|[from] drain|[of] p2a: Qwilfish
|faint|p2a: Qwilfish
|
|upkeep
|
|t:|1647861026
|switch|p2a: Hitmonlee|Hitmonlee, M|100/100
|turn|26
|
|t:|1647861033
|move|p2a: Hitmonlee|Poison Jab|p1a: Eldegoss
|-supereffective|p1a: Eldegoss
|-damage|p1a: Eldegoss|9/100
|move|p1a: Eldegoss|Giga Drain|p2a: Hitmonlee
|-damage|p2a: Hitmonlee|71/100
|-heal|p1a: Eldegoss|21/100|[from] drain|[of] p2a: Hitmonlee
|
|upkeep
|turn|27
|
|t:|1647861041
|move|p2a: Hitmonlee|Poison Jab|p1a: Eldegoss
|-supereffective|p1a: Eldegoss
|-damage|p1a: Eldegoss|0 fnt
|faint|p1a: Eldegoss
|
|upkeep
|
|t:|1647861043
|switch|p1a: Weezing|Weezing, F|65/100
|-ability|p1a: Weezing|Neutralizing Gas
|turn|28
|
|t:|1647861049
|switch|p2a: Eldegoss|Eldegoss, F|100/100
|move|p1a: Weezing|Sludge Bomb|p2a: Eldegoss
|-supereffective|p2a: Eldegoss
|-damage|p2a: Eldegoss|57/100
|
|-heal|p1a: Weezing|71/100|[from] item: Black Sludge
|upkeep
|turn|29
|
|t:|1647861058
|move|p1a: Weezing|Toxic Spikes|p2a: Eldegoss
|-sidestart|p2: Madlad1223|move: Toxic Spikes
|move|p2a: Eldegoss|Leaf Storm|p1a: Weezing
|-resisted|p1a: Weezing
|-damage|p1a: Weezing|18/100
|-unboost|p2a: Eldegoss|spa|2
|
|-heal|p1a: Weezing|24/100|[from] item: Black Sludge
|upkeep
|turn|30
|
|t:|1647861066
|-end|p1a: Weezing|ability: Neutralizing Gas
|switch|p1a: Togedemaru|Togedemaru, F|96/100
|move|p2a: Eldegoss|Leaf Storm|p1a: Togedemaru
|-resisted|p1a: Togedemaru
|-damage|p1a: Togedemaru|78/100
|-unboost|p2a: Eldegoss|spa|2
|
|upkeep
|turn|31
|
|t:|1647861077
|switch|p2a: Hitmonlee|Hitmonlee, M|71/100
|-status|p2a: Hitmonlee|psn
|move|p1a: Togedemaru|Wish|p1a: Togedemaru
|
|-damage|p2a: Hitmonlee|58/100 psn|[from] psn
|upkeep
|turn|32
|
|t:|1647861084
|move|p1a: Togedemaru|Spiky Shield|p1a: Togedemaru
|-singleturn|p1a: Togedemaru|move: Protect
|move|p2a: Hitmonlee|Fake Out|p1a: Togedemaru
|-activate|p1a: Togedemaru|move: Protect
|-damage|p2a: Hitmonlee|46/100 psn|[from] Spiky Shield|[of] p1a: Togedemaru
|
|-heal|p1a: Togedemaru|100/100|[from] move: Wish|[wisher] Togedemaru
|-damage|p2a: Hitmonlee|34/100 psn|[from] psn
|upkeep
|turn|33
|
|t:|1647861094
|switch|p1a: Scrafty|Scrafty, F|37/100
|move|p2a: Hitmonlee|Close Combat|p1a: Scrafty
|-supereffective|p1a: Scrafty
|-damage|p1a: Scrafty|0 fnt
|-unboost|p2a: Hitmonlee|def|1
|-unboost|p2a: Hitmonlee|spd|1
|faint|p1a: Scrafty
|
|-damage|p2a: Hitmonlee|21/100 psn|[from] psn
|upkeep
|
|t:|1647861100
|switch|p1a: Weezing|Weezing, F|24/100
|-ability|p1a: Weezing|Neutralizing Gas
|turn|34
|
|t:|1647861108
|move|p2a: Hitmonlee|Close Combat|p1a: Weezing
|-resisted|p1a: Weezing
|-damage|p1a: Weezing|3/100
|-unboost|p2a: Hitmonlee|def|1
|-unboost|p2a: Hitmonlee|spd|1
|move|p1a: Weezing|Sludge Bomb|p2a: Hitmonlee
|-damage|p2a: Hitmonlee|0 fnt
|faint|p2a: Hitmonlee
|
|-heal|p1a: Weezing|9/100|[from] item: Black Sludge
|upkeep
|-message|Madlad1223 forfeited.
|
|win|Vishoclock
|raw|Vishoclock's rating: 1151 &rarr; <strong>1185</strong><br />(+34 for winning)
|raw|Madlad1223's rating: 1282 &rarr; <strong>1248</strong><br />(-34 for losing)
|l|☆Madlad1223
