|j|☆one of the bouys
|j|☆pult94d somalia
|t:|1633862734
|gametype|singles
|player|p1|one of the bouys|clown|1634
|player|p2|pult94d somalia|hilbert|1704
|teamsize|p1|6
|teamsize|p2|6
|gen|8
|tier|[Gen 8] PU
|rated|
|rule|Sleep Clause Mod: Limit one foe put to sleep
|rule|Species Clause: Limit one of each Pokémon
|rule|OHKO Clause: OHKO moves are banned
|rule|Evasion Moves Clause: Evasion moves are banned
|rule|Endless Battle Clause: Forcing endless battles is banned
|rule|HP Percentage Mod: HP is shown in percentages
|rule|Dynamax Clause: You cannot dynamax
|clearpoke
|poke|p1|Flapple, F|
|poke|p1|Cinccino, F|
|poke|p1|Mawile, F|
|poke|p1|Tangela, M|
|poke|p1|Cryogonal|
|poke|p1|Corsola, F|
|poke|p2|Audino, M|
|poke|p2|Articuno|
|poke|p2|Miltank, F|
|poke|p2|Qwilfish, M|
|poke|p2|Quagsire, M|
|poke|p2|Aromatisse, M|
|teampreview
|c|☆pult94d somalia|hf
|inactive|Battle timer is ON: inactive players will automatically lose when time's up. (requested by pult94d somalia)
|c|☆one of the bouys|u 2
|
|t:|1633862805
|start
|switch|p1a: Mawile|Mawile, F|100/100
|switch|p2a: WEEPING WILLOW|Qwilfish, M, shiny|100/100
|-ability|p1a: Mawile|Intimidate|boost
|-unboost|p2a: WEEPING WILLOW|atk|1
|turn|1
|c|☆pult94d somalia|and unique team bro
|c|☆pult94d somalia|really cool
|c|☆one of the bouys|thanks! :D
|
|t:|1633862831
|switch|p2a: IRON FINGERS|Miltank, F, shiny|100/100
|move|p1a: Mawile|Knock Off|p2a: IRON FINGERS
|-damage|p2a: IRON FINGERS|90/100
|-enditem|p2a: IRON FINGERS|Heavy-Duty Boots|[from] move: Knock Off|[of] p1a: Mawile
|
|upkeep
|turn|2
|
|t:|1633862838
|move|p2a: IRON FINGERS|Stealth Rock|p1a: Mawile
|-sidestart|p1: one of the bouys|move: Stealth Rock
|move|p1a: Mawile|Stealth Rock|p2a: IRON FINGERS
|-sidestart|p2: pult94d somalia|move: Stealth Rock
|
|upkeep
|turn|3
|
|t:|1633862858
|switch|p1a: Corsola|Corsola, F|100/100
|move|p2a: IRON FINGERS|Seismic Toss|p1a: Corsola
|-damage|p1a: Corsola|71/100
|
|upkeep
|turn|4
|
|t:|1633862875
|move|p2a: IRON FINGERS|Toxic|p1a: Corsola
|-status|p1a: Corsola|tox
|move|p1a: Corsola|Toxic|p2a: IRON FINGERS
|-status|p2a: IRON FINGERS|tox
|
|-damage|p2a: IRON FINGERS|83/100 tox|[from] psn
|-damage|p1a: Corsola|65/100 tox|[from] psn
|upkeep
|turn|5
|inactive|pult94d somalia has 120 seconds left.
|
|t:|1633862897
|switch|p2a: ADAMANTINE KATA|Audino, M, shiny|100/100
|switch|p1a: Mawile|Mawile, F|100/100
|-damage|p1a: Mawile|94/100|[from] Stealth Rock
|-ability|p1a: Mawile|Intimidate|boost
|-unboost|p2a: ADAMANTINE KATA|atk|1
|
|upkeep
|turn|6
|inactive|pult94d somalia has 120 seconds left.
|
|t:|1633862908
|move|p2a: ADAMANTINE KATA|Knock Off|p1a: Mawile
|-resisted|p1a: Mawile
|-damage|p1a: Mawile|90/100
|-damage|p2a: ADAMANTINE KATA|84/100|[from] item: Rocky Helmet|[of] p1a: Mawile
|-enditem|p1a: Mawile|Rocky Helmet|[from] move: Knock Off|[of] p2a: ADAMANTINE KATA
|move|p1a: Mawile|Knock Off|p2a: ADAMANTINE KATA
|-damage|p2a: ADAMANTINE KATA|65/100
|-enditem|p2a: ADAMANTINE KATA|Heavy-Duty Boots|[from] move: Knock Off|[of] p1a: Mawile
|
|upkeep
|turn|7
|
|t:|1633862918
|switch|p1a: Flapple|Flapple, F|100/100
|-damage|p1a: Flapple|88/100|[from] Stealth Rock
|move|p2a: ADAMANTINE KATA|Wish|p2a: ADAMANTINE KATA
|
|upkeep
|turn|8
|
|t:|1633862928
|switch|p2a: POSSESSING SPIRIT|Aromatisse, M, shiny|100/100
|-damage|p2a: POSSESSING SPIRIT|88/100|[from] Stealth Rock
|move|p1a: Flapple|Grav Apple|p2a: POSSESSING SPIRIT
|-damage|p2a: POSSESSING SPIRIT|30/100
|-unboost|p2a: POSSESSING SPIRIT|def|1
|-damage|p1a: Flapple|78/100|[from] item: Life Orb
|
|-heal|p2a: POSSESSING SPIRIT|80/100|[from] move: Wish|[wisher] ADAMANTINE KATA
|-heal|p2a: POSSESSING SPIRIT|86/100|[from] item: Leftovers
|upkeep
|turn|9
|
|t:|1633862945
|move|p1a: Flapple|Grav Apple|p2a: POSSESSING SPIRIT
|-damage|p2a: POSSESSING SPIRIT|0 fnt
|faint|p2a: POSSESSING SPIRIT
|-damage|p1a: Flapple|68/100|[from] item: Life Orb
|
|upkeep
|c|☆pult94d somalia|oh
|c|☆pult94d somalia|didnt notice
|c|☆pult94d somalia|the drop
|c|☆pult94d somalia|LMFAO
|c|☆pult94d somalia|no no no
|
|t:|1633862964
|switch|p2a: JELLYFISH CLUTCH|Articuno|100/100
|-ability|p2a: JELLYFISH CLUTCH|Pressure
|turn|10
|c|☆pult94d somalia|im so clumsy
|c|☆pult94d somalia|lord
|
|t:|1633862989
|switch|p1a: Mawile|Mawile, F|90/100
|-damage|p1a: Mawile|84/100|[from] Stealth Rock
|-ability|p1a: Mawile|Intimidate|boost
|-unboost|p2a: JELLYFISH CLUTCH|atk|1
|move|p2a: JELLYFISH CLUTCH|Freeze-Dry|p1a: Mawile
|-resisted|p1a: Mawile
|-damage|p1a: Mawile|62/100
|
|upkeep
|turn|11
|
|t:|1633862996
|switch|p2a: ADAMANTINE KATA|Audino, M, shiny|98/100
|-damage|p2a: ADAMANTINE KATA|86/100|[from] Stealth Rock
|move|p1a: Mawile|Play Rough|p2a: ADAMANTINE KATA
|-damage|p2a: ADAMANTINE KATA|61/100
|
|upkeep
|turn|12
|
|t:|1633863005
|switch|p1a: Flapple|Flapple, F|68/100
|-damage|p1a: Flapple|56/100|[from] Stealth Rock
|move|p2a: ADAMANTINE KATA|Wish|p2a: ADAMANTINE KATA
|
|upkeep
|turn|13
|
|t:|1633863020
|switch|p2a: WEEPING WILLOW|Qwilfish, M, shiny|100/100
|-damage|p2a: WEEPING WILLOW|88/100|[from] Stealth Rock
|move|p1a: Flapple|Grav Apple|p2a: WEEPING WILLOW
|-damage|p2a: WEEPING WILLOW|20/100
|-unboost|p2a: WEEPING WILLOW|def|1
|-damage|p1a: Flapple|46/100|[from] item: Life Orb
|
|-heal|p2a: WEEPING WILLOW|81/100|[from] move: Wish|[wisher] ADAMANTINE KATA
|upkeep
|turn|14
|
|t:|1633863027
|switch|p2a: IRON FINGERS|Miltank, F, shiny|83/100 tox
|-damage|p2a: IRON FINGERS|71/100 tox|[from] Stealth Rock
|move|p1a: Flapple|Draco Meteor|p2a: IRON FINGERS
|-damage|p2a: IRON FINGERS|10/100 tox
|-unboost|p1a: Flapple|spa|2
|-damage|p1a: Flapple|36/100|[from] item: Life Orb
|
|-damage|p2a: IRON FINGERS|4/100 tox|[from] psn
|upkeep
|turn|15
|
|t:|1633863039
|move|p2a: IRON FINGERS|Milk Drink|p2a: IRON FINGERS
|-heal|p2a: IRON FINGERS|54/100 tox
|move|p1a: Flapple|Draco Meteor|p2a: IRON FINGERS
|-damage|p2a: IRON FINGERS|22/100 tox
|-unboost|p1a: Flapple|spa|2
|-damage|p1a: Flapple|26/100|[from] item: Life Orb
|
|-damage|p2a: IRON FINGERS|9/100 tox|[from] psn
|upkeep
|turn|16
|
|t:|1633863052
|switch|p1a: Cinccino|Cinccino, F|100/100
|move|p2a: IRON FINGERS|Milk Drink|p2a: IRON FINGERS
|-heal|p2a: IRON FINGERS|60/100 tox
|
|-damage|p2a: IRON FINGERS|41/100 tox|[from] psn
|upkeep
|turn|17
|
|t:|1633863056
|switch|p2a: WEEPING WILLOW|Qwilfish, M, shiny|81/100
|-damage|p2a: WEEPING WILLOW|68/100|[from] Stealth Rock
|move|p1a: Cinccino|Triple Axel|p2a: WEEPING WILLOW
|-resisted|p2a: WEEPING WILLOW
|-damage|p2a: WEEPING WILLOW|65/100
|-damage|p1a: Cinccino|84/100|[from] item: Rocky Helmet|[of] p2a: WEEPING WILLOW
|-status|p1a: Cinccino|psn|[from] ability: Poison Point|[of] p2a: WEEPING WILLOW
|-resisted|p2a: WEEPING WILLOW
|-damage|p2a: WEEPING WILLOW|58/100
|-damage|p1a: Cinccino|68/100 psn|[from] item: Rocky Helmet|[of] p2a: WEEPING WILLOW
|-resisted|p2a: WEEPING WILLOW
|-damage|p2a: WEEPING WILLOW|46/100
|-damage|p1a: Cinccino|51/100 psn|[from] item: Rocky Helmet|[of] p2a: WEEPING WILLOW
|-hitcount|p2a: WEEPING WILLOW|3
|
|-damage|p1a: Cinccino|39/100 psn|[from] psn
|upkeep
|turn|18
|
|t:|1633863065
|switch|p1a: Cryogonal|Cryogonal|100/100
|move|p2a: WEEPING WILLOW|Waterfall|p1a: Cryogonal
|-damage|p1a: Cryogonal|51/100
|
|upkeep
|turn|19
|
|t:|1633863074
|switch|p2a: ADAMANTINE KATA|Audino, M, shiny|94/100
|-damage|p2a: ADAMANTINE KATA|81/100|[from] Stealth Rock
|move|p1a: Cryogonal|Rapid Spin|p2a: ADAMANTINE KATA
|-damage|p2a: ADAMANTINE KATA|76/100
|-boost|p1a: Cryogonal|spe|1
|-sideend|p1: one of the bouys|Stealth Rock|[from] move: Rapid Spin|[of] p1a: Cryogonal
|
|upkeep
|turn|20
|
|t:|1633863096
|switch|p1a: Corsola|Corsola, F|98/100 tox
|move|p2a: ADAMANTINE KATA|Knock Off|p1a: Corsola
|-damage|p1a: Corsola|83/100 tox
|-enditem|p1a: Corsola|Heavy-Duty Boots|[from] move: Knock Off|[of] p2a: ADAMANTINE KATA
|
|-damage|p1a: Corsola|77/100 tox|[from] psn
|upkeep
|turn|21
|
|t:|1633863106
|move|p2a: ADAMANTINE KATA|Protect|p2a: ADAMANTINE KATA
|-singleturn|p2a: ADAMANTINE KATA|Protect
|move|p1a: Corsola|Toxic|p2a: ADAMANTINE KATA
|-activate|p2a: ADAMANTINE KATA|move: Protect
|
|-damage|p1a: Corsola|65/100 tox|[from] psn
|upkeep
|turn|22
|
|t:|1633863117
|move|p2a: ADAMANTINE KATA|Wish|p2a: ADAMANTINE KATA
|move|p1a: Corsola|Toxic|p2a: ADAMANTINE KATA
|-status|p2a: ADAMANTINE KATA|tox
|
|-damage|p2a: ADAMANTINE KATA|70/100 tox|[from] psn
|-damage|p1a: Corsola|47/100 tox|[from] psn
|upkeep
|turn|23
|
|t:|1633863130
|switch|p1a: Mawile|Mawile, F|62/100
|-ability|p1a: Mawile|Intimidate|boost
|-unboost|p2a: ADAMANTINE KATA|atk|1
|move|p2a: ADAMANTINE KATA|Toxic|p1a: Mawile
|-immune|p1a: Mawile
|
|-heal|p2a: ADAMANTINE KATA|100/100 tox|[from] move: Wish|[wisher] ADAMANTINE KATA
|-damage|p2a: ADAMANTINE KATA|88/100 tox|[from] psn
|upkeep
|turn|24
|
|t:|1633863148
|switch|p1a: Flapple|Flapple, F|26/100
|move|p2a: ADAMANTINE KATA|Wish|p2a: ADAMANTINE KATA
|
|-damage|p2a: ADAMANTINE KATA|69/100 tox|[from] psn
|upkeep
|turn|25
|
|t:|1633863153
|switch|p2a: JELLYFISH CLUTCH|Articuno|100/100
|-ability|p2a: JELLYFISH CLUTCH|Pressure
|move|p1a: Flapple|Outrage|p2a: JELLYFISH CLUTCH
|-damage|p2a: JELLYFISH CLUTCH|0 fnt
|faint|p2a: JELLYFISH CLUTCH
|-damage|p1a: Flapple|16/100|[from] item: Life Orb
|
|upkeep
|
|t:|1633863159
|switch|p2a: WEEPING WILLOW|Qwilfish, M, shiny|46/100
|-damage|p2a: WEEPING WILLOW|34/100|[from] Stealth Rock
|turn|26
|
|t:|1633863164
|move|p1a: Flapple|Outrage|p2a: WEEPING WILLOW|[from]lockedmove
|-damage|p2a: WEEPING WILLOW|0 fnt
|-damage|p1a: Flapple|0 fnt|[from] item: Rocky Helmet|[of] p2a: WEEPING WILLOW
|faint|p2a: WEEPING WILLOW
|faint|p1a: Flapple
|
|upkeep
|c|☆pult94d somalia|haha i lose
|c|☆pult94d somalia|to that dumb
|c|☆pult94d somalia|play of mine
|c|☆pult94d somalia|i shoud read
|c|☆pult94d somalia|better
|inactive|one of the bouys has 120 seconds left.
|
|t:|1633863195
|switch|p1a: Tangela|Tangela, M|100/100
|switch|p2a: ADAMANTINE KATA|Audino, M, shiny|100/100 tox
|-damage|p2a: ADAMANTINE KATA|88/100 tox|[from] Stealth Rock
|turn|27
|
|t:|1633863202
|move|p1a: Tangela|Leech Seed|p2a: ADAMANTINE KATA
|-start|p2a: ADAMANTINE KATA|move: Leech Seed
|move|p2a: ADAMANTINE KATA|Wish|p2a: ADAMANTINE KATA
|
|-damage|p2a: ADAMANTINE KATA|76/100 tox|[from] Leech Seed|[of] p1a: Tangela
|-damage|p2a: ADAMANTINE KATA|69/100 tox|[from] psn
|upkeep
|turn|28
|
|t:|1633863204
|switch|p2a: IRON FINGERS|Miltank, F, shiny|41/100 tox
|-damage|p2a: IRON FINGERS|29/100 tox|[from] Stealth Rock
|move|p1a: Tangela|Giga Drain|p2a: IRON FINGERS
|-ability|p2a: IRON FINGERS|Sap Sipper|boost
|-boost|p2a: IRON FINGERS|atk|1
|
|-heal|p2a: IRON FINGERS|80/100 tox|[from] move: Wish|[wisher] ADAMANTINE KATA
|-damage|p2a: IRON FINGERS|74/100 tox|[from] psn
|upkeep
|turn|29
|
|t:|1633863212
|switch|p1a: Corsola|Corsola, F|80/100 tox
|move|p2a: IRON FINGERS|Stealth Rock|p1a: Corsola
|-sidestart|p1: one of the bouys|move: Stealth Rock
|
|-damage|p2a: IRON FINGERS|61/100 tox|[from] psn
|-damage|p1a: Corsola|74/100 tox|[from] psn
|upkeep
|turn|30
|
|t:|1633863217
|switch|p2a: ADAMANTINE KATA|Audino, M, shiny|100/100 tox
|-damage|p2a: ADAMANTINE KATA|88/100 tox|[from] Stealth Rock
|move|p1a: Corsola|Head Smash|p2a: ADAMANTINE KATA
|-damage|p2a: ADAMANTINE KATA|56/100 tox
|-damage|p1a: Corsola|55/100 tox|[from] Recoil
|
|-damage|p2a: ADAMANTINE KATA|50/100 tox|[from] psn
|-damage|p1a: Corsola|43/100 tox|[from] psn
|upkeep
|turn|31
|
|t:|1633863233
|switch|p2a: FIRE WATER|Quagsire, M, shiny|100/100
|switch|p1a: Mawile|Mawile, F|62/100
|-damage|p1a: Mawile|56/100|[from] Stealth Rock
|-ability|p1a: Mawile|Intimidate|boost
|-unboost|p2a: FIRE WATER|atk|1
|
|upkeep
|turn|32
|
|t:|1633863243
|switch|p1a: Tangela|Tangela, M|100/100
|-damage|p1a: Tangela|88/100|[from] Stealth Rock
|switch|p2a: ADAMANTINE KATA|Audino, M, shiny|83/100 tox
|-damage|p2a: ADAMANTINE KATA|70/100 tox|[from] Stealth Rock
|
|-damage|p2a: ADAMANTINE KATA|64/100 tox|[from] psn
|upkeep
|turn|33
|
|t:|1633863249
|switch|p1a: Mawile|Mawile, F|56/100
|-damage|p1a: Mawile|50/100|[from] Stealth Rock
|-ability|p1a: Mawile|Intimidate|boost
|-unboost|p2a: ADAMANTINE KATA|atk|1
|move|p2a: ADAMANTINE KATA|Toxic|p1a: Mawile
|-immune|p1a: Mawile
|
|-damage|p2a: ADAMANTINE KATA|52/100 tox|[from] psn
|upkeep
|turn|34
|
|t:|1633863254
|switch|p2a: FIRE WATER|Quagsire, M, shiny|100/100
|move|p1a: Mawile|Pain Split|p2a: FIRE WATER
|-sethp|p2a: FIRE WATER|70/100|[from] move: Pain Split|[silent]
|-sethp|p1a: Mawile|90/100|[from] move: Pain Split
|
|upkeep
|turn|35
|
|t:|1633863260
|switch|p1a: Tangela|Tangela, M|100/100
|-damage|p1a: Tangela|88/100|[from] Stealth Rock
|switch|p2a: ADAMANTINE KATA|Audino, M, shiny|85/100 tox
|-damage|p2a: ADAMANTINE KATA|72/100 tox|[from] Stealth Rock
|
|-damage|p2a: ADAMANTINE KATA|66/100 tox|[from] psn
|upkeep
|turn|36
|
|t:|1633863267
|switch|p1a: Mawile|Mawile, F|90/100
|-damage|p1a: Mawile|84/100|[from] Stealth Rock
|-ability|p1a: Mawile|Intimidate|boost
|-unboost|p2a: ADAMANTINE KATA|atk|1
|move|p2a: ADAMANTINE KATA|Knock Off|p1a: Mawile
|-resisted|p1a: Mawile
|-damage|p1a: Mawile|81/100
|
|-damage|p2a: ADAMANTINE KATA|54/100 tox|[from] psn
|upkeep
|turn|37
|
|t:|1633863272
|move|p1a: Mawile|Knock Off|p2a: ADAMANTINE KATA
|-damage|p2a: ADAMANTINE KATA|41/100 tox
|move|p2a: ADAMANTINE KATA|Toxic|p1a: Mawile
|-immune|p1a: Mawile
|
|-damage|p2a: ADAMANTINE KATA|23/100 tox|[from] psn
|upkeep
|turn|38
|
|t:|1633863276
|switch|p2a: FIRE WATER|Quagsire, M, shiny|70/100
|move|p1a: Mawile|Knock Off|p2a: FIRE WATER
|-damage|p2a: FIRE WATER|56/100
|-enditem|p2a: FIRE WATER|Heavy-Duty Boots|[from] move: Knock Off|[of] p1a: Mawile
|
|upkeep
|turn|39
|
|t:|1633863282
|switch|p1a: Cryogonal|Cryogonal|51/100
|move|p2a: FIRE WATER|Recover|p2a: FIRE WATER
|-heal|p2a: FIRE WATER|100/100
|
|upkeep
|turn|40
|
|t:|1633863289
|switch|p2a: ADAMANTINE KATA|Audino, M, shiny|56/100 tox
|-damage|p2a: ADAMANTINE KATA|43/100 tox|[from] Stealth Rock
|move|p1a: Cryogonal|Ice Beam|p2a: ADAMANTINE KATA
|-damage|p2a: ADAMANTINE KATA|17/100 tox
|
|-damage|p2a: ADAMANTINE KATA|11/100 tox|[from] psn
|upkeep
|turn|41
|c|☆pult94d somalia|gg annoying from my part
|-message|pult94d somalia forfeited.
|
|win|one of the bouys
|raw|one of the bouys's rating: 1634 &rarr; <strong>1658</strong><br />(+24 for winning)
|raw|pult94d somalia's rating: 1704 &rarr; <strong>1680</strong><br />(-24 for losing)
|c|☆one of the bouys|gg
|l|☆pult94d somalia
