|j|☆HJAD
|j|☆Blinkboy
|player|p1|HJAD|lance-gen2|
|player|p2|Blinkboy|saturn|
|teamsize|p1|6
|teamsize|p2|6
|gametype|singles
|gen|8
|tier|[Gen 8] PU
|clearpoke
|poke|p1|Leafeon, M|
|poke|p1|Ninjask, F|
|poke|p1|Hattrem, F|
|poke|p1|Lapras, M|
|poke|p1|Mawile, M|
|poke|p1|Silvally-*|
|poke|p2|Pawniard, F|
|poke|p2|Throh, M|
|poke|p2|Gloom, M|
|poke|p2|Mawile, M|
|poke|p2|Silvally-*|
|poke|p2|Arctovish|
|rule|Sleep Clause Mod: Limit one foe put to sleep
|rule|Species Clause: Limit one of each Pokémon
|rule|OHKO Clause: OHKO moves are banned
|rule|Evasion Moves Clause: Evasion moves are banned
|rule|Endless Battle Clause: Forcing endless battles is banned
|rule|HP Percentage Mod: HP is shown in percentages
|rule|Dynamax Clause: You cannot dynamax
|teampreview
|c|☆HJAD|hf!
|j| kelly ㋛ kafka
|c|☆Blinkboy|Hf boss
|j| Shing'n Streets
|j| pattek
|
|start
|switch|p1a: Leafeon|Leafeon, M|100/100
|switch|p2a: Pawniard|Pawniard, F|100/100
|turn|1
|j| low lader bae
|
|move|p1a: Leafeon|Knock Off|p2a: Pawniard
|-resisted|p2a: Pawniard
|-damage|p2a: Pawniard|80/100
|-enditem|p2a: Pawniard|Eviolite|[from] move: Knock Off|[of] p1a: Leafeon
|move|p2a: Pawniard|Stealth Rock|p1a: Leafeon
|-sidestart|p1: HJAD|move: Stealth Rock
|
|upkeep
|turn|2
|
|switch|p2a: Rick|Gloom, M|100/100
|move|p1a: Leafeon|Leaf Blade|p2a: Rick
|-resisted|p2a: Rick
|-damage|p2a: Rick|94/100
|
|upkeep
|turn|3
|j| Musharnanigans
|j| uhuhuhu7
|j| royesk
|
|switch|p1a: Mawile|Mawile, M|100/100
|-damage|p1a: Mawile|95/100|[from] Stealth Rock
|-ability|p1a: Mawile|Intimidate|boost
|-unboost|p2a: Rick|atk|1
|switch|p2a: Silvally|Silvally-Ground|100/100
|
|upkeep
|turn|4
|j| Sir Pinsirlot
|j| CaptMicrowave
|
|move|p2a: Silvally|Multi-Attack|p1a: Mawile
|-supereffective|p1a: Mawile
|-damage|p1a: Mawile|3/100
|-damage|p2a: Silvally|84/100|[from] item: Rocky Helmet|[of] p1a: Mawile
|move|p1a: Mawile|Pain Split|p2a: Silvally
|-sethp|p2a: Silvally|43/100|[from] move: Pain Split|[silent]
|-sethp|p1a: Mawile|47/100|[from] move: Pain Split
|
|upkeep
|turn|5
|
|switch|p1a: Leafeon|Leafeon, M|100/100
|-damage|p1a: Leafeon|88/100|[from] Stealth Rock
|move|p2a: Silvally|U-turn|p1a: Leafeon
|-supereffective|p1a: Leafeon
|-damage|p1a: Leafeon|48/100
|j| Moo the Panda
|l| Moo the Panda
|
|switch|p2a: Mawile|Mawile, M|100/100|[from]move: U-turn
|
|upkeep
|turn|6
|
|move|p1a: Leafeon|Knock Off|p2a: Mawile
|-resisted|p2a: Mawile
|-damage|p2a: Mawile|76/100
|-enditem|p2a: Mawile|Life Orb|[from] move: Knock Off|[of] p1a: Leafeon
|move|p2a: Mawile|Iron Head|p1a: Leafeon
|-damage|p1a: Leafeon|2/100
|
|upkeep
|turn|7
|
|move|p1a: Leafeon|Synthesis|p1a: Leafeon
|-heal|p1a: Leafeon|51/100
|move|p2a: Mawile|Play Rough|p1a: Leafeon
|-damage|p1a: Leafeon|2/100
|
|upkeep
|turn|8
|
|move|p1a: Leafeon|Synthesis|p1a: Leafeon
|-heal|p1a: Leafeon|51/100
|move|p2a: Mawile|Swords Dance|p2a: Mawile
|-boost|p2a: Mawile|atk|2
|
|upkeep
|turn|9
|
|move|p1a: Leafeon|Leaf Blade|p2a: Mawile
|-resisted|p2a: Mawile
|-damage|p2a: Mawile|44/100
|move|p2a: Mawile|Iron Head|p1a: Leafeon
|-damage|p1a: Leafeon|0 fnt
|faint|p1a: Leafeon
|
|upkeep
|
|switch|p1a: Silvally|Silvally-Ground|100/100
|-damage|p1a: Silvally|94/100|[from] Stealth Rock
|turn|10
|j| yogibears
|
|switch|p2a: Rick|Gloom, M|94/100
|move|p1a: Silvally|Multi-Attack|p2a: Rick
|-damage|p2a: Rick|59/100
|
|upkeep
|turn|11
|
|move|p1a: Silvally|Defog|p2a: Rick
|-unboost|p2a: Rick|evasion|1
|-sideend|p1: HJAD|Stealth Rock|[from] move: Defog|[of] p1a: Silvally
|move|p2a: Rick|Giga Drain|p1a: Silvally
|-supereffective|p1a: Silvally
|-damage|p1a: Silvally|43/100
|-heal|p2a: Rick|86/100|[from] drain|[of] p1a: Silvally
|
|upkeep
|turn|12
|j|+tjay
|
|switch|p1a: Lapras|Lapras, M|100/100
|move|p2a: Rick|Sludge Bomb|p1a: Lapras
|-damage|p1a: Lapras|87/100
|-status|p1a: Lapras|psn
|
|-heal|p1a: Lapras|93/100 psn|[from] item: Leftovers
|-damage|p1a: Lapras|80/100 psn|[from] psn
|upkeep
|turn|13
|
|switch|p1a: Ninjask|Ninjask, F|100/100
|switch|p2a: Throh|Throh, M|100/100
|
|upkeep
|turn|14
|
|move|p1a: Ninjask|Acrobatics|p2a: Throh
|-supereffective|p2a: Throh
|-damage|p2a: Throh|11/100
|move|p2a: Throh|Toxic|p1a: Ninjask
|-status|p1a: Ninjask|tox
|
|-heal|p2a: Throh|17/100|[from] item: Leftovers
|-damage|p1a: Ninjask|94/100 tox|[from] psn
|-ability|p1a: Ninjask|Speed Boost|boost
|-boost|p1a: Ninjask|spe|1
|upkeep
|turn|15
|
|switch|p1a: Silvally|Silvally-Ground|43/100
|move|p2a: Throh|Protect||[still]
|-fail|p2a: Throh
|
|-heal|p2a: Throh|23/100|[from] item: Leftovers
|upkeep
|turn|16
|
|switch|p2a: Rick|Gloom, M|86/100
|move|p1a: Silvally|U-turn|p2a: Rick
|-damage|p2a: Rick|73/100
|
|switch|p1a: Hattrem|Hattrem, F|100/100|[from]move: U-turn
|
|upkeep
|turn|17
|
|switch|p2a: Throh|Throh, M|23/100
|move|p1a: Hattrem|Mystical Fire|p2a: Throh
|-damage|p2a: Throh|14/100
|-unboost|p2a: Throh|spa|1
|
|-heal|p2a: Throh|20/100|[from] item: Leftovers
|upkeep
|turn|18
|
|move|p1a: Hattrem|Psychic|p2a: Throh
|-supereffective|p2a: Throh
|-damage|p2a: Throh|0 fnt
|faint|p2a: Throh
|
|upkeep
|
|switch|p2a: Silvally|Silvally-Ground|43/100
|turn|19
|l|+tjay
|
|move|p2a: Silvally|U-turn|p1a: Hattrem
|-supereffective|p1a: Hattrem
|-damage|p1a: Hattrem|73/100
|
|switch|p2a: Mawile|Mawile, M|44/100|[from]move: U-turn
|move|p1a: Hattrem|Mystical Fire|p2a: Mawile
|-supereffective|p2a: Mawile
|-damage|p2a: Mawile|0 fnt
|faint|p2a: Mawile
|
|upkeep
|
|switch|p2a: Pawniard|Pawniard, F|80/100
|turn|20
|
|move|p2a: Pawniard|Knock Off|p1a: Hattrem
|-supereffective|p1a: Hattrem
|-damage|p1a: Hattrem|17/100
|-enditem|p1a: Hattrem|Eviolite|[from] move: Knock Off|[of] p2a: Pawniard
|move|p1a: Hattrem|Mystical Fire|p2a: Pawniard
|-supereffective|p2a: Pawniard
|-damage|p2a: Pawniard|0 fnt
|faint|p2a: Pawniard
|
|upkeep
|
|switch|p2a: Silvally|Silvally-Ground|43/100
|turn|21
|
|move|p2a: Silvally|U-turn|p1a: Hattrem
|-supereffective|p1a: Hattrem
|-damage|p1a: Hattrem|0 fnt
|faint|p1a: Hattrem
|
|switch|p2a: Arctovish|Arctovish|100/100|[from]move: U-turn
|
|upkeep
|
|switch|p1a: Ninjask|Ninjask, F|94/100 tox
|turn|22
|
|move|p1a: Ninjask|U-turn|p2a: Arctovish
|-damage|p2a: Arctovish|68/100
|
|switch|p1a: Lapras|Lapras, M|80/100 psn|[from]move: U-turn
|move|p2a: Arctovish|Stone Edge|p1a: Lapras
|-supereffective|p1a: Lapras
|-damage|p1a: Lapras|32/100 psn
|
|-heal|p1a: Lapras|38/100 psn|[from] item: Leftovers
|-damage|p1a: Lapras|26/100 psn|[from] psn
|upkeep
|turn|23
|
|move|p2a: Arctovish|Stone Edge|p1a: Lapras
|-supereffective|p1a: Lapras
|-damage|p1a: Lapras|0 fnt
|faint|p1a: Lapras
|
|upkeep
|
|switch|p1a: Ninjask|Ninjask, F|94/100 tox
|turn|24
|j| Sciroccoo
|
|switch|p2a: Silvally|Silvally-Ground|43/100
|move|p1a: Ninjask|U-turn|p2a: Silvally
|-damage|p2a: Silvally|11/100
|
|switch|p1a: Silvally|Silvally-Ground|43/100|[from]move: U-turn
|
|upkeep
|turn|25
|
|move|p1a: Silvally|U-turn|p2a: Silvally
|-damage|p2a: Silvally|0 fnt
|faint|p2a: Silvally
|
|switch|p1a: Ninjask|Ninjask, F|94/100 tox|[from]move: U-turn
|
|-damage|p1a: Ninjask|88/100 tox|[from] psn
|upkeep
|j| Landon✘A21
|
|switch|p2a: Arctovish|Arctovish|68/100
|turn|26
|j| heck dis
|
|move|p1a: Ninjask|U-turn|p2a: Arctovish
|-damage|p2a: Arctovish|35/100
|
|switch|p1a: Mawile|Mawile, M|47/100|[from]move: U-turn
|-ability|p1a: Mawile|Intimidate|boost
|-unboost|p2a: Arctovish|atk|1
|move|p2a: Arctovish|Fishious Rend|p1a: Mawile
|-damage|p1a: Mawile|2/100
|-damage|p2a: Arctovish|19/100|[from] item: Rocky Helmet|[of] p1a: Mawile
|
|upkeep
|turn|27
|
|move|p2a: Arctovish|Fishious Rend|p1a: Mawile
|-damage|p1a: Mawile|0 fnt
|-damage|p2a: Arctovish|2/100|[from] item: Rocky Helmet|[of] p1a: Mawile
|faint|p1a: Mawile
|
|upkeep
|
|switch|p1a: Ninjask|Ninjask, F|88/100 tox
|turn|28
|l| pattek
|
|move|p1a: Ninjask|Acrobatics|p2a: Arctovish
|-damage|p2a: Arctovish|0 fnt
|faint|p2a: Arctovish
|
|-damage|p1a: Ninjask|82/100 tox|[from] psn
|-ability|p1a: Ninjask|Speed Boost|boost
|-boost|p1a: Ninjask|spe|1
|upkeep
|
|switch|p2a: Rick|Gloom, M|73/100
|turn|29
|l| Sciroccoo
|
|move|p1a: Ninjask|Swords Dance|p1a: Ninjask
|-boost|p1a: Ninjask|atk|2
|move|p2a: Rick|Strength Sap|p1a: Ninjask
|-unboost|p1a: Ninjask|atk|1
|-heal|p2a: Rick|100/100
|
|-damage|p1a: Ninjask|70/100 tox|[from] psn
|-ability|p1a: Ninjask|Speed Boost|boost
|-boost|p1a: Ninjask|spe|1
|upkeep
|turn|30
|j| wild drud
|
|move|p1a: Ninjask|Acrobatics|p2a: Rick
|-supereffective|p2a: Rick
|-damage|p2a: Rick|0 fnt
|faint|p2a: Rick
|
|win|HJAD
|j| pattek
|c|☆HJAD|gg
|c|☆Blinkboy|Gg
|l| Landon✘A21
|l| heck dis
