|j|☆UnBeatableTR32
|j|☆allstarapology
|player|p1|UnBeatableTR32|psychic-gen4|1323
|player|p2|allstarapology|pokemonbreederf|1359
|teamsize|p1|6
|teamsize|p2|6
|gametype|singles
|gen|8
|tier|[Gen 8] PU
|rated|
|clearpoke
|poke|p1|Boltund, M|
|poke|p1|Sandslash, F|
|poke|p1|Lilligant, F|
|poke|p1|Golduck, F|
|poke|p1|Lickilicky, F|
|poke|p1|Drifblim, M|
|poke|p2|Drednaw, F|
|poke|p2|Vulpix-Alola, M|
|poke|p2|Klinklang|
|poke|p2|Swoobat, M|
|poke|p2|Fraxure, M|
|poke|p2|Falinks|
|rule|Sleep Clause Mod: Limit one foe put to sleep
|rule|Species Clause: Limit one of each Pokémon
|rule|OHKO Clause: OHKO moves are banned
|rule|Evasion Moves Clause: Evasion moves are banned
|rule|Endless Battle Clause: Forcing endless battles is banned
|rule|HP Percentage Mod: HP is shown in percentages
|rule|Dynamax Clause: You cannot dynamax
|teampreview
|inactive|Battle timer is ON: inactive players will automatically lose when time's up. (requested by allstarapology)
|
|start
|switch|p1a: Golduck|Golduck, F|100/100
|switch|p2a: Drednaw|Drednaw, F|100/100
|-ability|p1a: Golduck|Cloud Nine
|turn|1
|
|move|p1a: Golduck|Surf|p2a: Drednaw
|-damage|p2a: Drednaw|22/100
|move|p2a: Drednaw|Stealth Rock|p1a: Golduck
|-sidestart|p1: UnBeatableTR32|move: Stealth Rock
|
|upkeep
|turn|2
|
|move|p1a: Golduck|Surf|p2a: Drednaw
|-damage|p2a: Drednaw|0 fnt
|faint|p2a: Drednaw
|
|upkeep
|
|switch|p2a: Vulpix|Vulpix-Alola, M|100/100
|-weather|Hail|[from] ability: Snow Warning|[of] p2a: Vulpix
|turn|3
|
|move|p1a: Golduck|Surf|p2a: Vulpix
|-damage|p2a: Vulpix|8/100
|move|p2a: Vulpix|Aurora Veil||[still]
|-fail|p2a: Vulpix
|
|-weather|Hail|[upkeep]
|upkeep
|turn|4
|
|move|p1a: Golduck|Surf|p2a: Vulpix
|-damage|p2a: Vulpix|0 fnt
|faint|p2a: Vulpix
|
|-weather|Hail|[upkeep]
|upkeep
|
|switch|p2a: Swoobat|Swoobat, M|100/100
|turn|5
|
|switch|p1a: Boltund|Boltund, M|100/100
|-damage|p1a: Boltund|88/100|[from] Stealth Rock
|move|p2a: Swoobat|Calm Mind|p2a: Swoobat
|-boost|p2a: Swoobat|spa|2
|-boost|p2a: Swoobat|spd|2
|
|-weather|Hail|[upkeep]
|-damage|p1a: Boltund|82/100|[from] Hail
|-damage|p2a: Swoobat|94/100|[from] Hail
|upkeep
|turn|6
|
|move|p1a: Boltund|Crunch|p2a: Swoobat
|-supereffective|p2a: Swoobat
|-damage|p2a: Swoobat|0 fnt
|-damage|p1a: Boltund|73/100|[from] item: Life Orb
|faint|p2a: Swoobat
|
|-weather|Hail|[upkeep]
|-damage|p1a: Boltund|66/100|[from] Hail
|upkeep
|-message|allstarapology forfeited.
|
|win|UnBeatableTR32
|l|☆allstarapology
||Ladder (probably) updated, but score could not be retrieved (Request timeout).
