|raw|<div class="broadcast-blue"><strong>This battle is required to be public due to a player having a name starting with 'pult4c1'.</div>
|j|☆Fidough
|j|☆PULT4C1 Inder
|t:|1661011775
|gametype|singles
|player|p1|Fidough|harlequin|1368
|player|p2|PULT4C1 Inder|lyra|1659
|teamsize|p1|6
|teamsize|p2|6
|gen|8
|tier|[Gen 8] PU
|rated|
|rule|Sleep Clause Mod: Limit one foe put to sleep
|rule|Species Clause: Limit one of each Pokémon
|rule|OHKO Clause: OHKO moves are banned
|rule|Evasion Items Clause: Evasion items are banned
|rule|Evasion Moves Clause: Evasion moves are banned
|rule|Endless Battle Clause: Forcing endless battles is banned
|rule|HP Percentage Mod: HP is shown in percentages
|rule|Dynamax Clause: You cannot dynamax
|clearpoke
|poke|p1|Throh, M|
|poke|p1|Ferroseed, M|
|poke|p1|Jellicent, M|
|poke|p1|Aromatisse, M|
|poke|p1|Charizard, F|
|poke|p1|Stunfisk, F|
|poke|p2|Doublade, M|
|poke|p2|Vikavolt, F|
|poke|p2|Archeops, M|
|poke|p2|Silvally-*|
|poke|p2|Turtonator, M|
|poke|p2|Druddigon, M|
|teampreview
|inactive|Battle timer is ON: inactive players will automatically lose when time's up. (requested by PULT4C1 Inder)
|
|t:|1661011796
|start
|switch|p1a: Stunfisk|Stunfisk, F|100/100
|switch|p2a: Druddigon|Druddigon, M|100/100
|-ability|p2a: Druddigon|Mold Breaker
|turn|1
|
|t:|1661011804
|move|p2a: Druddigon|Taunt|p1a: Stunfisk
|-start|p1a: Stunfisk|move: Taunt
|cant|p1a: Stunfisk|move: Taunt|Stealth Rock
|
|upkeep
|turn|2
|
|t:|1661011813
|switch|p1a: Ferroseed|Ferroseed, M|100/100
|move|p2a: Druddigon|Stealth Rock|p1a: Ferroseed
|-sidestart|p1: Fidough|move: Stealth Rock
|
|upkeep
|turn|3
|inactive|PULT4C1 Inder has 120 seconds left.
|
|t:|1661011862
|switch|p1a: Charizard|Charizard, F|100/100
|move|p2a: Druddigon|Taunt|p1a: Charizard
|-start|p1a: Charizard|move: Taunt
|
|upkeep
|turn|4
|
|t:|1661011886
|move|p1a: Charizard|Hurricane|p2a: Druddigon
|-damage|p2a: Druddigon|42/100
|-start|p2a: Druddigon|confusion
|-activate|p2a: Druddigon|confusion
|move|p2a: Druddigon|Scale Shot|p1a: Charizard
|-damage|p1a: Charizard|83/100
|-damage|p1a: Charizard|66/100
|-damage|p1a: Charizard|49/100
|-hitcount|p1a: Charizard|3
|-unboost|p2a: Druddigon|def|1
|-boost|p2a: Druddigon|spe|1
|
|upkeep
|turn|5
|inactive|PULT4C1 Inder has 120 seconds left.
|j| PULT4C1 Haffling
|
|t:|1661011916
|move|p1a: Charizard|Hurricane|p2a: Druddigon|[miss]
|-miss|p1a: Charizard|p2a: Druddigon
|-activate|p2a: Druddigon|confusion
|move|p2a: Druddigon|Scale Shot|p1a: Charizard|[miss]
|-miss|p2a: Druddigon|p1a: Charizard
|
|-end|p1a: Charizard|move: Taunt
|upkeep
|turn|6
|
|t:|1661011924
|move|p1a: Charizard|Hurricane|p2a: Druddigon
|-damage|p2a: Druddigon|0 fnt
|faint|p2a: Druddigon
|
|upkeep
|inactive|PULT4C1 Inder has 90 seconds left.
|
|t:|1661011952
|switch|p2a: Archeops|Archeops, M|100/100
|turn|7
|inactive|Fidough has 120 seconds left.
|
|t:|1661011998
|switch|p1a: Stunfisk|Stunfisk, F|100/100
|-damage|p1a: Stunfisk|94/100|[from] Stealth Rock
|move|p2a: Archeops|Meteor Beam||[still]
|-prepare|p2a: Archeops|Meteor Beam
|-boost|p2a: Archeops|spa|1
|-enditem|p2a: Archeops|Power Herb
|-anim|p2a: Archeops|Meteor Beam|p1a: Stunfisk|[miss]
|-miss|p2a: Archeops|p1a: Stunfisk
|
|-heal|p1a: Stunfisk|100/100|[from] item: Leftovers
|upkeep
|turn|8
|
|t:|1661012006
|move|p2a: Archeops|Earth Power|p1a: Stunfisk
|-supereffective|p1a: Stunfisk
|-damage|p1a: Stunfisk|52/100
|move|p1a: Stunfisk|Discharge|p2a: Archeops
|-supereffective|p2a: Archeops
|-damage|p2a: Archeops|30/100
|
|-heal|p1a: Stunfisk|58/100|[from] item: Leftovers
|upkeep
|turn|9
|j| goligod
|
|t:|1661012023
|move|p2a: Archeops|Earth Power|p1a: Stunfisk
|-supereffective|p1a: Stunfisk
|-damage|p1a: Stunfisk|30/100
|move|p1a: Stunfisk|Discharge|p2a: Archeops
|-supereffective|p2a: Archeops
|-damage|p2a: Archeops|0 fnt
|faint|p2a: Archeops
|
|-heal|p1a: Stunfisk|36/100|[from] item: Leftovers
|upkeep
|
|t:|1661012044
|switch|p2a: Vikavolt|Vikavolt, F|100/100
|turn|10
|
|t:|1661012050
|move|p2a: Vikavolt|Agility|p2a: Vikavolt
|-boost|p2a: Vikavolt|spe|2
|move|p1a: Stunfisk|Toxic|p2a: Vikavolt
|-status|p2a: Vikavolt|tox
|
|-heal|p1a: Stunfisk|43/100|[from] item: Leftovers
|-damage|p2a: Vikavolt|94/100 tox|[from] psn
|upkeep
|turn|11
|inactive|Fidough has 120 seconds left.
|
|t:|1661012066
|switch|p1a: Aromatisse|Aromatisse, M|100/100
|-damage|p1a: Aromatisse|88/100|[from] Stealth Rock
|move|p2a: Vikavolt|Bug Buzz|p1a: Aromatisse
|-resisted|p1a: Aromatisse
|-damage|p1a: Aromatisse|63/100
|-enditem|p2a: Vikavolt|Throat Spray
|-boost|p2a: Vikavolt|spa|1|[from] item: Throat Spray
|
|-heal|p1a: Aromatisse|69/100|[from] item: Leftovers
|-damage|p2a: Vikavolt|82/100 tox|[from] psn
|upkeep
|turn|12
|inactive|PULT4C1 Inder has 120 seconds left.
|j| Mecna
|inactive|PULT4C1 Inder has 90 seconds left.
|inactive|PULT4C1 Inder has 60 seconds left.
|
|t:|1661012131
|move|p1a: Aromatisse|Protect|p1a: Aromatisse
|-singleturn|p1a: Aromatisse|Protect
|move|p2a: Vikavolt|Thunderbolt|p1a: Aromatisse
|-activate|p1a: Aromatisse|move: Protect
|
|-heal|p1a: Aromatisse|75/100|[from] item: Leftovers
|-damage|p2a: Vikavolt|64/100 tox|[from] psn
|upkeep
|turn|13
|inactive|Fidough has 120 seconds left.
|
|t:|1661012145
|switch|p1a: Stunfisk|Stunfisk, F|43/100
|-damage|p1a: Stunfisk|36/100|[from] Stealth Rock
|move|p2a: Vikavolt|Thunderbolt|p1a: Stunfisk
|-immune|p1a: Stunfisk
|
|-heal|p1a: Stunfisk|43/100|[from] item: Leftovers
|-damage|p2a: Vikavolt|39/100 tox|[from] psn
|upkeep
|turn|14
|inactive|Fidough has 120 seconds left.
|
|t:|1661012159
|move|p2a: Vikavolt|Bug Buzz|p1a: Stunfisk
|-crit|p1a: Stunfisk
|-damage|p1a: Stunfisk|0 fnt
|faint|p1a: Stunfisk
|
|-damage|p2a: Vikavolt|9/100 tox|[from] psn
|upkeep
|inactive|Fidough has 120 seconds left.
|
|t:|1661012176
|switch|p1a: Aromatisse|Aromatisse, M|75/100
|-damage|p1a: Aromatisse|63/100|[from] Stealth Rock
|turn|15
|
|t:|1661012199
|switch|p2a: Silvally|Silvally-Fairy|100/100
|move|p1a: Aromatisse|Protect||[still]
|-fail|p1a: Aromatisse
|
|-heal|p1a: Aromatisse|69/100|[from] item: Leftovers
|upkeep
|turn|16
|inactive|Fidough has 120 seconds left.
|
|t:|1661012213
|switch|p1a: Ferroseed|Ferroseed, M|100/100
|-damage|p1a: Ferroseed|94/100|[from] Stealth Rock
|move|p2a: Silvally|Swords Dance|p2a: Silvally
|-boost|p2a: Silvally|atk|2
|
|upkeep
|turn|17
|
|t:|1661012216
|switch|p2a: Vikavolt|Vikavolt, F|9/100 tox
|move|p1a: Ferroseed|Gyro Ball|p2a: Vikavolt
|-resisted|p2a: Vikavolt
|-damage|p2a: Vikavolt|0 fnt
|faint|p2a: Vikavolt
|
|upkeep
|
|t:|1661012218
|switch|p2a: Turtonator|Turtonator, M|100/100
|turn|18
|
|t:|1661012236
|switch|p1a: Charizard|Charizard, F|49/100
|move|p2a: Turtonator|Shell Smash|p2a: Turtonator
|-unboost|p2a: Turtonator|def|1
|-unboost|p2a: Turtonator|spd|1
|-boost|p2a: Turtonator|atk|2
|-boost|p2a: Turtonator|spa|2
|-boost|p2a: Turtonator|spe|2
|
|upkeep
|turn|19
|
|t:|1661012249
|move|p2a: Turtonator|Flamethrower|p1a: Charizard
|-resisted|p1a: Charizard
|-damage|p1a: Charizard|0 fnt
|faint|p1a: Charizard
|
|upkeep
|inactive|Fidough has 120 seconds left.
|j| KiraDidNothinWrong
|
|t:|1661012289
|switch|p1a: Aromatisse|Aromatisse, M|69/100
|-damage|p1a: Aromatisse|57/100|[from] Stealth Rock
|turn|20
|inactive|PULT4C1 Inder has 90 seconds left.
|inactive|PULT4C1 Inder has 60 seconds left.
|
|t:|1661012341
|move|p1a: Aromatisse|Protect|p1a: Aromatisse
|-singleturn|p1a: Aromatisse|Protect
|move|p2a: Turtonator|Flash Cannon|p1a: Aromatisse
|-activate|p1a: Aromatisse|move: Protect
|
|-heal|p1a: Aromatisse|63/100|[from] item: Leftovers
|upkeep
|turn|21
|
|t:|1661012364
|switch|p1a: Jellicent|Jellicent, M|100/100
|-damage|p1a: Jellicent|88/100|[from] Stealth Rock
|move|p2a: Turtonator|Flash Cannon|p1a: Jellicent
|-resisted|p1a: Jellicent
|-damage|p1a: Jellicent|71/100
|-start|p2a: Turtonator|Disable|Flash Cannon|[from] ability: Cursed Body|[of] p1a: Jellicent
|
|upkeep
|turn|22
|
|t:|1661012376
|move|p2a: Turtonator|Draco Meteor|p1a: Jellicent
|-damage|p1a: Jellicent|0 fnt
|-unboost|p2a: Turtonator|spa|2
|faint|p1a: Jellicent
|
|upkeep
|
|t:|1661012378
|switch|p1a: Aromatisse|Aromatisse, M|63/100
|-damage|p1a: Aromatisse|50/100|[from] Stealth Rock
|turn|23
|
|t:|1661012380
|move|p2a: Turtonator|Shell Smash|p2a: Turtonator
|-unboost|p2a: Turtonator|def|1
|-unboost|p2a: Turtonator|spd|1
|-boost|p2a: Turtonator|atk|2
|-boost|p2a: Turtonator|spa|2
|-boost|p2a: Turtonator|spe|2
|move|p1a: Aromatisse|Wish|p1a: Aromatisse
|
|-heal|p1a: Aromatisse|57/100|[from] item: Leftovers
|upkeep
|turn|24
|inactive|PULT4C1 Inder has 90 seconds left.
|
|t:|1661012386
|move|p1a: Aromatisse|Protect|p1a: Aromatisse
|-singleturn|p1a: Aromatisse|Protect
|move|p2a: Turtonator|Flamethrower|p1a: Aromatisse
|-activate|p1a: Aromatisse|move: Protect
|
|-heal|p1a: Aromatisse|100/100|[from] move: Wish|[wisher] Aromatisse
|-end|p2a: Turtonator|Disable
|upkeep
|turn|25
|
|t:|1661012388
|move|p2a: Turtonator|Flamethrower|p1a: Aromatisse
|-damage|p1a: Aromatisse|29/100
|move|p1a: Aromatisse|Moonblast|p2a: Turtonator
|-damage|p2a: Turtonator|12/100
|-unboost|p2a: Turtonator|spa|1
|
|-heal|p1a: Aromatisse|35/100|[from] item: Leftovers
|upkeep
|turn|26
|
|t:|1661012395
|move|p1a: Aromatisse|Protect|p1a: Aromatisse
|-singleturn|p1a: Aromatisse|Protect
|move|p2a: Turtonator|Flamethrower|p1a: Aromatisse
|-activate|p1a: Aromatisse|move: Protect
|
|-heal|p1a: Aromatisse|42/100|[from] item: Leftovers
|upkeep
|turn|27
|
|t:|1661012399
|move|p2a: Turtonator|Flamethrower|p1a: Aromatisse
|-damage|p1a: Aromatisse|0 fnt
|faint|p1a: Aromatisse
|
|upkeep
|
|t:|1661012401
|switch|p1a: Throh|Throh, M|100/100
|-damage|p1a: Throh|94/100|[from] Stealth Rock
|-ability|p1a: Throh|Mold Breaker
|turn|28
|inactive|PULT4C1 Inder has 120 seconds left.
|
|t:|1661012419
|move|p2a: Turtonator|Flamethrower|p1a: Throh
|-damage|p1a: Throh|54/100
|move|p1a: Throh|Knock Off|p2a: Turtonator
|-damage|p2a: Turtonator|0 fnt
|-enditem|p2a: Turtonator|Heavy-Duty Boots|[from] move: Knock Off|[of] p1a: Throh
|faint|p2a: Turtonator
|
|-heal|p1a: Throh|60/100|[from] item: Leftovers
|upkeep
|inactive|PULT4C1 Inder has 120 seconds left.
|
|t:|1661012424
|switch|p2a: Silvally|Silvally-Fairy|100/100
|turn|29
|
|t:|1661012434
|switch|p2a: Doublade|Doublade, M|100/100
|switch|p1a: Ferroseed|Ferroseed, M|94/100
|-damage|p1a: Ferroseed|88/100|[from] Stealth Rock
|
|upkeep
|turn|30
|inactive|PULT4C1 Inder has 120 seconds left.
|inactive|PULT4C1 Inder has 90 seconds left.
|inactive|PULT4C1 Inder has 60 seconds left.
|
|t:|1661012514
|move|p2a: Doublade|Close Combat|p1a: Ferroseed
|-supereffective|p1a: Ferroseed
|-damage|p1a: Ferroseed|40/100
|-unboost|p2a: Doublade|def|1
|-unboost|p2a: Doublade|spd|1
|-damage|p2a: Doublade|88/100|[from] ability: Iron Barbs|[of] p1a: Ferroseed
|move|p1a: Ferroseed|Leech Seed|p2a: Doublade
|-start|p2a: Doublade|move: Leech Seed
|
|-damage|p2a: Doublade|76/100|[from] Leech Seed|[of] p1a: Ferroseed
|-heal|p1a: Ferroseed|53/100|[silent]
|upkeep
|turn|31
|inactive|PULT4C1 Inder has 60 seconds left.
|
|t:|1661012533
|switch|p1a: Throh|Throh, M|60/100
|-damage|p1a: Throh|54/100|[from] Stealth Rock
|-ability|p1a: Throh|Mold Breaker
|move|p2a: Doublade|Swords Dance|p2a: Doublade
|-boost|p2a: Doublade|atk|2
|
|-heal|p1a: Throh|60/100|[from] item: Leftovers
|-damage|p2a: Doublade|64/100|[from] Leech Seed|[of] p1a: Throh
|-heal|p1a: Throh|69/100|[silent]
|upkeep
|turn|32
|inactive|PULT4C1 Inder has 60 seconds left.
|
|t:|1661012544
|switch|p2a: Silvally|Silvally-Fairy|100/100
|move|p1a: Throh|Bulk Up|p1a: Throh
|-boost|p1a: Throh|atk|1
|-boost|p1a: Throh|def|1
|
|-heal|p1a: Throh|75/100|[from] item: Leftovers
|upkeep
|turn|33
|l| KiraDidNothinWrong
|
|t:|1661012564
|switch|p1a: Ferroseed|Ferroseed, M|53/100
|-damage|p1a: Ferroseed|47/100|[from] Stealth Rock
|move|p2a: Silvally|Swords Dance|p2a: Silvally
|-boost|p2a: Silvally|atk|2
|
|upkeep
|turn|34
|inactive|PULT4C1 Inder has 60 seconds left.
|inactive|PULT4C1 Inder has 30 seconds left.
|
|t:|1661012619
|switch|p2a: Doublade|Doublade, M|64/100
|move|p1a: Ferroseed|Gyro Ball|p2a: Doublade
|-resisted|p2a: Doublade
|-damage|p2a: Doublade|57/100
|
|upkeep
|turn|35
|
|t:|1661012629
|switch|p1a: Throh|Throh, M|75/100
|-damage|p1a: Throh|69/100|[from] Stealth Rock
|-ability|p1a: Throh|Mold Breaker
|move|p2a: Doublade|Close Combat|p1a: Throh
|-damage|p1a: Throh|36/100
|-unboost|p2a: Doublade|def|1
|-unboost|p2a: Doublade|spd|1
|
|-heal|p1a: Throh|42/100|[from] item: Leftovers
|upkeep
|turn|36
|
|t:|1661012639
|switch|p1a: Ferroseed|Ferroseed, M|47/100
|-damage|p1a: Ferroseed|41/100|[from] Stealth Rock
|switch|p2a: Silvally|Silvally-Fairy|100/100
|
|upkeep
|turn|37
|
|t:|1661012642
|move|p2a: Silvally|Flame Charge|p1a: Ferroseed
|-supereffective|p1a: Ferroseed
|-damage|p1a: Ferroseed|4/100
|-boost|p2a: Silvally|spe|1
|-damage|p2a: Silvally|88/100|[from] ability: Iron Barbs|[of] p1a: Ferroseed
|move|p1a: Ferroseed|Leech Seed|p2a: Silvally
|-start|p2a: Silvally|move: Leech Seed
|
|-damage|p2a: Silvally|76/100|[from] Leech Seed|[of] p1a: Ferroseed
|-heal|p1a: Ferroseed|18/100|[silent]
|upkeep
|turn|38
|
|t:|1661012646
|switch|p2a: Doublade|Doublade, M|57/100
|move|p1a: Ferroseed|Protect||[still]
|-fail|p1a: Ferroseed
|
|upkeep
|turn|39
|c|☆Fidough|why are you being so pointless about this
|c|☆Fidough|could have just fucking killed a couple of turns ago and get this shit over with
|c|☆Fidough|jeez
|-message|Fidough forfeited.
|
|win|PULT4C1 Inder
|raw|Fidough's rating: 1368 &rarr; <strong>1361</strong><br />(-7 for losing)
|raw|PULT4C1 Inder's rating: 1627 &rarr; <strong>1634</strong><br />(+7 for winning)
|l|☆Fidough
|c| PULT4C1 Haffling|wha
|c| PULT4C1 Haffling|this was close tho
||Ladder isn't responding, score probably updated but might not have (Request timeout).
