|j|☆one of the bouys
|j|☆MobOfTheDead18
|t:|1637411265
|gametype|singles
|player|p1|one of the bouys|clown|1616
|player|p2|MobOfTheDead18|swimmerf-gen3rs|1350
|teamsize|p1|6
|teamsize|p2|6
|gen|8
|tier|[Gen 8] PU
|rated|
|rule|Sleep Clause Mod: Limit one foe put to sleep
|rule|Species Clause: Limit one of each Pokémon
|rule|OHKO Clause: OHKO moves are banned
|rule|Evasion Moves Clause: Evasion moves are banned
|rule|Endless Battle Clause: Forcing endless battles is banned
|rule|HP Percentage Mod: HP is shown in percentages
|rule|Dynamax Clause: You cannot dynamax
|clearpoke
|poke|p1|Flapple, F|
|poke|p1|Frosmoth, M|
|poke|p1|Mawile, F|
|poke|p1|Archeops, M|
|poke|p1|Tsareena, F|
|poke|p1|Jellicent, M|
|poke|p2|Druddigon, F|
|poke|p2|Charizard, F|
|poke|p2|Shiftry, M|
|poke|p2|Jolteon, F|
|poke|p2|Whimsicott, M|
|poke|p2|Liepard, F|
|teampreview
|inactive|Battle timer is ON: inactive players will automatically lose when time's up. (requested by MobOfTheDead18)
|
|t:|1637411277
|start
|switch|p1a: Flapple|Flapple, F|100/100
|switch|p2a: Druddigon|Druddigon, F|100/100
|turn|1
|
|t:|1637411283
|move|p1a: Flapple|Grav Apple|p2a: Druddigon
|-resisted|p2a: Druddigon
|-damage|p2a: Druddigon|67/100
|-unboost|p2a: Druddigon|def|1
|-damage|p1a: Flapple|91/100|[from] item: Life Orb
|move|p2a: Druddigon|Glare|p1a: Flapple
|-status|p1a: Flapple|par
|
|upkeep
|turn|2
|
|t:|1637411290
|move|p2a: Druddigon|Stealth Rock|p1a: Flapple
|-sidestart|p1: one of the bouys|move: Stealth Rock
|cant|p1a: Flapple|par
|
|upkeep
|turn|3
|
|t:|1637411293
|move|p1a: Flapple|Draco Meteor|p2a: Druddigon
|-supereffective|p2a: Druddigon
|-damage|p2a: Druddigon|0 fnt
|-unboost|p1a: Flapple|spa|2
|faint|p2a: Druddigon
|-damage|p1a: Flapple|81/100 par|[from] item: Life Orb
|
|upkeep
|j| cnino
|
|t:|1637411308
|switch|p2a: Whimsicott|Whimsicott, M, shiny|100/100
|turn|4
|
|t:|1637411315
|switch|p1a: Frosmoth|Frosmoth, M|100/100
|move|p2a: Whimsicott|Sunny Day|p2a: Whimsicott
|-weather|SunnyDay
|
|-weather|SunnyDay|[upkeep]
|upkeep
|turn|5
|
|t:|1637411321
|move|p2a: Whimsicott|Stun Spore|p1a: Frosmoth
|-status|p1a: Frosmoth|par
|move|p1a: Frosmoth|Ice Beam|p2a: Whimsicott
|-supereffective|p2a: Whimsicott
|-damage|p2a: Whimsicott|18/100
|
|-weather|SunnyDay|[upkeep]
|upkeep
|turn|6
|
|t:|1637411329
|switch|p2a: Charizard|Charizard, F, shiny|100/100
|move|p1a: Frosmoth|Substitute|p1a: Frosmoth
|-start|p1a: Frosmoth|Substitute
|-damage|p1a: Frosmoth|76/100 par
|
|-weather|SunnyDay|[upkeep]
|-damage|p2a: Charizard|88/100|[from] ability: Solar Power|[of] p2a: Charizard
|upkeep
|turn|7
|
|t:|1637411346
|move|p2a: Charizard|Weather Ball|p1a: Frosmoth
|-supereffective|p1a: Frosmoth
|-end|p1a: Frosmoth|Substitute
|move|p1a: Frosmoth|Substitute|p1a: Frosmoth
|-start|p1a: Frosmoth|Substitute
|-damage|p1a: Frosmoth|51/100 par
|
|-weather|SunnyDay|[upkeep]
|-damage|p2a: Charizard|76/100|[from] ability: Solar Power|[of] p2a: Charizard
|upkeep
|turn|8
|
|t:|1637411351
|move|p2a: Charizard|Weather Ball|p1a: Frosmoth
|-supereffective|p1a: Frosmoth
|-end|p1a: Frosmoth|Substitute
|cant|p1a: Frosmoth|par
|
|-weather|SunnyDay|[upkeep]
|-damage|p2a: Charizard|63/100|[from] ability: Solar Power|[of] p2a: Charizard
|upkeep
|turn|9
|
|t:|1637411357
|switch|p1a: Jellicent|Jellicent, M|100/100
|-damage|p1a: Jellicent|88/100|[from] Stealth Rock
|move|p2a: Charizard|Weather Ball|p1a: Jellicent
|-resisted|p1a: Jellicent
|-damage|p1a: Jellicent|49/100
|
|-weather|SunnyDay|[upkeep]
|-damage|p2a: Charizard|51/100|[from] ability: Solar Power|[of] p2a: Charizard
|upkeep
|turn|10
|
|t:|1637411364
|switch|p2a: Shiftry|Shiftry, M|100/100
|move|p1a: Jellicent|Recover|p1a: Jellicent
|-heal|p1a: Jellicent|99/100
|
|-weather|SunnyDay|[upkeep]
|upkeep
|turn|11
|
|t:|1637411368
|move|p2a: Shiftry|Solar Blade||[still]
|-prepare|p2a: Shiftry|Solar Blade
|-anim|p2a: Shiftry|Solar Blade|p1a: Jellicent
|-supereffective|p1a: Jellicent
|-damage|p1a: Jellicent|0 fnt
|-start|p2a: Shiftry|Disable|Solar Blade|[from] ability: Cursed Body|[of] p1a: Jellicent
|faint|p1a: Jellicent
|-damage|p2a: Shiftry|91/100|[from] item: Life Orb
|
|-weather|none
|upkeep
|l| cnino
|
|t:|1637411380
|switch|p1a: Tsareena|Tsareena, F|100/100
|turn|12
|
|t:|1637411385
|move|p1a: Tsareena|Rapid Spin|p2a: Shiftry
|-damage|p2a: Shiftry|68/100
|-boost|p1a: Tsareena|spe|1
|-sideend|p1: one of the bouys|Stealth Rock|[from] move: Rapid Spin|[of] p1a: Tsareena
|move|p2a: Shiftry|Knock Off|p1a: Tsareena
|-damage|p1a: Tsareena|39/100
|-enditem|p1a: Tsareena|Heavy-Duty Boots|[from] move: Knock Off|[of] p2a: Shiftry
|-damage|p2a: Shiftry|58/100|[from] item: Life Orb
|
|upkeep
|turn|13
|
|t:|1637411393
|move|p2a: Shiftry|Sucker Punch||[still]
|cant|p1a: Tsareena|ability: Queenly Majesty|Sucker Punch|[of] p2a: Shiftry
|move|p1a: Tsareena|Synthesis|p1a: Tsareena
|-heal|p1a: Tsareena|89/100
|
|upkeep
|turn|14
|
|t:|1637411400
|switch|p2a: Liepard|Liepard, F|100/100
|move|p1a: Tsareena|Power Whip|p2a: Liepard
|-damage|p2a: Liepard|0 fnt
|faint|p2a: Liepard
|
|upkeep
|
|t:|1637411405
|switch|p2a: Whimsicott|Whimsicott, M, shiny|18/100
|turn|15
|
|t:|1637411408
|move|p2a: Whimsicott|Sunny Day|p2a: Whimsicott
|-weather|SunnyDay
|move|p1a: Tsareena|Power Whip|p2a: Whimsicott
|-resisted|p2a: Whimsicott
|-crit|p2a: Whimsicott
|-damage|p2a: Whimsicott|0 fnt
|faint|p2a: Whimsicott
|
|-weather|SunnyDay|[upkeep]
|upkeep
|
|t:|1637411411
|switch|p2a: Charizard|Charizard, F, shiny|51/100
|turn|16
|
|t:|1637411417
|move|p2a: Charizard|Weather Ball|p1a: Tsareena
|-supereffective|p1a: Tsareena
|-damage|p1a: Tsareena|0 fnt
|faint|p1a: Tsareena
|
|-weather|SunnyDay|[upkeep]
|-damage|p2a: Charizard|38/100|[from] ability: Solar Power|[of] p2a: Charizard
|upkeep
|
|t:|1637411422
|switch|p1a: Archeops|Archeops, M|100/100
|turn|17
|
|t:|1637411425
|move|p2a: Charizard|Weather Ball|p1a: Archeops
|-resisted|p1a: Archeops
|-damage|p1a: Archeops|22/100
|move|p1a: Archeops|Stone Edge|p2a: Charizard
|-supereffective|p2a: Charizard
|-damage|p2a: Charizard|0 fnt
|faint|p2a: Charizard
|
|-weather|SunnyDay|[upkeep]
|upkeep
|
|t:|1637411434
|switch|p2a: Shiftry|Shiftry, M|58/100
|turn|18
|
|t:|1637411439
|move|p2a: Shiftry|Solar Blade||[still]
|-prepare|p2a: Shiftry|Solar Blade
|-anim|p2a: Shiftry|Solar Blade|p1a: Archeops
|-damage|p1a: Archeops|0 fnt
|faint|p1a: Archeops
|-damage|p2a: Shiftry|48/100|[from] item: Life Orb
|
|-weather|SunnyDay|[upkeep]
|upkeep
|
|t:|1637411441
|switch|p1a: Mawile|Mawile, F|100/100
|-ability|p1a: Mawile|Intimidate|boost
|-unboost|p2a: Shiftry|atk|1
|turn|19
|
|t:|1637411449
|switch|p2a: Jolteon|Jolteon, F|100/100
|move|p1a: Mawile|Play Rough|p2a: Jolteon
|-damage|p2a: Jolteon|53/100
|
|-weather|SunnyDay|[upkeep]
|upkeep
|turn|20
|j| cnino
|
|t:|1637411455
|switch|p1a: Frosmoth|Frosmoth, M|51/100 par
|move|p2a: Jolteon|Weather Ball|p1a: Frosmoth
|-supereffective|p1a: Frosmoth
|-damage|p1a: Frosmoth|0 fnt
|faint|p1a: Frosmoth
|
|-weather|SunnyDay|[upkeep]
|upkeep
|
|t:|1637411458
|switch|p1a: Flapple|Flapple, F|81/100 par
|turn|21
|
|t:|1637411466
|move|p1a: Flapple|Sucker Punch|p2a: Jolteon
|-damage|p2a: Jolteon|0 fnt
|faint|p2a: Jolteon
|-damage|p1a: Flapple|71/100 par|[from] item: Life Orb
|
|-weather|SunnyDay|[upkeep]
|upkeep
|
|t:|1637411469
|switch|p2a: Shiftry|Shiftry, M|48/100
|turn|22
|
|t:|1637411474
|move|p2a: Shiftry|Swords Dance|p2a: Shiftry
|-boost|p2a: Shiftry|atk|2
|move|p1a: Flapple|Draco Meteor|p2a: Shiftry
|-damage|p2a: Shiftry|0 fnt
|-unboost|p1a: Flapple|spa|2
|faint|p2a: Shiftry
|-damage|p1a: Flapple|61/100 par|[from] item: Life Orb
|
|win|one of the bouys
|raw|one of the bouys's rating: 1616 &rarr; <strong>1623</strong><br />(+7 for winning)
|raw|MobOfTheDead18's rating: 1350 &rarr; <strong>1343</strong><br />(-7 for losing)
|c|☆one of the bouys|gg
|c|☆MobOfTheDead18|gg
|l|☆MobOfTheDead18
