|j|☆Twact
|j|☆yassy slay
|t:|1666520838
|gametype|singles
|player|p1|Twact|caitlin|1368
|player|p2|yassy slay|clown|1669
|teamsize|p1|6
|teamsize|p2|6
|gen|8
|tier|[Gen 8] PU
|rated|
|rule|Sleep Clause Mod: Limit one foe put to sleep
|rule|Species Clause: Limit one of each Pokémon
|rule|OHKO Clause: OHKO moves are banned
|rule|Evasion Items Clause: Evasion items are banned
|rule|Evasion Moves Clause: Evasion moves are banned
|rule|Endless Battle Clause: Forcing endless battles is banned
|rule|HP Percentage Mod: HP is shown in percentages
|rule|Dynamax Clause: You cannot dynamax
|clearpoke
|poke|p1|Gigalith, F|
|poke|p1|Silvally-*|
|poke|p1|Charizard, F|
|poke|p1|Eldegoss, M|
|poke|p1|Vikavolt, F|
|poke|p1|Absol, F|
|poke|p2|Lunatone|
|poke|p2|Gourgeist-*, F|
|poke|p2|Comfey, F|
|poke|p2|Wishiwashi, M|
|poke|p2|Rotom-Frost|
|poke|p2|Stunfisk-Galar, M|
|teampreview
|inactive|Battle timer is ON: inactive players will automatically lose when time's up. (requested by Twact)
|j| Arun Kapil
|inactive|Twact has 120 seconds left.
|
|t:|1666520870
|start
|switch|p1a: Absol|Absol, F|100/100
|switch|p2a: Stunfisk|Stunfisk-Galar, M|100/100
|turn|1
|l| Arun Kapil
|
|t:|1666520885
|switch|p2a: Comfey|Comfey, F|100/100
|move|p1a: Absol|Knock Off|p2a: Comfey
|-resisted|p2a: Comfey
|-damage|p2a: Comfey|55/100
|-enditem|p2a: Comfey|Life Orb|[from] move: Knock Off|[of] p1a: Absol
|
|upkeep
|turn|2
|
|t:|1666520897
|switch|p1a: Silvally|Silvally-Steel|100/100
|switch|p2a: Wishiwashi|Wishiwashi, M|100/100
|-formechange|p2a: Wishiwashi|Wishiwashi-School||[from] ability: Schooling
|
|upkeep
|turn|3
|
|t:|1666520901
|move|p1a: Silvally|Parting Shot|p2a: Wishiwashi
|-unboost|p2a: Wishiwashi|atk|1
|-unboost|p2a: Wishiwashi|spa|1
|
|t:|1666520907
|switch|p1a: Vikavolt|Vikavolt, F|100/100|[from]move: Parting Shot
|move|p2a: Wishiwashi|U-turn|p1a: Vikavolt
|-damage|p1a: Vikavolt|82/100
|
|t:|1666520910
|switch|p2a: Stunfisk|Stunfisk-Galar, M|100/100|[from]move: U-turn
|
|upkeep
|turn|4
|
|t:|1666520917
|move|p1a: Vikavolt|Sticky Web|p2a: Stunfisk
|-sidestart|p2: yassy slay|move: Sticky Web
|move|p2a: Stunfisk|Stealth Rock|p1a: Vikavolt
|-sidestart|p1: Twact|move: Stealth Rock
|
|upkeep
|turn|5
|
|t:|1666520924
|switch|p1a: Eldegoss|Eldegoss, M|100/100
|move|p2a: Stunfisk|Yawn|p1a: Eldegoss
|-start|p1a: Eldegoss|move: Yawn|[of] p2a: Stunfisk
|
|upkeep
|turn|6
|
|t:|1666520928
|switch|p1a: Absol|Absol, F|100/100
|-damage|p1a: Absol|88/100|[from] Stealth Rock
|move|p2a: Stunfisk|Snap Trap|p1a: Absol
|-damage|p1a: Absol|71/100
|-activate|p1a: Absol|move: Snap Trap|[of] p2a: Stunfisk
|
|-damage|p1a: Absol|59/100|[from] move: Snap Trap|[partiallytrapped]
|upkeep
|turn|7
|inactive|Twact has 120 seconds left.
|
|t:|1666520969
|switch|p2a: Comfey|Comfey, F|55/100
|-activate|p2a: Comfey|move: Sticky Web
|-unboost|p2a: Comfey|spe|1
|move|p1a: Absol|Close Combat|p2a: Comfey
|-resisted|p2a: Comfey
|-damage|p2a: Comfey|18/100
|-unboost|p1a: Absol|def|1
|-unboost|p1a: Absol|spd|1
|
|-end|p1a: Absol|Snap Trap|[partiallytrapped]|[silent]
|upkeep
|turn|8
|
|t:|1666520992
|switch|p1a: Silvally|Silvally-Steel|100/100
|-damage|p1a: Silvally|94/100|[from] Stealth Rock
|switch|p2a: Gourgeist|Gourgeist-Super, F|100/100
|-activate|p2a: Gourgeist|move: Sticky Web
|-unboost|p2a: Gourgeist|spe|1
|-item|p1a: Silvally|Steel Memory|[from] ability: Frisk|[of] p2a: Gourgeist|[identify]
|
|upkeep
|turn|9
|
|t:|1666521001
|move|p1a: Silvally|Parting Shot|p2a: Gourgeist
|-unboost|p2a: Gourgeist|atk|1
|-unboost|p2a: Gourgeist|spa|1
|
|t:|1666521010
|switch|p1a: Charizard|Charizard, F|100/100|[from]move: Parting Shot
|move|p2a: Gourgeist|Poltergeist|p1a: Charizard
|-activate|p1a: Charizard|move: Poltergeist|Heavy-Duty Boots
|-damage|p1a: Charizard|51/100
|
|upkeep
|turn|10
|
|t:|1666521021
|switch|p2a: Lunatone|Lunatone|100/100
|move|p1a: Charizard|Toxic|p2a: Lunatone
|-status|p2a: Lunatone|tox
|
|-damage|p2a: Lunatone|94/100 tox|[from] psn
|upkeep
|turn|11
|
|t:|1666521032
|switch|p1a: Silvally|Silvally-Steel|94/100
|-damage|p1a: Silvally|88/100|[from] Stealth Rock
|move|p2a: Lunatone|Power Gem|p1a: Silvally
|-resisted|p1a: Silvally
|-damage|p1a: Silvally|75/100
|
|-damage|p2a: Lunatone|82/100 tox|[from] psn
|upkeep
|turn|12
|
|t:|1666521042
|move|p1a: Silvally|Parting Shot|p2a: Lunatone
|-unboost|p2a: Lunatone|atk|1
|-unboost|p2a: Lunatone|spa|1
|
|t:|1666521053
|switch|p1a: Eldegoss|Eldegoss, M|100/100|[from]move: Parting Shot
|move|p2a: Lunatone|Earth Power|p1a: Eldegoss
|-resisted|p1a: Eldegoss
|-damage|p1a: Eldegoss|93/100
|
|-damage|p2a: Lunatone|64/100 tox|[from] psn
|upkeep
|turn|13
|
|t:|1666521058
|switch|p2a: Gourgeist|Gourgeist-Super, F|100/100
|-activate|p2a: Gourgeist|move: Sticky Web
|-unboost|p2a: Gourgeist|spe|1
|-item|p1a: Eldegoss|Heavy-Duty Boots|[from] ability: Frisk|[of] p2a: Gourgeist|[identify]
|switch|p1a: Absol|Absol, F|59/100
|-damage|p1a: Absol|47/100|[from] Stealth Rock
|
|upkeep
|turn|14
|
|t:|1666521070
|switch|p2a: Comfey|Comfey, F|18/100
|-activate|p2a: Comfey|move: Sticky Web
|-unboost|p2a: Comfey|spe|1
|move|p1a: Absol|Knock Off|p2a: Comfey
|-resisted|p2a: Comfey
|-damage|p2a: Comfey|0 fnt
|faint|p2a: Comfey
|
|upkeep
|
|t:|1666521072
|switch|p2a: Rotom|Rotom-Frost|100/100
|turn|15
|inactive|Twact has 120 seconds left.
|
|t:|1666521080
|switch|p1a: Gigalith|Gigalith, F|100/100
|-damage|p1a: Gigalith|88/100|[from] Stealth Rock
|-weather|Sandstorm|[from] ability: Sand Stream|[of] p1a: Gigalith
|move|p2a: Rotom|Volt Switch|p1a: Gigalith
|-damage|p1a: Gigalith|73/100
|
|t:|1666521087
|switch|p2a: Gourgeist|Gourgeist-Super, F|100/100|[from]move: Volt Switch
|-activate|p2a: Gourgeist|move: Sticky Web
|-unboost|p2a: Gourgeist|spe|1
|-item|p1a: Gigalith|Leftovers|[from] ability: Frisk|[of] p2a: Gourgeist|[identify]
|
|-weather|Sandstorm|[upkeep]
|-damage|p2a: Gourgeist|94/100|[from] Sandstorm
|-heal|p1a: Gigalith|80/100|[from] item: Leftovers
|upkeep
|turn|16
|
|t:|1666521092
|move|p1a: Gigalith|Protect|p1a: Gigalith
|-singleturn|p1a: Gigalith|Protect
|move|p2a: Gourgeist|Poltergeist|p1a: Gigalith
|-activate|p1a: Gigalith|move: Protect
|
|-weather|Sandstorm|[upkeep]
|-damage|p2a: Gourgeist|88/100|[from] Sandstorm
|-heal|p1a: Gigalith|86/100|[from] item: Leftovers
|upkeep
|turn|17
|
|t:|1666521109
|move|p2a: Gourgeist|Power Whip|p1a: Gigalith
|-supereffective|p1a: Gigalith
|-damage|p1a: Gigalith|7/100
|move|p1a: Gigalith|Stealth Rock|p2a: Gourgeist
|-sidestart|p2: yassy slay|move: Stealth Rock
|
|-weather|Sandstorm|[upkeep]
|-damage|p2a: Gourgeist|82/100|[from] Sandstorm
|-heal|p1a: Gigalith|13/100|[from] item: Leftovers
|upkeep
|turn|18
|
|t:|1666521114
|move|p1a: Gigalith|Protect|p1a: Gigalith
|-singleturn|p1a: Gigalith|Protect
|move|p2a: Gourgeist|Shadow Sneak|p1a: Gigalith
|-activate|p1a: Gigalith|move: Protect
|
|-weather|Sandstorm|[upkeep]
|-damage|p2a: Gourgeist|76/100|[from] Sandstorm
|-heal|p1a: Gigalith|19/100|[from] item: Leftovers
|upkeep
|turn|19
|inactive|Twact has 120 seconds left.
|
|t:|1666521156
|move|p2a: Gourgeist|Poltergeist|p1a: Gigalith
|-activate|p1a: Gigalith|move: Poltergeist|Leftovers
|-damage|p1a: Gigalith|0 fnt
|faint|p1a: Gigalith
|
|-weather|none
|upkeep
|
|t:|1666521158
|switch|p1a: Absol|Absol, F|47/100
|-damage|p1a: Absol|35/100|[from] Stealth Rock
|turn|20
|
|t:|1666521175
|switch|p2a: Wishiwashi|Wishiwashi, M|100/100
|-activate|p2a: Wishiwashi|move: Sticky Web
|-unboost|p2a: Wishiwashi|spe|1
|-damage|p2a: Wishiwashi|88/100|[from] Stealth Rock
|-formechange|p2a: Wishiwashi|Wishiwashi-School||[from] ability: Schooling
|move|p1a: Absol|Knock Off|p2a: Wishiwashi
|-damage|p2a: Wishiwashi|38/100
|-enditem|p2a: Wishiwashi|Leftovers|[from] move: Knock Off|[of] p1a: Absol
|
|upkeep
|turn|21
|inactive|Twact has 120 seconds left.
|inactive|Twact has 90 seconds left.
|inactive|Twact has 60 seconds left.
|
|t:|1666521257
|switch|p1a: Vikavolt|Vikavolt, F|82/100
|move|p2a: Wishiwashi|Rest|p2a: Wishiwashi
|-status|p2a: Wishiwashi|slp|[from] move: Rest
|-heal|p2a: Wishiwashi|100/100 slp|[silent]
|
|upkeep
|turn|22
|
|t:|1666521266
|switch|p2a: Stunfisk|Stunfisk-Galar, M|100/100
|-activate|p2a: Stunfisk|move: Sticky Web
|-unboost|p2a: Stunfisk|spe|1
|-damage|p2a: Stunfisk|97/100|[from] Stealth Rock
|move|p1a: Vikavolt|Bug Buzz|p2a: Stunfisk
|-resisted|p2a: Stunfisk
|-damage|p2a: Stunfisk|70/100
|
|-heal|p2a: Stunfisk|77/100|[from] item: Leftovers
|upkeep
|turn|23
|
|t:|1666521271
|switch|p1a: Eldegoss|Eldegoss, M|100/100
|move|p2a: Stunfisk|Snap Trap|p1a: Eldegoss
|-resisted|p1a: Eldegoss
|-damage|p1a: Eldegoss|97/100
|-activate|p1a: Eldegoss|move: Snap Trap|[of] p2a: Stunfisk
|
|-heal|p2a: Stunfisk|83/100|[from] item: Leftovers
|-damage|p1a: Eldegoss|85/100|[from] move: Snap Trap|[partiallytrapped]
|upkeep
|turn|24
|
|t:|1666521278
|switch|p2a: Gourgeist|Gourgeist-Super, F|76/100
|-activate|p2a: Gourgeist|move: Sticky Web
|-unboost|p2a: Gourgeist|spe|1
|-damage|p2a: Gourgeist|63/100|[from] Stealth Rock
|-item|p1a: Eldegoss|Heavy-Duty Boots|[from] ability: Frisk|[of] p2a: Gourgeist|[identify]
|move|p1a: Eldegoss|Sleep Powder|p2a: Gourgeist
|-immune|p2a: Gourgeist
|
|-end|p1a: Eldegoss|Snap Trap|[partiallytrapped]|[silent]
|upkeep
|turn|25
|inactive|Twact has 60 seconds left.
|
|t:|1666521317
|switch|p1a: Vikavolt|Vikavolt, F|82/100
|move|p2a: Gourgeist|Poltergeist|p1a: Vikavolt
|-activate|p1a: Vikavolt|move: Poltergeist|Heavy-Duty Boots
|-damage|p1a: Vikavolt|19/100
|
|upkeep
|turn|26
|
|t:|1666521324
|move|p2a: Gourgeist|Shadow Sneak|p1a: Vikavolt
|-damage|p1a: Vikavolt|0 fnt
|faint|p1a: Vikavolt
|
|upkeep
|
|t:|1666521327
|switch|p1a: Absol|Absol, F|35/100
|-damage|p1a: Absol|23/100|[from] Stealth Rock
|turn|27
|inactive|Twact has 60 seconds left.
|
|t:|1666521369
|switch|p2a: Stunfisk|Stunfisk-Galar, M|83/100
|-activate|p2a: Stunfisk|move: Sticky Web
|-unboost|p2a: Stunfisk|spe|1
|-damage|p2a: Stunfisk|80/100|[from] Stealth Rock
|move|p1a: Absol|Sucker Punch||[still]
|-fail|p1a: Absol
|
|-heal|p2a: Stunfisk|86/100|[from] item: Leftovers
|upkeep
|turn|28
|
|t:|1666521377
|switch|p1a: Charizard|Charizard, F|51/100
|move|p2a: Stunfisk|Snap Trap|p1a: Charizard
|-resisted|p1a: Charizard
|-damage|p1a: Charizard|48/100
|-activate|p1a: Charizard|move: Snap Trap|[of] p2a: Stunfisk
|
|-heal|p2a: Stunfisk|92/100|[from] item: Leftovers
|-damage|p1a: Charizard|35/100|[from] move: Snap Trap|[partiallytrapped]
|upkeep
|turn|29
|
|t:|1666521383
|move|p1a: Charizard|Roost|p1a: Charizard
|-heal|p1a: Charizard|85/100
|-singleturn|p1a: Charizard|move: Roost
|move|p2a: Stunfisk|Yawn|p1a: Charizard
|-start|p1a: Charizard|move: Yawn|[of] p2a: Stunfisk
|
|-heal|p2a: Stunfisk|98/100|[from] item: Leftovers
|-damage|p1a: Charizard|73/100|[from] move: Snap Trap|[partiallytrapped]
|upkeep
|turn|30
|
|t:|1666521400
|switch|p2a: Wishiwashi|Wishiwashi, M|100/100 slp
|-activate|p2a: Wishiwashi|move: Sticky Web
|-unboost|p2a: Wishiwashi|spe|1
|-damage|p2a: Wishiwashi|88/100 slp|[from] Stealth Rock
|-formechange|p2a: Wishiwashi|Wishiwashi-School||[from] ability: Schooling
|move|p1a: Charizard|Fire Blast|p2a: Wishiwashi
|-resisted|p2a: Wishiwashi
|-damage|p2a: Wishiwashi|67/100 slp
|
|-end|p1a: Charizard|Snap Trap|[partiallytrapped]|[silent]
|-end|p1a: Charizard|move: Yawn|[silent]
|-status|p1a: Charizard|slp
|upkeep
|turn|31
|
|t:|1666521406
|switch|p1a: Eldegoss|Eldegoss, M|100/100
|cant|p2a: Wishiwashi|slp
|move|p2a: Wishiwashi|Sleep Talk|p2a: Wishiwashi
|move|p2a: Wishiwashi|Scald|p1a: Eldegoss|[from]move: Sleep Talk
|-resisted|p1a: Eldegoss
|-damage|p1a: Eldegoss|84/100
|
|upkeep
|turn|32
|
|t:|1666521415
|switch|p1a: Absol|Absol, F|23/100
|-damage|p1a: Absol|10/100|[from] Stealth Rock
|switch|p2a: Rotom|Rotom-Frost|100/100
|
|upkeep
|turn|33
|inactive|Twact has 60 seconds left.
|
|t:|1666521426
|move|p2a: Rotom|Volt Switch|p1a: Absol
|-damage|p1a: Absol|0 fnt
|faint|p1a: Absol
|-message|Twact forfeited.
|
|win|yassy slay
|raw|Twact's rating: 1368 &rarr; <strong>1362</strong><br />(-6 for losing)
|raw|yassy slay's rating: 1669 &rarr; <strong>1675</strong><br />(+6 for winning)
|l|☆Twact
