|j|☆Yrrol
|j|☆cafay sukray
|t:|1650310640
|gametype|singles
|player|p1|Yrrol|102|1301
|player|p2|cafay sukray|swimmer-gen4dp|1543
|teamsize|p1|6
|teamsize|p2|6
|gen|8
|tier|[Gen 8] PU
|rated|
|rule|Sleep Clause Mod: Limit one foe put to sleep
|rule|Species Clause: Limit one of each Pokémon
|rule|OHKO Clause: OHKO moves are banned
|rule|Evasion Moves Clause: Evasion moves are banned
|rule|Endless Battle Clause: Forcing endless battles is banned
|rule|HP Percentage Mod: HP is shown in percentages
|rule|Dynamax Clause: You cannot dynamax
|clearpoke
|poke|p1|Cofagrigus, M|
|poke|p1|Weezing, F|
|poke|p1|Ninjask, M|
|poke|p1|Cryogonal|
|poke|p1|Wigglytuff, F|
|poke|p1|Scrafty, F|
|poke|p2|Sableye, F|
|poke|p2|Poliwrath, M|
|poke|p2|Sandaconda, F|
|poke|p2|Lanturn, F|
|poke|p2|Togedemaru, M|
|poke|p2|Charizard, M|
|teampreview
|
|t:|1650310676
|start
|switch|p1a: Weezing|Weezing, F|100/100
|switch|p2a: Togedemaru|Togedemaru, M|100/100
|turn|1
|
|t:|1650310693
|switch|p2a: Sandaconda|Sandaconda, F|100/100
|move|p1a: Weezing|Toxic Spikes|p2a: Sandaconda
|-sidestart|p2: cafay sukray|move: Toxic Spikes
|
|upkeep
|turn|2
|j| jaytop31
|
|t:|1650310701
|switch|p2a: Sableye|Sableye, F|100/100
|-status|p2a: Sableye|psn
|move|p1a: Weezing|Toxic Spikes|p2a: Sableye
|-sidestart|p2: cafay sukray|move: Toxic Spikes
|
|-damage|p2a: Sableye|88/100 psn|[from] psn
|upkeep
|turn|3
|
|t:|1650310711
|switch|p1a: Wigglytuff|Wigglytuff, F|100/100
|-item|p2a: Sableye|Rocky Helmet|[from] ability: Frisk|[of] p1a: Wigglytuff|[identify]
|switch|p2a: Sandaconda|Sandaconda, F|100/100
|-status|p2a: Sandaconda|tox
|
|-activate|p2a: Sandaconda|ability: Shed Skin
|-curestatus|p2a: Sandaconda|tox|[msg]
|upkeep
|turn|4
|
|t:|1650310719
|move|p2a: Sandaconda|Stealth Rock|p1a: Wigglytuff
|-sidestart|p1: Yrrol|move: Stealth Rock
|move|p1a: Wigglytuff|Teleport|p1a: Wigglytuff
|
|t:|1650310733
|switch|p1a: Cryogonal|Cryogonal|100/100|[from]move: Teleport
|
|upkeep
|turn|5
|
|t:|1650310741
|move|p1a: Cryogonal|Freeze-Dry|p2a: Sandaconda
|-supereffective|p2a: Sandaconda
|-damage|p2a: Sandaconda|38/100
|move|p2a: Sandaconda|Stone Edge|p1a: Cryogonal
|-supereffective|p1a: Cryogonal
|-damage|p1a: Cryogonal|25/100
|
|-heal|p2a: Sandaconda|44/100|[from] item: Leftovers
|upkeep
|turn|6
|
|t:|1650310754
|switch|p2a: Charizard|Charizard, M|100/100
|move|p1a: Cryogonal|Freeze-Dry|p2a: Charizard
|-damage|p2a: Charizard|67/100
|
|upkeep
|turn|7
|
|t:|1650310762
|switch|p1a: Wigglytuff|Wigglytuff, F|100/100
|-damage|p1a: Wigglytuff|88/100|[from] Stealth Rock
|-item|p2a: Charizard|Heavy-Duty Boots|[from] ability: Frisk|[of] p1a: Wigglytuff|[identify]
|move|p2a: Charizard|Flamethrower|p1a: Wigglytuff
|-damage|p1a: Wigglytuff|58/100
|
|-heal|p1a: Wigglytuff|64/100|[from] item: Leftovers
|upkeep
|turn|8
|
|t:|1650310767
|switch|p2a: Togedemaru|Togedemaru, M|100/100
|move|p1a: Wigglytuff|Wish|p1a: Wigglytuff
|
|-heal|p1a: Wigglytuff|70/100|[from] item: Leftovers
|upkeep
|turn|9
|
|t:|1650310781
|switch|p1a: Cofagrigus|Cofagrigus, M|100/100
|-damage|p1a: Cofagrigus|88/100|[from] Stealth Rock
|move|p2a: Togedemaru|Wish|p2a: Togedemaru
|
|-heal|p1a: Cofagrigus|100/100|[from] move: Wish|[wisher] Wigglytuff
|upkeep
|turn|10
|
|t:|1650310791
|switch|p2a: Charizard|Charizard, M|67/100
|move|p1a: Cofagrigus|Iron Defense|p1a: Cofagrigus
|-boost|p1a: Cofagrigus|def|2
|
|-heal|p2a: Charizard|100/100|[from] move: Wish|[wisher] Togedemaru
|upkeep
|turn|11
|
|t:|1650310799
|move|p2a: Charizard|Flamethrower|p1a: Cofagrigus
|-damage|p1a: Cofagrigus|58/100
|move|p1a: Cofagrigus|Calm Mind|p1a: Cofagrigus
|-boost|p1a: Cofagrigus|spa|1
|-boost|p1a: Cofagrigus|spd|1
|
|-heal|p1a: Cofagrigus|64/100|[from] item: Leftovers
|upkeep
|turn|12
|
|t:|1650310811
|switch|p2a: Sableye|Sableye, F|88/100 psn
|move|p1a: Cofagrigus|Shadow Ball|p2a: Sableye
|-damage|p2a: Sableye|6/100 psn
|
|-heal|p1a: Cofagrigus|70/100|[from] item: Leftovers
|-damage|p2a: Sableye|0 fnt|[from] psn
|faint|p2a: Sableye
|upkeep
|c|☆cafay sukray|welp I lose
|
|t:|1650310823
|switch|p2a: Charizard|Charizard, M|100/100
|turn|13
|
|t:|1650310825
|move|p2a: Charizard|Hurricane|p1a: Cofagrigus|[miss]
|-miss|p2a: Charizard|p1a: Cofagrigus
|move|p1a: Cofagrigus|Shadow Ball|p2a: Charizard
|-damage|p2a: Charizard|30/100
|
|-heal|p1a: Cofagrigus|77/100|[from] item: Leftovers
|upkeep
|turn|14
|
|t:|1650310828
|move|p2a: Charizard|Flamethrower|p1a: Cofagrigus
|-damage|p1a: Cofagrigus|38/100
|move|p1a: Cofagrigus|Shadow Ball|p2a: Charizard
|-damage|p2a: Charizard|0 fnt
|faint|p2a: Charizard
|
|-heal|p1a: Cofagrigus|44/100|[from] item: Leftovers
|upkeep
|
|t:|1650310832
|switch|p2a: Togedemaru|Togedemaru, M|100/100
|turn|15
|
|t:|1650310837
|move|p2a: Togedemaru|Iron Head|p1a: Cofagrigus
|-damage|p1a: Cofagrigus|35/100
|-activate|p1a: Cofagrigus|ability: Mummy|Iron Barbs|[of] p2a: Togedemaru
|move|p1a: Cofagrigus|Body Press|p2a: Togedemaru
|-supereffective|p2a: Togedemaru
|-damage|p2a: Togedemaru|0 fnt
|faint|p2a: Togedemaru
|
|-heal|p1a: Cofagrigus|41/100|[from] item: Leftovers
|upkeep
|
|t:|1650310840
|switch|p2a: Lanturn|Lanturn, F|100/100
|-status|p2a: Lanturn|tox
|turn|16
|
|t:|1650310848
|move|p2a: Lanturn|Scald|p1a: Cofagrigus
|-damage|p1a: Cofagrigus|22/100
|-status|p1a: Cofagrigus|brn
|move|p1a: Cofagrigus|Body Press|p2a: Lanturn
|-damage|p2a: Lanturn|64/100 tox
|
|-heal|p2a: Lanturn|71/100 tox|[from] item: Leftovers
|-heal|p1a: Cofagrigus|28/100 brn|[from] item: Leftovers
|-damage|p2a: Lanturn|64/100 tox|[from] psn
|-damage|p1a: Cofagrigus|22/100 brn|[from] brn
|upkeep
|turn|17
|
|t:|1650310854
|move|p2a: Lanturn|Scald|p1a: Cofagrigus
|-damage|p1a: Cofagrigus|3/100 brn
|move|p1a: Cofagrigus|Shadow Ball|p2a: Lanturn
|-damage|p2a: Lanturn|31/100 tox
|
|-heal|p2a: Lanturn|37/100 tox|[from] item: Leftovers
|-heal|p1a: Cofagrigus|9/100 brn|[from] item: Leftovers
|-damage|p2a: Lanturn|24/100 tox|[from] psn
|-damage|p1a: Cofagrigus|3/100 brn|[from] brn
|upkeep
|turn|18
|
|t:|1650310856
|move|p2a: Lanturn|Scald|p1a: Cofagrigus
|-damage|p1a: Cofagrigus|0 fnt
|faint|p1a: Cofagrigus
|
|-heal|p2a: Lanturn|31/100 tox|[from] item: Leftovers
|-damage|p2a: Lanturn|12/100 tox|[from] psn
|upkeep
|
|t:|1650310863
|switch|p1a: Cryogonal|Cryogonal|25/100
|turn|19
|-message|cafay sukray forfeited.
|
|win|Yrrol
|raw|Yrrol's rating: 1312 &rarr; <strong>1344</strong><br />(+32 for winning)
|raw|cafay sukray's rating: 1543 &rarr; <strong>1511</strong><br />(-32 for losing)
|l|☆cafay sukray
|l| jaytop31
||Ladder isn't responding, score probably updated but might not have (Request timeout).
