|j|☆eighteenPancakes
|j|☆Bigkevinm84
|t:|1623398076
|gametype|singles
|player|p1|eighteenPancakes|boarder|1267
|player|p2|Bigkevinm84|acetrainer-gen4dp|1440
|teamsize|p1|6
|teamsize|p2|6
|gen|8
|tier|[Gen 8] PU
|rated|
|rule|Sleep Clause Mod: Limit one foe put to sleep
|rule|Species Clause: Limit one of each Pokémon
|rule|OHKO Clause: OHKO moves are banned
|rule|Evasion Moves Clause: Evasion moves are banned
|rule|Endless Battle Clause: Forcing endless battles is banned
|rule|HP Percentage Mod: HP is shown in percentages
|rule|Dynamax Clause: You cannot dynamax
|clearpoke
|poke|p1|Gigalith, F|
|poke|p1|Guzzlord|
|poke|p1|Lycanroc, M|
|poke|p1|Lurantis, M|
|poke|p1|Palossand, F|
|poke|p1|Altaria, F|
|poke|p2|Togedemaru, L1, M|
|poke|p2|Gigalith, M|
|poke|p2|Sandslash, M|
|poke|p2|Qwilfish, M|
|poke|p2|Silvally-*|
|poke|p2|Exeggutor-Alola, F|
|teampreview
|c|☆eighteenPancakes|gl hf
|
|t:|1623398089
|start
|switch|p1a: Gigalith|Gigalith, F, shiny|100/100
|switch|p2a: Purple Majesty|Gigalith, M, shiny|100/100
|-weather|Sandstorm|[from] ability: Sand Stream|[of] p1a: Gigalith
|turn|1
|inactive|Battle timer is ON: inactive players will automatically lose when time's up. (requested by Bigkevinm84)
|
|t:|1623398099
|move|p1a: Gigalith|Toxic|p2a: Purple Majesty|[miss]
|-miss|p1a: Gigalith|p2a: Purple Majesty
|move|p2a: Purple Majesty|Toxic|p1a: Gigalith
|-status|p1a: Gigalith|tox
|
|-weather|Sandstorm|[upkeep]
|-damage|p1a: Gigalith|94/100 tox|[from] psn
|upkeep
|turn|2
|
|t:|1623398106
|move|p1a: Gigalith|Stealth Rock|p2a: Purple Majesty
|-sidestart|p2: Bigkevinm84|move: Stealth Rock
|move|p2a: Purple Majesty|Stealth Rock|p1a: Gigalith
|-sidestart|p1: eighteenPancakes|move: Stealth Rock
|
|-weather|Sandstorm|[upkeep]
|-heal|p1a: Gigalith|100/100 tox|[from] item: Leftovers
|-damage|p1a: Gigalith|88/100 tox|[from] psn
|upkeep
|turn|3
|
|t:|1623398116
|switch|p1a: Lurantis|Lurantis, M, shiny|100/100
|-damage|p1a: Lurantis|88/100|[from] Stealth Rock
|switch|p2a: Squilly|Qwilfish, M|100/100
|-damage|p2a: Squilly|88/100|[from] Stealth Rock
|-ability|p2a: Squilly|Intimidate|boost
|-boost|p1a: Lurantis|atk|1
|
|-weather|Sandstorm|[upkeep]
|-damage|p2a: Squilly|82/100|[from] Sandstorm
|-damage|p1a: Lurantis|82/100|[from] Sandstorm
|-heal|p2a: Squilly|88/100|[from] item: Black Sludge
|-heal|p1a: Lurantis|88/100|[from] item: Leftovers
|upkeep
|turn|4
|
|t:|1623398131
|move|p2a: Squilly|Poison Jab|p1a: Lurantis
|-supereffective|p1a: Lurantis
|-damage|p1a: Lurantis|34/100
|-status|p1a: Lurantis|psn
|move|p1a: Lurantis|Leaf Storm|p2a: Squilly
|-damage|p2a: Squilly|22/100
|-boost|p1a: Lurantis|spa|2
|
|-weather|Sandstorm|[upkeep]
|-damage|p2a: Squilly|16/100|[from] Sandstorm
|-damage|p1a: Lurantis|28/100 psn|[from] Sandstorm
|-heal|p2a: Squilly|22/100|[from] item: Black Sludge
|-heal|p1a: Lurantis|34/100 psn|[from] item: Leftovers
|-damage|p1a: Lurantis|22/100 psn|[from] psn
|upkeep
|turn|5
|
|t:|1623398144
|switch|p1a: Palossand|Palossand, F, shiny|100/100
|-damage|p1a: Palossand|94/100|[from] Stealth Rock
|move|p2a: Squilly|Poison Jab|p1a: Palossand
|-resisted|p1a: Palossand
|-damage|p1a: Palossand|91/100
|
|-weather|none
|-heal|p2a: Squilly|28/100|[from] item: Black Sludge
|upkeep
|turn|6
|
|t:|1623398154
|switch|p2a: Long Girl|Exeggutor-Alola, F|100/100
|-damage|p2a: Long Girl|88/100|[from] Stealth Rock
|move|p1a: Palossand|Shadow Ball|p2a: Long Girl
|-damage|p2a: Long Girl|57/100
|
|upkeep
|turn|7
|
|t:|1623398163
|switch|p1a: Guzzlord|Guzzlord|100/100
|-damage|p1a: Guzzlord|88/100|[from] Stealth Rock
|move|p2a: Long Girl|Substitute|p2a: Long Girl
|-start|p2a: Long Girl|Substitute
|-damage|p2a: Long Girl|32/100
|-enditem|p2a: Long Girl|Sitrus Berry|[eat]
|-heal|p2a: Long Girl|57/100|[from] item: Sitrus Berry
|
|-heal|p1a: Guzzlord|94/100|[from] item: Leftovers
|upkeep
|turn|8
|
|t:|1623398174
|move|p1a: Guzzlord|Knock Off|p2a: Long Girl
|-activate|p2a: Long Girl|move: Substitute|[damage]
|move|p2a: Long Girl|Dragon Tail|p1a: Guzzlord
|-supereffective|p1a: Guzzlord
|-damage|p1a: Guzzlord|65/100
|drag|p1a: Palossand|Palossand, F, shiny|91/100
|-damage|p1a: Palossand|84/100|[from] Stealth Rock
|
|upkeep
|turn|9
|
|t:|1623398183
|move|p2a: Long Girl|Knock Off|p1a: Palossand
|-supereffective|p1a: Palossand
|-enditem|p1a: Palossand|Colbur Berry|[eat]
|-enditem|p1a: Palossand|Colbur Berry|[weaken]
|-damage|p1a: Palossand|70/100
|move|p1a: Palossand|Shadow Ball|p2a: Long Girl
|-end|p2a: Long Girl|Substitute
|
|upkeep
|turn|10
|
|t:|1623398194
|move|p2a: Long Girl|Substitute|p2a: Long Girl
|-start|p2a: Long Girl|Substitute
|-damage|p2a: Long Girl|32/100
|move|p1a: Palossand|Shadow Ball|p2a: Long Girl
|-end|p2a: Long Girl|Substitute
|
|-item|p2a: Long Girl|Sitrus Berry|[from] ability: Harvest
|upkeep
|-enditem|p2a: Long Girl|Sitrus Berry|[eat]
|-heal|p2a: Long Girl|57/100|[from] item: Sitrus Berry
|turn|11
|
|t:|1623398203
|move|p2a: Long Girl|Substitute|p2a: Long Girl
|-start|p2a: Long Girl|Substitute
|-damage|p2a: Long Girl|32/100
|move|p1a: Palossand|Shadow Ball|p2a: Long Girl
|-end|p2a: Long Girl|Substitute
|
|-item|p2a: Long Girl|Sitrus Berry|[from] ability: Harvest
|upkeep
|-enditem|p2a: Long Girl|Sitrus Berry|[eat]
|-heal|p2a: Long Girl|57/100|[from] item: Sitrus Berry
|turn|12
|
|t:|1623398213
|move|p2a: Long Girl|Giga Drain|p1a: Palossand
|-supereffective|p1a: Palossand
|-damage|p1a: Palossand|0 fnt
|-heal|p2a: Long Girl|91/100|[from] drain|[of] p1a: Palossand
|faint|p1a: Palossand
|
|-item|p2a: Long Girl|Sitrus Berry|[from] ability: Harvest
|upkeep
|
|t:|1623398224
|switch|p1a: Lycanroc|Lycanroc, M, shiny|100/100
|-damage|p1a: Lycanroc|88/100|[from] Stealth Rock
|turn|13
|
|t:|1623398228
|move|p1a: Lycanroc|Play Rough|p2a: Long Girl
|-supereffective|p2a: Long Girl
|-damage|p2a: Long Girl|32/100
|-enditem|p2a: Long Girl|Sitrus Berry|[eat]
|-heal|p2a: Long Girl|57/100|[from] item: Sitrus Berry
|-damage|p1a: Lycanroc|78/100|[from] item: Life Orb
|move|p2a: Long Girl|Giga Drain|p1a: Lycanroc
|-supereffective|p1a: Lycanroc
|-damage|p1a: Lycanroc|0 fnt
|-heal|p2a: Long Girl|86/100|[from] drain|[of] p1a: Lycanroc
|faint|p1a: Lycanroc
|
|-item|p2a: Long Girl|Sitrus Berry|[from] ability: Harvest
|upkeep
|
|t:|1623398240
|switch|p1a: Guzzlord|Guzzlord|65/100
|-damage|p1a: Guzzlord|52/100|[from] Stealth Rock
|turn|14
|
|t:|1623398250
|switch|p2a: Squilly|Qwilfish, M|28/100
|-damage|p2a: Squilly|15/100|[from] Stealth Rock
|-ability|p2a: Squilly|Intimidate|boost
|-unboost|p1a: Guzzlord|atk|1
|move|p1a: Guzzlord|Draco Meteor|p2a: Squilly
|-damage|p2a: Squilly|0 fnt
|-unboost|p1a: Guzzlord|spa|2
|faint|p2a: Squilly
|-ability|p1a: Guzzlord|Beast Boost|boost
|-boost|p1a: Guzzlord|atk|1
|
|-heal|p1a: Guzzlord|58/100|[from] item: Leftovers
|upkeep
|
|t:|1623398275
|switch|p2a: Baby Blue|Sandslash, M, shiny|100/100
|-damage|p2a: Baby Blue|94/100|[from] Stealth Rock
|turn|15
|
|t:|1623398295
|move|p2a: Baby Blue|Rapid Spin|p1a: Guzzlord
|-damage|p1a: Guzzlord|48/100
|-boost|p2a: Baby Blue|spe|1
|-sideend|p2: Bigkevinm84|Stealth Rock|[from] move: Rapid Spin|[of] p2a: Baby Blue
|move|p1a: Guzzlord|Knock Off|p2a: Baby Blue
|-damage|p2a: Baby Blue|56/100
|-enditem|p2a: Baby Blue|Lum Berry|[from] move: Knock Off|[of] p1a: Guzzlord
|
|-heal|p1a: Guzzlord|54/100|[from] item: Leftovers
|upkeep
|turn|16
|
|t:|1623398307
|move|p2a: Baby Blue|Swords Dance|p2a: Baby Blue
|-boost|p2a: Baby Blue|atk|2
|move|p1a: Guzzlord|Drain Punch|p2a: Baby Blue
|-damage|p2a: Baby Blue|38/100
|-heal|p1a: Guzzlord|58/100|[from] drain|[of] p2a: Baby Blue
|
|-heal|p1a: Guzzlord|65/100|[from] item: Leftovers
|upkeep
|turn|17
|
|t:|1623398316
|switch|p1a: Altaria|Altaria, F, shiny|100/100
|move|p2a: Baby Blue|Earthquake|p1a: Altaria
|-immune|p1a: Altaria
|
|upkeep
|turn|18
|
|t:|1623398322
|move|p2a: Baby Blue|Knock Off|p1a: Altaria
|-damage|p1a: Altaria|40/100
|-enditem|p1a: Altaria|Heavy-Duty Boots|[from] move: Knock Off|[of] p2a: Baby Blue
|move|p1a: Altaria|Defog|p2a: Baby Blue
|-unboost|p2a: Baby Blue|evasion|1
|-sideend|p1: eighteenPancakes|Stealth Rock|[from] move: Defog|[of] p1a: Altaria
|
|upkeep
|turn|19
|
|t:|1623398330
|move|p2a: Baby Blue|Knock Off|p1a: Altaria
|-damage|p1a: Altaria|0 fnt
|faint|p1a: Altaria
|
|upkeep
|-message|eighteenPancakes forfeited.
|
|win|Bigkevinm84
|raw|eighteenPancakes's rating: 1267 &rarr; <strong>1254</strong><br />(-13 for losing)
|raw|Bigkevinm84's rating: 1440 &rarr; <strong>1451</strong><br />(+11 for winning)
|l|☆eighteenPancakes
