|j|☆superjester5
|j|☆sassy ylay
|t:|1640191606
|gametype|singles
|player|p1|superjester5|2|1298
|player|p2|sassy ylay|clown|1563
|teamsize|p1|6
|teamsize|p2|6
|gen|8
|tier|[Gen 8] PU
|rated|
|rule|Sleep Clause Mod: Limit one foe put to sleep
|rule|Species Clause: Limit one of each Pokémon
|rule|OHKO Clause: OHKO moves are banned
|rule|Evasion Moves Clause: Evasion moves are banned
|rule|Endless Battle Clause: Forcing endless battles is banned
|rule|HP Percentage Mod: HP is shown in percentages
|rule|Dynamax Clause: You cannot dynamax
|clearpoke
|poke|p1|Drifblim, M|
|poke|p1|Rapidash, M|
|poke|p1|Druddigon, M|
|poke|p1|Skuntank, M|
|poke|p1|Tsareena, F|
|poke|p1|Froslass, F|
|poke|p2|Lunatone|
|poke|p2|Avalugg, F|
|poke|p2|Stunfisk-Galar, F|
|poke|p2|Cramorant, M|
|poke|p2|Shiinotic, F|
|poke|p2|Cinccino, F|
|teampreview
|
|t:|1640191624
|start
|switch|p1a: Druddigon|Druddigon, M|100/100
|switch|p2a: Cinccino|Cinccino, F|100/100
|turn|1
|inactive|Battle timer is ON: inactive players will automatically lose when time's up. (requested by superjester5)
|
|t:|1640191633
|switch|p2a: Shiinotic|Shiinotic, F|100/100
|move|p1a: Druddigon|Glare|p2a: Shiinotic
|-status|p2a: Shiinotic|par
|
|upkeep
|turn|2
|
|t:|1640191648
|switch|p1a: Rapidash|Rapidash, M|100/100
|cant|p2a: Shiinotic|par
|
|upkeep
|turn|3
|
|t:|1640191660
|switch|p2a: Lunatone|Lunatone|100/100
|move|p1a: Rapidash|Swords Dance|p1a: Rapidash
|-boost|p1a: Rapidash|atk|2
|
|upkeep
|turn|4
|
|t:|1640191676
|move|p1a: Rapidash|Wild Charge|p2a: Lunatone
|-damage|p2a: Lunatone|32/100
|-damage|p1a: Rapidash|77/100|[from] Recoil
|move|p2a: Lunatone|Power Gem|p1a: Rapidash
|-supereffective|p1a: Rapidash
|-damage|p1a: Rapidash|0 fnt
|faint|p1a: Rapidash
|
|-heal|p2a: Lunatone|38/100|[from] item: Leftovers
|upkeep
|
|t:|1640191687
|switch|p1a: Froslass|Froslass, F|100/100
|turn|5
|
|t:|1640191693
|switch|p2a: Avalugg|Avalugg, F|100/100
|move|p1a: Froslass|Spikes|p2a: Avalugg
|-sidestart|p2: sassy ylay|Spikes
|
|upkeep
|turn|6
|
|t:|1640191705
|move|p1a: Froslass|Thunder Wave|p2a: Avalugg
|-status|p2a: Avalugg|par
|cant|p2a: Avalugg|par
|
|upkeep
|turn|7
|
|t:|1640191711
|move|p1a: Froslass|Hex|p2a: Avalugg
|-damage|p2a: Avalugg|49/100 par
|move|p2a: Avalugg|Toxic|p1a: Froslass
|-status|p1a: Froslass|tox
|
|-damage|p1a: Froslass|94/100 tox|[from] psn
|upkeep
|turn|8
|
|t:|1640191719
|switch|p2a: Stunfisk|Stunfisk-Galar, F|100/100
|-damage|p2a: Stunfisk|88/100|[from] Spikes
|move|p1a: Froslass|Spikes|p2a: Stunfisk
|-sidestart|p2: sassy ylay|Spikes
|
|-heal|p2a: Stunfisk|94/100|[from] item: Leftovers
|-damage|p1a: Froslass|82/100 tox|[from] psn
|upkeep
|turn|9
|
|t:|1640191727
|move|p1a: Froslass|Ice Beam|p2a: Stunfisk
|-damage|p2a: Stunfisk|73/100
|move|p2a: Stunfisk|Stealth Rock|p1a: Froslass
|-sidestart|p1: superjester5|move: Stealth Rock
|
|-heal|p2a: Stunfisk|79/100|[from] item: Leftovers
|-damage|p1a: Froslass|64/100 tox|[from] psn
|upkeep
|turn|10
|
|t:|1640191741
|move|p1a: Froslass|Ice Beam|p2a: Stunfisk
|-damage|p2a: Stunfisk|56/100
|move|p2a: Stunfisk|Stone Edge|p1a: Froslass
|-supereffective|p1a: Froslass
|-damage|p1a: Froslass|4/100 tox
|
|-heal|p2a: Stunfisk|62/100|[from] item: Leftovers
|-damage|p1a: Froslass|0 fnt|[from] psn
|faint|p1a: Froslass
|upkeep
|
|t:|1640191756
|switch|p1a: Tsareena|Tsareena, F|100/100
|-damage|p1a: Tsareena|88/100|[from] Stealth Rock
|turn|11
|inactive|sassy ylay has 120 seconds left.
|
|t:|1640191789
|switch|p2a: Shiinotic|Shiinotic, F|100/100 par
|move|p1a: Tsareena|Rapid Spin|p2a: Shiinotic
|-damage|p2a: Shiinotic|85/100 par
|-boost|p1a: Tsareena|spe|1
|-sideend|p1: superjester5|Stealth Rock|[from] move: Rapid Spin|[of] p1a: Tsareena
|
|upkeep
|turn|12
|
|t:|1640191797
|move|p1a: Tsareena|Triple Axel|p2a: Shiinotic
|-supereffective|p2a: Shiinotic
|-damage|p2a: Shiinotic|72/100 par
|-supereffective|p2a: Shiinotic
|-damage|p2a: Shiinotic|44/100 par
|-supereffective|p2a: Shiinotic
|-damage|p2a: Shiinotic|8/100 par
|-hitcount|p2a: Shiinotic|3
|cant|p2a: Shiinotic|par
|
|upkeep
|turn|13
|
|t:|1640191805
|move|p1a: Tsareena|Rapid Spin|p2a: Shiinotic
|-damage|p2a: Shiinotic|0 fnt
|-boost|p1a: Tsareena|spe|1
|faint|p2a: Shiinotic
|
|upkeep
|
|t:|1640191811
|switch|p2a: Avalugg|Avalugg, F|49/100 par
|turn|14
|
|t:|1640191813
|move|p1a: Tsareena|High Jump Kick|p2a: Avalugg
|-supereffective|p2a: Avalugg
|-damage|p2a: Avalugg|9/100 par
|cant|p2a: Avalugg|par
|
|upkeep
|turn|15
|c|☆sassy ylay|:/
|c|☆superjester5|i dunno
|c|☆sassy ylay|no effect spore either
|
|t:|1640191833
|move|p1a: Tsareena|Power Whip|p2a: Avalugg
|-damage|p2a: Avalugg|0 fnt
|faint|p2a: Avalugg
|
|upkeep
|
|t:|1640191838
|switch|p2a: Cramorant|Cramorant, M|100/100
|turn|16
|c|☆superjester5|what's spore chance?
|
|t:|1640191845
|move|p1a: Tsareena|Power Whip|p2a: Cramorant
|-damage|p2a: Cramorant|0 fnt
|faint|p2a: Cramorant
|
|upkeep
|c|☆sassy ylay|30%
|
|t:|1640191848
|switch|p2a: Cinccino|Cinccino, F|100/100
|turn|17
|
|t:|1640191855
|move|p1a: Tsareena|High Jump Kick|p2a: Cinccino
|-supereffective|p2a: Cinccino
|-damage|p2a: Cinccino|0 fnt
|faint|p2a: Cinccino
|
|upkeep
|
|t:|1640191858
|switch|p2a: Stunfisk|Stunfisk-Galar, F|62/100
|-damage|p2a: Stunfisk|46/100|[from] Spikes
|turn|18
|
|t:|1640191862
|move|p2a: Stunfisk|Protect|p2a: Stunfisk
|-singleturn|p2a: Stunfisk|Protect
|move|p1a: Tsareena|High Jump Kick|p2a: Stunfisk
|-activate|p2a: Stunfisk|move: Protect
|-damage|p1a: Tsareena|38/100|[from] highjumpkick
|
|-heal|p2a: Stunfisk|52/100|[from] item: Leftovers
|upkeep
|turn|19
|
|t:|1640191871
|move|p1a: Tsareena|Power Whip|p2a: Stunfisk
|-damage|p2a: Stunfisk|1/100
|move|p2a: Stunfisk|Stone Edge|p1a: Tsareena
|-damage|p1a: Tsareena|16/100
|
|-heal|p2a: Stunfisk|7/100|[from] item: Leftovers
|upkeep
|turn|20
|
|t:|1640191878
|move|p1a: Tsareena|Power Whip|p2a: Stunfisk
|-damage|p2a: Stunfisk|0 fnt
|faint|p2a: Stunfisk
|
|upkeep
|
|t:|1640191880
|switch|p2a: Lunatone|Lunatone|38/100
|turn|21
|
|t:|1640191884
|move|p1a: Tsareena|Power Whip|p2a: Lunatone
|-supereffective|p2a: Lunatone
|-damage|p2a: Lunatone|0 fnt
|faint|p2a: Lunatone
|
|win|superjester5
|raw|superjester5's rating: 1298 &rarr; <strong>1339</strong><br />(+41 for winning)
|raw|sassy ylay's rating: 1563 &rarr; <strong>1530</strong><br />(-33 for losing)
|l|☆sassy ylay
