|html|<div class="broadcast-blue"><strong>[Gen 8] PU is currently suspecting Exeggutor-Alola! For information on how to participate check out the <a href="https://www.smogon.com/forums/threads/np-pu-stage-6-hate-to-see-you-k-o-love-to-watch-you-leaf-storm.3686048/">suspect thread</a>.</strong></div>
|j|☆GUIDA PAMPARAQUI
|j|☆one of the bouys
|t:|1624444990
|gametype|singles
|player|p1|GUIDA PAMPARAQUI|birdkeeper-gen4dp|1381
|player|p2|one of the bouys|101|1475
|teamsize|p1|6
|teamsize|p2|6
|gen|8
|tier|[Gen 8] PU
|rated|
|rule|Sleep Clause Mod: Limit one foe put to sleep
|rule|Species Clause: Limit one of each Pokémon
|rule|OHKO Clause: OHKO moves are banned
|rule|Evasion Moves Clause: Evasion moves are banned
|rule|Endless Battle Clause: Forcing endless battles is banned
|rule|HP Percentage Mod: HP is shown in percentages
|rule|Dynamax Clause: You cannot dynamax
|clearpoke
|poke|p1|Palossand, M|
|poke|p1|Xatu, F|
|poke|p1|Silvally-*|
|poke|p1|Magneton|
|poke|p1|Piloswine, F|
|poke|p1|Passimian, F|
|poke|p2|Flapple, M|
|poke|p2|Morpeko, F|
|poke|p2|Lunatone|
|poke|p2|Poliwrath, M|
|poke|p2|Weezing, M|
|poke|p2|Stunfisk-Galar, M|
|teampreview
|c|☆GUIDA PAMPARAQUI|hola
|c|☆one of the bouys|hey
|c|☆one of the bouys|glhf
|c|☆GUIDA PAMPARAQUI|you too
|
|t:|1624445013
|start
|switch|p1a: Passimian|Passimian, F|100/100
|switch|p2a: Stunfisk|Stunfisk-Galar, M|100/100
|turn|1
|
|t:|1624445022
|switch|p2a: Weezing|Weezing, M|100/100
|move|p1a: Passimian|U-turn|p2a: Weezing
|-resisted|p2a: Weezing
|-damage|p2a: Weezing|93/100
|
|t:|1624445028
|switch|p1a: Magneton|Magneton|100/100|[from]move: U-turn
|
|-heal|p2a: Weezing|99/100|[from] item: Black Sludge
|upkeep
|turn|2
|
|t:|1624445036
|switch|p1a: Passimian|Passimian, F|100/100
|switch|p2a: Stunfisk|Stunfisk-Galar, M|100/100
|
|upkeep
|turn|3
|
|t:|1624445049
|switch|p2a: Weezing|Weezing, M|99/100
|move|p1a: Passimian|Knock Off|p2a: Weezing
|-damage|p2a: Weezing|77/100
|-enditem|p2a: Weezing|Black Sludge|[from] move: Knock Off|[of] p1a: Passimian
|
|upkeep
|turn|4
|
|t:|1624445057
|switch|p1a: Xatu|Xatu, F|100/100
|switch|p2a: Morpeko|Morpeko, F|100/100
|
|-formechange|p2a: Morpeko|Morpeko-Hangry||[from] ability: Hunger Switch
|upkeep
|turn|5
|
|t:|1624445065
|switch|p1a: Silvally|Silvally-Fairy|100/100
|move|p2a: Morpeko|Aura Wheel|p1a: Silvally
|-resisted|p1a: Silvally
|-damage|p1a: Silvally|75/100
|-boost|p2a: Morpeko|spe|1
|
|-formechange|p2a: Morpeko|Morpeko||[from] ability: Hunger Switch
|upkeep
|turn|6
|
|t:|1624445073
|move|p2a: Morpeko|Parting Shot|p1a: Silvally
|-unboost|p1a: Silvally|atk|1
|-unboost|p1a: Silvally|spa|1
|
|t:|1624445078
|switch|p2a: Lunatone|Lunatone|100/100|[from]move: Parting Shot
|move|p1a: Silvally|Parting Shot|p2a: Lunatone
|-unboost|p2a: Lunatone|atk|1
|-unboost|p2a: Lunatone|spa|1
|
|t:|1624445092
|switch|p1a: Passimian|Passimian, F|100/100|[from]move: Parting Shot
|
|upkeep
|turn|7
|
|t:|1624445098
|switch|p2a: Poliwrath|Poliwrath, M|100/100
|move|p1a: Passimian|U-turn|p2a: Poliwrath
|-resisted|p2a: Poliwrath
|-damage|p2a: Poliwrath|92/100
|
|t:|1624445111
|switch|p1a: Silvally|Silvally-Fairy|75/100|[from]move: U-turn
|
|-heal|p2a: Poliwrath|99/100|[from] item: Leftovers
|upkeep
|turn|8
|
|t:|1624445117
|switch|p2a: Stunfisk|Stunfisk-Galar, M|100/100
|move|p1a: Silvally|Parting Shot|p2a: Stunfisk
|-unboost|p2a: Stunfisk|atk|1
|-unboost|p2a: Stunfisk|spa|1
|
|t:|1624445133
|switch|p1a: Passimian|Passimian, F|100/100|[from]move: Parting Shot
|
|upkeep
|turn|9
|
|t:|1624445137
|switch|p2a: Poliwrath|Poliwrath, M|99/100
|move|p1a: Passimian|Close Combat|p2a: Poliwrath
|-damage|p2a: Poliwrath|58/100
|-unboost|p1a: Passimian|def|1
|-unboost|p1a: Passimian|spd|1
|
|-heal|p2a: Poliwrath|64/100|[from] item: Leftovers
|upkeep
|turn|10
|
|t:|1624445153
|move|p1a: Passimian|Close Combat|p2a: Poliwrath
|-damage|p2a: Poliwrath|28/100
|-unboost|p1a: Passimian|def|1
|-unboost|p1a: Passimian|spd|1
|move|p2a: Poliwrath|Scald|p1a: Passimian
|-damage|p1a: Passimian|43/100
|
|-heal|p2a: Poliwrath|34/100|[from] item: Leftovers
|upkeep
|turn|11
|
|t:|1624445162
|switch|p2a: Weezing|Weezing, M|77/100
|move|p1a: Passimian|Close Combat|p2a: Weezing
|-resisted|p2a: Weezing
|-damage|p2a: Weezing|57/100
|-unboost|p1a: Passimian|def|1
|-unboost|p1a: Passimian|spd|1
|
|upkeep
|turn|12
|
|t:|1624445170
|switch|p1a: Xatu|Xatu, F|100/100
|move|p2a: Weezing|Pain Split|p1a: Xatu
|-sethp|p1a: Xatu|85/100|[from] move: Pain Split|[silent]
|-sethp|p2a: Weezing|69/100|[from] move: Pain Split
|
|upkeep
|turn|13
|
|t:|1624445190
|switch|p1a: Passimian|Passimian, F|43/100
|switch|p2a: Lunatone|Lunatone|100/100
|
|upkeep
|turn|14
|
|t:|1624445195
|move|p1a: Passimian|U-turn|p2a: Lunatone
|-supereffective|p2a: Lunatone
|-crit|p2a: Lunatone
|-damage|p2a: Lunatone|12/100
|
|t:|1624445199
|switch|p1a: Xatu|Xatu, F|85/100|[from]move: U-turn
|move|p2a: Lunatone|Future Sight|p1a: Xatu
|-start|p2a: Lunatone|move: Future Sight
|
|-heal|p2a: Lunatone|18/100|[from] item: Leftovers
|upkeep
|turn|15
|
|t:|1624445208
|move|p1a: Xatu|Psychic|p2a: Lunatone
|-resisted|p2a: Lunatone
|-damage|p2a: Lunatone|0 fnt
|faint|p2a: Lunatone
|
|upkeep
|
|t:|1624445210
|switch|p2a: Morpeko|Morpeko, F|100/100
|turn|16
|
|t:|1624445219
|switch|p1a: Palossand|Palossand, M|100/100
|move|p2a: Morpeko|Aura Wheel|p1a: Palossand
|-immune|p1a: Palossand
|
|-end|p1a: Palossand|move: Future Sight
|-damage|p1a: Palossand|41/100
|-formechange|p2a: Morpeko|Morpeko-Hangry||[from] ability: Hunger Switch
|upkeep
|turn|17
|
|t:|1624445232
|move|p2a: Morpeko|Aura Wheel|p1a: Palossand
|-supereffective|p1a: Palossand
|-damage|p1a: Palossand|0 fnt
|-boost|p2a: Morpeko|spe|1
|faint|p1a: Palossand
|
|-formechange|p2a: Morpeko|Morpeko||[from] ability: Hunger Switch
|upkeep
|
|t:|1624445245
|switch|p1a: Magneton|Magneton|100/100
|turn|18
|
|t:|1624445254
|switch|p1a: Xatu|Xatu, F|85/100
|move|p2a: Morpeko|Protect||[still]
|-fail|p2a: Morpeko
|
|-formechange|p2a: Morpeko|Morpeko-Hangry||[from] ability: Hunger Switch
|upkeep
|turn|19
|c|☆GUIDA PAMPARAQUI|that did not come off for me
|
|t:|1624445292
|switch|p1a: Piloswine|Piloswine, F|100/100
|move|p2a: Morpeko|Aura Wheel|p1a: Piloswine
|-damage|p1a: Piloswine|69/100
|-boost|p2a: Morpeko|spe|1
|
|-formechange|p2a: Morpeko|Morpeko||[from] ability: Hunger Switch
|upkeep
|turn|20
|
|t:|1624445300
|move|p2a: Morpeko|Parting Shot|p1a: Piloswine
|-unboost|p1a: Piloswine|atk|1
|-unboost|p1a: Piloswine|spa|1
|
|t:|1624445304
|switch|p2a: Poliwrath|Poliwrath, M|34/100|[from]move: Parting Shot
|move|p1a: Piloswine|Stealth Rock|p2a: Poliwrath
|-sidestart|p2: one of the bouys|move: Stealth Rock
|
|-heal|p2a: Poliwrath|41/100|[from] item: Leftovers
|upkeep
|turn|21
|
|t:|1624445313
|switch|p1a: Xatu|Xatu, F|85/100
|move|p2a: Poliwrath|Scald|p1a: Xatu
|-crit|p1a: Xatu
|-damage|p1a: Xatu|37/100
|
|-heal|p2a: Poliwrath|47/100|[from] item: Leftovers
|upkeep
|turn|22
|
|t:|1624445321
|switch|p2a: Stunfisk|Stunfisk-Galar, M|100/100
|-damage|p2a: Stunfisk|97/100|[from] Stealth Rock
|move|p1a: Xatu|Air Slash|p2a: Stunfisk|[miss]
|-miss|p1a: Xatu|p2a: Stunfisk
|
|-heal|p2a: Stunfisk|100/100|[from] item: Leftovers
|upkeep
|turn|23
|
|t:|1624445333
|switch|p1a: Passimian|Passimian, F|43/100
|move|p2a: Stunfisk|Snap Trap|p1a: Passimian
|-damage|p1a: Passimian|37/100
|-activate|p1a: Passimian|move: Snap Trap|[of] p2a: Stunfisk
|
|-damage|p1a: Passimian|24/100|[from] move: Snap Trap|[partiallytrapped]
|upkeep
|turn|24
|
|t:|1624445352
|move|p1a: Passimian|Close Combat|p2a: Stunfisk
|-supereffective|p2a: Stunfisk
|-damage|p2a: Stunfisk|8/100
|-unboost|p1a: Passimian|def|1
|-unboost|p1a: Passimian|spd|1
|move|p2a: Stunfisk|Snap Trap|p1a: Passimian
|-damage|p1a: Passimian|14/100
|
|-heal|p2a: Stunfisk|14/100|[from] item: Leftovers
|-damage|p1a: Passimian|2/100|[from] move: Snap Trap|[partiallytrapped]
|upkeep
|turn|25
|
|t:|1624445373
|switch|p2a: Weezing|Weezing, M|69/100
|-damage|p2a: Weezing|57/100|[from] Stealth Rock
|move|p1a: Passimian|Close Combat|p2a: Weezing
|-resisted|p2a: Weezing
|-damage|p2a: Weezing|38/100
|-unboost|p1a: Passimian|def|1
|-unboost|p1a: Passimian|spd|1
|
|-end|p1a: Passimian|Snap Trap|[partiallytrapped]|[silent]
|upkeep
|turn|26
|
|t:|1624445385
|switch|p1a: Magneton|Magneton|100/100
|move|p2a: Weezing|Sludge Bomb|p1a: Magneton
|-immune|p1a: Magneton
|
|upkeep
|turn|27
|
|t:|1624445395
|switch|p2a: Stunfisk|Stunfisk-Galar, M|14/100
|-damage|p2a: Stunfisk|11/100|[from] Stealth Rock
|move|p1a: Magneton|Flash Cannon|p2a: Stunfisk
|-resisted|p2a: Stunfisk
|-damage|p2a: Stunfisk|0 fnt
|faint|p2a: Stunfisk
|
|upkeep
|
|t:|1624445400
|switch|p2a: Morpeko|Morpeko, F|100/100
|turn|28
|
|t:|1624445408
|switch|p1a: Piloswine|Piloswine, F|69/100
|move|p2a: Morpeko|Protect||[still]
|-fail|p2a: Morpeko
|
|-formechange|p2a: Morpeko|Morpeko-Hangry||[from] ability: Hunger Switch
|upkeep
|turn|29
|
|t:|1624445418
|move|p2a: Morpeko|Parting Shot|p1a: Piloswine
|-unboost|p1a: Piloswine|atk|1
|-unboost|p1a: Piloswine|spa|1
|
|t:|1624445423
|switch|p2a: Poliwrath|Poliwrath, M|47/100|[from]move: Parting Shot
|-damage|p2a: Poliwrath|41/100|[from] Stealth Rock
|move|p1a: Piloswine|Icicle Crash|p2a: Poliwrath
|-resisted|p2a: Poliwrath
|-damage|p2a: Poliwrath|31/100
|
|-heal|p2a: Poliwrath|37/100|[from] item: Leftovers
|upkeep
|turn|30
|
|t:|1624445445
|switch|p1a: Xatu|Xatu, F|37/100
|move|p2a: Poliwrath|Scald|p1a: Xatu
|-damage|p1a: Xatu|5/100
|
|-heal|p2a: Poliwrath|44/100|[from] item: Leftovers
|upkeep
|turn|31
|
|t:|1624445466
|switch|p2a: Morpeko|Morpeko, F|100/100
|move|p1a: Xatu|Air Slash|p2a: Morpeko
|-resisted|p2a: Morpeko
|-damage|p2a: Morpeko|49/100
|
|-formechange|p2a: Morpeko|Morpeko-Hangry||[from] ability: Hunger Switch
|upkeep
|turn|32
|
|t:|1624445475
|move|p2a: Morpeko|Aura Wheel|p1a: Xatu
|-supereffective|p1a: Xatu
|-damage|p1a: Xatu|0 fnt
|-boost|p2a: Morpeko|spe|1
|faint|p1a: Xatu
|
|-formechange|p2a: Morpeko|Morpeko||[from] ability: Hunger Switch
|upkeep
|
|t:|1624445483
|switch|p1a: Magneton|Magneton|100/100
|turn|33
|
|t:|1624445488
|move|p2a: Morpeko|Protect|p2a: Morpeko
|-singleturn|p2a: Morpeko|Protect
|move|p1a: Magneton|Flash Cannon|p2a: Morpeko
|-activate|p2a: Morpeko|move: Protect
|
|-formechange|p2a: Morpeko|Morpeko-Hangry||[from] ability: Hunger Switch
|upkeep
|turn|34
|
|t:|1624445494
|move|p2a: Morpeko|Aura Wheel|p1a: Magneton
|-damage|p1a: Magneton|33/100
|-boost|p2a: Morpeko|spe|1
|move|p1a: Magneton|Flash Cannon|p2a: Morpeko
|-resisted|p2a: Morpeko
|-damage|p2a: Morpeko|0 fnt
|faint|p2a: Morpeko
|
|upkeep
|
|t:|1624445500
|switch|p2a: Flapple|Flapple, M|100/100
|-damage|p2a: Flapple|88/100|[from] Stealth Rock
|turn|35
|
|t:|1624445518
|switch|p1a: Silvally|Silvally-Fairy|75/100
|move|p2a: Flapple|Grav Apple|p1a: Silvally
|-damage|p1a: Silvally|11/100
|-unboost|p1a: Silvally|def|1
|
|upkeep
|turn|36
|
|t:|1624445525
|move|p2a: Flapple|Grav Apple|p1a: Silvally
|-damage|p1a: Silvally|0 fnt
|faint|p1a: Silvally
|
|upkeep
|
|t:|1624445529
|switch|p1a: Passimian|Passimian, F|2/100
|turn|37
|
|t:|1624445558
|switch|p2a: Poliwrath|Poliwrath, M|44/100
|-damage|p2a: Poliwrath|37/100|[from] Stealth Rock
|move|p1a: Passimian|U-turn|p2a: Poliwrath
|-resisted|p2a: Poliwrath
|-damage|p2a: Poliwrath|29/100
|
|t:|1624445564
|switch|p1a: Magneton|Magneton|33/100|[from]move: U-turn
|
|-heal|p2a: Poliwrath|35/100|[from] item: Leftovers
|upkeep
|turn|38
|
|t:|1624445575
|move|p1a: Magneton|Volt Switch|p2a: Poliwrath
|-supereffective|p2a: Poliwrath
|-crit|p2a: Poliwrath
|-damage|p2a: Poliwrath|0 fnt
|faint|p2a: Poliwrath
|
|t:|1624445580
|switch|p1a: Piloswine|Piloswine, F|69/100|[from]move: Volt Switch
|
|upkeep
|
|t:|1624445582
|switch|p2a: Weezing|Weezing, M|38/100
|-damage|p2a: Weezing|26/100|[from] Stealth Rock
|turn|39
|
|t:|1624445588
|switch|p1a: Magneton|Magneton|33/100
|move|p2a: Weezing|Toxic Spikes|p1a: Magneton
|-sidestart|p1: GUIDA PAMPARAQUI|move: Toxic Spikes
|
|upkeep
|turn|40
|
|t:|1624445598
|move|p1a: Magneton|Flash Cannon|p2a: Weezing
|-crit|p2a: Weezing
|-damage|p2a: Weezing|0 fnt
|faint|p2a: Weezing
|
|upkeep
|
|t:|1624445599
|switch|p2a: Flapple|Flapple, M|88/100
|-damage|p2a: Flapple|76/100|[from] Stealth Rock
|turn|41
|
|t:|1624445606
|move|p2a: Flapple|Grav Apple|p1a: Magneton
|-resisted|p1a: Magneton
|-damage|p1a: Magneton|0 fnt
|faint|p1a: Magneton
|
|upkeep
|
|t:|1624445610
|switch|p1a: Piloswine|Piloswine, F|69/100
|-status|p1a: Piloswine|psn
|turn|42
|c|☆GUIDA PAMPARAQUI|gg man really good game!
|c|☆one of the bouys|gg
|
|t:|1624445624
|move|p1a: Piloswine|Ice Shard|p2a: Flapple
|-supereffective|p2a: Flapple
|-damage|p2a: Flapple|0 fnt
|faint|p2a: Flapple
|
|win|GUIDA PAMPARAQUI
|raw|GUIDA PAMPARAQUI's rating: 1381 &rarr; <strong>1406</strong><br />(+25 for winning)
|raw|one of the bouys's rating: 1475 &rarr; <strong>1450</strong><br />(-25 for losing)
|l|☆one of the bouys
