|j|☆yassy slay
|j|☆bathtubhippo
|t:|1649883875
|gametype|singles
|player|p1|yassy slay|clown|1627
|player|p2|bathtubhippo|pryce|1598
|teamsize|p1|6
|teamsize|p2|6
|gen|8
|tier|[Gen 8] PU
|rated|
|rule|Sleep Clause Mod: Limit one foe put to sleep
|rule|Species Clause: Limit one of each Pokémon
|rule|OHKO Clause: OHKO moves are banned
|rule|Evasion Moves Clause: Evasion moves are banned
|rule|Endless Battle Clause: Forcing endless battles is banned
|rule|HP Percentage Mod: HP is shown in percentages
|rule|Dynamax Clause: You cannot dynamax
|clearpoke
|poke|p1|Musharna, F|
|poke|p1|Gourgeist-*, M|
|poke|p1|Stunfisk-Galar, F|
|poke|p1|Comfey, M|
|poke|p1|Accelgor, F|
|poke|p1|Miltank, F|
|poke|p2|Trevenant, F|
|poke|p2|Skuntank, M|
|poke|p2|Togedemaru, F|
|poke|p2|Aromatisse, F|
|poke|p2|Altaria, M|
|poke|p2|Sandaconda, F|
|teampreview
|
|t:|1649883887
|start
|switch|p1a: Stunfisk|Stunfisk-Galar, F|100/100
|switch|p2a: Trevenant|Trevenant, F|100/100
|turn|1
|inactive|Battle timer is ON: inactive players will automatically lose when time's up. (requested by bathtubhippo)
|
|t:|1649883890
|move|p2a: Trevenant|Wood Hammer|p1a: Stunfisk
|-damage|p1a: Stunfisk|49/100
|-damage|p2a: Trevenant|77/100|[from] Recoil
|move|p1a: Stunfisk|Foul Play|p2a: Trevenant
|-supereffective|p2a: Trevenant
|-damage|p2a: Trevenant|0 fnt
|faint|p2a: Trevenant
|
|-heal|p1a: Stunfisk|55/100|[from] item: Leftovers
|upkeep
|
|t:|1649883899
|switch|p2a: Sandaconda|Sandaconda, F|100/100
|turn|2
|
|t:|1649883903
|move|p2a: Sandaconda|Stealth Rock|p1a: Stunfisk
|-sidestart|p1: yassy slay|move: Stealth Rock
|move|p1a: Stunfisk|Stealth Rock|p2a: Sandaconda
|-sidestart|p2: bathtubhippo|move: Stealth Rock
|
|-heal|p1a: Stunfisk|61/100|[from] item: Leftovers
|upkeep
|turn|3
|
|t:|1649883905
|move|p1a: Stunfisk|Protect|p1a: Stunfisk
|-singleturn|p1a: Stunfisk|Protect
|move|p2a: Sandaconda|Earthquake|p1a: Stunfisk
|-activate|p1a: Stunfisk|move: Protect
|
|-heal|p1a: Stunfisk|68/100|[from] item: Leftovers
|upkeep
|turn|4
|
|t:|1649883909
|switch|p1a: Accelgor|Accelgor, F|100/100
|move|p2a: Sandaconda|Earthquake|p1a: Accelgor
|-resisted|p1a: Accelgor
|-damage|p1a: Accelgor|79/100
|
|upkeep
|turn|5
|
|t:|1649883915
|move|p1a: Accelgor|Spikes|p2a: Sandaconda
|-sidestart|p2: bathtubhippo|Spikes
|move|p2a: Sandaconda|Glare|p1a: Accelgor
|-status|p1a: Accelgor|par
|
|upkeep
|turn|6
|
|t:|1649883918
|switch|p2a: Altaria|Altaria, M|100/100
|move|p1a: Accelgor|Knock Off|p2a: Altaria
|-damage|p2a: Altaria|87/100
|-enditem|p2a: Altaria|Heavy-Duty Boots|[from] move: Knock Off|[of] p1a: Accelgor
|
|upkeep
|turn|7
|
|t:|1649883929
|switch|p1a: Miltank|Miltank, F|100/100
|move|p2a: Altaria|Defog|p1a: Miltank
|-unboost|p1a: Miltank|evasion|1
|-sideend|p1: yassy slay|Stealth Rock|[from] move: Defog|[of] p2a: Altaria
|-sideend|p2: bathtubhippo|Spikes|[from] move: Defog|[of] p2a: Altaria
|-sideend|p2: bathtubhippo|Stealth Rock|[from] move: Defog|[of] p2a: Altaria
|
|upkeep
|turn|8
|
|t:|1649883932
|move|p1a: Miltank|Whirlpool|p2a: Altaria
|-resisted|p2a: Altaria
|-damage|p2a: Altaria|86/100
|-activate|p2a: Altaria|move: Whirlpool|[of] p1a: Miltank
|move|p2a: Altaria|Toxic|p1a: Miltank
|-status|p1a: Miltank|tox
|
|-damage|p1a: Miltank|94/100 tox|[from] psn
|-damage|p2a: Altaria|73/100|[from] move: Whirlpool|[partiallytrapped]
|upkeep
|turn|9
|
|t:|1649883935
|move|p1a: Miltank|Toxic|p2a: Altaria
|-status|p2a: Altaria|tox
|move|p2a: Altaria|Hurricane|p1a: Miltank
|-damage|p1a: Miltank|66/100 tox
|
|-damage|p1a: Miltank|54/100 tox|[from] psn
|-damage|p2a: Altaria|67/100 tox|[from] psn
|-damage|p2a: Altaria|54/100 tox|[from] move: Whirlpool|[partiallytrapped]
|upkeep
|turn|10
|
|t:|1649883939
|move|p1a: Miltank|Seismic Toss|p2a: Altaria
|-damage|p2a: Altaria|26/100 tox
|move|p2a: Altaria|Roost|p2a: Altaria
|-heal|p2a: Altaria|76/100 tox
|-singleturn|p2a: Altaria|move: Roost
|
|-damage|p1a: Miltank|36/100 tox|[from] psn
|-damage|p2a: Altaria|64/100 tox|[from] psn
|-damage|p2a: Altaria|51/100 tox|[from] move: Whirlpool|[partiallytrapped]
|upkeep
|turn|11
|
|t:|1649883944
|move|p1a: Miltank|Milk Drink|p1a: Miltank
|-heal|p1a: Miltank|86/100 tox
|move|p2a: Altaria|Roost|p2a: Altaria
|-heal|p2a: Altaria|100/100 tox
|-singleturn|p2a: Altaria|move: Roost
|
|-damage|p1a: Miltank|61/100 tox|[from] psn
|-damage|p2a: Altaria|82/100 tox|[from] psn
|-damage|p2a: Altaria|69/100 tox|[from] move: Whirlpool|[partiallytrapped]
|upkeep
|turn|12
|
|t:|1649883947
|switch|p1a: Stunfisk|Stunfisk-Galar, F|68/100
|move|p2a: Altaria|Hurricane|p1a: Stunfisk
|-resisted|p1a: Stunfisk
|-damage|p1a: Stunfisk|53/100
|
|-heal|p1a: Stunfisk|60/100|[from] item: Leftovers
|-damage|p2a: Altaria|45/100 tox|[from] psn
|-end|p2a: Altaria|Whirlpool|[partiallytrapped]
|upkeep
|turn|13
|
|t:|1649883952
|-curestatus|p2a: Altaria|tox|[from] ability: Natural Cure
|switch|p2a: Skuntank|Skuntank, M|100/100
|move|p1a: Stunfisk|Stealth Rock|p2a: Skuntank
|-sidestart|p2: bathtubhippo|move: Stealth Rock
|
|-heal|p1a: Stunfisk|66/100|[from] item: Leftovers
|upkeep
|turn|14
|
|t:|1649883958
|move|p2a: Skuntank|Fire Blast|p1a: Stunfisk
|-supereffective|p1a: Stunfisk
|-damage|p1a: Stunfisk|14/100
|move|p1a: Stunfisk|Earthquake|p2a: Skuntank
|-supereffective|p2a: Skuntank
|-damage|p2a: Skuntank|14/100
|
|-heal|p2a: Skuntank|20/100|[from] item: Black Sludge
|-heal|p1a: Stunfisk|20/100|[from] item: Leftovers
|upkeep
|turn|15
|
|t:|1649883965
|switch|p1a: Miltank|Miltank, F|61/100 tox
|move|p2a: Skuntank|Dark Pulse|p1a: Miltank
|-damage|p1a: Miltank|33/100 tox
|
|-heal|p2a: Skuntank|26/100|[from] item: Black Sludge
|-damage|p1a: Miltank|27/100 tox|[from] psn
|upkeep
|turn|16
|
|t:|1649883970
|move|p1a: Miltank|Seismic Toss|p2a: Skuntank
|-damage|p2a: Skuntank|0 fnt
|-damage|p1a: Miltank|3/100 tox|[from] ability: Aftermath|[of] p2a: Skuntank
|faint|p2a: Skuntank
|
|-damage|p1a: Miltank|0 fnt|[from] psn
|faint|p1a: Miltank
|upkeep
|
|t:|1649883985
|switch|p1a: Comfey|Comfey, M|100/100
|switch|p2a: Togedemaru|Togedemaru, F|100/100
|-damage|p2a: Togedemaru|95/100|[from] Stealth Rock
|turn|17
|
|t:|1649883989
|move|p2a: Togedemaru|Iron Head|p1a: Comfey
|-supereffective|p1a: Comfey
|-crit|p1a: Comfey
|-damage|p1a: Comfey|28/100
|cant|p1a: Comfey|flinch
|
|-heal|p2a: Togedemaru|100/100|[from] item: Leftovers
|upkeep
|turn|18
|
|t:|1649883997
|switch|p1a: Gourgeist|Gourgeist-Super, M|100/100
|-item|p2a: Togedemaru|Leftovers|[from] ability: Frisk|[of] p1a: Gourgeist|[identify]
|move|p2a: Togedemaru|Wish|p2a: Togedemaru
|
|upkeep
|turn|19
|
|t:|1649884002
|switch|p2a: Aromatisse|Aromatisse, F|100/100
|-damage|p2a: Aromatisse|88/100|[from] Stealth Rock
|move|p1a: Gourgeist|Shadow Sneak|p2a: Aromatisse
|-damage|p2a: Aromatisse|72/100
|
|-heal|p2a: Aromatisse|100/100|[from] move: Wish|[wisher] Togedemaru
|upkeep
|turn|20
|
|t:|1649884007
|switch|p1a: Musharna|Musharna, F|100/100
|move|p2a: Aromatisse|Moonblast|p1a: Musharna
|-damage|p1a: Musharna|82/100
|
|upkeep
|turn|21
|
|t:|1649884013
|switch|p2a: Togedemaru|Togedemaru, F|100/100
|-damage|p2a: Togedemaru|95/100|[from] Stealth Rock
|move|p1a: Musharna|Calm Mind|p1a: Musharna
|-boost|p1a: Musharna|spa|1
|-boost|p1a: Musharna|spd|1
|
|-heal|p2a: Togedemaru|100/100|[from] item: Leftovers
|upkeep
|turn|22
|
|t:|1649884019
|move|p2a: Togedemaru|Iron Head|p1a: Musharna
|-damage|p1a: Musharna|58/100
|cant|p1a: Musharna|flinch
|
|upkeep
|turn|23
|
|t:|1649884023
|move|p2a: Togedemaru|Iron Head|p1a: Musharna
|-damage|p1a: Musharna|34/100
|cant|p1a: Musharna|flinch
|
|upkeep
|turn|24
|
|t:|1649884031
|switch|p1a: Gourgeist|Gourgeist-Super, M|100/100
|-item|p2a: Togedemaru|Leftovers|[from] ability: Frisk|[of] p1a: Gourgeist|[identify]
|move|p2a: Togedemaru|U-turn|p1a: Gourgeist
|-damage|p1a: Gourgeist|87/100
|
|t:|1649884034
|switch|p2a: Aromatisse|Aromatisse, F|100/100|[from]move: U-turn
|-damage|p2a: Aromatisse|88/100|[from] Stealth Rock
|
|-heal|p2a: Aromatisse|94/100|[from] item: Leftovers
|upkeep
|turn|25
|
|t:|1649884039
|move|p1a: Gourgeist|Poltergeist|p2a: Aromatisse
|-activate|p2a: Aromatisse|move: Poltergeist|Leftovers
|-damage|p2a: Aromatisse|45/100
|move|p2a: Aromatisse|Moonblast|p1a: Gourgeist
|-crit|p1a: Gourgeist
|-damage|p1a: Gourgeist|23/100
|-unboost|p1a: Gourgeist|spa|1
|
|-heal|p2a: Aromatisse|51/100|[from] item: Leftovers
|upkeep
|turn|26
|
|t:|1649884044
|move|p1a: Gourgeist|Synthesis|p1a: Gourgeist
|-heal|p1a: Gourgeist|73/100
|move|p2a: Aromatisse|Wish|p2a: Aromatisse
|
|-heal|p2a: Aromatisse|58/100|[from] item: Leftovers
|upkeep
|turn|27
|
|t:|1649884051
|move|p1a: Gourgeist|Power Whip|p2a: Aromatisse|[miss]
|-miss|p1a: Gourgeist|p2a: Aromatisse
|move|p2a: Aromatisse|Moonblast|p1a: Gourgeist
|-damage|p1a: Gourgeist|36/100
|-unboost|p1a: Gourgeist|spa|1
|
|-heal|p2a: Aromatisse|100/100|[from] move: Wish|[wisher] Aromatisse
|upkeep
|turn|28
|
|t:|1649884054
|move|p1a: Gourgeist|Synthesis|p1a: Gourgeist
|-heal|p1a: Gourgeist|85/100
|move|p2a: Aromatisse|Toxic|p1a: Gourgeist
|-status|p1a: Gourgeist|tox
|
|-damage|p1a: Gourgeist|79/100 tox|[from] psn
|upkeep
|turn|29
|
|t:|1649884067
|switch|p1a: Stunfisk|Stunfisk-Galar, F|20/100
|move|p2a: Aromatisse|Wish|p2a: Aromatisse
|
|-heal|p1a: Stunfisk|26/100|[from] item: Leftovers
|upkeep
|turn|30
|
|t:|1649884080
|switch|p2a: Sandaconda|Sandaconda, F|100/100
|-damage|p2a: Sandaconda|94/100|[from] Stealth Rock
|move|p1a: Stunfisk|Foul Play|p2a: Sandaconda
|-damage|p2a: Sandaconda|80/100
|-damage|p1a: Stunfisk|10/100|[from] item: Rocky Helmet|[of] p2a: Sandaconda
|
|-heal|p2a: Sandaconda|100/100|[from] move: Wish|[wisher] Aromatisse
|-heal|p1a: Stunfisk|16/100|[from] item: Leftovers
|upkeep
|turn|31
|
|t:|1649884086
|switch|p1a: Accelgor|Accelgor, F|79/100 par
|move|p2a: Sandaconda|Stealth Rock|p1a: Accelgor
|-sidestart|p1: yassy slay|move: Stealth Rock
|
|upkeep
|turn|32
|
|t:|1649884090
|switch|p2a: Altaria|Altaria, M|45/100
|-damage|p2a: Altaria|20/100|[from] Stealth Rock
|move|p1a: Accelgor|Spikes|p2a: Altaria
|-sidestart|p2: bathtubhippo|Spikes
|
|upkeep
|turn|33
|
|t:|1649884101
|switch|p1a: Musharna|Musharna, F|34/100
|move|p2a: Altaria|Roost|p2a: Altaria
|-heal|p2a: Altaria|70/100
|-singleturn|p2a: Altaria|move: Roost
|
|upkeep
|turn|34
|
|t:|1649884103
|move|p2a: Altaria|Hurricane|p1a: Musharna
|-damage|p1a: Musharna|16/100
|move|p1a: Musharna|Moonlight|p1a: Musharna
|-heal|p1a: Musharna|66/100
|
|upkeep
|turn|35
|
|t:|1649884107
|move|p2a: Altaria|Toxic|p1a: Musharna
|-status|p1a: Musharna|tox
|-activate|p1a: Musharna|ability: Synchronize
|-status|p2a: Altaria|tox
|move|p1a: Musharna|Psyshock|p2a: Altaria
|-damage|p2a: Altaria|41/100 tox
|
|-damage|p2a: Altaria|35/100 tox|[from] psn
|-damage|p1a: Musharna|60/100 tox|[from] psn
|upkeep
|turn|36
|
|t:|1649884111
|-curestatus|p2a: Altaria|tox|[from] ability: Natural Cure
|switch|p2a: Togedemaru|Togedemaru, F|100/100
|-damage|p2a: Togedemaru|95/100|[from] Stealth Rock
|-damage|p2a: Togedemaru|82/100|[from] Spikes
|move|p1a: Musharna|Psyshock|p2a: Togedemaru
|-resisted|p2a: Togedemaru
|-damage|p2a: Togedemaru|62/100
|
|-heal|p2a: Togedemaru|68/100|[from] item: Leftovers
|-damage|p1a: Musharna|48/100 tox|[from] psn
|upkeep
|turn|37
|
|t:|1649884118
|switch|p1a: Stunfisk|Stunfisk-Galar, F|16/100
|-damage|p1a: Stunfisk|13/100|[from] Stealth Rock
|move|p2a: Togedemaru|Iron Head|p1a: Stunfisk
|-resisted|p1a: Stunfisk
|-damage|p1a: Stunfisk|5/100
|
|-heal|p2a: Togedemaru|74/100|[from] item: Leftovers
|-heal|p1a: Stunfisk|11/100|[from] item: Leftovers
|upkeep
|turn|38
|
|t:|1649884124
|move|p1a: Stunfisk|Protect|p1a: Stunfisk
|-singleturn|p1a: Stunfisk|Protect
|move|p2a: Togedemaru|U-turn|p1a: Stunfisk
|-activate|p1a: Stunfisk|move: Protect
|
|-heal|p2a: Togedemaru|80/100|[from] item: Leftovers
|-heal|p1a: Stunfisk|17/100|[from] item: Leftovers
|upkeep
|turn|39
|
|t:|1649884128
|move|p2a: Togedemaru|U-turn|p1a: Stunfisk
|-resisted|p1a: Stunfisk
|-damage|p1a: Stunfisk|13/100
|
|t:|1649884130
|switch|p2a: Sandaconda|Sandaconda, F|100/100|[from]move: U-turn
|-damage|p2a: Sandaconda|88/100|[from] Spikes
|-damage|p2a: Sandaconda|82/100|[from] Stealth Rock
|move|p1a: Stunfisk|Earthquake|p2a: Sandaconda
|-damage|p2a: Sandaconda|61/100
|
|-heal|p1a: Stunfisk|19/100|[from] item: Leftovers
|upkeep
|turn|40
|
|t:|1649884136
|switch|p1a: Accelgor|Accelgor, F|79/100 par
|move|p2a: Sandaconda|Earthquake|p1a: Accelgor
|-resisted|p1a: Accelgor
|-damage|p1a: Accelgor|56/100 par
|
|upkeep
|turn|41
|
|t:|1649884141
|move|p2a: Sandaconda|Earthquake|p1a: Accelgor
|-resisted|p1a: Accelgor
|-damage|p1a: Accelgor|33/100 par
|move|p1a: Accelgor|Bug Buzz|p2a: Sandaconda
|-damage|p2a: Sandaconda|20/100
|
|upkeep
|turn|42
|
|t:|1649884146
|move|p2a: Sandaconda|Rest|p2a: Sandaconda
|-status|p2a: Sandaconda|slp|[from] move: Rest
|-heal|p2a: Sandaconda|100/100 slp|[silent]
|cant|p1a: Accelgor|par
|
|-activate|p2a: Sandaconda|ability: Shed Skin
|-curestatus|p2a: Sandaconda|slp|[msg]
|upkeep
|turn|43
|
|t:|1649884150
|move|p2a: Sandaconda|Earthquake|p1a: Accelgor
|-resisted|p1a: Accelgor
|-damage|p1a: Accelgor|9/100 par
|move|p1a: Accelgor|Recover|p1a: Accelgor
|-heal|p1a: Accelgor|59/100 par
|
|upkeep
|turn|44
|
|t:|1649884155
|switch|p2a: Altaria|Altaria, M|35/100
|-damage|p2a: Altaria|10/100|[from] Stealth Rock
|move|p1a: Accelgor|Bug Buzz|p2a: Altaria
|-resisted|p2a: Altaria
|-damage|p2a: Altaria|0 fnt
|faint|p2a: Altaria
|
|upkeep
|
|t:|1649884160
|switch|p2a: Aromatisse|Aromatisse, F|100/100
|-damage|p2a: Aromatisse|88/100|[from] Spikes
|-damage|p2a: Aromatisse|76/100|[from] Stealth Rock
|turn|45
|
|t:|1649884183
|switch|p1a: Comfey|Comfey, M|28/100
|move|p2a: Aromatisse|Moonblast|p1a: Comfey
|-damage|p1a: Comfey|0 fnt
|faint|p1a: Comfey
|
|-heal|p2a: Aromatisse|82/100|[from] item: Leftovers
|upkeep
|
|t:|1649884184
|switch|p1a: Musharna|Musharna, F|48/100 tox
|turn|46
|
|t:|1649884190
|move|p2a: Aromatisse|Moonblast|p1a: Musharna
|-damage|p1a: Musharna|30/100 tox
|-unboost|p1a: Musharna|spa|1
|move|p1a: Musharna|Heal Bell|p1a: Musharna
|-activate|p1a: Musharna|move: Heal Bell
|-curestatus|p1a: Musharna|tox|[msg]
|-curestatus|p1: Accelgor|par|[msg]
|-curestatus|p1: Gourgeist|tox|[msg]
|
|-heal|p2a: Aromatisse|88/100|[from] item: Leftovers
|upkeep
|turn|47
|
|t:|1649884196
|switch|p2a: Togedemaru|Togedemaru, F|80/100
|-damage|p2a: Togedemaru|74/100|[from] Stealth Rock
|-damage|p2a: Togedemaru|61/100|[from] Spikes
|move|p1a: Musharna|Moonlight|p1a: Musharna
|-heal|p1a: Musharna|80/100
|
|-heal|p2a: Togedemaru|67/100|[from] item: Leftovers
|upkeep
|turn|48
|
|t:|1649884199
|switch|p1a: Stunfisk|Stunfisk-Galar, F|19/100
|-damage|p1a: Stunfisk|16/100|[from] Stealth Rock
|move|p2a: Togedemaru|Iron Head|p1a: Stunfisk
|-resisted|p1a: Stunfisk
|-damage|p1a: Stunfisk|8/100
|
|-heal|p2a: Togedemaru|73/100|[from] item: Leftovers
|-heal|p1a: Stunfisk|14/100|[from] item: Leftovers
|upkeep
|turn|49
|
|t:|1649884206
|switch|p2a: Sandaconda|Sandaconda, F|100/100
|-damage|p2a: Sandaconda|88/100|[from] Spikes
|-damage|p2a: Sandaconda|82/100|[from] Stealth Rock
|move|p1a: Stunfisk|Earthquake|p2a: Sandaconda
|-damage|p2a: Sandaconda|65/100
|
|-heal|p1a: Stunfisk|21/100|[from] item: Leftovers
|upkeep
|turn|50
|
|t:|1649884212
|switch|p1a: Gourgeist|Gourgeist-Super, M|79/100
|-damage|p1a: Gourgeist|67/100|[from] Stealth Rock
|-item|p2a: Sandaconda|Rocky Helmet|[from] ability: Frisk|[of] p1a: Gourgeist|[identify]
|move|p2a: Sandaconda|Glare|p1a: Gourgeist
|-status|p1a: Gourgeist|par
|
|upkeep
|turn|51
|
|t:|1649884217
|move|p2a: Sandaconda|Earthquake|p1a: Gourgeist
|-resisted|p1a: Gourgeist
|-damage|p1a: Gourgeist|53/100 par
|move|p1a: Gourgeist|Power Whip|p2a: Sandaconda
|-supereffective|p2a: Sandaconda
|-damage|p2a: Sandaconda|0 fnt
|-damage|p1a: Gourgeist|37/100 par|[from] item: Rocky Helmet|[of] p2a: Sandaconda
|faint|p2a: Sandaconda
|
|upkeep
|
|t:|1649884232
|switch|p2a: Aromatisse|Aromatisse, F|88/100
|-damage|p2a: Aromatisse|76/100|[from] Spikes
|-damage|p2a: Aromatisse|64/100|[from] Stealth Rock
|turn|52
|
|t:|1649884235
|switch|p1a: Musharna|Musharna, F|80/100
|move|p2a: Aromatisse|Moonblast|p1a: Musharna
|-damage|p1a: Musharna|63/100
|
|-heal|p2a: Aromatisse|70/100|[from] item: Leftovers
|upkeep
|turn|53
|
|t:|1649884239
|move|p2a: Aromatisse|Wish|p2a: Aromatisse
|move|p1a: Musharna|Calm Mind|p1a: Musharna
|-boost|p1a: Musharna|spa|1
|-boost|p1a: Musharna|spd|1
|
|-heal|p2a: Aromatisse|76/100|[from] item: Leftovers
|upkeep
|turn|54
|
|t:|1649884244
|switch|p2a: Togedemaru|Togedemaru, F|73/100
|-damage|p2a: Togedemaru|67/100|[from] Stealth Rock
|-damage|p2a: Togedemaru|55/100|[from] Spikes
|move|p1a: Musharna|Calm Mind|p1a: Musharna
|-boost|p1a: Musharna|spa|1
|-boost|p1a: Musharna|spd|1
|
|-heal|p2a: Togedemaru|100/100|[from] move: Wish|[wisher] Aromatisse
|upkeep
|turn|55
|
|t:|1649884247
|move|p2a: Togedemaru|Iron Head|p1a: Musharna
|-crit|p1a: Musharna
|-damage|p1a: Musharna|28/100
|move|p1a: Musharna|Psyshock|p2a: Togedemaru
|-resisted|p2a: Togedemaru
|-damage|p2a: Togedemaru|56/100
|
|-heal|p2a: Togedemaru|62/100|[from] item: Leftovers
|upkeep
|turn|56
|
|t:|1649884256
|switch|p1a: Stunfisk|Stunfisk-Galar, F|21/100
|-damage|p1a: Stunfisk|18/100|[from] Stealth Rock
|move|p2a: Togedemaru|Iron Head|p1a: Stunfisk
|-resisted|p1a: Stunfisk
|-damage|p1a: Stunfisk|9/100
|
|-heal|p2a: Togedemaru|68/100|[from] item: Leftovers
|-heal|p1a: Stunfisk|15/100|[from] item: Leftovers
|upkeep
|turn|57
|
|t:|1649884261
|move|p2a: Togedemaru|Wish|p2a: Togedemaru
|move|p1a: Stunfisk|Earthquake|p2a: Togedemaru
|-supereffective|p2a: Togedemaru
|-damage|p2a: Togedemaru|0 fnt
|faint|p2a: Togedemaru
|
|-heal|p1a: Stunfisk|21/100|[from] item: Leftovers
|upkeep
|
|t:|1649884263
|switch|p2a: Aromatisse|Aromatisse, F|76/100
|-damage|p2a: Aromatisse|64/100|[from] Spikes
|-damage|p2a: Aromatisse|51/100|[from] Stealth Rock
|turn|58
|
|t:|1649884267
|move|p1a: Stunfisk|Earthquake|p2a: Aromatisse
|-damage|p2a: Aromatisse|30/100
|move|p2a: Aromatisse|Moonblast|p1a: Stunfisk
|-resisted|p1a: Stunfisk
|-damage|p1a: Stunfisk|6/100
|
|-heal|p2a: Aromatisse|71/100|[from] move: Wish|[wisher] Togedemaru
|-heal|p1a: Stunfisk|12/100|[from] item: Leftovers
|-heal|p2a: Aromatisse|78/100|[from] item: Leftovers
|upkeep
|turn|59
|
|t:|1649884270
|move|p1a: Stunfisk|Earthquake|p2a: Aromatisse
|-damage|p2a: Aromatisse|57/100
|move|p2a: Aromatisse|Moonblast|p1a: Stunfisk
|-resisted|p1a: Stunfisk
|-damage|p1a: Stunfisk|0 fnt
|faint|p1a: Stunfisk
|
|-heal|p2a: Aromatisse|64/100|[from] item: Leftovers
|upkeep
|
|t:|1649884271
|switch|p1a: Musharna|Musharna, F|28/100
|turn|60
|
|t:|1649884273
|move|p1a: Musharna|Moonlight|p1a: Musharna
|-heal|p1a: Musharna|78/100
|move|p2a: Aromatisse|Moonblast|p1a: Musharna
|-damage|p1a: Musharna|58/100
|
|-heal|p2a: Aromatisse|70/100|[from] item: Leftovers
|upkeep
|turn|61
|
|t:|1649884275
|move|p1a: Musharna|Calm Mind|p1a: Musharna
|-boost|p1a: Musharna|spa|1
|-boost|p1a: Musharna|spd|1
|move|p2a: Aromatisse|Moonblast|p1a: Musharna
|-damage|p1a: Musharna|45/100
|-unboost|p1a: Musharna|spa|1
|
|-heal|p2a: Aromatisse|76/100|[from] item: Leftovers
|upkeep
|turn|62
|
|t:|1649884278
|move|p2a: Aromatisse|Moonblast|p1a: Musharna
|-damage|p1a: Musharna|33/100
|-unboost|p1a: Musharna|spa|1
|move|p1a: Musharna|Calm Mind|p1a: Musharna
|-boost|p1a: Musharna|spa|1
|-boost|p1a: Musharna|spd|1
|
|-heal|p2a: Aromatisse|82/100|[from] item: Leftovers
|upkeep
|turn|63
|
|t:|1649884280
|move|p2a: Aromatisse|Moonblast|p1a: Musharna
|-damage|p1a: Musharna|23/100
|-unboost|p1a: Musharna|spa|1
|move|p1a: Musharna|Moonlight|p1a: Musharna
|-heal|p1a: Musharna|73/100
|
|-heal|p2a: Aromatisse|88/100|[from] item: Leftovers
|upkeep
|turn|64
|
|t:|1649884283
|move|p2a: Aromatisse|Moonblast|p1a: Musharna
|-damage|p1a: Musharna|62/100
|-unboost|p1a: Musharna|spa|1
|move|p1a: Musharna|Calm Mind|p1a: Musharna
|-boost|p1a: Musharna|spa|1
|-boost|p1a: Musharna|spd|1
|
|-heal|p2a: Aromatisse|94/100|[from] item: Leftovers
|upkeep
|turn|65
|
|t:|1649884285
|move|p2a: Aromatisse|Moonblast|p1a: Musharna
|-damage|p1a: Musharna|55/100
|-unboost|p1a: Musharna|spa|1
|move|p1a: Musharna|Calm Mind|p1a: Musharna
|-boost|p1a: Musharna|spa|1
|-boost|p1a: Musharna|spd|1
|
|-heal|p2a: Aromatisse|100/100|[from] item: Leftovers
|upkeep
|turn|66
|
|t:|1649884288
|move|p2a: Aromatisse|Moonblast|p1a: Musharna
|-damage|p1a: Musharna|48/100
|move|p1a: Musharna|Calm Mind|p1a: Musharna
|-boost|p1a: Musharna|spa|1
|-boost|p1a: Musharna|spd|1
|
|upkeep
|turn|67
|
|t:|1649884291
|move|p2a: Aromatisse|Moonblast|p1a: Musharna
|-damage|p1a: Musharna|43/100
|-unboost|p1a: Musharna|spa|1
|move|p1a: Musharna|Moonlight|p1a: Musharna
|-heal|p1a: Musharna|93/100
|
|upkeep
|turn|68
|
|t:|1649884293
|move|p2a: Aromatisse|Moonblast|p1a: Musharna
|-damage|p1a: Musharna|88/100
|move|p1a: Musharna|Calm Mind|p1a: Musharna
|-boost|p1a: Musharna|spa|1
|-boost|p1a: Musharna|spd|1
|
|upkeep
|turn|69
|
|t:|1649884295
|move|p1a: Musharna|Calm Mind|p1a: Musharna
|-boost|p1a: Musharna|spa|1
|-boost|p1a: Musharna|spd|0
|move|p2a: Aromatisse|Moonblast|p1a: Musharna
|-damage|p1a: Musharna|83/100
|
|upkeep
|turn|70
|
|t:|1649884297
|move|p2a: Aromatisse|Moonblast|p1a: Musharna
|-damage|p1a: Musharna|78/100
|-unboost|p1a: Musharna|spa|1
|move|p1a: Musharna|Calm Mind|p1a: Musharna
|-boost|p1a: Musharna|spa|1
|-boost|p1a: Musharna|spd|0
|
|upkeep
|turn|71
|
|t:|1649884299
|move|p1a: Musharna|Calm Mind|p1a: Musharna
|-boost|p1a: Musharna|spa|1
|-boost|p1a: Musharna|spd|0
|move|p2a: Aromatisse|Moonblast|p1a: Musharna
|-damage|p1a: Musharna|73/100
|-unboost|p1a: Musharna|spa|1
|
|upkeep
|turn|72
|
|t:|1649884302
|move|p2a: Aromatisse|Moonblast|p1a: Musharna
|-damage|p1a: Musharna|68/100
|move|p1a: Musharna|Calm Mind|p1a: Musharna
|-boost|p1a: Musharna|spa|1
|-boost|p1a: Musharna|spd|0
|
|upkeep
|turn|73
|
|t:|1649884305
|move|p1a: Musharna|Calm Mind|p1a: Musharna
|-boost|p1a: Musharna|spa|1
|-boost|p1a: Musharna|spd|0
|move|p2a: Aromatisse|Moonblast|p1a: Musharna
|-damage|p1a: Musharna|62/100
|-unboost|p1a: Musharna|spa|1
|
|upkeep
|turn|74
|
|t:|1649884307
|move|p2a: Aromatisse|Moonblast|p1a: Musharna
|-damage|p1a: Musharna|57/100
|-unboost|p1a: Musharna|spa|1
|move|p1a: Musharna|Calm Mind|p1a: Musharna
|-boost|p1a: Musharna|spa|1
|-boost|p1a: Musharna|spd|0
|
|upkeep
|turn|75
|
|t:|1649884312
|move|p2a: Aromatisse|Moonblast|p1a: Musharna
|-damage|p1a: Musharna|52/100
|move|p1a: Musharna|Calm Mind|p1a: Musharna
|-boost|p1a: Musharna|spa|1
|-boost|p1a: Musharna|spd|0
|
|upkeep
|turn|76
|
|t:|1649884315
|move|p1a: Musharna|Moonlight|p1a: Musharna
|-heal|p1a: Musharna|100/100
|move|p2a: Aromatisse|Wish|p2a: Aromatisse
|
|upkeep
|turn|77
|
|t:|1649884320
|move|p1a: Musharna|Psyshock|p2a: Aromatisse
|-damage|p2a: Aromatisse|44/100
|move|p2a: Aromatisse|Wish||[still]
|-fail|p2a: Aromatisse
|
|-heal|p2a: Aromatisse|94/100|[from] move: Wish|[wisher] Aromatisse
|-heal|p2a: Aromatisse|99/100|[from] item: Leftovers
|upkeep
|turn|78
|
|t:|1649884327
|move|p2a: Aromatisse|Wish|p2a: Aromatisse
|move|p1a: Musharna|Calm Mind|p1a: Musharna
|-boost|p1a: Musharna|spa|1
|-boost|p1a: Musharna|spd|0
|
|-heal|p2a: Aromatisse|100/100|[from] item: Leftovers
|upkeep
|turn|79
|
|t:|1649884331
|move|p2a: Aromatisse|Toxic|p1a: Musharna
|-status|p1a: Musharna|tox
|-activate|p1a: Musharna|ability: Synchronize
|-status|p2a: Aromatisse|tox
|move|p1a: Musharna|Calm Mind|p1a: Musharna
|-boost|p1a: Musharna|spa|1
|-boost|p1a: Musharna|spd|0
|
|-damage|p1a: Musharna|94/100 tox|[from] psn
|-damage|p2a: Aromatisse|94/100 tox|[from] psn
|upkeep
|turn|80
|
|t:|1649884335
|move|p2a: Aromatisse|Wish|p2a: Aromatisse
|move|p1a: Musharna|Psyshock|p2a: Aromatisse
|-damage|p2a: Aromatisse|23/100 tox
|
|-heal|p2a: Aromatisse|29/100 tox|[from] item: Leftovers
|-damage|p1a: Musharna|82/100 tox|[from] psn
|-damage|p2a: Aromatisse|17/100 tox|[from] psn
|upkeep
|turn|81
|
|t:|1649884337
|move|p2a: Aromatisse|Wish||[still]
|-fail|p2a: Aromatisse
|move|p1a: Musharna|Psyshock|p2a: Aromatisse
|-damage|p2a: Aromatisse|0 fnt
|faint|p2a: Aromatisse
|
|win|yassy slay
|raw|yassy slay's rating: 1627 &rarr; <strong>1645</strong><br />(+18 for winning)
|raw|bathtubhippo's rating: 1598 &rarr; <strong>1580</strong><br />(-18 for losing)
|l|☆bathtubhippo
|c|☆yassy slay|gg
||Ladder isn't responding, score probably updated but might not have (Request timeout).
