|j|☆AlissonDilaurentis
|j|☆Steven Davis
|t:|1633137052
|gametype|singles
|player|p1|AlissonDilaurentis|guitarist|1426
|player|p2|Steven Davis|steven|1567
|teamsize|p1|6
|teamsize|p2|6
|gen|8
|tier|[Gen 8] PU
|rated|
|rule|Sleep Clause Mod: Limit one foe put to sleep
|rule|Species Clause: Limit one of each Pokémon
|rule|OHKO Clause: OHKO moves are banned
|rule|Evasion Moves Clause: Evasion moves are banned
|rule|Endless Battle Clause: Forcing endless battles is banned
|rule|HP Percentage Mod: HP is shown in percentages
|rule|Dynamax Clause: You cannot dynamax
|clearpoke
|poke|p1|Hitmonlee, M|
|poke|p1|Corsola-Galar, F|
|poke|p1|Sandaconda, M|
|poke|p1|Vikavolt, M|
|poke|p1|Tsareena, F|
|poke|p1|Silvally-*|
|poke|p2|Silvally-*|
|poke|p2|Regirock|
|poke|p2|Whimsicott, F|
|poke|p2|Roselia, F|
|poke|p2|Drampa, M|
|poke|p2|Sawk, M|
|teampreview
|
|t:|1633137074
|start
|switch|p1a: Corsola|Corsola-Galar, F|100/100
|switch|p2a: Roselia|Roselia, F|100/100
|turn|1
|
|t:|1633137078
|move|p2a: Roselia|Toxic Spikes|p1a: Corsola
|-sidestart|p1: AlissonDilaurentis|move: Toxic Spikes
|move|p1a: Corsola|Stealth Rock|p2a: Roselia
|-sidestart|p2: Steven Davis|move: Stealth Rock
|
|upkeep
|turn|2
|
|t:|1633137083
|move|p2a: Roselia|Sludge Bomb|p1a: Corsola
|-resisted|p1a: Corsola
|-damage|p1a: Corsola|89/100
|move|p1a: Corsola|Night Shade|p2a: Roselia
|-damage|p2a: Roselia|67/100
|
|upkeep
|turn|3
|
|t:|1633137090
|move|p2a: Roselia|Synthesis|p2a: Roselia
|-heal|p2a: Roselia|100/100
|move|p1a: Corsola|Night Shade|p2a: Roselia
|-damage|p2a: Roselia|67/100
|
|upkeep
|turn|4
|
|t:|1633137092
|move|p2a: Roselia|Sludge Bomb|p1a: Corsola
|-resisted|p1a: Corsola
|-damage|p1a: Corsola|79/100
|-start|p2a: Roselia|Disable|Sludge Bomb|[from] ability: Cursed Body|[of] p1a: Corsola
|move|p1a: Corsola|Will-O-Wisp|p2a: Roselia
|-status|p2a: Roselia|brn
|
|-damage|p2a: Roselia|62/100 brn|[from] brn
|upkeep
|turn|5
|
|t:|1633137098
|move|p2a: Roselia|Giga Drain|p1a: Corsola
|-damage|p1a: Corsola|59/100
|-heal|p2a: Roselia|72/100 brn|[from] drain|[of] p1a: Corsola
|move|p1a: Corsola|Night Shade|p2a: Roselia
|-damage|p2a: Roselia|39/100 brn
|
|-damage|p2a: Roselia|34/100 brn|[from] brn
|upkeep
|turn|6
|
|t:|1633137100
|move|p2a: Roselia|Synthesis|p2a: Roselia
|-heal|p2a: Roselia|83/100 brn
|move|p1a: Corsola|Night Shade|p2a: Roselia
|-damage|p2a: Roselia|50/100 brn
|
|-damage|p2a: Roselia|44/100 brn|[from] brn
|upkeep
|turn|7
|
|t:|1633137103
|move|p2a: Roselia|Synthesis|p2a: Roselia
|-heal|p2a: Roselia|94/100 brn
|move|p1a: Corsola|Night Shade|p2a: Roselia
|-damage|p2a: Roselia|61/100 brn
|
|-damage|p2a: Roselia|55/100 brn|[from] brn
|-end|p2a: Roselia|Disable
|upkeep
|turn|8
|
|t:|1633137107
|move|p2a: Roselia|Synthesis|p2a: Roselia
|-heal|p2a: Roselia|100/100 brn
|move|p1a: Corsola|Strength Sap|p2a: Roselia
|-unboost|p2a: Roselia|atk|1
|-heal|p1a: Corsola|93/100
|
|-damage|p2a: Roselia|95/100 brn|[from] brn
|upkeep
|turn|9
|
|t:|1633137114
|switch|p1a: Vikavolt|Vikavolt, M, shiny|100/100
|move|p2a: Roselia|Sludge Bomb|p1a: Vikavolt
|-damage|p1a: Vikavolt|52/100
|
|-damage|p2a: Roselia|89/100 brn|[from] brn
|upkeep
|turn|10
|
|t:|1633137121
|move|p2a: Roselia|Sludge Bomb|p1a: Vikavolt
|-damage|p1a: Vikavolt|0 fnt
|faint|p1a: Vikavolt
|
|-damage|p2a: Roselia|83/100 brn|[from] brn
|upkeep
|
|t:|1633137126
|switch|p1a: Tsareena|Tsareena, F, shiny|100/100
|turn|11
|
|t:|1633137133
|move|p1a: Tsareena|Triple Axel|p2a: Roselia
|-supereffective|p2a: Roselia
|-damage|p2a: Roselia|62/100 brn
|-supereffective|p2a: Roselia
|-damage|p2a: Roselia|23/100 brn
|-supereffective|p2a: Roselia
|-damage|p2a: Roselia|0 fnt
|faint|p2a: Roselia
|-hitcount|p2: Roselia|3
|
|upkeep
|
|t:|1633137148
|switch|p2a: Silvally|Silvally-Ghost|100/100
|-damage|p2a: Silvally|88/100|[from] Stealth Rock
|turn|12
|
|t:|1633137152
|move|p2a: Silvally|Swords Dance|p2a: Silvally
|-boost|p2a: Silvally|atk|2
|move|p1a: Tsareena|Trop Kick|p2a: Silvally
|-damage|p2a: Silvally|54/100
|-unboost|p2a: Silvally|atk|1
|
|upkeep
|turn|13
|
|t:|1633137155
|move|p2a: Silvally|Multi-Attack|p1a: Tsareena
|-damage|p1a: Tsareena|11/100
|move|p1a: Tsareena|Trop Kick|p2a: Silvally
|-damage|p2a: Silvally|15/100
|-unboost|p2a: Silvally|atk|1
|
|upkeep
|turn|14
|
|t:|1633137162
|switch|p1a: Sandaconda|Sandaconda, M|100/100
|-status|p1a: Sandaconda|psn
|move|p2a: Silvally|Multi-Attack|p1a: Sandaconda
|-crit|p1a: Sandaconda
|-damage|p1a: Sandaconda|51/100 psn
|-damage|p2a: Silvally|0 fnt|[from] item: Rocky Helmet|[of] p1a: Sandaconda
|faint|p2a: Silvally
|
|-damage|p1a: Sandaconda|39/100 psn|[from] psn
|upkeep
|
|t:|1633137176
|switch|p2a: Sawk|Sawk, M|100/100
|-damage|p2a: Sawk|94/100|[from] Stealth Rock
|turn|15
|
|t:|1633137180
|move|p2a: Sawk|Close Combat|p1a: Sandaconda
|-damage|p1a: Sandaconda|4/100 psn
|-unboost|p2a: Sawk|def|1
|-unboost|p2a: Sawk|spd|1
|-damage|p2a: Sawk|78/100|[from] item: Rocky Helmet|[of] p1a: Sandaconda
|move|p1a: Sandaconda|Glare|p2a: Sawk
|-status|p2a: Sawk|par
|
|-damage|p1a: Sandaconda|0 fnt|[from] psn
|faint|p1a: Sandaconda
|upkeep
|
|t:|1633137186
|switch|p1a: Tsareena|Tsareena, F, shiny|11/100
|turn|16
|
|t:|1633137190
|move|p1a: Tsareena|Rapid Spin|p2a: Sawk
|-damage|p2a: Sawk|40/100 par
|-boost|p1a: Tsareena|spe|1
|-sideend|p1: AlissonDilaurentis|Toxic Spikes|[from] move: Rapid Spin|[of] p1a: Tsareena
|move|p2a: Sawk|Close Combat|p1a: Tsareena
|-damage|p1a: Tsareena|0 fnt
|-unboost|p2a: Sawk|def|1
|-unboost|p2a: Sawk|spd|1
|faint|p1a: Tsareena
|
|upkeep
|
|t:|1633137196
|switch|p1a: Silvally|Silvally-Ghost|100/100
|turn|17
|
|t:|1633137199
|switch|p2a: Regirock|Regirock|100/100
|-damage|p2a: Regirock|88/100|[from] Stealth Rock
|move|p1a: Silvally|Multi-Attack|p2a: Regirock
|-damage|p2a: Regirock|72/100
|
|-heal|p2a: Regirock|78/100|[from] item: Leftovers
|upkeep
|turn|18
|
|t:|1633137202
|move|p1a: Silvally|Toxic|p2a: Regirock
|-status|p2a: Regirock|tox
|move|p2a: Regirock|Toxic|p1a: Silvally
|-status|p1a: Silvally|tox
|
|-heal|p2a: Regirock|84/100 tox|[from] item: Leftovers
|-damage|p1a: Silvally|94/100 tox|[from] psn
|-damage|p2a: Regirock|78/100 tox|[from] psn
|upkeep
|turn|19
|
|t:|1633137206
|move|p1a: Silvally|Parting Shot|p2a: Regirock
|-fail|p2a: Regirock|unboost|[from] ability: Clear Body|[of] p2a: Regirock
|move|p2a: Regirock|Stealth Rock|p1a: Silvally
|-sidestart|p1: AlissonDilaurentis|move: Stealth Rock
|
|-heal|p2a: Regirock|84/100 tox|[from] item: Leftovers
|-damage|p1a: Silvally|82/100 tox|[from] psn
|-damage|p2a: Regirock|72/100 tox|[from] psn
|upkeep
|turn|20
|
|t:|1633137210
|switch|p1a: Corsola|Corsola-Galar, F|93/100
|-damage|p1a: Corsola|81/100|[from] Stealth Rock
|move|p2a: Regirock|Rock Blast|p1a: Corsola
|-crit|p1a: Corsola
|-damage|p1a: Corsola|72/100
|-damage|p1a: Corsola|67/100
|-start|p2a: Regirock|Disable|Rock Blast|[from] ability: Cursed Body|[of] p1a: Corsola
|-damage|p1a: Corsola|61/100
|-damage|p1a: Corsola|54/100
|-hitcount|p1a: Corsola|4
|
|-heal|p2a: Regirock|78/100 tox|[from] item: Leftovers
|-damage|p2a: Regirock|60/100 tox|[from] psn
|upkeep
|turn|21
|
|t:|1633137217
|switch|p2a: Sawk|Sawk, M|40/100 par
|-damage|p2a: Sawk|34/100 par|[from] Stealth Rock
|switch|p1a: Silvally|Silvally-Ghost|82/100 tox
|-damage|p1a: Silvally|70/100 tox|[from] Stealth Rock
|
|-damage|p1a: Silvally|64/100 tox|[from] psn
|upkeep
|turn|22
|
|t:|1633137226
|switch|p2a: Drampa|Drampa, M, shiny|100/100
|move|p1a: Silvally|Multi-Attack|p2a: Drampa
|-immune|p2a: Drampa
|
|-damage|p1a: Silvally|52/100 tox|[from] psn
|upkeep
|turn|23
|
|t:|1633137234
|switch|p2a: Regirock|Regirock|60/100 tox
|-damage|p2a: Regirock|47/100 tox|[from] Stealth Rock
|move|p1a: Silvally|Parting Shot|p2a: Regirock
|-fail|p2a: Regirock|unboost|[from] ability: Clear Body|[of] p2a: Regirock
|
|-heal|p2a: Regirock|53/100 tox|[from] item: Leftovers
|-damage|p1a: Silvally|33/100 tox|[from] psn
|-damage|p2a: Regirock|47/100 tox|[from] psn
|upkeep
|turn|24
|
|t:|1633137241
|switch|p1a: Corsola|Corsola-Galar, F|54/100
|-damage|p1a: Corsola|42/100|[from] Stealth Rock
|move|p2a: Regirock|Rock Blast|p1a: Corsola
|-damage|p1a: Corsola|36/100
|-start|p2a: Regirock|Disable|Rock Blast|[from] ability: Cursed Body|[of] p1a: Corsola
|-damage|p1a: Corsola|30/100
|-damage|p1a: Corsola|24/100
|-damage|p1a: Corsola|18/100
|-damage|p1a: Corsola|12/100
|-hitcount|p1a: Corsola|5
|
|-heal|p2a: Regirock|53/100 tox|[from] item: Leftovers
|-damage|p2a: Regirock|41/100 tox|[from] psn
|upkeep
|turn|25
|
|t:|1633137254
|move|p2a: Regirock|Toxic|p1a: Corsola
|-status|p1a: Corsola|tox
|move|p1a: Corsola|Strength Sap|p2a: Regirock
|-fail|p2a: Regirock|unboost|[from] ability: Clear Body|[of] p2a: Regirock
|-heal|p1a: Corsola|85/100 tox
|
|-heal|p2a: Regirock|47/100 tox|[from] item: Leftovers
|-damage|p2a: Regirock|29/100 tox|[from] psn
|-damage|p1a: Corsola|79/100 tox|[from] psn
|upkeep
|turn|26
|
|t:|1633137261
|switch|p2a: Whimsicott|Whimsicott, F|100/100
|-damage|p2a: Whimsicott|88/100|[from] Stealth Rock
|move|p1a: Corsola|Night Shade|p2a: Whimsicott
|-damage|p2a: Whimsicott|50/100
|
|-damage|p1a: Corsola|67/100 tox|[from] psn
|upkeep
|turn|27
|
|t:|1633137267
|switch|p1a: Silvally|Silvally-Ghost|33/100 tox
|-damage|p1a: Silvally|21/100 tox|[from] Stealth Rock
|move|p2a: Whimsicott|Moonblast|p1a: Silvally
|-crit|p1a: Silvally
|-damage|p1a: Silvally|0 fnt
|faint|p1a: Silvally
|
|upkeep
|
|t:|1633137270
|switch|p1a: Hitmonlee|Hitmonlee, M|100/100
|-damage|p1a: Hitmonlee|94/100|[from] Stealth Rock
|turn|28
|
|t:|1633137277
|switch|p2a: Sawk|Sawk, M|34/100 par
|-damage|p2a: Sawk|28/100 par|[from] Stealth Rock
|move|p1a: Hitmonlee|Endure||[still]
|-fail|p1a: Hitmonlee
|
|upkeep
|turn|29
|
|t:|1633137287
|move|p1a: Hitmonlee|Poison Jab|p2a: Sawk
|-damage|p2a: Sawk|0 fnt
|faint|p2a: Sawk
|
|upkeep
|
|t:|1633137294
|switch|p2a: Whimsicott|Whimsicott, F|50/100
|-damage|p2a: Whimsicott|38/100|[from] Stealth Rock
|turn|30
|
|t:|1633137297
|move|p1a: Hitmonlee|Endure|p1a: Hitmonlee
|-singleturn|p1a: Hitmonlee|move: Endure
|move|p2a: Whimsicott|Moonblast|p1a: Hitmonlee
|-supereffective|p1a: Hitmonlee
|-activate|p1a: Hitmonlee|move: Endure
|-damage|p1a: Hitmonlee|1/100
|-unboost|p1a: Hitmonlee|spa|1
|-enditem|p1a: Hitmonlee|Liechi Berry|[eat]
|-boost|p1a: Hitmonlee|atk|1|[from] item: Liechi Berry
|
|upkeep
|turn|31
|
|t:|1633137305
|move|p1a: Hitmonlee|Poison Jab|p2a: Whimsicott
|-supereffective|p2a: Whimsicott
|-damage|p2a: Whimsicott|0 fnt
|faint|p2a: Whimsicott
|
|upkeep
|
|t:|1633137312
|switch|p2a: Drampa|Drampa, M, shiny|100/100
|turn|32
|
|t:|1633137315
|move|p1a: Hitmonlee|Reversal|p2a: Drampa
|-supereffective|p2a: Drampa
|-damage|p2a: Drampa|0 fnt
|faint|p2a: Drampa
|
|upkeep
|c|☆Steven Davis|gg
|
|t:|1633137318
|switch|p2a: Regirock|Regirock|29/100 tox
|-damage|p2a: Regirock|17/100 tox|[from] Stealth Rock
|turn|33
|
|t:|1633137322
|move|p1a: Hitmonlee|Reversal|p2a: Regirock
|-supereffective|p2a: Regirock
|-damage|p2a: Regirock|0 fnt
|faint|p2a: Regirock
|
|win|AlissonDilaurentis
|raw|AlissonDilaurentis's rating: 1426 &rarr; <strong>1454</strong><br />(+28 for winning)
|raw|Steven Davis's rating: 1567 &rarr; <strong>1539</strong><br />(-28 for losing)
|l|☆Steven Davis
