|j|☆allstarapology
|j|☆Shing'n Streets
|player|p1|allstarapology|iris-gen5bw2|1556
|player|p2|Shing'n Streets|marley|1498
|teamsize|p1|6
|teamsize|p2|6
|gametype|singles
|gen|8
|tier|[Gen 8] PU
|rated|
|clearpoke
|poke|p1|Rapidash-Galar, M|
|poke|p1|Mawile, M|
|poke|p1|Mareanie, M|
|poke|p1|Golurk|
|poke|p1|Hitmontop, M|
|poke|p1|Leafeon, M|
|poke|p2|Golurk|
|poke|p2|Mawile, M|
|poke|p2|Type: Null|
|poke|p2|Mareanie, M|
|poke|p2|Hitmontop, M|
|poke|p2|Raboot, F|
|rule|Sleep Clause Mod: Limit one foe put to sleep
|rule|Species Clause: Limit one of each Pokémon
|rule|OHKO Clause: OHKO moves are banned
|rule|Evasion Moves Clause: Evasion moves are banned
|rule|Endless Battle Clause: Forcing endless battles is banned
|rule|HP Percentage Mod: HP is shown in percentages
|rule|Dynamax Clause: You cannot dynamax
|teampreview
|inactive|Battle timer is ON: inactive players will automatically lose when time's up. (requested by allstarapology)
|c|☆Shing'n Streets|I have a bad feeling I won't get to 1500
|c|☆allstarapology|hf
|c|☆Shing'n Streets|u2
|
|start
|switch|p1a: Golurk|Golurk|100/100
|switch|p2a: GOAT|Golurk|100/100
|turn|1
|j|+slowbroth
|
|switch|p1a: Leafeon|Leafeon, M|100/100
|move|p2a: GOAT|Ice Punch|p1a: Leafeon
|-supereffective|p1a: Leafeon
|-damage|p1a: Leafeon|42/100
|
|upkeep
|turn|2
|j| uult5 somalia
|
|switch|p1a: Mareanie|Mareanie, M|100/100
|switch|p2a: Raboot|Raboot, F|100/100
|
|upkeep
|turn|3
|
|switch|p2a: GOAT|Golurk|100/100
|move|p1a: Mareanie|Knock Off|p2a: GOAT
|-supereffective|p2a: GOAT
|-damage|p2a: GOAT|67/100
|-enditem|p2a: GOAT|Choice Scarf|[from] move: Knock Off|[of] p1a: Mareanie
|
|upkeep
|turn|4
|
|move|p2a: GOAT|Ice Punch|p1a: Mareanie
|-resisted|p1a: Mareanie
|-damage|p1a: Mareanie|89/100
|move|p1a: Mareanie|Toxic Spikes|p2a: GOAT
|-sidestart|p2: Shing'n Streets|move: Toxic Spikes
|
|upkeep
|turn|5
|
|switch|p2a: Mareanie|Mareanie, M|100/100
|-sideend|p2: Shing'n Streets|move: Toxic Spikes|[of] p2a: Mareanie
|switch|p1a: Leafeon|Leafeon, M|42/100
|
|upkeep
|turn|6
|
|switch|p2a: BOAT|Mawile, M|100/100
|-ability|p2a: BOAT|Intimidate|boost
|-unboost|p1a: Leafeon|atk|1
|move|p1a: Leafeon|Synthesis|p1a: Leafeon
|-heal|p1a: Leafeon|92/100
|
|upkeep
|turn|7
|
|switch|p1a: Mawile|Mawile, M|100/100
|-ability|p1a: Mawile|Intimidate|boost
|-unboost|p2a: BOAT|atk|1
|move|p2a: BOAT|Stealth Rock|p1a: Mawile
|-sidestart|p1: allstarapology|move: Stealth Rock
|
|upkeep
|turn|8
|
|switch|p2a: Mareanie|Mareanie, M|100/100
|move|p1a: Mawile|Stealth Rock|p2a: Mareanie
|-sidestart|p2: Shing'n Streets|move: Stealth Rock
|
|upkeep
|turn|9
|
|move|p1a: Mawile|Knock Off|p2a: Mareanie
|-damage|p2a: Mareanie|85/100
|-enditem|p2a: Mareanie|Eviolite|[from] move: Knock Off|[of] p1a: Mawile
|move|p2a: Mareanie|Toxic Spikes|p1a: Mawile
|-sidestart|p1: allstarapology|move: Toxic Spikes
|
|upkeep
|turn|10
|
|switch|p1a: Mareanie|Mareanie, M|100/100
|-sideend|p1: allstarapology|move: Toxic Spikes|[of] p1a: Mareanie
|-damage|p1a: Mareanie|88/100|[from] Stealth Rock
|move|p2a: Mareanie|Scald|p1a: Mareanie
|-resisted|p1a: Mareanie
|-damage|p1a: Mareanie|79/100
|-status|p1a: Mareanie|brn
|
|-damage|p1a: Mareanie|73/100 brn|[from] brn
|upkeep
|turn|11
|
|switch|p2a: Hitmontop|Hitmontop, M|100/100
|-damage|p2a: Hitmontop|95/100|[from] Stealth Rock
|-ability|p2a: Hitmontop|Intimidate|boost
|-unboost|p1a: Mareanie|atk|1
|switch|p1a: Hitmontop|Hitmontop, M|100/100
|-damage|p1a: Hitmontop|94/100|[from] Stealth Rock
|
|-heal|p2a: Hitmontop|100/100|[from] item: Leftovers
|upkeep
|turn|12
|
|switch|p1a: Golurk|Golurk|100/100
|-damage|p1a: Golurk|95/100|[from] Stealth Rock
|move|p2a: Hitmontop|Toxic|p1a: Golurk
|-status|p1a: Golurk|tox
|
|-damage|p1a: Golurk|89/100 tox|[from] psn
|upkeep
|turn|13
|
|switch|p2a: Type: Null|Type: Null|100/100
|-damage|p2a: Type: Null|88/100|[from] Stealth Rock
|move|p1a: Golurk|Earthquake|p2a: Type: Null
|-damage|p2a: Type: Null|39/100
|
|-damage|p1a: Golurk|77/100 tox|[from] psn
|upkeep
|turn|14
|
|move|p1a: Golurk|Earthquake|p2a: Type: Null
|-damage|p2a: Type: Null|0 fnt
|faint|p2a: Type: Null
|
|-damage|p1a: Golurk|59/100 tox|[from] psn
|upkeep
|
|switch|p2a: Raboot|Raboot, F|100/100
|-damage|p2a: Raboot|75/100|[from] Stealth Rock
|turn|15
|
|move|p2a: Raboot|U-turn|p1a: Golurk
|-start|p2a: Raboot|typechange|Bug|[from] ability: Libero
|-resisted|p1a: Golurk
|-damage|p1a: Golurk|39/100 tox
|
|switch|p2a: BOAT|Mawile, M|100/100|[from]move: U-turn
|-damage|p2a: BOAT|94/100|[from] Stealth Rock
|-ability|p2a: BOAT|Intimidate|boost
|-unboost|p1a: Golurk|atk|1
|move|p1a: Golurk|Earthquake|p2a: BOAT
|-supereffective|p2a: BOAT
|-damage|p2a: BOAT|1/100
|
|-damage|p1a: Golurk|16/100 tox|[from] psn
|upkeep
|turn|16
|
|switch|p1a: Mareanie|Mareanie, M|100/100 brn
|-damage|p1a: Mareanie|88/100 brn|[from] Stealth Rock
|move|p2a: BOAT|Knock Off|p1a: Mareanie
|-damage|p1a: Mareanie|74/100 brn
|-enditem|p1a: Mareanie|Eviolite|[from] move: Knock Off|[of] p2a: BOAT
|
|-damage|p1a: Mareanie|68/100 brn|[from] brn
|upkeep
|turn|17
|
|switch|p2a: Hitmontop|Hitmontop, M|100/100
|-damage|p2a: Hitmontop|95/100|[from] Stealth Rock
|-ability|p2a: Hitmontop|Intimidate|boost
|-unboost|p1a: Mareanie|atk|1
|move|p1a: Mareanie|Knock Off|p2a: Hitmontop
|-resisted|p2a: Hitmontop
|-damage|p2a: Hitmontop|92/100
|-enditem|p2a: Hitmontop|Leftovers|[from] move: Knock Off|[of] p1a: Mareanie
|
|-damage|p1a: Mareanie|62/100 brn|[from] brn
|upkeep
|turn|18
|
|switch|p1a: Golurk|Golurk|16/100 tox
|-damage|p1a: Golurk|10/100 tox|[from] Stealth Rock
|move|p2a: Hitmontop|Rapid Spin|p1a: Golurk
|-immune|p1a: Golurk
|
|-damage|p1a: Golurk|4/100 tox|[from] psn
|upkeep
|turn|19
|j| BirthdayDadRevenge
|
|move|p2a: Hitmontop|Sucker Punch|p1a: Golurk
|-supereffective|p1a: Golurk
|-damage|p1a: Golurk|0 fnt
|faint|p1a: Golurk
|
|upkeep
|
|switch|p1a: Rapidash|Rapidash-Galar, M|100/100
|-damage|p1a: Rapidash|88/100|[from] Stealth Rock
|turn|20
|
|move|p1a: Rapidash|Calm Mind|p1a: Rapidash
|-boost|p1a: Rapidash|spa|1
|-boost|p1a: Rapidash|spd|1
|move|p2a: Hitmontop|Rapid Spin|p1a: Rapidash
|-damage|p1a: Rapidash|68/100
|-boost|p2a: Hitmontop|spe|1
|-sideend|p2: Shing'n Streets|Stealth Rock|[from] move: Rapid Spin|[of] p2a: Hitmontop
|-enditem|p1a: Rapidash|Kee Berry|[eat]
|-boost|p1a: Rapidash|def|1|[from] item: Kee Berry
|
|upkeep
|turn|21
|
|switch|p2a: Mareanie|Mareanie, M|100/100
|move|p1a: Rapidash|Calm Mind|p1a: Rapidash
|-boost|p1a: Rapidash|spa|1
|-boost|p1a: Rapidash|spd|1
|
|upkeep
|turn|22
|
|move|p1a: Rapidash|Stored Power|p2a: Mareanie
|-supereffective|p2a: Mareanie
|-damage|p2a: Mareanie|0 fnt
|faint|p2a: Mareanie
|
|upkeep
|
|switch|p2a: Raboot|Raboot, F|75/100
|turn|23
|
|move|p1a: Rapidash|Stored Power|p2a: Raboot
|-damage|p2a: Raboot|0 fnt
|faint|p2a: Raboot
|
|upkeep
|c|☆Shing'n Streets|gg
|
|switch|p2a: BOAT|Mawile, M|1/100
|-ability|p2a: BOAT|Intimidate|boost
|-unboost|p1a: Rapidash|atk|1
|turn|24
|c|☆allstarapology|gg
|
|move|p1a: Rapidash|Mystical Fire|p2a: BOAT
|-supereffective|p2a: BOAT
|-damage|p2a: BOAT|0 fnt
|faint|p2a: BOAT
|
|upkeep
|
|switch|p2a: Hitmontop|Hitmontop, M|92/100
|-ability|p2a: Hitmontop|Intimidate|boost
|-unboost|p1a: Rapidash|atk|1
|turn|25
|j|+tjay
|
|move|p1a: Rapidash|Stored Power|p2a: Hitmontop
|-supereffective|p2a: Hitmontop
|-damage|p2a: Hitmontop|0 fnt
|faint|p2a: Hitmontop
|
|upkeep
|
|switch|p2a: GOAT|Golurk|67/100
|turn|26
|
|move|p1a: Rapidash|Stored Power|p2a: GOAT
|-damage|p2a: GOAT|0 fnt
|faint|p2a: GOAT
|
|win|allstarapology
|l|☆Shing'n Streets
