|j|☆LadyMonitaSuxA55
|j|☆bababi
|t:|1652633898
|gametype|singles
|player|p1|LadyMonitaSuxA55|doubleteam|
|player|p2|bababi|cress|
|teamsize|p1|6
|teamsize|p2|6
|gen|8
|tier|[Gen 8] PU
|rated|Tournament battle
|rule|Sleep Clause Mod: Limit one foe put to sleep
|rule|Species Clause: Limit one of each Pokémon
|rule|OHKO Clause: OHKO moves are banned
|rule|Evasion Moves Clause: Evasion moves are banned
|rule|Endless Battle Clause: Forcing endless battles is banned
|rule|HP Percentage Mod: HP is shown in percentages
|rule|Dynamax Clause: You cannot dynamax
|clearpoke
|poke|p1|Arctovish|
|poke|p1|Articuno-Galar|
|poke|p1|Charizard, M|
|poke|p1|Kabutops, M|
|poke|p1|Sandaconda, M|
|poke|p1|Jellicent, M|
|poke|p2|Hattrem, F|
|poke|p2|Scyther, M|
|poke|p2|Jellicent, F|
|poke|p2|Togedemaru, M|
|poke|p2|Regirock|
|poke|p2|Silvally-*|
|teampreview
|
|t:|1652633906
|start
|switch|p1a: Sandaconda|Sandaconda, M|100/100
|switch|p2a: Scyther|Scyther, M|100/100
|turn|1
|j| ur mums dad
|
|t:|1652633912
|move|p2a: Scyther|U-turn|p1a: Sandaconda
|-damage|p1a: Sandaconda|71/100
|-damage|p2a: Scyther|84/100|[from] item: Rocky Helmet|[of] p1a: Sandaconda
|
|t:|1652633914
|switch|p2a: Hattrem|Hattrem, F|100/100|[from]move: U-turn
|move|p1a: Sandaconda|Stealth Rock|p2a: Hattrem
|move|p2a: Hattrem|Stealth Rock|p1a: Sandaconda|[from]ability: Magic Bounce
|-sidestart|p1: LadyMonitaSuxA55|move: Stealth Rock
|
|upkeep
|turn|2
|c| ur mums dad|go monita
|j| Povfren
|j| Haffling
|
|t:|1652633924
|move|p1a: Sandaconda|Earthquake|p2a: Hattrem
|-damage|p2a: Hattrem|77/100
|move|p2a: Hattrem|Mystical Fire|p1a: Sandaconda
|-damage|p1a: Sandaconda|52/100
|-unboost|p1a: Sandaconda|spa|1
|
|upkeep
|turn|3
|
|t:|1652633930
|switch|p2a: Jellicent|Jellicent, F|100/100
|move|p1a: Sandaconda|Earthquake|p2a: Jellicent
|-damage|p2a: Jellicent|52/100
|
|upkeep
|turn|4
|c| ur mums dad|u better win after haxing me xD
|
|t:|1652633942
|move|p2a: Jellicent|Shadow Ball|p1a: Sandaconda
|-damage|p1a: Sandaconda|0 fnt
|faint|p1a: Sandaconda
|
|upkeep
|
|t:|1652633954
|switch|p1a: Kabutops|Kabutops, M|100/100
|-damage|p1a: Kabutops|88/100|[from] Stealth Rock
|turn|5
|
|t:|1652633964
|switch|p2a: Regirock|Regirock|100/100
|move|p1a: Kabutops|Knock Off|p2a: Regirock
|-damage|p2a: Regirock|88/100
|-enditem|p2a: Regirock|Leftovers|[from] move: Knock Off|[of] p1a: Kabutops
|
|upkeep
|turn|6
|
|t:|1652633976
|move|p1a: Kabutops|Liquidation|p2a: Regirock
|-supereffective|p2a: Regirock
|-damage|p2a: Regirock|52/100
|move|p2a: Regirock|Toxic|p1a: Kabutops|[miss]
|-miss|p2a: Regirock|p1a: Kabutops
|
|upkeep
|turn|7
|
|t:|1652633981
|move|p1a: Kabutops|Liquidation|p2a: Regirock
|-supereffective|p2a: Regirock
|-damage|p2a: Regirock|15/100
|move|p2a: Regirock|Body Press|p1a: Kabutops
|-supereffective|p1a: Kabutops
|-damage|p1a: Kabutops|0 fnt
|faint|p1a: Kabutops
|
|upkeep
|c|☆LadyMonitaSuxA55|get outta here lefties
|
|t:|1652633994
|switch|p1a: Arctovish|Arctovish|100/100
|-damage|p1a: Arctovish|76/100|[from] Stealth Rock
|turn|8
|
|t:|1652634001
|move|p1a: Arctovish|Fishious Rend|p2a: Regirock
|-supereffective|p2a: Regirock
|-damage|p2a: Regirock|0 fnt
|faint|p2a: Regirock
|
|upkeep
|
|t:|1652634004
|switch|p2a: Jellicent|Jellicent, F|52/100
|turn|9
|
|t:|1652634015
|switch|p1a: Jellicent|Jellicent, M|100/100
|-damage|p1a: Jellicent|88/100|[from] Stealth Rock
|move|p2a: Jellicent|Shadow Ball|p1a: Jellicent
|-supereffective|p1a: Jellicent
|-damage|p1a: Jellicent|3/100
|
|-heal|p1a: Jellicent|9/100|[from] item: Leftovers
|upkeep
|turn|10
|
|t:|1652634022
|move|p2a: Jellicent|Shadow Ball|p1a: Jellicent
|-supereffective|p1a: Jellicent
|-damage|p1a: Jellicent|0 fnt
|faint|p1a: Jellicent
|
|upkeep
|c|☆LadyMonitaSuxA55|dang outsped
|l| Povfren
|
|t:|1652634034
|switch|p1a: Articuno|Articuno-Galar|100/100
|turn|11
|
|t:|1652634042
|switch|p2a: Togedemaru|Togedemaru, M|100/100
|move|p1a: Articuno|Future Sight|p2a: Togedemaru
|-start|p1a: Articuno|move: Future Sight
|
|upkeep
|turn|12
|c| ur mums dad|1 speed ev i think
|c|☆bababi|i'm not gonna run specs without speed
|
|t:|1652634054
|move|p1a: Articuno|Hurricane|p2a: Togedemaru
|-resisted|p2a: Togedemaru
|-damage|p2a: Togedemaru|90/100
|-start|p2a: Togedemaru|confusion
|-activate|p2a: Togedemaru|confusion
|move|p2a: Togedemaru|U-turn|p1a: Articuno
|-damage|p1a: Articuno|84/100
|
|t:|1652634056
|switch|p2a: Scyther|Scyther, M|84/100|[from]move: U-turn
|
|upkeep
|turn|13
|j| Lila Rossi
|
|t:|1652634062
|move|p2a: Scyther|U-turn|p1a: Articuno
|-damage|p1a: Articuno|33/100
|
|t:|1652634064
|switch|p2a: Togedemaru|Togedemaru, M|90/100|[from]move: U-turn
|move|p1a: Articuno|U-turn|p2a: Togedemaru
|-resisted|p2a: Togedemaru
|-damage|p2a: Togedemaru|81/100
|c| ur mums dad|o its specks
|
|t:|1652634069
|switch|p1a: Charizard|Charizard, M|100/100|[from]move: U-turn
|
|-end|p2a: Togedemaru|move: Future Sight
|-resisted|p2a: Togedemaru
|-damage|p2a: Togedemaru|60/100
|-heal|p2a: Togedemaru|66/100|[from] item: Leftovers
|upkeep
|turn|14
|c| Haffling|well it dont help that youre super weak to jelly
|
|t:|1652634075
|switch|p2a: Silvally|Silvally-Fairy|100/100
|move|p1a: Charizard|Flamethrower|p2a: Silvally
|-damage|p2a: Silvally|64/100
|
|upkeep
|turn|15
|
|t:|1652634083
|move|p1a: Charizard|Defog|p2a: Silvally
|-unboost|p2a: Silvally|evasion|1
|-sideend|p1: LadyMonitaSuxA55|Stealth Rock|[from] move: Defog|[of] p1a: Charizard
|move|p2a: Silvally|U-turn|p1a: Charizard
|-resisted|p1a: Charizard
|-damage|p1a: Charizard|95/100
|
|t:|1652634089
|switch|p2a: Hattrem|Hattrem, F|77/100|[from]move: U-turn
|
|upkeep
|turn|16
|
|t:|1652634094
|move|p1a: Charizard|Hurricane|p2a: Hattrem|[miss]
|-miss|p1a: Charizard|p2a: Hattrem
|move|p2a: Hattrem|Nuzzle|p1a: Charizard
|-supereffective|p1a: Charizard
|-crit|p1a: Charizard
|-damage|p1a: Charizard|86/100
|-status|p1a: Charizard|par
|
|upkeep
|turn|17
|
|t:|1652634099
|move|p1a: Charizard|Hurricane|p2a: Hattrem
|-damage|p2a: Hattrem|32/100
|move|p2a: Hattrem|Mystical Fire|p1a: Charizard
|-resisted|p1a: Charizard
|-damage|p1a: Charizard|77/100 par
|-unboost|p1a: Charizard|spa|1
|
|upkeep
|turn|18
|
|t:|1652634104
|cant|p1a: Charizard|par
|move|p2a: Hattrem|Nuzzle|p1a: Charizard
|-supereffective|p1a: Charizard
|-damage|p1a: Charizard|71/100 par
|
|upkeep
|turn|19
|
|t:|1652634107
|move|p1a: Charizard|Hurricane|p2a: Hattrem
|-crit|p2a: Hattrem
|-damage|p2a: Hattrem|0 fnt
|faint|p2a: Hattrem
|
|upkeep
|
|t:|1652634108
|switch|p2a: Jellicent|Jellicent, F|52/100
|turn|20
|
|t:|1652634115
|move|p2a: Jellicent|Shadow Ball|p1a: Charizard
|-damage|p1a: Charizard|8/100 par
|cant|p1a: Charizard|par
|
|upkeep
|turn|21
|
|t:|1652634119
|move|p2a: Jellicent|Shadow Ball|p1a: Charizard
|-damage|p1a: Charizard|0 fnt
|faint|p1a: Charizard
|
|upkeep
|
|t:|1652634124
|switch|p1a: Articuno|Articuno-Galar|33/100
|turn|22
|
|t:|1652634126
|move|p1a: Articuno|Hurricane|p2a: Jellicent|[miss]
|-miss|p1a: Articuno|p2a: Jellicent
|move|p2a: Jellicent|Shadow Ball|p1a: Articuno
|-supereffective|p1a: Articuno
|-damage|p1a: Articuno|0 fnt
|faint|p1a: Articuno
|
|upkeep
|c| ur mums dad|gg
|c|☆LadyMonitaSuxA55|ggs
|
|t:|1652634133
|switch|p1a: Arctovish|Arctovish|76/100
|turn|23
|c|☆bababi|gg
|
|t:|1652634135
|move|p2a: Jellicent|Shadow Ball|p1a: Arctovish
|-damage|p1a: Arctovish|12/100
|-unboost|p1a: Arctovish|spd|1
|move|p1a: Arctovish|Psychic Fangs|p2a: Jellicent
|-damage|p2a: Jellicent|3/100
|
|upkeep
|turn|24
|
|t:|1652634142
|move|p2a: Jellicent|Shadow Ball|p1a: Arctovish
|-damage|p1a: Arctovish|0 fnt
|faint|p1a: Arctovish
|
|win|bababi
|n|☆LadyMonitaSuxA55|ladymonitasuxa55
|n|☆bababi|bababi
|n| ur mums dad|urmumsdad
|n| Haffling|haffling
|n| Lila Rossi|lilarossi
