|j|☆JoJo Reference #11
|j|☆BRAND NEW TURBAN
|t:|1666566940
|gametype|singles
|player|p1|JoJo Reference #11|101|1342
|player|p2|BRAND NEW TURBAN|psychic-lgpe|1355
|teamsize|p1|6
|teamsize|p2|6
|gen|8
|tier|[Gen 8] PU
|rated|
|rule|Sleep Clause Mod: Limit one foe put to sleep
|rule|Species Clause: Limit one of each Pokémon
|rule|OHKO Clause: OHKO moves are banned
|rule|Evasion Items Clause: Evasion items are banned
|rule|Evasion Moves Clause: Evasion moves are banned
|rule|Endless Battle Clause: Forcing endless battles is banned
|rule|HP Percentage Mod: HP is shown in percentages
|rule|Dynamax Clause: You cannot dynamax
|clearpoke
|poke|p1|Regirock|
|poke|p1|Glaceon, F|
|poke|p1|Weezing, M|
|poke|p1|Eldegoss, M|
|poke|p1|Togedemaru, F|
|poke|p1|Silvally-*|
|poke|p2|Shuckle, M|
|poke|p2|Scrafty, F|
|poke|p2|Comfey, M|
|poke|p2|Charizard, F|
|poke|p2|Qwilfish, F|
|poke|p2|Silvally-*|
|teampreview
|inactive|Battle timer is ON: inactive players will automatically lose when time's up. (requested by BRAND NEW TURBAN)
|inactive|BRAND NEW TURBAN has 120 seconds left.
|
|t:|1666566986
|start
|switch|p1a: The Glue|Regirock, shiny|100/100
|switch|p2a: Shuckle|Shuckle, M|100/100
|turn|1
|
|t:|1666566991
|move|p1a: The Glue|Stealth Rock|p2a: Shuckle
|-sidestart|p2: BRAND NEW TURBAN|move: Stealth Rock
|move|p2a: Shuckle|Encore|p1a: The Glue
|-start|p1a: The Glue|Encore
|
|upkeep
|turn|2
|
|t:|1666566997
|switch|p1a: Eldegoss|Eldegoss, M|100/100
|switch|p2a: Charizard|Charizard, F|100/100
|
|upkeep
|turn|3
|
|t:|1666567003
|switch|p1a: The Glue|Regirock, shiny|100/100
|move|p2a: Charizard|Flare Blitz|p1a: The Glue
|-resisted|p1a: The Glue
|-damage|p1a: The Glue|88/100
|-damage|p2a: Charizard|96/100|[from] Recoil
|
|-heal|p1a: The Glue|95/100|[from] item: Leftovers
|upkeep
|turn|4
|
|t:|1666567007
|switch|p2a: Shuckle|Shuckle, M|100/100
|-damage|p2a: Shuckle|75/100|[from] Stealth Rock
|move|p1a: The Glue|Rock Blast|p2a: Shuckle
|-supereffective|p2a: Shuckle
|-damage|p2a: Shuckle|65/100
|-supereffective|p2a: Shuckle
|-damage|p2a: Shuckle|54/100
|-hitcount|p2a: Shuckle|2
|
|-heal|p1a: The Glue|100/100|[from] item: Leftovers
|upkeep
|turn|5
|
|t:|1666567011
|move|p1a: The Glue|Rock Blast|p2a: Shuckle
|-supereffective|p2a: Shuckle
|-damage|p2a: Shuckle|44/100
|-supereffective|p2a: Shuckle
|-damage|p2a: Shuckle|34/100
|-supereffective|p2a: Shuckle
|-damage|p2a: Shuckle|23/100
|-hitcount|p2a: Shuckle|3
|move|p2a: Shuckle|Sticky Web|p1a: The Glue
|-sidestart|p1: JoJo Reference #11|move: Sticky Web
|
|upkeep
|turn|6
|
|t:|1666567013
|switch|p1a: Eldegoss|Eldegoss, M|100/100
|move|p2a: Shuckle|Stealth Rock|p1a: Eldegoss
|-sidestart|p1: JoJo Reference #11|move: Stealth Rock
|
|upkeep
|turn|7
|
|t:|1666567018
|move|p1a: Eldegoss|Rapid Spin|p2a: Shuckle
|-resisted|p2a: Shuckle
|-damage|p2a: Shuckle|21/100
|-boost|p1a: Eldegoss|spe|1
|-sideend|p1: JoJo Reference #11|Stealth Rock|[from] move: Rapid Spin|[of] p1a: Eldegoss
|-sideend|p1: JoJo Reference #11|Sticky Web|[from] move: Rapid Spin|[of] p1a: Eldegoss
|move|p2a: Shuckle|Encore|p1a: Eldegoss
|-start|p1a: Eldegoss|Encore
|
|upkeep
|turn|8
|
|t:|1666567020
|move|p1a: Eldegoss|Rapid Spin|p2a: Shuckle
|-resisted|p2a: Shuckle
|-damage|p2a: Shuckle|20/100
|-boost|p1a: Eldegoss|spe|1
|move|p2a: Shuckle|Sticky Web|p1a: Eldegoss
|-sidestart|p1: JoJo Reference #11|move: Sticky Web
|
|upkeep
|turn|9
|
|t:|1666567024
|move|p1a: Eldegoss|Rapid Spin|p2a: Shuckle
|-resisted|p2a: Shuckle
|-damage|p2a: Shuckle|18/100
|-boost|p1a: Eldegoss|spe|1
|-sideend|p1: JoJo Reference #11|Sticky Web|[from] move: Rapid Spin|[of] p1a: Eldegoss
|move|p2a: Shuckle|Toxic|p1a: Eldegoss
|-status|p1a: Eldegoss|tox
|
|-damage|p1a: Eldegoss|94/100 tox|[from] psn
|upkeep
|turn|10
|
|t:|1666567029
|move|p1a: Eldegoss|Rapid Spin|p2a: Shuckle
|-resisted|p2a: Shuckle
|-damage|p2a: Shuckle|16/100
|-boost|p1a: Eldegoss|spe|1
|move|p2a: Shuckle|Sticky Web|p1a: Eldegoss
|-sidestart|p1: JoJo Reference #11|move: Sticky Web
|
|-damage|p1a: Eldegoss|82/100 tox|[from] psn
|-end|p1a: Eldegoss|Encore
|upkeep
|turn|11
|
|t:|1666567031
|move|p1a: Eldegoss|Aromatherapy|p1a: Eldegoss
|-activate|p1a: Eldegoss|move: Aromatherapy
|-curestatus|p1a: Eldegoss|tox|[msg]
|move|p2a: Shuckle|Encore|p1a: Eldegoss
|-start|p1a: Eldegoss|Encore
|
|upkeep
|turn|12
|
|t:|1666567033
|switch|p1a: Togedemaru|Togedemaru, F|100/100
|-activate|p1a: Togedemaru|move: Sticky Web
|-unboost|p1a: Togedemaru|spe|1
|move|p2a: Shuckle|Sticky Web||[still]
|-fail|p2a: Shuckle
|
|upkeep
|turn|13
|
|t:|1666567035
|move|p1a: Togedemaru|U-turn|p2a: Shuckle
|-damage|p2a: Shuckle|7/100
|
|t:|1666567037
|switch|p1a: Eldegoss|Eldegoss, M|100/100|[from]move: U-turn
|move|p2a: Shuckle|Stealth Rock|p1a: Eldegoss
|-sidestart|p1: JoJo Reference #11|move: Stealth Rock
|
|upkeep
|turn|14
|
|t:|1666567040
|move|p1a: Eldegoss|Rapid Spin|p2a: Shuckle
|-resisted|p2a: Shuckle
|-damage|p2a: Shuckle|5/100
|-boost|p1a: Eldegoss|spe|1
|-sideend|p1: JoJo Reference #11|Stealth Rock|[from] move: Rapid Spin|[of] p1a: Eldegoss
|-sideend|p1: JoJo Reference #11|Sticky Web|[from] move: Rapid Spin|[of] p1a: Eldegoss
|move|p2a: Shuckle|Toxic|p1a: Eldegoss
|-status|p1a: Eldegoss|tox
|
|-damage|p1a: Eldegoss|94/100 tox|[from] psn
|upkeep
|turn|15
|
|t:|1666567046
|move|p1a: Eldegoss|Giga Drain|p2a: Shuckle
|-damage|p2a: Shuckle|0 fnt
|-heal|p1a: Eldegoss|96/100 tox|[from] drain|[of] p2a: Shuckle
|faint|p2a: Shuckle
|
|-damage|p1a: Eldegoss|84/100 tox|[from] psn
|upkeep
|
|t:|1666567056
|switch|p2a: Comfey|Comfey, M|100/100
|-damage|p2a: Comfey|88/100|[from] Stealth Rock
|turn|16
|
|t:|1666567064
|switch|p1a: Togedemaru|Togedemaru, F|100/100
|move|p2a: Comfey|Calm Mind|p2a: Comfey
|-boost|p2a: Comfey|spa|1
|-boost|p2a: Comfey|spd|1
|
|-heal|p2a: Comfey|94/100|[from] item: Leftovers
|upkeep
|turn|17
|
|t:|1666567073
|switch|p2a: Qwilfish|Qwilfish, F|100/100
|-damage|p2a: Qwilfish|88/100|[from] Stealth Rock
|-ability|p2a: Qwilfish|Intimidate|boost
|-unboost|p1a: Togedemaru|atk|1
|move|p1a: Togedemaru|Iron Head|p2a: Qwilfish
|-resisted|p2a: Qwilfish
|-damage|p2a: Qwilfish|76/100
|
|-heal|p2a: Qwilfish|82/100|[from] item: Black Sludge
|upkeep
|turn|18
|
|t:|1666567084
|move|p2a: Qwilfish|Swords Dance|p2a: Qwilfish
|-boost|p2a: Qwilfish|atk|2
|move|p1a: Togedemaru|U-turn|p2a: Qwilfish
|-resisted|p2a: Qwilfish
|-damage|p2a: Qwilfish|74/100
|
|t:|1666567087
|switch|p1a: Weezing|Weezing, M|100/100|[from]move: U-turn
|
|-heal|p2a: Qwilfish|80/100|[from] item: Black Sludge
|upkeep
|turn|19
|
|t:|1666567091
|move|p2a: Qwilfish|Waterfall|p1a: Weezing
|-damage|p1a: Weezing|55/100
|move|p1a: Weezing|Will-O-Wisp|p2a: Qwilfish
|-status|p2a: Qwilfish|brn
|
|-heal|p2a: Qwilfish|86/100 brn|[from] item: Black Sludge
|-heal|p1a: Weezing|61/100|[from] item: Black Sludge
|-damage|p2a: Qwilfish|80/100 brn|[from] brn
|upkeep
|turn|20
|
|t:|1666567101
|switch|p2a: Scrafty|Scrafty, F|100/100
|-damage|p2a: Scrafty|95/100|[from] Stealth Rock
|move|p1a: Weezing|Pain Split|p2a: Scrafty
|-sethp|p2a: Scrafty|85/100|[from] move: Pain Split|[silent]
|-sethp|p1a: Weezing|69/100|[from] move: Pain Split
|
|-heal|p1a: Weezing|75/100|[from] item: Black Sludge
|upkeep
|turn|21
|
|t:|1666567105
|switch|p2a: Charizard|Charizard, F|96/100
|switch|p1a: Silvally|Silvally-Fairy|100/100
|
|upkeep
|turn|22
|
|t:|1666567109
|switch|p1a: The Glue|Regirock, shiny|100/100
|move|p2a: Charizard|Dragon Dance|p2a: Charizard
|-boost|p2a: Charizard|atk|1
|-boost|p2a: Charizard|spe|1
|
|upkeep
|turn|23
|
|t:|1666567115
|switch|p2a: Scrafty|Scrafty, F|85/100
|-damage|p2a: Scrafty|79/100|[from] Stealth Rock
|move|p1a: The Glue|Rock Blast|p2a: Scrafty
|-resisted|p2a: Scrafty
|-damage|p2a: Scrafty|75/100
|-resisted|p2a: Scrafty
|-damage|p2a: Scrafty|70/100
|-hitcount|p2a: Scrafty|2
|
|upkeep
|turn|24
|
|t:|1666567121
|switch|p1a: Silvally|Silvally-Fairy|100/100
|move|p2a: Scrafty|Dragon Dance|p2a: Scrafty
|-boost|p2a: Scrafty|atk|1
|-boost|p2a: Scrafty|spe|1
|
|upkeep
|turn|25
|
|t:|1666567127
|switch|p2a: Qwilfish|Qwilfish, F|80/100 brn
|-damage|p2a: Qwilfish|68/100 brn|[from] Stealth Rock
|-ability|p2a: Qwilfish|Intimidate|boost
|-unboost|p1a: Silvally|atk|1
|move|p1a: Silvally|Multi-Attack|p2a: Qwilfish
|-resisted|p2a: Qwilfish
|-damage|p2a: Qwilfish|44/100 brn
|
|-heal|p2a: Qwilfish|50/100 brn|[from] item: Black Sludge
|-damage|p2a: Qwilfish|44/100 brn|[from] brn
|upkeep
|turn|26
|
|t:|1666567132
|switch|p1a: Weezing|Weezing, M|75/100
|move|p2a: Qwilfish|Swords Dance|p2a: Qwilfish
|-boost|p2a: Qwilfish|atk|2
|
|-heal|p2a: Qwilfish|50/100 brn|[from] item: Black Sludge
|-heal|p1a: Weezing|81/100|[from] item: Black Sludge
|-damage|p2a: Qwilfish|44/100 brn|[from] brn
|upkeep
|turn|27
|
|t:|1666567137
|move|p2a: Qwilfish|Waterfall|p1a: Weezing
|-damage|p1a: Weezing|58/100
|move|p1a: Weezing|Sludge Bomb|p2a: Qwilfish
|-resisted|p2a: Qwilfish
|-damage|p2a: Qwilfish|14/100 brn
|
|-heal|p2a: Qwilfish|20/100 brn|[from] item: Black Sludge
|-heal|p1a: Weezing|64/100|[from] item: Black Sludge
|-damage|p2a: Qwilfish|14/100 brn|[from] brn
|upkeep
|turn|28
|-message|BRAND NEW TURBAN forfeited.
|
|win|JoJo Reference #11
|raw|JoJo Reference #11's rating: 1342 &rarr; <strong>1363</strong><br />(+21 for winning)
|raw|BRAND NEW TURBAN's rating: 1355 &rarr; <strong>1334</strong><br />(-21 for losing)
|l|☆BRAND NEW TURBAN
||Ladder isn't responding, score probably updated but might not have (Request timeout).
