|j|☆Emboar56
|j|☆cafay sen sukr
|t:|1603677242
|player|p1|Emboar56|lucas|1097
|player|p2|cafay sen sukr|swimmer-gen4dp|1389
|teamsize|p1|6
|teamsize|p2|6
|gametype|singles
|gen|8
|tier|[Gen 8] PU
|rated|
|clearpoke
|poke|p1|Crustle, F|
|poke|p1|Whiscash, M|
|poke|p1|Bouffalant, F|
|poke|p1|Jolteon, M|
|poke|p1|Hitmonchan, M|
|poke|p1|Liepard, F|
|poke|p2|Roselia, F|
|poke|p2|Magmar, F|
|poke|p2|Glaceon, M|
|poke|p2|Unfezant, M|
|poke|p2|Hattrem, F|
|poke|p2|Stunfisk, F|
|rule|Sleep Clause Mod: Limit one foe put to sleep
|rule|Species Clause: Limit one of each Pokémon
|rule|OHKO Clause: OHKO moves are banned
|rule|Evasion Moves Clause: Evasion moves are banned
|rule|Endless Battle Clause: Forcing endless battles is banned
|rule|HP Percentage Mod: HP is shown in percentages
|rule|Dynamax Clause: You cannot dynamax
|teampreview
|j| Ktutverde
|inactive|Battle timer is ON: inactive players will automatically lose when time's up. (requested by Emboar56)
|
|t:|1603677257
|start
|switch|p1a: Liepard|Liepard, F|100/100
|switch|p2a: Unfezant|Unfezant, M|100/100
|turn|1
|
|t:|1603677262
|move|p2a: Unfezant|U-turn|p1a: Liepard
|-supereffective|p1a: Liepard
|-damage|p1a: Liepard|9/100
|
|t:|1603677265
|switch|p2a: Stunfisk|Stunfisk, F|100/100|[from]move: U-turn
|move|p1a: Liepard|Hone Claws|p1a: Liepard
|-boost|p1a: Liepard|atk|1
|-boost|p1a: Liepard|accuracy|1
|
|upkeep
|turn|2
|c| Ktutverde|yan: 'j'aime pas les NFE'
|
|t:|1603677270
|move|p1a: Liepard|Seed Bomb|p2a: Stunfisk
|-supereffective|p2a: Stunfisk
|-damage|p2a: Stunfisk|41/100
|-damage|p1a: Liepard|0 fnt|[from] item: Life Orb
|faint|p1a: Liepard
|move|p2a: Stunfisk|Stealth Rock|p1: Liepard
|-sidestart|p1: Emboar56|move: Stealth Rock
|
|-heal|p2a: Stunfisk|47/100|[from] item: Leftovers
|upkeep
|c|☆cafay sen sukr|ikr
|
|t:|1603677280
|switch|p1a: Whiscash|Whiscash, M|100/100
|-damage|p1a: Whiscash|94/100|[from] Stealth Rock
|turn|3
|
|t:|1603677285
|switch|p2a: Glaceon|Glaceon, M|100/100
|move|p1a: Whiscash|Dragon Dance|p1a: Whiscash
|-boost|p1a: Whiscash|atk|1
|-boost|p1a: Whiscash|spe|1
|
|upkeep
|turn|4
|
|t:|1603677289
|move|p1a: Whiscash|Rock Slide|p2a: Glaceon
|-supereffective|p2a: Glaceon
|-damage|p2a: Glaceon|27/100
|move|p2a: Glaceon|Freeze-Dry|p1a: Whiscash
|-supereffective|p1a: Whiscash
|-damage|p1a: Whiscash|0 fnt
|faint|p1a: Whiscash
|
|upkeep
|c| Ktutverde|honeclaws wtf
|c|☆cafay sen sukr|mdr
|
|t:|1603677301
|switch|p1a: Jolteon|Jolteon, M|100/100
|-damage|p1a: Jolteon|88/100|[from] Stealth Rock
|turn|5
|
|t:|1603677304
|move|p1a: Jolteon|Volt Switch|p2a: Glaceon
|-damage|p2a: Glaceon|0 fnt
|faint|p2a: Glaceon
|
|t:|1603677309
|switch|p1a: Crustle|Crustle, F|100/100|[from]move: Volt Switch
|-damage|p1a: Crustle|76/100|[from] Stealth Rock
|
|upkeep
|
|t:|1603677313
|switch|p2a: Magmar|Magmar, F|100/100
|turn|6
|l|☆Emboar56
|inactive|Emboar56 disconnected and has a minute to reconnect!
|player|p1|
|
|t:|1603677339
|move|p2a: Magmar|Fire Blast|p1a: Crustle|[miss]
|-miss|p2a: Magmar|p1a: Crustle
|move|p1a: Crustle|Shell Smash|p1a: Crustle
|-unboost|p1a: Crustle|def|1
|-unboost|p1a: Crustle|spd|1
|-boost|p1a: Crustle|atk|2
|-boost|p1a: Crustle|spa|2
|-boost|p1a: Crustle|spe|2
|-enditem|p1a: Crustle|White Herb
|-clearnegativeboost|p1a: Crustle|[silent]
|
|upkeep
|turn|7
|inactive|cafay sen sukr has 120 seconds left.
|j|☆Emboar56
|inactive|Emboar56 reconnected and has 130 seconds left.
|player|p1|Emboar56|lucas
|c|☆cafay sen sukr|fuck
|c|☆Emboar56|lol
|
|t:|1603677378
|switch|p2a: Unfezant|Unfezant, M|100/100
|move|p1a: Crustle|Stone Edge|p2a: Unfezant
|-supereffective|p2a: Unfezant
|-damage|p2a: Unfezant|0 fnt
|faint|p2a: Unfezant
|
|upkeep
|
|t:|1603677382
|switch|p2a: Stunfisk|Stunfisk, F|47/100
|turn|8
|
|t:|1603677387
|move|p1a: Crustle|Earthquake|p2a: Stunfisk
|-supereffective|p2a: Stunfisk
|-damage|p2a: Stunfisk|0 fnt
|faint|p2a: Stunfisk
|
|upkeep
|
|t:|1603677393
|switch|p2a: Hattrem|Hattrem, F|100/100
|turn|9
|
|t:|1603677396
|move|p1a: Crustle|X-Scissor|p2a: Hattrem
|-supereffective|p2a: Hattrem
|-damage|p2a: Hattrem|0 fnt
|faint|p2a: Hattrem
|
|upkeep
|
|t:|1603677398
|switch|p2a: Roselia|Roselia, F|100/100
|turn|10
|
|t:|1603677402
|move|p1a: Crustle|X-Scissor|p2a: Roselia
|-damage|p2a: Roselia|0 fnt
|faint|p2a: Roselia
|
|upkeep
|
|t:|1603677405
|switch|p2a: Magmar|Magmar, F|100/100
|turn|11
|c|☆Emboar56|gg
|
|t:|1603677411
|move|p1a: Crustle|Earthquake|p2a: Magmar
|-supereffective|p2a: Magmar
|-damage|p2a: Magmar|0 fnt
|faint|p2a: Magmar
|
|win|Emboar56
|c|☆cafay sen sukr|gg
|l|☆Emboar56
|l|☆cafay sen sukr
|raw|Emboar56's rating: 1097 &rarr; <strong>1140</strong><br />(+43 for winning)
|raw|cafay sen sukr's rating: 1389 &rarr; <strong>1355</strong><br />(-34 for losing)
|l| Ktutverde
|j|☆cafay sen sukr
|player|p2|cafay sen sukr|swimmer-gen4dp
