|raw|<div class="broadcast-blue"><strong>This battle is required to be public due to a player having a name starting with 'pult4s3'.</div>
|j|☆PULT4S3 Innuendo
|j|☆stimpakz
|t:|1661986167
|gametype|singles
|player|p1|PULT4S3 Innuendo|misty-gen3|1444
|player|p2|stimpakz|lucas|1614
|teamsize|p1|6
|teamsize|p2|6
|gen|8
|tier|[Gen 8] PU
|rated|
|rule|Sleep Clause Mod: Limit one foe put to sleep
|rule|Species Clause: Limit one of each Pokémon
|rule|OHKO Clause: OHKO moves are banned
|rule|Evasion Items Clause: Evasion items are banned
|rule|Evasion Moves Clause: Evasion moves are banned
|rule|Endless Battle Clause: Forcing endless battles is banned
|rule|HP Percentage Mod: HP is shown in percentages
|rule|Dynamax Clause: You cannot dynamax
|clearpoke
|poke|p1|Ribombee, F|
|poke|p1|Jellicent, M|
|poke|p1|Sandaconda, M|
|poke|p1|Perrserker, F|
|poke|p1|Charizard, F|
|poke|p1|Audino, F|
|poke|p2|Audino, M|
|poke|p2|Quagsire, M|
|poke|p2|Doublade, F|
|poke|p2|Coalossal, F|
|poke|p2|Tangela, M|
|poke|p2|Altaria, M|
|teampreview
|inactive|Battle timer is ON: inactive players will automatically lose when time's up. (requested by stimpakz)
|inactive|PULT4S3 Innuendo has 120 seconds left.
|
|t:|1661986263
|start
|switch|p1a: Sandaconda|Sandaconda, M|100/100
|switch|p2a: Audino|Audino, M|100/100
|turn|1
|
|t:|1661986269
|move|p1a: Sandaconda|Stealth Rock|p2a: Audino
|-sidestart|p2: stimpakz|move: Stealth Rock
|move|p2a: Audino|Knock Off|p1a: Sandaconda
|-damage|p1a: Sandaconda|90/100
|-damage|p2a: Audino|84/100|[from] item: Rocky Helmet|[of] p1a: Sandaconda
|-enditem|p1a: Sandaconda|Rocky Helmet|[from] move: Knock Off|[of] p2a: Audino
|
|upkeep
|turn|2
|
|t:|1661986287
|switch|p1a: Audino|Audino, F|100/100
|switch|p2a: Tangela|Tangela, M|100/100
|-damage|p2a: Tangela|88/100|[from] Stealth Rock
|
|upkeep
|turn|3
|
|t:|1661986294
|switch|p2a: Audino|Audino, M|100/100
|move|p1a: Audino|Knock Off|p2a: Audino
|-damage|p2a: Audino|86/100
|-enditem|p2a: Audino|Heavy-Duty Boots|[from] move: Knock Off|[of] p1a: Audino
|
|upkeep
|turn|4
|
|t:|1661986314
|move|p2a: Audino|Knock Off|p1a: Audino
|-damage|p1a: Audino|87/100
|-enditem|p1a: Audino|Heavy-Duty Boots|[from] move: Knock Off|[of] p2a: Audino
|move|p1a: Audino|Toxic|p2a: Audino
|-status|p2a: Audino|tox
|
|-damage|p2a: Audino|80/100 tox|[from] psn
|upkeep
|turn|5
|
|t:|1661986326
|switch|p1a: Sandaconda|Sandaconda, M|90/100
|move|p2a: Audino|Heal Bell|p2a: Audino
|-activate|p2a: Audino|move: Heal Bell
|-curestatus|p2a: Audino|tox|[msg]
|
|upkeep
|turn|6
|inactive|stimpakz has 120 seconds left.
|
|t:|1661986375
|switch|p1a: Audino|Audino, F|100/100
|switch|p2a: Tangela|Tangela, M|100/100
|-damage|p2a: Tangela|88/100|[from] Stealth Rock
|
|upkeep
|turn|7
|
|t:|1661986400
|switch|p2a: Audino|Audino, M|100/100
|-damage|p2a: Audino|88/100|[from] Stealth Rock
|move|p1a: Audino|Knock Off|p2a: Audino
|-damage|p2a: Audino|79/100
|
|upkeep
|turn|8
|inactive|stimpakz has 120 seconds left.
|
|t:|1661986408
|move|p2a: Audino|Protect|p2a: Audino
|-singleturn|p2a: Audino|Protect
|move|p1a: Audino|Toxic|p2a: Audino
|-activate|p2a: Audino|move: Protect
|
|upkeep
|turn|9
|inactive|stimpakz has 120 seconds left.
|
|t:|1661986431
|switch|p2a: Quagsire|Quagsire, M|100/100
|move|p1a: Audino|Knock Off|p2a: Quagsire
|-damage|p2a: Quagsire|91/100
|-enditem|p2a: Quagsire|Heavy-Duty Boots|[from] move: Knock Off|[of] p1a: Audino
|
|upkeep
|turn|10
|
|t:|1661986435
|switch|p1a: Sandaconda|Sandaconda, M|90/100
|move|p2a: Quagsire|Toxic|p1a: Sandaconda
|-status|p1a: Sandaconda|tox
|
|-activate|p1a: Sandaconda|ability: Shed Skin
|-curestatus|p1a: Sandaconda|tox|[msg]
|upkeep
|turn|11
|
|t:|1661986443
|switch|p1a: Jellicent|Jellicent, M|100/100
|move|p2a: Quagsire|Toxic|p1a: Jellicent
|-status|p1a: Jellicent|tox
|
|-damage|p1a: Jellicent|94/100 tox|[from] psn
|upkeep
|turn|12
|
|t:|1661986451
|switch|p2a: Audino|Audino, M|100/100
|-damage|p2a: Audino|88/100|[from] Stealth Rock
|move|p1a: Jellicent|Trick|p2a: Audino
|-activate|p1a: Jellicent|move: Trick|[of] p2a: Audino
|-item|p2a: Audino|Choice Specs|[from] move: Trick
|-enditem|p1a: Jellicent|Choice Specs|[silent]|[from] move: Trick
|
|-damage|p1a: Jellicent|82/100 tox|[from] psn
|upkeep
|turn|13
|
|t:|1661986468
|switch|p1a: Sandaconda|Sandaconda, M|90/100
|move|p2a: Audino|Knock Off|p1a: Sandaconda
|-damage|p1a: Sandaconda|83/100
|
|upkeep
|turn|14
|
|t:|1661986478
|switch|p1a: Audino|Audino, F|100/100
|switch|p2a: Tangela|Tangela, M|100/100
|-damage|p2a: Tangela|88/100|[from] Stealth Rock
|
|upkeep
|turn|15
|
|t:|1661986482
|switch|p2a: Audino|Audino, M|100/100
|-damage|p2a: Audino|88/100|[from] Stealth Rock
|move|p1a: Audino|Knock Off|p2a: Audino
|-damage|p2a: Audino|74/100
|-enditem|p2a: Audino|Choice Specs|[from] move: Knock Off|[of] p1a: Audino
|
|upkeep
|turn|16
|c|☆stimpakz|oof
|
|t:|1661986493
|move|p2a: Audino|Protect|p2a: Audino
|-singleturn|p2a: Audino|Protect
|move|p1a: Audino|Toxic|p2a: Audino
|-activate|p2a: Audino|move: Protect
|
|upkeep
|turn|17
|
|t:|1661986504
|move|p2a: Audino|Knock Off|p1a: Audino
|-damage|p1a: Audino|91/100
|move|p1a: Audino|Toxic|p2a: Audino
|-status|p2a: Audino|tox
|
|-damage|p2a: Audino|68/100 tox|[from] psn
|upkeep
|turn|18
|
|t:|1661986515
|switch|p2a: Quagsire|Quagsire, M|91/100
|-damage|p2a: Quagsire|85/100|[from] Stealth Rock
|move|p1a: Audino|Wish|p1a: Audino
|
|upkeep
|turn|19
|
|t:|1661986519
|switch|p2a: Audino|Audino, M|100/100 tox
|-damage|p2a: Audino|88/100 tox|[from] Stealth Rock
|move|p1a: Audino|Toxic|p2a: Audino
|-fail|p2a: Audino|tox
|
|-heal|p1a: Audino|100/100|[from] move: Wish|[wisher] Audino
|-damage|p2a: Audino|82/100 tox|[from] psn
|upkeep
|turn|20
|
|t:|1661986525
|move|p1a: Audino|Wish|p1a: Audino
|move|p2a: Audino|Heal Bell|p2a: Audino
|-activate|p2a: Audino|move: Heal Bell
|-curestatus|p2a: Audino|tox|[msg]
|
|upkeep
|turn|21
|
|t:|1661986530
|switch|p1a: Perrserker|Perrserker, F|100/100
|move|p2a: Audino|Protect||[still]
|-fail|p2a: Audino
|
|upkeep
|turn|22
|
|t:|1661986537
|switch|p2a: Tangela|Tangela, M|100/100
|-damage|p2a: Tangela|88/100|[from] Stealth Rock
|move|p1a: Perrserker|U-turn|p2a: Tangela
|-supereffective|p2a: Tangela
|-damage|p2a: Tangela|57/100
|
|t:|1661986541
|switch|p1a: Charizard|Charizard, F, shiny|100/100|[from]move: U-turn
|
|upkeep
|turn|23
|
|t:|1661986547
|switch|p2a: Audino|Audino, M|100/100
|-damage|p2a: Audino|88/100|[from] Stealth Rock
|move|p1a: Charizard|Toxic|p2a: Audino
|-status|p2a: Audino|tox
|
|-damage|p2a: Audino|82/100 tox|[from] psn
|upkeep
|turn|24
|
|t:|1661986554
|switch|p1a: Jellicent|Jellicent, M|82/100 tox
|move|p2a: Audino|Wish|p2a: Audino
|
|-damage|p1a: Jellicent|76/100 tox|[from] psn
|-damage|p2a: Audino|70/100 tox|[from] psn
|upkeep
|turn|25
|
|t:|1661986562
|switch|p1a: Audino|Audino, F|100/100
|move|p2a: Audino|Heal Bell|p2a: Audino
|-activate|p2a: Audino|move: Heal Bell
|-curestatus|p2a: Audino|tox|[msg]
|
|-heal|p2a: Audino|100/100|[from] move: Wish|[wisher] Audino
|upkeep
|turn|26
|
|t:|1661986566
|switch|p2a: Altaria|Altaria, M|100/100
|move|p1a: Audino|Wish|p1a: Audino
|
|upkeep
|turn|27
|
|t:|1661986571
|switch|p2a: Audino|Audino, M|100/100
|-damage|p2a: Audino|88/100|[from] Stealth Rock
|move|p1a: Audino|Toxic|p2a: Audino
|-status|p2a: Audino|tox
|
|-damage|p2a: Audino|82/100 tox|[from] psn
|upkeep
|turn|28
|
|t:|1661986579
|switch|p2a: Altaria|Altaria, M|100/100
|move|p1a: Audino|Wish|p1a: Audino
|
|upkeep
|turn|29
|
|t:|1661986584
|switch|p2a: Audino|Audino, M|100/100 tox
|-damage|p2a: Audino|88/100 tox|[from] Stealth Rock
|switch|p1a: Perrserker|Perrserker, F|100/100
|
|-damage|p2a: Audino|82/100 tox|[from] psn
|upkeep
|turn|30
|
|t:|1661986590
|move|p2a: Audino|Protect|p2a: Audino
|-singleturn|p2a: Audino|Protect
|move|p1a: Perrserker|Iron Head|p2a: Audino
|-activate|p2a: Audino|move: Protect
|
|-damage|p2a: Audino|70/100 tox|[from] psn
|upkeep
|turn|31
|
|t:|1661986595
|switch|p2a: Tangela|Tangela, M|90/100
|-damage|p2a: Tangela|78/100|[from] Stealth Rock
|move|p1a: Perrserker|Iron Head|p2a: Tangela
|-damage|p2a: Tangela|36/100
|
|upkeep
|turn|32
|
|t:|1661986602
|switch|p1a: Ribombee|Ribombee, F|100/100
|switch|p2a: Quagsire|Quagsire, M|85/100
|-damage|p2a: Quagsire|79/100|[from] Stealth Rock
|
|upkeep
|turn|33
|
|t:|1661986612
|move|p1a: Ribombee|U-turn|p2a: Quagsire
|-damage|p2a: Quagsire|70/100
|
|t:|1661986615
|switch|p1a: Jellicent|Jellicent, M|76/100 tox|[from]move: U-turn
|move|p2a: Quagsire|Recover|p2a: Quagsire
|-heal|p2a: Quagsire|100/100
|
|-damage|p1a: Jellicent|70/100 tox|[from] psn
|upkeep
|turn|34
|
|t:|1661986620
|switch|p2a: Altaria|Altaria, M|100/100
|move|p1a: Jellicent|Shadow Ball|p2a: Altaria
|-damage|p2a: Altaria|76/100
|
|-damage|p1a: Jellicent|57/100 tox|[from] psn
|upkeep
|turn|35
|
|t:|1661986625
|switch|p2a: Audino|Audino, M|100/100 tox
|-damage|p2a: Audino|88/100 tox|[from] Stealth Rock
|switch|p1a: Sandaconda|Sandaconda, M|83/100
|
|-damage|p2a: Audino|82/100 tox|[from] psn
|upkeep
|turn|36
|
|t:|1661986634
|switch|p1a: Audino|Audino, F|100/100
|switch|p2a: Tangela|Tangela, M|69/100
|-damage|p2a: Tangela|57/100|[from] Stealth Rock
|
|upkeep
|turn|37
|
|t:|1661986642
|switch|p2a: Audino|Audino, M|100/100 tox
|-damage|p2a: Audino|88/100 tox|[from] Stealth Rock
|move|p1a: Audino|Knock Off|p2a: Audino
|-damage|p2a: Audino|80/100 tox
|
|-damage|p2a: Audino|73/100 tox|[from] psn
|upkeep
|turn|38
|
|t:|1661986647
|move|p1a: Audino|Wish|p1a: Audino
|move|p2a: Audino|Wish|p2a: Audino
|
|-damage|p2a: Audino|61/100 tox|[from] psn
|upkeep
|turn|39
|
|t:|1661986654
|switch|p1a: Jellicent|Jellicent, M|57/100 tox
|move|p2a: Audino|Knock Off|p1a: Jellicent
|-supereffective|p1a: Jellicent
|-damage|p1a: Jellicent|31/100 tox
|
|-heal|p2a: Audino|100/100 tox|[from] move: Wish|[wisher] Audino
|-heal|p1a: Jellicent|91/100 tox|[from] move: Wish|[wisher] Audino
|-damage|p1a: Jellicent|85/100 tox|[from] psn
|-damage|p2a: Audino|82/100 tox|[from] psn
|upkeep
|turn|40
|
|t:|1661986662
|switch|p1a: Sandaconda|Sandaconda, M|83/100
|switch|p2a: Altaria|Altaria, M|76/100
|
|upkeep
|turn|41
|
|t:|1661986666
|switch|p2a: Tangela|Tangela, M|90/100
|-damage|p2a: Tangela|78/100|[from] Stealth Rock
|move|p1a: Sandaconda|Stone Edge|p2a: Tangela
|-damage|p2a: Tangela|67/100
|
|upkeep
|turn|42
|
|t:|1661986672
|switch|p1a: Audino|Audino, F|100/100
|move|p2a: Tangela|Leech Seed|p1a: Audino
|-start|p1a: Audino|move: Leech Seed
|
|-damage|p1a: Audino|88/100|[from] Leech Seed|[of] p2a: Tangela
|-heal|p2a: Tangela|82/100|[silent]
|upkeep
|turn|43
|
|t:|1661986676
|switch|p2a: Quagsire|Quagsire, M|100/100
|-damage|p2a: Quagsire|94/100|[from] Stealth Rock
|switch|p1a: Sandaconda|Sandaconda, M|83/100
|
|upkeep
|turn|44
|
|t:|1661986684
|switch|p1a: Jellicent|Jellicent, M|85/100 tox
|move|p2a: Quagsire|Toxic|p1a: Jellicent
|-fail|p1a: Jellicent|tox
|
|-damage|p1a: Jellicent|79/100 tox|[from] psn
|upkeep
|turn|45
|
|t:|1661986692
|switch|p2a: Altaria|Altaria, M|76/100
|move|p1a: Jellicent|Shadow Ball|p2a: Altaria
|-damage|p2a: Altaria|49/100
|-unboost|p2a: Altaria|spd|1
|
|-damage|p1a: Jellicent|66/100 tox|[from] psn
|upkeep
|turn|46
|
|t:|1661986696
|switch|p1a: Perrserker|Perrserker, F|100/100
|move|p2a: Altaria|Roost|p2a: Altaria
|-heal|p2a: Altaria|99/100
|-singleturn|p2a: Altaria|move: Roost
|
|upkeep
|turn|47
|
|t:|1661986702
|switch|p2a: Tangela|Tangela, M|100/100
|-damage|p2a: Tangela|88/100|[from] Stealth Rock
|move|p1a: Perrserker|Iron Head|p2a: Tangela
|-damage|p2a: Tangela|46/100
|
|upkeep
|turn|48
|
|t:|1661986711
|switch|p2a: Quagsire|Quagsire, M|94/100
|-damage|p2a: Quagsire|88/100|[from] Stealth Rock
|move|p1a: Perrserker|Iron Head|p2a: Quagsire
|-resisted|p2a: Quagsire
|-damage|p2a: Quagsire|56/100
|
|upkeep
|turn|49
|
|t:|1661986714
|move|p1a: Perrserker|Iron Head|p2a: Quagsire
|-resisted|p2a: Quagsire
|-damage|p2a: Quagsire|23/100
|cant|p2a: Quagsire|flinch
|
|upkeep
|turn|50
|
|t:|1661986723
|switch|p1a: Charizard|Charizard, F, shiny|100/100
|switch|p2a: Doublade|Doublade, F|100/100
|-damage|p2a: Doublade|94/100|[from] Stealth Rock
|
|upkeep
|turn|51
|
|t:|1661986733
|switch|p2a: Coalossal|Coalossal, F|100/100
|move|p1a: Charizard|Mystical Fire|p2a: Coalossal
|-resisted|p2a: Coalossal
|-damage|p2a: Coalossal|96/100
|-unboost|p2a: Coalossal|spa|1
|
|upkeep
|turn|52
|
|t:|1661986735
|move|p1a: Charizard|Toxic|p2a: Coalossal
|-status|p2a: Coalossal|tox
|move|p2a: Coalossal|Stealth Rock|p1a: Charizard
|-sidestart|p1: PULT4S3 Innuendo|move: Stealth Rock
|
|-damage|p2a: Coalossal|90/100 tox|[from] psn
|upkeep
|turn|53
|
|t:|1661986739
|move|p1a: Charizard|Defog|p2a: Coalossal
|-unboost|p2a: Coalossal|evasion|1
|-sideend|p2: stimpakz|Stealth Rock|[from] move: Defog|[of] p1a: Charizard
|-sideend|p1: PULT4S3 Innuendo|Stealth Rock|[from] move: Defog|[of] p1a: Charizard
|move|p2a: Coalossal|Rapid Spin|p1a: Charizard
|-damage|p1a: Charizard|89/100
|-boost|p2a: Coalossal|spe|1
|
|-damage|p2a: Coalossal|78/100 tox|[from] psn
|upkeep
|turn|54
|
|t:|1661986742
|switch|p1a: Perrserker|Perrserker, F|100/100
|move|p2a: Coalossal|Stealth Rock|p1a: Perrserker
|-sidestart|p1: PULT4S3 Innuendo|move: Stealth Rock
|
|-damage|p2a: Coalossal|59/100 tox|[from] psn
|upkeep
|turn|55
|
|t:|1661986749
|switch|p2a: Tangela|Tangela, M|79/100
|move|p1a: Perrserker|U-turn|p2a: Tangela
|-supereffective|p2a: Tangela
|-damage|p2a: Tangela|47/100
|
|t:|1661986752
|switch|p1a: Charizard|Charizard, F, shiny|89/100|[from]move: U-turn
|
|upkeep
|turn|56
|
|t:|1661986758
|switch|p2a: Coalossal|Coalossal, F|59/100 tox
|move|p1a: Charizard|Mystical Fire|p2a: Coalossal
|-resisted|p2a: Coalossal
|-damage|p2a: Coalossal|55/100 tox
|-unboost|p2a: Coalossal|spa|1
|
|-damage|p2a: Coalossal|49/100 tox|[from] psn
|upkeep
|turn|57
|
|t:|1661986760
|move|p1a: Charizard|Defog|p2a: Coalossal
|-unboost|p2a: Coalossal|evasion|1
|-sideend|p1: PULT4S3 Innuendo|Stealth Rock|[from] move: Defog|[of] p1a: Charizard
|move|p2a: Coalossal|Rest|p2a: Coalossal
|-status|p2a: Coalossal|slp|[from] move: Rest
|-heal|p2a: Coalossal|100/100 slp|[silent]
|
|upkeep
|turn|58
|
|t:|1661986773
|switch|p1a: Perrserker|Perrserker, F|100/100
|switch|p2a: Audino|Audino, M|100/100 tox
|
|-damage|p2a: Audino|94/100 tox|[from] psn
|upkeep
|turn|59
|
|t:|1661986778
|move|p2a: Audino|Protect|p2a: Audino
|-singleturn|p2a: Audino|Protect
|move|p1a: Perrserker|Close Combat|p2a: Audino
|-activate|p2a: Audino|move: Protect
|
|-damage|p2a: Audino|82/100 tox|[from] psn
|upkeep
|turn|60
|
|t:|1661986785
|switch|p1a: Audino|Audino, F|100/100
|switch|p2a: Doublade|Doublade, F|94/100
|
|upkeep
|turn|61
|
|t:|1661986790
|switch|p2a: Quagsire|Quagsire, M|23/100
|move|p1a: Audino|Knock Off|p2a: Quagsire
|-damage|p2a: Quagsire|16/100
|
|upkeep
|turn|62
|
|t:|1661986797
|move|p1a: Audino|Toxic|p2a: Quagsire
|-status|p2a: Quagsire|tox
|move|p2a: Quagsire|Recover|p2a: Quagsire
|-heal|p2a: Quagsire|66/100 tox
|
|-damage|p2a: Quagsire|60/100 tox|[from] psn
|upkeep
|turn|63
|
|t:|1661986806
|switch|p1a: Perrserker|Perrserker, F|100/100
|move|p2a: Quagsire|Recover|p2a: Quagsire
|-heal|p2a: Quagsire|100/100 tox
|
|-damage|p2a: Quagsire|88/100 tox|[from] psn
|upkeep
|turn|64
|c|☆PULT4S3 Innuendo|are you for real
|c|☆PULT4S3 Innuendo|not switching to audino to heal bell -_-
|
|t:|1661986837
|switch|p2a: Tangela|Tangela, M|80/100
|move|p1a: Perrserker|U-turn|p2a: Tangela
|-supereffective|p2a: Tangela
|-damage|p2a: Tangela|48/100
|
|t:|1661986840
|switch|p1a: Ribombee|Ribombee, F|100/100|[from]move: U-turn
|
|upkeep
|turn|65
|c|☆stimpakz|i am for real.
|
|t:|1661986847
|switch|p2a: Audino|Audino, M|100/100 tox
|move|p1a: Ribombee|Bug Buzz|p2a: Audino
|-crit|p2a: Audino
|-damage|p2a: Audino|66/100 tox
|
|-damage|p2a: Audino|60/100 tox|[from] psn
|upkeep
|turn|66
|
|t:|1661986854
|move|p1a: Ribombee|Bug Buzz|p2a: Audino
|-crit|p2a: Audino
|-damage|p2a: Audino|26/100 tox
|move|p2a: Audino|Heal Bell|p2a: Audino
|-activate|p2a: Audino|move: Heal Bell
|-curestatus|p2a: Audino|tox|[msg]
|-curestatus|p2: Quagsire|tox|[msg]
|-curestatus|p2: Coalossal|slp|[msg]
|
|upkeep
|turn|67
|
|t:|1661986858
|switch|p2a: Coalossal|Coalossal, F|100/100
|move|p1a: Ribombee|U-turn|p2a: Coalossal
|-resisted|p2a: Coalossal
|-damage|p2a: Coalossal|96/100
|
|t:|1661986864
|switch|p1a: Sandaconda|Sandaconda, M|83/100|[from]move: U-turn
|
|upkeep
|turn|68
|
|t:|1661986871
|switch|p2a: Tangela|Tangela, M|82/100
|move|p1a: Sandaconda|Stealth Rock|p2a: Tangela
|-sidestart|p2: stimpakz|move: Stealth Rock
|
|upkeep
|turn|69
|
|t:|1661986875
|switch|p1a: Audino|Audino, F|100/100
|move|p2a: Tangela|Leech Seed|p1a: Audino
|-start|p1a: Audino|move: Leech Seed
|
|-damage|p1a: Audino|88/100|[from] Leech Seed|[of] p2a: Tangela
|-heal|p2a: Tangela|97/100|[silent]
|upkeep
|turn|70
|
|t:|1661986881
|switch|p2a: Altaria|Altaria, M|99/100
|move|p1a: Audino|Knock Off|p2a: Altaria
|-damage|p2a: Altaria|84/100
|-enditem|p2a: Altaria|Heavy-Duty Boots|[from] move: Knock Off|[of] p1a: Audino
|
|-damage|p1a: Audino|76/100|[from] Leech Seed|[of] p2a: Altaria
|-heal|p2a: Altaria|99/100|[silent]
|upkeep
|turn|71
|
|t:|1661986885
|switch|p1a: Sandaconda|Sandaconda, M|83/100
|move|p2a: Altaria|Defog|p1a: Sandaconda
|-unboost|p1a: Sandaconda|evasion|1
|-sideend|p2: stimpakz|Stealth Rock|[from] move: Defog|[of] p2a: Altaria
|
|upkeep
|turn|72
|
|t:|1661986892
|switch|p2a: Quagsire|Quagsire, M|88/100
|move|p1a: Sandaconda|Stealth Rock|p2a: Quagsire
|-sidestart|p2: stimpakz|move: Stealth Rock
|
|upkeep
|turn|73
|
|t:|1661986902
|switch|p1a: Jellicent|Jellicent, M|66/100 tox
|switch|p2a: Tangela|Tangela, M|100/100
|-damage|p2a: Tangela|88/100|[from] Stealth Rock
|
|-damage|p1a: Jellicent|60/100 tox|[from] psn
|upkeep
|turn|74
|
|t:|1661986908
|move|p1a: Jellicent|Trick|p2a: Tangela
|-activate|p1a: Jellicent|move: Trick|[of] p2a: Tangela
|-enditem|p2a: Tangela|Eviolite|[silent]|[from] move: Trick
|-item|p1a: Jellicent|Eviolite|[from] move: Trick
|move|p2a: Tangela|Leech Seed|p1a: Jellicent
|-start|p1a: Jellicent|move: Leech Seed
|
|-damage|p1a: Jellicent|48/100 tox|[from] Leech Seed|[of] p2a: Tangela
|-heal|p2a: Tangela|100/100|[silent]
|-damage|p1a: Jellicent|36/100 tox|[from] psn
|upkeep
|turn|75
|
|t:|1661986919
|switch|p1a: Audino|Audino, F|100/100
|move|p2a: Tangela|Giga Drain|p1a: Audino
|-damage|p1a: Audino|82/100
|
|upkeep
|turn|76
|
|t:|1661986923
|move|p2a: Tangela|Leech Seed|p1a: Audino
|-start|p1a: Audino|move: Leech Seed
|move|p1a: Audino|Wish|p1a: Audino
|
|-damage|p1a: Audino|70/100|[from] Leech Seed|[of] p2a: Tangela
|upkeep
|turn|77
|
|t:|1661986926
|switch|p2a: Altaria|Altaria, M|99/100
|-damage|p2a: Altaria|74/100|[from] Stealth Rock
|switch|p1a: Jellicent|Jellicent, M|36/100 tox
|
|-heal|p1a: Jellicent|96/100 tox|[from] move: Wish|[wisher] Audino
|-damage|p1a: Jellicent|90/100 tox|[from] psn
|upkeep
|turn|78
|
|t:|1661986930
|switch|p1a: Perrserker|Perrserker, F|100/100
|move|p2a: Altaria|Defog|p1a: Perrserker
|-unboost|p1a: Perrserker|evasion|1
|-sideend|p2: stimpakz|Stealth Rock|[from] move: Defog|[of] p2a: Altaria
|
|upkeep
|turn|79
|
|t:|1661986942
|switch|p2a: Doublade|Doublade, F|94/100
|move|p1a: Perrserker|Seed Bomb|p2a: Doublade
|-resisted|p2a: Doublade
|-damage|p2a: Doublade|84/100
|
|upkeep
|turn|80
|
|t:|1661986948
|switch|p1a: Sandaconda|Sandaconda, M|83/100
|move|p2a: Doublade|Shadow Claw|p1a: Sandaconda
|-damage|p1a: Sandaconda|58/100
|
|upkeep
|turn|81
|
|t:|1661986952
|switch|p2a: Tangela|Tangela, M|100/100
|move|p1a: Sandaconda|Stealth Rock|p2a: Tangela
|-sidestart|p2: stimpakz|move: Stealth Rock
|
|upkeep
|turn|82
|
|t:|1661986959
|switch|p1a: Audino|Audino, F|100/100
|move|p2a: Tangela|Leech Seed|p1a: Audino
|-start|p1a: Audino|move: Leech Seed
|
|-damage|p1a: Audino|88/100|[from] Leech Seed|[of] p2a: Tangela
|upkeep
|turn|83
|
|t:|1661986964
|switch|p2a: Audino|Audino, M|59/100
|-damage|p2a: Audino|47/100|[from] Stealth Rock
|switch|p1a: Sandaconda|Sandaconda, M|58/100
|
|upkeep
|turn|84
|
|t:|1661986967
|switch|p2a: Tangela|Tangela, M|100/100
|-damage|p2a: Tangela|88/100|[from] Stealth Rock
|move|p1a: Sandaconda|Rest|p1a: Sandaconda
|-status|p1a: Sandaconda|slp|[from] move: Rest
|-heal|p1a: Sandaconda|100/100 slp|[silent]
|
|upkeep
|turn|85
|
|t:|1661986984
|switch|p1a: Charizard|Charizard, F, shiny|89/100
|switch|p2a: Coalossal|Coalossal, F|96/100
|
|upkeep
|turn|86
|
|t:|1661986987
|move|p1a: Charizard|Toxic|p2a: Coalossal
|-status|p2a: Coalossal|tox
|move|p2a: Coalossal|Stealth Rock|p1a: Charizard
|-sidestart|p1: PULT4S3 Innuendo|move: Stealth Rock
|
|-damage|p2a: Coalossal|90/100 tox|[from] psn
|upkeep
|turn|87
|
|t:|1661986991
|move|p1a: Charizard|Defog|p2a: Coalossal
|-unboost|p2a: Coalossal|evasion|1
|-sideend|p2: stimpakz|Stealth Rock|[from] move: Defog|[of] p1a: Charizard
|-sideend|p1: PULT4S3 Innuendo|Stealth Rock|[from] move: Defog|[of] p1a: Charizard
|move|p2a: Coalossal|Rock Blast|p1a: Charizard
|-supereffective|p1a: Charizard
|-damage|p1a: Charizard|52/100
|-supereffective|p1a: Charizard
|-damage|p1a: Charizard|21/100
|-hitcount|p1a: Charizard|2
|
|-damage|p2a: Coalossal|78/100 tox|[from] psn
|upkeep
|turn|88
|
|t:|1661986995
|move|p1a: Charizard|Roost|p1a: Charizard
|-heal|p1a: Charizard|71/100
|-singleturn|p1a: Charizard|move: Roost
|move|p2a: Coalossal|Stealth Rock|p1a: Charizard
|-sidestart|p1: PULT4S3 Innuendo|move: Stealth Rock
|
|-damage|p2a: Coalossal|59/100 tox|[from] psn
|upkeep
|turn|89
|
|t:|1661987001
|move|p1a: Charizard|Roost|p1a: Charizard
|-heal|p1a: Charizard|100/100
|-singleturn|p1a: Charizard|move: Roost
|move|p2a: Coalossal|Rest|p2a: Coalossal
|-status|p2a: Coalossal|slp|[from] move: Rest
|-heal|p2a: Coalossal|100/100 slp|[silent]
|
|upkeep
|turn|90
|
|t:|1661987004
|move|p1a: Charizard|Defog|p2a: Coalossal
|-unboost|p2a: Coalossal|evasion|1
|-sideend|p1: PULT4S3 Innuendo|Stealth Rock|[from] move: Defog|[of] p1a: Charizard
|cant|p2a: Coalossal|slp
|
|upkeep
|turn|91
|
|t:|1661987014
|switch|p1a: Perrserker|Perrserker, F|100/100
|cant|p2a: Coalossal|slp
|
|upkeep
|turn|92
|
|t:|1661987022
|switch|p2a: Doublade|Doublade, F|84/100
|move|p1a: Perrserker|Iron Head|p2a: Doublade
|-resisted|p2a: Doublade
|-damage|p2a: Doublade|60/100
|
|upkeep
|turn|93
|
|t:|1661987031
|switch|p1a: Sandaconda|Sandaconda, M|100/100 slp
|switch|p2a: Coalossal|Coalossal, F|100/100 slp
|
|-activate|p1a: Sandaconda|ability: Shed Skin
|-curestatus|p1a: Sandaconda|slp|[msg]
|upkeep
|turn|94
|
|t:|1661987038
|switch|p2a: Audino|Audino, M|80/100
|move|p1a: Sandaconda|Stealth Rock|p2a: Audino
|-sidestart|p2: stimpakz|move: Stealth Rock
|
|upkeep
|turn|95
|
|t:|1661987041
|move|p1a: Sandaconda|Earthquake|p2a: Audino
|-damage|p2a: Audino|46/100
|move|p2a: Audino|Wish|p2a: Audino
|
|upkeep
|turn|96
|
|t:|1661987057
|switch|p1a: Charizard|Charizard, F, shiny|100/100
|move|p2a: Audino|Protect||[still]
|-fail|p2a: Audino
|
|-heal|p2a: Audino|96/100|[from] move: Wish|[wisher] Audino
|upkeep
|turn|97
|
|t:|1661987064
|move|p1a: Charizard|Toxic|p2a: Audino
|-status|p2a: Audino|tox
|move|p2a: Audino|Wish|p2a: Audino
|
|-damage|p2a: Audino|90/100 tox|[from] psn
|upkeep
|turn|98
|
|t:|1661987066
|switch|p2a: Coalossal|Coalossal, F|100/100 slp
|move|p1a: Charizard|Mystical Fire|p2a: Coalossal
|-resisted|p2a: Coalossal
|-damage|p2a: Coalossal|96/100 slp
|-unboost|p2a: Coalossal|spa|1
|
|-heal|p2a: Coalossal|100/100 slp|[from] move: Wish|[wisher] Audino
|upkeep
|turn|99
|
|t:|1661987070
|switch|p1a: Perrserker|Perrserker, F|100/100
|-curestatus|p2a: Coalossal|slp|[msg]
|move|p2a: Coalossal|Stealth Rock|p1a: Perrserker
|-sidestart|p1: PULT4S3 Innuendo|move: Stealth Rock
|
|upkeep
|turn|100
|
|t:|1661987077
|switch|p2a: Tangela|Tangela, M|100/100
|-damage|p2a: Tangela|88/100|[from] Stealth Rock
|move|p1a: Perrserker|Iron Head|p2a: Tangela
|-damage|p2a: Tangela|31/100
|
|upkeep
|turn|101
|
|t:|1661987081
|switch|p2a: Quagsire|Quagsire, M|88/100
|-damage|p2a: Quagsire|82/100|[from] Stealth Rock
|move|p1a: Perrserker|Iron Head|p2a: Quagsire
|-resisted|p2a: Quagsire
|-crit|p2a: Quagsire
|-damage|p2a: Quagsire|35/100
|
|upkeep
|turn|102
|
|t:|1661987087
|move|p1a: Perrserker|Iron Head|p2a: Quagsire
|-resisted|p2a: Quagsire
|-damage|p2a: Quagsire|1/100
|move|p2a: Quagsire|Recover|p2a: Quagsire
|-heal|p2a: Quagsire|51/100
|
|upkeep
|turn|103
|
|t:|1661987090
|move|p1a: Perrserker|Iron Head|p2a: Quagsire
|-resisted|p2a: Quagsire
|-damage|p2a: Quagsire|22/100
|move|p2a: Quagsire|Recover|p2a: Quagsire
|-heal|p2a: Quagsire|72/100
|
|upkeep
|turn|104
|
|t:|1661987094
|switch|p1a: Audino|Audino, F|100/100
|-damage|p1a: Audino|88/100|[from] Stealth Rock
|move|p2a: Quagsire|Recover|p2a: Quagsire
|-heal|p2a: Quagsire|100/100
|
|upkeep
|turn|105
|
|t:|1661987106
|switch|p2a: Audino|Audino, M|100/100 tox
|-damage|p2a: Audino|88/100 tox|[from] Stealth Rock
|move|p1a: Audino|Toxic|p2a: Audino
|-fail|p2a: Audino|tox
|
|-damage|p2a: Audino|82/100 tox|[from] psn
|upkeep
|turn|106
|
|t:|1661987108
|switch|p1a: Perrserker|Perrserker, F|100/100
|-damage|p1a: Perrserker|94/100|[from] Stealth Rock
|move|p2a: Audino|Wish|p2a: Audino
|
|-damage|p2a: Audino|70/100 tox|[from] psn
|upkeep
|turn|107
|
|t:|1661987114
|switch|p1a: Charizard|Charizard, F, shiny|100/100
|switch|p2a: Doublade|Doublade, F|60/100
|-damage|p2a: Doublade|54/100|[from] Stealth Rock
|
|-heal|p2a: Doublade|100/100|[from] move: Wish|[wisher] Audino
|upkeep
|turn|108
|c|☆stimpakz|aaaand back to full
|
|t:|1661987124
|switch|p2a: Audino|Audino, M|100/100 tox
|-damage|p2a: Audino|88/100 tox|[from] Stealth Rock
|move|p1a: Charizard|Toxic|p2a: Audino
|-fail|p2a: Audino|tox
|
|-damage|p2a: Audino|82/100 tox|[from] psn
|upkeep
|turn|109
|
|t:|1661987130
|switch|p2a: Coalossal|Coalossal, F|100/100
|move|p1a: Charizard|Defog|p2a: Coalossal
|-unboost|p2a: Coalossal|evasion|1
|-sideend|p2: stimpakz|Stealth Rock|[from] move: Defog|[of] p1a: Charizard
|-sideend|p1: PULT4S3 Innuendo|Stealth Rock|[from] move: Defog|[of] p1a: Charizard
|
|upkeep
|turn|110
|
|t:|1661987133
|switch|p1a: Sandaconda|Sandaconda, M|100/100
|move|p2a: Coalossal|Rock Blast|p1a: Sandaconda
|-resisted|p1a: Sandaconda
|-damage|p1a: Sandaconda|98/100
|-resisted|p1a: Sandaconda
|-damage|p1a: Sandaconda|96/100
|-hitcount|p1a: Sandaconda|2
|
|upkeep
|turn|111
|
|t:|1661987138
|switch|p2a: Tangela|Tangela, M|65/100
|move|p1a: Sandaconda|Stealth Rock|p2a: Tangela
|-sidestart|p2: stimpakz|move: Stealth Rock
|
|upkeep
|turn|112
|
|t:|1661987142
|switch|p1a: Ribombee|Ribombee, F|100/100
|move|p2a: Tangela|Leech Seed|p1a: Ribombee
|-start|p1a: Ribombee|move: Leech Seed
|
|-damage|p1a: Ribombee|88/100|[from] Leech Seed|[of] p2a: Tangela
|-heal|p2a: Tangela|74/100|[silent]
|upkeep
|turn|113
|
|t:|1661987148
|switch|p2a: Coalossal|Coalossal, F|100/100
|move|p1a: Ribombee|U-turn|p2a: Coalossal
|-resisted|p2a: Coalossal
|-damage|p2a: Coalossal|96/100
|
|t:|1661987151
|switch|p1a: Perrserker|Perrserker, F|94/100|[from]move: U-turn
|
|upkeep
|turn|114
|
|t:|1661987157
|switch|p2a: Doublade|Doublade, F|100/100
|-damage|p2a: Doublade|94/100|[from] Stealth Rock
|move|p1a: Perrserker|U-turn|p2a: Doublade
|-resisted|p2a: Doublade
|-damage|p2a: Doublade|90/100
|
|t:|1661987161
|switch|p1a: Charizard|Charizard, F, shiny|100/100|[from]move: U-turn
|
|upkeep
|turn|115
|
|t:|1661987166
|switch|p1a: Perrserker|Perrserker, F|94/100
|switch|p2a: Audino|Audino, M|100/100 tox
|-damage|p2a: Audino|88/100 tox|[from] Stealth Rock
|
|-damage|p2a: Audino|82/100 tox|[from] psn
|upkeep
|turn|116
|
|t:|1661987169
|move|p2a: Audino|Protect|p2a: Audino
|-singleturn|p2a: Audino|Protect
|move|p1a: Perrserker|U-turn|p2a: Audino
|-activate|p2a: Audino|move: Protect
|
|-damage|p2a: Audino|70/100 tox|[from] psn
|upkeep
|turn|117
|
|t:|1661987172
|switch|p2a: Coalossal|Coalossal, F|96/100
|move|p1a: Perrserker|U-turn|p2a: Coalossal
|-resisted|p2a: Coalossal
|-damage|p2a: Coalossal|85/100
|
|t:|1661987175
|switch|p1a: Jellicent|Jellicent, M|90/100 tox|[from]move: U-turn
|
|-damage|p1a: Jellicent|83/100 tox|[from] psn
|upkeep
|turn|118
|
|t:|1661987185
|switch|p2a: Audino|Audino, M|100/100 tox
|-damage|p2a: Audino|88/100 tox|[from] Stealth Rock
|move|p1a: Jellicent|Water Spout|p2a: Audino
|-damage|p2a: Audino|54/100 tox
|
|-damage|p1a: Jellicent|71/100 tox|[from] psn
|-damage|p2a: Audino|48/100 tox|[from] psn
|upkeep
|turn|119
|
|t:|1661987194
|switch|p1a: Perrserker|Perrserker, F|94/100
|switch|p2a: Tangela|Tangela, M|100/100
|-damage|p2a: Tangela|88/100|[from] Stealth Rock
|
|upkeep
|turn|120
|
|t:|1661987204
|switch|p2a: Doublade|Doublade, F|90/100
|-damage|p2a: Doublade|84/100|[from] Stealth Rock
|move|p1a: Perrserker|U-turn|p2a: Doublade
|-resisted|p2a: Doublade
|-damage|p2a: Doublade|79/100
|
|t:|1661987212
|switch|p1a: Charizard|Charizard, F, shiny|100/100|[from]move: U-turn
|
|upkeep
|turn|121
|
|t:|1661987217
|switch|p1a: Perrserker|Perrserker, F|94/100
|switch|p2a: Coalossal|Coalossal, F|85/100
|
|upkeep
|turn|122
|
|t:|1661987222
|switch|p2a: Doublade|Doublade, F|79/100
|-damage|p2a: Doublade|73/100|[from] Stealth Rock
|move|p1a: Perrserker|U-turn|p2a: Doublade
|-resisted|p2a: Doublade
|-damage|p2a: Doublade|68/100
|
|t:|1661987225
|switch|p1a: Charizard|Charizard, F, shiny|100/100|[from]move: U-turn
|
|upkeep
|turn|123
|
|t:|1661987230
|switch|p1a: Perrserker|Perrserker, F|94/100
|switch|p2a: Audino|Audino, M|81/100 tox
|-damage|p2a: Audino|69/100 tox|[from] Stealth Rock
|
|-damage|p2a: Audino|63/100 tox|[from] psn
|upkeep
|turn|124
|c|☆stimpakz|im gonna cc one of those turns
|c|☆stimpakz|ok?
|
|t:|1661987247
|move|p2a: Audino|Protect|p2a: Audino
|-singleturn|p2a: Audino|Protect
|move|p1a: Perrserker|Iron Head|p2a: Audino
|-activate|p2a: Audino|move: Protect
|
|-damage|p2a: Audino|50/100 tox|[from] psn
|upkeep
|turn|125
|
|t:|1661987253
|switch|p1a: Ribombee|Ribombee, F|88/100
|switch|p2a: Quagsire|Quagsire, M|100/100
|-damage|p2a: Quagsire|94/100|[from] Stealth Rock
|
|upkeep
|turn|126
|
|t:|1661987263
|move|p1a: Ribombee|Moonblast|p2a: Quagsire
|-damage|p2a: Quagsire|47/100
|-unboost|p2a: Quagsire|spa|1
|move|p2a: Quagsire|Recover|p2a: Quagsire
|-heal|p2a: Quagsire|97/100
|
|upkeep
|turn|127
|
|t:|1661987266
|move|p1a: Ribombee|U-turn|p2a: Quagsire
|-damage|p2a: Quagsire|87/100
|
|t:|1661987269
|switch|p1a: Jellicent|Jellicent, M|71/100 tox|[from]move: U-turn
|move|p2a: Quagsire|Recover|p2a: Quagsire
|-heal|p2a: Quagsire|100/100
|
|-damage|p1a: Jellicent|65/100 tox|[from] psn
|upkeep
|turn|128
|
|t:|1661987277
|switch|p1a: Audino|Audino, F|100/100
|switch|p2a: Audino|Audino, M|84/100 tox
|-damage|p2a: Audino|71/100 tox|[from] Stealth Rock
|
|-damage|p2a: Audino|65/100 tox|[from] psn
|upkeep
|turn|129
|
|t:|1661987284
|move|p2a: Audino|Wish|p2a: Audino
|move|p1a: Audino|Knock Off|p2a: Audino
|-damage|p2a: Audino|56/100 tox
|
|-damage|p2a: Audino|44/100 tox|[from] psn
|upkeep
|turn|130
|
|t:|1661987289
|switch|p2a: Altaria|Altaria, M|74/100
|-damage|p2a: Altaria|49/100|[from] Stealth Rock
|move|p1a: Audino|Knock Off|p2a: Altaria
|-damage|p2a: Altaria|39/100
|
|-heal|p2a: Altaria|97/100|[from] move: Wish|[wisher] Audino
|upkeep
|turn|131
|
|t:|1661987291
|move|p2a: Altaria|Defog|p1a: Audino
|-unboost|p1a: Audino|evasion|1
|-sideend|p2: stimpakz|Stealth Rock|[from] move: Defog|[of] p2a: Altaria
|move|p1a: Audino|Toxic|p2a: Altaria
|-status|p2a: Altaria|tox
|
|-damage|p2a: Altaria|91/100 tox|[from] psn
|upkeep
|turn|132
|
|t:|1661987293
|switch|p1a: Sandaconda|Sandaconda, M|96/100
|move|p2a: Altaria|Toxic|p1a: Sandaconda|[miss]
|-miss|p2a: Altaria|p1a: Sandaconda
|
|-damage|p2a: Altaria|78/100 tox|[from] psn
|upkeep
|turn|133
|
|t:|1661987306
|-curestatus|p2a: Altaria|tox|[from] ability: Natural Cure
|switch|p2a: Tangela|Tangela, M|100/100
|move|p1a: Sandaconda|Stealth Rock|p2a: Tangela
|-sidestart|p2: stimpakz|move: Stealth Rock
|
|upkeep
|turn|134
|
|t:|1661987314
|switch|p1a: Ribombee|Ribombee, F|88/100
|move|p2a: Tangela|Leech Seed|p1a: Ribombee
|-start|p1a: Ribombee|move: Leech Seed
|
|-damage|p1a: Ribombee|76/100|[from] Leech Seed|[of] p2a: Tangela
|upkeep
|turn|135
|
|t:|1661987319
|switch|p2a: Coalossal|Coalossal, F|85/100
|move|p1a: Ribombee|U-turn|p2a: Coalossal
|-resisted|p2a: Coalossal
|-damage|p2a: Coalossal|80/100
|
|t:|1661987323
|switch|p1a: Perrserker|Perrserker, F|94/100|[from]move: U-turn
|
|upkeep
|turn|136
|
|t:|1661987343
|switch|p2a: Doublade|Doublade, F|68/100
|-damage|p2a: Doublade|62/100|[from] Stealth Rock
|move|p1a: Perrserker|Seed Bomb|p2a: Doublade
|-resisted|p2a: Doublade
|-damage|p2a: Doublade|52/100
|
|upkeep
|turn|137
|
|t:|1661987348
|switch|p1a: Charizard|Charizard, F, shiny|100/100
|switch|p2a: Coalossal|Coalossal, F|80/100
|
|upkeep
|turn|138
|
|t:|1661987351
|switch|p1a: Perrserker|Perrserker, F|94/100
|move|p2a: Coalossal|Stealth Rock|p1a: Perrserker
|-sidestart|p1: PULT4S3 Innuendo|move: Stealth Rock
|
|upkeep
|turn|139
|
|t:|1661987359
|move|p1a: Perrserker|Seed Bomb|p2a: Coalossal
|-damage|p2a: Coalossal|51/100
|move|p2a: Coalossal|Rapid Spin|p1a: Perrserker
|-resisted|p1a: Perrserker
|-damage|p1a: Perrserker|89/100
|-boost|p2a: Coalossal|spe|1
|-sideend|p2: stimpakz|Stealth Rock|[from] move: Rapid Spin|[of] p2a: Coalossal
|
|upkeep
|turn|140
|
|t:|1661987366
|switch|p1a: Charizard|Charizard, F, shiny|100/100
|move|p2a: Coalossal|Rest|p2a: Coalossal
|-status|p2a: Coalossal|slp|[from] move: Rest
|-heal|p2a: Coalossal|100/100 slp|[silent]
|
|upkeep
|turn|141
|
|t:|1661987371
|switch|p2a: Audino|Audino, M|77/100 tox
|move|p1a: Charizard|Defog|p2a: Audino
|-unboost|p2a: Audino|evasion|1
|-sideend|p1: PULT4S3 Innuendo|Stealth Rock|[from] move: Defog|[of] p1a: Charizard
|
|-damage|p2a: Audino|71/100 tox|[from] psn
|upkeep
|turn|142
|
|t:|1661987376
|switch|p1a: Sandaconda|Sandaconda, M|96/100
|move|p2a: Audino|Heal Bell|p2a: Audino
|-activate|p2a: Audino|move: Heal Bell
|-curestatus|p2a: Audino|tox|[msg]
|-curestatus|p2: Coalossal|slp|[msg]
|
|upkeep
|turn|143
|
|t:|1661987385
|switch|p2a: Quagsire|Quagsire, M|100/100
|move|p1a: Sandaconda|Stealth Rock|p2a: Quagsire
|-sidestart|p2: stimpakz|move: Stealth Rock
|
|upkeep
|turn|144
|
|t:|1661987390
|switch|p1a: Jellicent|Jellicent, M|65/100 tox
|switch|p2a: Tangela|Tangela, M|100/100
|-damage|p2a: Tangela|88/100|[from] Stealth Rock
|
|-damage|p1a: Jellicent|59/100 tox|[from] psn
|upkeep
|turn|145
|
|t:|1661987395
|switch|p1a: Audino|Audino, F|100/100
|switch|p2a: Audino|Audino, M|100/100
|-damage|p2a: Audino|88/100|[from] Stealth Rock
|
|upkeep
|turn|146
|
|t:|1661987399
|switch|p2a: Altaria|Altaria, M|78/100
|-damage|p2a: Altaria|53/100|[from] Stealth Rock
|move|p1a: Audino|Knock Off|p2a: Altaria
|-damage|p2a: Altaria|42/100
|
|upkeep
|turn|147
|
|t:|1661987402
|move|p2a: Altaria|Roost|p2a: Altaria
|-heal|p2a: Altaria|92/100
|-singleturn|p2a: Altaria|move: Roost
|move|p1a: Audino|Wish|p1a: Audino
|
|upkeep
|turn|148
|
|t:|1661987407
|switch|p1a: Jellicent|Jellicent, M|59/100 tox
|move|p2a: Altaria|Defog|p1a: Jellicent
|-unboost|p1a: Jellicent|evasion|1
|-sideend|p2: stimpakz|Stealth Rock|[from] move: Defog|[of] p2a: Altaria
|
|-heal|p1a: Jellicent|100/100 tox|[from] move: Wish|[wisher] Audino
|-damage|p1a: Jellicent|94/100 tox|[from] psn
|upkeep
|turn|149
|
|t:|1661987412
|switch|p1a: Sandaconda|Sandaconda, M|96/100
|move|p2a: Altaria|Fire Spin|p1a: Sandaconda
|-damage|p1a: Sandaconda|88/100
|-activate|p1a: Sandaconda|move: Fire Spin|[of] p2a: Altaria
|
|-damage|p1a: Sandaconda|75/100|[from] move: Fire Spin|[partiallytrapped]
|upkeep
|turn|150
|
|t:|1661987432
|switch|p2a: Audino|Audino, M|100/100
|move|p1a: Sandaconda|Stealth Rock|p2a: Audino
|-sidestart|p2: stimpakz|move: Stealth Rock
|
|-end|p1a: Sandaconda|Fire Spin|[partiallytrapped]|[silent]
|upkeep
|turn|151
|j| PULT4S3 Redemption
|
|t:|1661987441
|switch|p1a: Charizard|Charizard, F, shiny|100/100
|move|p2a: Audino|Wish|p2a: Audino
|
|upkeep
|turn|152
|
|t:|1661987451
|move|p1a: Charizard|Mystical Fire|p2a: Audino
|-damage|p2a: Audino|81/100
|-unboost|p2a: Audino|spa|1
|move|p2a: Audino|Knock Off|p1a: Charizard
|-damage|p1a: Charizard|82/100
|-enditem|p1a: Charizard|Heavy-Duty Boots|[from] move: Knock Off|[of] p2a: Audino
|
|-heal|p2a: Audino|100/100|[from] move: Wish|[wisher] Audino
|upkeep
|turn|153
|
|t:|1661987456
|switch|p2a: Coalossal|Coalossal, F|100/100
|move|p1a: Charizard|Toxic|p2a: Coalossal
|-status|p2a: Coalossal|tox
|
|-damage|p2a: Coalossal|94/100 tox|[from] psn
|upkeep
|turn|154
|
|t:|1661987458
|switch|p1a: Perrserker|Perrserker, F|89/100
|move|p2a: Coalossal|Stealth Rock|p1a: Perrserker
|-sidestart|p1: PULT4S3 Innuendo|move: Stealth Rock
|
|-damage|p2a: Coalossal|82/100 tox|[from] psn
|upkeep
|turn|155
|
|t:|1661987464
|switch|p2a: Doublade|Doublade, F|52/100
|-damage|p2a: Doublade|46/100|[from] Stealth Rock
|move|p1a: Perrserker|Iron Head|p2a: Doublade
|-resisted|p2a: Doublade
|-damage|p2a: Doublade|21/100
|
|upkeep
|turn|156
|
|t:|1661987478
|switch|p2a: Quagsire|Quagsire, M|100/100
|-damage|p2a: Quagsire|94/100|[from] Stealth Rock
|move|p1a: Perrserker|Iron Head|p2a: Quagsire
|-resisted|p2a: Quagsire
|-crit|p2a: Quagsire
|-damage|p2a: Quagsire|46/100
|
|upkeep
|turn|157
|
|t:|1661987482
|move|p1a: Perrserker|Iron Head|p2a: Quagsire
|-resisted|p2a: Quagsire
|-damage|p2a: Quagsire|16/100
|move|p2a: Quagsire|Recover|p2a: Quagsire
|-heal|p2a: Quagsire|66/100
|
|upkeep
|turn|158
|
|t:|1661987486
|switch|p1a: Ribombee|Ribombee, F|76/100
|move|p2a: Quagsire|Recover|p2a: Quagsire
|-heal|p2a: Quagsire|100/100
|
|upkeep
|turn|159
|
|t:|1661987493
|move|p1a: Ribombee|U-turn|p2a: Quagsire
|-damage|p2a: Quagsire|90/100
|
|t:|1661987494
|switch|p1a: Jellicent|Jellicent, M|94/100 tox|[from]move: U-turn
|-damage|p1a: Jellicent|82/100 tox|[from] Stealth Rock
|move|p2a: Quagsire|Recover|p2a: Quagsire
|-heal|p2a: Quagsire|100/100
|
|-damage|p1a: Jellicent|76/100 tox|[from] psn
|upkeep
|turn|160
|
|t:|1661987503
|switch|p2a: Audino|Audino, M|100/100
|-damage|p2a: Audino|88/100|[from] Stealth Rock
|move|p1a: Jellicent|Shadow Ball|p2a: Audino
|-immune|p2a: Audino
|
|-damage|p1a: Jellicent|64/100 tox|[from] psn
|upkeep
|turn|161
|
|t:|1661987519
|move|p1a: Jellicent|Hydro Pump|p2a: Audino|[miss]
|-miss|p1a: Jellicent|p2a: Audino
|move|p2a: Audino|Heal Bell|p2a: Audino
|-activate|p2a: Audino|move: Heal Bell
|-curestatus|p2: Coalossal|tox|[msg]
|
|-damage|p1a: Jellicent|45/100 tox|[from] psn
|upkeep
|turn|162
|
|t:|1661987525
|switch|p1a: Charizard|Charizard, F, shiny|82/100
|-damage|p1a: Charizard|33/100|[from] Stealth Rock
|move|p2a: Audino|Wish|p2a: Audino
|
|upkeep
|turn|163
|
|t:|1661987537
|move|p1a: Charizard|Toxic|p2a: Audino
|-status|p2a: Audino|tox
|move|p2a: Audino|Knock Off|p1a: Charizard
|-damage|p1a: Charizard|22/100
|
|-heal|p2a: Audino|100/100 tox|[from] move: Wish|[wisher] Audino
|-damage|p2a: Audino|94/100 tox|[from] psn
|upkeep
|turn|164
|
|t:|1661987544
|move|p1a: Charizard|Defog|p2a: Audino
|-unboost|p2a: Audino|evasion|1
|-sideend|p2: stimpakz|Stealth Rock|[from] move: Defog|[of] p1a: Charizard
|-sideend|p1: PULT4S3 Innuendo|Stealth Rock|[from] move: Defog|[of] p1a: Charizard
|move|p2a: Audino|Heal Bell|p2a: Audino
|-activate|p2a: Audino|move: Heal Bell
|-curestatus|p2a: Audino|tox|[msg]
|
|upkeep
|turn|165
|
|t:|1661987548
|switch|p2a: Coalossal|Coalossal, F|82/100
|move|p1a: Charizard|Toxic|p2a: Coalossal
|-status|p2a: Coalossal|tox
|
|-damage|p2a: Coalossal|76/100 tox|[from] psn
|upkeep
|turn|166
|
|t:|1661987552
|move|p1a: Charizard|Roost|p1a: Charizard
|-heal|p1a: Charizard|72/100
|-singleturn|p1a: Charizard|move: Roost
|move|p2a: Coalossal|Stealth Rock|p1a: Charizard
|-sidestart|p1: PULT4S3 Innuendo|move: Stealth Rock
|
|-damage|p2a: Coalossal|64/100 tox|[from] psn
|upkeep
|turn|167
|
|t:|1661987555
|switch|p1a: Perrserker|Perrserker, F|89/100
|-damage|p1a: Perrserker|83/100|[from] Stealth Rock
|move|p2a: Coalossal|Rock Blast|p1a: Perrserker
|-resisted|p1a: Perrserker
|-damage|p1a: Perrserker|78/100
|-resisted|p1a: Perrserker
|-damage|p1a: Perrserker|73/100
|-resisted|p1a: Perrserker
|-damage|p1a: Perrserker|69/100
|-hitcount|p1a: Perrserker|3
|
|-damage|p2a: Coalossal|45/100 tox|[from] psn
|upkeep
|turn|168
|
|t:|1661987568
|switch|p2a: Tangela|Tangela, M|100/100
|move|p1a: Perrserker|U-turn|p2a: Tangela
|-supereffective|p2a: Tangela
|-damage|p2a: Tangela|50/100
|
|t:|1661987573
|switch|p1a: Ribombee|Ribombee, F|76/100|[from]move: U-turn
|
|upkeep
|turn|169
|
|t:|1661987586
|switch|p2a: Audino|Audino, M|100/100
|move|p1a: Ribombee|U-turn|p2a: Audino
|-damage|p2a: Audino|89/100
|
|t:|1661987589
|switch|p1a: Charizard|Charizard, F, shiny|72/100|[from]move: U-turn
|-damage|p1a: Charizard|22/100|[from] Stealth Rock
|
|upkeep
|turn|170
|
|t:|1661987593
|switch|p2a: Coalossal|Coalossal, F|45/100 tox
|move|p1a: Charizard|Defog|p2a: Coalossal
|-unboost|p2a: Coalossal|evasion|1
|-sideend|p1: PULT4S3 Innuendo|Stealth Rock|[from] move: Defog|[of] p1a: Charizard
|
|-damage|p2a: Coalossal|39/100 tox|[from] psn
|upkeep
|turn|171
|
|t:|1661987596
|move|p1a: Charizard|Roost|p1a: Charizard
|-heal|p1a: Charizard|72/100
|-singleturn|p1a: Charizard|move: Roost
|move|p2a: Coalossal|Rest|p2a: Coalossal
|-status|p2a: Coalossal|slp|[from] move: Rest
|-heal|p2a: Coalossal|100/100 slp|[silent]
|
|upkeep
|turn|172
|
|t:|1661987599
|switch|p2a: Audino|Audino, M|100/100
|move|p1a: Charizard|Roost|p1a: Charizard
|-heal|p1a: Charizard|100/100
|-singleturn|p1a: Charizard|move: Roost
|
|upkeep
|turn|173
|
|t:|1661987601
|switch|p2a: Coalossal|Coalossal, F|100/100 slp
|move|p1a: Charizard|Toxic||[still]
|-fail|p1a: Charizard
|
|upkeep
|turn|174
|
|t:|1661987605
|switch|p1a: Sandaconda|Sandaconda, M|75/100
|cant|p2a: Coalossal|slp
|
|upkeep
|turn|175
|
|t:|1661987610
|switch|p2a: Audino|Audino, M|100/100
|move|p1a: Sandaconda|Stealth Rock|p2a: Audino
|-sidestart|p2: stimpakz|move: Stealth Rock
|
|upkeep
|turn|176
|
|t:|1661987617
|switch|p1a: Charizard|Charizard, F, shiny|100/100
|move|p2a: Audino|Knock Off|p1a: Charizard
|-damage|p1a: Charizard|89/100
|
|upkeep
|turn|177
|
|t:|1661987623
|switch|p1a: Audino|Audino, F|100/100
|move|p2a: Audino|Protect||[still]
|-fail|p2a: Audino
|
|upkeep
|turn|178
|
|t:|1661987629
|switch|p2a: Altaria|Altaria, M|92/100
|-damage|p2a: Altaria|67/100|[from] Stealth Rock
|move|p1a: Audino|Toxic|p2a: Altaria
|-status|p2a: Altaria|tox
|
|-damage|p2a: Altaria|61/100 tox|[from] psn
|upkeep
|turn|179
|
|t:|1661987633
|switch|p1a: Sandaconda|Sandaconda, M|75/100
|move|p2a: Altaria|Defog|p1a: Sandaconda
|-unboost|p1a: Sandaconda|evasion|1
|-sideend|p2: stimpakz|Stealth Rock|[from] move: Defog|[of] p2a: Altaria
|
|-damage|p2a: Altaria|48/100 tox|[from] psn
|upkeep
|turn|180
|
|t:|1661987639
|move|p2a: Altaria|Roost|p2a: Altaria
|-heal|p2a: Altaria|99/100 tox
|-singleturn|p2a: Altaria|move: Roost
|move|p1a: Sandaconda|Earthquake|p2a: Altaria
|-damage|p2a: Altaria|62/100 tox
|
|-damage|p2a: Altaria|43/100 tox|[from] psn
|upkeep
|turn|181
|
|t:|1661987649
|move|p2a: Altaria|Roost|p2a: Altaria
|-heal|p2a: Altaria|93/100 tox
|-singleturn|p2a: Altaria|move: Roost
|move|p1a: Sandaconda|Stealth Rock|p2a: Altaria
|-sidestart|p2: stimpakz|move: Stealth Rock
|
|-damage|p2a: Altaria|68/100 tox|[from] psn
|upkeep
|turn|182
|
|t:|1661987656
|-curestatus|p2a: Altaria|tox|[from] ability: Natural Cure
|switch|p2a: Tangela|Tangela, M|83/100
|-damage|p2a: Tangela|71/100|[from] Stealth Rock
|switch|p1a: Perrserker|Perrserker, F|69/100
|
|upkeep
|turn|183
|
|t:|1661987666
|move|p1a: Perrserker|U-turn|p2a: Tangela
|-supereffective|p2a: Tangela
|-damage|p2a: Tangela|21/100
|
|t:|1661987670
|switch|p1a: Charizard|Charizard, F, shiny|89/100|[from]move: U-turn
|move|p2a: Tangela|Leech Seed|p1a: Charizard
|-start|p1a: Charizard|move: Leech Seed
|
|-damage|p1a: Charizard|77/100|[from] Leech Seed|[of] p2a: Tangela
|-heal|p2a: Tangela|35/100|[silent]
|upkeep
|turn|184
|
|t:|1661987676
|switch|p1a: Ribombee|Ribombee, F|76/100
|switch|p2a: Coalossal|Coalossal, F|100/100 slp
|
|upkeep
|turn|185
|
|t:|1661987679
|move|p1a: Ribombee|U-turn|p2a: Coalossal
|-resisted|p2a: Coalossal
|-damage|p2a: Coalossal|96/100 slp
|
|t:|1661987683
|switch|p1a: Perrserker|Perrserker, F|69/100|[from]move: U-turn
|cant|p2a: Coalossal|slp
|
|upkeep
|turn|186
|inactive|stimpakz has 120 seconds left.
|j| oretliun
|
|t:|1661987734
|move|p1a: Perrserker|Close Combat|p2a: Coalossal
|-supereffective|p2a: Coalossal
|-damage|p2a: Coalossal|9/100 slp
|-unboost|p1a: Perrserker|def|1
|-unboost|p1a: Perrserker|spd|1
|-curestatus|p2a: Coalossal|slp|[msg]
|move|p2a: Coalossal|Stealth Rock|p1a: Perrserker
|-sidestart|p1: PULT4S3 Innuendo|move: Stealth Rock
|
|upkeep
|turn|187
|inactive|PULT4S3 Innuendo has 120 seconds left.
|inactive|stimpakz has 90 seconds left.
|l| oretliun
|
|t:|1661987753
|switch|p2a: Doublade|Doublade, F|21/100
|-damage|p2a: Doublade|15/100|[from] Stealth Rock
|move|p1a: Perrserker|Close Combat|p2a: Doublade
|-immune|p2a: Doublade
|
|upkeep
|turn|188
|inactive|PULT4S3 Innuendo has 120 seconds left.
|
|t:|1661987761
|switch|p1a: Sandaconda|Sandaconda, M|75/100
|-damage|p1a: Sandaconda|69/100|[from] Stealth Rock
|move|p2a: Doublade|Shadow Claw|p1a: Sandaconda
|-crit|p1a: Sandaconda
|-damage|p1a: Sandaconda|35/100
|
|upkeep
|turn|189
|
|t:|1661987766
|switch|p2a: Audino|Audino, M|100/100
|-damage|p2a: Audino|88/100|[from] Stealth Rock
|move|p1a: Sandaconda|Rest|p1a: Sandaconda
|-status|p1a: Sandaconda|slp|[from] move: Rest
|-heal|p1a: Sandaconda|100/100 slp|[silent]
|
|upkeep
|turn|190
|
|t:|1661987768
|switch|p1a: Charizard|Charizard, F, shiny|77/100
|-damage|p1a: Charizard|27/100|[from] Stealth Rock
|move|p2a: Audino|Wish|p2a: Audino
|
|upkeep
|turn|191
|
|t:|1661987775
|switch|p2a: Coalossal|Coalossal, F|9/100
|move|p1a: Charizard|Mystical Fire|p2a: Coalossal
|-resisted|p2a: Coalossal
|-damage|p2a: Coalossal|3/100
|-unboost|p2a: Coalossal|spa|1
|
|-heal|p2a: Coalossal|51/100|[from] move: Wish|[wisher] Audino
|upkeep
|turn|192
|inactive|PULT4S3 Innuendo has 120 seconds left.
|
|t:|1661987785
|move|p1a: Charizard|Defog|p2a: Coalossal
|-unboost|p2a: Coalossal|evasion|1
|-sideend|p2: stimpakz|Stealth Rock|[from] move: Defog|[of] p1a: Charizard
|-sideend|p1: PULT4S3 Innuendo|Stealth Rock|[from] move: Defog|[of] p1a: Charizard
|move|p2a: Coalossal|Rock Blast|p1a: Charizard
|-supereffective|p1a: Charizard
|-crit|p1a: Charizard
|-damage|p1a: Charizard|0 fnt
|faint|p1a: Charizard
|-hitcount|p1: Charizard|1
|
|upkeep
|
|t:|1661987787
|switch|p1a: Perrserker|Perrserker, F|69/100
|turn|193
|inactive|PULT4S3 Innuendo has 120 seconds left.
|
|t:|1661987802
|switch|p2a: Tangela|Tangela, M|68/100
|move|p1a: Perrserker|Seed Bomb|p2a: Tangela
|-resisted|p2a: Tangela
|-damage|p2a: Tangela|54/100
|
|upkeep
|turn|194
|
|t:|1661987807
|switch|p1a: Ribombee|Ribombee, F|76/100
|move|p2a: Tangela|Leech Seed|p1a: Ribombee
|-start|p1a: Ribombee|move: Leech Seed
|
|-damage|p1a: Ribombee|64/100|[from] Leech Seed|[of] p2a: Tangela
|-heal|p2a: Tangela|64/100|[silent]
|upkeep
|turn|195
|
|t:|1661987811
|switch|p2a: Audino|Audino, M|100/100
|move|p1a: Ribombee|U-turn|p2a: Audino
|-damage|p2a: Audino|89/100
|
|t:|1661987815
|switch|p1a: Audino|Audino, F|100/100|[from]move: U-turn
|
|upkeep
|turn|196
|
|t:|1661987820
|switch|p2a: Altaria|Altaria, M|68/100
|move|p1a: Audino|Toxic|p2a: Altaria|[miss]
|-miss|p1a: Audino|p2a: Altaria
|
|upkeep
|turn|197
|
|t:|1661987823
|move|p2a: Altaria|Roost|p2a: Altaria
|-heal|p2a: Altaria|100/100
|-singleturn|p2a: Altaria|move: Roost
|move|p1a: Audino|Toxic|p2a: Altaria
|-status|p2a: Altaria|tox
|
|-damage|p2a: Altaria|94/100 tox|[from] psn
|upkeep
|turn|198
|
|t:|1661987829
|switch|p1a: Sandaconda|Sandaconda, M|100/100 slp
|move|p2a: Altaria|Toxic||[still]
|-fail|p2a: Altaria
|
|-activate|p1a: Sandaconda|ability: Shed Skin
|-curestatus|p1a: Sandaconda|slp|[msg]
|-damage|p2a: Altaria|82/100 tox|[from] psn
|upkeep
|turn|199
|inactive|stimpakz has 90 seconds left.
|
|t:|1661987838
|-curestatus|p2a: Altaria|tox|[from] ability: Natural Cure
|switch|p2a: Quagsire|Quagsire, M|100/100
|move|p1a: Sandaconda|Stealth Rock|p2a: Quagsire
|-sidestart|p2: stimpakz|move: Stealth Rock
|
|upkeep
|turn|200
|inactive|stimpakz has 90 seconds left.
|
|t:|1661987844
|switch|p1a: Jellicent|Jellicent, M|45/100 tox
|switch|p2a: Tangela|Tangela, M|97/100
|-damage|p2a: Tangela|85/100|[from] Stealth Rock
|
|-damage|p1a: Jellicent|39/100 tox|[from] psn
|upkeep
|turn|201
|
|t:|1661987849
|switch|p1a: Audino|Audino, F|100/100
|move|p2a: Tangela|Sludge Bomb|p1a: Audino
|-damage|p1a: Audino|87/100
|
|upkeep
|turn|202
|
|t:|1661987858
|switch|p2a: Altaria|Altaria, M|82/100
|-damage|p2a: Altaria|57/100|[from] Stealth Rock
|move|p1a: Audino|Toxic|p2a: Altaria
|-status|p2a: Altaria|tox
|
|-damage|p2a: Altaria|51/100 tox|[from] psn
|upkeep
|turn|203
|
|t:|1661987862
|switch|p1a: Sandaconda|Sandaconda, M|100/100
|move|p2a: Altaria|Roost|p2a: Altaria
|-heal|p2a: Altaria|100/100 tox
|-singleturn|p2a: Altaria|move: Roost
|
|-damage|p2a: Altaria|88/100 tox|[from] psn
|upkeep
|turn|204
|
|t:|1661987868
|-curestatus|p2a: Altaria|tox|[from] ability: Natural Cure
|switch|p2a: Tangela|Tangela, M|100/100
|-damage|p2a: Tangela|88/100|[from] Stealth Rock
|move|p1a: Sandaconda|Stone Edge|p2a: Tangela
|-damage|p2a: Tangela|73/100
|
|upkeep
|turn|205
|
|t:|1661987879
|switch|p1a: Audino|Audino, F|100/100
|switch|p2a: Quagsire|Quagsire, M|100/100
|-damage|p2a: Quagsire|94/100|[from] Stealth Rock
|
|upkeep
|turn|206
|
|t:|1661987885
|move|p1a: Audino|Wish|p1a: Audino
|move|p2a: Quagsire|Toxic|p1a: Audino
|-status|p1a: Audino|tox
|
|-damage|p1a: Audino|94/100 tox|[from] psn
|upkeep
|turn|207
|
|t:|1661987902
|switch|p1a: Jellicent|Jellicent, M|39/100 tox
|switch|p2a: Tangela|Tangela, M|100/100
|-damage|p2a: Tangela|88/100|[from] Stealth Rock
|
|-heal|p1a: Jellicent|99/100 tox|[from] move: Wish|[wisher] Audino
|-damage|p1a: Jellicent|93/100 tox|[from] psn
|upkeep
|turn|208
|
|t:|1661987909
|switch|p1a: Ribombee|Ribombee, F|64/100
|switch|p2a: Audino|Audino, M|100/100
|-damage|p2a: Audino|88/100|[from] Stealth Rock
|
|upkeep
|turn|209
|
|t:|1661987917
|move|p1a: Ribombee|U-turn|p2a: Audino
|-damage|p2a: Audino|75/100
|
|t:|1661987923
|switch|p1a: Audino|Audino, F|100/100 tox|[from]move: U-turn
|move|p2a: Audino|Knock Off|p1a: Audino
|-damage|p1a: Audino|91/100 tox
|
|-damage|p1a: Audino|85/100 tox|[from] psn
|upkeep
|turn|210
|
|t:|1661987933
|switch|p1a: Perrserker|Perrserker, F|69/100
|switch|p2a: Altaria|Altaria, M|88/100
|-damage|p2a: Altaria|63/100|[from] Stealth Rock
|
|upkeep
|turn|211
|
|t:|1661987943
|switch|p2a: Tangela|Tangela, M|100/100
|-damage|p2a: Tangela|88/100|[from] Stealth Rock
|move|p1a: Perrserker|Iron Head|p2a: Tangela
|-damage|p2a: Tangela|28/100
|
|upkeep
|turn|212
|
|t:|1661987948
|switch|p2a: Quagsire|Quagsire, M|94/100
|-damage|p2a: Quagsire|88/100|[from] Stealth Rock
|move|p1a: Perrserker|Iron Head|p2a: Quagsire
|-resisted|p2a: Quagsire
|-damage|p2a: Quagsire|58/100
|
|upkeep
|turn|213
|
|t:|1661987956
|move|p1a: Perrserker|Iron Head|p2a: Quagsire
|-resisted|p2a: Quagsire
|-damage|p2a: Quagsire|25/100
|cant|p2a: Quagsire|flinch
|
|upkeep
|turn|214
|c|☆stimpakz|there it is
|c|☆PULT4S3 Innuendo|:
|inactive|stimpakz has 60 seconds left.
|
|t:|1661987967
|switch|p2a: Coalossal|Coalossal, F|51/100
|move|p1a: Perrserker|Iron Head|p2a: Coalossal
|-damage|p2a: Coalossal|0 fnt
|faint|p2a: Coalossal
|
|upkeep
|c|☆PULT4S3 Innuendo|:3333333333333333
|inactive|stimpakz has 60 seconds left.
|c|☆stimpakz|lol
|c|☆PULT4S3 Innuendo|fucking finally
|c|☆stimpakz|robbed
|
|t:|1661987993
|switch|p2a: Audino|Audino, M|100/100
|-damage|p2a: Audino|88/100|[from] Stealth Rock
|turn|215
|c|☆PULT4S3 Innuendo|copium
|c|☆PULT4S3 Innuendo|it's fcking 1am for me
|
|t:|1661988006
|move|p2a: Audino|Protect|p2a: Audino
|-singleturn|p2a: Audino|Protect
|move|p1a: Perrserker|Iron Head|p2a: Audino
|-activate|p2a: Audino|move: Protect
|
|upkeep
|turn|216
|inactive|stimpakz has 30 seconds left.
|
|t:|1661988025
|move|p1a: Perrserker|Iron Head|p2a: Audino
|-damage|p2a: Audino|0 fnt
|faint|p2a: Audino
|
|upkeep
|inactive|stimpakz has 30 seconds left this turn.
|inactive|stimpakz has 20 seconds left.
|c|☆stimpakz|and max rolled
|
|t:|1661988038
|switch|p2a: Altaria|Altaria, M|63/100
|-damage|p2a: Altaria|38/100|[from] Stealth Rock
|turn|217
|inactive|stimpakz has 25 seconds left this turn.
|
|t:|1661988041
|move|p2a: Altaria|Roost|p2a: Altaria
|-heal|p2a: Altaria|88/100
|-singleturn|p2a: Altaria|move: Roost
|move|p1a: Perrserker|Iron Head|p2a: Altaria
|-damage|p2a: Altaria|0 fnt
|faint|p2a: Altaria
|
|upkeep
|inactive|stimpakz has 25 seconds left this turn.
|inactive|stimpakz has 20 seconds left.
|j| tf
|inactive|stimpakz has 15 seconds left.
|inactive|stimpakz has 10 seconds left.
|
|t:|1661988059
|switch|p2a: Tangela|Tangela, M|61/100
|-damage|p2a: Tangela|49/100|[from] Stealth Rock
|turn|218
|inactive|stimpakz has 15 seconds left this turn.
|inactive|stimpakz has 10 seconds left.
|inactive|stimpakz has 5 seconds left.
|c|☆PULT4S3 Innuendo|la torture mental putain
|
|t:|1661988070
|move|p1a: Perrserker|Iron Head|p2a: Tangela
|-damage|p2a: Tangela|0 fnt
|faint|p2a: Tangela
|
|upkeep
|inactive|stimpakz has 5 seconds left this turn.
|-message|stimpakz lost due to inactivity.
|
|win|PULT4S3 Innuendo
|raw|PULT4S3 Innuendo's rating: 1452 &rarr; <strong>1481</strong><br />(+29 for winning)
|raw|stimpakz's rating: 1614 &rarr; <strong>1585</strong><br />(-29 for losing)
|c|☆stimpakz|gg
|c|☆PULT4S3 Innuendo|allez merci pour les points
|c|☆PULT4S3 Innuendo|gg
|c|☆stimpakz|qualling wont be easy for u kek
|l|☆stimpakz
||Ladder isn't responding, score probably updated but might not have (Request timeout).
