|j|☆2turtle
|j|☆MAC1295
|t:|1652278314
|gametype|singles
|player|p1|2turtle|richboy-gen4|1511
|player|p2|MAC1295|lucian|1518
|teamsize|p1|6
|teamsize|p2|6
|gen|8
|tier|[Gen 8] PU
|rated|
|rule|Sleep Clause Mod: Limit one foe put to sleep
|rule|Species Clause: Limit one of each Pokémon
|rule|OHKO Clause: OHKO moves are banned
|rule|Evasion Moves Clause: Evasion moves are banned
|rule|Endless Battle Clause: Forcing endless battles is banned
|rule|HP Percentage Mod: HP is shown in percentages
|rule|Dynamax Clause: You cannot dynamax
|clearpoke
|poke|p1|Ludicolo, F|
|poke|p1|Uxie|
|poke|p1|Poliwrath, M|
|poke|p1|Liepard, M|
|poke|p1|Kabutops, F|
|poke|p1|Qwilfish, F|
|poke|p2|Liepard, F|
|poke|p2|Ludicolo, F|
|poke|p2|Hitmonlee, M|
|poke|p2|Claydol|
|poke|p2|Qwilfish, M|
|poke|p2|Magneton|
|teampreview
|inactive|Battle timer is ON: inactive players will automatically lose when time's up. (requested by 2turtle)
|inactive|MAC1295 has 120 seconds left.
|
|t:|1652278361
|start
|switch|p1a: Uxie|Uxie|100/100
|switch|p2a: Claydol|Claydol|100/100
|turn|1
|
|t:|1652278366
|move|p1a: Uxie|Yawn|p2a: Claydol
|-start|p2a: Claydol|move: Yawn|[of] p1a: Uxie
|move|p2a: Claydol|Stealth Rock|p1a: Uxie
|-sidestart|p1: 2turtle|move: Stealth Rock
|
|upkeep
|turn|2
|
|t:|1652278374
|move|p1a: Uxie|Yawn||[still]
|-fail|p1a: Uxie
|move|p2a: Claydol|Teleport|p2a: Claydol
|
|t:|1652278381
|switch|p2a: Liepard|Liepard, F|100/100|[from]move: Teleport
|
|upkeep
|turn|3
|
|t:|1652278389
|move|p2a: Liepard|Knock Off|p1a: Uxie
|-supereffective|p1a: Uxie
|-damage|p1a: Uxie|44/100
|-enditem|p1a: Uxie|Damp Rock|[from] move: Knock Off|[of] p2a: Liepard
|move|p1a: Uxie|U-turn|p2a: Liepard
|-supereffective|p2a: Liepard
|-damage|p2a: Liepard|41/100
|
|t:|1652278394
|switch|p1a: Qwilfish|Qwilfish, F|100/100|[from]move: U-turn
|-damage|p1a: Qwilfish|88/100|[from] Stealth Rock
|
|-heal|p1a: Qwilfish|94/100|[from] item: Black Sludge
|upkeep
|turn|4
|
|t:|1652278405
|move|p2a: Liepard|Knock Off|p1a: Qwilfish
|-damage|p1a: Qwilfish|56/100
|-enditem|p1a: Qwilfish|Black Sludge|[from] move: Knock Off|[of] p2a: Liepard
|move|p1a: Qwilfish|Liquidation|p2a: Liepard
|-damage|p2a: Liepard|0 fnt
|faint|p2a: Liepard
|
|upkeep
|
|t:|1652278417
|switch|p2a: Magneton|Magneton|100/100
|turn|5
|
|t:|1652278423
|move|p2a: Magneton|Volt Switch|p1a: Qwilfish
|-supereffective|p1a: Qwilfish
|-damage|p1a: Qwilfish|0 fnt
|faint|p1a: Qwilfish
|inactive|MAC1295 has 120 seconds left.
|
|t:|1652278463
|switch|p2a: Ludicolo|Ludicolo, F|100/100|[from]move: Volt Switch
|
|upkeep
|j| ClubRaptor
|
|t:|1652278471
|switch|p1a: Kabutops|Kabutops, F|100/100
|-damage|p1a: Kabutops|88/100|[from] Stealth Rock
|turn|6
|inactive|MAC1295 has 120 seconds left.
|l| ClubRaptor
|
|t:|1652278478
|move|p1a: Kabutops|Stone Edge|p2a: Ludicolo|[miss]
|-miss|p1a: Kabutops|p2a: Ludicolo
|move|p2a: Ludicolo|Giga Drain|p1a: Kabutops
|-supereffective|p1a: Kabutops
|-damage|p1a: Kabutops|0 fnt
|faint|p1a: Kabutops
|-damage|p2a: Ludicolo|91/100|[from] item: Life Orb
|
|upkeep
|
|t:|1652278482
|switch|p1a: Uxie|Uxie|44/100
|-damage|p1a: Uxie|32/100|[from] Stealth Rock
|turn|7
|inactive|MAC1295 has 120 seconds left.
|
|t:|1652278502
|switch|p2a: Magneton|Magneton|100/100
|move|p1a: Uxie|Yawn|p2a: Magneton
|-start|p2a: Magneton|move: Yawn|[of] p1a: Uxie
|
|upkeep
|turn|8
|inactive|MAC1295 has 120 seconds left.
|
|t:|1652278508
|move|p1a: Uxie|U-turn|p2a: Magneton
|-resisted|p2a: Magneton
|-damage|p2a: Magneton|91/100
|
|t:|1652278515
|switch|p1a: Liepard|Liepard, M|100/100|[from]move: U-turn
|-damage|p1a: Liepard|88/100|[from] Stealth Rock
|move|p2a: Magneton|Volt Switch|p1a: Liepard
|-damage|p1a: Liepard|0 fnt
|faint|p1a: Liepard
|
|t:|1652278523
|switch|p2a: Ludicolo|Ludicolo, F|91/100|[from]move: Volt Switch
|
|upkeep
|
|t:|1652278533
|switch|p1a: Poliwrath|Poliwrath, M|100/100
|-damage|p1a: Poliwrath|94/100|[from] Stealth Rock
|turn|9
|
|t:|1652278537
|move|p1a: Poliwrath|Substitute|p1a: Poliwrath
|-start|p1a: Poliwrath|Substitute
|-damage|p1a: Poliwrath|69/100
|move|p2a: Ludicolo|Giga Drain|p1a: Poliwrath
|-supereffective|p1a: Poliwrath
|-end|p1a: Poliwrath|Substitute
|-heal|p2a: Ludicolo|100/100|[from] drain|[of] p1a: Poliwrath
|-damage|p2a: Ludicolo|91/100|[from] item: Life Orb
|
|upkeep
|turn|10
|
|t:|1652278544
|move|p1a: Poliwrath|Drain Punch|p2a: Ludicolo
|-damage|p2a: Ludicolo|43/100
|-heal|p1a: Poliwrath|91/100|[from] drain|[of] p2a: Ludicolo
|move|p2a: Ludicolo|Giga Drain|p1a: Poliwrath
|-supereffective|p1a: Poliwrath
|-damage|p1a: Poliwrath|0 fnt
|-heal|p2a: Ludicolo|92/100|[from] drain|[of] p1a: Poliwrath
|faint|p1a: Poliwrath
|-damage|p2a: Ludicolo|83/100|[from] item: Life Orb
|
|upkeep
|-message|2turtle forfeited.
|
|win|MAC1295
|raw|2turtle's rating: 1511 &rarr; <strong>1491</strong><br />(-20 for losing)
|raw|MAC1295's rating: 1518 &rarr; <strong>1538</strong><br />(+20 for winning)
|l|☆2turtle
||Ladder isn't responding, score probably updated but might not have (Request timeout).
