|html|<div class="broadcast-blue"><strong>[Gen 8] PU is currently suspecting Vanilluxe! For information on how to participate check out the <a href="https://www.smogon.com/forums/threads/np-ss-pu-stage-10-ice-cream-vanilluxe-suspect-test.3705646/">suspect thread</a>.</strong></div>
|raw|<div class="broadcast-blue"><strong>This battle is required to be public due to a player having a name starting with 'pult4c1'.</div>
|j|☆PULT4C1 Inder
|j|☆PULT4C1 Nez
|t:|1660505600
|gametype|singles
|player|p1|PULT4C1 Inder|lyra|1181
|player|p2|PULT4C1 Nez|mars|1000
|teamsize|p1|6
|teamsize|p2|6
|gen|8
|tier|[Gen 8] PU
|rated|
|rule|Sleep Clause Mod: Limit one foe put to sleep
|rule|Species Clause: Limit one of each Pokémon
|rule|OHKO Clause: OHKO moves are banned
|rule|Evasion Items Clause: Evasion items are banned
|rule|Evasion Moves Clause: Evasion moves are banned
|rule|Endless Battle Clause: Forcing endless battles is banned
|rule|HP Percentage Mod: HP is shown in percentages
|rule|Dynamax Clause: You cannot dynamax
|clearpoke
|poke|p1|Doublade, F|
|poke|p1|Vikavolt, F|
|poke|p1|Archeops, F|
|poke|p1|Silvally-*|
|poke|p1|Turtonator, M|
|poke|p1|Druddigon, F|
|poke|p2|Lycanroc, M|
|poke|p2|Turtonator, F|
|poke|p2|Doublade, F|
|poke|p2|Silvally-*|
|poke|p2|Aurorus, M|
|poke|p2|Scrafty, F|
|teampreview
|inactive|Battle timer is ON: inactive players will automatically lose when time's up. (requested by PULT4C1 Inder)
|c|☆PULT4C1 Nez|Sup
|c|☆PULT4C1 Nez|Hf
|c|☆PULT4C1 Inder|hfhf
|
|t:|1660505625
|start
|switch|p1a: Druddigon|Druddigon, F|100/100
|switch|p2a: Lycanroc|Lycanroc, M|100/100
|-ability|p1a: Druddigon|Mold Breaker
|turn|1
|c|☆PULT4C1 Inder|all g wbu
|
|t:|1660505642
|move|p2a: Lycanroc|Taunt|p1a: Druddigon
|-start|p1a: Druddigon|move: Taunt
|move|p1a: Druddigon|Earthquake|p2a: Lycanroc
|-supereffective|p2a: Lycanroc
|-damage|p2a: Lycanroc|8/100
|
|upkeep
|turn|2
|c|☆PULT4C1 Nez|Chillin rn. Just giving cycle 1 a shot
|
|t:|1660505655
|move|p2a: Lycanroc|Stealth Rock|p1a: Druddigon
|-sidestart|p1: PULT4C1 Inder|move: Stealth Rock
|move|p1a: Druddigon|Scale Shot|p2a: Lycanroc
|-damage|p2a: Lycanroc|0 fnt
|faint|p2a: Lycanroc
|-hitcount|p2: Lycanroc|1
|-unboost|p1a: Druddigon|def|1
|-boost|p1a: Druddigon|spe|1
|
|upkeep
|
|t:|1660505662
|switch|p2a: Aurorus|Aurorus, M|100/100
|-weather|Hail|[from] ability: Snow Warning|[of] p2a: Aurorus
|turn|3
|c|☆PULT4C1 Inder|yeah ic ic
|
|t:|1660505678
|move|p1a: Druddigon|Earthquake|p2a: Aurorus
|-supereffective|p2a: Aurorus
|-damage|p2a: Aurorus|25/100
|move|p2a: Aurorus|Blizzard|p1a: Druddigon
|-supereffective|p1a: Druddigon
|-enditem|p1a: Druddigon|Focus Sash
|-damage|p1a: Druddigon|1/100
|
|-weather|Hail|[upkeep]
|-damage|p1a: Druddigon|0 fnt|[from] Hail
|faint|p1a: Druddigon
|upkeep
|
|t:|1660505694
|switch|p1a: Silvally|Silvally-Fairy|100/100
|-damage|p1a: Silvally|88/100|[from] Stealth Rock
|turn|4
|
|t:|1660505697
|switch|p2a: Doublade|Doublade, F|100/100
|move|p1a: Silvally|Multi-Attack|p2a: Doublade
|-resisted|p2a: Doublade
|-damage|p2a: Doublade|89/100
|
|-weather|Hail|[upkeep]
|-damage|p1a: Silvally|82/100|[from] Hail
|-damage|p2a: Doublade|83/100|[from] Hail
|upkeep
|turn|5
|
|t:|1660505702
|switch|p1a: Turtonator|Turtonator, M|100/100
|move|p2a: Doublade|Shadow Claw|p1a: Turtonator
|-damage|p1a: Turtonator|66/100
|
|-weather|Hail|[upkeep]
|-damage|p1a: Turtonator|60/100|[from] Hail
|-damage|p2a: Doublade|77/100|[from] Hail
|upkeep
|turn|6
|
|t:|1660505716
|switch|p2a: Turtonator|Turtonator, F|100/100
|move|p1a: Turtonator|Flamethrower|p2a: Turtonator
|-resisted|p2a: Turtonator
|-damage|p2a: Turtonator|87/100
|
|-weather|Hail|[upkeep]
|-damage|p2a: Turtonator|81/100|[from] Hail
|-damage|p1a: Turtonator|54/100|[from] Hail
|upkeep
|turn|7
|
|t:|1660505727
|move|p2a: Turtonator|Shell Smash|p2a: Turtonator
|-unboost|p2a: Turtonator|def|1
|-unboost|p2a: Turtonator|spd|1
|-boost|p2a: Turtonator|atk|2
|-boost|p2a: Turtonator|spa|2
|-boost|p2a: Turtonator|spe|2
|-enditem|p2a: Turtonator|White Herb
|-clearnegativeboost|p2a: Turtonator|[silent]
|move|p1a: Turtonator|Draco Meteor|p2a: Turtonator
|-supereffective|p2a: Turtonator
|-damage|p2a: Turtonator|0 fnt
|-unboost|p1a: Turtonator|spa|2
|faint|p2a: Turtonator
|
|-weather|none
|upkeep
|
|t:|1660505733
|switch|p2a: Aurorus|Aurorus, M|25/100
|-weather|Hail|[from] ability: Snow Warning|[of] p2a: Aurorus
|turn|8
|
|t:|1660505762
|move|p2a: Aurorus|Meteor Beam||[still]
|-prepare|p2a: Aurorus|Meteor Beam
|-boost|p2a: Aurorus|spa|1
|-enditem|p2a: Aurorus|Power Herb
|-anim|p2a: Aurorus|Meteor Beam|p1a: Turtonator
|-supereffective|p1a: Turtonator
|-damage|p1a: Turtonator|0 fnt
|faint|p1a: Turtonator
|
|-weather|Hail|[upkeep]
|upkeep
|inactive|PULT4C1 Inder has 120 seconds left.
|c|☆PULT4C1 Nez|Wifi might go outbbtw
|
|t:|1660505790
|switch|p1a: Archeops|Archeops, F|100/100
|-damage|p1a: Archeops|76/100|[from] Stealth Rock
|turn|9
|
|t:|1660505801
|move|p1a: Archeops|Earth Power|p2a: Aurorus
|-supereffective|p2a: Aurorus
|-damage|p2a: Aurorus|0 fnt
|faint|p2a: Aurorus
|
|-weather|Hail|[upkeep]
|-damage|p1a: Archeops|70/100|[from] Hail
|upkeep
|
|t:|1660505810
|switch|p2a: Scrafty|Scrafty, F|100/100
|turn|10
|
|t:|1660505816
|switch|p2a: Doublade|Doublade, F|77/100
|move|p1a: Archeops|Air Slash|p2a: Doublade
|-resisted|p2a: Doublade
|-damage|p2a: Doublade|56/100
|
|-weather|Hail|[upkeep]
|-damage|p1a: Archeops|63/100|[from] Hail
|-damage|p2a: Doublade|50/100|[from] Hail
|upkeep
|turn|11
|
|t:|1660505820
|move|p2a: Doublade|Shadow Sneak|p1a: Archeops
|-damage|p1a: Archeops|32/100
|move|p1a: Archeops|Earth Power|p2a: Doublade
|-supereffective|p2a: Doublade
|-damage|p2a: Doublade|14/100
|
|-weather|Hail|[upkeep]
|-damage|p1a: Archeops|26/100|[from] Hail
|-damage|p2a: Doublade|8/100|[from] Hail
|upkeep
|turn|12
|
|t:|1660505830
|switch|p1a: Doublade|Doublade, F|100/100
|-damage|p1a: Doublade|94/100|[from] Stealth Rock
|move|p2a: Doublade|Shadow Sneak|p1a: Doublade
|-supereffective|p1a: Doublade
|-damage|p1a: Doublade|71/100
|
|-weather|none
|upkeep
|turn|13
|
|t:|1660505839
|move|p1a: Doublade|Swords Dance|p1a: Doublade
|-boost|p1a: Doublade|atk|2
|move|p2a: Doublade|Shadow Claw|p1a: Doublade
|-supereffective|p1a: Doublade
|-damage|p1a: Doublade|32/100
|
|upkeep
|turn|14
|
|t:|1660505841
|move|p1a: Doublade|Shadow Sneak|p2a: Doublade
|-supereffective|p2a: Doublade
|-damage|p2a: Doublade|0 fnt
|faint|p2a: Doublade
|
|upkeep
|
|t:|1660505843
|switch|p2a: Scrafty|Scrafty, F|100/100
|turn|15
|
|t:|1660505854
|switch|p2a: Silvally|Silvally-Grass|100/100
|move|p1a: Doublade|Close Combat|p2a: Silvally
|-damage|p2a: Silvally|17/100
|-unboost|p1a: Doublade|def|1
|-unboost|p1a: Doublade|spd|1
|
|upkeep
|turn|16
|
|t:|1660505857
|move|p1a: Doublade|Shadow Sneak|p2a: Silvally
|-damage|p2a: Silvally|0 fnt
|faint|p2a: Silvally
|
|upkeep
|
|t:|1660505860
|switch|p2a: Scrafty|Scrafty, F|100/100
|turn|17
|
|t:|1660505888
|move|p2a: Scrafty|Knock Off|p1a: Doublade
|-supereffective|p1a: Doublade
|-damage|p1a: Doublade|0 fnt
|-enditem|p1a: Doublade|Eviolite|[from] move: Knock Off|[of] p2a: Scrafty
|faint|p1a: Doublade
|-ability|p2a: Scrafty|Moxie|boost
|-boost|p2a: Scrafty|atk|1
|
|upkeep
|
|t:|1660505890
|switch|p1a: Silvally|Silvally-Fairy|82/100
|-damage|p1a: Silvally|70/100|[from] Stealth Rock
|turn|18
|
|t:|1660505903
|move|p1a: Silvally|Multi-Attack|p2a: Scrafty
|-supereffective|p2a: Scrafty
|-enditem|p2a: Scrafty|Roseli Berry|[eat]
|-enditem|p2a: Scrafty|Roseli Berry|[weaken]
|-damage|p2a: Scrafty|0 fnt
|faint|p2a: Scrafty
|
|win|PULT4C1 Inder
|raw|PULT4C1 Inder's rating: 1181 &rarr; <strong>1194</strong><br />(+13 for winning)
|raw|PULT4C1 Nez's rating: 1000 &rarr; <strong>1000</strong><br />(+0 for losing)
|c|☆PULT4C1 Nez|Gg
|l|☆PULT4C1 Nez
|c|☆PULT4C1 Inder|gg
