|raw|<div class="broadcast-blue"><strong>This battle is required to be public due to a player having a name starting with 'pult4c1'.</div>
|j|☆pult4c1 skelly
|j|☆pult4c1 shane
|t:|1661082263
|gametype|singles
|player|p1|pult4c1 skelly|2|1454
|player|p2|pult4c1 shane|veteran|1631
|teamsize|p1|6
|teamsize|p2|6
|gen|8
|tier|[Gen 8] PU
|rated|
|rule|Sleep Clause Mod: Limit one foe put to sleep
|rule|Species Clause: Limit one of each Pokémon
|rule|OHKO Clause: OHKO moves are banned
|rule|Evasion Items Clause: Evasion items are banned
|rule|Evasion Moves Clause: Evasion moves are banned
|rule|Endless Battle Clause: Forcing endless battles is banned
|rule|HP Percentage Mod: HP is shown in percentages
|rule|Dynamax Clause: You cannot dynamax
|clearpoke
|poke|p1|Combusken, F|
|poke|p1|Lanturn, M|
|poke|p1|Ferroseed, F|
|poke|p1|Mesprit|
|poke|p1|Kangaskhan, F|
|poke|p1|Silvally-*|
|poke|p2|Sandslash, M|
|poke|p2|Gigalith, F|
|poke|p2|Eldegoss, M|
|poke|p2|Basculin, F|
|poke|p2|Scyther, M|
|poke|p2|Weezing, M|
|teampreview
|inactive|Battle timer is ON: inactive players will automatically lose when time's up. (requested by pult4c1 shane)
|inactive|pult4c1 shane has 120 seconds left.
|
|t:|1661082309
|start
|switch|p1a: Mesprit|Mesprit|100/100
|switch|p2a: Sandslash|Sandslash, M|100/100
|turn|1
|
|t:|1661082319
|switch|p2a: Gigalith|Gigalith, F|100/100
|-weather|Sandstorm|[from] ability: Sand Stream|[of] p2a: Gigalith
|move|p1a: Mesprit|Knock Off|p2a: Gigalith
|-damage|p2a: Gigalith|87/100
|-enditem|p2a: Gigalith|Leftovers|[from] move: Knock Off|[of] p1a: Mesprit
|
|-weather|Sandstorm|[upkeep]
|-damage|p1a: Mesprit|95/100|[from] Sandstorm
|upkeep
|turn|2
|j| PULT4C1 Haffling
|j| PULT4C1 Carmin
|
|t:|1661082334
|move|p1a: Mesprit|Stealth Rock|p2a: Gigalith
|-sidestart|p2: pult4c1 shane|move: Stealth Rock
|move|p2a: Gigalith|Stealth Rock|p1a: Mesprit
|-sidestart|p1: pult4c1 skelly|move: Stealth Rock
|
|-weather|Sandstorm|[upkeep]
|-damage|p1a: Mesprit|89/100|[from] Sandstorm
|upkeep
|turn|3
|
|t:|1661082344
|move|p1a: Mesprit|U-turn|p2a: Gigalith
|-damage|p2a: Gigalith|75/100
|
|t:|1661082346
|switch|p1a: Ferroseed|Ferroseed, F|100/100|[from]move: U-turn
|-damage|p1a: Ferroseed|94/100|[from] Stealth Rock
|move|p2a: Gigalith|Toxic|p1a: Ferroseed
|-immune|p1a: Ferroseed
|
|-weather|Sandstorm|[upkeep]
|upkeep
|turn|4
|
|t:|1661082358
|switch|p2a: Eldegoss|Eldegoss, M|100/100
|-damage|p2a: Eldegoss|88/100|[from] Stealth Rock
|move|p1a: Ferroseed|Knock Off|p2a: Eldegoss
|-damage|p2a: Eldegoss|78/100
|-enditem|p2a: Eldegoss|Eject Button|[from] move: Knock Off|[of] p1a: Ferroseed
|
|-weather|Sandstorm|[upkeep]
|-damage|p2a: Eldegoss|71/100|[from] Sandstorm
|upkeep
|turn|5
|
|t:|1661082369
|move|p2a: Eldegoss|Rapid Spin|p1a: Ferroseed
|-resisted|p1a: Ferroseed
|-damage|p1a: Ferroseed|93/100
|-boost|p2a: Eldegoss|spe|1
|-damage|p2a: Eldegoss|59/100|[from] ability: Iron Barbs|[of] p1a: Ferroseed
|-sideend|p2: pult4c1 shane|Stealth Rock|[from] move: Rapid Spin|[of] p2a: Eldegoss
|move|p1a: Ferroseed|Spikes|p2a: Eldegoss
|-sidestart|p2: pult4c1 shane|Spikes
|
|-weather|none
|upkeep
|turn|6
|
|t:|1661082376
|move|p2a: Eldegoss|Leaf Tornado|p1a: Ferroseed
|-resisted|p1a: Ferroseed
|-damage|p1a: Ferroseed|89/100
|-unboost|p1a: Ferroseed|accuracy|1
|move|p1a: Ferroseed|Leech Seed|p2a: Eldegoss
|-immune|p2a: Eldegoss
|
|upkeep
|turn|7
|
|t:|1661082382
|switch|p2a: Weezing|Weezing, M|100/100
|move|p1a: Ferroseed|Spikes|p2a: Weezing
|-sidestart|p2: pult4c1 shane|Spikes
|
|upkeep
|turn|8
|j| Strawbrity
|
|t:|1661082388
|switch|p1a: Lanturn|Lanturn, M|100/100
|-damage|p1a: Lanturn|88/100|[from] Stealth Rock
|move|p2a: Weezing|Toxic Spikes|p1a: Lanturn
|-sidestart|p1: pult4c1 skelly|move: Toxic Spikes
|
|upkeep
|turn|9
|
|t:|1661082404
|move|p1a: Lanturn|Volt Switch|p2a: Weezing
|-damage|p2a: Weezing|68/100
|
|t:|1661082409
|switch|p1a: Mesprit|Mesprit|89/100|[from]move: Volt Switch
|-damage|p1a: Mesprit|76/100|[from] Stealth Rock
|move|p2a: Weezing|Sludge Bomb|p1a: Mesprit
|-damage|p1a: Mesprit|47/100
|-status|p1a: Mesprit|psn
|
|-heal|p2a: Weezing|74/100|[from] item: Black Sludge
|-damage|p1a: Mesprit|35/100 psn|[from] psn
|upkeep
|turn|10
|
|t:|1661082419
|switch|p2a: Eldegoss|Eldegoss, M|92/100
|-damage|p2a: Eldegoss|76/100|[from] Spikes
|move|p1a: Mesprit|Psychic|p2a: Eldegoss
|-damage|p2a: Eldegoss|36/100
|
|-damage|p1a: Mesprit|22/100 psn|[from] psn
|upkeep
|turn|11
|j| Starfall
|j| Delysse
|c| Starfall|LGI SHABE
|c| Starfall|SHANE
|
|t:|1661082442
|switch|p2a: Scyther|Scyther, M|100/100
|move|p1a: Mesprit|Psychic|p2a: Scyther
|-damage|p2a: Scyther|41/100
|
|-damage|p1a: Mesprit|10/100 psn|[from] psn
|upkeep
|turn|12
|j| PULT4C1 spacial
|
|t:|1661082461
|move|p2a: Scyther|Knock Off|p1a: Mesprit
|-supereffective|p1a: Mesprit
|-enditem|p1a: Mesprit|Colbur Berry|[eat]
|-enditem|p1a: Mesprit|Colbur Berry|[weaken]
|-damage|p1a: Mesprit|0 fnt
|faint|p1a: Mesprit
|
|upkeep
|
|t:|1661082469
|switch|p1a: Lanturn|Lanturn, M|88/100
|-damage|p1a: Lanturn|76/100|[from] Stealth Rock
|-status|p1a: Lanturn|psn
|turn|13
|j| yandaud
|l| Delysse
|
|t:|1661082476
|move|p1a: Lanturn|Ice Beam|p2a: Scyther
|-supereffective|p2a: Scyther
|-crit|p2a: Scyther
|-damage|p2a: Scyther|0 fnt
|faint|p2a: Scyther
|
|-damage|p1a: Lanturn|64/100 psn|[from] psn
|upkeep
|
|t:|1661082491
|switch|p2a: Gigalith|Gigalith, F|75/100
|-damage|p2a: Gigalith|58/100|[from] Spikes
|-weather|Sandstorm|[from] ability: Sand Stream|[of] p2a: Gigalith
|turn|14
|
|t:|1661082501
|switch|p1a: Kangaskhan|Kangaskhan, F|100/100
|-damage|p1a: Kangaskhan|88/100|[from] Stealth Rock
|-status|p1a: Kangaskhan|psn
|switch|p2a: Eldegoss|Eldegoss, M|69/100
|-damage|p2a: Eldegoss|53/100|[from] Spikes
|
|-weather|Sandstorm|[upkeep]
|-damage|p1a: Kangaskhan|82/100 psn|[from] Sandstorm
|-damage|p2a: Eldegoss|46/100|[from] Sandstorm
|-damage|p1a: Kangaskhan|70/100 psn|[from] psn
|upkeep
|turn|15
|
|t:|1661082530
|switch|p2a: Weezing|Weezing, M|74/100
|move|p1a: Kangaskhan|Double-Edge|p2a: Weezing
|-damage|p2a: Weezing|31/100
|-damage|p1a: Kangaskhan|56/100 psn|[from] Recoil
|
|-weather|Sandstorm|[upkeep]
|-damage|p1a: Kangaskhan|50/100 psn|[from] Sandstorm
|-damage|p2a: Weezing|25/100|[from] Sandstorm
|-heal|p2a: Weezing|31/100|[from] item: Black Sludge
|-damage|p1a: Kangaskhan|38/100 psn|[from] psn
|upkeep
|turn|16
|
|t:|1661082544
|move|p1a: Kangaskhan|Double-Edge|p2a: Weezing
|-damage|p2a: Weezing|0 fnt
|faint|p2a: Weezing
|-damage|p1a: Kangaskhan|29/100 psn|[from] Recoil
|
|-weather|Sandstorm|[upkeep]
|-damage|p1a: Kangaskhan|23/100 psn|[from] Sandstorm
|-damage|p1a: Kangaskhan|10/100 psn|[from] psn
|upkeep
|
|t:|1661082550
|switch|p2a: Sandslash|Sandslash, M|100/100
|-damage|p2a: Sandslash|84/100|[from] Spikes
|turn|17
|
|t:|1661082561
|switch|p1a: Ferroseed|Ferroseed, F|89/100
|-damage|p1a: Ferroseed|82/100|[from] Stealth Rock
|move|p2a: Sandslash|Swords Dance|p2a: Sandslash
|-boost|p2a: Sandslash|atk|2
|
|-weather|Sandstorm|[upkeep]
|upkeep
|turn|18
|
|t:|1661082564
|move|p2a: Sandslash|Earthquake|p1a: Ferroseed
|-damage|p1a: Ferroseed|13/100
|-damage|p2a: Sandslash|74/100|[from] item: Life Orb
|move|p1a: Ferroseed|Gyro Ball|p2a: Sandslash
|-damage|p2a: Sandslash|44/100
|
|-weather|none
|upkeep
|turn|19
|j| PUDS DiannieRatson
|
|t:|1661082582
|switch|p1a: Kangaskhan|Kangaskhan, F|10/100 psn
|-damage|p1a: Kangaskhan|0 fnt|[from] Stealth Rock
|faint|p1a: Kangaskhan
|move|p2a: Sandslash|Earthquake|p1: Kangaskhan|[notarget]
|-fail|p2a: Sandslash
|
|upkeep
|
|t:|1661082598
|switch|p1a: Silvally|Silvally-Fairy|100/100
|-damage|p1a: Silvally|88/100|[from] Stealth Rock
|-status|p1a: Silvally|psn
|turn|20
|j| Emboar 366
|inactive|pult4c1 shane has 120 seconds left.
|inactive|pult4c1 shane has 90 seconds left.
|inactive|pult4c1 shane has 60 seconds left.
|
|t:|1661082698
|switch|p2a: Eldegoss|Eldegoss, M|80/100
|-damage|p2a: Eldegoss|63/100|[from] Spikes
|move|p1a: Silvally|Multi-Attack|p2a: Eldegoss
|-damage|p2a: Eldegoss|22/100
|
|-damage|p1a: Silvally|76/100 psn|[from] psn
|upkeep
|turn|21
|inactive|pult4c1 shane has 60 seconds left.
|
|t:|1661082709
|move|p1a: Silvally|Multi-Attack|p2a: Eldegoss
|-damage|p2a: Eldegoss|0 fnt
|faint|p2a: Eldegoss
|
|-damage|p1a: Silvally|63/100 psn|[from] psn
|upkeep
|
|t:|1661082712
|switch|p2a: Gigalith|Gigalith, F|58/100
|-damage|p2a: Gigalith|41/100|[from] Spikes
|-weather|Sandstorm|[from] ability: Sand Stream|[of] p2a: Gigalith
|turn|22
|j| PUetro
|inactive|pult4c1 shane has 60 seconds left.
|
|t:|1661082730
|move|p1a: Silvally|Multi-Attack|p2a: Gigalith
|-damage|p2a: Gigalith|2/100
|move|p2a: Gigalith|Earthquake|p1a: Silvally
|-damage|p1a: Silvally|34/100 psn
|
|-weather|Sandstorm|[upkeep]
|-damage|p1a: Silvally|28/100 psn|[from] Sandstorm
|-damage|p1a: Silvally|16/100 psn|[from] psn
|upkeep
|turn|23
|inactive|pult4c1 skelly has 120 seconds left.
|
|t:|1661082759
|move|p1a: Silvally|Swords Dance|p1a: Silvally
|-boost|p1a: Silvally|atk|2
|move|p2a: Gigalith|Earthquake|p1a: Silvally
|-damage|p1a: Silvally|0 fnt
|faint|p1a: Silvally
|
|-weather|Sandstorm|[upkeep]
|upkeep
|inactive|pult4c1 skelly has 120 seconds left.
|
|t:|1661082779
|switch|p1a: Combusken|Combusken, F|100/100
|-damage|p1a: Combusken|88/100|[from] Stealth Rock
|-status|p1a: Combusken|psn
|turn|24
|
|t:|1661082782
|move|p1a: Combusken|Protect|p1a: Combusken
|-singleturn|p1a: Combusken|Protect
|move|p2a: Gigalith|Earthquake|p1a: Combusken
|-activate|p1a: Combusken|move: Protect
|
|-weather|Sandstorm|[upkeep]
|-damage|p1a: Combusken|82/100 psn|[from] Sandstorm
|-damage|p1a: Combusken|70/100 psn|[from] psn
|-ability|p1a: Combusken|Speed Boost|boost
|-boost|p1a: Combusken|spe|1
|upkeep
|turn|25
|inactive|pult4c1 skelly has 120 seconds left.
|
|t:|1661082796
|move|p1a: Combusken|Rock Slide|p2a: Gigalith
|-damage|p2a: Gigalith|0 fnt
|faint|p2a: Gigalith
|-damage|p1a: Combusken|60/100 psn|[from] item: Life Orb
|
|-weather|Sandstorm|[upkeep]
|-damage|p1a: Combusken|54/100 psn|[from] Sandstorm
|-damage|p1a: Combusken|41/100 psn|[from] psn
|-ability|p1a: Combusken|Speed Boost|boost
|-boost|p1a: Combusken|spe|1
|upkeep
|inactive|pult4c1 shane has 90 seconds left.
|
|t:|1661082808
|switch|p2a: Basculin|Basculin, F|100/100
|-damage|p2a: Basculin|84/100|[from] Spikes
|turn|26
|inactive|pult4c1 shane has 90 seconds left.
|inactive|pult4c1 skelly has 120 seconds left.
|
|t:|1661082826
|switch|p1a: Ferroseed|Ferroseed, F|13/100
|-damage|p1a: Ferroseed|7/100|[from] Stealth Rock
|move|p2a: Basculin|Liquidation|p1a: Ferroseed
|-resisted|p1a: Ferroseed
|-damage|p1a: Ferroseed|0 fnt
|-damage|p2a: Basculin|72/100|[from] ability: Iron Barbs|[of] p1a: Ferroseed
|faint|p1a: Ferroseed
|
|-weather|none
|upkeep
|
|t:|1661082831
|switch|p1a: Lanturn|Lanturn, M|64/100 psn
|-damage|p1a: Lanturn|51/100 psn|[from] Stealth Rock
|turn|27
|
|t:|1661082836
|switch|p2a: Sandslash|Sandslash, M|44/100
|-damage|p2a: Sandslash|27/100|[from] Spikes
|move|p1a: Lanturn|Hydro Pump|p2a: Sandslash
|-supereffective|p2a: Sandslash
|-damage|p2a: Sandslash|0 fnt
|faint|p2a: Sandslash
|
|-damage|p1a: Lanturn|39/100 psn|[from] psn
|upkeep
|
|t:|1661082838
|switch|p2a: Basculin|Basculin, F|72/100
|-damage|p2a: Basculin|55/100|[from] Spikes
|turn|28
|inactive|pult4c1 shane has 90 seconds left.
|
|t:|1661082863
|move|p2a: Basculin|Superpower|p1a: Lanturn
|-damage|p1a: Lanturn|0 fnt
|-unboost|p2a: Basculin|atk|1
|-unboost|p2a: Basculin|def|1
|faint|p1a: Lanturn
|
|upkeep
|
|t:|1661082867
|switch|p1a: Combusken|Combusken, F|41/100 psn
|-damage|p1a: Combusken|29/100 psn|[from] Stealth Rock
|turn|29
|
|t:|1661082869
|move|p1a: Combusken|Protect|p1a: Combusken
|-singleturn|p1a: Combusken|Protect
|move|p2a: Basculin|Superpower|p1a: Combusken
|-activate|p1a: Combusken|move: Protect
|
|-damage|p1a: Combusken|17/100 psn|[from] psn
|-ability|p1a: Combusken|Speed Boost|boost
|-boost|p1a: Combusken|spe|1
|upkeep
|turn|30
|
|t:|1661082873
|move|p1a: Combusken|Protect||[still]
|-fail|p1a: Combusken
|move|p2a: Basculin|Superpower|p1a: Combusken
|-damage|p1a: Combusken|0 fnt
|-unboost|p2a: Basculin|atk|1
|-unboost|p2a: Basculin|def|1
|faint|p1a: Combusken
|
|win|pult4c1 shane
|raw|pult4c1 skelly's rating: 1470 &rarr; <strong>1459</strong><br />(-11 for losing)
|raw|pult4c1 shane's rating: 1631 &rarr; <strong>1642</strong><br />(+11 for winning)
|c|☆pult4c1 shane|gg
|l|☆pult4c1 skelly
|l| Strawbrity
|l| PULT4C1 spacial
|l| PULT4C1 Haffling
