|html|<div class="broadcast-blue"><strong>[Gen 8] PU is currently suspecting Exeggutor-Alola! For information on how to participate check out the <a href="https://www.smogon.com/forums/threads/np-pu-stage-6-hate-to-see-you-k-o-love-to-watch-you-leaf-storm.3686048/">suspect thread</a>.</strong></div>
|j|☆TLA Barde
|j|☆2turtle
|t:|1624296177
|gametype|singles
|player|p1|TLA Barde|ruinmaniac|1198
|player|p2|2turtle|hilbert-dueldisk|1314
|teamsize|p1|6
|teamsize|p2|6
|gen|8
|tier|[Gen 8] PU
|rated|
|rule|Sleep Clause Mod: Limit one foe put to sleep
|rule|Species Clause: Limit one of each Pokémon
|rule|OHKO Clause: OHKO moves are banned
|rule|Evasion Moves Clause: Evasion moves are banned
|rule|Endless Battle Clause: Forcing endless battles is banned
|rule|HP Percentage Mod: HP is shown in percentages
|rule|Dynamax Clause: You cannot dynamax
|clearpoke
|poke|p1|Charizard, M|
|poke|p1|Passimian, M|
|poke|p1|Togedemaru, M|
|poke|p1|Ribombee, F|
|poke|p1|Guzzlord|
|poke|p1|Palossand, F|
|poke|p2|Ludicolo, F|
|poke|p2|Uxie|
|poke|p2|Poliwrath, M|
|poke|p2|Liepard, F|
|poke|p2|Kabutops, F|
|poke|p2|Toxicroak, F|
|teampreview
|
|t:|1624296191
|start
|switch|p1a: Guzzlord|Guzzlord|100/100
|switch|p2a: Uxie|Uxie|100/100
|turn|1
|
|t:|1624296197
|move|p2a: Uxie|Yawn|p1a: Guzzlord
|-start|p1a: Guzzlord|move: Yawn|[of] p2a: Uxie
|move|p1a: Guzzlord|Knock Off|p2a: Uxie
|-supereffective|p2a: Uxie
|-damage|p2a: Uxie|7/100
|-enditem|p2a: Uxie|Damp Rock|[from] move: Knock Off|[of] p1a: Guzzlord
|
|upkeep
|turn|2
|
|t:|1624296204
|switch|p1a: Passimian|Passimian, M|100/100
|move|p2a: Uxie|Rain Dance|p2a: Uxie
|-weather|RainDance
|
|-weather|RainDance|[upkeep]
|upkeep
|turn|3
|
|t:|1624296218
|move|p1a: Passimian|U-turn|p2a: Uxie
|-supereffective|p2a: Uxie
|-damage|p2a: Uxie|0 fnt
|faint|p2a: Uxie
|
|t:|1624296232
|switch|p1a: Palossand|Palossand, F|100/100|[from]move: U-turn
|
|-weather|RainDance|[upkeep]
|upkeep
|
|t:|1624296238
|switch|p2a: Ludicolo|Ludicolo, F|100/100
|turn|4
|
|t:|1624296245
|switch|p1a: Guzzlord|Guzzlord|100/100
|move|p2a: Ludicolo|Ice Beam|p1a: Guzzlord
|-supereffective|p1a: Guzzlord
|-damage|p1a: Guzzlord|31/100
|-damage|p2a: Ludicolo|91/100|[from] item: Life Orb
|
|-weather|RainDance|[upkeep]
|upkeep
|turn|5
|
|t:|1624296253
|move|p2a: Ludicolo|Hydro Pump|p1a: Guzzlord|[miss]
|-miss|p2a: Ludicolo|p1a: Guzzlord
|move|p1a: Guzzlord|Knock Off|p2a: Ludicolo
|-damage|p2a: Ludicolo|0 fnt
|-enditem|p2a: Ludicolo|Life Orb|[from] move: Knock Off|[of] p1a: Guzzlord
|faint|p2a: Ludicolo
|-ability|p1a: Guzzlord|Beast Boost|boost
|-boost|p1a: Guzzlord|atk|1
|
|-weather|RainDance|[upkeep]
|upkeep
|
|t:|1624296260
|switch|p2a: Kabutops|Kabutops, F|100/100
|turn|6
|
|t:|1624296264
|switch|p1a: Palossand|Palossand, F|100/100
|move|p2a: Kabutops|Leech Life|p1a: Palossand
|-resisted|p1a: Palossand
|-damage|p1a: Palossand|90/100
|-damage|p2a: Kabutops|91/100|[from] item: Life Orb
|
|-weather|none
|upkeep
|turn|7
|
|t:|1624296272
|move|p2a: Kabutops|Flip Turn|p1a: Palossand
|-supereffective|p1a: Palossand
|-damage|p1a: Palossand|33/100
|-ability|p1a: Palossand|Water Compaction|boost
|-boost|p1a: Palossand|def|2
|-damage|p2a: Kabutops|81/100|[from] item: Life Orb
|
|t:|1624296275
|switch|p2a: Liepard|Liepard, F|100/100|[from]move: Flip Turn
|move|p1a: Palossand|Scorching Sands|p2a: Liepard
|-damage|p2a: Liepard|70/100
|
|upkeep
|turn|8
|
|t:|1624296283
|move|p2a: Liepard|Rain Dance|p2a: Liepard
|-weather|RainDance
|move|p1a: Palossand|Shore Up|p1a: Palossand
|-heal|p1a: Palossand|83/100
|
|-weather|RainDance|[upkeep]
|upkeep
|turn|9
|
|t:|1624296288
|switch|p1a: Passimian|Passimian, M|100/100
|move|p2a: Liepard|Encore||[still]
|-fail|p2a: Liepard
|
|-weather|RainDance|[upkeep]
|upkeep
|turn|10
|
|t:|1624296294
|move|p2a: Liepard|Thunder Wave|p1a: Passimian
|-status|p1a: Passimian|par
|move|p1a: Passimian|U-turn|p2a: Liepard
|-supereffective|p2a: Liepard
|-damage|p2a: Liepard|0 fnt
|faint|p2a: Liepard
|
|t:|1624296300
|switch|p1a: Palossand|Palossand, F|83/100|[from]move: U-turn
|
|-weather|RainDance|[upkeep]
|upkeep
|
|t:|1624296305
|switch|p2a: Poliwrath|Poliwrath, M|100/100
|turn|11
|
|t:|1624296311
|move|p2a: Poliwrath|Belly Drum|p2a: Poliwrath
|-damage|p2a: Poliwrath|50/100
|-setboost|p2a: Poliwrath|atk|6|[from] move: Belly Drum
|move|p1a: Palossand|Scorching Sands|p2a: Poliwrath
|-damage|p2a: Poliwrath|21/100
|-enditem|p2a: Poliwrath|Salac Berry|[eat]
|-boost|p2a: Poliwrath|spe|1|[from] item: Salac Berry
|
|-weather|RainDance|[upkeep]
|upkeep
|turn|12
|
|t:|1624296321
|move|p2a: Poliwrath|Darkest Lariat|p1a: Palossand
|-supereffective|p1a: Palossand
|-enditem|p1a: Palossand|Colbur Berry|[eat]
|-enditem|p1a: Palossand|Colbur Berry|[weaken]
|-damage|p1a: Palossand|24/100
|move|p1a: Palossand|Scorching Sands|p2a: Poliwrath
|-damage|p2a: Poliwrath|0 fnt
|faint|p2a: Poliwrath
|
|-weather|RainDance|[upkeep]
|upkeep
|
|t:|1624296326
|switch|p2a: Kabutops|Kabutops, F|81/100
|turn|13
|
|t:|1624296331
|move|p2a: Kabutops|Flip Turn|p1a: Palossand
|-supereffective|p1a: Palossand
|-damage|p1a: Palossand|0 fnt
|faint|p1a: Palossand
|-damage|p2a: Kabutops|71/100|[from] item: Life Orb
|
|t:|1624296335
|switch|p2a: Toxicroak|Toxicroak, F|100/100|[from]move: Flip Turn
|
|-weather|RainDance|[upkeep]
|upkeep
|
|t:|1624296340
|switch|p1a: Charizard|Charizard, M|100/100
|turn|14
|
|t:|1624296345
|switch|p2a: Kabutops|Kabutops, F|71/100
|move|p1a: Charizard|Hurricane|p2a: Kabutops
|-resisted|p2a: Kabutops
|-damage|p2a: Kabutops|27/100
|
|-weather|RainDance|[upkeep]
|upkeep
|turn|15
|
|t:|1624296354
|switch|p1a: Guzzlord|Guzzlord|31/100
|move|p2a: Kabutops|Stone Edge|p1a: Guzzlord|[miss]
|-miss|p2a: Kabutops|p1a: Guzzlord
|
|-weather|none
|upkeep
|turn|16
|
|t:|1624296361
|move|p2a: Kabutops|Leech Life|p1a: Guzzlord
|-supereffective|p1a: Guzzlord
|-damage|p1a: Guzzlord|0 fnt
|-heal|p2a: Kabutops|62/100|[from] drain|[of] p1a: Guzzlord
|faint|p1a: Guzzlord
|-damage|p2a: Kabutops|52/100|[from] item: Life Orb
|
|upkeep
|
|t:|1624296369
|switch|p1a: Ribombee|Ribombee, F|100/100
|turn|17
|
|t:|1624296372
|move|p1a: Ribombee|Moonblast|p2a: Kabutops
|-damage|p2a: Kabutops|0 fnt
|faint|p2a: Kabutops
|
|upkeep
|
|t:|1624296375
|switch|p2a: Toxicroak|Toxicroak, F|100/100
|turn|18
|
|t:|1624296377
|move|p1a: Ribombee|Psychic|p2a: Toxicroak
|-supereffective|p2a: Toxicroak
|-damage|p2a: Toxicroak|0 fnt
|faint|p2a: Toxicroak
|
|win|TLA Barde
|l|☆2turtle
|raw|TLA Barde's rating: 1198 &rarr; <strong>1231</strong><br />(+33 for winning)
|raw|2turtle's rating: 1314 &rarr; <strong>1288</strong><br />(-26 for losing)
