|j|☆iampawgking
|j|☆kacj2
|t:|1639600943
|gametype|singles
|player|p1|iampawgking|wicke|1335
|player|p2|kacj2|swimmer|1332
|teamsize|p1|6
|teamsize|p2|6
|gen|8
|tier|[Gen 8] PU
|rated|
|rule|Sleep Clause Mod: Limit one foe put to sleep
|rule|Species Clause: Limit one of each Pokémon
|rule|OHKO Clause: OHKO moves are banned
|rule|Evasion Moves Clause: Evasion moves are banned
|rule|Endless Battle Clause: Forcing endless battles is banned
|rule|HP Percentage Mod: HP is shown in percentages
|rule|Dynamax Clause: You cannot dynamax
|clearpoke
|poke|p1|Haunter, M|
|poke|p1|Cofagrigus, M|
|poke|p1|Aromatisse, M|
|poke|p1|Gigalith, F|
|poke|p1|Charizard, F|
|poke|p1|Togedemaru, M|
|poke|p2|Tsareena, F|
|poke|p2|Flareon, F|
|poke|p2|Bouffalant, M|
|poke|p2|Spiritomb, M|
|poke|p2|Scrafty, F|
|poke|p2|Wailord, F|
|teampreview
|
|t:|1639600954
|start
|switch|p1a: Togedemaru|Togedemaru, M|100/100
|switch|p2a: Wailord|Wailord, F|100/100
|turn|1
|inactive|Battle timer is ON: inactive players will automatically lose when time's up. (requested by kacj2)
|
|t:|1639600965
|move|p1a: Togedemaru|Zing Zap|p2a: Wailord
|-supereffective|p2a: Wailord
|-damage|p2a: Wailord|26/100
|move|p2a: Wailord|Earthquake|p1a: Togedemaru
|-supereffective|p1a: Togedemaru
|-damage|p1a: Togedemaru|0 fnt
|faint|p1a: Togedemaru
|
|upkeep
|
|t:|1639600993
|switch|p1a: Cofagrigus|Cofagrigus, M|100/100
|turn|2
|
|t:|1639601005
|switch|p2a: Spiritomb|Spiritomb, M|100/100
|move|p1a: Cofagrigus|Toxic Spikes|p2a: Spiritomb
|-sidestart|p2: kacj2|move: Toxic Spikes
|
|upkeep
|turn|3
|
|t:|1639601013
|switch|p1a: Aromatisse|Aromatisse, M|100/100
|move|p2a: Spiritomb|Shadow Ball|p1a: Aromatisse
|-damage|p1a: Aromatisse|55/100
|-unboost|p1a: Aromatisse|spd|1
|
|-heal|p1a: Aromatisse|61/100|[from] item: Leftovers
|upkeep
|turn|4
|
|t:|1639601023
|switch|p1a: Gigalith|Gigalith, F|100/100
|-weather|Sandstorm|[from] ability: Sand Stream|[of] p1a: Gigalith
|move|p2a: Spiritomb|Shadow Ball|p1a: Gigalith
|-damage|p1a: Gigalith|71/100
|
|-weather|Sandstorm|[upkeep]
|-damage|p2a: Spiritomb|95/100|[from] Sandstorm
|-heal|p1a: Gigalith|77/100|[from] item: Leftovers
|upkeep
|turn|5
|
|t:|1639601035
|switch|p2a: Tsareena|Tsareena, F|100/100
|move|p1a: Gigalith|Stealth Rock|p2a: Tsareena
|-sidestart|p2: kacj2|move: Stealth Rock
|
|-weather|Sandstorm|[upkeep]
|-damage|p2a: Tsareena|94/100|[from] Sandstorm
|-heal|p1a: Gigalith|83/100|[from] item: Leftovers
|upkeep
|turn|6
|
|t:|1639601044
|switch|p1a: Charizard|Charizard, F|100/100
|move|p2a: Tsareena|Power Whip|p1a: Charizard
|-resisted|p1a: Charizard
|-damage|p1a: Charizard|76/100
|
|-weather|Sandstorm|[upkeep]
|-damage|p1a: Charizard|70/100|[from] Sandstorm
|-damage|p2a: Tsareena|88/100|[from] Sandstorm
|upkeep
|turn|7
|
|t:|1639601054
|move|p1a: Charizard|Flamethrower|p2a: Tsareena
|-supereffective|p2a: Tsareena
|-damage|p2a: Tsareena|5/100
|move|p2a: Tsareena|Rapid Spin|p1a: Charizard
|-damage|p1a: Charizard|44/100
|-boost|p2a: Tsareena|spe|1
|-sideend|p2: kacj2|Toxic Spikes|[from] move: Rapid Spin|[of] p2a: Tsareena
|-sideend|p2: kacj2|Stealth Rock|[from] move: Rapid Spin|[of] p2a: Tsareena
|
|-weather|Sandstorm|[upkeep]
|-damage|p1a: Charizard|38/100|[from] Sandstorm
|-damage|p2a: Tsareena|0 fnt|[from] Sandstorm
|faint|p2a: Tsareena
|upkeep
|
|t:|1639601066
|switch|p2a: Scrafty|Scrafty, F|100/100
|turn|8
|
|t:|1639601073
|move|p2a: Scrafty|Knock Off|p1a: Charizard
|-damage|p1a: Charizard|0 fnt
|-enditem|p1a: Charizard|Heavy-Duty Boots|[from] move: Knock Off|[of] p2a: Scrafty
|faint|p1a: Charizard
|-ability|p2a: Scrafty|Moxie|boost
|-boost|p2a: Scrafty|atk|1
|
|-weather|none
|upkeep
|
|t:|1639601077
|switch|p1a: Aromatisse|Aromatisse, M|61/100
|turn|9
|
|t:|1639601084
|move|p2a: Scrafty|Knock Off|p1a: Aromatisse
|-resisted|p1a: Aromatisse
|-damage|p1a: Aromatisse|38/100
|-enditem|p1a: Aromatisse|Leftovers|[from] move: Knock Off|[of] p2a: Scrafty
|move|p1a: Aromatisse|Wish|p1a: Aromatisse
|
|upkeep
|turn|10
|
|t:|1639601093
|switch|p2a: Wailord|Wailord, F|26/100
|move|p1a: Aromatisse|Moonblast|p2a: Wailord
|-damage|p2a: Wailord|0 fnt
|faint|p2a: Wailord
|
|-heal|p1a: Aromatisse|88/100|[from] move: Wish|[wisher] Aromatisse
|upkeep
|
|t:|1639601108
|switch|p2a: Flareon|Flareon, F|100/100
|turn|11
|
|t:|1639601115
|switch|p1a: Gigalith|Gigalith, F|83/100
|-weather|Sandstorm|[from] ability: Sand Stream|[of] p1a: Gigalith
|move|p2a: Flareon|Flame Charge|p1a: Gigalith
|-resisted|p1a: Gigalith
|-damage|p1a: Gigalith|73/100
|-boost|p2a: Flareon|spe|1
|
|-weather|Sandstorm|[upkeep]
|-damage|p2a: Flareon|94/100|[from] Sandstorm
|-heal|p1a: Gigalith|79/100|[from] item: Leftovers
|-status|p2a: Flareon|tox|[from] item: Toxic Orb
|upkeep
|turn|12
|
|t:|1639601129
|switch|p1a: Cofagrigus|Cofagrigus, M|100/100
|move|p2a: Flareon|Superpower|p1a: Cofagrigus
|-immune|p1a: Cofagrigus
|
|-weather|Sandstorm|[upkeep]
|-damage|p2a: Flareon|88/100 tox|[from] Sandstorm
|-damage|p1a: Cofagrigus|95/100|[from] Sandstorm
|-damage|p2a: Flareon|82/100 tox|[from] psn
|upkeep
|turn|13
|
|t:|1639601140
|switch|p1a: Gigalith|Gigalith, F|79/100
|move|p2a: Flareon|Flare Blitz|p1a: Gigalith
|-resisted|p1a: Gigalith
|-damage|p1a: Gigalith|44/100
|-damage|p2a: Flareon|66/100 tox|[from] Recoil
|
|-weather|Sandstorm|[upkeep]
|-damage|p2a: Flareon|59/100 tox|[from] Sandstorm
|-heal|p1a: Gigalith|50/100|[from] item: Leftovers
|-damage|p2a: Flareon|47/100 tox|[from] psn
|upkeep
|turn|14
|
|t:|1639601152
|move|p2a: Flareon|Flare Blitz|p1a: Gigalith
|-resisted|p1a: Gigalith
|-crit|p1a: Gigalith
|-damage|p1a: Gigalith|0 fnt
|faint|p1a: Gigalith
|-damage|p2a: Flareon|24/100 tox|[from] Recoil
|
|-weather|Sandstorm|[upkeep]
|-damage|p2a: Flareon|18/100 tox|[from] Sandstorm
|-damage|p2a: Flareon|0 fnt|[from] psn
|faint|p2a: Flareon
|upkeep
|
|t:|1639601170
|switch|p2a: Bouffalant|Bouffalant, M|100/100
|switch|p1a: Aromatisse|Aromatisse, M|88/100
|turn|15
|
|t:|1639601177
|switch|p1a: Cofagrigus|Cofagrigus, M|95/100
|move|p2a: Bouffalant|Head Charge|p1a: Cofagrigus
|-immune|p1a: Cofagrigus
|
|-weather|none
|upkeep
|turn|16
|
|t:|1639601188
|move|p2a: Bouffalant|Earthquake|p1a: Cofagrigus
|-damage|p1a: Cofagrigus|74/100
|move|p1a: Cofagrigus|Iron Defense|p1a: Cofagrigus
|-boost|p1a: Cofagrigus|def|2
|
|upkeep
|turn|17
|
|t:|1639601194
|switch|p2a: Spiritomb|Spiritomb, M|95/100
|move|p1a: Cofagrigus|Toxic Spikes|p2a: Spiritomb
|-sidestart|p2: kacj2|move: Toxic Spikes
|
|upkeep
|turn|18
|
|t:|1639601221
|switch|p1a: Aromatisse|Aromatisse, M|88/100
|move|p2a: Spiritomb|Shadow Ball|p1a: Aromatisse
|-damage|p1a: Aromatisse|41/100
|-unboost|p1a: Aromatisse|spd|1
|
|upkeep
|turn|19
|
|t:|1639601229
|move|p1a: Aromatisse|Protect|p1a: Aromatisse
|-singleturn|p1a: Aromatisse|Protect
|move|p2a: Spiritomb|Shadow Ball|p1a: Aromatisse
|-activate|p1a: Aromatisse|move: Protect
|
|upkeep
|turn|20
|
|t:|1639601236
|move|p2a: Spiritomb|Shadow Ball|p1a: Aromatisse
|-damage|p1a: Aromatisse|0 fnt
|faint|p1a: Aromatisse
|
|upkeep
|
|t:|1639601241
|switch|p1a: Haunter|Haunter, M|100/100
|turn|21
|
|t:|1639601246
|move|p1a: Haunter|Substitute|p1a: Haunter
|-start|p1a: Haunter|Substitute
|-damage|p1a: Haunter|76/100
|move|p2a: Spiritomb|Shadow Ball|p1a: Haunter
|-supereffective|p1a: Haunter
|-damage|p1a: Haunter|0 fnt
|faint|p1a: Haunter
|
|upkeep
|
|t:|1639601256
|switch|p1a: Cofagrigus|Cofagrigus, M|74/100
|turn|22
|
|t:|1639601260
|move|p2a: Spiritomb|Shadow Ball|p1a: Cofagrigus
|-supereffective|p1a: Cofagrigus
|-damage|p1a: Cofagrigus|0 fnt
|faint|p1a: Cofagrigus
|
|win|kacj2
|raw|iampawgking's rating: 1350 &rarr; <strong>1329</strong><br />(-21 for losing)
|raw|kacj2's rating: 1332 &rarr; <strong>1353</strong><br />(+21 for winning)
|l|☆iampawgking
