|html|<div class="broadcast-blue"><strong>[Gen 8] PU is currently suspecting Virizion! For information on how to participate check out the <a href="https://www.smogon.com/forums/threads/np-pu-stage-4-and-justice-for-all-virizion-suspect-test.3676543/">suspect thread</a>.</strong></div>
|j|☆m3p0
|j|☆pltrtothemoon
|t:|1611020413
|player|p1|m3p0|rocketgrunt|1378
|player|p2|pltrtothemoon|169|1431
|teamsize|p1|6
|teamsize|p2|6
|gametype|singles
|gen|8
|tier|[Gen 8] PU
|rated|
|clearpoke
|poke|p1|Runerigus, F|
|poke|p1|Drampa, F|
|poke|p1|Musharna, M|
|poke|p1|Aromatisse, F|
|poke|p1|Marowak, F|
|poke|p1|Arctovish|
|poke|p2|Ferroseed, M|
|poke|p2|Garbodor, M|
|poke|p2|Claydol|
|poke|p2|Lickilicky, M|
|poke|p2|Persian-Alola, F|
|poke|p2|Sableye, F|
|rule|Sleep Clause Mod: Limit one foe put to sleep
|rule|Species Clause: Limit one of each Pokémon
|rule|OHKO Clause: OHKO moves are banned
|rule|Evasion Moves Clause: Evasion moves are banned
|rule|Endless Battle Clause: Forcing endless battles is banned
|rule|HP Percentage Mod: HP is shown in percentages
|rule|Dynamax Clause: You cannot dynamax
|teampreview
|inactive|Battle timer is ON: inactive players will automatically lose when time's up. (requested by pltrtothemoon)
|c|☆pltrtothemoon|good to see you again old friend
|inactive|m3p0 has 120 seconds left.
|c|☆m3p0|do I know you? lol
|
|t:|1611020452
|start
|switch|p1a: Runerigus|Runerigus, F|100/100
|switch|p2a: Sableye|Sableye, F|100/100
|turn|1
|
|t:|1611020458
|switch|p1a: Aromatisse|Aromatisse, F|100/100
|move|p2a: Sableye|Knock Off|p1a: Aromatisse
|-resisted|p1a: Aromatisse
|-damage|p1a: Aromatisse|86/100
|-enditem|p1a: Aromatisse|Leftovers|[from] move: Knock Off|[of] p2a: Sableye
|
|upkeep
|turn|2
|c|☆pltrtothemoon|I played with you way back in the day
|c|☆m3p0|what was your name?
|
|t:|1611020476
|switch|p2a: Garbodor|Garbodor, M|100/100
|move|p1a: Aromatisse|Moonblast|p2a: Garbodor
|-resisted|p2a: Garbodor
|-damage|p2a: Garbodor|82/100
|
|upkeep
|turn|3
|c|☆pltrtothemoon|hahaha
|
|t:|1611020485
|switch|p1a: Runerigus|Runerigus, F|100/100
|move|p2a: Garbodor|Toxic Spikes|p1a: Runerigus
|-sidestart|p1: m3p0|move: Toxic Spikes
|
|upkeep
|turn|4
|c|☆pltrtothemoon|keep it low key
|c|☆pltrtothemoon|I was ggg
|c|☆pltrtothemoon|gaygreengorilla
|inactive|m3p0 has 120 seconds left.
|c|☆m3p0|oh yeah! I remember you always used this stall team
|
|t:|1611020521
|switch|p2a: Ferroseed|Ferroseed, M|100/100
|move|p1a: Runerigus|Stealth Rock|p2a: Ferroseed
|-sidestart|p2: pltrtothemoon|move: Stealth Rock
|
|upkeep
|turn|5
|c|☆pltrtothemoon|hahahahaha
|c|☆pltrtothemoon|yeah I was that guy
|inactive|m3p0 has 120 seconds left.
|c|☆pltrtothemoon|that annoying af team
|c|☆m3p0|ah nice
|
|t:|1611020540
|switch|p1a: Marowak|Marowak, F|100/100
|-status|p1a: Marowak|psn
|move|p2a: Ferroseed|Stealth Rock|p1a: Marowak
|-sidestart|p1: m3p0|move: Stealth Rock
|
|-damage|p1a: Marowak|88/100 psn|[from] psn
|upkeep
|turn|6
|
|t:|1611020547
|move|p2a: Ferroseed|Protect|p2a: Ferroseed
|-singleturn|p2a: Ferroseed|Protect
|move|p1a: Marowak|Knock Off|p2a: Ferroseed
|-activate|p2a: Ferroseed|move: Protect
|
|-damage|p1a: Marowak|76/100 psn|[from] psn
|upkeep
|turn|7
|inactive|m3p0 has 120 seconds left.
|
|t:|1611020558
|move|p1a: Marowak|Knock Off|p2a: Ferroseed
|-damage|p2a: Ferroseed|70/100
|-damage|p1a: Marowak|63/100 psn|[from] ability: Iron Barbs|[of] p2a: Ferroseed
|-enditem|p2a: Ferroseed|Eviolite|[from] move: Knock Off|[of] p1a: Marowak
|move|p2a: Ferroseed|Spikes|p1a: Marowak
|-sidestart|p1: m3p0|Spikes
|
|-damage|p1a: Marowak|51/100 psn|[from] psn
|upkeep
|turn|8
|
|t:|1611020566
|move|p1a: Marowak|Earthquake|p2a: Ferroseed
|-damage|p2a: Ferroseed|1/100
|move|p2a: Ferroseed|Leech Seed|p1a: Marowak
|-start|p1a: Marowak|move: Leech Seed
|
|-damage|p1a: Marowak|38/100 psn|[from] Leech Seed|[of] p2a: Ferroseed
|-heal|p2a: Ferroseed|15/100|[silent]
|-damage|p1a: Marowak|26/100 psn|[from] psn
|upkeep
|turn|9
|
|t:|1611020576
|switch|p1a: Drampa|Drampa, F|100/100
|-status|p1a: Drampa|psn
|-damage|p1a: Drampa|88/100 psn|[from] Stealth Rock
|-damage|p1a: Drampa|76/100 psn|[from] Spikes
|move|p2a: Ferroseed|Protect||[still]
|-fail|p2a: Ferroseed
|
|-damage|p1a: Drampa|64/100 psn|[from] psn
|upkeep
|turn|10
|
|t:|1611020586
|move|p2a: Ferroseed|Protect|p2a: Ferroseed
|-singleturn|p2a: Ferroseed|Protect
|move|p1a: Drampa|Defog|p2a: Ferroseed
|-activate|p2a: Ferroseed|move: Protect
|
|-damage|p1a: Drampa|51/100 psn|[from] psn
|upkeep
|turn|11
|
|t:|1611020593
|move|p1a: Drampa|Hyper Voice|p2a: Ferroseed
|-resisted|p2a: Ferroseed
|-damage|p2a: Ferroseed|0 fnt
|-damage|p1a: Drampa|42/100 psn|[from] item: Life Orb
|faint|p2a: Ferroseed
|
|-damage|p1a: Drampa|29/100 psn|[from] psn
|upkeep
|
|t:|1611020600
|switch|p2a: Sableye|Sableye, F|100/100
|-damage|p2a: Sableye|88/100|[from] Stealth Rock
|turn|12
|
|t:|1611020606
|move|p2a: Sableye|Taunt|p1a: Drampa
|-start|p1a: Drampa|move: Taunt
|move|p1a: Drampa|Dragon Pulse|p2a: Sableye
|-damage|p2a: Sableye|20/100
|-damage|p1a: Drampa|20/100 psn|[from] item: Life Orb
|
|-heal|p2a: Sableye|26/100|[from] item: Leftovers
|-damage|p1a: Drampa|7/100 psn|[from] psn
|upkeep
|turn|13
|
|t:|1611020617
|move|p2a: Sableye|Recover|p2a: Sableye
|-heal|p2a: Sableye|76/100
|move|p1a: Drampa|Dragon Pulse|p2a: Sableye
|-damage|p2a: Sableye|6/100
|-damage|p1a: Drampa|0 fnt|[from] item: Life Orb
|faint|p1a: Drampa
|
|-heal|p2a: Sableye|12/100|[from] item: Leftovers
|upkeep
|
|t:|1611020628
|switch|p1a: Aromatisse|Aromatisse, F|86/100
|-damage|p1a: Aromatisse|74/100|[from] Spikes
|-damage|p1a: Aromatisse|61/100|[from] Stealth Rock
|-status|p1a: Aromatisse|psn
|turn|14
|
|t:|1611020634
|switch|p2a: Claydol|Claydol|100/100
|-damage|p2a: Claydol|94/100|[from] Stealth Rock
|move|p1a: Aromatisse|Moonblast|p2a: Claydol
|-damage|p2a: Claydol|55/100
|-unboost|p2a: Claydol|spa|1
|
|-heal|p2a: Claydol|62/100|[from] item: Leftovers
|-damage|p1a: Aromatisse|49/100 psn|[from] psn
|upkeep
|turn|15
|
|t:|1611020655
|move|p2a: Claydol|Rapid Spin|p1a: Aromatisse
|-damage|p1a: Aromatisse|42/100 psn
|-boost|p2a: Claydol|spe|1
|-sideend|p2: pltrtothemoon|Stealth Rock|[from] move: Rapid Spin|[of] p2a: Claydol
|move|p1a: Aromatisse|Nasty Plot|p1a: Aromatisse
|-boost|p1a: Aromatisse|spa|2
|
|-heal|p2a: Claydol|68/100|[from] item: Leftovers
|-damage|p1a: Aromatisse|30/100 psn|[from] psn
|upkeep
|turn|16
|
|t:|1611020664
|switch|p2a: Lickilicky|Lickilicky, M|100/100
|move|p1a: Aromatisse|Moonblast|p2a: Lickilicky
|-damage|p2a: Lickilicky|44/100
|
|-heal|p2a: Lickilicky|50/100|[from] item: Leftovers
|-damage|p1a: Aromatisse|18/100 psn|[from] psn
|upkeep
|turn|17
|
|t:|1611020671
|move|p2a: Lickilicky|Protect|p2a: Lickilicky
|-singleturn|p2a: Lickilicky|Protect
|move|p1a: Aromatisse|Moonblast|p2a: Lickilicky
|-activate|p2a: Lickilicky|move: Protect
|
|-heal|p2a: Lickilicky|56/100|[from] item: Leftovers
|-damage|p1a: Aromatisse|5/100 psn|[from] psn
|upkeep
|turn|18
|
|t:|1611020680
|switch|p2a: Garbodor|Garbodor, M|82/100
|move|p1a: Aromatisse|Moonblast|p2a: Garbodor
|-resisted|p2a: Garbodor
|-damage|p2a: Garbodor|50/100
|
|-damage|p1a: Aromatisse|0 fnt|[from] psn
|faint|p1a: Aromatisse
|upkeep
|
|t:|1611020696
|switch|p1a: Arctovish|Arctovish|100/100
|-damage|p1a: Arctovish|76/100|[from] Stealth Rock
|-damage|p1a: Arctovish|63/100|[from] Spikes
|-status|p1a: Arctovish|psn
|turn|19
|
|t:|1611020702
|move|p2a: Garbodor|Gunk Shot|p1a: Arctovish
|-damage|p1a: Arctovish|20/100 psn
|move|p1a: Arctovish|Fishious Rend|p2a: Garbodor
|-damage|p2a: Garbodor|8/100
|-damage|p1a: Arctovish|4/100 psn|[from] item: Rocky Helmet|[of] p2a: Garbodor
|
|-damage|p1a: Arctovish|0 fnt|[from] psn
|faint|p1a: Arctovish
|upkeep
|
|t:|1611020712
|switch|p1a: Musharna|Musharna, M|100/100
|-damage|p1a: Musharna|88/100|[from] Stealth Rock
|-damage|p1a: Musharna|76/100|[from] Spikes
|-status|p1a: Musharna|psn
|turn|20
|
|t:|1611020720
|switch|p2a: Persian|Persian-Alola, F|100/100
|move|p1a: Musharna|Moonblast|p2a: Persian
|-supereffective|p2a: Persian
|-damage|p2a: Persian|37/100
|-unboost|p2a: Persian|spa|1
|
|-damage|p1a: Musharna|63/100 psn|[from] psn
|upkeep
|turn|21
|
|t:|1611020729
|move|p2a: Persian|Knock Off|p1a: Musharna
|-supereffective|p1a: Musharna
|-enditem|p1a: Musharna|Colbur Berry|[eat]
|-enditem|p1a: Musharna|Colbur Berry|[weaken]
|-damage|p1a: Musharna|49/100 psn
|move|p1a: Musharna|Moonblast|p2a: Persian
|-supereffective|p2a: Persian
|-damage|p2a: Persian|0 fnt
|faint|p2a: Persian
|
|-damage|p1a: Musharna|37/100 psn|[from] psn
|upkeep
|
|t:|1611020742
|switch|p2a: Garbodor|Garbodor, M|8/100
|turn|22
|
|t:|1611020747
|move|p2a: Garbodor|Gunk Shot|p1a: Musharna
|-crit|p1a: Musharna
|-damage|p1a: Musharna|1/100 psn
|move|p1a: Musharna|Healing Wish|p1a: Musharna
|faint|p1a: Musharna
|
|upkeep
|
|t:|1611020753
|switch|p1a: Marowak|Marowak, F|26/100 psn
|-heal|p1a: Marowak|100/100|[from] move: Healing Wish
|-status|p1a: Marowak|psn
|-damage|p1a: Marowak|94/100 psn|[from] Stealth Rock
|-damage|p1a: Marowak|82/100 psn|[from] Spikes
|turn|23
|
|t:|1611020761
|move|p2a: Garbodor|Pain Split|p1a: Marowak
|-sethp|p1a: Marowak|46/100 psn|[from] move: Pain Split|[silent]
|-sethp|p2a: Garbodor|40/100|[from] move: Pain Split
|move|p1a: Marowak|Knock Off|p2a: Garbodor
|-damage|p2a: Garbodor|0 fnt
|-damage|p1a: Marowak|21/100 psn|[from] ability: Aftermath|[of] p2a: Garbodor
|-damage|p1a: Marowak|4/100 psn|[from] item: Rocky Helmet|[of] p2a: Garbodor
|-enditem|p2a: Garbodor|Rocky Helmet|[from] move: Knock Off|[of] p1a: Marowak
|faint|p2a: Garbodor
|
|-damage|p1a: Marowak|0 fnt|[from] psn
|faint|p1a: Marowak
|upkeep
|
|t:|1611020773
|switch|p2a: Sableye|Sableye, F|12/100
|switch|p1a: Runerigus|Runerigus, F|100/100
|-damage|p1a: Runerigus|88/100|[from] Spikes
|-status|p1a: Runerigus|psn
|-damage|p1a: Runerigus|82/100 psn|[from] Stealth Rock
|turn|24
|
|t:|1611020781
|move|p2a: Sableye|Knock Off|p1a: Runerigus
|-supereffective|p1a: Runerigus
|-damage|p1a: Runerigus|50/100 psn
|-activate|p1a: Runerigus|ability: Wandering Spirit|Prankster|Wandering Spirit|[of] p2a: Sableye
|-enditem|p1a: Runerigus|Focus Sash|[from] move: Knock Off|[of] p2a: Sableye
|move|p1a: Runerigus|Memento|p2a: Sableye
|-hint|Since gen 7, Dark is immune to Prankster moves.
|-immune|p2a: Sableye
|
|-heal|p2a: Sableye|18/100|[from] item: Leftovers
|-damage|p1a: Runerigus|38/100 psn|[from] psn
|upkeep
|turn|25
|
|t:|1611020791
|move|p1a: Runerigus|Toxic Spikes|p2a: Sableye
|-sidestart|p2: pltrtothemoon|move: Toxic Spikes
|move|p2a: Sableye|Recover|p2a: Sableye
|-heal|p2a: Sableye|68/100
|
|-heal|p2a: Sableye|74/100|[from] item: Leftovers
|-damage|p1a: Runerigus|25/100 psn|[from] psn
|upkeep
|turn|26
|c|☆pltrtothemoon|holy shit
|
|t:|1611020802
|move|p1a: Runerigus|Toxic Spikes|p2a: Sableye
|-sidestart|p2: pltrtothemoon|move: Toxic Spikes
|move|p2a: Sableye|Taunt|p1a: Runerigus
|-start|p1a: Runerigus|move: Taunt
|
|-heal|p2a: Sableye|80/100|[from] item: Leftovers
|-damage|p1a: Runerigus|13/100 psn|[from] psn
|upkeep
|turn|27
|
|t:|1611020810
|move|p2a: Sableye|Knock Off|p1a: Runerigus
|-supereffective|p1a: Runerigus
|-crit|p1a: Runerigus
|-damage|p1a: Runerigus|0 fnt
|faint|p1a: Runerigus
|
|win|pltrtothemoon
|c|☆m3p0|gg
|raw|m3p0's rating: 1378 &rarr; <strong>1361</strong><br />(-17 for losing)
|raw|pltrtothemoon's rating: 1431 &rarr; <strong>1448</strong><br />(+17 for winning)
|c|☆pltrtothemoon|gg
|l|☆pltrtothemoon
