|j|☆ImHighGoEzOnMe
|j|☆PULT4T2 Alki
|t:|1661554706
|gametype|singles
|player|p1|ImHighGoEzOnMe|266|1364
|player|p2|PULT4T2 Alki|#splxisharks|1366
|teamsize|p1|6
|teamsize|p2|6
|gen|8
|tier|[Gen 8] PU
|rated|
|rule|Sleep Clause Mod: Limit one foe put to sleep
|rule|Species Clause: Limit one of each Pokémon
|rule|OHKO Clause: OHKO moves are banned
|rule|Evasion Items Clause: Evasion items are banned
|rule|Evasion Moves Clause: Evasion moves are banned
|rule|Endless Battle Clause: Forcing endless battles is banned
|rule|HP Percentage Mod: HP is shown in percentages
|rule|Dynamax Clause: You cannot dynamax
|clearpoke
|poke|p1|Doublade, M|
|poke|p1|Druddigon, F|
|poke|p1|Gigalith, F|
|poke|p1|Charizard, M|
|poke|p1|Sandslash, F|
|poke|p1|Frosmoth, M|
|poke|p2|Sandaconda, M|
|poke|p2|Articuno-Galar|
|poke|p2|Jellicent, F|
|poke|p2|Weezing, F|
|poke|p2|Gigalith, M|
|poke|p2|Ferroseed, F|
|teampreview
|
|t:|1661554735
|start
|switch|p1a: Druddigon|Druddigon, F|100/100
|switch|p2a: Claire|Gigalith, M, shiny|100/100
|-weather|Sandstorm|[from] ability: Sand Stream|[of] p2a: Claire
|turn|1
|
|t:|1661554746
|switch|p2a: Axel|Weezing, F, shiny|100/100
|move|p1a: Druddigon|Taunt|p2a: Axel
|-start|p2a: Axel|move: Taunt
|
|-weather|Sandstorm|[upkeep]
|-damage|p2a: Axel|94/100|[from] Sandstorm
|-damage|p1a: Druddigon|94/100|[from] Sandstorm
|-heal|p2a: Axel|100/100|[from] item: Black Sludge
|upkeep
|turn|2
|j| Carmin
|
|t:|1661554756
|move|p2a: Axel|Sludge Bomb|p1a: Druddigon
|-damage|p1a: Druddigon|69/100
|move|p1a: Druddigon|Stealth Rock|p2a: Axel
|-sidestart|p2: PULT4T2 Alki|move: Stealth Rock
|
|-weather|Sandstorm|[upkeep]
|-damage|p2a: Axel|94/100|[from] Sandstorm
|-damage|p1a: Druddigon|63/100|[from] Sandstorm
|-heal|p2a: Axel|100/100|[from] item: Black Sludge
|upkeep
|turn|3
|
|t:|1661554765
|switch|p1a: Doublade|Doublade, M|100/100
|move|p2a: Axel|Sludge Bomb|p1a: Doublade
|-immune|p1a: Doublade
|
|-weather|Sandstorm|[upkeep]
|-damage|p2a: Axel|94/100|[from] Sandstorm
|-heal|p2a: Axel|100/100|[from] item: Black Sludge
|-end|p2a: Axel|move: Taunt
|upkeep
|turn|4
|j| yandaud
|
|t:|1661554776
|switch|p1a: Gigalith|Gigalith, F, shiny|100/100
|move|p2a: Axel|Corrosive Gas|p1a: Gigalith
|-enditem|p1a: Gigalith|Smooth Rock|[from] move: Corrosive Gas|[of] p2a: Axel
|
|-weather|Sandstorm|[upkeep]
|-damage|p2a: Axel|94/100|[from] Sandstorm
|-heal|p2a: Axel|100/100|[from] item: Black Sludge
|upkeep
|turn|5
|
|t:|1661554785
|move|p2a: Axel|Toxic Spikes|p1a: Gigalith
|-sidestart|p1: ImHighGoEzOnMe|move: Toxic Spikes
|move|p1a: Gigalith|Stone Edge|p2a: Axel
|-damage|p2a: Axel|64/100
|
|-weather|none
|-heal|p2a: Axel|70/100|[from] item: Black Sludge
|upkeep
|turn|6
|
|t:|1661554793
|switch|p2a: Derek|Sandaconda, M, shiny|100/100
|-damage|p2a: Derek|94/100|[from] Stealth Rock
|switch|p1a: Charizard|Charizard, M, shiny|100/100
|
|-heal|p2a: Derek|100/100|[from] item: Leftovers
|upkeep
|turn|7
|
|t:|1661554801
|move|p1a: Charizard|Defog|p2a: Derek
|-unboost|p2a: Derek|evasion|1
|-sideend|p2: PULT4T2 Alki|Stealth Rock|[from] move: Defog|[of] p1a: Charizard
|-sideend|p1: ImHighGoEzOnMe|Toxic Spikes|[from] move: Defog|[of] p1a: Charizard
|move|p2a: Derek|Stone Edge|p1a: Charizard
|-supereffective|p1a: Charizard
|-damage|p1a: Charizard|0 fnt
|faint|p1a: Charizard
|
|upkeep
|j|+avarice
|
|t:|1661554807
|switch|p1a: Frosmoth|Frosmoth, M|100/100
|turn|8
|
|t:|1661554824
|switch|p2a: Claire|Gigalith, M, shiny|100/100
|-weather|Sandstorm|[from] ability: Sand Stream|[of] p2a: Claire
|move|p1a: Frosmoth|Ice Beam|p2a: Claire
|-damage|p2a: Claire|74/100
|
|-weather|Sandstorm|[upkeep]
|-damage|p1a: Frosmoth|94/100|[from] Sandstorm
|-heal|p2a: Claire|80/100|[from] item: Leftovers
|upkeep
|turn|9
|
|t:|1661554830
|switch|p1a: Doublade|Doublade, M|100/100
|move|p2a: Claire|Stealth Rock|p1a: Doublade
|-sidestart|p1: ImHighGoEzOnMe|move: Stealth Rock
|
|-weather|Sandstorm|[upkeep]
|-heal|p2a: Claire|86/100|[from] item: Leftovers
|upkeep
|turn|10
|
|t:|1661554841
|switch|p2a: Jeanne|Jellicent, F, shiny|100/100
|move|p1a: Doublade|Swords Dance|p1a: Doublade
|-boost|p1a: Doublade|atk|2
|
|-weather|Sandstorm|[upkeep]
|-damage|p2a: Jeanne|94/100|[from] Sandstorm
|upkeep
|turn|11
|
|t:|1661554847
|move|p1a: Doublade|Shadow Sneak|p2a: Jeanne
|-supereffective|p2a: Jeanne
|-damage|p2a: Jeanne|35/100
|move|p2a: Jeanne|Will-O-Wisp|p1a: Doublade
|-status|p1a: Doublade|brn
|
|-weather|Sandstorm|[upkeep]
|-damage|p2a: Jeanne|29/100|[from] Sandstorm
|-damage|p1a: Doublade|94/100 brn|[from] brn
|upkeep
|turn|12
|
|t:|1661554856
|switch|p2a: Derek|Sandaconda, M, shiny|100/100
|move|p1a: Doublade|Iron Head|p2a: Derek
|-damage|p2a: Derek|70/100
|
|-weather|none
|-heal|p2a: Derek|76/100|[from] item: Leftovers
|-damage|p1a: Doublade|88/100 brn|[from] brn
|upkeep
|turn|13
|
|t:|1661554863
|switch|p1a: Druddigon|Druddigon, F|63/100
|-damage|p1a: Druddigon|50/100|[from] Stealth Rock
|move|p2a: Derek|Coil|p2a: Derek
|-boost|p2a: Derek|atk|1
|-boost|p2a: Derek|def|1
|-boost|p2a: Derek|accuracy|1
|
|-heal|p2a: Derek|82/100|[from] item: Leftovers
|upkeep
|turn|14
|
|t:|1661554868
|move|p2a: Derek|Earthquake|p1a: Druddigon
|-damage|p1a: Druddigon|6/100
|move|p1a: Druddigon|Dragon Tail|p2a: Derek
|-damage|p2a: Derek|69/100
|drag|p2a: Claire|Gigalith, M, shiny|86/100
|-weather|Sandstorm|[from] ability: Sand Stream|[of] p2a: Claire
|
|-weather|Sandstorm|[upkeep]
|-damage|p1a: Druddigon|0 fnt|[from] Sandstorm
|faint|p1a: Druddigon
|-heal|p2a: Claire|92/100|[from] item: Leftovers
|upkeep
|
|t:|1661554876
|switch|p1a: Sandslash|Sandslash, F, shiny|100/100
|-damage|p1a: Sandslash|94/100|[from] Stealth Rock
|turn|15
|j| Maractus-4-UU
|
|t:|1661554885
|switch|p2a: Axel|Weezing, F, shiny|70/100
|move|p1a: Sandslash|Swords Dance|p1a: Sandslash
|-boost|p1a: Sandslash|atk|2
|
|-weather|Sandstorm|[upkeep]
|-damage|p2a: Axel|64/100|[from] Sandstorm
|-heal|p2a: Axel|70/100|[from] item: Black Sludge
|upkeep
|turn|16
|
|t:|1661554897
|move|p1a: Sandslash|Stone Edge|p2a: Axel
|-damage|p2a: Axel|20/100
|-damage|p1a: Sandslash|84/100|[from] item: Life Orb
|move|p2a: Axel|Pain Split|p1a: Sandslash
|-sethp|p1a: Sandslash|53/100|[from] move: Pain Split|[silent]
|-sethp|p2a: Axel|47/100|[from] move: Pain Split
|
|-weather|Sandstorm|[upkeep]
|-damage|p2a: Axel|41/100|[from] Sandstorm
|-heal|p2a: Axel|47/100|[from] item: Black Sludge
|upkeep
|turn|17
|
|t:|1661554909
|switch|p2a: Maurine|Ferroseed, F, shiny|100/100
|move|p1a: Sandslash|Stone Edge|p2a: Maurine
|-resisted|p2a: Maurine
|-damage|p2a: Maurine|65/100
|-damage|p1a: Sandslash|43/100|[from] item: Life Orb
|
|-weather|Sandstorm|[upkeep]
|upkeep
|turn|18
|
|t:|1661554918
|switch|p2a: Axel|Weezing, F, shiny|47/100
|move|p1a: Sandslash|Leech Life|p2a: Axel
|-resisted|p2a: Axel
|-damage|p2a: Axel|25/100
|-heal|p1a: Sandslash|56/100|[from] drain|[of] p2a: Axel
|-damage|p1a: Sandslash|46/100|[from] item: Life Orb
|
|-weather|none
|-heal|p2a: Axel|31/100|[from] item: Black Sludge
|upkeep
|turn|19
|
|t:|1661554929
|move|p1a: Sandslash|Stone Edge|p2a: Axel|[miss]
|-miss|p1a: Sandslash|p2a: Axel
|move|p2a: Axel|Sludge Bomb|p1a: Sandslash
|-resisted|p1a: Sandslash
|-damage|p1a: Sandslash|19/100
|
|-heal|p2a: Axel|37/100|[from] item: Black Sludge
|upkeep
|turn|20
|l| yandaud
|
|t:|1661554937
|move|p1a: Sandslash|Stone Edge|p2a: Axel
|-damage|p2a: Axel|0 fnt
|faint|p2a: Axel
|-damage|p1a: Sandslash|9/100|[from] item: Life Orb
|
|upkeep
|
|t:|1661554941
|switch|p2a: Maxime|Articuno-Galar, shiny|100/100
|turn|21
|
|t:|1661554945
|move|p2a: Maxime|U-turn|p1a: Sandslash
|-damage|p1a: Sandslash|0 fnt
|faint|p1a: Sandslash
|
|t:|1661554952
|switch|p2a: Derek|Sandaconda, M, shiny|69/100|[from]move: U-turn
|
|-heal|p2a: Derek|75/100|[from] item: Leftovers
|upkeep
|
|t:|1661554956
|switch|p1a: Frosmoth|Frosmoth, M|94/100
|turn|22
|
|t:|1661554959
|switch|p2a: Claire|Gigalith, M, shiny|92/100
|-weather|Sandstorm|[from] ability: Sand Stream|[of] p2a: Claire
|move|p1a: Frosmoth|Giga Drain|p2a: Claire
|-supereffective|p2a: Claire
|-damage|p2a: Claire|65/100
|-heal|p1a: Frosmoth|100/100|[from] drain|[of] p2a: Claire
|
|-weather|Sandstorm|[upkeep]
|-damage|p1a: Frosmoth|94/100|[from] Sandstorm
|-heal|p2a: Claire|71/100|[from] item: Leftovers
|upkeep
|turn|23
|
|t:|1661554964
|switch|p1a: Doublade|Doublade, M|88/100 brn
|-damage|p1a: Doublade|82/100 brn|[from] Stealth Rock
|move|p2a: Claire|Rock Blast|p1a: Doublade
|-resisted|p1a: Doublade
|-damage|p1a: Doublade|78/100 brn
|-resisted|p1a: Doublade
|-damage|p1a: Doublade|75/100 brn
|-resisted|p1a: Doublade
|-crit|p1a: Doublade
|-damage|p1a: Doublade|69/100 brn
|-hitcount|p1a: Doublade|3
|
|-weather|Sandstorm|[upkeep]
|-heal|p2a: Claire|77/100|[from] item: Leftovers
|-damage|p1a: Doublade|63/100 brn|[from] brn
|upkeep
|turn|24
|
|t:|1661554970
|switch|p1a: Frosmoth|Frosmoth, M|94/100
|switch|p2a: Derek|Sandaconda, M, shiny|75/100
|
|-weather|Sandstorm|[upkeep]
|-damage|p1a: Frosmoth|88/100|[from] Sandstorm
|-heal|p2a: Derek|81/100|[from] item: Leftovers
|upkeep
|turn|25
|
|t:|1661554985
|switch|p2a: Claire|Gigalith, M, shiny|77/100
|move|p1a: Frosmoth|Ice Beam|p2a: Claire
|-damage|p2a: Claire|52/100
|
|-weather|Sandstorm|[upkeep]
|-damage|p1a: Frosmoth|82/100|[from] Sandstorm
|-heal|p2a: Claire|58/100|[from] item: Leftovers
|upkeep
|turn|26
|
|t:|1661554991
|move|p1a: Frosmoth|Quiver Dance|p1a: Frosmoth
|-boost|p1a: Frosmoth|spa|1
|-boost|p1a: Frosmoth|spd|1
|-boost|p1a: Frosmoth|spe|1
|move|p2a: Claire|Earthquake|p1a: Frosmoth
|-resisted|p1a: Frosmoth
|-damage|p1a: Frosmoth|55/100
|
|-weather|none
|-heal|p2a: Claire|64/100|[from] item: Leftovers
|upkeep
|turn|27
|inactive|Battle timer is ON: inactive players will automatically lose when time's up. (requested by ImHighGoEzOnMe)
|
|t:|1661555032
|move|p1a: Frosmoth|Giga Drain|p2a: Claire
|-supereffective|p2a: Claire
|-damage|p2a: Claire|0 fnt
|-heal|p1a: Frosmoth|98/100|[from] drain|[of] p2a: Claire
|faint|p2a: Claire
|
|upkeep
|
|t:|1661555043
|switch|p2a: Maxime|Articuno-Galar, shiny|100/100
|turn|28
|
|t:|1661555047
|move|p1a: Frosmoth|Quiver Dance|p1a: Frosmoth
|-boost|p1a: Frosmoth|spa|1
|-boost|p1a: Frosmoth|spd|1
|-boost|p1a: Frosmoth|spe|1
|move|p2a: Maxime|Hurricane|p1a: Frosmoth
|-supereffective|p1a: Frosmoth
|-damage|p1a: Frosmoth|61/100
|
|upkeep
|turn|29
|
|t:|1661555054
|move|p1a: Frosmoth|Ice Beam|p2a: Maxime
|-supereffective|p2a: Maxime
|-damage|p2a: Maxime|0 fnt
|faint|p2a: Maxime
|
|upkeep
|
|t:|1661555056
|switch|p2a: Maurine|Ferroseed, F, shiny|65/100
|turn|30
|
|t:|1661555059
|move|p1a: Frosmoth|Ice Beam|p2a: Maurine
|-damage|p2a: Maurine|8/100
|move|p2a: Maurine|Knock Off|p1a: Frosmoth
|-damage|p1a: Frosmoth|36/100
|-enditem|p1a: Frosmoth|Heavy-Duty Boots|[from] move: Knock Off|[of] p2a: Maurine
|
|upkeep
|turn|31
|
|t:|1661555063
|move|p1a: Frosmoth|Ice Beam|p2a: Maurine
|-damage|p2a: Maurine|0 fnt
|faint|p2a: Maurine
|
|upkeep
|
|t:|1661555064
|switch|p2a: Jeanne|Jellicent, F, shiny|29/100
|turn|32
|
|t:|1661555066
|move|p1a: Frosmoth|Giga Drain|p2a: Jeanne
|-supereffective|p2a: Jeanne
|-damage|p2a: Jeanne|0 fnt
|-heal|p1a: Frosmoth|56/100|[from] drain|[of] p2a: Jeanne
|faint|p2a: Jeanne
|
|upkeep
|
|t:|1661555067
|switch|p2a: Derek|Sandaconda, M, shiny|81/100
|turn|33
|
|t:|1661555070
|move|p1a: Frosmoth|Ice Beam|p2a: Derek
|-supereffective|p2a: Derek
|-damage|p2a: Derek|0 fnt
|faint|p2a: Derek
|
|win|ImHighGoEzOnMe
|raw|ImHighGoEzOnMe's rating: 1364 &rarr; <strong>1384</strong><br />(+20 for winning)
|raw|PULT4T2 Alki's rating: 1366 &rarr; <strong>1346</strong><br />(-20 for losing)
|l|☆PULT4T2 Alki
|c| Carmin|wp buddy
|l| Maractus-4-UU
|c|☆ImHighGoEzOnMe|gg
|c|☆ImHighGoEzOnMe|thx
|l| Carmin
||Ladder isn't responding, score probably updated but might not have (Request timeout).
