|j|☆PUDS DiannieRatson
|j|☆kingqueso141
|t:|1656713433
|gametype|singles
|player|p1|PUDS DiannieRatson|swimmerf-gen4|1202
|player|p2|kingqueso141|rosa|1323
|teamsize|p1|6
|teamsize|p2|6
|gen|8
|tier|[Gen 8] PU
|rated|
|rule|Sleep Clause Mod: Limit one foe put to sleep
|rule|Species Clause: Limit one of each Pokémon
|rule|OHKO Clause: OHKO moves are banned
|rule|Evasion Moves Clause: Evasion moves are banned
|rule|Endless Battle Clause: Forcing endless battles is banned
|rule|HP Percentage Mod: HP is shown in percentages
|rule|Dynamax Clause: You cannot dynamax
|clearpoke
|poke|p1|Inteleon, M|
|poke|p1|Guzzlord|
|poke|p1|Araquanid, F|
|poke|p1|Doublade, M|
|poke|p1|Silvally-*|
|poke|p1|Charizard, M|
|poke|p2|Gigalith, M|
|poke|p2|Lycanroc, M|
|poke|p2|Sandslash, F|
|poke|p2|Doublade, M|
|poke|p2|Araquanid, F|
|poke|p2|Magneton|
|teampreview
|c|☆PUDS DiannieRatson|Glhf
|inactive|Battle timer is ON: inactive players will automatically lose when time's up. (requested by PUDS DiannieRatson)
|
|t:|1656713447
|start
|switch|p1a: Inteleon|Inteleon, M|100/100
|switch|p2a: Gigalith|Gigalith, M|100/100
|-weather|Sandstorm|[from] ability: Sand Stream|[of] p2a: Gigalith
|turn|1
|
|t:|1656713461
|switch|p2a: Araquanid|Araquanid, F|100/100
|move|p1a: Inteleon|U-turn|p2a: Araquanid
|-damage|p2a: Araquanid|90/100
|
|t:|1656713474
|switch|p1a: Silvally|Silvally-Fairy|100/100|[from]move: U-turn
|
|-weather|Sandstorm|[upkeep]
|-damage|p1a: Silvally|94/100|[from] Sandstorm
|-damage|p2a: Araquanid|84/100|[from] Sandstorm
|upkeep
|turn|2
|
|t:|1656713482
|move|p1a: Silvally|Parting Shot|p2a: Araquanid
|-unboost|p2a: Araquanid|atk|1
|-unboost|p2a: Araquanid|spa|1
|
|t:|1656713492
|switch|p1a: Doublade|Doublade, M|100/100|[from]move: Parting Shot
|move|p2a: Araquanid|Sticky Web|p1a: Doublade
|-sidestart|p1: PUDS DiannieRatson|move: Sticky Web
|
|-weather|Sandstorm|[upkeep]
|-damage|p2a: Araquanid|78/100|[from] Sandstorm
|upkeep
|turn|3
|
|t:|1656713511
|switch|p2a: Magneton|Magneton|100/100
|move|p1a: Doublade|Iron Head|p2a: Magneton
|-resisted|p2a: Magneton
|-damage|p2a: Magneton|86/100
|
|-weather|Sandstorm|[upkeep]
|upkeep
|turn|4
|
|t:|1656713516
|move|p2a: Magneton|Volt Switch|p1a: Doublade
|-damage|p1a: Doublade|24/100
|
|t:|1656713521
|switch|p2a: Doublade|Doublade, M|100/100|[from]move: Volt Switch
|move|p1a: Doublade|Close Combat|p2a: Doublade
|-immune|p2a: Doublade
|
|-weather|Sandstorm|[upkeep]
|upkeep
|turn|5
|
|t:|1656713530
|move|p2a: Doublade|Shadow Sneak|p1a: Doublade
|-supereffective|p1a: Doublade
|-damage|p1a: Doublade|3/100
|move|p1a: Doublade|Shadow Sneak|p2a: Doublade
|-supereffective|p2a: Doublade
|-damage|p2a: Doublade|77/100
|
|-weather|none
|upkeep
|turn|6
|
|t:|1656713534
|move|p2a: Doublade|Shadow Sneak|p1a: Doublade
|-supereffective|p1a: Doublade
|-damage|p1a: Doublade|0 fnt
|faint|p1a: Doublade
|
|upkeep
|
|t:|1656713539
|switch|p1a: Charizard|Charizard, M|100/100
|turn|7
|
|t:|1656713543
|switch|p2a: Gigalith|Gigalith, M|100/100
|-weather|Sandstorm|[from] ability: Sand Stream|[of] p2a: Gigalith
|move|p1a: Charizard|Defog|p2a: Gigalith
|-unboost|p2a: Gigalith|evasion|1
|-sideend|p1: PUDS DiannieRatson|Sticky Web|[from] move: Defog|[of] p1a: Charizard
|
|-weather|Sandstorm|[upkeep]
|-damage|p1a: Charizard|94/100|[from] Sandstorm
|upkeep
|turn|8
|
|t:|1656713558
|switch|p1a: Guzzlord|Guzzlord|100/100
|move|p2a: Gigalith|Rock Blast|p1a: Guzzlord|[miss]
|-miss|p2a: Gigalith|p1a: Guzzlord
|
|-weather|Sandstorm|[upkeep]
|-damage|p1a: Guzzlord|94/100|[from] Sandstorm
|-heal|p1a: Guzzlord|100/100|[from] item: Leftovers
|upkeep
|turn|9
|
|t:|1656713564
|move|p2a: Gigalith|Protect|p2a: Gigalith
|-singleturn|p2a: Gigalith|Protect
|move|p1a: Guzzlord|Knock Off|p2a: Gigalith
|-activate|p2a: Gigalith|move: Protect
|
|-weather|Sandstorm|[upkeep]
|-damage|p1a: Guzzlord|94/100|[from] Sandstorm
|-heal|p1a: Guzzlord|100/100|[from] item: Leftovers
|upkeep
|turn|10
|
|t:|1656713575
|switch|p2a: Araquanid|Araquanid, F|78/100
|move|p1a: Guzzlord|Knock Off|p2a: Araquanid
|-crit|p2a: Araquanid
|-damage|p2a: Araquanid|35/100
|-enditem|p2a: Araquanid|Heavy-Duty Boots|[from] move: Knock Off|[of] p1a: Guzzlord
|
|-weather|Sandstorm|[upkeep]
|-damage|p1a: Guzzlord|94/100|[from] Sandstorm
|-damage|p2a: Araquanid|29/100|[from] Sandstorm
|-heal|p1a: Guzzlord|100/100|[from] item: Leftovers
|upkeep
|turn|11
|
|t:|1656713583
|move|p2a: Araquanid|Leech Life|p1a: Guzzlord
|-supereffective|p1a: Guzzlord
|-damage|p1a: Guzzlord|75/100
|-heal|p2a: Araquanid|51/100|[from] drain|[of] p1a: Guzzlord
|move|p1a: Guzzlord|Dragon Tail|p2a: Araquanid|[miss]
|-miss|p1a: Guzzlord|p2a: Araquanid
|
|-weather|none
|-heal|p1a: Guzzlord|81/100|[from] item: Leftovers
|upkeep
|turn|12
|
|t:|1656713592
|move|p2a: Araquanid|Sticky Web|p1a: Guzzlord
|-sidestart|p1: PUDS DiannieRatson|move: Sticky Web
|move|p1a: Guzzlord|Dragon Tail|p2a: Araquanid
|-damage|p2a: Araquanid|33/100
|drag|p2a: Magneton|Magneton|86/100
|
|-heal|p1a: Guzzlord|87/100|[from] item: Leftovers
|upkeep
|turn|13
|
|t:|1656713599
|move|p2a: Magneton|Thunderbolt|p1a: Guzzlord
|-resisted|p1a: Guzzlord
|-damage|p1a: Guzzlord|65/100
|move|p1a: Guzzlord|Knock Off|p2a: Magneton
|-damage|p2a: Magneton|39/100
|-enditem|p2a: Magneton|Choice Specs|[from] move: Knock Off|[of] p1a: Guzzlord
|
|-heal|p1a: Guzzlord|72/100|[from] item: Leftovers
|upkeep
|turn|14
|
|t:|1656713605
|move|p2a: Magneton|Volt Switch|p1a: Guzzlord
|-resisted|p1a: Guzzlord
|-damage|p1a: Guzzlord|60/100
|
|t:|1656713611
|switch|p2a: Araquanid|Araquanid, F|33/100|[from]move: Volt Switch
|move|p1a: Guzzlord|Dragon Tail|p2a: Araquanid
|-damage|p2a: Araquanid|13/100
|drag|p2a: Lycanroc|Lycanroc, M|100/100
|
|-heal|p1a: Guzzlord|66/100|[from] item: Leftovers
|upkeep
|turn|15
|
|t:|1656713628
|switch|p2a: Gigalith|Gigalith, M|100/100
|-weather|Sandstorm|[from] ability: Sand Stream|[of] p2a: Gigalith
|move|p1a: Guzzlord|Knock Off|p2a: Gigalith
|-damage|p2a: Gigalith|76/100
|-enditem|p2a: Gigalith|Leftovers|[from] move: Knock Off|[of] p1a: Guzzlord
|
|-weather|Sandstorm|[upkeep]
|-damage|p1a: Guzzlord|60/100|[from] Sandstorm
|-heal|p1a: Guzzlord|66/100|[from] item: Leftovers
|upkeep
|turn|16
|
|t:|1656713634
|move|p2a: Gigalith|Stealth Rock|p1a: Guzzlord
|-sidestart|p1: PUDS DiannieRatson|move: Stealth Rock
|move|p1a: Guzzlord|Dragon Tail|p2a: Gigalith
|-damage|p2a: Gigalith|61/100
|drag|p2a: Sandslash|Sandslash, F|100/100
|
|-weather|Sandstorm|[upkeep]
|-damage|p1a: Guzzlord|60/100|[from] Sandstorm
|-heal|p1a: Guzzlord|66/100|[from] item: Leftovers
|upkeep
|turn|17
|
|t:|1656713654
|move|p2a: Sandslash|Earthquake|p1a: Guzzlord
|-damage|p1a: Guzzlord|30/100
|-damage|p2a: Sandslash|91/100|[from] item: Life Orb
|move|p1a: Guzzlord|Knock Off|p2a: Sandslash
|-damage|p2a: Sandslash|53/100
|-enditem|p2a: Sandslash|Life Orb|[from] move: Knock Off|[of] p1a: Guzzlord
|
|-weather|Sandstorm|[upkeep]
|-damage|p1a: Guzzlord|24/100|[from] Sandstorm
|-heal|p1a: Guzzlord|30/100|[from] item: Leftovers
|upkeep
|turn|18
|
|t:|1656713660
|move|p2a: Sandslash|Earthquake|p1a: Guzzlord
|-crit|p1a: Guzzlord
|-damage|p1a: Guzzlord|0 fnt
|faint|p1a: Guzzlord
|
|-weather|Sandstorm|[upkeep]
|upkeep
|
|t:|1656713674
|switch|p1a: Araquanid|Araquanid, F|100/100
|turn|19
|
|t:|1656713680
|move|p2a: Sandslash|Rock Slide|p1a: Araquanid
|-supereffective|p1a: Araquanid
|-damage|p1a: Araquanid|42/100
|cant|p1a: Araquanid|flinch
|
|-weather|none
|upkeep
|turn|20
|
|t:|1656713686
|move|p2a: Sandslash|Rock Slide|p1a: Araquanid
|-supereffective|p1a: Araquanid
|-damage|p1a: Araquanid|0 fnt
|faint|p1a: Araquanid
|
|upkeep
|
|t:|1656713694
|switch|p1a: Silvally|Silvally-Fairy|94/100
|-activate|p1a: Silvally|move: Sticky Web
|-unboost|p1a: Silvally|spe|1
|-damage|p1a: Silvally|82/100|[from] Stealth Rock
|turn|21
|
|t:|1656713699
|switch|p2a: Gigalith|Gigalith, M|61/100
|-weather|Sandstorm|[from] ability: Sand Stream|[of] p2a: Gigalith
|move|p1a: Silvally|Defog|p2a: Gigalith
|-unboost|p2a: Gigalith|evasion|1
|-sideend|p1: PUDS DiannieRatson|Stealth Rock|[from] move: Defog|[of] p1a: Silvally
|-sideend|p1: PUDS DiannieRatson|Sticky Web|[from] move: Defog|[of] p1a: Silvally
|
|-weather|Sandstorm|[upkeep]
|-damage|p1a: Silvally|76/100|[from] Sandstorm
|upkeep
|turn|22
|
|t:|1656713706
|move|p1a: Silvally|Multi-Attack|p2a: Gigalith
|-damage|p2a: Gigalith|30/100
|move|p2a: Gigalith|Rock Blast|p1a: Silvally
|-damage|p1a: Silvally|69/100
|-damage|p1a: Silvally|62/100
|-damage|p1a: Silvally|55/100
|-hitcount|p1a: Silvally|3
|
|-weather|Sandstorm|[upkeep]
|-damage|p1a: Silvally|49/100|[from] Sandstorm
|upkeep
|turn|23
|
|t:|1656713710
|move|p1a: Silvally|Multi-Attack|p2a: Gigalith
|-damage|p2a: Gigalith|0 fnt
|faint|p2a: Gigalith
|
|-weather|Sandstorm|[upkeep]
|-damage|p1a: Silvally|43/100|[from] Sandstorm
|upkeep
|
|t:|1656713718
|switch|p2a: Sandslash|Sandslash, F|53/100
|turn|24
|
|t:|1656713729
|switch|p1a: Charizard|Charizard, M|94/100
|move|p2a: Sandslash|Rock Slide|p1a: Charizard
|-supereffective|p1a: Charizard
|-damage|p1a: Charizard|0 fnt
|faint|p1a: Charizard
|
|-weather|Sandstorm|[upkeep]
|upkeep
|
|t:|1656713736
|switch|p1a: Inteleon|Inteleon, M|100/100
|turn|25
|
|t:|1656713763
|move|p2a: Sandslash|Earthquake|p1a: Inteleon
|-damage|p1a: Inteleon|31/100
|move|p1a: Inteleon|U-turn|p2a: Sandslash
|-damage|p2a: Sandslash|38/100
|
|t:|1656713766
|switch|p1a: Silvally|Silvally-Fairy|43/100|[from]move: U-turn
|
|-weather|none
|upkeep
|turn|26
|
|t:|1656713771
|move|p2a: Sandslash|Earthquake|p1a: Silvally
|-damage|p1a: Silvally|14/100
|move|p1a: Silvally|Multi-Attack|p2a: Sandslash
|-damage|p2a: Sandslash|0 fnt
|faint|p2a: Sandslash
|
|upkeep
|
|t:|1656713783
|switch|p2a: Lycanroc|Lycanroc, M|100/100
|turn|27
|
|t:|1656713796
|move|p2a: Lycanroc|Accelerock|p1a: Silvally
|-damage|p1a: Silvally|0 fnt
|faint|p1a: Silvally
|
|upkeep
|
|t:|1656713799
|switch|p1a: Inteleon|Inteleon, M|31/100
|turn|28
|c|☆PUDS DiannieRatson|Gg
|-message|PUDS DiannieRatson forfeited.
|
|win|kingqueso141
|raw|PUDS DiannieRatson's rating: 1202 &rarr; <strong>1185</strong><br />(-17 for losing)
|raw|kingqueso141's rating: 1323 &rarr; <strong>1336</strong><br />(+13 for winning)
|l|☆PUDS DiannieRatson
|c|☆kingqueso141|gg
|j|☆PUDS DiannieRatson
|player|p1|PUDS DiannieRatson|swimmerf-gen4
|l|☆PUDS DiannieRatson
|player|p1|
|l|☆kingqueso141
||Ladder isn't responding, score probably updated but might not have (Request timeout).
