|raw|<div class="broadcast-blue"><strong>This battle is required to be public due to a player having a name starting with 'pult61a'.</div>
|j|☆AwebeBinLaden
|j|☆pult61a spades
|t:|1626733569
|gametype|singles
|player|p1|AwebeBinLaden|flannery|1121
|player|p2|pult61a spades|burglar-gen1|1334
|teamsize|p1|6
|teamsize|p2|6
|gen|8
|tier|[Gen 8] PU
|rated|
|rule|Sleep Clause Mod: Limit one foe put to sleep
|rule|Species Clause: Limit one of each Pokémon
|rule|OHKO Clause: OHKO moves are banned
|rule|Evasion Moves Clause: Evasion moves are banned
|rule|Endless Battle Clause: Forcing endless battles is banned
|rule|HP Percentage Mod: HP is shown in percentages
|rule|Dynamax Clause: You cannot dynamax
|clearpoke
|poke|p1|Absol, M|
|poke|p1|Scyther, F|
|poke|p1|Lanturn, M|
|poke|p1|Hitmontop, M|
|poke|p1|Weezing, M|
|poke|p1|Froslass, F|
|poke|p2|Uxie|
|poke|p2|Scrafty, F|
|poke|p2|Sandslash-Alola, M|
|poke|p2|Silvally-*|
|poke|p2|Archeops, M|
|poke|p2|Gourgeist-*, M|
|teampreview
|inactive|Battle timer is ON: inactive players will automatically lose when time's up. (requested by AwebeBinLaden)
|
|t:|1626733573
|start
|switch|p1a: Froslass|Froslass, F|100/100
|switch|p2a: Scrafty|Scrafty, F|100/100
|turn|1
|
|t:|1626733577
|move|p1a: Froslass|Taunt|p2a: Scrafty
|-start|p2a: Scrafty|move: Taunt
|cant|p2a: Scrafty|move: Taunt|Bulk Up
|
|upkeep
|turn|2
|
|t:|1626733582
|move|p1a: Froslass|Spikes|p2a: Scrafty
|-sidestart|p2: pult61a spades|Spikes
|move|p2a: Scrafty|Knock Off|p1a: Froslass
|-supereffective|p1a: Froslass
|-damage|p1a: Froslass|19/100
|-enditem|p1a: Froslass|Focus Sash|[from] move: Knock Off|[of] p2a: Scrafty
|
|upkeep
|turn|3
|
|t:|1626733586
|move|p1a: Froslass|Will-O-Wisp|p2a: Scrafty
|-status|p2a: Scrafty|brn
|move|p2a: Scrafty|Knock Off|p1a: Froslass
|-supereffective|p1a: Froslass
|-damage|p1a: Froslass|0 fnt
|faint|p1a: Froslass
|
|-damage|p2a: Scrafty|95/100 brn|[from] brn
|-end|p2a: Scrafty|move: Taunt
|upkeep
|
|t:|1626733597
|switch|p1a: Absol|Absol, M|100/100
|turn|4
|
|t:|1626733603
|switch|p2a: Silvally|Silvally-Fairy|100/100
|-damage|p2a: Silvally|88/100|[from] Spikes
|move|p1a: Absol|Close Combat|p2a: Silvally
|-resisted|p2a: Silvally
|-damage|p2a: Silvally|66/100
|-unboost|p1a: Absol|def|1
|-unboost|p1a: Absol|spd|1
|
|upkeep
|turn|5
|
|t:|1626733611
|switch|p1a: Weezing|Weezing, M|100/100
|switch|p2a: Sandslash|Sandslash-Alola, M|100/100
|-damage|p2a: Sandslash|88/100|[from] Spikes
|
|-heal|p2a: Sandslash|94/100|[from] item: Leftovers
|upkeep
|turn|6
|
|t:|1626733619
|move|p2a: Sandslash|Knock Off|p1a: Weezing
|-damage|p1a: Weezing|81/100
|-enditem|p1a: Weezing|Leftovers|[from] move: Knock Off|[of] p2a: Sandslash
|move|p1a: Weezing|Toxic Spikes|p2a: Sandslash
|-sidestart|p2: pult61a spades|move: Toxic Spikes
|
|-heal|p2a: Sandslash|99/100|[from] item: Leftovers
|upkeep
|turn|7
|
|t:|1626733625
|move|p2a: Sandslash|Rapid Spin|p1a: Weezing
|-damage|p1a: Weezing|71/100
|-boost|p2a: Sandslash|spe|1
|-sideend|p2: pult61a spades|Spikes|[from] move: Rapid Spin|[of] p2a: Sandslash
|-sideend|p2: pult61a spades|Toxic Spikes|[from] move: Rapid Spin|[of] p2a: Sandslash
|move|p1a: Weezing|Will-O-Wisp|p2a: Sandslash
|-status|p2a: Sandslash|brn
|
|-heal|p2a: Sandslash|100/100 brn|[from] item: Leftovers
|-damage|p2a: Sandslash|95/100 brn|[from] brn
|upkeep
|turn|8
|
|t:|1626733634
|switch|p2a: Uxie|Uxie|100/100
|switch|p1a: Hitmontop|Hitmontop, M|100/100
|
|upkeep
|turn|9
|
|t:|1626733639
|switch|p1a: Scyther|Scyther, F|100/100
|move|p2a: Uxie|Calm Mind|p2a: Uxie
|-boost|p2a: Uxie|spa|1
|-boost|p2a: Uxie|spd|1
|
|upkeep
|turn|10
|
|t:|1626733644
|move|p1a: Scyther|Bug Bite|p2a: Uxie
|-supereffective|p2a: Uxie
|-damage|p2a: Uxie|51/100
|-enditem|p2a: Uxie|Kee Berry|[from] stealeat|[move] Bug Bite|[of] p1a: Scyther
|-boost|p1a: Scyther|def|1|[from] item: Kee Berry
|move|p2a: Uxie|Calm Mind|p2a: Uxie
|-boost|p2a: Uxie|spa|1
|-boost|p2a: Uxie|spd|1
|
|upkeep
|turn|11
|
|t:|1626733651
|move|p1a: Scyther|Bug Bite|p2a: Uxie
|-supereffective|p2a: Uxie
|-damage|p2a: Uxie|2/100
|move|p2a: Uxie|Stored Power|p1a: Scyther
|-damage|p1a: Scyther|28/100
|
|upkeep
|turn|12
|
|t:|1626733654
|move|p1a: Scyther|U-turn|p2a: Uxie
|-supereffective|p2a: Uxie
|-damage|p2a: Uxie|0 fnt
|faint|p2a: Uxie
|
|t:|1626733666
|switch|p1a: Lanturn|Lanturn, M|100/100|[from]move: U-turn
|
|upkeep
|
|t:|1626733669
|switch|p2a: Gourgeist|Gourgeist, M|100/100
|-item|p1a: Lanturn|Assault Vest|[from] ability: Frisk|[of] p2a: Gourgeist|[identify]
|turn|13
|c|☆AwebeBinLaden|!pokedex Gougeist
No Pokémon, item, move, ability or nature named 'Gougeist' was found. Showing the data of 'Gourgeist' instead.
|raw|<div class="message"><ul class="utilichart"><li class="result"><span class="col numcol">(PU)</span> <span class="col iconcol"><psicon pokemon="gourgeist"/></span> <span class="col pokemonnamecol" style="white-space:nowrap"><a href="https://dex.pokemonshowdown.com/pokemon/gourgeist" target="_blank">Gourgeist</a></span> <span class="col typecol"><img src="https://play.pokemonshowdown.com/sprites/types/Ghost.png" alt="Ghost" height="14" width="32"><img src="https://play.pokemonshowdown.com/sprites/types/Grass.png" alt="Grass" height="14" width="32"></span> <span style="float:left;min-height:26px"><span class="col twoabilitycol">Pickup<br />Frisk</span><span class="col abilitycol"><em>Insomnia</em></span></span><span style="float:left;min-height:26px"><span class="col statcol"><em>HP</em><br />65</span> <span class="col statcol"><em>Atk</em><br />90</span> <span class="col statcol"><em>Def</em><br />122</span> <span class="col statcol"><em>SpA</em><br />58</span> <span class="col statcol"><em>SpD</em><br />75</span> <span class="col statcol"><em>Spe</em><br />84</span> <span class="col bstcol"><em>BST<br />494</em></span> </span></li><li style="clear:both"></li></ul></div>

|
|t:|1626733696
|move|p2a: Gourgeist|Power Whip|p1a: Lanturn
|-supereffective|p1a: Lanturn
|-damage|p1a: Lanturn|0 fnt
|faint|p1a: Lanturn
|
|upkeep
|
|t:|1626733703
|switch|p1a: Scyther|Scyther, F|28/100
|turn|14
|
|t:|1626733706
|switch|p2a: Sandslash|Sandslash-Alola, M|95/100 brn
|move|p1a: Scyther|Dual Wingbeat|p2a: Sandslash
|-resisted|p2a: Sandslash
|-damage|p2a: Sandslash|82/100 brn
|-resisted|p2a: Sandslash
|-damage|p2a: Sandslash|71/100 brn
|-hitcount|p2a: Sandslash|2
|
|-heal|p2a: Sandslash|77/100 brn|[from] item: Leftovers
|-damage|p2a: Sandslash|71/100 brn|[from] brn
|upkeep
|turn|15
|
|t:|1626733715
|switch|p1a: Absol|Absol, M|100/100
|move|p2a: Sandslash|Knock Off|p1a: Absol
|-resisted|p1a: Absol
|-damage|p1a: Absol|86/100
|-enditem|p1a: Absol|Choice Scarf|[from] move: Knock Off|[of] p2a: Sandslash
|
|-heal|p2a: Sandslash|77/100 brn|[from] item: Leftovers
|-damage|p2a: Sandslash|71/100 brn|[from] brn
|upkeep
|turn|16
|
|t:|1626733722
|switch|p2a: Silvally|Silvally-Fairy|66/100
|move|p1a: Absol|Play Rough|p2a: Silvally
|-crit|p2a: Silvally
|-damage|p2a: Silvally|13/100
|
|upkeep
|turn|17
|
|t:|1626733727
|move|p1a: Absol|Sucker Punch|p2a: Silvally
|-resisted|p2a: Silvally
|-damage|p2a: Silvally|0 fnt
|faint|p2a: Silvally
|
|upkeep
|
|t:|1626733732
|switch|p2a: Archeops|Archeops, M|100/100
|turn|18
|
|t:|1626733736
|move|p1a: Absol|Sucker Punch|p2a: Archeops
|-damage|p2a: Archeops|41/100
|move|p2a: Archeops|Stone Edge|p1a: Absol
|-damage|p1a: Absol|32/100
|
|upkeep
|turn|19
|
|t:|1626733742
|move|p1a: Absol|Sucker Punch||[still]
|-fail|p1a: Absol
|move|p2a: Archeops|Roost|p2a: Archeops
|-heal|p2a: Archeops|91/100
|-singleturn|p2a: Archeops|move: Roost
|
|upkeep
|turn|20
|
|t:|1626733749
|move|p1a: Absol|Sucker Punch|p2a: Archeops
|-damage|p2a: Archeops|30/100
|move|p2a: Archeops|Earthquake|p1a: Absol
|-damage|p1a: Absol|0 fnt
|faint|p1a: Absol
|
|upkeep
|
|t:|1626733755
|switch|p1a: Hitmontop|Hitmontop, M|100/100
|turn|21
|
|t:|1626733763
|move|p1a: Hitmontop|Bullet Punch|p2a: Archeops
|-supereffective|p2a: Archeops
|-crit|p2a: Archeops
|-damage|p2a: Archeops|0 fnt
|faint|p2a: Archeops
|
|upkeep
|
|t:|1626733765
|switch|p2a: Gourgeist|Gourgeist, M|100/100
|-item|p1a: Hitmontop|Assault Vest|[from] ability: Frisk|[of] p2a: Gourgeist|[identify]
|turn|22
|
|t:|1626733772
|move|p2a: Gourgeist|Power Whip|p1a: Hitmontop
|-damage|p1a: Hitmontop|47/100
|move|p1a: Hitmontop|Triple Axel|p2a: Gourgeist
|-supereffective|p2a: Gourgeist
|-damage|p2a: Gourgeist|80/100
|-supereffective|p2a: Gourgeist
|-damage|p2a: Gourgeist|36/100
|-supereffective|p2a: Gourgeist
|-damage|p2a: Gourgeist|0 fnt
|faint|p2a: Gourgeist
|-hitcount|p2: Gourgeist|3
|
|upkeep
|
|t:|1626733778
|switch|p2a: Sandslash|Sandslash-Alola, M|71/100 brn
|turn|23
|
|t:|1626733781
|move|p1a: Hitmontop|Mach Punch|p2a: Sandslash
|-supereffective|p2a: Sandslash
|-damage|p2a: Sandslash|0 fnt
|faint|p2a: Sandslash
|
|upkeep
|
|t:|1626733784
|switch|p2a: Scrafty|Scrafty, F|95/100 brn
|turn|24
|
|t:|1626733786
|move|p1a: Hitmontop|Mach Punch|p2a: Scrafty
|-supereffective|p2a: Scrafty
|-damage|p2a: Scrafty|55/100 brn
|move|p2a: Scrafty|Bulk Up|p2a: Scrafty
|-boost|p2a: Scrafty|atk|1
|-boost|p2a: Scrafty|def|1
|
|-heal|p2a: Scrafty|61/100 brn|[from] item: Leftovers
|-damage|p2a: Scrafty|55/100 brn|[from] brn
|upkeep
|turn|25
|
|t:|1626733792
|switch|p1a: Scyther|Scyther, F|28/100
|move|p2a: Scrafty|Drain Punch|p1a: Scyther
|-resisted|p1a: Scyther
|-damage|p1a: Scyther|21/100
|-heal|p2a: Scrafty|58/100 brn|[from] drain|[of] p1a: Scyther
|
|-heal|p2a: Scrafty|64/100 brn|[from] item: Leftovers
|-damage|p2a: Scrafty|58/100 brn|[from] brn
|upkeep
|turn|26
|
|t:|1626733796
|move|p1a: Scyther|Dual Wingbeat|p2a: Scrafty
|-supereffective|p2a: Scrafty
|-damage|p2a: Scrafty|27/100 brn
|-supereffective|p2a: Scrafty
|-damage|p2a: Scrafty|0 fnt
|faint|p2a: Scrafty
|-hitcount|p2: Scrafty|2
|
|win|AwebeBinLaden
|raw|AwebeBinLaden's rating: 1121 &rarr; <strong>1160</strong><br />(+39 for winning)
|raw|pult61a spades's rating: 1334 &rarr; <strong>1303</strong><br />(-31 for losing)
|c|☆AwebeBinLaden|gg
|l|☆pult61a spades
||Ladder isn't responding, score probably updated but might not have (Request timeout).
