|j|☆Apple of your Eye
|j|☆Nocterem
|t:|1652650041
|gametype|singles
|player|p1|Apple of your Eye|madame-gen4dp|1325
|player|p2|Nocterem|blue-gen2|1454
|teamsize|p1|6
|teamsize|p2|6
|gen|8
|tier|[Gen 8] PU
|rated|
|rule|Sleep Clause Mod: Limit one foe put to sleep
|rule|Species Clause: Limit one of each Pokémon
|rule|OHKO Clause: OHKO moves are banned
|rule|Evasion Moves Clause: Evasion moves are banned
|rule|Endless Battle Clause: Forcing endless battles is banned
|rule|HP Percentage Mod: HP is shown in percentages
|rule|Dynamax Clause: You cannot dynamax
|clearpoke
|poke|p1|Aggron, M|
|poke|p1|Ribombee, F|
|poke|p1|Palossand, F|
|poke|p1|Druddigon, F|
|poke|p1|Togedemaru, M|
|poke|p1|Articuno-Galar|
|poke|p2|Malamar, M|
|poke|p2|Rotom-Fan|
|poke|p2|Leafeon, M|
|poke|p2|Pyukumuku, M|
|poke|p2|Silvally-*|
|poke|p2|Cofagrigus, M|
|teampreview
|
|t:|1652650059
|start
|switch|p1a: Le Chomp|Druddigon, F|100/100
|switch|p2a: Rotom|Rotom-Fan, shiny|100/100
|turn|1
|
|t:|1652650064
|move|p2a: Rotom|Will-O-Wisp|p1a: Le Chomp|[miss]
|-miss|p2a: Rotom|p1a: Le Chomp
|move|p1a: Le Chomp|Rock Slide|p2a: Rotom
|-supereffective|p2a: Rotom
|-damage|p2a: Rotom|43/100
|
|upkeep
|turn|2
|
|t:|1652650072
|move|p2a: Rotom|Will-O-Wisp|p1a: Le Chomp
|-status|p1a: Le Chomp|brn
|move|p1a: Le Chomp|Rock Slide|p2a: Rotom
|-supereffective|p2a: Rotom
|-damage|p2a: Rotom|11/100
|
|-damage|p1a: Le Chomp|94/100 brn|[from] brn
|upkeep
|turn|3
|
|t:|1652650082
|switch|p1a: Azula's Prey|Palossand, F|100/100
|move|p2a: Rotom|Volt Switch|p1a: Azula's Prey
|-immune|p1a: Azula's Prey
|
|upkeep
|turn|4
|
|t:|1652650087
|switch|p2a: Pyukumuku|Pyukumuku, M|100/100
|move|p1a: Azula's Prey|Stealth Rock|p2a: Pyukumuku
|-sidestart|p2: Nocterem|move: Stealth Rock
|
|upkeep
|turn|5
|
|t:|1652650093
|switch|p1a: MechaChippy|Togedemaru, M|100/100
|move|p2a: Pyukumuku|Toxic|p1a: MechaChippy
|-immune|p1a: MechaChippy
|
|upkeep
|turn|6
|
|t:|1652650098
|move|p1a: MechaChippy|Wish|p1a: MechaChippy
|move|p2a: Pyukumuku|Counter||[still]
|-fail|p2a: Pyukumuku
|
|upkeep
|turn|7
|
|t:|1652650106
|switch|p2a: Rotom|Rotom-Fan, shiny|11/100
|move|p1a: MechaChippy|U-turn|p2a: Rotom
|-resisted|p2a: Rotom
|-damage|p2a: Rotom|4/100
|
|t:|1652650113
|switch|p1a: Bee Gay|Ribombee, F, shiny|100/100|[from]move: U-turn
|
|upkeep
|turn|8
|
|t:|1652650117
|switch|p2a: Pyukumuku|Pyukumuku, M|100/100
|-damage|p2a: Pyukumuku|88/100|[from] Stealth Rock
|move|p1a: Bee Gay|Moonblast|p2a: Pyukumuku
|-damage|p2a: Pyukumuku|59/100
|
|-heal|p2a: Pyukumuku|65/100|[from] item: Leftovers
|upkeep
|turn|9
|
|t:|1652650126
|switch|p1a: MechaChippy|Togedemaru, M|100/100
|move|p2a: Pyukumuku|Recover|p2a: Pyukumuku
|-heal|p2a: Pyukumuku|100/100
|
|upkeep
|turn|10
|
|t:|1652650131
|move|p1a: MechaChippy|Wish|p1a: MechaChippy
|move|p2a: Pyukumuku|Toxic|p1a: MechaChippy
|-immune|p1a: MechaChippy
|
|upkeep
|turn|11
|
|t:|1652650136
|move|p1a: MechaChippy|U-turn|p2a: Pyukumuku
|-damage|p2a: Pyukumuku|88/100
|
|t:|1652650137
|switch|p1a: Le Chomp|Druddigon, F|94/100 brn|[from]move: U-turn
|move|p2a: Pyukumuku|Counter|p1a: Le Chomp
|-damage|p1a: Le Chomp|70/100 brn
|
|-heal|p1a: Le Chomp|100/100 brn|[from] move: Wish|[wisher] MechaChippy
|-heal|p2a: Pyukumuku|94/100|[from] item: Leftovers
|-damage|p1a: Le Chomp|94/100 brn|[from] brn
|upkeep
|turn|12
|
|t:|1652650143
|switch|p1a: MechaChippy|Togedemaru, M|100/100
|move|p2a: Pyukumuku|Recover|p2a: Pyukumuku
|-heal|p2a: Pyukumuku|100/100
|
|upkeep
|turn|13
|
|t:|1652650150
|move|p1a: MechaChippy|U-turn|p2a: Pyukumuku
|-damage|p2a: Pyukumuku|87/100
|
|t:|1652650152
|switch|p1a: Bee Gay|Ribombee, F, shiny|100/100|[from]move: U-turn
|move|p2a: Pyukumuku|Counter|p1a: Bee Gay
|-damage|p1a: Bee Gay|68/100
|
|-heal|p2a: Pyukumuku|93/100|[from] item: Leftovers
|upkeep
|turn|14
|
|t:|1652650157
|move|p1a: Bee Gay|Sticky Web|p2a: Pyukumuku
|-sidestart|p2: Nocterem|move: Sticky Web
|move|p2a: Pyukumuku|Mirror Coat||[still]
|-fail|p2a: Pyukumuku
|
|-heal|p2a: Pyukumuku|99/100|[from] item: Leftovers
|upkeep
|turn|15
|
|t:|1652650163
|move|p1a: Bee Gay|Moonblast|p2a: Pyukumuku
|-damage|p2a: Pyukumuku|71/100
|-unboost|p2a: Pyukumuku|spa|1
|move|p2a: Pyukumuku|Toxic|p1a: Bee Gay
|-status|p1a: Bee Gay|tox
|
|-heal|p2a: Pyukumuku|77/100|[from] item: Leftovers
|-damage|p1a: Bee Gay|61/100 tox|[from] psn
|upkeep
|turn|16
|
|t:|1652650166
|move|p1a: Bee Gay|Aromatherapy|p1a: Bee Gay
|-activate|p1a: Bee Gay|move: Aromatherapy
|-curestatus|p1a: Bee Gay|tox|[msg]
|-curestatus|p1: Le Chomp|brn|[msg]
|move|p2a: Pyukumuku|Recover|p2a: Pyukumuku
|-heal|p2a: Pyukumuku|100/100
|
|upkeep
|turn|17
|
|t:|1652650169
|switch|p1a: MechaChippy|Togedemaru, M|100/100
|move|p2a: Pyukumuku|Toxic|p1a: MechaChippy
|-immune|p1a: MechaChippy
|
|upkeep
|turn|18
|
|t:|1652650173
|move|p1a: MechaChippy|Wish|p1a: MechaChippy
|move|p2a: Pyukumuku|Counter||[still]
|-fail|p2a: Pyukumuku
|
|upkeep
|turn|19
|
|t:|1652650176
|switch|p1a: Bee Gay|Ribombee, F, shiny|61/100
|move|p2a: Pyukumuku|Toxic|p1a: Bee Gay
|-status|p1a: Bee Gay|tox
|
|-heal|p1a: Bee Gay|100/100 tox|[from] move: Wish|[wisher] MechaChippy
|-damage|p1a: Bee Gay|94/100 tox|[from] psn
|upkeep
|turn|20
|
|t:|1652650181
|switch|p1a: MechaChippy|Togedemaru, M|100/100
|move|p2a: Pyukumuku|Mirror Coat||[still]
|-fail|p2a: Pyukumuku
|
|upkeep
|turn|21
|
|t:|1652650187
|move|p1a: MechaChippy|U-turn|p2a: Pyukumuku
|-damage|p2a: Pyukumuku|87/100
|
|t:|1652650189
|switch|p1a: Bee Gay|Ribombee, F, shiny|94/100 tox|[from]move: U-turn
|move|p2a: Pyukumuku|Counter|p1a: Bee Gay
|-damage|p1a: Bee Gay|62/100 tox
|
|-heal|p2a: Pyukumuku|93/100|[from] item: Leftovers
|-damage|p1a: Bee Gay|56/100 tox|[from] psn
|upkeep
|turn|22
|
|t:|1652650194
|move|p1a: Bee Gay|Aromatherapy|p1a: Bee Gay
|-activate|p1a: Bee Gay|move: Aromatherapy
|-curestatus|p1a: Bee Gay|tox|[msg]
|move|p2a: Pyukumuku|Toxic|p1a: Bee Gay
|-status|p1a: Bee Gay|tox
|
|-heal|p2a: Pyukumuku|99/100|[from] item: Leftovers
|-damage|p1a: Bee Gay|50/100 tox|[from] psn
|upkeep
|turn|23
|
|t:|1652650204
|switch|p1a: MechaChippy|Togedemaru, M|100/100
|move|p2a: Pyukumuku|Mirror Coat||[still]
|-fail|p2a: Pyukumuku
|
|-heal|p2a: Pyukumuku|100/100|[from] item: Leftovers
|upkeep
|turn|24
|
|t:|1652650208
|switch|p2a: Rotom|Rotom-Fan, shiny|4/100
|move|p1a: MechaChippy|Wish|p1a: MechaChippy
|
|upkeep
|turn|25
|
|t:|1652650216
|move|p1a: MechaChippy|U-turn|p2a: Rotom
|-resisted|p2a: Rotom
|-damage|p2a: Rotom|0 fnt
|faint|p2a: Rotom
|
|t:|1652650220
|switch|p1a: Bee Gay|Ribombee, F, shiny|50/100 tox|[from]move: U-turn
|
|-heal|p1a: Bee Gay|100/100 tox|[from] move: Wish|[wisher] MechaChippy
|-damage|p1a: Bee Gay|94/100 tox|[from] psn
|upkeep
|
|t:|1652650229
|switch|p2a: Silvally|Silvally-Fire, shiny|100/100
|-damage|p2a: Silvally|76/100|[from] Stealth Rock
|-activate|p2a: Silvally|move: Sticky Web
|-unboost|p2a: Silvally|spe|1
|turn|26
|
|t:|1652650239
|switch|p1a: Azula's Prey|Palossand, F|100/100
|move|p2a: Silvally|Multi-Attack|p1a: Azula's Prey
|-damage|p1a: Azula's Prey|69/100
|
|upkeep
|turn|27
|
|t:|1652650245
|switch|p2a: Leafeon|Leafeon, M, shiny|100/100
|-damage|p2a: Leafeon|88/100|[from] Stealth Rock
|-activate|p2a: Leafeon|move: Sticky Web
|-unboost|p2a: Leafeon|spe|1
|move|p1a: Azula's Prey|Scorching Sands|p2a: Leafeon
|-resisted|p2a: Leafeon
|-damage|p2a: Leafeon|69/100
|-status|p2a: Leafeon|brn
|
|-heal|p2a: Leafeon|75/100 brn|[from] item: Leftovers
|-damage|p2a: Leafeon|69/100 brn|[from] brn
|upkeep
|turn|28
|
|t:|1652650252
|switch|p1a: MechaChippy|Togedemaru, M|100/100
|move|p2a: Leafeon|Wish|p2a: Leafeon
|
|-heal|p2a: Leafeon|75/100 brn|[from] item: Leftovers
|-damage|p2a: Leafeon|69/100 brn|[from] brn
|upkeep
|turn|29
|
|t:|1652650259
|switch|p2a: Silvally|Silvally-Fire, shiny|76/100
|-damage|p2a: Silvally|51/100|[from] Stealth Rock
|-activate|p2a: Silvally|move: Sticky Web
|-unboost|p2a: Silvally|spe|1
|move|p1a: MechaChippy|U-turn|p2a: Silvally
|-resisted|p2a: Silvally
|-damage|p2a: Silvally|43/100
|
|t:|1652650262
|switch|p1a: Azula's Prey|Palossand, F|69/100|[from]move: U-turn
|
|-heal|p2a: Silvally|89/100|[from] move: Wish|[wisher] Leafeon
|upkeep
|turn|30
|
|t:|1652650268
|move|p2a: Silvally|Swords Dance|p2a: Silvally
|-boost|p2a: Silvally|atk|2
|move|p1a: Azula's Prey|Scorching Sands|p2a: Silvally
|-supereffective|p2a: Silvally
|-damage|p2a: Silvally|36/100
|
|upkeep
|turn|31
|
|t:|1652650272
|move|p2a: Silvally|Multi-Attack|p1a: Azula's Prey
|-damage|p1a: Azula's Prey|6/100
|move|p1a: Azula's Prey|Scorching Sands|p2a: Silvally
|-supereffective|p2a: Silvally
|-damage|p2a: Silvally|0 fnt
|faint|p2a: Silvally
|
|upkeep
|
|t:|1652650277
|switch|p2a: Malamar|Malamar, M|100/100
|-damage|p2a: Malamar|88/100|[from] Stealth Rock
|-activate|p2a: Malamar|move: Sticky Web
|-boost|p2a: Malamar|spe|1
|turn|32
|
|t:|1652650283
|switch|p1a: MechaChippy|Togedemaru, M|100/100
|move|p2a: Malamar|Knock Off|p1a: MechaChippy
|-damage|p1a: MechaChippy|33/100
|-damage|p2a: Malamar|75/100|[from] ability: Iron Barbs|[of] p1a: MechaChippy
|-enditem|p1a: MechaChippy|Leftovers|[from] move: Knock Off|[of] p2a: Malamar
|
|upkeep
|turn|33
|
|t:|1652650288
|move|p1a: MechaChippy|Spiky Shield|p1a: MechaChippy
|-singleturn|p1a: MechaChippy|move: Protect
|move|p2a: Malamar|Superpower|p1a: MechaChippy
|-activate|p1a: MechaChippy|move: Protect
|-damage|p2a: Malamar|63/100|[from] Spiky Shield|[of] p1a: MechaChippy
|
|upkeep
|turn|34
|
|t:|1652650292
|switch|p1a: Azula's Prey|Palossand, F|6/100
|move|p2a: Malamar|Rock Slide|p1a: Azula's Prey
|-resisted|p1a: Azula's Prey
|-damage|p1a: Azula's Prey|0 fnt
|faint|p1a: Azula's Prey
|
|upkeep
|
|t:|1652650296
|switch|p1a: Bee Gay|Ribombee, F, shiny|94/100 tox
|turn|35
|
|t:|1652650299
|switch|p2a: Pyukumuku|Pyukumuku, M|100/100
|-activate|p2a: Pyukumuku|move: Sticky Web
|-unboost|p2a: Pyukumuku|spe|1
|-damage|p2a: Pyukumuku|88/100|[from] Stealth Rock
|move|p1a: Bee Gay|Bug Buzz|p2a: Pyukumuku
|-damage|p2a: Pyukumuku|61/100
|
|-heal|p2a: Pyukumuku|67/100|[from] item: Leftovers
|-damage|p1a: Bee Gay|88/100 tox|[from] psn
|upkeep
|turn|36
|
|t:|1652650309
|switch|p1a: MechaChippy|Togedemaru, M|33/100
|move|p2a: Pyukumuku|Recover|p2a: Pyukumuku
|-heal|p2a: Pyukumuku|100/100
|
|upkeep
|turn|37
|
|t:|1652650313
|switch|p2a: Malamar|Malamar, M|63/100
|-damage|p2a: Malamar|50/100|[from] Stealth Rock
|-activate|p2a: Malamar|move: Sticky Web
|-boost|p2a: Malamar|spe|1
|move|p1a: MechaChippy|Wish|p1a: MechaChippy
|
|upkeep
|turn|38
|
|t:|1652650322
|move|p1a: MechaChippy|Spiky Shield|p1a: MechaChippy
|-singleturn|p1a: MechaChippy|move: Protect
|move|p2a: Malamar|Psycho Cut|p1a: MechaChippy
|-activate|p1a: MechaChippy|move: Protect
|
|-heal|p1a: MechaChippy|83/100|[from] move: Wish|[wisher] MechaChippy
|upkeep
|turn|39
|
|t:|1652650325
|move|p2a: Malamar|Superpower|p1a: MechaChippy
|-supereffective|p1a: MechaChippy
|-damage|p1a: MechaChippy|0 fnt
|-boost|p2a: Malamar|atk|1
|-boost|p2a: Malamar|def|1
|-damage|p2a: Malamar|38/100|[from] ability: Iron Barbs|[of] p1a: MechaChippy
|faint|p1a: MechaChippy
|
|upkeep
|
|t:|1652650333
|switch|p1a: El Viento|Articuno-Galar|100/100
|turn|40
|
|t:|1652650335
|move|p1a: El Viento|Hurricane|p2a: Malamar|[miss]
|-miss|p1a: El Viento|p2a: Malamar
|move|p2a: Malamar|Knock Off|p1a: El Viento
|-supereffective|p1a: El Viento
|-damage|p1a: El Viento|0 fnt
|-enditem|p1a: El Viento|Heavy-Duty Boots|[from] move: Knock Off|[of] p2a: Malamar
|faint|p1a: El Viento
|
|upkeep
|
|t:|1652650341
|switch|p1a: Le Chomp|Druddigon, F|94/100
|turn|41
|
|t:|1652650345
|move|p2a: Malamar|Knock Off|p1a: Le Chomp
|-damage|p1a: Le Chomp|19/100
|-enditem|p1a: Le Chomp|Assault Vest|[from] move: Knock Off|[of] p2a: Malamar
|move|p1a: Le Chomp|Gunk Shot|p2a: Malamar
|-damage|p2a: Malamar|3/100
|
|upkeep
|turn|42
|
|t:|1652650359
|move|p2a: Malamar|Knock Off|p1a: Le Chomp
|-damage|p1a: Le Chomp|0 fnt
|faint|p1a: Le Chomp
|
|upkeep
|
|t:|1652650361
|switch|p1a: Bee Gay|Ribombee, F, shiny|88/100 tox
|turn|43
|
|t:|1652650363
|move|p1a: Bee Gay|Bug Buzz|p2a: Malamar
|-supereffective|p2a: Malamar
|-damage|p2a: Malamar|0 fnt
|faint|p2a: Malamar
|
|-damage|p1a: Bee Gay|82/100 tox|[from] psn
|upkeep
|
|t:|1652650370
|switch|p2a: Pyukumuku|Pyukumuku, M|100/100
|-damage|p2a: Pyukumuku|88/100|[from] Stealth Rock
|-activate|p2a: Pyukumuku|move: Sticky Web
|-unboost|p2a: Pyukumuku|spe|1
|turn|44
|
|t:|1652650375
|switch|p1a: MechaStalin|Aggron, M|100/100
|move|p2a: Pyukumuku|Recover|p2a: Pyukumuku
|-heal|p2a: Pyukumuku|100/100
|
|upkeep
|turn|45
|
|t:|1652650380
|move|p1a: MechaStalin|Hone Claws|p1a: MechaStalin
|-boost|p1a: MechaStalin|atk|1
|-boost|p1a: MechaStalin|accuracy|1
|move|p2a: Pyukumuku|Counter||[still]
|-fail|p2a: Pyukumuku
|
|upkeep
|turn|46
|
|t:|1652650388
|move|p1a: MechaStalin|Rock Polish|p1a: MechaStalin
|-boost|p1a: MechaStalin|spe|2
|move|p2a: Pyukumuku|Mirror Coat||[still]
|-fail|p2a: Pyukumuku
|
|upkeep
|turn|47
|
|t:|1652650391
|move|p1a: MechaStalin|Hone Claws|p1a: MechaStalin
|-boost|p1a: MechaStalin|atk|1
|-boost|p1a: MechaStalin|accuracy|1
|move|p2a: Pyukumuku|Counter||[still]
|-fail|p2a: Pyukumuku
|
|upkeep
|turn|48
|
|t:|1652650394
|move|p1a: MechaStalin|Hone Claws|p1a: MechaStalin
|-boost|p1a: MechaStalin|atk|1
|-boost|p1a: MechaStalin|accuracy|1
|move|p2a: Pyukumuku|Mirror Coat||[still]
|-fail|p2a: Pyukumuku
|
|upkeep
|turn|49
|
|t:|1652650398
|move|p1a: MechaStalin|Hone Claws|p1a: MechaStalin
|-boost|p1a: MechaStalin|atk|1
|-boost|p1a: MechaStalin|accuracy|1
|move|p2a: Pyukumuku|Mirror Coat||[still]
|-fail|p2a: Pyukumuku
|
|upkeep
|turn|50
|
|t:|1652650405
|move|p1a: MechaStalin|Hone Claws|p1a: MechaStalin
|-boost|p1a: MechaStalin|atk|1
|-boost|p1a: MechaStalin|accuracy|1
|move|p2a: Pyukumuku|Mirror Coat||[still]
|-fail|p2a: Pyukumuku
|
|upkeep
|turn|51
|
|t:|1652650408
|move|p1a: MechaStalin|Hone Claws|p1a: MechaStalin
|-boost|p1a: MechaStalin|atk|1
|-boost|p1a: MechaStalin|accuracy|1
|move|p2a: Pyukumuku|Mirror Coat||[still]
|-fail|p2a: Pyukumuku
|
|upkeep
|turn|52
|
|t:|1652650412
|move|p1a: MechaStalin|Rock Polish|p1a: MechaStalin
|-boost|p1a: MechaStalin|spe|2
|move|p2a: Pyukumuku|Counter||[still]
|-fail|p2a: Pyukumuku
|
|upkeep
|turn|53
|
|t:|1652650415
|move|p1a: MechaStalin|Rock Polish|p1a: MechaStalin
|-boost|p1a: MechaStalin|spe|2
|move|p2a: Pyukumuku|Counter||[still]
|-fail|p2a: Pyukumuku
|
|upkeep
|turn|54
|
|t:|1652650419
|move|p1a: MechaStalin|Rock Polish|p1a: MechaStalin
|-boost|p1a: MechaStalin|spe|0
|move|p2a: Pyukumuku|Counter||[still]
|-fail|p2a: Pyukumuku
|
|upkeep
|turn|55
|
|t:|1652650424
|move|p1a: MechaStalin|Rock Polish|p1a: MechaStalin
|-boost|p1a: MechaStalin|spe|0
|move|p2a: Pyukumuku|Mirror Coat||[still]
|-fail|p2a: Pyukumuku
|
|upkeep
|turn|56
|
|t:|1652650432
|move|p1a: MechaStalin|Rock Polish|p1a: MechaStalin
|-boost|p1a: MechaStalin|spe|0
|move|p2a: Pyukumuku|Counter||[still]
|-fail|p2a: Pyukumuku
|
|upkeep
|turn|57
|
|t:|1652650436
|move|p1a: MechaStalin|Rock Polish|p1a: MechaStalin
|-boost|p1a: MechaStalin|spe|0
|move|p2a: Pyukumuku|Toxic|p1a: MechaStalin
|-immune|p1a: MechaStalin
|
|upkeep
|turn|58
|
|t:|1652650446
|move|p1a: MechaStalin|Head Smash|p2a: Pyukumuku
|-damage|p2a: Pyukumuku|40/100
|move|p2a: Pyukumuku|Toxic|p1a: MechaStalin
|-immune|p1a: MechaStalin
|
|-heal|p2a: Pyukumuku|46/100|[from] item: Leftovers
|upkeep
|turn|59
|
|t:|1652650450
|move|p1a: MechaStalin|Head Smash|p2a: Pyukumuku
|-damage|p2a: Pyukumuku|0 fnt
|faint|p2a: Pyukumuku
|
|upkeep
|-message|Nocterem forfeited.
|
|win|Apple of your Eye
|raw|Apple of your Eye's rating: 1296 &rarr; <strong>1332</strong><br />(+36 for winning)
|raw|Nocterem's rating: 1454 &rarr; <strong>1425</strong><br />(-29 for losing)
|l|☆Nocterem
|n|!Apple of your Eye|appleofyoureye
