|j|☆Seaqueen Love
|j|☆allstarapology
|player|p1|Seaqueen Love|ilima|1410
|player|p2|allstarapology|1|1396
|teamsize|p1|6
|teamsize|p2|6
|gametype|singles
|gen|8
|tier|[Gen 8] PU
|rated|
|clearpoke
|poke|p1|Silvally-*|
|poke|p1|Corvisquire, F|
|poke|p1|Dubwool, M|
|poke|p1|Seaking, M|
|poke|p1|Oranguru, F|
|poke|p1|Mr. Rime, M|
|poke|p2|Glalie, F|
|poke|p2|Silvally-*|
|poke|p2|Beheeyem, M|
|poke|p2|Lampent, F|
|poke|p2|Pawniard, M|
|poke|p2|Hitmontop, M|
|rule|Sleep Clause Mod: Limit one foe put to sleep
|rule|Species Clause: Limit one of each Pokémon
|rule|OHKO Clause: OHKO moves are banned
|rule|Evasion Moves Clause: Evasion moves are banned
|rule|Endless Battle Clause: Forcing endless battles is banned
|rule|HP Percentage Mod: HP is shown in percentages
|rule|Dynamax Clause: You cannot dynamax
|teampreview
|inactive|Battle timer is ON: inactive players will automatically lose when time's up. (requested by allstarapology)
|
|start
|switch|p1a: Silvally|Silvally-Bug|100/100
|switch|p2a: Glalie|Glalie, F|100/100
|turn|1
|
|switch|p2a: Lampent|Lampent, F|100/100
|move|p1a: Silvally|Flamethrower|p2a: Lampent
|-start|p2a: Lampent|ability: Flash Fire
|
|upkeep
|turn|2
|
|-end|p2a: Lampent|ability: Flash Fire|[silent]
|switch|p2a: Glalie|Glalie, F|100/100
|move|p1a: Silvally|U-turn|p2a: Glalie
|-damage|p2a: Glalie|67/100
|inactive|Seaqueen Love has 120 seconds left.
|
|switch|p1a: Seaking|Seaking, M|100/100|[from]move: U-turn
|
|upkeep
|turn|3
|
|move|p1a: Seaking|Waterfall|p2a: Glalie
|-damage|p2a: Glalie|22/100
|move|p2a: Glalie|Spikes|p1a: Seaking
|-sidestart|p1: Seaqueen Love|Spikes
|
|upkeep
|turn|4
|
|move|p2a: Glalie|Ice Shard|p1a: Seaking
|-resisted|p1a: Seaking
|-damage|p1a: Seaking|90/100
|move|p1a: Seaking|Waterfall|p2a: Glalie
|-damage|p2a: Glalie|0 fnt
|faint|p2a: Glalie
|
|upkeep
|
|switch|p2a: Beheeyem|Beheeyem, M|100/100
|turn|5
|
|switch|p1a: Oranguru|Oranguru, F|100/100
|-damage|p1a: Oranguru|88/100|[from] Spikes
|move|p2a: Beheeyem|Psychic|p1a: Oranguru
|-resisted|p1a: Oranguru
|-damage|p1a: Oranguru|48/100
|
|-heal|p1a: Oranguru|54/100|[from] item: Leftovers
|upkeep
|turn|6
|
|switch|p2a: Pawniard|Pawniard, M|100/100
|move|p1a: Oranguru|Knock Off|p2a: Pawniard
|-resisted|p2a: Pawniard
|-damage|p2a: Pawniard|92/100
|-enditem|p2a: Pawniard|Eviolite|[from] move: Knock Off|[of] p1a: Oranguru
|
|-heal|p1a: Oranguru|60/100|[from] item: Leftovers
|upkeep
|turn|7
|
|switch|p1a: Silvally|Silvally-Bug|100/100
|-damage|p1a: Silvally|88/100|[from] Spikes
|move|p2a: Pawniard|Knock Off|p1a: Silvally
|-crit|p1a: Silvally
|-damage|p1a: Silvally|49/100
|
|upkeep
|turn|8
|
|switch|p2a: Lampent|Lampent, F|100/100
|move|p1a: Silvally|Toxic|p2a: Lampent
|-status|p2a: Lampent|tox
|
|-damage|p2a: Lampent|94/100 tox|[from] psn
|upkeep
|turn|9
|
|switch|p1a: Seaking|Seaking, M|90/100
|-damage|p1a: Seaking|77/100|[from] Spikes
|move|p2a: Lampent|Flamethrower|p1a: Seaking
|-resisted|p1a: Seaking
|-damage|p1a: Seaking|52/100
|
|-damage|p2a: Lampent|82/100 tox|[from] psn
|upkeep
|turn|10
|
|switch|p2a: Pawniard|Pawniard, M|92/100
|move|p1a: Seaking|Waterfall|p2a: Pawniard
|-damage|p2a: Pawniard|31/100
|
|upkeep
|turn|11
|
|switch|p1a: Dubwool|Dubwool, M|100/100
|-damage|p1a: Dubwool|88/100|[from] Spikes
|move|p2a: Pawniard|Sucker Punch||[still]
|-fail|p2a: Pawniard
|
|-heal|p1a: Dubwool|94/100|[from] item: Leftovers
|upkeep
|turn|12
|
|switch|p2a: Beheeyem|Beheeyem, M|100/100
|switch|p1a: Corvisquire|Corvisquire, F|100/100
|-ability|p1a: Corvisquire|Unnerve|p2: allstarapology
|
|upkeep
|turn|13
|
|move|p1a: Corvisquire|Defog|p2a: Beheeyem
|-unboost|p2a: Beheeyem|evasion|1
|-sideend|p1: Seaqueen Love|Spikes|[from] move: Defog|[of] p1a: Corvisquire
|move|p2a: Beheeyem|Psychic|p1a: Corvisquire
|-damage|p1a: Corvisquire|0 fnt
|faint|p1a: Corvisquire
|
|upkeep
|
|switch|p1a: Mr. Rime|Mr. Rime, M|100/100
|turn|14
|
|switch|p2a: Silvally|Silvally-Electric|100/100
|move|p1a: Mr. Rime|Ice Beam|p2a: Silvally
|-damage|p2a: Silvally|32/100
|
|upkeep
|turn|15
|
|switch|p1a: Seaking|Seaking, M|52/100
|move|p2a: Silvally|Multi-Attack|p1a: Seaking
|-ability|p1a: Seaking|Lightning Rod|boost
|-boost|p1a: Seaking|spa|1
|
|upkeep
|turn|16
|
|move|p1a: Seaking|Waterfall|p2a: Silvally
|-damage|p2a: Silvally|0 fnt
|faint|p2a: Silvally
|
|upkeep
|
|switch|p2a: Hitmontop|Hitmontop, M|100/100
|turn|17
|
|switch|p1a: Silvally|Silvally-Bug|49/100
|move|p2a: Hitmontop|Brutal Swing|p1a: Silvally
|-damage|p1a: Silvally|20/100
|
|upkeep
|turn|18
|
|move|p1a: Silvally|Toxic|p2a: Hitmontop
|-status|p2a: Hitmontop|tox
|move|p2a: Hitmontop|Rapid Spin|p1a: Silvally
|-damage|p1a: Silvally|0 fnt
|-boost|p2a: Hitmontop|spe|1
|faint|p1a: Silvally
|
|-damage|p2a: Hitmontop|94/100 tox|[from] psn
|upkeep
|
|switch|p1a: Oranguru|Oranguru, F|60/100
|turn|19
|
|move|p2a: Hitmontop|Brutal Swing|p1a: Oranguru
|-supereffective|p1a: Oranguru
|-damage|p1a: Oranguru|2/100
|move|p1a: Oranguru|Psychic|p2a: Hitmontop
|-supereffective|p2a: Hitmontop
|-damage|p2a: Hitmontop|0 fnt
|faint|p2a: Hitmontop
|
|-heal|p1a: Oranguru|8/100|[from] item: Leftovers
|upkeep
|
|switch|p2a: Pawniard|Pawniard, M|31/100
|turn|20
|
|switch|p1a: Dubwool|Dubwool, M|94/100
|move|p2a: Pawniard|Iron Head|p1a: Dubwool
|-damage|p1a: Dubwool|81/100
|
|-heal|p1a: Dubwool|87/100|[from] item: Leftovers
|upkeep
|turn|21
|
|switch|p2a: Beheeyem|Beheeyem, M|100/100
|move|p1a: Dubwool|Body Press|p2a: Beheeyem
|-resisted|p2a: Beheeyem
|-damage|p2a: Beheeyem|87/100
|
|-heal|p1a: Dubwool|93/100|[from] item: Leftovers
|upkeep
|turn|22
|
|switch|p1a: Oranguru|Oranguru, F|8/100
|move|p2a: Beheeyem|Psychic|p1a: Oranguru
|-resisted|p1a: Oranguru
|-damage|p1a: Oranguru|0 fnt
|faint|p1a: Oranguru
|
|upkeep
|
|switch|p1a: Mr. Rime|Mr. Rime, M|100/100
|turn|23
|
|switch|p2a: Lampent|Lampent, F|82/100 tox
|move|p1a: Mr. Rime|Ice Beam|p2a: Lampent
|-resisted|p2a: Lampent
|-damage|p2a: Lampent|22/100 tox
|
|-damage|p2a: Lampent|16/100 tox|[from] psn
|upkeep
|turn|24
|
|switch|p1a: Seaking|Seaking, M|52/100
|move|p2a: Lampent|Shadow Ball|p1a: Seaking
|-damage|p1a: Seaking|6/100
|
|-damage|p2a: Lampent|4/100 tox|[from] psn
|upkeep
|turn|25
|
|move|p1a: Seaking|Waterfall|p2a: Lampent
|-supereffective|p2a: Lampent
|-damage|p2a: Lampent|0 fnt
|faint|p2a: Lampent
|
|upkeep
|
|switch|p2a: Pawniard|Pawniard, M|31/100
|turn|26
|
|switch|p1a: Dubwool|Dubwool, M|93/100
|move|p2a: Pawniard|Knock Off|p1a: Dubwool
|-damage|p1a: Dubwool|77/100
|-enditem|p1a: Dubwool|Leftovers|[from] move: Knock Off|[of] p2a: Pawniard
|
|upkeep
|turn|27
|
|move|p2a: Pawniard|Knock Off|p1a: Dubwool
|-damage|p1a: Dubwool|66/100
|move|p1a: Dubwool|Body Press|p2a: Pawniard
|-supereffective|p2a: Pawniard
|-damage|p2a: Pawniard|0 fnt
|faint|p2a: Pawniard
|
|upkeep
|
|switch|p2a: Beheeyem|Beheeyem, M|87/100
|turn|28
|
|move|p1a: Dubwool|Body Press|p2a: Beheeyem
|-resisted|p2a: Beheeyem
|-damage|p2a: Beheeyem|71/100
|move|p2a: Beheeyem|Dark Pulse|p1a: Dubwool
|-damage|p1a: Dubwool|8/100
|
|upkeep
|turn|29
|
|move|p1a: Dubwool|Body Press|p2a: Beheeyem
|-resisted|p2a: Beheeyem
|-crit|p2a: Beheeyem
|-damage|p2a: Beheeyem|50/100
|move|p2a: Beheeyem|Dark Pulse|p1a: Dubwool
|-damage|p1a: Dubwool|0 fnt
|faint|p1a: Dubwool
|
|upkeep
|
|switch|p1a: Seaking|Seaking, M|6/100
|turn|30
|
|move|p1a: Seaking|Knock Off|p2a: Beheeyem
|-supereffective|p2a: Beheeyem
|-damage|p2a: Beheeyem|0 fnt
|-enditem|p2a: Beheeyem|Choice Specs|[from] move: Knock Off|[of] p1a: Seaking
|faint|p2a: Beheeyem
|
|win|Seaqueen Love
|l|☆allstarapology
||Ladder (probably) updated, but score could not be retrieved (Response not received).
