|j|☆acluh1
|j|☆Insector84
|t:|1665263602
|gametype|singles
|player|p1|acluh1|karen|
|player|p2|Insector84|acetrainer-gen2|
|teamsize|p1|6
|teamsize|p2|6
|gen|8
|tier|[Gen 8] PU
|rule|Sleep Clause Mod: Limit one foe put to sleep
|rule|Species Clause: Limit one of each Pokémon
|rule|OHKO Clause: OHKO moves are banned
|rule|Evasion Items Clause: Evasion items are banned
|rule|Evasion Moves Clause: Evasion moves are banned
|rule|Endless Battle Clause: Forcing endless battles is banned
|rule|HP Percentage Mod: HP is shown in percentages
|rule|Dynamax Clause: You cannot dynamax
|clearpoke
|poke|p1|Abomasnow, M|
|poke|p1|Charizard, F|
|poke|p1|Gigalith, F|
|poke|p1|Jolteon, F|
|poke|p1|Pincurchin, M|
|poke|p1|Sandaconda, M|
|poke|p2|Aggron, M|
|poke|p2|Basculin, M|
|poke|p2|Gigalith, M|
|poke|p2|Lycanroc, M|
|poke|p2|Eldegoss, F|
|poke|p2|Silvally-*|
|teampreview
|inactive|Battle timer is ON: inactive players will automatically lose when time's up. (requested by acluh1)
|c|☆Insector84|gl hf
|c|☆acluh1|gl
|inactive|Insector84 has 270 seconds left.
|
|t:|1665263647
|start
|switch|p1a: Jolteon|Jolteon, F|100/100
|switch|p2a: Basculin|Basculin, M|100/100
|turn|1
|inactive|Insector84 has 270 seconds left.
|
|t:|1665263696
|move|p2a: Basculin|Flip Turn|p1a: Jolteon
|-damage|p1a: Jolteon|40/100
|
|t:|1665263709
|switch|p2a: Gigalith|Gigalith, M|100/100|[from]move: Flip Turn
|-weather|Sandstorm|[from] ability: Sand Stream|[of] p2a: Gigalith
|move|p1a: Jolteon|Volt Switch|p2a: Gigalith
|-crit|p2a: Gigalith
|-damage|p2a: Gigalith|66/100
|
|t:|1665263713
|switch|p1a: Sandaconda|Sandaconda, M, shiny|100/100|[from]move: Volt Switch
|
|-weather|Sandstorm|[upkeep]
|upkeep
|turn|2
|inactive|Insector84 has 240 seconds left.
|
|t:|1665263741
|switch|p2a: Eldegoss|Eldegoss, F|100/100
|move|p1a: Sandaconda|Glare|p2a: Eldegoss
|-status|p2a: Eldegoss|par
|
|-weather|Sandstorm|[upkeep]
|-damage|p2a: Eldegoss|94/100 par|[from] Sandstorm
|upkeep
|turn|3
|inactive|Insector84 has 240 seconds left.
|
|t:|1665263752
|switch|p1a: Abomasnow|Abomasnow, M, shiny|100/100
|-weather|Hail|[from] ability: Snow Warning|[of] p1a: Abomasnow
|move|p2a: Eldegoss|Sleep Powder|p1a: Abomasnow
|-immune|p1a: Abomasnow
|
|-weather|Hail|[upkeep]
|-damage|p2a: Eldegoss|88/100 par|[from] Hail
|upkeep
|turn|4
|inactive|Insector84 has 240 seconds left.
|
|t:|1665263775
|switch|p2a: Gigalith|Gigalith, M|66/100
|-weather|Sandstorm|[from] ability: Sand Stream|[of] p2a: Gigalith
|move|p1a: Abomasnow|Leaf Storm|p2a: Gigalith
|-supereffective|p2a: Gigalith
|-damage|p2a: Gigalith|0 fnt
|-unboost|p1a: Abomasnow|spa|2
|faint|p2a: Gigalith
|
|-weather|Sandstorm|[upkeep]
|-damage|p1a: Abomasnow|94/100|[from] Sandstorm
|upkeep
|
|t:|1665263788
|switch|p2a: Aggron|Aggron, M|100/100
|turn|5
|
|t:|1665263796
|switch|p1a: Sandaconda|Sandaconda, M, shiny|100/100
|move|p2a: Aggron|Heavy Slam|p1a: Sandaconda
|-damage|p1a: Sandaconda|44/100
|-damage|p2a: Aggron|84/100|[from] item: Rocky Helmet|[of] p1a: Sandaconda
|
|-weather|Sandstorm|[upkeep]
|upkeep
|turn|6
|
|t:|1665263805
|move|p1a: Sandaconda|Rest|p1a: Sandaconda
|-status|p1a: Sandaconda|slp|[from] move: Rest
|-heal|p1a: Sandaconda|100/100 slp|[silent]
|move|p2a: Aggron|Heavy Slam|p1a: Sandaconda
|-damage|p1a: Sandaconda|41/100 slp
|-damage|p2a: Aggron|68/100|[from] item: Rocky Helmet|[of] p1a: Sandaconda
|
|-weather|Sandstorm|[upkeep]
|upkeep
|turn|7
|inactive|Insector84 has 240 seconds left.
|
|t:|1665263813
|switch|p1a: Charizard|Charizard, F, shiny|100/100
|move|p2a: Aggron|Heavy Slam|p1a: Charizard
|-resisted|p1a: Charizard
|-damage|p1a: Charizard|65/100
|
|-weather|Sandstorm|[upkeep]
|-damage|p1a: Charizard|59/100|[from] Sandstorm
|upkeep
|turn|8
|inactive|Insector84 has 240 seconds left.
|
|t:|1665263832
|switch|p2a: Lycanroc|Lycanroc, M|100/100
|move|p1a: Charizard|Flamethrower|p2a: Lycanroc
|-resisted|p2a: Lycanroc
|-damage|p2a: Lycanroc|83/100
|
|-weather|none
|upkeep
|turn|9
|inactive|Insector84 has 240 seconds left.
|
|t:|1665263847
|switch|p1a: Sandaconda|Sandaconda, M, shiny|41/100 slp
|move|p2a: Lycanroc|Swords Dance|p2a: Lycanroc
|-boost|p2a: Lycanroc|atk|2
|
|upkeep
|turn|10
|inactive|Insector84 has 240 seconds left.
|
|t:|1665263858
|move|p2a: Lycanroc|Close Combat|p1a: Sandaconda
|-damage|p1a: Sandaconda|0 fnt
|-unboost|p2a: Lycanroc|def|1
|-unboost|p2a: Lycanroc|spd|1
|-damage|p2a: Lycanroc|67/100|[from] item: Rocky Helmet|[of] p1a: Sandaconda
|faint|p1a: Sandaconda
|
|upkeep
|inactive|acluh1 has 270 seconds left.
|
|t:|1665263889
|switch|p1a: Pincurchin|Pincurchin, M, shiny|100/100
|-fieldstart|move: Electric Terrain|[from] ability: Electric Surge|[of] p1a: Pincurchin
|turn|11
|inactive|acluh1 has 270 seconds left.
|inactive|acluh1 has 240 seconds left.
|
|t:|1665263940
|move|p2a: Lycanroc|Stone Edge|p1a: Pincurchin
|-damage|p1a: Pincurchin|0 fnt
|faint|p1a: Pincurchin
|
|upkeep
|
|t:|1665263952
|switch|p1a: Gigalith|Gigalith, F, shiny|100/100
|-weather|Sandstorm|[from] ability: Sand Stream|[of] p1a: Gigalith
|turn|12
|
|t:|1665263959
|move|p2a: Lycanroc|Close Combat|p1a: Gigalith
|-supereffective|p1a: Gigalith
|-damage|p1a: Gigalith|0 fnt
|-unboost|p2a: Lycanroc|def|1
|-unboost|p2a: Lycanroc|spd|1
|faint|p1a: Gigalith
|
|-weather|Sandstorm|[upkeep]
|upkeep
|
|t:|1665263965
|switch|p1a: Abomasnow|Abomasnow, M, shiny|94/100
|-weather|Hail|[from] ability: Snow Warning|[of] p1a: Abomasnow
|turn|13
|inactive|acluh1 has 240 seconds left.
|
|t:|1665263972
|move|p2a: Lycanroc|Accelerock|p1a: Abomasnow
|-supereffective|p1a: Abomasnow
|-damage|p1a: Abomasnow|0 fnt
|faint|p1a: Abomasnow
|
|-weather|Hail|[upkeep]
|-damage|p2a: Lycanroc|61/100|[from] Hail
|upkeep
|inactive|acluh1 has 240 seconds left.
|
|t:|1665263978
|switch|p1a: Jolteon|Jolteon, F|40/100
|turn|14
|
|t:|1665263984
|move|p2a: Lycanroc|Accelerock|p1a: Jolteon
|-damage|p1a: Jolteon|0 fnt
|faint|p1a: Jolteon
|
|-weather|Hail|[upkeep]
|-damage|p2a: Lycanroc|54/100|[from] Hail
|upkeep
|
|t:|1665263986
|switch|p1a: Charizard|Charizard, F, shiny|59/100
|turn|15
|c|☆acluh1|gg
|c|☆Insector84|gg
|
|t:|1665263992
|move|p2a: Lycanroc|Accelerock|p1a: Charizard
|-supereffective|p1a: Charizard
|-damage|p1a: Charizard|0 fnt
|faint|p1a: Charizard
|
|win|Insector84
