|j|☆Landon✘A21
|j|☆cafay sen sukr
|t:|1625109670
|gametype|singles
|player|p1|Landon✘A21|schoolkidf-gen3|
|player|p2|cafay sen sukr|swimmer-gen4dp|
|teamsize|p1|6
|teamsize|p2|6
|gen|8
|tier|[Gen 8] PU
|rated|Tournament battle
|rule|Sleep Clause Mod: Limit one foe put to sleep
|rule|Species Clause: Limit one of each Pokémon
|rule|OHKO Clause: OHKO moves are banned
|rule|Evasion Moves Clause: Evasion moves are banned
|rule|Endless Battle Clause: Forcing endless battles is banned
|rule|HP Percentage Mod: HP is shown in percentages
|rule|Dynamax Clause: You cannot dynamax
|clearpoke
|poke|p1|Toxicroak, M|
|poke|p1|Stunfisk-Galar, M|
|poke|p1|Charizard, M|
|poke|p1|Absol, M|
|poke|p1|Silvally-*|
|poke|p1|Wishiwashi, F|
|poke|p2|Rotom-Frost|
|poke|p2|Gigalith, F|
|poke|p2|Charizard, M|
|poke|p2|Weezing, F|
|poke|p2|Whimsicott, M|
|poke|p2|Passimian, M|
|teampreview
|j| Notmlg
|c|☆cafay sen sukr|hf
|j| CryoGyro
|
|t:|1625109690
|start
|switch|p1a: Wishiwashi|Wishiwashi, F|100/100
|switch|p2a: Passimian|Passimian, M|100/100
|-formechange|p1a: Wishiwashi|Wishiwashi-School||[from] ability: Schooling
|turn|1
|
|t:|1625109700
|move|p2a: Passimian|Knock Off|p1a: Wishiwashi
|-damage|p1a: Wishiwashi|77/100
|-enditem|p1a: Wishiwashi|Leftovers|[from] move: Knock Off|[of] p2a: Passimian
|move|p1a: Wishiwashi|Scald|p2a: Passimian
|-damage|p2a: Passimian|49/100
|
|upkeep
|turn|2
|
|t:|1625109705
|switch|p2a: Whimsicott|Whimsicott, M|100/100
|move|p1a: Wishiwashi|U-turn|p2a: Whimsicott
|-damage|p2a: Whimsicott|84/100
|
|t:|1625109709
|switch|p1a: Charizard|Charizard, M|100/100|[from]move: U-turn
|
|-heal|p2a: Whimsicott|90/100|[from] item: Leftovers
|upkeep
|turn|3
|
|t:|1625109714
|move|p2a: Whimsicott|Substitute|p2a: Whimsicott
|-start|p2a: Whimsicott|Substitute
|-damage|p2a: Whimsicott|65/100
|move|p1a: Charizard|Toxic||[still]
|-fail|p1a: Charizard
|
|-heal|p2a: Whimsicott|71/100|[from] item: Leftovers
|upkeep
|turn|4
|
|t:|1625109720
|switch|p1a: Silvally|Silvally-Fairy|100/100
|move|p2a: Whimsicott|Leech Seed|p1a: Silvally|[miss]
|-miss|p2a: Whimsicott|p1a: Silvally
|
|-heal|p2a: Whimsicott|77/100|[from] item: Leftovers
|upkeep
|turn|5
|
|t:|1625109725
|move|p2a: Whimsicott|Leech Seed|p1a: Silvally
|-start|p1a: Silvally|move: Leech Seed
|move|p1a: Silvally|Multi-Attack|p2a: Whimsicott
|-end|p2a: Whimsicott|Substitute
|
|-heal|p2a: Whimsicott|83/100|[from] item: Leftovers
|-damage|p1a: Silvally|88/100|[from] Leech Seed|[of] p2a: Whimsicott
|-heal|p2a: Whimsicott|96/100|[silent]
|upkeep
|turn|6
|
|t:|1625109731
|switch|p1a: Charizard|Charizard, M|100/100
|move|p2a: Whimsicott|Substitute|p2a: Whimsicott
|-start|p2a: Whimsicott|Substitute
|-damage|p2a: Whimsicott|71/100
|
|-heal|p2a: Whimsicott|77/100|[from] item: Leftovers
|upkeep
|turn|7
|
|t:|1625109734
|move|p2a: Whimsicott|Leech Seed|p1a: Charizard
|-start|p1a: Charizard|move: Leech Seed
|move|p1a: Charizard|Flamethrower|p2a: Whimsicott
|-supereffective|p2a: Whimsicott
|-end|p2a: Whimsicott|Substitute
|
|-heal|p2a: Whimsicott|83/100|[from] item: Leftovers
|-damage|p1a: Charizard|88/100|[from] Leech Seed|[of] p2a: Whimsicott
|-heal|p2a: Whimsicott|97/100|[silent]
|upkeep
|turn|8
|
|t:|1625109738
|switch|p2a: Gigalith|Gigalith, F|100/100
|-weather|Sandstorm|[from] ability: Sand Stream|[of] p2a: Gigalith
|move|p1a: Charizard|Flamethrower|p2a: Gigalith
|-resisted|p2a: Gigalith
|-damage|p2a: Gigalith|91/100
|
|-weather|Sandstorm|[upkeep]
|-damage|p1a: Charizard|82/100|[from] Sandstorm
|-heal|p2a: Gigalith|98/100|[from] item: Leftovers
|-damage|p1a: Charizard|69/100|[from] Leech Seed|[of] p2a: Gigalith
|-heal|p2a: Gigalith|100/100|[silent]
|upkeep
|turn|9
|
|t:|1625109745
|switch|p1a: Wishiwashi|Wishiwashi, F|77/100
|-formechange|p1a: Wishiwashi|Wishiwashi-School||[from] ability: Schooling
|move|p2a: Gigalith|Stealth Rock|p1a: Wishiwashi
|-sidestart|p1: Landon✘A21|move: Stealth Rock
|
|-weather|Sandstorm|[upkeep]
|-damage|p1a: Wishiwashi|71/100|[from] Sandstorm
|upkeep
|turn|10
|j|#Akir
|l| CryoGyro
|
|t:|1625109764
|move|p1a: Wishiwashi|U-turn|p2a: Gigalith
|-damage|p2a: Gigalith|86/100
|
|t:|1625109767
|switch|p1a: Stunfisk|Stunfisk-Galar, M|100/100|[from]move: U-turn
|-damage|p1a: Stunfisk|97/100|[from] Stealth Rock
|move|p2a: Gigalith|Rock Blast|p1a: Stunfisk
|-resisted|p1a: Stunfisk
|-damage|p1a: Stunfisk|95/100
|-resisted|p1a: Stunfisk
|-damage|p1a: Stunfisk|93/100
|-resisted|p1a: Stunfisk
|-damage|p1a: Stunfisk|91/100
|-hitcount|p1a: Stunfisk|3
|
|-weather|Sandstorm|[upkeep]
|-heal|p1a: Stunfisk|97/100|[from] item: Leftovers
|-heal|p2a: Gigalith|92/100|[from] item: Leftovers
|upkeep
|turn|11
|
|t:|1625109776
|switch|p1a: Wishiwashi|Wishiwashi, F|71/100
|-damage|p1a: Wishiwashi|59/100|[from] Stealth Rock
|-formechange|p1a: Wishiwashi|Wishiwashi-School||[from] ability: Schooling
|switch|p2a: Charizard|Charizard, M|100/100
|
|-weather|Sandstorm|[upkeep]
|-damage|p2a: Charizard|94/100|[from] Sandstorm
|-damage|p1a: Wishiwashi|53/100|[from] Sandstorm
|upkeep
|turn|12
|
|t:|1625109785
|switch|p2a: Rotom|Rotom-Frost|100/100
|move|p1a: Wishiwashi|Rest|p1a: Wishiwashi
|-status|p1a: Wishiwashi|slp|[from] move: Rest
|-heal|p1a: Wishiwashi|100/100 slp|[silent]
|
|-weather|none
|upkeep
|turn|13
|
|t:|1625109792
|switch|p1a: Stunfisk|Stunfisk-Galar, M|97/100
|-damage|p1a: Stunfisk|94/100|[from] Stealth Rock
|move|p2a: Rotom|Nasty Plot|p2a: Rotom
|-boost|p2a: Rotom|spa|2
|
|-heal|p1a: Stunfisk|99/100|[from] item: Leftovers
|upkeep
|turn|14
|
|t:|1625109797
|move|p2a: Rotom|Substitute|p2a: Rotom
|-start|p2a: Rotom|Substitute
|-damage|p2a: Rotom|76/100
|move|p1a: Stunfisk|Snap Trap|p2a: Rotom
|-activate|p2a: Rotom|move: Substitute|[damage]
|
|-heal|p1a: Stunfisk|100/100|[from] item: Leftovers
|upkeep
|turn|15
|
|t:|1625109801
|move|p2a: Rotom|Blizzard|p1a: Stunfisk|[miss]
|-miss|p2a: Rotom|p1a: Stunfisk
|move|p1a: Stunfisk|Snap Trap|p2a: Rotom
|-activate|p2a: Rotom|move: Substitute|[damage]
|
|upkeep
|turn|16
|
|t:|1625109804
|move|p2a: Rotom|Blizzard|p1a: Stunfisk
|-damage|p1a: Stunfisk|27/100
|-status|p1a: Stunfisk|frz
|cant|p1a: Stunfisk|frz
|
|-heal|p1a: Stunfisk|33/100 frz|[from] item: Leftovers
|upkeep
|turn|17
|
|t:|1625109807
|move|p2a: Rotom|Blizzard|p1a: Stunfisk|[miss]
|-miss|p2a: Rotom|p1a: Stunfisk
|-curestatus|p1a: Stunfisk|frz|[msg]
|move|p1a: Stunfisk|Foul Play|p2a: Rotom
|-end|p2a: Rotom|Substitute
|
|-heal|p1a: Stunfisk|40/100|[from] item: Leftovers
|upkeep
|turn|18
|
|t:|1625109812
|move|p2a: Rotom|Substitute|p2a: Rotom
|-start|p2a: Rotom|Substitute
|-damage|p2a: Rotom|51/100
|move|p1a: Stunfisk|Foul Play|p2a: Rotom
|-activate|p2a: Rotom|move: Substitute|[damage]
|
|-heal|p1a: Stunfisk|46/100|[from] item: Leftovers
|upkeep
|turn|19
|
|t:|1625109814
|move|p2a: Rotom|Blizzard|p1a: Stunfisk|[miss]
|-miss|p2a: Rotom|p1a: Stunfisk
|move|p1a: Stunfisk|Foul Play|p2a: Rotom
|-end|p2a: Rotom|Substitute
|
|-heal|p1a: Stunfisk|52/100|[from] item: Leftovers
|upkeep
|turn|20
|
|t:|1625109819
|move|p2a: Rotom|Substitute|p2a: Rotom
|-start|p2a: Rotom|Substitute
|-damage|p2a: Rotom|26/100
|move|p1a: Stunfisk|Foul Play|p2a: Rotom
|-activate|p2a: Rotom|move: Substitute|[damage]
|
|-heal|p1a: Stunfisk|58/100|[from] item: Leftovers
|upkeep
|turn|21
|
|t:|1625109821
|move|p2a: Rotom|Blizzard|p1a: Stunfisk
|-damage|p1a: Stunfisk|0 fnt
|faint|p1a: Stunfisk
|
|upkeep
|
|t:|1625109832
|switch|p1a: Silvally|Silvally-Fairy|88/100
|-damage|p1a: Silvally|76/100|[from] Stealth Rock
|turn|22
|
|t:|1625109836
|move|p1a: Silvally|Flame Charge|p2a: Rotom
|-supereffective|p2a: Rotom
|-end|p2a: Rotom|Substitute
|-boost|p1a: Silvally|spe|1
|move|p2a: Rotom|Thunderbolt|p1a: Silvally
|-damage|p1a: Silvally|0 fnt
|faint|p1a: Silvally
|
|upkeep
|
|t:|1625109846
|switch|p1a: Charizard|Charizard, M|69/100
|turn|23
|
|t:|1625109850
|switch|p2a: Gigalith|Gigalith, F|92/100
|-weather|Sandstorm|[from] ability: Sand Stream|[of] p2a: Gigalith
|move|p1a: Charizard|Flamethrower|p2a: Gigalith
|-resisted|p2a: Gigalith
|-damage|p2a: Gigalith|83/100
|
|-weather|Sandstorm|[upkeep]
|-damage|p1a: Charizard|63/100|[from] Sandstorm
|-heal|p2a: Gigalith|89/100|[from] item: Leftovers
|upkeep
|turn|24
|
|t:|1625109866
|switch|p1a: Wishiwashi|Wishiwashi, F|100/100 slp
|-damage|p1a: Wishiwashi|88/100 slp|[from] Stealth Rock
|-formechange|p1a: Wishiwashi|Wishiwashi-School||[from] ability: Schooling
|move|p2a: Gigalith|Rock Blast|p1a: Wishiwashi
|-damage|p1a: Wishiwashi|80/100 slp
|-damage|p1a: Wishiwashi|71/100 slp
|-damage|p1a: Wishiwashi|64/100 slp
|-damage|p1a: Wishiwashi|56/100 slp
|-damage|p1a: Wishiwashi|47/100 slp
|-hitcount|p1a: Wishiwashi|5
|
|-weather|Sandstorm|[upkeep]
|-damage|p1a: Wishiwashi|41/100 slp|[from] Sandstorm
|-heal|p2a: Gigalith|95/100|[from] item: Leftovers
|upkeep
|turn|25
|
|t:|1625109872
|switch|p2a: Whimsicott|Whimsicott, M|97/100
|cant|p1a: Wishiwashi|slp
|move|p1a: Wishiwashi|Sleep Talk|p1a: Wishiwashi
|move|p1a: Wishiwashi|Rest||[from]move: Sleep Talk|[still]
|-fail|p1a: Wishiwashi
|
|-weather|Sandstorm|[upkeep]
|-damage|p2a: Whimsicott|91/100|[from] Sandstorm
|-damage|p1a: Wishiwashi|35/100 slp|[from] Sandstorm
|-heal|p2a: Whimsicott|97/100|[from] item: Leftovers
|upkeep
|turn|26
|
|t:|1625109879
|move|p2a: Whimsicott|Substitute|p2a: Whimsicott
|-start|p2a: Whimsicott|Substitute
|-damage|p2a: Whimsicott|72/100
|cant|p1a: Wishiwashi|slp
|move|p1a: Wishiwashi|Sleep Talk|p1a: Wishiwashi
|move|p1a: Wishiwashi|Scald|p2a: Whimsicott|[from]move: Sleep Talk
|-resisted|p2a: Whimsicott
|-activate|p2a: Whimsicott|move: Substitute|[damage]
|
|-weather|Sandstorm|[upkeep]
|-damage|p2a: Whimsicott|66/100|[from] Sandstorm
|-damage|p1a: Wishiwashi|29/100 slp|[from] Sandstorm
|-heal|p2a: Whimsicott|72/100|[from] item: Leftovers
|upkeep
|turn|27
|
|t:|1625109884
|move|p2a: Whimsicott|Moonblast|p1a: Wishiwashi
|-damage|p1a: Wishiwashi|4/100 slp
|-curestatus|p1a: Wishiwashi|slp|[msg]
|move|p1a: Wishiwashi|Rest|p1a: Wishiwashi
|-status|p1a: Wishiwashi|slp|[from] move: Rest
|-heal|p1a: Wishiwashi|100/100 slp|[silent]
|
|-weather|none
|-heal|p2a: Whimsicott|78/100|[from] item: Leftovers
|upkeep
|turn|28
|
|t:|1625109887
|move|p2a: Whimsicott|Leech Seed|p1a: Wishiwashi
|-start|p1a: Wishiwashi|move: Leech Seed
|cant|p1a: Wishiwashi|slp
|move|p1a: Wishiwashi|Sleep Talk|p1a: Wishiwashi
|move|p1a: Wishiwashi|U-turn|p2a: Whimsicott|[from]move: Sleep Talk
|-end|p2a: Whimsicott|Substitute
|
|t:|1625109892
|switch|p1a: Toxicroak|Toxicroak, M|100/100|[from]move: U-turn
|-damage|p1a: Toxicroak|94/100|[from] Stealth Rock
|
|-heal|p2a: Whimsicott|84/100|[from] item: Leftovers
|upkeep
|turn|29
|
|t:|1625109904
|switch|p2a: Charizard|Charizard, M|94/100
|move|p1a: Toxicroak|Shadow Ball|p2a: Charizard
|-damage|p2a: Charizard|58/100
|-damage|p1a: Toxicroak|85/100|[from] item: Life Orb
|
|upkeep
|turn|30
|
|t:|1625109913
|switch|p2a: Rotom|Rotom-Frost|26/100
|switch|p1a: Wishiwashi|Wishiwashi, F|100/100 slp
|-damage|p1a: Wishiwashi|88/100 slp|[from] Stealth Rock
|-formechange|p1a: Wishiwashi|Wishiwashi-School||[from] ability: Schooling
|
|upkeep
|turn|31
|-message|Landon✘A21 forfeited.
|
|win|cafay sen sukr
|n|☆Landon✘A21|landona21
|n|☆cafay sen sukr|cafaysensukr
|n| Notmlg|notmlg
|n|%Akir|akir
