|j|☆Lady Writer ☾
|j|☆Shanalotte
|inactive|Battle timer is ON: inactive players will automatically lose when time's up.
|t:|1665012352
|gametype|singles
|player|p1|Lady Writer ☾|furisodegirl-black|
|player|p2|Shanalotte|marley|
|teamsize|p1|6
|teamsize|p2|6
|gen|8
|tier|[Gen 8] PU
|rated|Tournament battle
|rule|Sleep Clause Mod: Limit one foe put to sleep
|rule|Species Clause: Limit one of each Pokémon
|rule|OHKO Clause: OHKO moves are banned
|rule|Evasion Items Clause: Evasion items are banned
|rule|Evasion Moves Clause: Evasion moves are banned
|rule|Endless Battle Clause: Forcing endless battles is banned
|rule|HP Percentage Mod: HP is shown in percentages
|rule|Dynamax Clause: You cannot dynamax
|clearpoke
|poke|p1|Regirock|
|poke|p1|Quagsire, F|
|poke|p1|Eldegoss, F|
|poke|p1|Doublade, F|
|poke|p1|Charizard, M|
|poke|p1|Audino, F|
|poke|p2|Vikavolt, M|
|poke|p2|Druddigon, F|
|poke|p2|Whimsicott, F|
|poke|p2|Hitmonlee, M|
|poke|p2|Silvally-*|
|poke|p2|Charizard, F|
|teampreview
|j|*Lady Monita ☽
|inactive|Lady Writer ☾ also wants the timer to be on.
|j| Nike2012
|j| Miltank Holder
|c|☆Shanalotte|gl hf
|j| Dragon246
|j| RUMYMOME
|c|☆Lady Writer ☾|u2
|
|t:|1665012376
|start
|switch|p1a: Regirock|Regirock|100/100
|switch|p2a: Vikavolt|Vikavolt, M|100/100
|turn|1
|
|t:|1665012388
|move|p1a: Regirock|Rock Blast|p2a: Vikavolt
|-supereffective|p2a: Vikavolt
|-damage|p2a: Vikavolt|83/100
|-supereffective|p2a: Vikavolt
|-damage|p2a: Vikavolt|65/100
|-hitcount|p2a: Vikavolt|2
|move|p2a: Vikavolt|Energy Ball|p1a: Regirock
|-supereffective|p1a: Regirock
|-damage|p1a: Regirock|12/100
|
|-heal|p1a: Regirock|18/100|[from] item: Leftovers
|upkeep
|turn|2
|j|+Fragments
|inactive|Lady Writer ☾ has 120 seconds left.
|
|t:|1665012425
|switch|p1a: Charizard|Charizard, M|100/100
|switch|p2a: Druddigon|Druddigon, F|100/100
|
|upkeep
|turn|3
|
|t:|1665012430
|move|p1a: Charizard|Toxic|p2a: Druddigon|[miss]
|-miss|p1a: Charizard|p2a: Druddigon
|move|p2a: Druddigon|Glare|p1a: Charizard
|-status|p1a: Charizard|par
|
|upkeep
|turn|4
|
|t:|1665012432
|move|p1a: Charizard|Toxic|p2a: Druddigon|[miss]
|-miss|p1a: Charizard|p2a: Druddigon
|move|p2a: Druddigon|Stealth Rock|p1a: Charizard
|-sidestart|p1: Lady Writer ☾|move: Stealth Rock
|
|upkeep
|turn|5
|
|t:|1665012436
|switch|p1a: Eldegoss|Eldegoss, F|100/100
|move|p2a: Druddigon|Taunt|p1a: Eldegoss
|-start|p1a: Eldegoss|move: Taunt
|
|upkeep
|turn|6
|
|t:|1665012439
|move|p1a: Eldegoss|Rapid Spin|p2a: Druddigon
|-damage|p2a: Druddigon|94/100
|-boost|p1a: Eldegoss|spe|1
|-damage|p1a: Eldegoss|88/100|[from] ability: Rough Skin|[of] p2a: Druddigon
|-damage|p1a: Eldegoss|71/100|[from] item: Rocky Helmet|[of] p2a: Druddigon
|-sideend|p1: Lady Writer ☾|Stealth Rock|[from] move: Rapid Spin|[of] p1a: Eldegoss
|move|p2a: Druddigon|Gunk Shot|p1a: Eldegoss
|-supereffective|p1a: Eldegoss
|-damage|p1a: Eldegoss|22/100
|
|upkeep
|turn|7
|
|t:|1665012443
|switch|p1a: Audino|Audino, F|100/100
|move|p2a: Druddigon|Stealth Rock|p1a: Audino
|-sidestart|p1: Lady Writer ☾|move: Stealth Rock
|
|upkeep
|turn|8
|
|t:|1665012445
|move|p1a: Audino|Wish|p1a: Audino
|move|p2a: Druddigon|Gunk Shot|p1a: Audino
|-damage|p1a: Audino|68/100
|
|upkeep
|turn|9
|j| ban123456
|
|t:|1665012450
|move|p1a: Audino|Heal Bell|p1a: Audino
|-activate|p1a: Audino|move: Heal Bell
|-curestatus|p1: Charizard|par|[msg]
|move|p2a: Druddigon|Taunt|p1a: Audino
|-start|p1a: Audino|move: Taunt
|
|-heal|p1a: Audino|100/100|[from] move: Wish|[wisher] Audino
|upkeep
|turn|10
|j| casualsister
|
|t:|1665012457
|switch|p1a: Doublade|Doublade, F|100/100
|-damage|p1a: Doublade|94/100|[from] Stealth Rock
|move|p2a: Druddigon|Glare|p1a: Doublade
|-status|p1a: Doublade|par
|
|upkeep
|turn|11
|
|t:|1665012462
|switch|p2a: Charizard|Charizard, F|100/100
|move|p1a: Doublade|Swords Dance|p1a: Doublade
|-boost|p1a: Doublade|atk|2
|
|upkeep
|turn|12
|
|t:|1665012465
|switch|p1a: Audino|Audino, F|100/100
|move|p2a: Charizard|Fire Blast|p1a: Audino|[miss]
|-miss|p2a: Charizard|p1a: Audino
|
|upkeep
|turn|13
|
|t:|1665012471
|move|p2a: Charizard|Focus Blast|p1a: Audino
|-supereffective|p1a: Audino
|-damage|p1a: Audino|53/100
|move|p1a: Audino|Wish|p1a: Audino
|
|upkeep
|turn|14
|
|t:|1665012475
|switch|p2a: Silvally|Silvally-Ghost|100/100
|move|p1a: Audino|Protect||[still]
|-fail|p1a: Audino
|
|-heal|p1a: Audino|100/100|[from] move: Wish|[wisher] Audino
|upkeep
|turn|15
|
|t:|1665012478
|move|p2a: Silvally|Swords Dance|p2a: Silvally
|-boost|p2a: Silvally|atk|2
|move|p1a: Audino|Wish|p1a: Audino
|
|upkeep
|turn|16
|
|t:|1665012482
|switch|p1a: Quagsire|Quagsire, F|100/100
|-damage|p1a: Quagsire|94/100|[from] Stealth Rock
|move|p2a: Silvally|Flame Charge|p1a: Quagsire
|-resisted|p1a: Quagsire
|-damage|p1a: Quagsire|90/100
|-boost|p2a: Silvally|spe|1
|-damage|p2a: Silvally|84/100|[from] item: Rocky Helmet|[of] p1a: Quagsire
|
|-heal|p1a: Quagsire|100/100|[from] move: Wish|[wisher] Audino
|upkeep
|turn|17
|
|t:|1665012485
|move|p2a: Silvally|Multi-Attack|p1a: Quagsire
|-damage|p1a: Quagsire|65/100
|-damage|p2a: Silvally|67/100|[from] item: Rocky Helmet|[of] p1a: Quagsire
|move|p1a: Quagsire|Earthquake|p2a: Silvally
|-damage|p2a: Silvally|33/100
|
|upkeep
|turn|18
|
|t:|1665012489
|switch|p2a: Whimsicott|Whimsicott, F|100/100
|move|p1a: Quagsire|Recover|p1a: Quagsire
|-heal|p1a: Quagsire|100/100
|
|upkeep
|turn|19
|
|t:|1665012491
|switch|p1a: Audino|Audino, F|100/100
|move|p2a: Whimsicott|Encore||[still]
|-fail|p2a: Whimsicott
|
|upkeep
|turn|20
|
|t:|1665012494
|move|p2a: Whimsicott|Leech Seed|p1a: Audino
|-start|p1a: Audino|move: Leech Seed
|move|p1a: Audino|Wish|p1a: Audino
|
|-damage|p1a: Audino|88/100|[from] Leech Seed|[of] p2a: Whimsicott
|upkeep
|turn|21
|
|t:|1665012497
|switch|p1a: Eldegoss|Eldegoss, F|55/100
|move|p2a: Whimsicott|Encore||[still]
|-fail|p2a: Whimsicott
|
|-heal|p1a: Eldegoss|100/100|[from] move: Wish|[wisher] Audino
|upkeep
|turn|22
|
|t:|1665012499
|move|p2a: Whimsicott|Moonblast|p1a: Eldegoss
|-damage|p1a: Eldegoss|77/100
|move|p1a: Eldegoss|Rapid Spin|p2a: Whimsicott
|-damage|p2a: Whimsicott|95/100
|-boost|p1a: Eldegoss|spe|1
|-sideend|p1: Lady Writer ☾|Stealth Rock|[from] move: Rapid Spin|[of] p1a: Eldegoss
|
|-heal|p2a: Whimsicott|100/100|[from] item: Leftovers
|upkeep
|turn|23
|
|t:|1665012503
|switch|p1a: Audino|Audino, F|100/100
|move|p2a: Whimsicott|Moonblast|p1a: Audino
|-damage|p1a: Audino|84/100
|-unboost|p1a: Audino|spa|1
|
|upkeep
|turn|24
|
|t:|1665012506
|move|p2a: Whimsicott|Leech Seed|p1a: Audino
|-start|p1a: Audino|move: Leech Seed
|move|p1a: Audino|Knock Off|p2a: Whimsicott
|-resisted|p2a: Whimsicott
|-crit|p2a: Whimsicott
|-damage|p2a: Whimsicott|91/100
|-enditem|p2a: Whimsicott|Leftovers|[from] move: Knock Off|[of] p1a: Audino
|
|-damage|p1a: Audino|72/100|[from] Leech Seed|[of] p2a: Whimsicott
|-heal|p2a: Whimsicott|100/100|[silent]
|upkeep
|turn|25
|
|t:|1665012509
|switch|p1a: Eldegoss|Eldegoss, F|100/100
|move|p2a: Whimsicott|Moonblast|p1a: Eldegoss
|-damage|p1a: Eldegoss|78/100
|
|upkeep
|turn|26
|
|t:|1665012513
|switch|p2a: Vikavolt|Vikavolt, M|65/100
|switch|p1a: Audino|Audino, F|100/100
|
|upkeep
|turn|27
|
|t:|1665012516
|move|p1a: Audino|Protect|p1a: Audino
|-singleturn|p1a: Audino|Protect
|move|p2a: Vikavolt|Bug Buzz|p1a: Audino
|-activate|p1a: Audino|move: Protect
|
|upkeep
|turn|28
|
|t:|1665012523
|switch|p1a: Charizard|Charizard, M|100/100
|switch|p2a: Druddigon|Druddigon, F|94/100
|
|upkeep
|turn|29
|
|t:|1665012525
|move|p1a: Charizard|Toxic|p2a: Druddigon
|-status|p2a: Druddigon|tox
|move|p2a: Druddigon|Stealth Rock|p1a: Charizard
|-sidestart|p1: Lady Writer ☾|move: Stealth Rock
|
|-damage|p2a: Druddigon|88/100 tox|[from] psn
|upkeep
|turn|30
|
|t:|1665012529
|switch|p1a: Eldegoss|Eldegoss, F|100/100
|move|p2a: Druddigon|Glare|p1a: Eldegoss
|-status|p1a: Eldegoss|par
|
|-damage|p2a: Druddigon|75/100 tox|[from] psn
|upkeep
|turn|31
|
|t:|1665012531
|move|p2a: Druddigon|Gunk Shot|p1a: Eldegoss
|-supereffective|p1a: Eldegoss
|-damage|p1a: Eldegoss|46/100 par
|cant|p1a: Eldegoss|par
|
|-damage|p2a: Druddigon|57/100 tox|[from] psn
|upkeep
|turn|32
|
|t:|1665012535
|switch|p1a: Doublade|Doublade, F|94/100 par
|-damage|p1a: Doublade|88/100 par|[from] Stealth Rock
|move|p2a: Druddigon|Gunk Shot|p1a: Doublade
|-immune|p1a: Doublade
|
|-damage|p2a: Druddigon|32/100 tox|[from] psn
|upkeep
|turn|33
|
|t:|1665012537
|switch|p1a: Eldegoss|Eldegoss, F|80/100 par
|move|p2a: Druddigon|Taunt|p1a: Eldegoss
|-start|p1a: Eldegoss|move: Taunt
|
|-damage|p2a: Druddigon|2/100 tox|[from] psn
|upkeep
|turn|34
|
|t:|1665012541
|switch|p1a: Doublade|Doublade, F|88/100 par
|-damage|p1a: Doublade|82/100 par|[from] Stealth Rock
|move|p2a: Druddigon|Gunk Shot|p1a: Doublade
|-immune|p1a: Doublade
|
|-damage|p2a: Druddigon|0 fnt|[from] psn
|faint|p2a: Druddigon
|upkeep
|
|t:|1665012545
|switch|p2a: Charizard|Charizard, F|100/100
|turn|35
|
|t:|1665012548
|switch|p1a: Audino|Audino, F|100/100
|move|p2a: Charizard|Fire Blast|p1a: Audino
|-damage|p1a: Audino|68/100
|
|upkeep
|turn|36
|
|t:|1665012556
|move|p2a: Charizard|Air Slash|p1a: Audino
|-damage|p1a: Audino|47/100
|move|p1a: Audino|Wish|p1a: Audino
|
|upkeep
|turn|37
|
|t:|1665012561
|move|p1a: Audino|Protect|p1a: Audino
|-singleturn|p1a: Audino|Protect
|move|p2a: Charizard|Fire Blast|p1a: Audino
|-activate|p1a: Audino|move: Protect
|
|-heal|p1a: Audino|97/100|[from] move: Wish|[wisher] Audino
|upkeep
|turn|38
|
|t:|1665012564
|switch|p2a: Vikavolt|Vikavolt, M|65/100
|move|p1a: Audino|Wish|p1a: Audino
|
|upkeep
|turn|39
|l| ban123456
|
|t:|1665012569
|switch|p2a: Whimsicott|Whimsicott, F|100/100
|move|p1a: Audino|Knock Off|p2a: Whimsicott
|-resisted|p2a: Whimsicott
|-damage|p2a: Whimsicott|96/100
|
|-heal|p1a: Audino|100/100|[from] move: Wish|[wisher] Audino
|upkeep
|turn|40
|
|t:|1665012573
|move|p2a: Whimsicott|Leech Seed|p1a: Audino
|-start|p1a: Audino|move: Leech Seed
|move|p1a: Audino|Wish|p1a: Audino
|
|-damage|p1a: Audino|88/100|[from] Leech Seed|[of] p2a: Whimsicott
|-heal|p2a: Whimsicott|100/100|[silent]
|upkeep
|turn|41
|
|t:|1665012575
|switch|p2a: Vikavolt|Vikavolt, M|65/100
|switch|p1a: Eldegoss|Eldegoss, F|100/100 par
|
|upkeep
|turn|42
|
|t:|1665012578
|switch|p1a: Audino|Audino, F|100/100
|move|p2a: Vikavolt|Bug Buzz|p1a: Audino
|-damage|p1a: Audino|45/100
|
|upkeep
|turn|43
|
|t:|1665012581
|switch|p1a: Charizard|Charizard, M|100/100
|move|p2a: Vikavolt|Bug Buzz|p1a: Charizard
|-resisted|p1a: Charizard
|-damage|p1a: Charizard|78/100
|
|upkeep
|turn|44
|
|t:|1665012583
|switch|p2a: Hitmonlee|Hitmonlee, M|100/100
|move|p1a: Charizard|Defog|p2a: Hitmonlee
|-unboost|p2a: Hitmonlee|evasion|1
|-sideend|p1: Lady Writer ☾|Stealth Rock|[from] move: Defog|[of] p1a: Charizard
|
|upkeep
|turn|45
|
|t:|1665012588
|switch|p1a: Quagsire|Quagsire, F|100/100
|move|p2a: Hitmonlee|Knock Off|p1a: Quagsire
|-damage|p1a: Quagsire|77/100
|-damage|p2a: Hitmonlee|84/100|[from] item: Rocky Helmet|[of] p1a: Quagsire
|-enditem|p1a: Quagsire|Rocky Helmet|[from] move: Knock Off|[of] p2a: Hitmonlee
|
|upkeep
|turn|46
|
|t:|1665012594
|switch|p2a: Whimsicott|Whimsicott, F|100/100
|move|p1a: Quagsire|Toxic|p2a: Whimsicott
|-status|p2a: Whimsicott|tox
|
|-damage|p2a: Whimsicott|94/100 tox|[from] psn
|upkeep
|turn|47
|
|t:|1665012598
|switch|p1a: Audino|Audino, F|78/100
|move|p2a: Whimsicott|Leech Seed|p1a: Audino
|-start|p1a: Audino|move: Leech Seed
|
|-damage|p1a: Audino|66/100|[from] Leech Seed|[of] p2a: Whimsicott
|-heal|p2a: Whimsicott|100/100 tox|[silent]
|-damage|p2a: Whimsicott|88/100 tox|[from] psn
|upkeep
|turn|48
|
|t:|1665012600
|switch|p2a: Vikavolt|Vikavolt, M|65/100
|move|p1a: Audino|Wish|p1a: Audino
|
|-damage|p1a: Audino|53/100|[from] Leech Seed|[of] p2a: Vikavolt
|-heal|p2a: Vikavolt|79/100|[silent]
|upkeep
|turn|49
|
|t:|1665012605
|move|p1a: Audino|Protect|p1a: Audino
|-singleturn|p1a: Audino|Protect
|move|p2a: Vikavolt|Volt Switch|p1a: Audino
|-activate|p1a: Audino|move: Protect
|
|-heal|p1a: Audino|100/100|[from] move: Wish|[wisher] Audino
|-damage|p1a: Audino|88/100|[from] Leech Seed|[of] p2a: Vikavolt
|-heal|p2a: Vikavolt|93/100|[silent]
|upkeep
|turn|50
|
|t:|1665012609
|switch|p1a: Quagsire|Quagsire, F|77/100
|switch|p2a: Whimsicott|Whimsicott, F|88/100 tox
|
|-damage|p2a: Whimsicott|82/100 tox|[from] psn
|upkeep
|turn|51
|
|t:|1665012614
|switch|p1a: Eldegoss|Eldegoss, F|100/100 par
|move|p2a: Whimsicott|Moonblast|p1a: Eldegoss
|-damage|p1a: Eldegoss|78/100 par
|
|-damage|p2a: Whimsicott|70/100 tox|[from] psn
|upkeep
|turn|52
|
|t:|1665012616
|move|p2a: Whimsicott|Encore||[still]
|-fail|p2a: Whimsicott
|move|p1a: Eldegoss|Aromatherapy|p1a: Eldegoss
|-activate|p1a: Eldegoss|move: Aromatherapy
|-curestatus|p1a: Eldegoss|par|[msg]
|-curestatus|p1: Doublade|par|[msg]
|
|-damage|p2a: Whimsicott|51/100 tox|[from] psn
|upkeep
|turn|53
|
|t:|1665012622
|switch|p2a: Charizard|Charizard, F|100/100
|switch|p1a: Audino|Audino, F|100/100
|
|upkeep
|turn|54
|
|t:|1665012626
|move|p2a: Charizard|Will-O-Wisp|p1a: Audino
|-status|p1a: Audino|brn
|move|p1a: Audino|Wish|p1a: Audino
|
|-damage|p1a: Audino|94/100 brn|[from] brn
|upkeep
|turn|55
|
|t:|1665012631
|switch|p1a: Charizard|Charizard, M|78/100
|move|p2a: Charizard|Air Slash|p1a: Charizard
|-damage|p1a: Charizard|41/100
|
|-heal|p1a: Charizard|98/100|[from] move: Wish|[wisher] Audino
|upkeep
|turn|56
|
|t:|1665012635
|move|p2a: Charizard|Air Slash|p1a: Charizard
|-crit|p1a: Charizard
|-damage|p1a: Charizard|45/100
|cant|p1a: Charizard|flinch
|
|upkeep
|turn|57
|
|t:|1665012644
|switch|p1a: Audino|Audino, F|100/100 brn
|move|p2a: Charizard|Air Slash|p1a: Audino
|-damage|p1a: Audino|77/100 brn
|
|-damage|p1a: Audino|71/100 brn|[from] brn
|upkeep
|turn|58
|
|t:|1665012647
|move|p2a: Charizard|Fire Blast|p1a: Audino
|-damage|p1a: Audino|39/100 brn
|move|p1a: Audino|Wish|p1a: Audino
|
|-damage|p1a: Audino|32/100 brn|[from] brn
|upkeep
|turn|59
|
|t:|1665012652
|switch|p2a: Vikavolt|Vikavolt, M|93/100
|move|p1a: Audino|Protect||[still]
|-fail|p1a: Audino
|
|-heal|p1a: Audino|82/100 brn|[from] move: Wish|[wisher] Audino
|-damage|p1a: Audino|76/100 brn|[from] brn
|upkeep
|turn|60
|
|t:|1665012654
|move|p1a: Audino|Protect|p1a: Audino
|-singleturn|p1a: Audino|Protect
|move|p2a: Vikavolt|Bug Buzz|p1a: Audino
|-activate|p1a: Audino|move: Protect
|
|-damage|p1a: Audino|70/100 brn|[from] brn
|upkeep
|turn|61
|
|t:|1665012657
|switch|p1a: Charizard|Charizard, M|45/100
|move|p2a: Vikavolt|Bug Buzz|p1a: Charizard
|-resisted|p1a: Charizard
|-damage|p1a: Charizard|22/100
|
|upkeep
|turn|62
|
|t:|1665012662
|move|p1a: Charizard|Roost|p1a: Charizard
|-heal|p1a: Charizard|72/100
|-singleturn|p1a: Charizard|move: Roost
|move|p2a: Vikavolt|Bug Buzz|p1a: Charizard
|-resisted|p1a: Charizard
|-damage|p1a: Charizard|26/100
|
|upkeep
|turn|63
|
|t:|1665012667
|switch|p2a: Charizard|Charizard, F|100/100
|move|p1a: Charizard|Roost|p1a: Charizard
|-heal|p1a: Charizard|76/100
|-singleturn|p1a: Charizard|move: Roost
|
|upkeep
|turn|64
|
|t:|1665012669
|move|p2a: Charizard|Air Slash|p1a: Charizard
|-damage|p1a: Charizard|36/100
|move|p1a: Charizard|Toxic|p2a: Charizard
|-status|p2a: Charizard|tox
|
|-damage|p2a: Charizard|94/100 tox|[from] psn
|upkeep
|turn|65
|
|t:|1665012672
|switch|p1a: Audino|Audino, F|100/100 brn
|move|p2a: Charizard|Air Slash|p1a: Audino
|-damage|p1a: Audino|78/100 brn
|
|-damage|p2a: Charizard|82/100 tox|[from] psn
|-damage|p1a: Audino|71/100 brn|[from] brn
|upkeep
|turn|66
|
|t:|1665012676
|switch|p2a: Vikavolt|Vikavolt, M|93/100
|move|p1a: Audino|Wish|p1a: Audino
|
|-damage|p1a: Audino|65/100 brn|[from] brn
|upkeep
|turn|67
|
|t:|1665012679
|move|p1a: Audino|Protect|p1a: Audino
|-singleturn|p1a: Audino|Protect
|move|p2a: Vikavolt|Energy Ball|p1a: Audino
|-activate|p1a: Audino|move: Protect
|
|-heal|p1a: Audino|100/100 brn|[from] move: Wish|[wisher] Audino
|-damage|p1a: Audino|94/100 brn|[from] brn
|upkeep
|turn|68
|
|t:|1665012682
|switch|p1a: Charizard|Charizard, M|36/100
|switch|p2a: Hitmonlee|Hitmonlee, M|84/100
|
|upkeep
|turn|69
|
|t:|1665012686
|switch|p1a: Eldegoss|Eldegoss, F|100/100
|move|p2a: Hitmonlee|Knock Off|p1a: Eldegoss
|-damage|p1a: Eldegoss|70/100
|-enditem|p1a: Eldegoss|Heavy-Duty Boots|[from] move: Knock Off|[of] p2a: Hitmonlee
|
|upkeep
|turn|70
|
|t:|1665012697
|switch|p1a: Quagsire|Quagsire, F|77/100
|move|p2a: Hitmonlee|Knock Off|p1a: Quagsire
|-damage|p1a: Quagsire|61/100
|
|upkeep
|turn|71
|
|t:|1665012702
|switch|p2a: Whimsicott|Whimsicott, F|51/100 tox
|move|p1a: Quagsire|Recover|p1a: Quagsire
|-heal|p1a: Quagsire|100/100
|
|-damage|p2a: Whimsicott|45/100 tox|[from] psn
|upkeep
|turn|72
|
|t:|1665012708
|switch|p1a: Eldegoss|Eldegoss, F|100/100
|move|p2a: Whimsicott|Moonblast|p1a: Eldegoss
|-damage|p1a: Eldegoss|76/100
|-unboost|p1a: Eldegoss|spa|1
|
|-damage|p2a: Whimsicott|33/100 tox|[from] psn
|upkeep
|turn|73
|
|t:|1665012716
|switch|p2a: Silvally|Silvally-Ghost|33/100
|move|p1a: Eldegoss|Leech Seed|p2a: Silvally
|-start|p2a: Silvally|move: Leech Seed
|
|-damage|p2a: Silvally|20/100|[from] Leech Seed|[of] p1a: Eldegoss
|-heal|p1a: Eldegoss|89/100|[silent]
|upkeep
|turn|74
|
|t:|1665012721
|switch|p1a: Audino|Audino, F|100/100 brn
|move|p2a: Silvally|Multi-Attack|p1a: Audino
|-immune|p1a: Audino
|
|-damage|p2a: Silvally|8/100|[from] Leech Seed|[of] p1a: Audino
|-damage|p1a: Audino|94/100 brn|[from] brn
|upkeep
|turn|75
|
|t:|1665012727
|move|p2a: Silvally|X-Scissor|p1a: Audino
|-damage|p1a: Audino|73/100 brn
|move|p1a: Audino|Heal Bell|p1a: Audino
|-activate|p1a: Audino|move: Heal Bell
|-curestatus|p1a: Audino|brn|[msg]
|
|-damage|p2a: Silvally|0 fnt|[from] Leech Seed|[of] p1a: Audino
|-heal|p1a: Audino|80/100|[silent]
|faint|p2a: Silvally
|upkeep
|
|t:|1665012736
|switch|p2a: Vikavolt|Vikavolt, M|93/100
|turn|76
|
|t:|1665012741
|move|p1a: Audino|Protect|p1a: Audino
|-singleturn|p1a: Audino|Protect
|move|p2a: Vikavolt|Flash Cannon|p1a: Audino
|-activate|p1a: Audino|move: Protect
|
|upkeep
|turn|77
|
|t:|1665012747
|switch|p1a: Quagsire|Quagsire, F|100/100
|move|p2a: Vikavolt|Flash Cannon|p1a: Quagsire
|-resisted|p1a: Quagsire
|-damage|p1a: Quagsire|71/100
|
|upkeep
|turn|78
|
|t:|1665012750
|move|p2a: Vikavolt|Flash Cannon|p1a: Quagsire
|-resisted|p1a: Quagsire
|-damage|p1a: Quagsire|39/100
|move|p1a: Quagsire|Recover|p1a: Quagsire
|-heal|p1a: Quagsire|89/100
|
|upkeep
|turn|79
|j| ban123456
|l| Dragon246
|inactive|Lady Writer ☾ has 120 seconds left.
|c|☆Shanalotte|well gg
|j| spacevorp
|inactive|Lady Writer ☾ has 90 seconds left.
|c|☆Lady Writer ☾|gg
|
|t:|1665012818
|move|p2a: Vikavolt|Flash Cannon|p1a: Quagsire
|-resisted|p1a: Quagsire
|-damage|p1a: Quagsire|60/100
|move|p1a: Quagsire|Toxic|p2a: Vikavolt
|-status|p2a: Vikavolt|tox
|
|-damage|p2a: Vikavolt|87/100 tox|[from] psn
|upkeep
|turn|80
|
|t:|1665012822
|move|p2a: Vikavolt|Flash Cannon|p1a: Quagsire
|-resisted|p1a: Quagsire
|-damage|p1a: Quagsire|32/100
|move|p1a: Quagsire|Recover|p1a: Quagsire
|-heal|p1a: Quagsire|82/100
|
|-damage|p2a: Vikavolt|75/100 tox|[from] psn
|upkeep
|turn|81
|
|t:|1665012835
|switch|p2a: Whimsicott|Whimsicott, F|33/100 tox
|move|p1a: Quagsire|Recover|p1a: Quagsire
|-heal|p1a: Quagsire|100/100
|
|-damage|p2a: Whimsicott|26/100 tox|[from] psn
|upkeep
|turn|82
|inactive|Lady Writer ☾ has 90 seconds left.
|
|t:|1665012867
|switch|p2a: Charizard|Charizard, F|82/100 tox
|switch|p1a: Eldegoss|Eldegoss, F|100/100
|
|-damage|p2a: Charizard|76/100 tox|[from] psn
|upkeep
|turn|83
|
|t:|1665012871
|switch|p1a: Audino|Audino, F|100/100
|move|p2a: Charizard|Fire Blast|p1a: Audino
|-damage|p1a: Audino|67/100
|
|-damage|p2a: Charizard|64/100 tox|[from] psn
|upkeep
|turn|84
|
|t:|1665012874
|move|p1a: Audino|Protect|p1a: Audino
|-singleturn|p1a: Audino|Protect
|move|p2a: Charizard|Will-O-Wisp|p1a: Audino
|-activate|p1a: Audino|move: Protect
|
|-damage|p2a: Charizard|46/100 tox|[from] psn
|upkeep
|turn|85
|
|t:|1665012880
|switch|p1a: Regirock|Regirock|18/100
|move|p2a: Charizard|Focus Blast|p1a: Regirock|[miss]
|-miss|p2a: Charizard|p1a: Regirock
|
|-heal|p1a: Regirock|24/100|[from] item: Leftovers
|-damage|p2a: Charizard|22/100 tox|[from] psn
|upkeep
|turn|86
|
|t:|1665012885
|move|p2a: Charizard|Focus Blast|p1a: Regirock
|-supereffective|p1a: Regirock
|-damage|p1a: Regirock|0 fnt
|faint|p1a: Regirock
|
|-damage|p2a: Charizard|0 fnt|[from] psn
|faint|p2a: Charizard
|upkeep
|inactive|Lady Writer ☾ has 90 seconds left.
|
|t:|1665012945
|switch|p2a: Hitmonlee|Hitmonlee, M|84/100
|switch|p1a: Audino|Audino, F|99/100
|turn|87
|
|t:|1665012974
|move|p1a: Audino|Protect|p1a: Audino
|-singleturn|p1a: Audino|Protect
|move|p2a: Hitmonlee|Knock Off|p1a: Audino
|-activate|p1a: Audino|move: Protect
|
|upkeep
|turn|88
|
|t:|1665012991
|switch|p2a: Whimsicott|Whimsicott, F|26/100 tox
|switch|p1a: Quagsire|Quagsire, F|100/100
|
|-damage|p2a: Whimsicott|20/100 tox|[from] psn
|upkeep
|turn|89
|
|t:|1665012998
|switch|p1a: Audino|Audino, F|100/100
|move|p2a: Whimsicott|Moonblast|p1a: Audino
|-damage|p1a: Audino|83/100
|-unboost|p1a: Audino|spa|1
|
|-damage|p2a: Whimsicott|8/100 tox|[from] psn
|upkeep
|turn|90
|
|t:|1665013014
|move|p2a: Whimsicott|Leech Seed|p1a: Audino
|-start|p1a: Audino|move: Leech Seed
|move|p1a: Audino|Wish|p1a: Audino
|
|-damage|p1a: Audino|70/100|[from] Leech Seed|[of] p2a: Whimsicott
|-heal|p2a: Whimsicott|24/100 tox|[silent]
|-damage|p2a: Whimsicott|5/100 tox|[from] psn
|upkeep
|turn|91
|
|t:|1665013019
|switch|p1a: Eldegoss|Eldegoss, F|100/100
|move|p2a: Whimsicott|Encore||[still]
|-fail|p2a: Whimsicott
|
|-damage|p2a: Whimsicott|0 fnt|[from] psn
|faint|p2a: Whimsicott
|upkeep
|
|t:|1665013023
|switch|p2a: Vikavolt|Vikavolt, M|75/100 tox
|turn|92
|
|t:|1665013025
|switch|p1a: Audino|Audino, F|100/100
|move|p2a: Vikavolt|Bug Buzz|p1a: Audino
|-damage|p1a: Audino|44/100
|
|-damage|p2a: Vikavolt|69/100 tox|[from] psn
|upkeep
|turn|93
|
|t:|1665013027
|switch|p1a: Doublade|Doublade, F|82/100
|move|p2a: Vikavolt|Bug Buzz|p1a: Doublade
|-resisted|p1a: Doublade
|-damage|p1a: Doublade|65/100
|-unboost|p1a: Doublade|spd|1
|
|-damage|p2a: Vikavolt|56/100 tox|[from] psn
|upkeep
|turn|94
|
|t:|1665013031
|move|p2a: Vikavolt|Bug Buzz|p1a: Doublade
|-resisted|p1a: Doublade
|-damage|p1a: Doublade|41/100
|move|p1a: Doublade|Iron Head|p2a: Vikavolt
|-resisted|p2a: Vikavolt
|-damage|p2a: Vikavolt|40/100 tox
|
|-damage|p2a: Vikavolt|22/100 tox|[from] psn
|upkeep
|turn|95
|
|t:|1665013033
|move|p2a: Vikavolt|Bug Buzz|p1a: Doublade
|-resisted|p1a: Doublade
|-crit|p1a: Doublade
|-damage|p1a: Doublade|2/100
|move|p1a: Doublade|Rest|p1a: Doublade
|-status|p1a: Doublade|slp|[from] move: Rest
|-heal|p1a: Doublade|100/100 slp|[silent]
|
|-damage|p2a: Vikavolt|0 fnt|[from] psn
|faint|p2a: Vikavolt
|upkeep
|
|t:|1665013036
|switch|p2a: Hitmonlee|Hitmonlee, M|84/100
|turn|96
|
|t:|1665013054
|switch|p1a: Quagsire|Quagsire, F|100/100
|move|p2a: Hitmonlee|Knock Off|p1a: Quagsire
|-damage|p1a: Quagsire|85/100
|
|upkeep
|turn|97
|
|t:|1665013058
|move|p2a: Hitmonlee|Knock Off|p1a: Quagsire
|-damage|p1a: Quagsire|69/100
|move|p1a: Quagsire|Earthquake|p2a: Hitmonlee
|-damage|p2a: Hitmonlee|18/100
|-enditem|p2a: Hitmonlee|Liechi Berry|[eat]
|-boost|p2a: Hitmonlee|atk|1|[from] item: Liechi Berry
|
|upkeep
|turn|98
|
|t:|1665013064
|move|p2a: Hitmonlee|Endure|p2a: Hitmonlee
|-singleturn|p2a: Hitmonlee|move: Endure
|move|p1a: Quagsire|Earthquake|p2a: Hitmonlee
|-crit|p2a: Hitmonlee
|-activate|p2a: Hitmonlee|move: Endure
|-damage|p2a: Hitmonlee|1/100
|
|upkeep
|turn|99
|
|t:|1665013066
|move|p2a: Hitmonlee|Reversal|p1a: Quagsire
|-damage|p1a: Quagsire|0 fnt
|faint|p1a: Quagsire
|
|upkeep
|
|t:|1665013068
|switch|p1a: Doublade|Doublade, F|100/100 slp
|turn|100
|
|t:|1665013076
|switch|p1a: Charizard|Charizard, M|36/100
|move|p2a: Hitmonlee|Knock Off|p1a: Charizard
|-damage|p1a: Charizard|0 fnt
|-enditem|p1a: Charizard|Heavy-Duty Boots|[from] move: Knock Off|[of] p2a: Hitmonlee
|faint|p1a: Charizard
|
|upkeep
|c|☆Lady Writer ☾|woops
|c|☆Lady Writer ☾|i wasnt paying attention
|c|☆Lady Writer ☾|i think i lost
|
|t:|1665013087
|switch|p1a: Eldegoss|Eldegoss, F|100/100
|turn|101
|c|☆Shanalotte|no shadow sneak??
|
|t:|1665013093
|move|p2a: Hitmonlee|Reversal|p1a: Eldegoss
|-damage|p1a: Eldegoss|0 fnt
|faint|p1a: Eldegoss
|
|upkeep
|c|☆Lady Writer ☾|well im asleep
|l| ban123456
|c|☆Lady Writer ☾|lol
|
|t:|1665013097
|switch|p1a: Doublade|Doublade, F|100/100 slp
|turn|102
|
|t:|1665013099
|move|p2a: Hitmonlee|Knock Off|p1a: Doublade
|-supereffective|p1a: Doublade
|-damage|p1a: Doublade|46/100 slp
|-enditem|p1a: Doublade|Eviolite|[from] move: Knock Off|[of] p2a: Hitmonlee
|cant|p1a: Doublade|slp
|
|upkeep
|turn|103
|
|t:|1665013102
|move|p2a: Hitmonlee|Knock Off|p1a: Doublade
|-supereffective|p1a: Doublade
|-damage|p1a: Doublade|0 fnt
|faint|p1a: Doublade
|
|upkeep
|-message|Lady Writer ☾ forfeited.
|
|win|Shanalotte
|n|☆Lady Writer ☾|ladywriter
|n|☆Shanalotte|shanalotte
|n|*Lady Monita ☽|ladymonita
|n| Nike2012|nike2012
|n| Miltank Holder|miltankholder
|n| RUMYMOME|rumymome
|n|+Fragments|fragments
|n| casualsister|casualsister
|n| spacevorp|spacevorp
|l|*Lady Monita ☽
|l|☆Lady Writer ☾
|c|☆Shanalotte|gg
|l| casualsister
|l| spacevorp
|l|+Fragments
|c|☆Shanalotte|unfortunate
