|raw|<div class="broadcast-blue"><strong>This battle is required to be public due to a player having a name starting with 'pult4c1'.</div>
|j|☆PULT4C1 mrsoup
|j|☆pult4c1 shane
|t:|1660762785
|gametype|singles
|player|p1|PULT4C1 mrsoup|furisodegirl-blue|1483
|player|p2|pult4c1 shane|veteran|1467
|teamsize|p1|6
|teamsize|p2|6
|gen|8
|tier|[Gen 8] PU
|rated|
|rule|Sleep Clause Mod: Limit one foe put to sleep
|rule|Species Clause: Limit one of each Pokémon
|rule|OHKO Clause: OHKO moves are banned
|rule|Evasion Items Clause: Evasion items are banned
|rule|Evasion Moves Clause: Evasion moves are banned
|rule|Endless Battle Clause: Forcing endless battles is banned
|rule|HP Percentage Mod: HP is shown in percentages
|rule|Dynamax Clause: You cannot dynamax
|clearpoke
|poke|p1|Centiskorch, F|
|poke|p1|Ribombee, M|
|poke|p1|Eldegoss, M|
|poke|p1|Gigalith, F|
|poke|p1|Gallade, M|
|poke|p1|Doublade, F|
|poke|p2|Sandslash, M|
|poke|p2|Gigalith, M|
|poke|p2|Eldegoss, F|
|poke|p2|Basculin, M|
|poke|p2|Scyther, F|
|poke|p2|Weezing, F|
|teampreview
|inactive|Battle timer is ON: inactive players will automatically lose when time's up. (requested by pult4c1 shane)
|j| PULT4C1 Haffling
|
|t:|1660762813
|start
|switch|p1a: Eldegoss|Eldegoss, M|100/100
|switch|p2a: Scyther|Scyther, F|100/100
|turn|1
|j| Flowers of 3
|
|t:|1660762825
|switch|p1a: Doublade|Doublade, F|100/100
|move|p2a: Scyther|U-turn|p1a: Doublade
|-resisted|p1a: Doublade
|-damage|p1a: Doublade|97/100
|
|t:|1660762830
|switch|p2a: Weezing|Weezing, F|100/100|[from]move: U-turn
|-ability|p2a: Weezing|Neutralizing Gas
|
|upkeep
|turn|2
|
|t:|1660762834
|switch|p1a: Centiskorch|Centiskorch, F|100/100
|move|p2a: Weezing|Toxic Spikes|p1a: Centiskorch
|-sidestart|p1: PULT4C1 mrsoup|move: Toxic Spikes
|
|upkeep
|turn|3
|
|t:|1660762841
|move|p1a: Centiskorch|Fire Lash|p2a: Weezing
|-damage|p2a: Weezing|72/100
|-unboost|p2a: Weezing|def|1
|move|p2a: Weezing|Sludge Bomb|p1a: Centiskorch
|-damage|p1a: Centiskorch|72/100
|
|-heal|p2a: Weezing|78/100|[from] item: Black Sludge
|upkeep
|turn|4
|
|t:|1660762862
|-end|p2a: Weezing|ability: Neutralizing Gas
|switch|p2a: Gigalith|Gigalith, M|100/100
|-weather|Sandstorm|[from] ability: Sand Stream|[of] p2a: Gigalith
|move|p1a: Centiskorch|Knock Off|p2a: Gigalith
|-damage|p2a: Gigalith|76/100
|-enditem|p2a: Gigalith|Leftovers|[from] move: Knock Off|[of] p1a: Centiskorch
|
|-weather|Sandstorm|[upkeep]
|-damage|p1a: Centiskorch|66/100|[from] Sandstorm
|upkeep
|turn|5
|
|t:|1660762877
|switch|p1a: Eldegoss|Eldegoss, M|100/100
|switch|p2a: Scyther|Scyther, F|100/100
|
|-weather|Sandstorm|[upkeep]
|-damage|p2a: Scyther|94/100|[from] Sandstorm
|-damage|p1a: Eldegoss|94/100|[from] Sandstorm
|upkeep
|turn|6
|
|t:|1660762882
|switch|p1a: Doublade|Doublade, F|97/100
|move|p2a: Scyther|Knock Off|p1a: Doublade
|-supereffective|p1a: Doublade
|-damage|p1a: Doublade|69/100
|-enditem|p1a: Doublade|Eviolite|[from] move: Knock Off|[of] p2a: Scyther
|
|-weather|Sandstorm|[upkeep]
|-damage|p2a: Scyther|88/100|[from] Sandstorm
|upkeep
|turn|7
|
|t:|1660762888
|move|p2a: Scyther|U-turn|p1a: Doublade
|-resisted|p1a: Doublade
|-damage|p1a: Doublade|62/100
|
|t:|1660762892
|switch|p2a: Weezing|Weezing, F|78/100|[from]move: U-turn
|-ability|p2a: Weezing|Neutralizing Gas
|move|p1a: Doublade|Iron Head|p2a: Weezing
|-damage|p2a: Weezing|49/100
|
|-weather|Sandstorm|[upkeep]
|-damage|p2a: Weezing|43/100|[from] Sandstorm
|-heal|p2a: Weezing|49/100|[from] item: Black Sludge
|upkeep
|turn|8
|
|t:|1660762905
|move|p2a: Weezing|Sludge Bomb|p1a: Doublade
|-immune|p1a: Doublade
|move|p1a: Doublade|Iron Head|p2a: Weezing
|-damage|p2a: Weezing|22/100
|
|-weather|none
|-heal|p2a: Weezing|28/100|[from] item: Black Sludge
|upkeep
|turn|9
|
|t:|1660762912
|move|p2a: Weezing|Will-O-Wisp|p1a: Doublade
|-status|p1a: Doublade|brn
|move|p1a: Doublade|Iron Head|p2a: Weezing
|-damage|p2a: Weezing|13/100
|
|-heal|p2a: Weezing|19/100|[from] item: Black Sludge
|-damage|p1a: Doublade|56/100 brn|[from] brn
|upkeep
|turn|10
|
|t:|1660762917
|-end|p2a: Weezing|ability: Neutralizing Gas
|switch|p2a: Sandslash|Sandslash, M|100/100
|move|p1a: Doublade|Swords Dance|p1a: Doublade
|-boost|p1a: Doublade|atk|2
|
|-damage|p1a: Doublade|50/100 brn|[from] brn
|upkeep
|turn|11
|
|t:|1660762925
|move|p2a: Sandslash|Swords Dance|p2a: Sandslash
|-boost|p2a: Sandslash|atk|2
|move|p1a: Doublade|Iron Head|p2a: Sandslash
|-damage|p2a: Sandslash|61/100
|
|-damage|p1a: Doublade|44/100 brn|[from] brn
|upkeep
|turn|12
|
|t:|1660762932
|move|p1a: Doublade|Shadow Sneak|p2a: Sandslash
|-damage|p2a: Sandslash|43/100
|move|p2a: Sandslash|Earthquake|p1a: Doublade
|-supereffective|p1a: Doublade
|-damage|p1a: Doublade|0 fnt
|faint|p1a: Doublade
|-damage|p2a: Sandslash|33/100|[from] item: Life Orb
|
|upkeep
|
|t:|1660762938
|switch|p1a: Ribombee|Ribombee, M|100/100
|turn|13
|
|t:|1660762946
|switch|p2a: Gigalith|Gigalith, M|76/100
|-weather|Sandstorm|[from] ability: Sand Stream|[of] p2a: Gigalith
|move|p1a: Ribombee|Moonblast|p2a: Gigalith
|-damage|p2a: Gigalith|56/100
|
|-weather|Sandstorm|[upkeep]
|-damage|p1a: Ribombee|94/100|[from] Sandstorm
|upkeep
|turn|14
|
|t:|1660762957
|switch|p1a: Eldegoss|Eldegoss, M|100/100
|switch|p2a: Scyther|Scyther, F|88/100
|
|-weather|Sandstorm|[upkeep]
|-damage|p2a: Scyther|82/100|[from] Sandstorm
|-damage|p1a: Eldegoss|94/100|[from] Sandstorm
|upkeep
|turn|15
|
|t:|1660762968
|move|p2a: Scyther|Dual Wingbeat|p1a: Eldegoss
|-supereffective|p1a: Eldegoss
|-damage|p1a: Eldegoss|33/100
|-supereffective|p1a: Eldegoss
|-damage|p1a: Eldegoss|0 fnt
|faint|p1a: Eldegoss
|-hitcount|p1: Eldegoss|2
|
|-weather|Sandstorm|[upkeep]
|-damage|p2a: Scyther|76/100|[from] Sandstorm
|upkeep
|
|t:|1660762973
|switch|p1a: Ribombee|Ribombee, M|94/100
|turn|16
|
|t:|1660762986
|move|p1a: Ribombee|Moonblast|p2a: Scyther
|-damage|p2a: Scyther|21/100
|move|p2a: Scyther|Dual Wingbeat|p1a: Ribombee
|-supereffective|p1a: Ribombee
|-damage|p1a: Ribombee|0 fnt
|faint|p1a: Ribombee
|-hitcount|p1: Ribombee|1
|
|-weather|Sandstorm|[upkeep]
|-damage|p2a: Scyther|15/100|[from] Sandstorm
|upkeep
|-message|PULT4C1 mrsoup forfeited.
|
|win|pult4c1 shane
|raw|PULT4C1 mrsoup's rating: 1483 &rarr; <strong>1462</strong><br />(-21 for losing)
|raw|pult4c1 shane's rating: 1467 &rarr; <strong>1488</strong><br />(+21 for winning)
|l|☆PULT4C1 mrsoup
