|html|<div class="broadcast-blue"><strong>[Gen 8] PU is currently suspecting Scyther! For information on how to participate check out the <a href="https://www.smogon.com/forums/threads/np-ss-pu-stage-11-turn-turn-turn-scyther-retest.3707179/">suspect thread</a>.</strong></div>
|j|☆THECOOLERTOMMY
|j|☆acluh1
|t:|1663121224
|gametype|singles
|player|p1|THECOOLERTOMMY|zinnia|1250
|player|p2|acluh1|karen|1398
|teamsize|p1|6
|teamsize|p2|6
|gen|8
|tier|[Gen 8] PU
|rated|
|rule|Sleep Clause Mod: Limit one foe put to sleep
|rule|Species Clause: Limit one of each Pokémon
|rule|OHKO Clause: OHKO moves are banned
|rule|Evasion Items Clause: Evasion items are banned
|rule|Evasion Moves Clause: Evasion moves are banned
|rule|Endless Battle Clause: Forcing endless battles is banned
|rule|HP Percentage Mod: HP is shown in percentages
|rule|Dynamax Clause: You cannot dynamax
|clearpoke
|poke|p1|Skuntank, M|
|poke|p1|Cinccino, F|
|poke|p1|Sandslash, F|
|poke|p1|Gigalith, M|
|poke|p1|Jellicent, M|
|poke|p1|Galvantula, F|
|poke|p2|Charizard, M|
|poke|p2|Gigalith, F|
|poke|p2|Jellicent, F|
|poke|p2|Ribombee, F|
|poke|p2|Scrafty, F|
|poke|p2|Togedemaru, F|
|teampreview
|inactive|Battle timer is ON: inactive players will automatically lose when time's up. (requested by acluh1)
|
|t:|1663121233
|start
|switch|p1a: Cinccino|Cinccino, F|100/100
|switch|p2a: Gigalith|Gigalith, F, shiny|100/100
|-weather|Sandstorm|[from] ability: Sand Stream|[of] p2a: Gigalith
|turn|1
|
|t:|1663121240
|move|p2a: Gigalith|Protect|p2a: Gigalith
|-singleturn|p2a: Gigalith|Protect
|move|p1a: Cinccino|U-turn|p2a: Gigalith
|-activate|p2a: Gigalith|move: Protect
|
|-weather|Sandstorm|[upkeep]
|-damage|p1a: Cinccino|94/100|[from] Sandstorm
|upkeep
|turn|2
|
|t:|1663121249
|move|p1a: Cinccino|Bullet Seed|p2a: Gigalith
|-supereffective|p2a: Gigalith
|-damage|p2a: Gigalith|90/100
|-supereffective|p2a: Gigalith
|-damage|p2a: Gigalith|79/100
|-supereffective|p2a: Gigalith
|-damage|p2a: Gigalith|68/100
|-supereffective|p2a: Gigalith
|-damage|p2a: Gigalith|57/100
|-supereffective|p2a: Gigalith
|-crit|p2a: Gigalith
|-damage|p2a: Gigalith|39/100
|-hitcount|p2a: Gigalith|5
|move|p2a: Gigalith|Stealth Rock|p1a: Cinccino
|-sidestart|p1: THECOOLERTOMMY|move: Stealth Rock
|
|-weather|Sandstorm|[upkeep]
|-damage|p1a: Cinccino|88/100|[from] Sandstorm
|-heal|p2a: Gigalith|46/100|[from] item: Leftovers
|upkeep
|turn|3
|
|t:|1663121260
|switch|p2a: Ribombee|Ribombee, F, shiny|100/100
|move|p1a: Cinccino|U-turn|p2a: Ribombee
|-resisted|p2a: Ribombee
|-damage|p2a: Ribombee|83/100
|
|t:|1663121265
|switch|p1a: Sandslash|Sandslash, F|100/100|[from]move: U-turn
|-damage|p1a: Sandslash|94/100|[from] Stealth Rock
|
|-weather|Sandstorm|[upkeep]
|-damage|p2a: Ribombee|77/100|[from] Sandstorm
|upkeep
|turn|4
|
|t:|1663121275
|switch|p2a: Jellicent|Jellicent, F|100/100
|move|p1a: Sandslash|Poison Jab|p2a: Jellicent
|-resisted|p2a: Jellicent
|-damage|p2a: Jellicent|88/100
|-start|p1a: Sandslash|Disable|Poison Jab|[from] ability: Cursed Body|[of] p2a: Jellicent
|-damage|p1a: Sandslash|84/100|[from] item: Life Orb
|
|-weather|Sandstorm|[upkeep]
|-damage|p2a: Jellicent|82/100|[from] Sandstorm
|upkeep
|turn|5
|
|t:|1663121279
|move|p1a: Sandslash|Knock Off|p2a: Jellicent
|-supereffective|p2a: Jellicent
|-enditem|p2a: Jellicent|Colbur Berry|[eat]
|-enditem|p2a: Jellicent|Colbur Berry|[weaken]
|-damage|p2a: Jellicent|49/100
|-damage|p1a: Sandslash|74/100|[from] item: Life Orb
|move|p2a: Jellicent|Scald|p1a: Sandslash
|-supereffective|p1a: Sandslash
|-damage|p1a: Sandslash|0 fnt
|faint|p1a: Sandslash
|
|-weather|none
|upkeep
|
|t:|1663121284
|switch|p1a: Skuntank|Skuntank, M|100/100
|-damage|p1a: Skuntank|88/100|[from] Stealth Rock
|turn|6
|
|t:|1663121291
|switch|p2a: Scrafty|Scrafty, F|100/100
|move|p1a: Skuntank|Dark Pulse|p2a: Scrafty
|-resisted|p2a: Scrafty
|-damage|p2a: Scrafty|93/100
|
|-heal|p1a: Skuntank|94/100|[from] item: Black Sludge
|-heal|p2a: Scrafty|99/100|[from] item: Leftovers
|upkeep
|turn|7
|
|t:|1663121297
|move|p1a: Skuntank|Sludge Bomb|p2a: Scrafty
|-damage|p2a: Scrafty|67/100
|move|p2a: Scrafty|Substitute|p2a: Scrafty
|-start|p2a: Scrafty|Substitute
|-damage|p2a: Scrafty|42/100
|
|-heal|p1a: Skuntank|99/100|[from] item: Black Sludge
|-heal|p2a: Scrafty|48/100|[from] item: Leftovers
|upkeep
|turn|8
|
|t:|1663121299
|move|p1a: Skuntank|Sludge Bomb|p2a: Scrafty
|-end|p2a: Scrafty|Substitute
|move|p2a: Scrafty|Close Combat|p1a: Skuntank
|-damage|p1a: Skuntank|26/100
|-unboost|p2a: Scrafty|def|1
|-unboost|p2a: Scrafty|spd|1
|
|-heal|p1a: Skuntank|32/100|[from] item: Black Sludge
|-heal|p2a: Scrafty|54/100|[from] item: Leftovers
|upkeep
|turn|9
|
|t:|1663121307
|switch|p2a: Togedemaru|Togedemaru, F|100/100
|move|p1a: Skuntank|Fire Blast|p2a: Togedemaru
|-supereffective|p2a: Togedemaru
|-damage|p2a: Togedemaru|10/100
|
|-heal|p1a: Skuntank|38/100|[from] item: Black Sludge
|upkeep
|turn|10
|
|t:|1663121312
|move|p2a: Togedemaru|Iron Head|p1a: Skuntank
|-damage|p1a: Skuntank|0 fnt
|-damage|p2a: Togedemaru|0 fnt|[from] ability: Aftermath|[of] p1a: Skuntank
|faint|p1a: Skuntank
|faint|p2a: Togedemaru
|
|upkeep
|
|t:|1663121328
|switch|p2a: Ribombee|Ribombee, F, shiny|77/100
|switch|p1a: Cinccino|Cinccino, F|88/100
|-damage|p1a: Cinccino|76/100|[from] Stealth Rock
|turn|11
|
|t:|1663121330
|switch|p1a: Gigalith|Gigalith, M|100/100
|-damage|p1a: Gigalith|88/100|[from] Stealth Rock
|-weather|Sandstorm|[from] ability: Sand Stream|[of] p1a: Gigalith
|move|p2a: Ribombee|Moonblast|p1a: Gigalith
|-damage|p1a: Gigalith|68/100
|
|-weather|Sandstorm|[upkeep]
|-damage|p2a: Ribombee|71/100|[from] Sandstorm
|-heal|p1a: Gigalith|74/100|[from] item: Leftovers
|upkeep
|turn|12
|
|t:|1663121337
|switch|p2a: Jellicent|Jellicent, F|49/100
|move|p1a: Gigalith|Rock Blast|p2a: Jellicent
|-damage|p2a: Jellicent|40/100
|-start|p1a: Gigalith|Disable|Rock Blast|[from] ability: Cursed Body|[of] p2a: Jellicent
|-damage|p2a: Jellicent|30/100
|-damage|p2a: Jellicent|22/100
|-hitcount|p2a: Jellicent|3
|
|-weather|Sandstorm|[upkeep]
|-damage|p2a: Jellicent|15/100|[from] Sandstorm
|-heal|p1a: Gigalith|80/100|[from] item: Leftovers
|upkeep
|turn|13
|
|t:|1663121347
|move|p2a: Jellicent|Recover|p2a: Jellicent
|-heal|p2a: Jellicent|65/100
|move|p1a: Gigalith|Toxic|p2a: Jellicent
|-status|p2a: Jellicent|tox
|
|-weather|Sandstorm|[upkeep]
|-damage|p2a: Jellicent|59/100 tox|[from] Sandstorm
|-heal|p1a: Gigalith|86/100|[from] item: Leftovers
|-damage|p2a: Jellicent|53/100 tox|[from] psn
|upkeep
|turn|14
|
|t:|1663121350
|switch|p1a: Jellicent|Jellicent, M|100/100
|-damage|p1a: Jellicent|88/100|[from] Stealth Rock
|move|p2a: Jellicent|Will-O-Wisp|p1a: Jellicent|[miss]
|-miss|p2a: Jellicent|p1a: Jellicent
|
|-weather|Sandstorm|[upkeep]
|-damage|p1a: Jellicent|82/100|[from] Sandstorm
|-damage|p2a: Jellicent|47/100 tox|[from] Sandstorm
|-damage|p2a: Jellicent|34/100 tox|[from] psn
|upkeep
|turn|15
|j| Yogapants
|
|t:|1663121358
|switch|p2a: Scrafty|Scrafty, F|54/100
|move|p1a: Jellicent|Shadow Ball|p2a: Scrafty
|-resisted|p2a: Scrafty
|-damage|p2a: Scrafty|32/100
|
|-weather|none
|-heal|p2a: Scrafty|38/100|[from] item: Leftovers
|upkeep
|turn|16
|
|t:|1663121364
|move|p1a: Jellicent|Shadow Ball|p2a: Scrafty
|-resisted|p2a: Scrafty
|-damage|p2a: Scrafty|16/100
|move|p2a: Scrafty|Knock Off|p1a: Jellicent
|-supereffective|p1a: Jellicent
|-damage|p1a: Jellicent|0 fnt
|-enditem|p1a: Jellicent|Choice Specs|[from] move: Knock Off|[of] p2a: Scrafty
|faint|p1a: Jellicent
|
|-heal|p2a: Scrafty|22/100|[from] item: Leftovers
|upkeep
|
|t:|1663121367
|switch|p1a: Cinccino|Cinccino, F|76/100
|-damage|p1a: Cinccino|63/100|[from] Stealth Rock
|turn|17
|
|t:|1663121372
|move|p1a: Cinccino|Tail Slap|p2a: Scrafty
|-damage|p2a: Scrafty|12/100
|-damage|p2a: Scrafty|2/100
|-damage|p2a: Scrafty|0 fnt
|faint|p2a: Scrafty
|-hitcount|p2: Scrafty|3
|
|upkeep
|
|t:|1663121376
|switch|p2a: Ribombee|Ribombee, F, shiny|71/100
|turn|18
|
|t:|1663121383
|switch|p1a: Gigalith|Gigalith, M|86/100
|-damage|p1a: Gigalith|74/100|[from] Stealth Rock
|-weather|Sandstorm|[from] ability: Sand Stream|[of] p1a: Gigalith
|move|p2a: Ribombee|Moonblast|p1a: Gigalith
|-damage|p1a: Gigalith|55/100
|
|-weather|Sandstorm|[upkeep]
|-damage|p2a: Ribombee|64/100|[from] Sandstorm
|-heal|p1a: Gigalith|61/100|[from] item: Leftovers
|upkeep
|turn|19
|
|t:|1663121389
|switch|p2a: Jellicent|Jellicent, F|34/100 tox
|move|p1a: Gigalith|Rock Blast|p2a: Jellicent
|-crit|p2a: Jellicent
|-damage|p2a: Jellicent|20/100 tox
|-start|p1a: Gigalith|Disable|Rock Blast|[from] ability: Cursed Body|[of] p2a: Jellicent
|-damage|p2a: Jellicent|11/100 tox
|-damage|p2a: Jellicent|1/100 tox
|-hitcount|p2a: Jellicent|3
|
|-weather|Sandstorm|[upkeep]
|-damage|p2a: Jellicent|0 fnt|[from] Sandstorm
|faint|p2a: Jellicent
|-heal|p1a: Gigalith|67/100|[from] item: Leftovers
|upkeep
|
|t:|1663121391
|switch|p2a: Charizard|Charizard, M, shiny|100/100
|turn|20
|
|t:|1663121401
|move|p2a: Charizard|Flamethrower|p1a: Gigalith
|-resisted|p1a: Gigalith
|-damage|p1a: Gigalith|58/100
|move|p1a: Gigalith|Toxic|p2a: Charizard
|-status|p2a: Charizard|tox
|
|-weather|Sandstorm|[upkeep]
|-damage|p2a: Charizard|94/100 tox|[from] Sandstorm
|-heal|p1a: Gigalith|64/100|[from] item: Leftovers
|-damage|p2a: Charizard|88/100 tox|[from] psn
|upkeep
|turn|21
|
|t:|1663121406
|switch|p1a: Cinccino|Cinccino, F|63/100
|-damage|p1a: Cinccino|51/100|[from] Stealth Rock
|move|p2a: Charizard|Toxic|p1a: Cinccino
|-status|p1a: Cinccino|tox
|
|-weather|Sandstorm|[upkeep]
|-damage|p1a: Cinccino|45/100 tox|[from] Sandstorm
|-damage|p2a: Charizard|82/100 tox|[from] Sandstorm
|-damage|p1a: Cinccino|39/100 tox|[from] psn
|-damage|p2a: Charizard|70/100 tox|[from] psn
|upkeep
|turn|22
|
|t:|1663121412
|switch|p2a: Gigalith|Gigalith, F, shiny|46/100
|move|p1a: Cinccino|Rock Blast|p2a: Gigalith
|-damage|p2a: Gigalith|41/100
|-damage|p2a: Gigalith|36/100
|-damage|p2a: Gigalith|31/100
|-damage|p2a: Gigalith|25/100
|-damage|p2a: Gigalith|20/100
|-hitcount|p2a: Gigalith|5
|
|-weather|none
|-heal|p2a: Gigalith|26/100|[from] item: Leftovers
|-damage|p1a: Cinccino|26/100 tox|[from] psn
|upkeep
|turn|23
|
|t:|1663121424
|move|p2a: Gigalith|Protect|p2a: Gigalith
|-singleturn|p2a: Gigalith|Protect
|move|p1a: Cinccino|Rock Blast|p2a: Gigalith
|-activate|p2a: Gigalith|move: Protect
|
|-heal|p2a: Gigalith|32/100|[from] item: Leftovers
|-damage|p1a: Cinccino|8/100 tox|[from] psn
|upkeep
|turn|24
|
|t:|1663121433
|move|p1a: Cinccino|Tail Slap|p2a: Gigalith
|-resisted|p2a: Gigalith
|-damage|p2a: Gigalith|28/100
|-resisted|p2a: Gigalith
|-damage|p2a: Gigalith|24/100
|-resisted|p2a: Gigalith
|-damage|p2a: Gigalith|21/100
|-resisted|p2a: Gigalith
|-damage|p2a: Gigalith|17/100
|-resisted|p2a: Gigalith
|-damage|p2a: Gigalith|13/100
|-hitcount|p2a: Gigalith|5
|move|p2a: Gigalith|Earthquake|p1a: Cinccino
|-damage|p1a: Cinccino|0 fnt
|faint|p1a: Cinccino
|
|-heal|p2a: Gigalith|20/100|[from] item: Leftovers
|upkeep
|
|t:|1663121439
|switch|p1a: Galvantula|Galvantula, F|100/100
|turn|25
|
|t:|1663121444
|move|p1a: Galvantula|Bug Buzz|p2a: Gigalith
|-damage|p2a: Gigalith|0 fnt
|faint|p2a: Gigalith
|
|upkeep
|
|t:|1663121457
|switch|p2a: Ribombee|Ribombee, F, shiny|64/100
|turn|26
|
|t:|1663121462
|move|p2a: Ribombee|Moonblast|p1a: Galvantula
|-damage|p1a: Galvantula|34/100
|move|p1a: Galvantula|Bug Buzz|p2a: Ribombee
|-resisted|p2a: Ribombee
|-damage|p2a: Ribombee|30/100
|
|upkeep
|turn|27
|
|t:|1663121464
|switch|p1a: Gigalith|Gigalith, M|64/100
|-damage|p1a: Gigalith|52/100|[from] Stealth Rock
|-weather|Sandstorm|[from] ability: Sand Stream|[of] p1a: Gigalith
|move|p2a: Ribombee|Moonblast|p1a: Gigalith
|-damage|p1a: Gigalith|33/100
|-unboost|p1a: Gigalith|spa|1
|
|-weather|Sandstorm|[upkeep]
|-damage|p2a: Ribombee|24/100|[from] Sandstorm
|-heal|p1a: Gigalith|39/100|[from] item: Leftovers
|upkeep
|turn|28
|
|t:|1663121468
|move|p2a: Ribombee|Energy Ball|p1a: Gigalith
|-supereffective|p1a: Gigalith
|-damage|p1a: Gigalith|12/100
|move|p1a: Gigalith|Rock Blast|p2a: Ribombee
|-supereffective|p2a: Ribombee
|-damage|p2a: Ribombee|0 fnt
|faint|p2a: Ribombee
|-hitcount|p2: Ribombee|1
|
|-weather|Sandstorm|[upkeep]
|-heal|p1a: Gigalith|18/100|[from] item: Leftovers
|upkeep
|
|t:|1663121472
|switch|p2a: Charizard|Charizard, M, shiny|70/100 tox
|turn|29
|
|t:|1663121473
|move|p2a: Charizard|Toxic|p1a: Gigalith
|-status|p1a: Gigalith|tox
|move|p1a: Gigalith|Rock Blast|p2a: Charizard
|-supereffective|p2a: Charizard
|-damage|p2a: Charizard|20/100 tox
|-supereffective|p2a: Charizard
|-damage|p2a: Charizard|0 fnt
|faint|p2a: Charizard
|-hitcount|p2: Charizard|2
|
|win|THECOOLERTOMMY
|raw|THECOOLERTOMMY's rating: 1250 &rarr; <strong>1285</strong><br />(+35 for winning)
|raw|acluh1's rating: 1398 &rarr; <strong>1370</strong><br />(-28 for losing)
|l|☆acluh1
||Ladder isn't responding, score probably updated but might not have (Request timeout).
