|raw|<div class="broadcast-blue"><strong>This battle is required to be public due to a player having a name starting with 'pult4c1'.</div>
|j|☆PULT4C1 S1n
|j|☆PULT4C1 spacial
|t:|1660832747
|gametype|singles
|player|p1|PULT4C1 S1n|1|1555
|player|p2|PULT4C1 spacial|marley|1469
|teamsize|p1|6
|teamsize|p2|6
|gen|8
|tier|[Gen 8] PU
|rated|
|rule|Sleep Clause Mod: Limit one foe put to sleep
|rule|Species Clause: Limit one of each Pokémon
|rule|OHKO Clause: OHKO moves are banned
|rule|Evasion Items Clause: Evasion items are banned
|rule|Evasion Moves Clause: Evasion moves are banned
|rule|Endless Battle Clause: Forcing endless battles is banned
|rule|HP Percentage Mod: HP is shown in percentages
|rule|Dynamax Clause: You cannot dynamax
|clearpoke
|poke|p1|Kabutops, M|
|poke|p1|Glastrier|
|poke|p1|Qwilfish, M|
|poke|p1|Silvally-*|
|poke|p1|Accelgor, F|
|poke|p1|Turtonator, M|
|poke|p2|Basculin, F|
|poke|p2|Leafeon, M|
|poke|p2|Doublade, F|
|poke|p2|Charizard, M|
|poke|p2|Rhydon, F|
|poke|p2|Magneton|
|teampreview
|j| PULT4C1 Haffling
|
|t:|1660832765
|start
|switch|p1a: Kabutops|Kabutops, M|100/100
|switch|p2a: Leafeon|Leafeon, M|100/100
|turn|1
|l| PULT4C1 Haffling
|
|t:|1660832777
|move|p2a: Leafeon|Leaf Blade|p1a: Kabutops
|-supereffective|p1a: Kabutops
|-enditem|p1a: Kabutops|Focus Sash
|-damage|p1a: Kabutops|1/100
|-ability|p1a: Kabutops|Weak Armor|boost
|-unboost|p1a: Kabutops|def|1
|-boost|p1a: Kabutops|spe|2
|move|p1a: Kabutops|Stealth Rock|p2a: Leafeon
|-sidestart|p2: PULT4C1 spacial|move: Stealth Rock
|
|upkeep
|turn|2
|
|t:|1660832784
|move|p1a: Kabutops|Knock Off|p2a: Leafeon
|-damage|p2a: Leafeon|68/100
|-enditem|p2a: Leafeon|Heavy-Duty Boots|[from] move: Knock Off|[of] p1a: Kabutops
|move|p2a: Leafeon|Knock Off|p1a: Kabutops
|-damage|p1a: Kabutops|0 fnt
|faint|p1a: Kabutops
|
|upkeep
|
|t:|1660832797
|switch|p1a: Accelgor|Accelgor, F|100/100
|turn|3
|
|t:|1660832812
|switch|p2a: Charizard|Charizard, M|100/100
|move|p1a: Accelgor|Bug Buzz|p2a: Charizard
|-resisted|p2a: Charizard
|-damage|p2a: Charizard|87/100
|-enditem|p1a: Accelgor|Throat Spray
|-boost|p1a: Accelgor|spa|1|[from] item: Throat Spray
|
|upkeep
|turn|4
|
|t:|1660832823
|move|p1a: Accelgor|Sludge Bomb|p2a: Charizard
|-damage|p2a: Charizard|28/100
|-status|p2a: Charizard|psn
|move|p2a: Charizard|Flamethrower|p1a: Accelgor
|-supereffective|p1a: Accelgor
|-damage|p1a: Accelgor|0 fnt
|faint|p1a: Accelgor
|
|-damage|p2a: Charizard|16/100 psn|[from] psn
|upkeep
|
|t:|1660832829
|switch|p1a: Turtonator|Turtonator, M|100/100
|turn|5
|
|t:|1660832835
|switch|p2a: Rhydon|Rhydon, F|100/100
|-damage|p2a: Rhydon|95/100|[from] Stealth Rock
|move|p1a: Turtonator|Shell Smash|p1a: Turtonator
|-unboost|p1a: Turtonator|def|1
|-unboost|p1a: Turtonator|spd|1
|-boost|p1a: Turtonator|atk|2
|-boost|p1a: Turtonator|spa|2
|-boost|p1a: Turtonator|spe|2
|
|upkeep
|turn|6
|
|t:|1660832838
|move|p1a: Turtonator|Draco Meteor|p2a: Rhydon
|-damage|p2a: Rhydon|0 fnt
|-unboost|p1a: Turtonator|spa|2
|faint|p2a: Rhydon
|
|upkeep
|
|t:|1660832871
|switch|p2a: Basculin|Basculin, F|100/100
|-damage|p2a: Basculin|88/100|[from] Stealth Rock
|turn|7
|j| seeplay
|
|t:|1660832892
|switch|p2a: Charizard|Charizard, M|16/100 psn
|move|p1a: Turtonator|Draco Meteor|p2a: Charizard|[miss]
|-miss|p1a: Turtonator|p2a: Charizard
|
|-damage|p2a: Charizard|4/100 psn|[from] psn
|upkeep
|turn|8
|
|t:|1660832899
|move|p1a: Turtonator|Shell Smash|p1a: Turtonator
|-unboost|p1a: Turtonator|def|1
|-unboost|p1a: Turtonator|spd|1
|-boost|p1a: Turtonator|atk|2
|-boost|p1a: Turtonator|spa|2
|-boost|p1a: Turtonator|spe|2
|move|p2a: Charizard|Hurricane|p1a: Turtonator
|-damage|p1a: Turtonator|0 fnt
|faint|p1a: Turtonator
|
|-damage|p2a: Charizard|0 fnt|[from] psn
|faint|p2a: Charizard
|upkeep
|inactive|Battle timer is ON: inactive players will automatically lose when time's up. (requested by PULT4C1 S1n)
|
|t:|1660832948
|switch|p2a: Magneton|Magneton|100/100
|switch|p1a: Qwilfish|Qwilfish, M|100/100
|-damage|p2a: Magneton|94/100|[from] Stealth Rock
|-ability|p1a: Qwilfish|Intimidate|boost
|-unboost|p2a: Magneton|atk|1
|turn|9
|
|t:|1660832952
|move|p2a: Magneton|Thunderbolt|p1a: Qwilfish
|-supereffective|p1a: Qwilfish
|-damage|p1a: Qwilfish|0 fnt
|faint|p1a: Qwilfish
|
|upkeep
|
|t:|1660832954
|switch|p1a: Silvally|Silvally-Grass|100/100
|turn|10
|
|t:|1660832964
|switch|p2a: Basculin|Basculin, F|88/100
|-damage|p2a: Basculin|76/100|[from] Stealth Rock
|move|p1a: Silvally|Swords Dance|p1a: Silvally
|-boost|p1a: Silvally|atk|2
|
|upkeep
|turn|11
|
|t:|1660832967
|move|p2a: Basculin|Ice Beam|p1a: Silvally
|-supereffective|p1a: Silvally
|-damage|p1a: Silvally|26/100
|move|p1a: Silvally|Flame Charge|p2a: Basculin
|-resisted|p2a: Basculin
|-damage|p2a: Basculin|51/100
|-boost|p1a: Silvally|spe|1
|
|upkeep
|turn|12
|
|t:|1660832972
|move|p1a: Silvally|Multi-Attack|p2a: Basculin
|-supereffective|p2a: Basculin
|-damage|p2a: Basculin|0 fnt
|faint|p2a: Basculin
|
|upkeep
|
|t:|1660832974
|switch|p2a: Doublade|Doublade, F|100/100
|-damage|p2a: Doublade|94/100|[from] Stealth Rock
|turn|13
|
|t:|1660832976
|move|p1a: Silvally|Flame Charge|p2a: Doublade
|-supereffective|p2a: Doublade
|-crit|p2a: Doublade
|-damage|p2a: Doublade|49/100
|-boost|p1a: Silvally|spe|1
|move|p2a: Doublade|Shadow Claw|p1a: Silvally
|-damage|p1a: Silvally|0 fnt
|faint|p1a: Silvally
|
|upkeep
|
|t:|1660832979
|switch|p1a: Glastrier|Glastrier|100/100
|turn|14
|
|t:|1660832983
|move|p1a: Glastrier|High Horsepower|p2a: Doublade
|-supereffective|p2a: Doublade
|-damage|p2a: Doublade|17/100
|move|p2a: Doublade|Sacred Sword|p1a: Glastrier
|-supereffective|p1a: Glastrier
|-damage|p1a: Glastrier|60/100
|
|-heal|p1a: Glastrier|67/100|[from] item: Leftovers
|upkeep
|turn|15
|
|t:|1660832989
|move|p1a: Glastrier|Substitute|p1a: Glastrier
|-start|p1a: Glastrier|Substitute
|-damage|p1a: Glastrier|42/100
|move|p2a: Doublade|Sacred Sword|p1a: Glastrier
|-supereffective|p1a: Glastrier
|-end|p1a: Glastrier|Substitute
|
|-heal|p1a: Glastrier|48/100|[from] item: Leftovers
|upkeep
|turn|16
|
|t:|1660832991
|move|p1a: Glastrier|High Horsepower|p2a: Doublade
|-supereffective|p2a: Doublade
|-damage|p2a: Doublade|0 fnt
|faint|p2a: Doublade
|-ability|p1a: Glastrier|Chilling Neigh|boost
|-boost|p1a: Glastrier|atk|1
|
|-heal|p1a: Glastrier|54/100|[from] item: Leftovers
|upkeep
|
|t:|1660832994
|switch|p2a: Magneton|Magneton|94/100
|-damage|p2a: Magneton|88/100|[from] Stealth Rock
|turn|17
|
|t:|1660832995
|move|p2a: Magneton|Flash Cannon|p1a: Glastrier
|-supereffective|p1a: Glastrier
|-damage|p1a: Glastrier|0 fnt
|faint|p1a: Glastrier
|
|win|PULT4C1 spacial
|raw|PULT4C1 S1n's rating: 1555 &rarr; <strong>1530</strong><br />(-25 for losing)
|raw|PULT4C1 spacial's rating: 1469 &rarr; <strong>1494</strong><br />(+25 for winning)
|l|☆PULT4C1 S1n
|c|☆PULT4C1 spacial|ggg
|l|☆PULT4C1 spacial
