|j|☆Crimfinity
|j|☆shalutianwang
|t:|1639456663
|gametype|singles
|player|p1|Crimfinity|marley|
|player|p2|shalutianwang|pokemaniac|
|teamsize|p1|6
|teamsize|p2|6
|gen|8
|tier|[Gen 8] PU
|rated|Tournament battle
|rule|Sleep Clause Mod: Limit one foe put to sleep
|rule|Species Clause: Limit one of each Pokémon
|rule|OHKO Clause: OHKO moves are banned
|rule|Evasion Moves Clause: Evasion moves are banned
|rule|Endless Battle Clause: Forcing endless battles is banned
|rule|HP Percentage Mod: HP is shown in percentages
|rule|Dynamax Clause: You cannot dynamax
|clearpoke
|poke|p1|Manectric, M|
|poke|p1|Heatmor, F|
|poke|p1|Ivysaur, F|
|poke|p1|Malamar, M|
|poke|p1|Crustle, M|
|poke|p1|Dubwool, M|
|poke|p2|Carracosta, M|
|poke|p2|Scrafty, F|
|poke|p2|Cinccino, M|
|poke|p2|Claydol|
|poke|p2|Galvantula, F|
|poke|p2|Silvally-*|
|teampreview
|
|t:|1639456685
|start
|switch|p1a: Dubwool|Dubwool, M|100/100
|switch|p2a: 全集中雷之呼吸|Galvantula, F|100/100
|turn|1
|
|t:|1639456689
|move|p2a: 全集中雷之呼吸|Sticky Web|p1a: Dubwool
|-sidestart|p1: Crimfinity|move: Sticky Web
|move|p1a: Dubwool|Cotton Guard|p1a: Dubwool
|-boost|p1a: Dubwool|def|3
|
|upkeep
|turn|2
|j|+Lockjaw
|l|+Lockjaw
|
|t:|1639456696
|move|p2a: 全集中雷之呼吸|Thunder|p1a: Dubwool
|-damage|p1a: Dubwool|62/100
|move|p1a: Dubwool|Cotton Guard|p1a: Dubwool
|-boost|p1a: Dubwool|def|3
|
|upkeep
|turn|3
|
|t:|1639456701
|move|p2a: 全集中雷之呼吸|Thunder|p1a: Dubwool
|-damage|p1a: Dubwool|28/100
|-status|p1a: Dubwool|par
|move|p1a: Dubwool|Rest|p1a: Dubwool
|-status|p1a: Dubwool|slp|[from] move: Rest
|-heal|p1a: Dubwool|100/100 slp|[silent]
|-enditem|p1a: Dubwool|Chesto Berry|[eat]
|-curestatus|p1a: Dubwool|slp|[msg]
|
|upkeep
|turn|4
|
|t:|1639456707
|move|p2a: 全集中雷之呼吸|Thunder|p1a: Dubwool
|-damage|p1a: Dubwool|63/100
|move|p1a: Dubwool|Body Press|p2a: 全集中雷之呼吸
|-resisted|p2a: 全集中雷之呼吸
|-damage|p2a: 全集中雷之呼吸|30/100
|
|upkeep
|turn|5
|
|t:|1639456715
|move|p2a: 全集中雷之呼吸|Thunder|p1a: Dubwool
|-damage|p1a: Dubwool|26/100
|-status|p1a: Dubwool|par
|move|p1a: Dubwool|Body Press|p2a: 全集中雷之呼吸
|-resisted|p2a: 全集中雷之呼吸
|-damage|p2a: 全集中雷之呼吸|0 fnt
|faint|p2a: 全集中雷之呼吸
|
|upkeep
|
|t:|1639456734
|switch|p2a: 见谁灭谁橙冠蜥|Scrafty, F|100/100
|turn|6
|
|t:|1639456738
|move|p2a: 见谁灭谁橙冠蜥|Drain Punch|p1a: Dubwool
|-supereffective|p1a: Dubwool
|-damage|p1a: Dubwool|17/100 par
|-damage|p2a: 见谁灭谁橙冠蜥|91/100|[from] item: Life Orb
|move|p1a: Dubwool|Rest|p1a: Dubwool
|-status|p1a: Dubwool|slp|[from] move: Rest
|-heal|p1a: Dubwool|100/100 slp|[silent]
|
|upkeep
|turn|7
|
|t:|1639456747
|switch|p2a: 如果我是Dj你会爱我吗|Silvally-Ghost|100/100
|cant|p1a: Dubwool|slp
|
|upkeep
|turn|8
|
|t:|1639456752
|move|p2a: 如果我是Dj你会爱我吗|Swords Dance|p2a: 如果我是Dj你会爱我吗
|-boost|p2a: 如果我是Dj你会爱我吗|atk|2
|cant|p1a: Dubwool|slp
|
|upkeep
|turn|9
|
|t:|1639456762
|move|p2a: 如果我是Dj你会爱我吗|Swords Dance|p2a: 如果我是Dj你会爱我吗
|-boost|p2a: 如果我是Dj你会爱我吗|atk|2
|-curestatus|p1a: Dubwool|slp|[msg]
|move|p1a: Dubwool|Zen Headbutt|p2a: 如果我是Dj你会爱我吗
|-damage|p2a: 如果我是Dj你会爱我吗|85/100
|
|upkeep
|turn|10
|j| phoenix373
|
|t:|1639456782
|move|p2a: 如果我是Dj你会爱我吗|Swords Dance|p2a: 如果我是Dj你会爱我吗
|-boost|p2a: 如果我是Dj你会爱我吗|atk|2
|move|p1a: Dubwool|Zen Headbutt|p2a: 如果我是Dj你会爱我吗
|-damage|p2a: 如果我是Dj你会爱我吗|68/100
|
|upkeep
|turn|11
|
|t:|1639456785
|move|p2a: 如果我是Dj你会爱我吗|Flame Charge|p1a: Dubwool
|-damage|p1a: Dubwool|87/100
|-boost|p2a: 如果我是Dj你会爱我吗|spe|1
|move|p1a: Dubwool|Zen Headbutt|p2a: 如果我是Dj你会爱我吗|[miss]
|-miss|p1a: Dubwool|p2a: 如果我是Dj你会爱我吗
|
|upkeep
|turn|12
|
|t:|1639456789
|move|p2a: 如果我是Dj你会爱我吗|Flame Charge|p1a: Dubwool
|-damage|p1a: Dubwool|73/100
|-boost|p2a: 如果我是Dj你会爱我吗|spe|1
|move|p1a: Dubwool|Zen Headbutt|p2a: 如果我是Dj你会爱我吗
|-damage|p2a: 如果我是Dj你会爱我吗|51/100
|
|upkeep
|turn|13
|
|t:|1639456795
|move|p2a: 如果我是Dj你会爱我吗|Flame Charge|p1a: Dubwool
|-crit|p1a: Dubwool
|-damage|p1a: Dubwool|0 fnt
|-boost|p2a: 如果我是Dj你会爱我吗|spe|1
|faint|p1a: Dubwool
|
|upkeep
|-message|Crimfinity forfeited.
|
|win|shalutianwang
|n|☆Crimfinity|crimfinity
|n|☆shalutianwang|shalutianwang
|n| phoenix373|phoenix373
