|raw|<div class="broadcast-blue"><strong>This battle is required to be public due to a player having a name starting with 'pult4c1'.</div>
|j|☆PULT4C1 Inder
|j|☆yassy slay
|t:|1661029884
|gametype|singles
|player|p1|PULT4C1 Inder|#ruplixsleekslushrushers|1606
|player|p2|yassy slay|clown|1612
|teamsize|p1|6
|teamsize|p2|6
|gen|8
|tier|[Gen 8] PU
|rated|
|rule|Sleep Clause Mod: Limit one foe put to sleep
|rule|Species Clause: Limit one of each Pokémon
|rule|OHKO Clause: OHKO moves are banned
|rule|Evasion Items Clause: Evasion items are banned
|rule|Evasion Moves Clause: Evasion moves are banned
|rule|Endless Battle Clause: Forcing endless battles is banned
|rule|HP Percentage Mod: HP is shown in percentages
|rule|Dynamax Clause: You cannot dynamax
|clearpoke
|poke|p1|Kabutops, M|
|poke|p1|Glastrier|
|poke|p1|Silvally-*|
|poke|p1|Qwilfish, M|
|poke|p1|Doublade, M|
|poke|p1|Butterfree, F|
|poke|p2|Flapple, M|
|poke|p2|Weezing, M|
|poke|p2|Comfey, F|
|poke|p2|Gourgeist-*, M|
|poke|p2|Gigalith, M|
|poke|p2|Sandslash, M|
|teampreview
|inactive|Battle timer is ON: inactive players will automatically lose when time's up. (requested by PULT4C1 Inder)
|j| Maractus Official
|
|t:|1661029889
|start
|switch|p1a: Kabutops|Kabutops, M|100/100
|switch|p2a: Gourgeist|Gourgeist-Super, M|100/100
|-item|p1a: Kabutops|Focus Sash|[from] ability: Frisk|[of] p2a: Gourgeist|[identify]
|turn|1
|
|t:|1661029895
|move|p1a: Kabutops|Stealth Rock|p2a: Gourgeist
|-sidestart|p2: yassy slay|move: Stealth Rock
|move|p2a: Gourgeist|Power Whip|p1a: Kabutops
|-supereffective|p1a: Kabutops
|-enditem|p1a: Kabutops|Focus Sash
|-damage|p1a: Kabutops|1/100
|-ability|p1a: Kabutops|Weak Armor|boost
|-unboost|p1a: Kabutops|def|1
|-boost|p1a: Kabutops|spe|2
|
|upkeep
|turn|2
|
|t:|1661029904
|switch|p1a: Glastrier|Glastrier|100/100
|move|p2a: Gourgeist|Power Whip|p1a: Glastrier
|-damage|p1a: Glastrier|59/100
|
|-heal|p1a: Glastrier|65/100|[from] item: Leftovers
|upkeep
|turn|3
|
|t:|1661029907
|move|p2a: Gourgeist|Power Whip|p1a: Glastrier
|-damage|p1a: Glastrier|29/100
|move|p1a: Glastrier|Icicle Crash|p2a: Gourgeist
|-supereffective|p2a: Gourgeist
|-damage|p2a: Gourgeist|31/100
|
|-heal|p1a: Glastrier|35/100|[from] item: Leftovers
|upkeep
|turn|4
|l| Maractus Official
|
|t:|1661029915
|switch|p1a: Silvally|Silvally-Grass|100/100
|move|p2a: Gourgeist|Power Whip|p1a: Silvally
|-resisted|p1a: Silvally
|-damage|p1a: Silvally|68/100
|
|upkeep
|turn|5
|
|t:|1661029918
|move|p1a: Silvally|Swords Dance|p1a: Silvally
|-boost|p1a: Silvally|atk|2
|move|p2a: Gourgeist|Synthesis|p2a: Gourgeist
|-heal|p2a: Gourgeist|81/100
|
|upkeep
|turn|6
|
|t:|1661029921
|move|p1a: Silvally|Flame Charge|p2a: Gourgeist
|-supereffective|p2a: Gourgeist
|-damage|p2a: Gourgeist|30/100
|-boost|p1a: Silvally|spe|1
|move|p2a: Gourgeist|Poltergeist|p1a: Silvally
|-activate|p1a: Silvally|move: Poltergeist|Grass Memory
|-damage|p1a: Silvally|16/100
|
|upkeep
|turn|7
|
|t:|1661029925
|switch|p1a: Qwilfish|Qwilfish, M|100/100
|-ability|p1a: Qwilfish|Intimidate|boost
|-unboost|p2a: Gourgeist|atk|1
|move|p2a: Gourgeist|Shadow Sneak|p1a: Qwilfish
|-damage|p1a: Qwilfish|82/100
|
|upkeep
|turn|8
|j| kidcatburglar1412
|
|t:|1661029944
|switch|p2a: Weezing|Weezing, M|100/100
|-ability|p2a: Weezing|Neutralizing Gas
|-damage|p2a: Weezing|88/100|[from] Stealth Rock
|move|p1a: Qwilfish|Poison Jab|p2a: Weezing
|-resisted|p2a: Weezing
|-damage|p2a: Weezing|73/100
|-damage|p1a: Qwilfish|72/100|[from] item: Life Orb
|
|-heal|p2a: Weezing|79/100|[from] item: Black Sludge
|upkeep
|turn|9
|j| xSkelly34
|j| Squash
|inactive|PULT4C1 Inder has 120 seconds left.
|
|t:|1661029983
|move|p1a: Qwilfish|Swords Dance|p1a: Qwilfish
|-boost|p1a: Qwilfish|atk|2
|move|p2a: Weezing|Sludge Bomb|p1a: Qwilfish
|-resisted|p1a: Qwilfish
|-damage|p1a: Qwilfish|46/100
|
|-heal|p2a: Weezing|85/100|[from] item: Black Sludge
|upkeep
|turn|10
|
|t:|1661029993
|move|p1a: Qwilfish|Liquidation|p2a: Weezing
|-damage|p2a: Weezing|25/100
|-damage|p1a: Qwilfish|36/100|[from] item: Life Orb
|move|p2a: Weezing|Sludge Bomb|p1a: Qwilfish
|-resisted|p1a: Qwilfish
|-damage|p1a: Qwilfish|9/100
|
|-heal|p2a: Weezing|31/100|[from] item: Black Sludge
|upkeep
|turn|11
|
|t:|1661030004
|move|p1a: Qwilfish|Liquidation|p2a: Weezing
|-damage|p2a: Weezing|0 fnt
|faint|p2a: Weezing
|-end|p2a: Weezing|ability: Neutralizing Gas
|-damage|p1a: Qwilfish|0 fnt|[from] item: Life Orb
|faint|p1a: Qwilfish
|
|upkeep
|inactive|PULT4C1 Inder has 120 seconds left.
|inactive|PULT4C1 Inder has 90 seconds left.
|j| ekelelellee
|inactive|PULT4C1 Inder has 60 seconds left.
|
|t:|1661030098
|switch|p1a: Silvally|Silvally-Grass|16/100
|switch|p2a: Gourgeist|Gourgeist-Super, M|30/100
|-damage|p2a: Gourgeist|18/100|[from] Stealth Rock
|-item|p1a: Silvally|Grass Memory|[from] ability: Frisk|[of] p2a: Gourgeist|[identify]
|turn|12
|inactive|PULT4C1 Inder has 60 seconds left.
|
|t:|1661030107
|switch|p1a: Kabutops|Kabutops, M|1/100
|move|p2a: Gourgeist|Shadow Sneak|p1a: Kabutops
|-damage|p1a: Kabutops|0 fnt
|faint|p1a: Kabutops
|
|upkeep
|
|t:|1661030109
|switch|p1a: Doublade|Doublade, M|100/100
|turn|13
|
|t:|1661030112
|switch|p2a: Sandslash|Sandslash, M|100/100
|move|p1a: Doublade|Iron Head|p2a: Sandslash
|-damage|p2a: Sandslash|59/100
|
|upkeep
|turn|14
|
|t:|1661030118
|move|p2a: Sandslash|Knock Off|p1a: Doublade
|-supereffective|p1a: Doublade
|-damage|p1a: Doublade|65/100
|-enditem|p1a: Doublade|Eviolite|[from] move: Knock Off|[of] p2a: Sandslash
|move|p1a: Doublade|Iron Head|p2a: Sandslash
|-damage|p2a: Sandslash|20/100
|
|upkeep
|turn|15
|
|t:|1661030121
|move|p1a: Doublade|Shadow Sneak|p2a: Sandslash
|-damage|p2a: Sandslash|0 fnt
|faint|p2a: Sandslash
|
|upkeep
|
|t:|1661030127
|switch|p2a: Flapple|Flapple, M|100/100
|-damage|p2a: Flapple|88/100|[from] Stealth Rock
|turn|16
|l| kidcatburglar1412
|inactive|PULT4C1 Inder has 90 seconds left.
|inactive|PULT4C1 Inder has 60 seconds left.
|inactive|PULT4C1 Inder has 30 seconds left.
|inactive|PULT4C1 Inder has 20 seconds left.
|inactive|PULT4C1 Inder has 15 seconds left.
|c| Squash|inder
|
|t:|1661030222
|switch|p1a: Silvally|Silvally-Grass|16/100
|move|p2a: Flapple|Grav Apple|p1a: Silvally
|-resisted|p1a: Silvally
|-damage|p1a: Silvally|0 fnt
|faint|p1a: Silvally
|-damage|p2a: Flapple|78/100|[from] item: Life Orb
|
|upkeep
|inactive|PULT4C1 Inder has 20 seconds left this turn.
|
|t:|1661030227
|switch|p1a: Butterfree|Butterfree, F|100/100
|turn|17
|inactive|PULT4C1 Inder has 30 seconds left this turn.
|
|t:|1661030234
|switch|p2a: Gigalith|Gigalith, M|100/100
|-damage|p2a: Gigalith|88/100|[from] Stealth Rock
|-weather|Sandstorm|[from] ability: Sand Stream|[of] p2a: Gigalith
|move|p1a: Butterfree|Bug Buzz|p2a: Gigalith
|-damage|p2a: Gigalith|71/100
|
|-weather|Sandstorm|[upkeep]
|-damage|p1a: Butterfree|94/100|[from] Sandstorm
|-heal|p2a: Gigalith|77/100|[from] item: Leftovers
|upkeep
|turn|18
|
|t:|1661030239
|move|p1a: Butterfree|Sleep Powder|p2a: Gigalith
|-status|p2a: Gigalith|slp|[from] move: Sleep Powder
|cant|p2a: Gigalith|slp
|
|-weather|Sandstorm|[upkeep]
|-damage|p1a: Butterfree|88/100|[from] Sandstorm
|-heal|p2a: Gigalith|83/100 slp|[from] item: Leftovers
|upkeep
|turn|19
|
|t:|1661030242
|switch|p1a: Doublade|Doublade, M|65/100
|cant|p2a: Gigalith|slp
|
|-weather|Sandstorm|[upkeep]
|-heal|p2a: Gigalith|89/100 slp|[from] item: Leftovers
|upkeep
|turn|20
|
|t:|1661030249
|move|p1a: Doublade|Iron Head|p2a: Gigalith
|-supereffective|p2a: Gigalith
|-damage|p2a: Gigalith|33/100 slp
|cant|p2a: Gigalith|slp
|
|-weather|Sandstorm|[upkeep]
|-heal|p2a: Gigalith|39/100 slp|[from] item: Leftovers
|upkeep
|turn|21
|inactive|PULT4C1 Inder has 60 seconds left.
|
|t:|1661030260
|move|p1a: Doublade|Iron Head|p2a: Gigalith
|-supereffective|p2a: Gigalith
|-damage|p2a: Gigalith|0 fnt
|faint|p2a: Gigalith
|
|-weather|none
|upkeep
|
|t:|1661030262
|switch|p2a: Flapple|Flapple, M|78/100
|-damage|p2a: Flapple|66/100|[from] Stealth Rock
|turn|22
|j| Micciu20250
|j| PULT4C1 Redemption
|l| PULT4C1 Redemption
|inactive|PULT4C1 Inder has 60 seconds left.
|j| PULT4C1 Redemption
|
|t:|1661030286
|switch|p1a: Glastrier|Glastrier|35/100
|move|p2a: Flapple|Grav Apple|p1a: Glastrier
|-damage|p1a: Glastrier|0 fnt
|faint|p1a: Glastrier
|-damage|p2a: Flapple|56/100|[from] item: Life Orb
|
|upkeep
|
|t:|1661030289
|switch|p1a: Butterfree|Butterfree, F|88/100
|turn|23
|
|t:|1661030299
|move|p1a: Butterfree|Bug Buzz|p2a: Flapple
|-supereffective|p2a: Flapple
|-damage|p2a: Flapple|0 fnt
|faint|p2a: Flapple
|
|upkeep
|j| Maractus Official
|
|t:|1661030314
|switch|p2a: Comfey|Comfey, F|100/100
|-damage|p2a: Comfey|88/100|[from] Stealth Rock
|turn|24
|
|t:|1661030318
|switch|p1a: Doublade|Doublade, M|65/100
|move|p2a: Comfey|Draining Kiss|p1a: Doublade
|-resisted|p1a: Doublade
|-damage|p1a: Doublade|35/100
|-heal|p2a: Comfey|100/100|[from] drain|[of] p1a: Doublade
|
|upkeep
|turn|25
|
|t:|1661030324
|move|p2a: Comfey|Draining Kiss|p1a: Doublade
|-resisted|p1a: Doublade
|-damage|p1a: Doublade|3/100
|move|p1a: Doublade|Iron Head|p2a: Comfey
|-supereffective|p2a: Comfey
|-crit|p2a: Comfey
|-damage|p2a: Comfey|0 fnt
|faint|p2a: Comfey
|
|upkeep
|
|t:|1661030325
|switch|p2a: Gourgeist|Gourgeist-Super, M|18/100
|-damage|p2a: Gourgeist|5/100|[from] Stealth Rock
|turn|26
|
|t:|1661030328
|move|p2a: Gourgeist|Shadow Sneak|p1a: Doublade
|-supereffective|p1a: Doublade
|-damage|p1a: Doublade|0 fnt
|faint|p1a: Doublade
|
|upkeep
|
|t:|1661030330
|switch|p1a: Butterfree|Butterfree, F|88/100
|turn|27
|
|t:|1661030332
|move|p2a: Gourgeist|Shadow Sneak|p1a: Butterfree
|-damage|p1a: Butterfree|43/100
|move|p1a: Butterfree|Bug Buzz|p2a: Gourgeist
|-damage|p2a: Gourgeist|0 fnt
|faint|p2a: Gourgeist
|
|win|PULT4C1 Inder
|raw|PULT4C1 Inder's rating: 1624 &rarr; <strong>1643</strong><br />(+19 for winning)
|raw|yassy slay's rating: 1612 &rarr; <strong>1593</strong><br />(-19 for losing)
|c|☆yassy slay|gg
