|j|☆Haffling
|j|☆sugar ovens
|t:|1655659460
|gametype|singles
|player|p1|Haffling|cyrus|
|player|p2|sugar ovens|twins|
|teamsize|p1|6
|teamsize|p2|6
|gen|8
|tier|[Gen 8] PU
|rated|Tournament battle
|rule|Sleep Clause Mod: Limit one foe put to sleep
|rule|Species Clause: Limit one of each Pokémon
|rule|OHKO Clause: OHKO moves are banned
|rule|Evasion Moves Clause: Evasion moves are banned
|rule|Endless Battle Clause: Forcing endless battles is banned
|rule|HP Percentage Mod: HP is shown in percentages
|rule|Dynamax Clause: You cannot dynamax
|clearpoke
|poke|p1|Regirock|
|poke|p1|Gourgeist-*, M|
|poke|p1|Ferroseed, F|
|poke|p1|Garbodor, M|
|poke|p1|Aromatisse, M|
|poke|p1|Sandslash, M|
|poke|p2|Vikavolt, F|
|poke|p2|Regirock|
|poke|p2|Jellicent, F|
|poke|p2|Togedemaru, F|
|poke|p2|Charizard, M|
|poke|p2|Gurdurr, F|
|teampreview
|c|☆Haffling|hf
|c|☆sugar ovens|u2
|
|t:|1655659480
|start
|switch|p1a: Regirock|Regirock|100/100
|switch|p2a: Vikavolt|Vikavolt, F|100/100
|turn|1
|
|t:|1655659489
|switch|p2a: Regirock|Regirock|100/100
|move|p1a: Regirock|Rock Blast|p2a: Regirock
|-damage|p2a: Regirock|96/100
|-damage|p2a: Regirock|92/100
|-damage|p2a: Regirock|88/100
|-hitcount|p2a: Regirock|3
|
|-heal|p2a: Regirock|94/100|[from] item: Leftovers
|upkeep
|turn|2
|
|t:|1655659494
|move|p1a: Regirock|Iron Defense|p1a: Regirock
|-boost|p1a: Regirock|def|2
|move|p2a: Regirock|Stealth Rock|p1a: Regirock
|-sidestart|p1: Haffling|move: Stealth Rock
|
|-heal|p2a: Regirock|99/100|[from] item: Leftovers
|upkeep
|turn|3
|
|t:|1655659499
|switch|p2a: Jellicent|Jellicent, F|100/100
|move|p1a: Regirock|Iron Defense|p1a: Regirock
|-boost|p1a: Regirock|def|2
|
|upkeep
|turn|4
|
|t:|1655659504
|switch|p1a: Ferroseed|Ferroseed, F|100/100
|-damage|p1a: Ferroseed|94/100|[from] Stealth Rock
|move|p2a: Jellicent|Taunt|p1a: Ferroseed
|-start|p1a: Ferroseed|move: Taunt
|
|upkeep
|turn|5
|
|t:|1655659509
|switch|p1a: Garbodor|Garbodor, M|100/100
|-damage|p1a: Garbodor|88/100|[from] Stealth Rock
|move|p2a: Jellicent|Will-O-Wisp|p1a: Garbodor
|-status|p1a: Garbodor|brn
|
|-damage|p1a: Garbodor|82/100 brn|[from] brn
|upkeep
|turn|6
|
|t:|1655659518
|switch|p2a: Vikavolt|Vikavolt, F|100/100
|move|p1a: Garbodor|Toxic Spikes|p2a: Vikavolt
|-sidestart|p2: sugar ovens|move: Toxic Spikes
|
|-damage|p1a: Garbodor|76/100 brn|[from] brn
|upkeep
|turn|7
|
|t:|1655659525
|switch|p1a: Sandslash|Sandslash, M|100/100
|move|p2a: Vikavolt|Thunderbolt|p1a: Sandslash
|-immune|p1a: Sandslash
|
|upkeep
|turn|8
|
|t:|1655659530
|move|p1a: Sandslash|Rapid Spin|p2a: Vikavolt
|-damage|p2a: Vikavolt|82/100
|-boost|p1a: Sandslash|spe|1
|-sideend|p1: Haffling|Stealth Rock|[from] move: Rapid Spin|[of] p1a: Sandslash
|move|p2a: Vikavolt|Energy Ball|p1a: Sandslash
|-supereffective|p1a: Sandslash
|-damage|p1a: Sandslash|0 fnt
|faint|p1a: Sandslash
|
|upkeep
|
|t:|1655659535
|switch|p1a: Gourgeist|Gourgeist-Super, M|100/100
|-item|p2a: Vikavolt|Heavy-Duty Boots|[from] ability: Frisk|[of] p1a: Gourgeist|[identify]
|turn|9
|c|☆Haffling|i always forget it gets that lol
|
|t:|1655659550
|switch|p2a: Togedemaru|Togedemaru, F|100/100
|move|p1a: Gourgeist|Poltergeist||[still]
|-fail|p1a: Gourgeist
|
|upkeep
|turn|10
|
|t:|1655659558
|move|p2a: Togedemaru|Wish|p2a: Togedemaru
|move|p1a: Gourgeist|Power Whip|p2a: Togedemaru
|-resisted|p2a: Togedemaru
|-damage|p2a: Togedemaru|56/100
|
|upkeep
|turn|11
|
|t:|1655659565
|move|p2a: Togedemaru|Iron Head|p1a: Gourgeist
|-damage|p1a: Gourgeist|74/100
|move|p1a: Gourgeist|Poltergeist||[still]
|-fail|p1a: Gourgeist
|
|-heal|p2a: Togedemaru|100/100|[from] move: Wish|[wisher] Togedemaru
|upkeep
|turn|12
|
|t:|1655659571
|move|p2a: Togedemaru|Wish|p2a: Togedemaru
|move|p1a: Gourgeist|Synthesis|p1a: Gourgeist
|-heal|p1a: Gourgeist|100/100
|
|upkeep
|turn|13
|
|t:|1655659588
|move|p2a: Togedemaru|Iron Head|p1a: Gourgeist
|-damage|p1a: Gourgeist|74/100
|move|p1a: Gourgeist|Poltergeist||[still]
|-fail|p1a: Gourgeist
|
|upkeep
|turn|14
|
|t:|1655659594
|move|p2a: Togedemaru|Spiky Shield|p2a: Togedemaru
|-singleturn|p2a: Togedemaru|move: Protect
|move|p1a: Gourgeist|Synthesis|p1a: Gourgeist
|-heal|p1a: Gourgeist|100/100
|
|upkeep
|turn|15
|
|t:|1655659600
|move|p2a: Togedemaru|Iron Head|p1a: Gourgeist
|-damage|p1a: Gourgeist|76/100
|move|p1a: Gourgeist|Power Whip|p2a: Togedemaru
|-resisted|p2a: Togedemaru
|-damage|p2a: Togedemaru|55/100
|
|upkeep
|turn|16
|
|t:|1655659607
|move|p2a: Togedemaru|Wish|p2a: Togedemaru
|move|p1a: Gourgeist|Power Whip|p2a: Togedemaru
|-resisted|p2a: Togedemaru
|-damage|p2a: Togedemaru|13/100
|
|upkeep
|turn|17
|
|t:|1655659620
|move|p2a: Togedemaru|Spiky Shield|p2a: Togedemaru
|-singleturn|p2a: Togedemaru|move: Protect
|move|p1a: Gourgeist|Power Whip|p2a: Togedemaru
|-activate|p2a: Togedemaru|move: Protect
|-damage|p1a: Gourgeist|64/100|[from] Spiky Shield|[of] p2a: Togedemaru
|
|-heal|p2a: Togedemaru|63/100|[from] move: Wish|[wisher] Togedemaru
|upkeep
|turn|18
|
|t:|1655659627
|move|p2a: Togedemaru|Wish|p2a: Togedemaru
|move|p1a: Gourgeist|Synthesis|p1a: Gourgeist
|-heal|p1a: Gourgeist|100/100
|
|upkeep
|turn|19
|
|t:|1655659631
|move|p2a: Togedemaru|Spiky Shield|p2a: Togedemaru
|-singleturn|p2a: Togedemaru|move: Protect
|move|p1a: Gourgeist|Power Whip|p2a: Togedemaru
|-activate|p2a: Togedemaru|move: Protect
|-damage|p1a: Gourgeist|88/100|[from] Spiky Shield|[of] p2a: Togedemaru
|
|-heal|p2a: Togedemaru|100/100|[from] move: Wish|[wisher] Togedemaru
|upkeep
|turn|20
|
|t:|1655659637
|move|p2a: Togedemaru|U-turn|p1a: Gourgeist
|-damage|p1a: Gourgeist|73/100
|
|t:|1655659640
|switch|p2a: Charizard|Charizard, M|100/100|[from]move: U-turn
|move|p1a: Gourgeist|Power Whip|p2a: Charizard
|-resisted|p2a: Charizard
|-damage|p2a: Charizard|81/100
|
|upkeep
|turn|21
|
|t:|1655659650
|switch|p1a: Regirock|Regirock|100/100
|move|p2a: Charizard|Flamethrower|p1a: Regirock
|-resisted|p1a: Regirock
|-damage|p1a: Regirock|86/100
|
|-heal|p1a: Regirock|93/100|[from] item: Leftovers
|upkeep
|turn|22
|
|t:|1655659656
|switch|p2a: Jellicent|Jellicent, F|100/100
|move|p1a: Regirock|Rock Blast|p2a: Jellicent
|-damage|p2a: Jellicent|94/100
|-damage|p2a: Jellicent|87/100
|-hitcount|p2a: Jellicent|2
|
|-heal|p1a: Regirock|99/100|[from] item: Leftovers
|upkeep
|turn|23
|
|t:|1655659665
|switch|p1a: Ferroseed|Ferroseed, F|94/100
|move|p2a: Jellicent|Scald|p1a: Ferroseed
|-resisted|p1a: Ferroseed
|-damage|p1a: Ferroseed|84/100
|
|upkeep
|turn|24
|
|t:|1655659671
|switch|p1a: Gourgeist|Gourgeist-Super, M|73/100
|-item|p2a: Jellicent|Heavy-Duty Boots|[from] ability: Frisk|[of] p1a: Gourgeist|[identify]
|move|p2a: Jellicent|Will-O-Wisp|p1a: Gourgeist
|-status|p1a: Gourgeist|brn
|
|-damage|p1a: Gourgeist|67/100 brn|[from] brn
|upkeep
|turn|25
|
|t:|1655659680
|switch|p1a: Aromatisse|Aromatisse, M|100/100
|switch|p2a: Vikavolt|Vikavolt, F|82/100
|
|upkeep
|turn|26
|
|t:|1655659690
|move|p2a: Vikavolt|Thunderbolt|p1a: Aromatisse
|-damage|p1a: Aromatisse|47/100
|move|p1a: Aromatisse|Wish|p1a: Aromatisse
|
|-heal|p1a: Aromatisse|54/100|[from] item: Leftovers
|upkeep
|turn|27
|
|t:|1655659708
|move|p1a: Aromatisse|Protect|p1a: Aromatisse
|-singleturn|p1a: Aromatisse|Protect
|move|p2a: Vikavolt|Bug Buzz|p1a: Aromatisse
|-activate|p1a: Aromatisse|move: Protect
|
|-heal|p1a: Aromatisse|100/100|[from] move: Wish|[wisher] Aromatisse
|upkeep
|turn|28
|
|t:|1655659711
|move|p2a: Vikavolt|Thunderbolt|p1a: Aromatisse
|-damage|p1a: Aromatisse|48/100
|-status|p1a: Aromatisse|par
|move|p1a: Aromatisse|Wish|p1a: Aromatisse
|
|-heal|p1a: Aromatisse|54/100 par|[from] item: Leftovers
|upkeep
|turn|29
|
|t:|1655659717
|switch|p2a: Togedemaru|Togedemaru, F|100/100
|move|p1a: Aromatisse|Aromatherapy|p1a: Aromatisse
|-activate|p1a: Aromatisse|move: Aromatherapy
|-curestatus|p1a: Aromatisse|par|[msg]
|-curestatus|p1: Gourgeist|brn|[msg]
|-curestatus|p1: Garbodor|brn|[msg]
|
|-heal|p1a: Aromatisse|100/100|[from] move: Wish|[wisher] Aromatisse
|upkeep
|turn|30
|
|t:|1655659732
|switch|p1a: Ferroseed|Ferroseed, F|84/100
|move|p2a: Togedemaru|U-turn|p1a: Ferroseed
|-damage|p1a: Ferroseed|75/100
|-damage|p2a: Togedemaru|88/100|[from] ability: Iron Barbs|[of] p1a: Ferroseed
|
|t:|1655659736
|switch|p2a: Charizard|Charizard, M|81/100|[from]move: U-turn
|
|upkeep
|turn|31
|
|t:|1655659741
|move|p2a: Charizard|Defog|p1a: Ferroseed
|-unboost|p1a: Ferroseed|evasion|1
|-sideend|p2: sugar ovens|Toxic Spikes|[from] move: Defog|[of] p2a: Charizard
|move|p1a: Ferroseed|Toxic|p2a: Charizard
|-status|p2a: Charizard|tox
|
|-damage|p2a: Charizard|75/100 tox|[from] psn
|upkeep
|turn|32
|
|t:|1655659751
|switch|p2a: Regirock|Regirock|99/100
|switch|p1a: Regirock|Regirock|99/100
|
|-heal|p1a: Regirock|100/100|[from] item: Leftovers
|-heal|p2a: Regirock|100/100|[from] item: Leftovers
|upkeep
|turn|33
|
|t:|1655659757
|switch|p1a: Garbodor|Garbodor, M|76/100
|move|p2a: Regirock|Stealth Rock|p1a: Garbodor
|-sidestart|p1: Haffling|move: Stealth Rock
|
|upkeep
|turn|34
|
|t:|1655659761
|move|p1a: Garbodor|Spikes|p2a: Regirock
|-sidestart|p2: sugar ovens|Spikes
|move|p2a: Regirock|Rock Blast|p1a: Garbodor
|-damage|p1a: Garbodor|69/100
|-damage|p1a: Garbodor|62/100
|-crit|p1a: Garbodor
|-damage|p1a: Garbodor|50/100
|-hitcount|p1a: Garbodor|3
|
|upkeep
|turn|35
|
|t:|1655659769
|move|p1a: Garbodor|Spikes|p2a: Regirock
|-sidestart|p2: sugar ovens|Spikes
|move|p2a: Regirock|Rock Blast|p1a: Garbodor
|-damage|p1a: Garbodor|43/100
|-damage|p1a: Garbodor|36/100
|-damage|p1a: Garbodor|28/100
|-damage|p1a: Garbodor|21/100
|-damage|p1a: Garbodor|14/100
|-hitcount|p1a: Garbodor|5
|
|upkeep
|turn|36
|j|%termiii
|
|t:|1655659781
|switch|p1a: Regirock|Regirock|100/100
|-damage|p1a: Regirock|88/100|[from] Stealth Rock
|switch|p2a: Vikavolt|Vikavolt, F|82/100
|
|-heal|p1a: Regirock|94/100|[from] item: Leftovers
|upkeep
|turn|37
|
|t:|1655659786
|move|p2a: Vikavolt|Energy Ball|p1a: Regirock
|-supereffective|p1a: Regirock
|-damage|p1a: Regirock|38/100
|move|p1a: Regirock|Rock Blast|p2a: Vikavolt
|-supereffective|p2a: Vikavolt
|-damage|p2a: Vikavolt|61/100
|-supereffective|p2a: Vikavolt
|-damage|p2a: Vikavolt|38/100
|-hitcount|p2a: Vikavolt|2
|
|-heal|p1a: Regirock|44/100|[from] item: Leftovers
|upkeep
|turn|38
|
|t:|1655659798
|switch|p1a: Garbodor|Garbodor, M|14/100
|-damage|p1a: Garbodor|2/100|[from] Stealth Rock
|move|p2a: Vikavolt|Energy Ball|p1a: Garbodor
|-resisted|p1a: Garbodor
|-damage|p1a: Garbodor|0 fnt
|faint|p1a: Garbodor
|
|upkeep
|
|t:|1655659802
|switch|p1a: Gourgeist|Gourgeist-Super, M|67/100
|-damage|p1a: Gourgeist|55/100|[from] Stealth Rock
|-item|p2a: Vikavolt|Heavy-Duty Boots|[from] ability: Frisk|[of] p1a: Gourgeist|[identify]
|turn|39
|
|t:|1655659811
|move|p1a: Gourgeist|Poltergeist|p2a: Vikavolt
|-activate|p2a: Vikavolt|move: Poltergeist|Heavy-Duty Boots
|-damage|p2a: Vikavolt|0 fnt
|faint|p2a: Vikavolt
|
|upkeep
|
|t:|1655659819
|switch|p2a: Charizard|Charizard, M|75/100 tox
|turn|40
|
|t:|1655659825
|switch|p1a: Regirock|Regirock|44/100
|-damage|p1a: Regirock|32/100|[from] Stealth Rock
|move|p2a: Charizard|Flamethrower|p1a: Regirock
|-resisted|p1a: Regirock
|-crit|p1a: Regirock
|-damage|p1a: Regirock|10/100
|
|-heal|p1a: Regirock|16/100|[from] item: Leftovers
|-damage|p2a: Charizard|69/100 tox|[from] psn
|upkeep
|turn|41
|
|t:|1655659840
|switch|p2a: Jellicent|Jellicent, F|87/100
|move|p1a: Regirock|Rest|p1a: Regirock
|-status|p1a: Regirock|slp|[from] move: Rest
|-heal|p1a: Regirock|100/100 slp|[silent]
|
|upkeep
|turn|42
|
|t:|1655659849
|switch|p1a: Aromatisse|Aromatisse, M|100/100
|-damage|p1a: Aromatisse|88/100|[from] Stealth Rock
|move|p2a: Jellicent|Will-O-Wisp|p1a: Aromatisse
|-status|p1a: Aromatisse|brn
|
|-heal|p1a: Aromatisse|94/100 brn|[from] item: Leftovers
|-damage|p1a: Aromatisse|88/100 brn|[from] brn
|upkeep
|turn|43
|
|t:|1655659865
|switch|p2a: Charizard|Charizard, M|69/100 tox
|move|p1a: Aromatisse|Aromatherapy|p1a: Aromatisse
|-activate|p1a: Aromatisse|move: Aromatherapy
|-curestatus|p1a: Aromatisse|brn|[msg]
|-curestatus|p1: Regirock|slp|[msg]
|
|-heal|p1a: Aromatisse|94/100|[from] item: Leftovers
|-damage|p2a: Charizard|63/100 tox|[from] psn
|upkeep
|turn|44
|
|t:|1655659872
|move|p1a: Aromatisse|Protect|p1a: Aromatisse
|-singleturn|p1a: Aromatisse|Protect
|move|p2a: Charizard|Defog|p1a: Aromatisse
|-activate|p1a: Aromatisse|move: Protect
|
|-heal|p1a: Aromatisse|100/100|[from] item: Leftovers
|-damage|p2a: Charizard|51/100 tox|[from] psn
|upkeep
|turn|45
|
|t:|1655659880
|move|p2a: Charizard|Defog|p1a: Aromatisse
|-unboost|p1a: Aromatisse|evasion|1
|-sideend|p1: Haffling|Stealth Rock|[from] move: Defog|[of] p2a: Charizard
|-sideend|p2: sugar ovens|Spikes|[from] move: Defog|[of] p2a: Charizard
|move|p1a: Aromatisse|Wish|p1a: Aromatisse
|
|-damage|p2a: Charizard|33/100 tox|[from] psn
|upkeep
|turn|46
|
|t:|1655659891
|move|p2a: Charizard|Roost|p2a: Charizard
|-heal|p2a: Charizard|83/100 tox
|-singleturn|p2a: Charizard|move: Roost
|move|p1a: Aromatisse|Moonblast|p2a: Charizard
|-resisted|p2a: Charizard
|-damage|p2a: Charizard|61/100 tox
|-unboost|p2a: Charizard|spa|1
|
|-damage|p2a: Charizard|37/100 tox|[from] psn
|upkeep
|turn|47
|
|t:|1655659902
|switch|p2a: Togedemaru|Togedemaru, F|88/100
|move|p1a: Aromatisse|Wish|p1a: Aromatisse
|
|upkeep
|turn|48
|j| FutureForeSight
|
|t:|1655659915
|switch|p2a: Jellicent|Jellicent, F|87/100
|switch|p1a: Ferroseed|Ferroseed, F|75/100
|
|-heal|p1a: Ferroseed|100/100|[from] move: Wish|[wisher] Aromatisse
|upkeep
|turn|49
|
|t:|1655659924
|switch|p1a: Gourgeist|Gourgeist-Super, M|55/100
|-item|p2a: Jellicent|Heavy-Duty Boots|[from] ability: Frisk|[of] p1a: Gourgeist|[identify]
|move|p2a: Jellicent|Will-O-Wisp|p1a: Gourgeist
|-status|p1a: Gourgeist|brn
|
|-damage|p1a: Gourgeist|49/100 brn|[from] brn
|upkeep
|turn|50
|
|t:|1655659936
|switch|p1a: Aromatisse|Aromatisse, M|100/100
|switch|p2a: Togedemaru|Togedemaru, F|88/100
|
|upkeep
|turn|51
|
|t:|1655659941
|move|p2a: Togedemaru|Wish|p2a: Togedemaru
|move|p1a: Aromatisse|Wish|p1a: Aromatisse
|
|upkeep
|turn|52
|
|t:|1655659948
|switch|p1a: Gourgeist|Gourgeist-Super, M|49/100 brn
|move|p2a: Togedemaru|U-turn|p1a: Gourgeist
|-damage|p1a: Gourgeist|34/100 brn
|
|t:|1655659957
|switch|p2a: Charizard|Charizard, M|37/100 tox|[from]move: U-turn
|
|-heal|p2a: Charizard|92/100 tox|[from] move: Wish|[wisher] Togedemaru
|-heal|p1a: Gourgeist|98/100 brn|[from] move: Wish|[wisher] Aromatisse
|-damage|p2a: Charizard|86/100 tox|[from] psn
|-damage|p1a: Gourgeist|92/100 brn|[from] brn
|upkeep
|turn|53
|
|t:|1655659975
|switch|p1a: Regirock|Regirock|100/100
|move|p2a: Charizard|Flamethrower|p1a: Regirock
|-resisted|p1a: Regirock
|-damage|p1a: Regirock|86/100
|
|-heal|p1a: Regirock|92/100|[from] item: Leftovers
|-damage|p2a: Charizard|74/100 tox|[from] psn
|upkeep
|turn|54
|
|t:|1655659993
|switch|p2a: Regirock|Regirock|100/100
|switch|p1a: Aromatisse|Aromatisse, M|100/100
|
|upkeep
|turn|55
|
|t:|1655660003
|switch|p1a: Ferroseed|Ferroseed, F|100/100
|move|p2a: Regirock|Stealth Rock|p1a: Ferroseed
|-sidestart|p1: Haffling|move: Stealth Rock
|
|upkeep
|turn|56
|
|t:|1655660011
|move|p2a: Regirock|Body Press|p1a: Ferroseed
|-supereffective|p1a: Ferroseed
|-damage|p1a: Ferroseed|47/100
|-damage|p2a: Regirock|88/100|[from] ability: Iron Barbs|[of] p1a: Ferroseed
|move|p1a: Ferroseed|Stealth Rock|p2a: Regirock
|-sidestart|p2: sugar ovens|move: Stealth Rock
|
|-heal|p2a: Regirock|94/100|[from] item: Leftovers
|upkeep
|turn|57
|
|t:|1655660026
|switch|p1a: Aromatisse|Aromatisse, M|100/100
|-damage|p1a: Aromatisse|88/100|[from] Stealth Rock
|move|p2a: Regirock|Body Press|p1a: Aromatisse
|-resisted|p1a: Aromatisse
|-damage|p1a: Aromatisse|73/100
|
|-heal|p2a: Regirock|99/100|[from] item: Leftovers
|-heal|p1a: Aromatisse|80/100|[from] item: Leftovers
|upkeep
|turn|58
|
|t:|1655660038
|move|p2a: Regirock|Rock Blast|p1a: Aromatisse
|-damage|p1a: Aromatisse|73/100
|-damage|p1a: Aromatisse|67/100
|-hitcount|p1a: Aromatisse|2
|move|p1a: Aromatisse|Wish|p1a: Aromatisse
|
|-heal|p2a: Regirock|100/100|[from] item: Leftovers
|-heal|p1a: Aromatisse|73/100|[from] item: Leftovers
|upkeep
|turn|59
|
|t:|1655660053
|switch|p2a: Togedemaru|Togedemaru, F|88/100
|-damage|p2a: Togedemaru|82/100|[from] Stealth Rock
|move|p1a: Aromatisse|Moonblast|p2a: Togedemaru
|-resisted|p2a: Togedemaru
|-damage|p2a: Togedemaru|69/100
|
|-heal|p1a: Aromatisse|100/100|[from] move: Wish|[wisher] Aromatisse
|upkeep
|turn|60
|
|t:|1655660066
|move|p2a: Togedemaru|Wish|p2a: Togedemaru
|move|p1a: Aromatisse|Wish|p1a: Aromatisse
|
|upkeep
|turn|61
|
|t:|1655660081
|switch|p1a: Ferroseed|Ferroseed, F|47/100
|-damage|p1a: Ferroseed|41/100|[from] Stealth Rock
|move|p2a: Togedemaru|Iron Head|p1a: Ferroseed
|-resisted|p1a: Ferroseed
|-damage|p1a: Ferroseed|33/100
|-damage|p2a: Togedemaru|56/100|[from] ability: Iron Barbs|[of] p1a: Ferroseed
|
|-heal|p1a: Ferroseed|100/100|[from] move: Wish|[wisher] Aromatisse
|-heal|p2a: Togedemaru|100/100|[from] move: Wish|[wisher] Togedemaru
|upkeep
|turn|62
|
|t:|1655660089
|switch|p2a: Regirock|Regirock|100/100
|-damage|p2a: Regirock|88/100|[from] Stealth Rock
|move|p1a: Ferroseed|Leech Seed|p2a: Regirock
|-start|p2a: Regirock|move: Leech Seed
|
|-heal|p2a: Regirock|94/100|[from] item: Leftovers
|-damage|p2a: Regirock|82/100|[from] Leech Seed|[of] p1a: Ferroseed
|upkeep
|turn|63
|
|t:|1655660107
|move|p2a: Regirock|Body Press|p1a: Ferroseed
|-supereffective|p1a: Ferroseed
|-damage|p1a: Ferroseed|53/100
|-damage|p2a: Regirock|69/100|[from] ability: Iron Barbs|[of] p1a: Ferroseed
|move|p1a: Ferroseed|Toxic|p2a: Regirock
|-status|p2a: Regirock|tox
|
|-heal|p2a: Regirock|75/100 tox|[from] item: Leftovers
|-damage|p2a: Regirock|63/100 tox|[from] Leech Seed|[of] p1a: Ferroseed
|-heal|p1a: Ferroseed|68/100|[silent]
|-damage|p2a: Regirock|57/100 tox|[from] psn
|upkeep
|turn|64
|j| Ghoulery
|
|t:|1655660122
|switch|p2a: Togedemaru|Togedemaru, F|100/100
|-damage|p2a: Togedemaru|94/100|[from] Stealth Rock
|switch|p1a: Aromatisse|Aromatisse, M|100/100
|-damage|p1a: Aromatisse|88/100|[from] Stealth Rock
|
|-heal|p1a: Aromatisse|94/100|[from] item: Leftovers
|upkeep
|turn|65
|
|t:|1655660133
|move|p1a: Aromatisse|Protect|p1a: Aromatisse
|-singleturn|p1a: Aromatisse|Protect
|move|p2a: Togedemaru|Iron Head|p1a: Aromatisse
|-activate|p1a: Aromatisse|move: Protect
|
|-heal|p1a: Aromatisse|100/100|[from] item: Leftovers
|upkeep
|turn|66
|
|t:|1655660144
|move|p2a: Togedemaru|Iron Head|p1a: Aromatisse
|-supereffective|p1a: Aromatisse
|-crit|p1a: Aromatisse
|-damage|p1a: Aromatisse|44/100
|move|p1a: Aromatisse|Wish|p1a: Aromatisse
|
|-heal|p1a: Aromatisse|50/100|[from] item: Leftovers
|upkeep
|turn|67
|
|t:|1655660153
|move|p1a: Aromatisse|Protect|p1a: Aromatisse
|-singleturn|p1a: Aromatisse|Protect
|move|p2a: Togedemaru|U-turn|p1a: Aromatisse
|-activate|p1a: Aromatisse|move: Protect
|
|-heal|p1a: Aromatisse|99/100|[from] move: Wish|[wisher] Aromatisse
|-heal|p1a: Aromatisse|100/100|[from] item: Leftovers
|upkeep
|turn|68
|
|t:|1655660159
|move|p2a: Togedemaru|U-turn|p1a: Aromatisse
|-resisted|p1a: Aromatisse
|-damage|p1a: Aromatisse|95/100
|
|t:|1655660165
|switch|p2a: Charizard|Charizard, M|74/100 tox|[from]move: U-turn
|move|p1a: Aromatisse|Wish|p1a: Aromatisse
|
|-heal|p1a: Aromatisse|100/100|[from] item: Leftovers
|-damage|p2a: Charizard|68/100 tox|[from] psn
|upkeep
|turn|69
|
|t:|1655660175
|move|p2a: Charizard|Flamethrower|p1a: Aromatisse
|-damage|p1a: Aromatisse|60/100
|move|p1a: Aromatisse|Aromatherapy|p1a: Aromatisse
|-activate|p1a: Aromatisse|move: Aromatherapy
|-curestatus|p1: Gourgeist|brn|[msg]
|
|-heal|p1a: Aromatisse|100/100|[from] move: Wish|[wisher] Aromatisse
|-damage|p2a: Charizard|56/100 tox|[from] psn
|upkeep
|turn|70
|
|t:|1655660185
|switch|p2a: Togedemaru|Togedemaru, F|94/100
|-damage|p2a: Togedemaru|88/100|[from] Stealth Rock
|move|p1a: Aromatisse|Moonblast|p2a: Togedemaru
|-resisted|p2a: Togedemaru
|-damage|p2a: Togedemaru|74/100
|-unboost|p2a: Togedemaru|spa|1
|
|upkeep
|turn|71
|
|t:|1655660193
|move|p2a: Togedemaru|U-turn|p1a: Aromatisse
|-resisted|p1a: Aromatisse
|-damage|p1a: Aromatisse|94/100
|
|t:|1655660199
|switch|p2a: Charizard|Charizard, M|56/100 tox|[from]move: U-turn
|move|p1a: Aromatisse|Wish|p1a: Aromatisse
|
|-heal|p1a: Aromatisse|100/100|[from] item: Leftovers
|-damage|p2a: Charizard|50/100 tox|[from] psn
|upkeep
|turn|72
|
|t:|1655660208
|move|p2a: Charizard|Roost|p2a: Charizard
|-heal|p2a: Charizard|99/100 tox
|-singleturn|p2a: Charizard|move: Roost
|move|p1a: Aromatisse|Moonblast|p2a: Charizard
|-resisted|p2a: Charizard
|-damage|p2a: Charizard|80/100 tox
|-unboost|p2a: Charizard|spa|1
|
|-damage|p2a: Charizard|68/100 tox|[from] psn
|upkeep
|turn|73
|
|t:|1655660218
|switch|p2a: Togedemaru|Togedemaru, F|74/100
|-damage|p2a: Togedemaru|68/100|[from] Stealth Rock
|switch|p1a: Regirock|Regirock|92/100
|-damage|p1a: Regirock|79/100|[from] Stealth Rock
|
|-heal|p1a: Regirock|85/100|[from] item: Leftovers
|upkeep
|turn|74
|
|t:|1655660229
|move|p2a: Togedemaru|U-turn|p1a: Regirock
|-damage|p1a: Regirock|77/100
|
|t:|1655660234
|switch|p2a: Jellicent|Jellicent, F|87/100|[from]move: U-turn
|move|p1a: Regirock|Rock Blast|p2a: Jellicent
|-damage|p2a: Jellicent|80/100
|-damage|p2a: Jellicent|73/100
|-hitcount|p2a: Jellicent|2
|
|-heal|p1a: Regirock|83/100|[from] item: Leftovers
|upkeep
|turn|75
|
|t:|1655660244
|switch|p1a: Gourgeist|Gourgeist-Super, M|92/100
|-damage|p1a: Gourgeist|80/100|[from] Stealth Rock
|-item|p2a: Jellicent|Heavy-Duty Boots|[from] ability: Frisk|[of] p1a: Gourgeist|[identify]
|move|p2a: Jellicent|Will-O-Wisp|p1a: Gourgeist
|-status|p1a: Gourgeist|brn
|
|-damage|p1a: Gourgeist|73/100 brn|[from] brn
|upkeep
|turn|76
|
|t:|1655660254
|switch|p1a: Aromatisse|Aromatisse, M|100/100
|-damage|p1a: Aromatisse|88/100|[from] Stealth Rock
|switch|p2a: Togedemaru|Togedemaru, F|68/100
|-damage|p2a: Togedemaru|62/100|[from] Stealth Rock
|
|-heal|p1a: Aromatisse|94/100|[from] item: Leftovers
|upkeep
|turn|77
|
|t:|1655660265
|move|p1a: Aromatisse|Protect|p1a: Aromatisse
|-singleturn|p1a: Aromatisse|Protect
|move|p2a: Togedemaru|Wish|p2a: Togedemaru
|
|-heal|p1a: Aromatisse|100/100|[from] item: Leftovers
|upkeep
|turn|78
|
|t:|1655660271
|move|p2a: Togedemaru|Iron Head|p1a: Aromatisse
|-supereffective|p1a: Aromatisse
|-damage|p1a: Aromatisse|62/100
|cant|p1a: Aromatisse|flinch
|
|-heal|p2a: Togedemaru|100/100|[from] move: Wish|[wisher] Togedemaru
|-heal|p1a: Aromatisse|68/100|[from] item: Leftovers
|upkeep
|turn|79
|
|t:|1655660280
|move|p1a: Aromatisse|Protect|p1a: Aromatisse
|-singleturn|p1a: Aromatisse|Protect
|move|p2a: Togedemaru|Iron Head|p1a: Aromatisse
|-activate|p1a: Aromatisse|move: Protect
|
|-heal|p1a: Aromatisse|74/100|[from] item: Leftovers
|upkeep
|turn|80
|
|t:|1655660284
|switch|p1a: Ferroseed|Ferroseed, F|68/100
|-damage|p1a: Ferroseed|62/100|[from] Stealth Rock
|move|p2a: Togedemaru|Iron Head|p1a: Ferroseed
|-resisted|p1a: Ferroseed
|-damage|p1a: Ferroseed|55/100
|-damage|p2a: Togedemaru|88/100|[from] ability: Iron Barbs|[of] p1a: Ferroseed
|
|upkeep
|turn|81
|
|t:|1655660299
|move|p2a: Togedemaru|Spiky Shield|p2a: Togedemaru
|-singleturn|p2a: Togedemaru|move: Protect
|move|p1a: Ferroseed|Leech Seed|p2a: Togedemaru
|-activate|p2a: Togedemaru|move: Protect
|
|upkeep
|turn|82
|
|t:|1655660306
|switch|p2a: Regirock|Regirock|57/100 tox
|-damage|p2a: Regirock|45/100 tox|[from] Stealth Rock
|move|p1a: Ferroseed|Leech Seed|p2a: Regirock
|-start|p2a: Regirock|move: Leech Seed
|
|-heal|p2a: Regirock|51/100 tox|[from] item: Leftovers
|-damage|p2a: Regirock|38/100 tox|[from] Leech Seed|[of] p1a: Ferroseed
|-heal|p1a: Ferroseed|70/100|[silent]
|-damage|p2a: Regirock|32/100 tox|[from] psn
|upkeep
|turn|83
|
|t:|1655660315
|switch|p1a: Aromatisse|Aromatisse, M|74/100
|-damage|p1a: Aromatisse|62/100|[from] Stealth Rock
|move|p2a: Regirock|Rest|p2a: Regirock
|-status|p2a: Regirock|slp|[from] move: Rest
|-heal|p2a: Regirock|100/100 slp|[silent]
|
|-heal|p1a: Aromatisse|68/100|[from] item: Leftovers
|-damage|p2a: Regirock|88/100 slp|[from] Leech Seed|[of] p1a: Aromatisse
|-heal|p1a: Aromatisse|79/100|[silent]
|upkeep
|turn|84
|
|t:|1655660322
|switch|p2a: Togedemaru|Togedemaru, F|88/100
|-damage|p2a: Togedemaru|82/100|[from] Stealth Rock
|move|p1a: Aromatisse|Wish|p1a: Aromatisse
|
|-heal|p1a: Aromatisse|85/100|[from] item: Leftovers
|upkeep
|turn|85
|
|t:|1655660330
|switch|p2a: Regirock|Regirock|88/100 slp
|-damage|p2a: Regirock|76/100 slp|[from] Stealth Rock
|switch|p1a: Ferroseed|Ferroseed, F|70/100
|-damage|p1a: Ferroseed|64/100|[from] Stealth Rock
|
|-heal|p1a: Ferroseed|100/100|[from] move: Wish|[wisher] Aromatisse
|-heal|p2a: Regirock|82/100 slp|[from] item: Leftovers
|upkeep
|turn|86
|
|t:|1655660336
|cant|p2a: Regirock|slp
|move|p1a: Ferroseed|Leech Seed|p2a: Regirock
|-start|p2a: Regirock|move: Leech Seed
|
|-heal|p2a: Regirock|88/100 slp|[from] item: Leftovers
|-damage|p2a: Regirock|75/100 slp|[from] Leech Seed|[of] p1a: Ferroseed
|upkeep
|turn|87
|
|t:|1655660352
|cant|p2a: Regirock|slp
|move|p1a: Ferroseed|Gyro Ball|p2a: Regirock
|-supereffective|p2a: Regirock
|-damage|p2a: Regirock|52/100 slp
|
|-heal|p2a: Regirock|58/100 slp|[from] item: Leftovers
|-damage|p2a: Regirock|45/100 slp|[from] Leech Seed|[of] p1a: Ferroseed
|upkeep
|turn|88
|
|t:|1655660359
|switch|p2a: Charizard|Charizard, M|68/100 tox
|move|p1a: Ferroseed|Gyro Ball|p2a: Charizard
|-resisted|p2a: Charizard
|-crit|p2a: Charizard
|-damage|p2a: Charizard|35/100 tox
|
|-damage|p2a: Charizard|29/100 tox|[from] psn
|upkeep
|turn|89
|
|t:|1655660368
|switch|p1a: Regirock|Regirock|83/100
|-damage|p1a: Regirock|71/100|[from] Stealth Rock
|move|p2a: Charizard|Roost|p2a: Charizard
|-heal|p2a: Charizard|79/100 tox
|-singleturn|p2a: Charizard|move: Roost
|
|-heal|p1a: Regirock|77/100|[from] item: Leftovers
|-damage|p2a: Charizard|67/100 tox|[from] psn
|upkeep
|turn|90
|
|t:|1655660378
|switch|p2a: Jellicent|Jellicent, F|73/100
|move|p1a: Regirock|Rock Blast|p2a: Jellicent
|-damage|p2a: Jellicent|66/100
|-damage|p2a: Jellicent|59/100
|-damage|p2a: Jellicent|53/100
|-hitcount|p2a: Jellicent|3
|
|-heal|p1a: Regirock|83/100|[from] item: Leftovers
|upkeep
|turn|91
|
|t:|1655660387
|move|p2a: Jellicent|Recover|p2a: Jellicent
|-heal|p2a: Jellicent|100/100
|move|p1a: Regirock|Rock Blast|p2a: Jellicent
|-damage|p2a: Jellicent|94/100
|-damage|p2a: Jellicent|88/100
|-damage|p2a: Jellicent|81/100
|-damage|p2a: Jellicent|75/100
|-damage|p2a: Jellicent|68/100
|-hitcount|p2a: Jellicent|5
|
|-heal|p1a: Regirock|89/100|[from] item: Leftovers
|upkeep
|turn|92
|
|t:|1655660394
|move|p2a: Jellicent|Scald|p1a: Regirock
|-supereffective|p1a: Regirock
|-damage|p1a: Regirock|57/100
|-status|p1a: Regirock|brn
|move|p1a: Regirock|Rock Blast|p2a: Jellicent
|-damage|p2a: Jellicent|65/100
|-damage|p2a: Jellicent|62/100
|-damage|p2a: Jellicent|58/100
|-damage|p2a: Jellicent|55/100
|-hitcount|p2a: Jellicent|4
|
|-heal|p1a: Regirock|63/100 brn|[from] item: Leftovers
|-damage|p1a: Regirock|57/100 brn|[from] brn
|upkeep
|turn|93
|
|t:|1655660402
|move|p2a: Jellicent|Taunt|p1a: Regirock
|-start|p1a: Regirock|move: Taunt
|cant|p1a: Regirock|move: Taunt|Rest
|
|-heal|p1a: Regirock|63/100 brn|[from] item: Leftovers
|-damage|p1a: Regirock|57/100 brn|[from] brn
|upkeep
|turn|94
|
|t:|1655660407
|switch|p1a: Aromatisse|Aromatisse, M|85/100
|-damage|p1a: Aromatisse|73/100|[from] Stealth Rock
|move|p2a: Jellicent|Recover|p2a: Jellicent
|-heal|p2a: Jellicent|100/100
|
|-heal|p1a: Aromatisse|79/100|[from] item: Leftovers
|upkeep
|turn|95
|
|t:|1655660412
|move|p2a: Jellicent|Scald|p1a: Aromatisse
|-damage|p1a: Aromatisse|55/100
|move|p1a: Aromatisse|Aromatherapy|p1a: Aromatisse
|-activate|p1a: Aromatisse|move: Aromatherapy
|-curestatus|p1: Gourgeist|brn|[msg]
|-curestatus|p1: Regirock|brn|[msg]
|
|-heal|p1a: Aromatisse|61/100|[from] item: Leftovers
|upkeep
|turn|96
|
|t:|1655660419
|move|p1a: Aromatisse|Protect|p1a: Aromatisse
|-singleturn|p1a: Aromatisse|Protect
|move|p2a: Jellicent|Will-O-Wisp|p1a: Aromatisse
|-activate|p1a: Aromatisse|move: Protect
|
|-heal|p1a: Aromatisse|67/100|[from] item: Leftovers
|upkeep
|turn|97
|
|t:|1655660424
|move|p2a: Jellicent|Will-O-Wisp|p1a: Aromatisse|[miss]
|-miss|p2a: Jellicent|p1a: Aromatisse
|move|p1a: Aromatisse|Wish|p1a: Aromatisse
|
|-heal|p1a: Aromatisse|74/100|[from] item: Leftovers
|upkeep
|turn|98
|
|t:|1655660431
|move|p2a: Jellicent|Will-O-Wisp|p1a: Aromatisse
|-status|p1a: Aromatisse|brn
|move|p1a: Aromatisse|Moonblast|p2a: Jellicent
|-damage|p2a: Jellicent|72/100
|
|-heal|p1a: Aromatisse|100/100 brn|[from] move: Wish|[wisher] Aromatisse
|-damage|p1a: Aromatisse|94/100 brn|[from] brn
|upkeep
|turn|99
|
|t:|1655660438
|move|p2a: Jellicent|Scald|p1a: Aromatisse
|-damage|p1a: Aromatisse|73/100 brn
|move|p1a: Aromatisse|Wish|p1a: Aromatisse
|
|-heal|p1a: Aromatisse|79/100 brn|[from] item: Leftovers
|-damage|p1a: Aromatisse|73/100 brn|[from] brn
|upkeep
|turn|100
|
|t:|1655660446
|switch|p1a: Gourgeist|Gourgeist-Super, M|73/100
|-damage|p1a: Gourgeist|61/100|[from] Stealth Rock
|-item|p2a: Jellicent|Heavy-Duty Boots|[from] ability: Frisk|[of] p1a: Gourgeist|[identify]
|move|p2a: Jellicent|Will-O-Wisp|p1a: Gourgeist
|-status|p1a: Gourgeist|brn
|
|-heal|p1a: Gourgeist|100/100 brn|[from] move: Wish|[wisher] Aromatisse
|-damage|p1a: Gourgeist|94/100 brn|[from] brn
|upkeep
|turn|101
|
|t:|1655660458
|switch|p1a: Ferroseed|Ferroseed, F|100/100
|-damage|p1a: Ferroseed|94/100|[from] Stealth Rock
|switch|p2a: Togedemaru|Togedemaru, F|82/100
|-damage|p2a: Togedemaru|76/100|[from] Stealth Rock
|
|upkeep
|turn|102
|
|t:|1655660464
|switch|p2a: Charizard|Charizard, M|67/100 tox
|move|p1a: Ferroseed|Gyro Ball|p2a: Charizard
|-resisted|p2a: Charizard
|-damage|p2a: Charizard|47/100 tox
|
|-damage|p2a: Charizard|41/100 tox|[from] psn
|upkeep
|turn|103
|
|t:|1655660469
|switch|p1a: Regirock|Regirock|57/100
|-damage|p1a: Regirock|45/100|[from] Stealth Rock
|move|p2a: Charizard|Roost|p2a: Charizard
|-heal|p2a: Charizard|91/100 tox
|-singleturn|p2a: Charizard|move: Roost
|
|-heal|p1a: Regirock|51/100|[from] item: Leftovers
|-damage|p2a: Charizard|79/100 tox|[from] psn
|upkeep
|turn|104
|
|t:|1655660479
|switch|p2a: Jellicent|Jellicent, F|72/100
|move|p1a: Regirock|Rest|p1a: Regirock
|-status|p1a: Regirock|slp|[from] move: Rest
|-heal|p1a: Regirock|100/100 slp|[silent]
|
|upkeep
|turn|105
|
|t:|1655660488
|switch|p1a: Ferroseed|Ferroseed, F|94/100
|-damage|p1a: Ferroseed|88/100|[from] Stealth Rock
|move|p2a: Jellicent|Scald|p1a: Ferroseed
|-resisted|p1a: Ferroseed
|-damage|p1a: Ferroseed|77/100
|
|upkeep
|turn|106
|
|t:|1655660496
|switch|p1a: Aromatisse|Aromatisse, M|73/100 brn
|-damage|p1a: Aromatisse|61/100 brn|[from] Stealth Rock
|move|p2a: Jellicent|Taunt|p1a: Aromatisse
|-block|p1a: Aromatisse|ability: Aroma Veil|[of] p1a: Aromatisse
|
|-heal|p1a: Aromatisse|67/100 brn|[from] item: Leftovers
|-damage|p1a: Aromatisse|61/100 brn|[from] brn
|upkeep
|turn|107
|
|t:|1655660501
|move|p2a: Jellicent|Scald|p1a: Aromatisse
|-damage|p1a: Aromatisse|39/100 brn
|move|p1a: Aromatisse|Aromatherapy|p1a: Aromatisse
|-activate|p1a: Aromatisse|move: Aromatherapy
|-curestatus|p1a: Aromatisse|brn|[msg]
|-curestatus|p1: Gourgeist|brn|[msg]
|-curestatus|p1: Regirock|slp|[msg]
|
|-heal|p1a: Aromatisse|46/100|[from] item: Leftovers
|upkeep
|turn|108
|
|t:|1655660508
|move|p1a: Aromatisse|Protect|p1a: Aromatisse
|-singleturn|p1a: Aromatisse|Protect
|move|p2a: Jellicent|Scald|p1a: Aromatisse
|-activate|p1a: Aromatisse|move: Protect
|
|-heal|p1a: Aromatisse|52/100|[from] item: Leftovers
|upkeep
|turn|109
|
|t:|1655660512
|move|p2a: Jellicent|Scald|p1a: Aromatisse
|-damage|p1a: Aromatisse|30/100
|move|p1a: Aromatisse|Wish|p1a: Aromatisse
|
|-heal|p1a: Aromatisse|36/100|[from] item: Leftovers
|upkeep
|turn|110
|
|t:|1655660517
|move|p1a: Aromatisse|Protect|p1a: Aromatisse
|-singleturn|p1a: Aromatisse|Protect
|move|p2a: Jellicent|Taunt|p1a: Aromatisse
|-activate|p1a: Aromatisse|move: Protect
|
|-heal|p1a: Aromatisse|86/100|[from] move: Wish|[wisher] Aromatisse
|-heal|p1a: Aromatisse|92/100|[from] item: Leftovers
|upkeep
|turn|111
|
|t:|1655660523
|move|p2a: Jellicent|Scald|p1a: Aromatisse
|-damage|p1a: Aromatisse|71/100
|move|p1a: Aromatisse|Moonblast|p2a: Jellicent
|-damage|p2a: Jellicent|45/100
|-unboost|p2a: Jellicent|spa|1
|
|-heal|p1a: Aromatisse|77/100|[from] item: Leftovers
|upkeep
|turn|112
|
|t:|1655660530
|switch|p1a: Gourgeist|Gourgeist-Super, M|94/100
|-damage|p1a: Gourgeist|82/100|[from] Stealth Rock
|-item|p2a: Jellicent|Heavy-Duty Boots|[from] ability: Frisk|[of] p1a: Gourgeist|[identify]
|move|p2a: Jellicent|Will-O-Wisp|p1a: Gourgeist
|-status|p1a: Gourgeist|brn
|
|-damage|p1a: Gourgeist|76/100 brn|[from] brn
|upkeep
|turn|113
|
|t:|1655660538
|switch|p2a: Togedemaru|Togedemaru, F|76/100
|-damage|p2a: Togedemaru|70/100|[from] Stealth Rock
|move|p1a: Gourgeist|Power Whip|p2a: Togedemaru
|-resisted|p2a: Togedemaru
|-damage|p2a: Togedemaru|49/100
|
|-damage|p1a: Gourgeist|70/100 brn|[from] brn
|upkeep
|turn|114
|
|t:|1655660542
|switch|p1a: Ferroseed|Ferroseed, F|77/100
|-damage|p1a: Ferroseed|71/100|[from] Stealth Rock
|move|p2a: Togedemaru|Wish|p2a: Togedemaru
|
|upkeep
|turn|115
|
|t:|1655660548
|move|p2a: Togedemaru|Spiky Shield|p2a: Togedemaru
|-singleturn|p2a: Togedemaru|move: Protect
|move|p1a: Ferroseed|Leech Seed|p2a: Togedemaru
|-activate|p2a: Togedemaru|move: Protect
|
|-heal|p2a: Togedemaru|99/100|[from] move: Wish|[wisher] Togedemaru
|upkeep
|turn|116
|l| Ghoulery
|
|t:|1655660553
|move|p2a: Togedemaru|Wish|p2a: Togedemaru
|move|p1a: Ferroseed|Gyro Ball|p2a: Togedemaru
|-resisted|p2a: Togedemaru
|-damage|p2a: Togedemaru|88/100
|
|upkeep
|turn|117
|
|t:|1655660563
|switch|p2a: Regirock|Regirock|45/100 slp
|-damage|p2a: Regirock|33/100 slp|[from] Stealth Rock
|move|p1a: Ferroseed|Leech Seed|p2a: Regirock
|-start|p2a: Regirock|move: Leech Seed
|
|-heal|p2a: Regirock|79/100 slp|[from] move: Wish|[wisher] Togedemaru
|-heal|p2a: Regirock|85/100 slp|[from] item: Leftovers
|-damage|p2a: Regirock|72/100 slp|[from] Leech Seed|[of] p1a: Ferroseed
|-heal|p1a: Ferroseed|86/100|[silent]
|upkeep
|turn|118
|
|t:|1655660582
|switch|p2a: Charizard|Charizard, M|79/100 tox
|move|p1a: Ferroseed|Gyro Ball|p2a: Charizard
|-resisted|p2a: Charizard
|-damage|p2a: Charizard|59/100 tox
|
|-damage|p2a: Charizard|53/100 tox|[from] psn
|upkeep
|turn|119
|inactive|Battle timer is ON: inactive players will automatically lose when time's up. (requested by Haffling)
|
|t:|1655660594
|switch|p1a: Regirock|Regirock|100/100
|-damage|p1a: Regirock|88/100|[from] Stealth Rock
|move|p2a: Charizard|Roost|p2a: Charizard
|-heal|p2a: Charizard|100/100 tox
|-singleturn|p2a: Charizard|move: Roost
|
|-heal|p1a: Regirock|94/100|[from] item: Leftovers
|-damage|p2a: Charizard|88/100 tox|[from] psn
|upkeep
|turn|120
|
|t:|1655660612
|switch|p2a: Jellicent|Jellicent, F|45/100
|switch|p1a: Ferroseed|Ferroseed, F|86/100
|-damage|p1a: Ferroseed|80/100|[from] Stealth Rock
|
|upkeep
|turn|121
|
|t:|1655660617
|switch|p1a: Gourgeist|Gourgeist-Super, M|70/100 brn
|-damage|p1a: Gourgeist|58/100 brn|[from] Stealth Rock
|-item|p2a: Jellicent|Heavy-Duty Boots|[from] ability: Frisk|[of] p1a: Gourgeist|[identify]
|move|p2a: Jellicent|Taunt|p1a: Gourgeist
|-start|p1a: Gourgeist|move: Taunt
|
|-damage|p1a: Gourgeist|52/100 brn|[from] brn
|upkeep
|turn|122
|
|t:|1655660623
|switch|p2a: Togedemaru|Togedemaru, F|88/100
|-damage|p2a: Togedemaru|82/100|[from] Stealth Rock
|move|p1a: Gourgeist|Power Whip|p2a: Togedemaru
|-resisted|p2a: Togedemaru
|-damage|p2a: Togedemaru|61/100
|
|-damage|p1a: Gourgeist|46/100 brn|[from] brn
|upkeep
|turn|123
|
|t:|1655660628
|switch|p1a: Ferroseed|Ferroseed, F|80/100
|-damage|p1a: Ferroseed|74/100|[from] Stealth Rock
|move|p2a: Togedemaru|Wish|p2a: Togedemaru
|
|upkeep
|turn|124
|l|%termiii
|
|t:|1655660639
|move|p2a: Togedemaru|Spiky Shield|p2a: Togedemaru
|-singleturn|p2a: Togedemaru|move: Protect
|move|p1a: Ferroseed|Leech Seed|p2a: Togedemaru
|-activate|p2a: Togedemaru|move: Protect
|
|-heal|p2a: Togedemaru|100/100|[from] move: Wish|[wisher] Togedemaru
|upkeep
|turn|125
|
|t:|1655660645
|switch|p2a: Charizard|Charizard, M|88/100 tox
|move|p1a: Ferroseed|Toxic|p2a: Charizard
|-fail|p2a: Charizard|tox
|
|-damage|p2a: Charizard|82/100 tox|[from] psn
|upkeep
|turn|126
|
|t:|1655660656
|switch|p1a: Regirock|Regirock|94/100
|-damage|p1a: Regirock|82/100|[from] Stealth Rock
|move|p2a: Charizard|Flamethrower|p1a: Regirock
|-resisted|p1a: Regirock
|-damage|p1a: Regirock|66/100
|
|-heal|p1a: Regirock|72/100|[from] item: Leftovers
|-damage|p2a: Charizard|70/100 tox|[from] psn
|upkeep
|turn|127
|
|t:|1655660664
|switch|p2a: Jellicent|Jellicent, F|45/100
|move|p1a: Regirock|Rock Blast|p2a: Jellicent
|-damage|p2a: Jellicent|38/100
|-damage|p2a: Jellicent|32/100
|-hitcount|p2a: Jellicent|2
|
|-heal|p1a: Regirock|78/100|[from] item: Leftovers
|upkeep
|turn|128
|
|t:|1655660673
|switch|p1a: Gourgeist|Gourgeist-Super, M|46/100 brn
|-damage|p1a: Gourgeist|33/100 brn|[from] Stealth Rock
|-item|p2a: Jellicent|Heavy-Duty Boots|[from] ability: Frisk|[of] p1a: Gourgeist|[identify]
|move|p2a: Jellicent|Recover|p2a: Jellicent
|-heal|p2a: Jellicent|82/100
|
|-damage|p1a: Gourgeist|27/100 brn|[from] brn
|upkeep
|turn|129
|
|t:|1655660686
|switch|p2a: Charizard|Charizard, M|70/100 tox
|move|p1a: Gourgeist|Synthesis|p1a: Gourgeist
|-heal|p1a: Gourgeist|77/100 brn
|
|-damage|p2a: Charizard|64/100 tox|[from] psn
|-damage|p1a: Gourgeist|71/100 brn|[from] brn
|upkeep
|turn|130
|
|t:|1655660696
|switch|p1a: Regirock|Regirock|78/100
|-damage|p1a: Regirock|66/100|[from] Stealth Rock
|move|p2a: Charizard|Flamethrower|p1a: Regirock
|-resisted|p1a: Regirock
|-damage|p1a: Regirock|51/100
|
|-heal|p1a: Regirock|57/100|[from] item: Leftovers
|-damage|p2a: Charizard|52/100 tox|[from] psn
|upkeep
|turn|131
|
|t:|1655660709
|switch|p2a: Jellicent|Jellicent, F|82/100
|move|p1a: Regirock|Rock Blast|p2a: Jellicent
|-damage|p2a: Jellicent|75/100
|-damage|p2a: Jellicent|68/100
|-hitcount|p2a: Jellicent|2
|
|-heal|p1a: Regirock|63/100|[from] item: Leftovers
|upkeep
|turn|132
|l| FutureForeSight
|
|t:|1655660717
|move|p2a: Jellicent|Scald|p1a: Regirock
|-supereffective|p1a: Regirock
|-damage|p1a: Regirock|30/100
|move|p1a: Regirock|Rest|p1a: Regirock
|-status|p1a: Regirock|slp|[from] move: Rest
|-heal|p1a: Regirock|100/100 slp|[silent]
|
|upkeep
|turn|133
|
|t:|1655660728
|move|p2a: Jellicent|Recover|p2a: Jellicent
|-heal|p2a: Jellicent|100/100
|cant|p1a: Regirock|slp
|
|upkeep
|turn|134
|
|t:|1655660733
|switch|p1a: Ferroseed|Ferroseed, F|74/100
|-damage|p1a: Ferroseed|68/100|[from] Stealth Rock
|move|p2a: Jellicent|Scald|p1a: Ferroseed
|-resisted|p1a: Ferroseed
|-damage|p1a: Ferroseed|56/100
|
|upkeep
|turn|135
|
|t:|1655660741
|switch|p1a: Regirock|Regirock|100/100 slp
|-damage|p1a: Regirock|88/100 slp|[from] Stealth Rock
|move|p2a: Jellicent|Taunt|p1a: Regirock
|-start|p1a: Regirock|move: Taunt
|
|-heal|p1a: Regirock|94/100 slp|[from] item: Leftovers
|upkeep
|turn|136
|
|t:|1655660752
|switch|p1a: Ferroseed|Ferroseed, F|56/100
|-damage|p1a: Ferroseed|50/100|[from] Stealth Rock
|move|p2a: Jellicent|Scald|p1a: Ferroseed
|-resisted|p1a: Ferroseed
|-damage|p1a: Ferroseed|39/100
|
|upkeep
|turn|137
|
|t:|1655660762
|move|p2a: Jellicent|Taunt|p1a: Ferroseed
|-start|p1a: Ferroseed|move: Taunt
|cant|p1a: Ferroseed|move: Taunt|Leech Seed
|
|upkeep
|turn|138
|
|t:|1655660768
|switch|p1a: Aromatisse|Aromatisse, M|77/100
|-damage|p1a: Aromatisse|65/100|[from] Stealth Rock
|move|p2a: Jellicent|Scald|p1a: Aromatisse
|-damage|p1a: Aromatisse|43/100
|
|-heal|p1a: Aromatisse|49/100|[from] item: Leftovers
|upkeep
|turn|139
|
|t:|1655660776
|move|p2a: Jellicent|Will-O-Wisp|p1a: Aromatisse
|-status|p1a: Aromatisse|brn
|move|p1a: Aromatisse|Aromatherapy|p1a: Aromatisse
|-activate|p1a: Aromatisse|move: Aromatherapy
|-curestatus|p1a: Aromatisse|brn|[msg]
|-curestatus|p1: Gourgeist|brn|[msg]
|-curestatus|p1: Regirock|slp|[msg]
|
|-heal|p1a: Aromatisse|55/100|[from] item: Leftovers
|upkeep
|turn|140
|
|t:|1655660782
|move|p1a: Aromatisse|Protect|p1a: Aromatisse
|-singleturn|p1a: Aromatisse|Protect
|move|p2a: Jellicent|Taunt|p1a: Aromatisse
|-activate|p1a: Aromatisse|move: Protect
|
|-heal|p1a: Aromatisse|62/100|[from] item: Leftovers
|upkeep
|turn|141
|
|t:|1655660790
|move|p2a: Jellicent|Will-O-Wisp|p1a: Aromatisse
|-status|p1a: Aromatisse|brn
|move|p1a: Aromatisse|Moonblast|p2a: Jellicent
|-damage|p2a: Jellicent|75/100
|-unboost|p2a: Jellicent|spa|1
|
|-heal|p1a: Aromatisse|68/100 brn|[from] item: Leftovers
|-damage|p1a: Aromatisse|62/100 brn|[from] brn
|upkeep
|turn|142
|
|t:|1655660805
|switch|p2a: Charizard|Charizard, M|52/100 tox
|move|p1a: Aromatisse|Wish|p1a: Aromatisse
|
|-heal|p1a: Aromatisse|68/100 brn|[from] item: Leftovers
|-damage|p2a: Charizard|46/100 tox|[from] psn
|-damage|p1a: Aromatisse|62/100 brn|[from] brn
|upkeep
|turn|143
|
|t:|1655660812
|switch|p1a: Ferroseed|Ferroseed, F|39/100
|-damage|p1a: Ferroseed|33/100|[from] Stealth Rock
|move|p2a: Charizard|Roost|p2a: Charizard
|-heal|p2a: Charizard|96/100 tox
|-singleturn|p2a: Charizard|move: Roost
|
|-heal|p1a: Ferroseed|100/100|[from] move: Wish|[wisher] Aromatisse
|-damage|p2a: Charizard|84/100 tox|[from] psn
|upkeep
|turn|144
|
|t:|1655660822
|switch|p2a: Gurdurr|Gurdurr, F|100/100
|-damage|p2a: Gurdurr|94/100|[from] Stealth Rock
|switch|p1a: Regirock|Regirock|94/100
|-damage|p1a: Regirock|82/100|[from] Stealth Rock
|
|-heal|p1a: Regirock|88/100|[from] item: Leftovers
|upkeep
|turn|145
|
|t:|1655660834
|move|p1a: Regirock|Iron Defense|p1a: Regirock
|-boost|p1a: Regirock|def|2
|move|p2a: Gurdurr|Drain Punch|p1a: Regirock
|-supereffective|p1a: Regirock
|-damage|p1a: Regirock|71/100
|-heal|p2a: Gurdurr|100/100|[from] drain|[of] p1a: Regirock
|
|-heal|p1a: Regirock|77/100|[from] item: Leftovers
|upkeep
|turn|146
|
|t:|1655660839
|switch|p2a: Jellicent|Jellicent, F|75/100
|move|p1a: Regirock|Body Press|p2a: Jellicent
|-immune|p2a: Jellicent
|
|-heal|p1a: Regirock|83/100|[from] item: Leftovers
|upkeep
|turn|147
|
|t:|1655660848
|move|p2a: Jellicent|Taunt|p1a: Regirock
|-start|p1a: Regirock|move: Taunt
|move|p1a: Regirock|Rock Blast|p2a: Jellicent
|-damage|p2a: Jellicent|68/100
|-damage|p2a: Jellicent|62/100
|-damage|p2a: Jellicent|56/100
|-hitcount|p2a: Jellicent|3
|
|-heal|p1a: Regirock|90/100|[from] item: Leftovers
|upkeep
|turn|148
|
|t:|1655660856
|switch|p1a: Ferroseed|Ferroseed, F|100/100
|-damage|p1a: Ferroseed|94/100|[from] Stealth Rock
|move|p2a: Jellicent|Scald|p1a: Ferroseed
|-resisted|p1a: Ferroseed
|-damage|p1a: Ferroseed|84/100
|
|upkeep
|turn|149
|
|t:|1655660866
|switch|p1a: Regirock|Regirock|90/100
|-damage|p1a: Regirock|77/100|[from] Stealth Rock
|move|p2a: Jellicent|Taunt|p1a: Regirock
|-start|p1a: Regirock|move: Taunt
|
|-heal|p1a: Regirock|83/100|[from] item: Leftovers
|upkeep
|turn|150
|
|t:|1655660880
|switch|p2a: Gurdurr|Gurdurr, F|100/100
|-damage|p2a: Gurdurr|94/100|[from] Stealth Rock
|move|p1a: Regirock|Rock Blast|p2a: Gurdurr
|-resisted|p2a: Gurdurr
|-damage|p2a: Gurdurr|91/100
|-resisted|p2a: Gurdurr
|-damage|p2a: Gurdurr|88/100
|-resisted|p2a: Gurdurr
|-damage|p2a: Gurdurr|85/100
|-hitcount|p2a: Gurdurr|3
|
|-heal|p1a: Regirock|89/100|[from] item: Leftovers
|upkeep
|turn|151
|
|t:|1655660888
|switch|p1a: Gourgeist|Gourgeist-Super, M|71/100
|-damage|p1a: Gourgeist|59/100|[from] Stealth Rock
|-item|p2a: Gurdurr|Eviolite|[from] ability: Frisk|[of] p1a: Gourgeist|[identify]
|move|p2a: Gurdurr|Bulk Up|p2a: Gurdurr
|-boost|p2a: Gurdurr|atk|1
|-boost|p2a: Gurdurr|def|1
|
|upkeep
|turn|152
|
|t:|1655660897
|move|p1a: Gourgeist|Power Whip|p2a: Gurdurr|[miss]
|-miss|p1a: Gourgeist|p2a: Gurdurr
|move|p2a: Gurdurr|Stone Edge|p1a: Gourgeist
|-damage|p1a: Gourgeist|13/100
|
|upkeep
|turn|153
|
|t:|1655660904
|move|p1a: Gourgeist|Synthesis|p1a: Gourgeist
|-heal|p1a: Gourgeist|63/100
|move|p2a: Gurdurr|Bulk Up|p2a: Gurdurr
|-boost|p2a: Gurdurr|atk|1
|-boost|p2a: Gurdurr|def|1
|
|upkeep
|turn|154
|
|t:|1655660908
|move|p1a: Gourgeist|Power Whip|p2a: Gurdurr
|-damage|p2a: Gurdurr|66/100
|move|p2a: Gurdurr|Stone Edge|p1a: Gourgeist
|-damage|p1a: Gourgeist|6/100
|
|upkeep
|turn|155
|
|t:|1655660915
|move|p1a: Gourgeist|Synthesis|p1a: Gourgeist
|-heal|p1a: Gourgeist|55/100
|move|p2a: Gurdurr|Stone Edge|p1a: Gourgeist
|-damage|p1a: Gourgeist|1/100
|
|upkeep
|turn|156
|
|t:|1655660918
|move|p1a: Gourgeist|Synthesis|p1a: Gourgeist
|-heal|p1a: Gourgeist|51/100
|move|p2a: Gurdurr|Stone Edge|p1a: Gourgeist|[miss]
|-miss|p2a: Gurdurr|p1a: Gourgeist
|
|upkeep
|turn|157
|
|t:|1655660923
|move|p1a: Gourgeist|Synthesis|p1a: Gourgeist
|-heal|p1a: Gourgeist|100/100
|move|p2a: Gurdurr|Bulk Up|p2a: Gurdurr
|-boost|p2a: Gurdurr|atk|1
|-boost|p2a: Gurdurr|def|1
|
|upkeep
|turn|158
|
|t:|1655660931
|move|p1a: Gourgeist|Power Whip|p2a: Gurdurr
|-damage|p2a: Gurdurr|50/100
|move|p2a: Gurdurr|Bulk Up|p2a: Gurdurr
|-boost|p2a: Gurdurr|atk|1
|-boost|p2a: Gurdurr|def|1
|
|upkeep
|turn|159
|
|t:|1655660937
|move|p1a: Gourgeist|Power Whip|p2a: Gurdurr
|-damage|p2a: Gurdurr|37/100
|move|p2a: Gurdurr|Bulk Up|p2a: Gurdurr
|-boost|p2a: Gurdurr|atk|1
|-boost|p2a: Gurdurr|def|1
|
|upkeep
|turn|160
|
|t:|1655660942
|move|p1a: Gourgeist|Power Whip|p2a: Gurdurr
|-damage|p2a: Gurdurr|25/100
|move|p2a: Gurdurr|Stone Edge|p1a: Gourgeist
|-damage|p1a: Gourgeist|2/100
|
|upkeep
|turn|161
|
|t:|1655660949
|move|p1a: Gourgeist|Power Whip|p2a: Gurdurr|[miss]
|-miss|p1a: Gourgeist|p2a: Gurdurr
|move|p2a: Gurdurr|Stone Edge|p1a: Gourgeist
|-damage|p1a: Gourgeist|0 fnt
|faint|p1a: Gourgeist
|
|upkeep
|
|t:|1655660955
|switch|p1a: Aromatisse|Aromatisse, M|62/100 brn
|-damage|p1a: Aromatisse|49/100 brn|[from] Stealth Rock
|turn|162
|
|t:|1655660959
|switch|p2a: Togedemaru|Togedemaru, F|100/100
|-damage|p2a: Togedemaru|94/100|[from] Stealth Rock
|move|p1a: Aromatisse|Moonblast|p2a: Togedemaru
|-resisted|p2a: Togedemaru
|-damage|p2a: Togedemaru|81/100
|
|-heal|p1a: Aromatisse|55/100 brn|[from] item: Leftovers
|-damage|p1a: Aromatisse|49/100 brn|[from] brn
|upkeep
|turn|163
|
|t:|1655660962
|switch|p1a: Ferroseed|Ferroseed, F|84/100
|-damage|p1a: Ferroseed|78/100|[from] Stealth Rock
|move|p2a: Togedemaru|Wish|p2a: Togedemaru
|
|upkeep
|turn|164
|inactive|sugar ovens has 120 seconds left.
|
|t:|1655661021
|switch|p2a: Charizard|Charizard, M|84/100 tox
|move|p1a: Ferroseed|Leech Seed|p2a: Charizard
|-start|p2a: Charizard|move: Leech Seed
|
|-heal|p2a: Charizard|100/100 tox|[from] move: Wish|[wisher] Togedemaru
|-damage|p2a: Charizard|88/100 tox|[from] Leech Seed|[of] p1a: Ferroseed
|-heal|p1a: Ferroseed|91/100|[silent]
|-damage|p2a: Charizard|82/100 tox|[from] psn
|upkeep
|turn|165
|inactive|sugar ovens has 90 seconds left.
|
|t:|1655661037
|switch|p1a: Regirock|Regirock|89/100
|-damage|p1a: Regirock|77/100|[from] Stealth Rock
|move|p2a: Charizard|Flamethrower|p1a: Regirock
|-resisted|p1a: Regirock
|-damage|p1a: Regirock|63/100
|
|-heal|p1a: Regirock|69/100|[from] item: Leftovers
|-damage|p2a: Charizard|70/100 tox|[from] Leech Seed|[of] p1a: Regirock
|-heal|p1a: Regirock|79/100|[silent]
|-damage|p2a: Charizard|57/100 tox|[from] psn
|upkeep
|turn|166
|
|t:|1655661047
|switch|p2a: Jellicent|Jellicent, F|56/100
|switch|p1a: Ferroseed|Ferroseed, F|91/100
|-damage|p1a: Ferroseed|85/100|[from] Stealth Rock
|
|upkeep
|turn|167
|inactive|sugar ovens has 90 seconds left.
|
|t:|1655661054
|switch|p1a: Regirock|Regirock|79/100
|-damage|p1a: Regirock|67/100|[from] Stealth Rock
|move|p2a: Jellicent|Taunt|p1a: Regirock
|-start|p1a: Regirock|move: Taunt
|
|-heal|p1a: Regirock|73/100|[from] item: Leftovers
|upkeep
|turn|168
|
|t:|1655661059
|switch|p1a: Ferroseed|Ferroseed, F|85/100
|-damage|p1a: Ferroseed|79/100|[from] Stealth Rock
|move|p2a: Jellicent|Will-O-Wisp|p1a: Ferroseed|[miss]
|-miss|p2a: Jellicent|p1a: Ferroseed
|
|upkeep
|turn|169
|
|t:|1655661066
|move|p2a: Jellicent|Taunt|p1a: Ferroseed
|-start|p1a: Ferroseed|move: Taunt
|cant|p1a: Ferroseed|move: Taunt|Toxic
|
|upkeep
|turn|170
|
|t:|1655661069
|switch|p1a: Regirock|Regirock|73/100
|-damage|p1a: Regirock|60/100|[from] Stealth Rock
|move|p2a: Jellicent|Will-O-Wisp|p1a: Regirock|[miss]
|-miss|p2a: Jellicent|p1a: Regirock
|
|-heal|p1a: Regirock|66/100|[from] item: Leftovers
|upkeep
|turn|171
|
|t:|1655661090
|switch|p1a: Ferroseed|Ferroseed, F|79/100
|-damage|p1a: Ferroseed|72/100|[from] Stealth Rock
|move|p2a: Jellicent|Recover|p2a: Jellicent
|-heal|p2a: Jellicent|100/100
|
|upkeep
|turn|172
|
|t:|1655661096
|switch|p2a: Charizard|Charizard, M|57/100 tox
|move|p1a: Ferroseed|Toxic|p2a: Charizard
|-fail|p2a: Charizard|tox
|
|-damage|p2a: Charizard|51/100 tox|[from] psn
|upkeep
|turn|173
|
|t:|1655661101
|switch|p1a: Regirock|Regirock|66/100
|-damage|p1a: Regirock|54/100|[from] Stealth Rock
|move|p2a: Charizard|Roost|p2a: Charizard
|-heal|p2a: Charizard|100/100 tox
|-singleturn|p2a: Charizard|move: Roost
|
|-heal|p1a: Regirock|60/100|[from] item: Leftovers
|-damage|p2a: Charizard|88/100 tox|[from] psn
|upkeep
|turn|174
|
|t:|1655661106
|switch|p2a: Jellicent|Jellicent, F|100/100
|move|p1a: Regirock|Rest|p1a: Regirock
|-status|p1a: Regirock|slp|[from] move: Rest
|-heal|p1a: Regirock|100/100 slp|[silent]
|
|upkeep
|turn|175
|
|t:|1655661114
|switch|p2a: Regirock|Regirock|72/100 slp
|-damage|p2a: Regirock|60/100 slp|[from] Stealth Rock
|cant|p1a: Regirock|slp
|
|-heal|p2a: Regirock|66/100 slp|[from] item: Leftovers
|upkeep
|turn|176
|
|t:|1655661118
|cant|p1a: Regirock|slp
|-curestatus|p2a: Regirock|slp|[msg]
|move|p2a: Regirock|Body Press|p1a: Regirock
|-supereffective|p1a: Regirock
|-damage|p1a: Regirock|55/100 slp
|
|-heal|p1a: Regirock|61/100 slp|[from] item: Leftovers
|-heal|p2a: Regirock|72/100|[from] item: Leftovers
|upkeep
|turn|177
|
|t:|1655661127
|-curestatus|p1a: Regirock|slp|[msg]
|move|p1a: Regirock|Iron Defense|p1a: Regirock
|-boost|p1a: Regirock|def|2
|move|p2a: Regirock|Body Press|p1a: Regirock
|-supereffective|p1a: Regirock
|-damage|p1a: Regirock|40/100
|
|-heal|p1a: Regirock|46/100|[from] item: Leftovers
|-heal|p2a: Regirock|78/100|[from] item: Leftovers
|upkeep
|turn|178
|
|t:|1655661133
|switch|p2a: Jellicent|Jellicent, F|100/100
|move|p1a: Regirock|Rest|p1a: Regirock
|-status|p1a: Regirock|slp|[from] move: Rest
|-heal|p1a: Regirock|100/100 slp|[silent]
|
|upkeep
|turn|179
|
|t:|1655661140
|switch|p2a: Regirock|Regirock|78/100
|-damage|p2a: Regirock|66/100|[from] Stealth Rock
|cant|p1a: Regirock|slp
|
|-heal|p2a: Regirock|72/100|[from] item: Leftovers
|upkeep
|turn|180
|
|t:|1655661145
|switch|p2a: Togedemaru|Togedemaru, F|81/100
|-damage|p2a: Togedemaru|75/100|[from] Stealth Rock
|cant|p1a: Regirock|slp
|
|upkeep
|turn|181
|
|t:|1655661149
|move|p2a: Togedemaru|Spiky Shield|p2a: Togedemaru
|-singleturn|p2a: Togedemaru|move: Protect
|-curestatus|p1a: Regirock|slp|[msg]
|move|p1a: Regirock|Iron Defense|p1a: Regirock
|-boost|p1a: Regirock|def|2
|
|upkeep
|turn|182
|inactive|sugar ovens has 120 seconds left.
|
|t:|1655661156
|switch|p2a: Jellicent|Jellicent, F|100/100
|switch|p1a: Ferroseed|Ferroseed, F|72/100
|-damage|p1a: Ferroseed|66/100|[from] Stealth Rock
|
|upkeep
|turn|183
|
|t:|1655661160
|move|p2a: Jellicent|Taunt|p1a: Ferroseed
|-start|p1a: Ferroseed|move: Taunt
|cant|p1a: Ferroseed|move: Taunt|Toxic
|
|upkeep
|turn|184
|
|t:|1655661164
|switch|p1a: Regirock|Regirock|100/100
|-damage|p1a: Regirock|88/100|[from] Stealth Rock
|move|p2a: Jellicent|Will-O-Wisp|p1a: Regirock
|-status|p1a: Regirock|brn
|
|-heal|p1a: Regirock|94/100 brn|[from] item: Leftovers
|-damage|p1a: Regirock|88/100 brn|[from] brn
|upkeep
|turn|185
|
|t:|1655661171
|switch|p1a: Ferroseed|Ferroseed, F|66/100
|-damage|p1a: Ferroseed|60/100|[from] Stealth Rock
|move|p2a: Jellicent|Scald|p1a: Ferroseed
|-resisted|p1a: Ferroseed
|-damage|p1a: Ferroseed|49/100
|
|upkeep
|turn|186
|
|t:|1655661178
|switch|p1a: Regirock|Regirock|88/100 brn
|-damage|p1a: Regirock|76/100 brn|[from] Stealth Rock
|move|p2a: Jellicent|Taunt|p1a: Regirock
|-start|p1a: Regirock|move: Taunt
|
|-heal|p1a: Regirock|82/100 brn|[from] item: Leftovers
|-damage|p1a: Regirock|76/100 brn|[from] brn
|upkeep
|turn|187
|
|t:|1655661184
|switch|p1a: Ferroseed|Ferroseed, F|49/100
|-damage|p1a: Ferroseed|43/100|[from] Stealth Rock
|move|p2a: Jellicent|Will-O-Wisp|p1a: Ferroseed
|-status|p1a: Ferroseed|brn
|
|-damage|p1a: Ferroseed|36/100 brn|[from] brn
|upkeep
|turn|188
|
|t:|1655661190
|switch|p2a: Togedemaru|Togedemaru, F|75/100
|-damage|p2a: Togedemaru|69/100|[from] Stealth Rock
|switch|p1a: Regirock|Regirock|76/100 brn
|-damage|p1a: Regirock|63/100 brn|[from] Stealth Rock
|
|-heal|p1a: Regirock|69/100 brn|[from] item: Leftovers
|-damage|p1a: Regirock|63/100 brn|[from] brn
|upkeep
|turn|189
|
|t:|1655661195
|move|p2a: Togedemaru|Spiky Shield|p2a: Togedemaru
|-singleturn|p2a: Togedemaru|move: Protect
|move|p1a: Regirock|Rest|p1a: Regirock
|-status|p1a: Regirock|slp|[from] move: Rest
|-heal|p1a: Regirock|100/100 slp|[silent]
|
|upkeep
|turn|190
|
|t:|1655661199
|move|p2a: Togedemaru|Wish|p2a: Togedemaru
|cant|p1a: Regirock|slp
|
|upkeep
|turn|191
|
|t:|1655661203
|switch|p2a: Gurdurr|Gurdurr, F|25/100
|-damage|p2a: Gurdurr|19/100|[from] Stealth Rock
|cant|p1a: Regirock|slp
|
|-heal|p2a: Gurdurr|64/100|[from] move: Wish|[wisher] Togedemaru
|upkeep
|turn|192
|
|t:|1655661210
|switch|p2a: Jellicent|Jellicent, F|100/100
|-curestatus|p1a: Regirock|slp|[msg]
|move|p1a: Regirock|Iron Defense|p1a: Regirock
|-boost|p1a: Regirock|def|2
|
|upkeep
|turn|193
|
|t:|1655661217
|move|p2a: Jellicent|Taunt|p1a: Regirock
|-start|p1a: Regirock|move: Taunt
|move|p1a: Regirock|Rock Blast|p2a: Jellicent
|-damage|p2a: Jellicent|94/100
|-damage|p2a: Jellicent|87/100
|-damage|p2a: Jellicent|81/100
|-hitcount|p2a: Jellicent|3
|
|upkeep
|turn|194
|
|t:|1655661222
|move|p2a: Jellicent|Will-O-Wisp|p1a: Regirock
|-status|p1a: Regirock|brn
|move|p1a: Regirock|Rock Blast|p2a: Jellicent
|-damage|p2a: Jellicent|78/100
|-damage|p2a: Jellicent|75/100
|-hitcount|p2a: Jellicent|2
|
|-damage|p1a: Regirock|94/100 brn|[from] brn
|upkeep
|turn|195
|
|t:|1655661227
|move|p2a: Jellicent|Taunt||[still]
|-fail|p2a: Jellicent
|move|p1a: Regirock|Rock Blast|p2a: Jellicent
|-damage|p2a: Jellicent|72/100
|-damage|p2a: Jellicent|69/100
|-hitcount|p2a: Jellicent|2
|
|-heal|p1a: Regirock|100/100 brn|[from] item: Leftovers
|-damage|p1a: Regirock|94/100 brn|[from] brn
|-end|p1a: Regirock|move: Taunt
|upkeep
|turn|196
|
|t:|1655661233
|move|p2a: Jellicent|Taunt|p1a: Regirock
|-start|p1a: Regirock|move: Taunt
|cant|p1a: Regirock|move: Taunt|Iron Defense
|
|-heal|p1a: Regirock|100/100 brn|[from] item: Leftovers
|-damage|p1a: Regirock|94/100 brn|[from] brn
|upkeep
|turn|197
|
|t:|1655661237
|move|p2a: Jellicent|Scald|p1a: Regirock
|-supereffective|p1a: Regirock
|-damage|p1a: Regirock|61/100 brn
|move|p1a: Regirock|Body Press|p2a: Jellicent
|-immune|p2a: Jellicent
|
|-heal|p1a: Regirock|67/100 brn|[from] item: Leftovers
|-damage|p1a: Regirock|61/100 brn|[from] brn
|upkeep
|turn|198
|
|t:|1655661249
|switch|p1a: Ferroseed|Ferroseed, F|36/100 brn
|-damage|p1a: Ferroseed|30/100 brn|[from] Stealth Rock
|move|p2a: Jellicent|Scald|p1a: Ferroseed
|-resisted|p1a: Ferroseed
|-damage|p1a: Ferroseed|19/100 brn
|
|-damage|p1a: Ferroseed|13/100 brn|[from] brn
|upkeep
|turn|199
|
|t:|1655661256
|move|p2a: Jellicent|Taunt|p1a: Ferroseed
|-start|p1a: Ferroseed|move: Taunt
|cant|p1a: Ferroseed|move: Taunt|Toxic
|
|-damage|p1a: Ferroseed|7/100 brn|[from] brn
|upkeep
|turn|200
|
|t:|1655661267
|switch|p1a: Regirock|Regirock|61/100 brn
|-damage|p1a: Regirock|49/100 brn|[from] Stealth Rock
|move|p2a: Jellicent|Scald|p1a: Regirock
|-supereffective|p1a: Regirock
|-damage|p1a: Regirock|12/100 brn
|
|-heal|p1a: Regirock|18/100 brn|[from] item: Leftovers
|-damage|p1a: Regirock|12/100 brn|[from] brn
|upkeep
|turn|201
|
|t:|1655661276
|move|p2a: Jellicent|Taunt|p1a: Regirock
|-start|p1a: Regirock|move: Taunt
|cant|p1a: Regirock|move: Taunt|Rest
|
|-heal|p1a: Regirock|18/100 brn|[from] item: Leftovers
|-damage|p1a: Regirock|12/100 brn|[from] brn
|upkeep
|turn|202
|inactive|sugar ovens has 120 seconds left.
|
|t:|1655661284
|switch|p1a: Aromatisse|Aromatisse, M|49/100 brn
|-damage|p1a: Aromatisse|37/100 brn|[from] Stealth Rock
|move|p2a: Jellicent|Scald|p1a: Aromatisse
|-damage|p1a: Aromatisse|16/100 brn
|
|-heal|p1a: Aromatisse|22/100 brn|[from] item: Leftovers
|-damage|p1a: Aromatisse|16/100 brn|[from] brn
|upkeep
|turn|203
|inactive|sugar ovens has 120 seconds left.
|
|t:|1655661290
|switch|p2a: Togedemaru|Togedemaru, F|69/100
|-damage|p2a: Togedemaru|63/100|[from] Stealth Rock
|move|p1a: Aromatisse|Aromatherapy|p1a: Aromatisse
|-activate|p1a: Aromatisse|move: Aromatherapy
|-curestatus|p1a: Aromatisse|brn|[msg]
|-curestatus|p1: Ferroseed|brn|[msg]
|-curestatus|p1: Regirock|brn|[msg]
|
|-heal|p1a: Aromatisse|22/100|[from] item: Leftovers
|upkeep
|turn|204
|
|t:|1655661295
|move|p1a: Aromatisse|Protect|p1a: Aromatisse
|-singleturn|p1a: Aromatisse|Protect
|move|p2a: Togedemaru|Iron Head|p1a: Aromatisse
|-activate|p1a: Aromatisse|move: Protect
|
|-heal|p1a: Aromatisse|28/100|[from] item: Leftovers
|upkeep
|turn|205
|
|t:|1655661301
|switch|p1a: Ferroseed|Ferroseed, F|7/100
|-damage|p1a: Ferroseed|0 fnt|[from] Stealth Rock
|faint|p1a: Ferroseed
|move|p2a: Togedemaru|Iron Head|p1: Ferroseed|[notarget]
|-fail|p2a: Togedemaru
|
|upkeep
|
|t:|1655661304
|switch|p1a: Regirock|Regirock|12/100
|-damage|p1a: Regirock|0 fnt|[from] Stealth Rock
|faint|p1a: Regirock
|
|t:|1655661306
|switch|p1a: Aromatisse|Aromatisse, M|28/100
|-damage|p1a: Aromatisse|16/100|[from] Stealth Rock
|turn|206
|
|t:|1655661308
|move|p2a: Togedemaru|Iron Head|p1a: Aromatisse
|-supereffective|p1a: Aromatisse
|-damage|p1a: Aromatisse|0 fnt
|faint|p1a: Aromatisse
|
|win|sugar ovens
|n|☆Haffling|haffling
|n|☆sugar ovens|sugarovens
