|html|<div class="broadcast-blue"><strong>[Gen 8] PU is currently suspecting Virizion! For information on how to participate check out the <a href="https://www.smogon.com/forums/threads/np-pu-stage-4-and-justice-for-all-virizion-suspect-test.3676543/">suspect thread</a>.</strong></div>
|j|☆Testpu12
|j|☆Jrob96
|t:|1611243815
|player|p1|Testpu12|blue-gen1|1457
|player|p2|Jrob96|170|1316
|teamsize|p1|6
|teamsize|p2|6
|gametype|singles
|gen|8
|tier|[Gen 8] PU
|rated|
|clearpoke
|poke|p1|Rotom|
|poke|p1|Malamar, F|
|poke|p1|Passimian, F|
|poke|p1|Garbodor, M|
|poke|p1|Vaporeon, M|
|poke|p1|Palossand, F|
|poke|p2|Articuno|
|poke|p2|Regirock|
|poke|p2|Lanturn, F|
|poke|p2|Virizion|
|poke|p2|Clefairy, M|
|poke|p2|Scyther, F|
|rule|Sleep Clause Mod: Limit one foe put to sleep
|rule|Species Clause: Limit one of each Pokémon
|rule|OHKO Clause: OHKO moves are banned
|rule|Evasion Moves Clause: Evasion moves are banned
|rule|Endless Battle Clause: Forcing endless battles is banned
|rule|HP Percentage Mod: HP is shown in percentages
|rule|Dynamax Clause: You cannot dynamax
|teampreview
|
|t:|1611243833
|start
|switch|p1a: Garbodor|Garbodor, M|100/100
|switch|p2a: Clefairy|Clefairy, M|100/100
|turn|1
|inactive|Battle timer is ON: inactive players will automatically lose when time's up. (requested by Testpu12)
|
|t:|1611243842
|switch|p2a: Regirock|Regirock|100/100
|move|p1a: Garbodor|Toxic Spikes|p2a: Regirock
|-sidestart|p2: Jrob96|move: Toxic Spikes
|
|upkeep
|turn|2
|
|t:|1611243847
|move|p1a: Garbodor|Spikes|p2a: Regirock
|-sidestart|p2: Jrob96|Spikes
|move|p2a: Regirock|Stealth Rock|p1a: Garbodor
|-sidestart|p1: Testpu12|move: Stealth Rock
|
|upkeep
|turn|3
|
|t:|1611243853
|switch|p1a: Palossand|Palossand, F|100/100
|-damage|p1a: Palossand|94/100|[from] Stealth Rock
|move|p2a: Regirock|Thunder Wave|p1a: Palossand
|-immune|p1a: Palossand
|
|upkeep
|turn|4
|
|t:|1611243857
|switch|p2a: Articuno|Articuno|100/100
|-ability|p2a: Articuno|Pressure
|move|p1a: Palossand|Stealth Rock|p2a: Articuno
|-sidestart|p2: Jrob96|move: Stealth Rock
|
|upkeep
|turn|5
|
|t:|1611243862
|switch|p1a: Passimian|Passimian, F|100/100
|-damage|p1a: Passimian|94/100|[from] Stealth Rock
|move|p2a: Articuno|Defog|p1a: Passimian
|-unboost|p1a: Passimian|evasion|1
|-ability|p1a: Passimian|Defiant
|-boost|p1a: Passimian|atk|2
|-sideend|p1: Testpu12|Stealth Rock|[from] move: Defog|[of] p2a: Articuno
|-sideend|p2: Jrob96|Spikes|[from] move: Defog|[of] p2a: Articuno
|-sideend|p2: Jrob96|Toxic Spikes|[from] move: Defog|[of] p2a: Articuno
|-sideend|p2: Jrob96|Stealth Rock|[from] move: Defog|[of] p2a: Articuno
|
|upkeep
|turn|6
|
|t:|1611243879
|switch|p2a: Lanturn|Lanturn, F|100/100
|move|p1a: Passimian|Knock Off|p2a: Lanturn
|-damage|p2a: Lanturn|24/100
|-enditem|p2a: Lanturn|Leftovers|[from] move: Knock Off|[of] p1a: Passimian
|
|upkeep
|turn|7
|
|t:|1611243893
|switch|p1a: Garbodor|Garbodor, M|100/100
|move|p2a: Lanturn|Scald|p1a: Garbodor
|-damage|p1a: Garbodor|84/100
|-status|p1a: Garbodor|brn
|
|-damage|p1a: Garbodor|78/100 brn|[from] brn
|upkeep
|turn|8
|
|t:|1611243901
|move|p1a: Garbodor|Stomping Tantrum|p2a: Lanturn
|-supereffective|p2a: Lanturn
|-damage|p2a: Lanturn|6/100
|move|p2a: Lanturn|Volt Switch|p1a: Garbodor
|-damage|p1a: Garbodor|64/100 brn
|
|t:|1611243912
|switch|p2a: Clefairy|Clefairy, M|100/100|[from]move: Volt Switch
|
|-damage|p1a: Garbodor|58/100 brn|[from] brn
|upkeep
|turn|9
|
|t:|1611243918
|move|p1a: Garbodor|Toxic Spikes|p2a: Clefairy
|-sidestart|p2: Jrob96|move: Toxic Spikes
|move|p2a: Clefairy|Substitute|p2a: Clefairy
|-start|p2a: Clefairy|Substitute
|-damage|p2a: Clefairy|75/100
|
|-damage|p1a: Garbodor|52/100 brn|[from] brn
|upkeep
|turn|10
|
|t:|1611243921
|switch|p1a: Vaporeon|Vaporeon, M|100/100
|move|p2a: Clefairy|Calm Mind|p2a: Clefairy
|-boost|p2a: Clefairy|spa|1
|-boost|p2a: Clefairy|spd|1
|
|upkeep
|turn|11
|
|t:|1611243924
|move|p1a: Vaporeon|Heal Bell|p1a: Vaporeon
|-activate|p1a: Vaporeon|move: Heal Bell
|-curestatus|p1: Garbodor|brn|[msg]
|move|p2a: Clefairy|Calm Mind|p2a: Clefairy
|-boost|p2a: Clefairy|spa|1
|-boost|p2a: Clefairy|spd|1
|
|upkeep
|turn|12
|
|t:|1611243927
|move|p1a: Vaporeon|Wish|p1a: Vaporeon
|move|p2a: Clefairy|Calm Mind|p2a: Clefairy
|-boost|p2a: Clefairy|spa|1
|-boost|p2a: Clefairy|spd|1
|
|upkeep
|turn|13
|
|t:|1611243929
|switch|p1a: Garbodor|Garbodor, M|52/100
|move|p2a: Clefairy|Soft-Boiled|p2a: Clefairy
|-heal|p2a: Clefairy|100/100
|
|-heal|p1a: Garbodor|100/100|[from] move: Wish|[wisher] Vaporeon
|upkeep
|turn|14
|
|t:|1611243933
|move|p1a: Garbodor|Gunk Shot|p2a: Clefairy
|-supereffective|p2a: Clefairy
|-end|p2a: Clefairy|Substitute
|move|p2a: Clefairy|Moonblast|p1a: Garbodor
|-resisted|p1a: Garbodor
|-damage|p1a: Garbodor|80/100
|
|upkeep
|turn|15
|c|☆Jrob96|hahahaha
|
|t:|1611243945
|move|p1a: Garbodor|Gunk Shot|p2a: Clefairy
|-supereffective|p2a: Clefairy
|-damage|p2a: Clefairy|39/100
|-status|p2a: Clefairy|psn
|move|p2a: Clefairy|Moonblast|p1a: Garbodor
|-resisted|p1a: Garbodor
|-damage|p1a: Garbodor|60/100
|
|upkeep
|turn|16
|
|t:|1611243953
|move|p1a: Garbodor|Gunk Shot|p2a: Clefairy
|-supereffective|p2a: Clefairy
|-damage|p2a: Clefairy|0 fnt
|faint|p2a: Clefairy
|
|upkeep
|
|t:|1611243958
|switch|p2a: Scyther|Scyther, F|100/100
|turn|17
|
|t:|1611243963
|move|p2a: Scyther|Swords Dance|p2a: Scyther
|-boost|p2a: Scyther|atk|2
|move|p1a: Garbodor|Gunk Shot|p2a: Scyther
|-damage|p2a: Scyther|40/100
|
|upkeep
|turn|18
|
|t:|1611243969
|move|p2a: Scyther|Dual Wingbeat|p1a: Garbodor|[miss]
|-miss|p2a: Scyther|p1a: Garbodor
|move|p1a: Garbodor|Spikes|p2a: Scyther
|-sidestart|p2: Jrob96|Spikes
|
|upkeep
|turn|19
|
|t:|1611243974
|move|p2a: Scyther|Dual Wingbeat|p1a: Garbodor
|-damage|p1a: Garbodor|3/100
|-damage|p2a: Scyther|23/100|[from] item: Rocky Helmet|[of] p1a: Garbodor
|-damage|p1a: Garbodor|0 fnt
|-damage|p2a: Scyther|0 fnt|[from] ability: Aftermath|[of] p1a: Garbodor
|-hitcount|p1a: Garbodor|2
|faint|p1a: Garbodor
|faint|p2a: Scyther
|
|upkeep
|
|t:|1611243987
|switch|p2a: Articuno|Articuno|100/100
|switch|p1a: Passimian|Passimian, F|94/100
|-ability|p2a: Articuno|Pressure
|turn|20
|
|t:|1611243996
|move|p1a: Passimian|U-turn|p2a: Articuno
|-resisted|p2a: Articuno
|-damage|p2a: Articuno|91/100
|
|t:|1611243998
|switch|p1a: Malamar|Malamar, F|100/100|[from]move: U-turn
|move|p2a: Articuno|Toxic|p1a: Malamar
|-status|p1a: Malamar|tox
|
|-damage|p1a: Malamar|94/100 tox|[from] psn
|upkeep
|turn|21
|
|t:|1611244006
|move|p2a: Articuno|Freeze-Dry|p1a: Malamar
|-damage|p1a: Malamar|76/100 tox
|move|p1a: Malamar|Knock Off|p2a: Articuno
|-damage|p2a: Articuno|62/100
|-enditem|p2a: Articuno|Heavy-Duty Boots|[from] move: Knock Off|[of] p1a: Malamar
|
|-damage|p1a: Malamar|64/100 tox|[from] psn
|upkeep
|turn|22
|
|t:|1611244014
|move|p2a: Articuno|Freeze-Dry|p1a: Malamar
|-damage|p1a: Malamar|44/100 tox
|move|p1a: Malamar|Rest|p1a: Malamar
|-status|p1a: Malamar|slp|[from] move: Rest
|-heal|p1a: Malamar|100/100 slp|[silent]
|
|upkeep
|turn|23
|
|t:|1611244019
|switch|p2a: Virizion|Virizion|100/100
|-damage|p2a: Virizion|88/100|[from] Spikes
|-status|p2a: Virizion|psn
|cant|p1a: Malamar|slp
|move|p1a: Malamar|Sleep Talk|p1a: Malamar
|move|p1a: Malamar|Knock Off|p2a: Virizion|[from]move: Sleep Talk
|-resisted|p2a: Virizion
|-damage|p2a: Virizion|66/100 psn
|-ability|p2a: Virizion|Justified|boost
|-boost|p2a: Virizion|atk|1
|-enditem|p2a: Virizion|Life Orb|[from] move: Knock Off|[of] p1a: Malamar
|
|-damage|p2a: Virizion|54/100 psn|[from] psn
|upkeep
|turn|24
|
|t:|1611244032
|move|p2a: Virizion|Close Combat|p1a: Malamar
|-damage|p1a: Malamar|21/100 slp
|-unboost|p2a: Virizion|def|1
|-unboost|p2a: Virizion|spd|1
|cant|p1a: Malamar|slp
|move|p1a: Malamar|Sleep Talk|p1a: Malamar
|move|p1a: Malamar|Knock Off|p2a: Virizion|[from]move: Sleep Talk
|-resisted|p2a: Virizion
|-damage|p2a: Virizion|33/100 psn
|-ability|p2a: Virizion|Justified|boost
|-boost|p2a: Virizion|atk|1
|
|-damage|p2a: Virizion|20/100 psn|[from] psn
|upkeep
|turn|25
|
|t:|1611244044
|move|p2a: Virizion|Leaf Blade|p1a: Malamar
|-damage|p1a: Malamar|0 fnt
|faint|p1a: Malamar
|
|-damage|p2a: Virizion|8/100 psn|[from] psn
|upkeep
|
|t:|1611244048
|switch|p1a: Passimian|Passimian, F|94/100
|turn|26
|
|t:|1611244050
|move|p1a: Passimian|U-turn|p2a: Virizion
|-damage|p2a: Virizion|0 fnt
|faint|p2a: Virizion
|-message|Jrob96 forfeited.
|
|win|Testpu12
|l|☆Jrob96
