|j|☆Prof.Moorningwood
|j|☆Jmash324
|t:|1629678352
|gametype|singles
|player|p1|Prof.Moorningwood|red|1273
|player|p2|Jmash324|lucas|1476
|teamsize|p1|6
|teamsize|p2|6
|gen|8
|tier|[Gen 8] PU
|rated|
|rule|Sleep Clause Mod: Limit one foe put to sleep
|rule|Species Clause: Limit one of each Pokémon
|rule|OHKO Clause: OHKO moves are banned
|rule|Evasion Moves Clause: Evasion moves are banned
|rule|Endless Battle Clause: Forcing endless battles is banned
|rule|HP Percentage Mod: HP is shown in percentages
|rule|Dynamax Clause: You cannot dynamax
|clearpoke
|poke|p1|Hitmonlee, M|
|poke|p1|Haunter, F|
|poke|p1|Weezing, M|
|poke|p1|Magneton|
|poke|p1|Sneasel, M|
|poke|p1|Magmortar, M|
|poke|p2|Ribombee, M|
|poke|p2|Tsareena, F|
|poke|p2|Lanturn, M|
|poke|p2|Sandaconda, M|
|poke|p2|Absol, F|
|poke|p2|Charizard, F|
|teampreview
|
|t:|1629678381
|start
|switch|p1a: Newports|Weezing, M, shiny|100/100
|switch|p2a: Charizard|Charizard, F|100/100
|turn|1
|
|t:|1629678394
|switch|p1a: Guns of Funn|Magmortar, M, shiny|100/100
|move|p2a: Charizard|Fire Blast|p1a: Guns of Funn
|-resisted|p1a: Guns of Funn
|-damage|p1a: Guns of Funn|68/100
|
|upkeep
|turn|2
|
|t:|1629678400
|switch|p2a: Squishy|Lanturn, M|100/100
|move|p1a: Guns of Funn|Thunderbolt|p2a: Squishy
|-immune|p2a: Squishy|[from] ability: Volt Absorb
|
|upkeep
|turn|3
|
|t:|1629678404
|switch|p1a: Fuck Scizor|Magneton, shiny|100/100
|move|p2a: Squishy|Volt Switch|p1a: Fuck Scizor
|-resisted|p1a: Fuck Scizor
|-damage|p1a: Fuck Scizor|89/100
|
|t:|1629678421
|switch|p2a: Charizard|Charizard, F|100/100|[from]move: Volt Switch
|
|upkeep
|turn|4
|
|t:|1629678439
|switch|p2a: Slinky|Sandaconda, M|100/100
|move|p1a: Fuck Scizor|Thunderbolt|p2a: Slinky
|-immune|p2a: Slinky
|
|upkeep
|turn|5
|
|t:|1629678446
|switch|p1a: Newports|Weezing, M, shiny|100/100
|move|p2a: Slinky|Earthquake|p1a: Newports
|-immune|p1a: Newports|[from] ability: Levitate
|
|upkeep
|turn|6
|
|t:|1629678459
|move|p2a: Slinky|Stealth Rock|p1a: Newports
|-sidestart|p1: Prof.Moorningwood|move: Stealth Rock
|move|p1a: Newports|Toxic Spikes|p2a: Slinky
|-sidestart|p2: Jmash324|move: Toxic Spikes
|
|upkeep
|turn|7
|
|t:|1629678464
|switch|p2a: Charizard|Charizard, F|100/100
|move|p1a: Newports|Toxic Spikes|p2a: Charizard
|-sidestart|p2: Jmash324|move: Toxic Spikes
|
|upkeep
|turn|8
|
|t:|1629678468
|move|p2a: Charizard|Fire Blast|p1a: Newports
|-damage|p1a: Newports|29/100
|move|p1a: Newports|Sludge Bomb|p2a: Charizard
|-damage|p2a: Charizard|62/100
|
|upkeep
|turn|9
|
|t:|1629678474
|move|p2a: Charizard|Fire Blast|p1a: Newports
|-damage|p1a: Newports|0 fnt
|faint|p1a: Newports
|
|upkeep
|
|t:|1629678487
|switch|p1a: KickemInDaDishpan|Hitmonlee, M|100/100
|-damage|p1a: KickemInDaDishpan|94/100|[from] Stealth Rock
|turn|10
|
|t:|1629678496
|switch|p2a: Slinky|Sandaconda, M|100/100
|-status|p2a: Slinky|tox
|move|p1a: KickemInDaDishpan|Rapid Spin|p2a: Slinky
|-damage|p2a: Slinky|88/100 tox
|-boost|p1a: KickemInDaDishpan|spe|1
|-damage|p1a: KickemInDaDishpan|78/100|[from] item: Rocky Helmet|[of] p2a: Slinky
|-sideend|p1: Prof.Moorningwood|Stealth Rock|[from] move: Rapid Spin|[of] p1a: KickemInDaDishpan
|-damage|p1a: KickemInDaDishpan|68/100|[from] item: Life Orb
|
|-activate|p2a: Slinky|ability: Shed Skin
|-curestatus|p2a: Slinky|tox|[msg]
|upkeep
|turn|11
|
|t:|1629678509
|move|p1a: KickemInDaDishpan|High Jump Kick|p2a: Slinky
|-crit|p2a: Slinky
|-damage|p2a: Slinky|0 fnt
|-damage|p1a: KickemInDaDishpan|51/100|[from] item: Rocky Helmet|[of] p2a: Slinky
|faint|p2a: Slinky
|-damage|p1a: KickemInDaDishpan|41/100|[from] item: Life Orb
|
|upkeep
|
|t:|1629678526
|switch|p2a: Doombringer|Absol, F|100/100
|-status|p2a: Doombringer|tox
|turn|12
|
|t:|1629678529
|move|p1a: KickemInDaDishpan|Mach Punch|p2a: Doombringer
|-supereffective|p2a: Doombringer
|-damage|p2a: Doombringer|0 fnt
|faint|p2a: Doombringer
|-damage|p1a: KickemInDaDishpan|31/100|[from] item: Life Orb
|
|upkeep
|
|t:|1629678537
|switch|p2a: Charizard|Charizard, F|62/100
|turn|13
|
|t:|1629678542
|move|p1a: KickemInDaDishpan|Knock Off|p2a: Charizard
|-damage|p2a: Charizard|0 fnt
|-enditem|p2a: Charizard|Heavy-Duty Boots|[from] move: Knock Off|[of] p1a: KickemInDaDishpan
|faint|p2a: Charizard
|-damage|p1a: KickemInDaDishpan|21/100|[from] item: Life Orb
|
|upkeep
|
|t:|1629678545
|switch|p2a: Barry|Ribombee, M|100/100
|-status|p2a: Barry|tox
|turn|14
|
|t:|1629678551
|move|p1a: KickemInDaDishpan|High Jump Kick|p2a: Barry
|-resisted|p2a: Barry
|-damage|p2a: Barry|47/100 tox
|-damage|p1a: KickemInDaDishpan|11/100|[from] item: Life Orb
|move|p2a: Barry|Moonblast|p1a: KickemInDaDishpan
|-supereffective|p1a: KickemInDaDishpan
|-damage|p1a: KickemInDaDishpan|0 fnt
|faint|p1a: KickemInDaDishpan
|
|-damage|p2a: Barry|41/100 tox|[from] psn
|upkeep
|
|t:|1629678571
|switch|p1a: Guns of Funn|Magmortar, M, shiny|68/100
|turn|15
|
|t:|1629678582
|switch|p2a: Squishy|Lanturn, M|100/100
|-status|p2a: Squishy|tox
|move|p1a: Guns of Funn|Scorching Sands|p2a: Squishy
|-supereffective|p2a: Squishy
|-damage|p2a: Squishy|45/100 tox
|-damage|p1a: Guns of Funn|58/100|[from] item: Life Orb
|
|-heal|p2a: Squishy|51/100 tox|[from] item: Leftovers
|-damage|p2a: Squishy|45/100 tox|[from] psn
|upkeep
|turn|16
|
|t:|1629678590
|move|p1a: Guns of Funn|Scorching Sands|p2a: Squishy
|-supereffective|p2a: Squishy
|-damage|p2a: Squishy|0 fnt
|faint|p2a: Squishy
|-damage|p1a: Guns of Funn|48/100|[from] item: Life Orb
|
|upkeep
|
|t:|1629678594
|switch|p2a: Barry|Ribombee, M|41/100 tox
|turn|17
|
|t:|1629678597
|switch|p1a: Fuck Scizor|Magneton, shiny|89/100
|move|p2a: Barry|Psychic|p1a: Fuck Scizor
|-resisted|p1a: Fuck Scizor
|-damage|p1a: Fuck Scizor|72/100
|
|-damage|p2a: Barry|35/100 tox|[from] psn
|upkeep
|turn|18
|
|t:|1629678601
|move|p2a: Barry|Psychic|p1a: Fuck Scizor
|-resisted|p1a: Fuck Scizor
|-damage|p1a: Fuck Scizor|57/100
|move|p1a: Fuck Scizor|Flash Cannon|p2a: Barry
|-supereffective|p2a: Barry
|-damage|p2a: Barry|0 fnt
|faint|p2a: Barry
|
|upkeep
|
|t:|1629678603
|switch|p2a: Leg Day|Tsareena, F|100/100
|turn|19
|
|t:|1629678611
|move|p2a: Leg Day|Rapid Spin|p1a: Fuck Scizor
|-resisted|p1a: Fuck Scizor
|-damage|p1a: Fuck Scizor|47/100
|-boost|p2a: Leg Day|spe|1
|-sideend|p2: Jmash324|Toxic Spikes|[from] move: Rapid Spin|[of] p2a: Leg Day
|move|p1a: Fuck Scizor|Steel Beam|p2a: Leg Day
|-damage|p2a: Leg Day|14/100
|-damage|p1a: Fuck Scizor|0 fnt|[from] mindblown
|faint|p1a: Fuck Scizor
|
|upkeep
|
|t:|1629678621
|switch|p1a: Lil’ Sneazy|Sneasel, M, shiny|100/100
|turn|20
|
|t:|1629678624
|move|p2a: Leg Day|Power Whip|p1a: Lil’ Sneazy
|-damage|p1a: Lil’ Sneazy|0 fnt
|faint|p1a: Lil’ Sneazy
|
|upkeep
|
|t:|1629678635
|switch|p1a: Guns of Funn|Magmortar, M, shiny|48/100
|turn|21
|
|t:|1629678639
|move|p2a: Leg Day|Knock Off|p1a: Guns of Funn
|-damage|p1a: Guns of Funn|0 fnt
|-status|p2a: Leg Day|brn|[from] ability: Flame Body|[of] p1a: Guns of Funn
|-enditem|p1a: Guns of Funn|Life Orb|[from] move: Knock Off|[of] p2a: Leg Day
|faint|p1a: Guns of Funn
|
|-damage|p2a: Leg Day|8/100 brn|[from] brn
|upkeep
|
|t:|1629678643
|switch|p1a: Spoopy|Haunter, F, shiny|100/100
|turn|22
|
|t:|1629678646
|move|p2a: Leg Day|Knock Off|p1a: Spoopy
|-supereffective|p1a: Spoopy
|-damage|p1a: Spoopy|17/100
|-enditem|p1a: Spoopy|Life Orb|[from] move: Knock Off|[of] p2a: Leg Day
|move|p1a: Spoopy|Sludge Bomb|p2a: Leg Day
|-supereffective|p2a: Leg Day
|-damage|p2a: Leg Day|0 fnt
|faint|p2a: Leg Day
|
|win|Prof.Moorningwood
|raw|Prof.Moorningwood's rating: 1273 &rarr; <strong>1311</strong><br />(+38 for winning)
|raw|Jmash324's rating: 1476 &rarr; <strong>1445</strong><br />(-31 for losing)
|l|☆Jmash324
