|j|☆Down2bdown
|j|☆Magnitude Report
|t:|1655339795
|gametype|singles
|player|p1|Down2bdown|170|1597
|player|p2|Magnitude Report|chuck|1424
|teamsize|p1|6
|teamsize|p2|6
|gen|8
|tier|[Gen 8] PU
|rated|
|rule|Sleep Clause Mod: Limit one foe put to sleep
|rule|Species Clause: Limit one of each Pokémon
|rule|OHKO Clause: OHKO moves are banned
|rule|Evasion Moves Clause: Evasion moves are banned
|rule|Endless Battle Clause: Forcing endless battles is banned
|rule|HP Percentage Mod: HP is shown in percentages
|rule|Dynamax Clause: You cannot dynamax
|clearpoke
|poke|p1|Aromatisse, F|
|poke|p1|Glastrier|
|poke|p1|Mesprit|
|poke|p1|Ninetales, F|
|poke|p1|Silvally-*|
|poke|p1|Gallade, M|
|poke|p2|Charizard, M|
|poke|p2|Archeops, M|
|poke|p2|Scrafty, F|
|poke|p2|Lurantis, M|
|poke|p2|Quagsire, F|
|poke|p2|Togedemaru, F|
|teampreview
|inactive|Battle timer is ON: inactive players will automatically lose when time's up. (requested by Down2bdown)
|c|☆Magnitude Report|gl hf
|
|t:|1655339809
|start
|switch|p1a: Glastrier|Glastrier|100/100
|switch|p2a: Togedemaru|Togedemaru, F|100/100
|turn|1
|
|t:|1655339815
|move|p2a: Togedemaru|U-turn|p1a: Glastrier
|-damage|p1a: Glastrier|89/100
|
|t:|1655339818
|switch|p2a: Quagsire|Quagsire, F|100/100|[from]move: U-turn
|move|p1a: Glastrier|High Horsepower|p2a: Quagsire
|-damage|p2a: Quagsire|68/100
|
|-heal|p2a: Quagsire|74/100|[from] item: Leftovers
|upkeep
|turn|2
|
|t:|1655339827
|move|p2a: Quagsire|Toxic|p1a: Glastrier
|-status|p1a: Glastrier|tox
|move|p1a: Glastrier|Icicle Crash|p2a: Quagsire|[miss]
|-miss|p1a: Glastrier|p2a: Quagsire
|
|-heal|p2a: Quagsire|80/100|[from] item: Leftovers
|-damage|p1a: Glastrier|83/100 tox|[from] psn
|upkeep
|turn|3
|
|t:|1655339836
|move|p2a: Quagsire|Curse|p2a: Quagsire
|-unboost|p2a: Quagsire|spe|1
|-boost|p2a: Quagsire|atk|1
|-boost|p2a: Quagsire|def|1
|move|p1a: Glastrier|Icicle Crash|p2a: Quagsire
|-damage|p2a: Quagsire|51/100
|
|-heal|p2a: Quagsire|57/100|[from] item: Leftovers
|-damage|p1a: Glastrier|70/100 tox|[from] psn
|upkeep
|turn|4
|-activate|p1a: Glastrier|item: Quick Claw
|
|t:|1655339847
|move|p1a: Glastrier|Icicle Crash|p2a: Quagsire
|-damage|p2a: Quagsire|31/100
|move|p2a: Quagsire|Recover|p2a: Quagsire
|-heal|p2a: Quagsire|81/100
|
|-heal|p2a: Quagsire|87/100|[from] item: Leftovers
|-damage|p1a: Glastrier|52/100 tox|[from] psn
|upkeep
|turn|5
|
|t:|1655339861
|move|p1a: Glastrier|Icicle Crash|p2a: Quagsire
|-damage|p2a: Quagsire|61/100
|move|p2a: Quagsire|Recover|p2a: Quagsire
|-heal|p2a: Quagsire|100/100
|
|-damage|p1a: Glastrier|27/100 tox|[from] psn
|upkeep
|turn|6
|
|t:|1655339869
|move|p1a: Glastrier|Icicle Crash|p2a: Quagsire
|-damage|p2a: Quagsire|74/100
|cant|p2a: Quagsire|flinch
|
|-heal|p2a: Quagsire|80/100|[from] item: Leftovers
|-damage|p1a: Glastrier|0 fnt|[from] psn
|faint|p1a: Glastrier
|upkeep
|
|t:|1655339883
|switch|p1a: Aromatisse|Aromatisse, F|100/100
|turn|7
|
|t:|1655339892
|switch|p2a: Togedemaru|Togedemaru, F|100/100
|move|p1a: Aromatisse|Moonblast|p2a: Togedemaru
|-resisted|p2a: Togedemaru
|-damage|p2a: Togedemaru|80/100
|-unboost|p2a: Togedemaru|spa|1
|
|-heal|p2a: Togedemaru|86/100|[from] item: Leftovers
|upkeep
|turn|8
|
|t:|1655339905
|switch|p1a: Ninetales|Ninetales, F|100/100
|move|p2a: Togedemaru|Iron Head|p1a: Ninetales
|-resisted|p1a: Ninetales
|-damage|p1a: Ninetales|83/100
|
|-heal|p2a: Togedemaru|92/100|[from] item: Leftovers
|upkeep
|turn|9
|
|t:|1655339914
|move|p2a: Togedemaru|Spiky Shield|p2a: Togedemaru
|-singleturn|p2a: Togedemaru|move: Protect
|move|p1a: Ninetales|Nasty Plot|p1a: Ninetales
|-boost|p1a: Ninetales|spa|2
|
|-heal|p2a: Togedemaru|98/100|[from] item: Leftovers
|upkeep
|turn|10
|
|t:|1655339923
|switch|p2a: Scrafty|Scrafty, F|100/100
|move|p1a: Ninetales|Flamethrower|p2a: Scrafty
|-damage|p2a: Scrafty|49/100
|
|-heal|p2a: Scrafty|55/100|[from] item: Leftovers
|upkeep
|turn|11
|
|t:|1655339933
|move|p1a: Ninetales|Flamethrower|p2a: Scrafty
|-damage|p2a: Scrafty|5/100
|move|p2a: Scrafty|Knock Off|p1a: Ninetales
|-damage|p1a: Ninetales|48/100
|-enditem|p1a: Ninetales|Quick Claw|[from] move: Knock Off|[of] p2a: Scrafty
|
|-heal|p2a: Scrafty|11/100|[from] item: Leftovers
|upkeep
|turn|12
|
|t:|1655339942
|switch|p2a: Charizard|Charizard, M|100/100
|move|p1a: Ninetales|Flamethrower|p2a: Charizard
|-resisted|p2a: Charizard
|-damage|p2a: Charizard|57/100
|
|upkeep
|turn|13
|
|t:|1655339956
|switch|p1a: Aromatisse|Aromatisse, F|100/100
|move|p2a: Charizard|Toxic|p1a: Aromatisse
|-status|p1a: Aromatisse|tox
|
|-damage|p1a: Aromatisse|94/100 tox|[from] psn
|upkeep
|turn|14
|
|t:|1655339964
|move|p2a: Charizard|Roost|p2a: Charizard
|-heal|p2a: Charizard|100/100
|-singleturn|p2a: Charizard|move: Roost
|move|p1a: Aromatisse|Thunderbolt|p2a: Charizard
|-damage|p2a: Charizard|72/100
|
|-damage|p1a: Aromatisse|82/100 tox|[from] psn
|upkeep
|turn|15
|
|t:|1655339973
|switch|p2a: Togedemaru|Togedemaru, F|98/100
|move|p1a: Aromatisse|Nasty Plot|p1a: Aromatisse
|-boost|p1a: Aromatisse|spa|2
|
|-heal|p2a: Togedemaru|100/100|[from] item: Leftovers
|-damage|p1a: Aromatisse|64/100 tox|[from] psn
|upkeep
|turn|16
|
|t:|1655339982
|move|p2a: Togedemaru|Iron Head|p1a: Aromatisse
|-supereffective|p1a: Aromatisse
|-damage|p1a: Aromatisse|5/100 tox
|move|p1a: Aromatisse|Moonblast|p2a: Togedemaru
|-resisted|p2a: Togedemaru
|-damage|p2a: Togedemaru|59/100
|
|-heal|p2a: Togedemaru|65/100|[from] item: Leftovers
|-damage|p1a: Aromatisse|0 fnt|[from] psn
|faint|p1a: Aromatisse
|upkeep
|
|t:|1655339994
|switch|p1a: Gallade|Gallade, M|100/100
|turn|17
|
|t:|1655339999
|move|p2a: Togedemaru|Spiky Shield|p2a: Togedemaru
|-singleturn|p2a: Togedemaru|move: Protect
|move|p1a: Gallade|Swords Dance|p1a: Gallade
|-boost|p1a: Gallade|atk|2
|
|-heal|p2a: Togedemaru|71/100|[from] item: Leftovers
|upkeep
|turn|18
|
|t:|1655340008
|switch|p2a: Charizard|Charizard, M|72/100
|move|p1a: Gallade|Drain Punch|p2a: Charizard
|-resisted|p2a: Charizard
|-damage|p2a: Charizard|29/100
|
|upkeep
|turn|19
|
|t:|1655340016
|move|p2a: Charizard|Toxic|p1a: Gallade
|-status|p1a: Gallade|tox
|move|p1a: Gallade|Drain Punch|p2a: Charizard
|-resisted|p2a: Charizard
|-damage|p2a: Charizard|0 fnt
|faint|p2a: Charizard
|
|-damage|p1a: Gallade|94/100 tox|[from] psn
|upkeep
|
|t:|1655340035
|switch|p2a: Lurantis|Lurantis, M|100/100
|turn|20
|
|t:|1655340041
|move|p1a: Gallade|Poison Jab|p2a: Lurantis
|-supereffective|p2a: Lurantis
|-damage|p2a: Lurantis|0 fnt
|faint|p2a: Lurantis
|
|-damage|p1a: Gallade|82/100 tox|[from] psn
|upkeep
|
|t:|1655340047
|switch|p2a: Quagsire|Quagsire, F|80/100
|turn|21
|
|t:|1655340050
|move|p1a: Gallade|Zen Headbutt|p2a: Quagsire
|-damage|p2a: Quagsire|47/100
|move|p2a: Quagsire|Recover|p2a: Quagsire
|-heal|p2a: Quagsire|97/100
|
|-heal|p2a: Quagsire|100/100|[from] item: Leftovers
|-damage|p1a: Gallade|63/100 tox|[from] psn
|upkeep
|turn|22
|
|t:|1655340061
|move|p1a: Gallade|Drain Punch|p2a: Quagsire
|-damage|p2a: Quagsire|67/100
|-heal|p1a: Gallade|83/100 tox|[from] drain|[of] p2a: Quagsire
|move|p2a: Quagsire|Curse|p2a: Quagsire
|-unboost|p2a: Quagsire|spe|1
|-boost|p2a: Quagsire|atk|1
|-boost|p2a: Quagsire|def|1
|
|-heal|p2a: Quagsire|73/100|[from] item: Leftovers
|-damage|p1a: Gallade|58/100 tox|[from] psn
|upkeep
|turn|23
|
|t:|1655340074
|move|p1a: Gallade|Zen Headbutt|p2a: Quagsire
|-damage|p2a: Quagsire|49/100
|move|p2a: Quagsire|Recover|p2a: Quagsire
|-heal|p2a: Quagsire|99/100
|
|-heal|p2a: Quagsire|100/100|[from] item: Leftovers
|-damage|p1a: Gallade|27/100 tox|[from] psn
|upkeep
|turn|24
|
|t:|1655340092
|move|p1a: Gallade|Poison Jab|p2a: Quagsire
|-resisted|p2a: Quagsire
|-damage|p2a: Quagsire|93/100
|move|p2a: Quagsire|Earthquake|p1a: Gallade
|-damage|p1a: Gallade|0 fnt
|faint|p1a: Gallade
|
|-heal|p2a: Quagsire|99/100|[from] item: Leftovers
|upkeep
|
|t:|1655340106
|switch|p1a: Ninetales|Ninetales, F|48/100
|turn|25
|
|t:|1655340109
|switch|p2a: Scrafty|Scrafty, F|11/100
|move|p1a: Ninetales|Energy Ball|p2a: Scrafty
|-damage|p2a: Scrafty|0 fnt
|faint|p2a: Scrafty
|
|upkeep
|
|t:|1655340111
|switch|p2a: Archeops|Archeops, M|100/100
|turn|26
|
|t:|1655340133
|move|p2a: Archeops|Earthquake|p1a: Ninetales
|-supereffective|p1a: Ninetales
|-damage|p1a: Ninetales|0 fnt
|faint|p1a: Ninetales
|
|upkeep
|
|t:|1655340138
|switch|p1a: Mesprit|Mesprit|100/100
|turn|27
|
|t:|1655340148
|switch|p2a: Togedemaru|Togedemaru, F|71/100
|move|p1a: Mesprit|Nasty Plot|p1a: Mesprit
|-boost|p1a: Mesprit|spa|2
|
|-heal|p2a: Togedemaru|77/100|[from] item: Leftovers
|upkeep
|turn|28
|-activate|p1a: Mesprit|item: Quick Claw
|
|t:|1655340156
|move|p1a: Mesprit|Ice Beam|p2a: Togedemaru
|-resisted|p2a: Togedemaru
|-damage|p2a: Togedemaru|51/100
|move|p2a: Togedemaru|Wish|p2a: Togedemaru
|
|-heal|p2a: Togedemaru|57/100|[from] item: Leftovers
|upkeep
|turn|29
|
|t:|1655340165
|move|p2a: Togedemaru|Iron Head|p1a: Mesprit
|-damage|p1a: Mesprit|75/100
|move|p1a: Mesprit|Psyshock|p2a: Togedemaru
|-resisted|p2a: Togedemaru
|-damage|p2a: Togedemaru|3/100
|
|-heal|p2a: Togedemaru|53/100|[from] move: Wish|[wisher] Togedemaru
|-heal|p2a: Togedemaru|59/100|[from] item: Leftovers
|upkeep
|turn|30
|
|t:|1655340176
|move|p2a: Togedemaru|Wish|p2a: Togedemaru
|move|p1a: Mesprit|Nasty Plot|p1a: Mesprit
|-boost|p1a: Mesprit|spa|2
|
|-heal|p2a: Togedemaru|65/100|[from] item: Leftovers
|upkeep
|turn|31
|
|t:|1655340183
|move|p2a: Togedemaru|Spiky Shield|p2a: Togedemaru
|-singleturn|p2a: Togedemaru|move: Protect
|move|p1a: Mesprit|Psyshock|p2a: Togedemaru
|-activate|p2a: Togedemaru|move: Protect
|
|-heal|p2a: Togedemaru|100/100|[from] move: Wish|[wisher] Togedemaru
|upkeep
|turn|32
|
|t:|1655340192
|move|p2a: Togedemaru|Wish|p2a: Togedemaru
|move|p1a: Mesprit|Psyshock|p2a: Togedemaru
|-resisted|p2a: Togedemaru
|-damage|p2a: Togedemaru|9/100
|
|-heal|p2a: Togedemaru|15/100|[from] item: Leftovers
|upkeep
|turn|33
|
|t:|1655340199
|move|p2a: Togedemaru|Spiky Shield|p2a: Togedemaru
|-singleturn|p2a: Togedemaru|move: Protect
|move|p1a: Mesprit|Ice Beam|p2a: Togedemaru
|-activate|p2a: Togedemaru|move: Protect
|
|-heal|p2a: Togedemaru|65/100|[from] move: Wish|[wisher] Togedemaru
|-heal|p2a: Togedemaru|71/100|[from] item: Leftovers
|upkeep
|turn|34
|-activate|p1a: Mesprit|item: Quick Claw
|
|t:|1655340209
|move|p1a: Mesprit|Psyshock|p2a: Togedemaru
|-resisted|p2a: Togedemaru
|-damage|p2a: Togedemaru|0 fnt
|faint|p2a: Togedemaru
|
|upkeep
|
|t:|1655340213
|switch|p2a: Archeops|Archeops, M|100/100
|turn|35
|
|t:|1655340218
|move|p2a: Archeops|Stone Edge|p1a: Mesprit
|-damage|p1a: Mesprit|23/100
|move|p1a: Mesprit|Thunderbolt|p2a: Archeops
|-supereffective|p2a: Archeops
|-damage|p2a: Archeops|0 fnt
|faint|p2a: Archeops
|
|upkeep
|
|t:|1655340222
|switch|p2a: Quagsire|Quagsire, F|99/100
|turn|36
|
|t:|1655340228
|move|p1a: Mesprit|Ice Beam|p2a: Quagsire
|-damage|p2a: Quagsire|66/100
|-status|p2a: Quagsire|frz
|cant|p2a: Quagsire|frz
|
|-heal|p2a: Quagsire|73/100 frz|[from] item: Leftovers
|upkeep
|turn|37
|
|t:|1655340237
|move|p1a: Mesprit|Psyshock|p2a: Quagsire
|-damage|p2a: Quagsire|42/100 frz
|cant|p2a: Quagsire|frz
|
|-heal|p2a: Quagsire|48/100 frz|[from] item: Leftovers
|upkeep
|turn|38
|
|t:|1655340246
|move|p1a: Mesprit|Psyshock|p2a: Quagsire
|-damage|p2a: Quagsire|19/100 frz
|-curestatus|p2a: Quagsire|frz|[msg]
|move|p2a: Quagsire|Recover|p2a: Quagsire
|-heal|p2a: Quagsire|69/100
|
|-heal|p2a: Quagsire|75/100|[from] item: Leftovers
|upkeep
|turn|39
|
|t:|1655340255
|move|p1a: Mesprit|Ice Beam|p2a: Quagsire
|-damage|p2a: Quagsire|45/100
|move|p2a: Quagsire|Recover|p2a: Quagsire
|-heal|p2a: Quagsire|95/100
|
|-heal|p2a: Quagsire|100/100|[from] item: Leftovers
|upkeep
|turn|40
|
|t:|1655340263
|move|p1a: Mesprit|Ice Beam|p2a: Quagsire
|-damage|p2a: Quagsire|71/100
|move|p2a: Quagsire|Toxic|p1a: Mesprit
|-status|p1a: Mesprit|tox
|
|-heal|p2a: Quagsire|78/100|[from] item: Leftovers
|-damage|p1a: Mesprit|17/100 tox|[from] psn
|upkeep
|turn|41
|-activate|p1a: Mesprit|item: Quick Claw
|
|t:|1655340272
|move|p1a: Mesprit|Ice Beam|p2a: Quagsire
|-damage|p2a: Quagsire|48/100
|move|p2a: Quagsire|Curse|p2a: Quagsire
|-unboost|p2a: Quagsire|spe|1
|-boost|p2a: Quagsire|atk|1
|-boost|p2a: Quagsire|def|1
|
|-heal|p2a: Quagsire|54/100|[from] item: Leftovers
|-damage|p1a: Mesprit|5/100 tox|[from] psn
|upkeep
|turn|42
|-activate|p1a: Mesprit|item: Quick Claw
|
|t:|1655340284
|move|p1a: Mesprit|Ice Beam|p2a: Quagsire
|-damage|p2a: Quagsire|23/100
|move|p2a: Quagsire|Recover|p2a: Quagsire
|-heal|p2a: Quagsire|73/100
|
|-heal|p2a: Quagsire|79/100|[from] item: Leftovers
|-damage|p1a: Mesprit|0 fnt|[from] psn
|faint|p1a: Mesprit
|upkeep
|
|t:|1655340294
|switch|p1a: Silvally|Silvally|100/100
|turn|43
|
|t:|1655340299
|move|p1a: Silvally|Multi-Attack|p2a: Quagsire
|-damage|p2a: Quagsire|50/100
|move|p2a: Quagsire|Toxic|p1a: Silvally
|-status|p1a: Silvally|tox
|
|-heal|p2a: Quagsire|56/100|[from] item: Leftovers
|-damage|p1a: Silvally|94/100 tox|[from] psn
|upkeep
|turn|44
|-message|Down2bdown forfeited.
|
|win|Magnitude Report
|raw|Down2bdown's rating: 1597 &rarr; <strong>1568</strong><br />(-29 for losing)
|raw|Magnitude Report's rating: 1424 &rarr; <strong>1453</strong><br />(+29 for winning)
|l|☆Down2bdown
|c|☆Magnitude Report|gg
||Ladder isn't responding, score probably updated but might not have (Request timeout).
