|j|☆yassy slay
|j|☆critmonger
|t:|1654194839
|gametype|singles
|player|p1|yassy slay|170|1637
|player|p2|critmonger|fisherman-gen4|1448
|teamsize|p1|6
|teamsize|p2|6
|gen|8
|tier|[Gen 8] PU
|rated|
|rule|Sleep Clause Mod: Limit one foe put to sleep
|rule|Species Clause: Limit one of each Pokémon
|rule|OHKO Clause: OHKO moves are banned
|rule|Evasion Moves Clause: Evasion moves are banned
|rule|Endless Battle Clause: Forcing endless battles is banned
|rule|HP Percentage Mod: HP is shown in percentages
|rule|Dynamax Clause: You cannot dynamax
|clearpoke
|poke|p1|Dubwool, F|
|poke|p1|Palossand, F|
|poke|p1|Eldegoss, F|
|poke|p1|Magneton|
|poke|p1|Musharna, F|
|poke|p1|Accelgor, M|
|poke|p2|Trevenant, M|
|poke|p2|Gigalith, M|
|poke|p2|Togedemaru, M|
|poke|p2|Lycanroc, F|
|poke|p2|Ribombee, F|
|poke|p2|Sandslash, M|
|teampreview
|
|t:|1654194848
|start
|switch|p1a: Accelgor|Accelgor, M|100/100
|switch|p2a: gigs|Gigalith, M|100/100
|-weather|Sandstorm|[from] ability: Sand Stream|[of] p2a: gigs
|turn|1
|
|t:|1654194855
|switch|p1a: Dubwool|Dubwool, F|100/100
|move|p2a: gigs|Rock Blast|p1a: Dubwool
|-damage|p1a: Dubwool|92/100
|-damage|p1a: Dubwool|84/100
|-hitcount|p1a: Dubwool|2
|
|-weather|Sandstorm|[upkeep]
|-damage|p1a: Dubwool|77/100|[from] Sandstorm
|-heal|p1a: Dubwool|84/100|[from] item: Leftovers
|upkeep
|turn|2
|
|t:|1654194906
|move|p1a: Dubwool|Body Press|p2a: gigs
|-supereffective|p2a: gigs
|-damage|p2a: gigs|69/100
|move|p2a: gigs|Stealth Rock|p1a: Dubwool
|-sidestart|p1: yassy slay|move: Stealth Rock
|
|-weather|Sandstorm|[upkeep]
|-damage|p1a: Dubwool|77/100|[from] Sandstorm
|-heal|p1a: Dubwool|84/100|[from] item: Leftovers
|upkeep
|turn|3
|
|t:|1654194911
|switch|p2a: trev|Trevenant, M|100/100
|move|p1a: Dubwool|Copycat|p1a: Dubwool
|move|p1a: Dubwool|Stealth Rock|p2a: trev|[from]move: Copycat
|-sidestart|p2: critmonger|move: Stealth Rock
|
|-weather|Sandstorm|[upkeep]
|-damage|p1a: Dubwool|77/100|[from] Sandstorm
|-damage|p2a: trev|94/100|[from] Sandstorm
|-heal|p1a: Dubwool|84/100|[from] item: Leftovers
|upkeep
|turn|4
|
|t:|1654194920
|move|p1a: Dubwool|Body Press|p2a: trev
|-immune|p2a: trev
|move|p2a: trev|Wood Hammer|p1a: Dubwool
|-damage|p1a: Dubwool|48/100
|-damage|p2a: trev|82/100|[from] Recoil
|
|-weather|Sandstorm|[upkeep]
|-damage|p1a: Dubwool|42/100|[from] Sandstorm
|-damage|p2a: trev|76/100|[from] Sandstorm
|-heal|p1a: Dubwool|48/100|[from] item: Leftovers
|upkeep
|turn|5
|
|t:|1654194930
|move|p1a: Dubwool|Copycat|p1a: Dubwool
|move|p1a: Dubwool|Wood Hammer|p2a: trev|[from]move: Copycat
|-resisted|p2a: trev
|-damage|p2a: trev|60/100
|-damage|p1a: Dubwool|43/100|[from] Recoil
|move|p2a: trev|Wood Hammer|p1a: Dubwool
|-damage|p1a: Dubwool|10/100
|-damage|p2a: trev|49/100|[from] Recoil
|
|-weather|Sandstorm|[upkeep]
|-damage|p1a: Dubwool|4/100|[from] Sandstorm
|-damage|p2a: trev|42/100|[from] Sandstorm
|-heal|p1a: Dubwool|10/100|[from] item: Leftovers
|upkeep
|turn|6
|
|t:|1654194939
|switch|p2a: Sandslash|Sandslash, M|100/100
|move|p1a: Dubwool|Rest|p1a: Dubwool
|-status|p1a: Dubwool|slp|[from] move: Rest
|-heal|p1a: Dubwool|100/100 slp|[silent]
|
|-weather|Sandstorm|[upkeep]
|-damage|p1a: Dubwool|94/100 slp|[from] Sandstorm
|-heal|p1a: Dubwool|100/100 slp|[from] item: Leftovers
|upkeep
|turn|7
|
|t:|1654194947
|switch|p1a: Eldegoss|Eldegoss, F|100/100
|move|p2a: Sandslash|Rapid Spin|p1a: Eldegoss
|-damage|p1a: Eldegoss|81/100
|-boost|p2a: Sandslash|spe|1
|-sideend|p2: critmonger|Stealth Rock|[from] move: Rapid Spin|[of] p2a: Sandslash
|
|-weather|Sandstorm|[upkeep]
|-damage|p1a: Eldegoss|75/100|[from] Sandstorm
|upkeep
|turn|8
|
|t:|1654194953
|switch|p2a: trev|Trevenant, M|42/100
|move|p1a: Eldegoss|Giga Drain|p2a: trev
|-resisted|p2a: trev
|-damage|p2a: trev|22/100
|-heal|p1a: Eldegoss|85/100|[from] drain|[of] p2a: trev
|
|-weather|none
|upkeep
|turn|9
|
|t:|1654194961
|switch|p1a: Dubwool|Dubwool, F|100/100 slp
|-damage|p1a: Dubwool|88/100 slp|[from] Stealth Rock
|move|p2a: trev|Horn Leech|p1a: Dubwool
|-damage|p1a: Dubwool|68/100 slp
|-heal|p2a: trev|33/100|[from] drain|[of] p1a: Dubwool
|
|-heal|p1a: Dubwool|74/100 slp|[from] item: Leftovers
|upkeep
|turn|10
|
|t:|1654194983
|switch|p1a: Accelgor|Accelgor, M|100/100
|move|p2a: trev|Horn Leech|p1a: Accelgor
|-resisted|p1a: Accelgor
|-damage|p1a: Accelgor|62/100
|-heal|p2a: trev|55/100|[from] drain|[of] p1a: Accelgor
|
|upkeep
|turn|11
|
|t:|1654194994
|switch|p2a: lycan|Lycanroc, F|100/100
|move|p1a: Accelgor|Toxic Spikes|p2a: lycan
|-sidestart|p2: critmonger|move: Toxic Spikes
|
|upkeep
|turn|12
|
|t:|1654195006
|switch|p1a: Palossand|Palossand, F|100/100
|-damage|p1a: Palossand|94/100|[from] Stealth Rock
|move|p2a: lycan|Crunch|p1a: Palossand
|-supereffective|p1a: Palossand
|-enditem|p1a: Palossand|Colbur Berry|[eat]
|-enditem|p1a: Palossand|Colbur Berry|[weaken]
|-damage|p1a: Palossand|61/100
|
|upkeep
|turn|13
|
|t:|1654195023
|switch|p1a: Eldegoss|Eldegoss, F|100/100
|move|p2a: lycan|Crunch|p1a: Eldegoss
|-damage|p1a: Eldegoss|56/100
|
|upkeep
|turn|14
|
|t:|1654195039
|switch|p2a: trev|Trevenant, M|55/100
|-status|p2a: trev|psn
|move|p1a: Eldegoss|Giga Drain|p2a: trev
|-resisted|p2a: trev
|-damage|p2a: trev|34/100 psn
|-heal|p1a: Eldegoss|66/100|[from] drain|[of] p2a: trev
|
|-damage|p2a: trev|22/100 psn|[from] psn
|upkeep
|turn|15
|
|t:|1654195048
|-curestatus|p2a: trev|psn|[from] ability: Natural Cure
|switch|p2a: gigs|Gigalith, M|69/100
|-status|p2a: gigs|psn
|-weather|Sandstorm|[from] ability: Sand Stream|[of] p2a: gigs
|switch|p1a: Magneton|Magneton|100/100
|-damage|p1a: Magneton|94/100|[from] Stealth Rock
|
|-weather|Sandstorm|[upkeep]
|-damage|p2a: gigs|57/100 psn|[from] psn
|upkeep
|turn|16
|
|t:|1654195055
|switch|p2a: toge|Togedemaru, M|100/100
|move|p1a: Magneton|Volt Switch|p2a: toge
|-ability|p2a: toge|Lightning Rod|boost
|-boost|p2a: toge|spa|1
|
|-weather|Sandstorm|[upkeep]
|upkeep
|turn|17
|
|t:|1654195060
|move|p2a: toge|U-turn|p1a: Magneton
|-resisted|p1a: Magneton
|-damage|p1a: Magneton|88/100
|
|t:|1654195067
|switch|p2a: Sandslash|Sandslash, M|100/100|[from]move: U-turn
|move|p1a: Magneton|Flash Cannon|p2a: Sandslash
|-damage|p2a: Sandslash|3/100
|
|-weather|Sandstorm|[upkeep]
|upkeep
|turn|18
|
|t:|1654195080
|switch|p1a: Eldegoss|Eldegoss, F|99/100
|move|p2a: Sandslash|Earthquake|p1a: Eldegoss
|-resisted|p1a: Eldegoss
|-damage|p1a: Eldegoss|71/100
|
|-weather|Sandstorm|[upkeep]
|-damage|p1a: Eldegoss|65/100|[from] Sandstorm
|upkeep
|turn|19
|
|t:|1654195091
|move|p2a: Sandslash|Rapid Spin|p1a: Eldegoss
|-damage|p1a: Eldegoss|48/100
|-boost|p2a: Sandslash|spe|1
|-sideend|p2: critmonger|Toxic Spikes|[from] move: Rapid Spin|[of] p2a: Sandslash
|move|p1a: Eldegoss|Rapid Spin|p2a: Sandslash
|-damage|p2a: Sandslash|0 fnt
|-boost|p1a: Eldegoss|spe|1
|-sideend|p1: yassy slay|Stealth Rock|[from] move: Rapid Spin|[of] p1a: Eldegoss
|faint|p2a: Sandslash
|
|-weather|Sandstorm|[upkeep]
|-damage|p1a: Eldegoss|42/100|[from] Sandstorm
|upkeep
|
|t:|1654195094
|switch|p2a: trev|Trevenant, M|22/100
|turn|20
|
|t:|1654195110
|switch|p1a: Dubwool|Dubwool, F|74/100 slp
|move|p2a: trev|Horn Leech|p1a: Dubwool
|-damage|p1a: Dubwool|52/100 slp
|-heal|p2a: trev|34/100|[from] drain|[of] p1a: Dubwool
|
|-weather|Sandstorm|[upkeep]
|-damage|p1a: Dubwool|46/100 slp|[from] Sandstorm
|-damage|p2a: trev|27/100|[from] Sandstorm
|-heal|p1a: Dubwool|52/100 slp|[from] item: Leftovers
|upkeep
|turn|21
|
|t:|1654195114
|cant|p1a: Dubwool|slp
|move|p1a: Dubwool|Sleep Talk|p1a: Dubwool
|move|p1a: Dubwool|Body Press|p2a: trev|[from]move: Sleep Talk
|-immune|p2a: trev
|move|p2a: trev|Horn Leech|p1a: Dubwool
|-damage|p1a: Dubwool|30/100 slp
|-heal|p2a: trev|39/100|[from] drain|[of] p1a: Dubwool
|
|-weather|Sandstorm|[upkeep]
|-damage|p1a: Dubwool|24/100 slp|[from] Sandstorm
|-damage|p2a: trev|33/100|[from] Sandstorm
|-heal|p1a: Dubwool|30/100 slp|[from] item: Leftovers
|upkeep
|turn|22
|
|t:|1654195119
|cant|p1a: Dubwool|slp
|move|p1a: Dubwool|Sleep Talk|p1a: Dubwool
|move|p1a: Dubwool|Rest||[from]move: Sleep Talk|[still]
|-fail|p1a: Dubwool
|move|p2a: trev|Horn Leech|p1a: Dubwool
|-damage|p1a: Dubwool|7/100 slp
|-heal|p2a: trev|45/100|[from] drain|[of] p1a: Dubwool
|
|-weather|none
|-heal|p1a: Dubwool|13/100 slp|[from] item: Leftovers
|upkeep
|turn|23
|
|t:|1654195122
|-curestatus|p1a: Dubwool|slp|[msg]
|move|p1a: Dubwool|Rest|p1a: Dubwool
|-status|p1a: Dubwool|slp|[from] move: Rest
|-heal|p1a: Dubwool|100/100 slp|[silent]
|move|p2a: trev|Horn Leech|p1a: Dubwool
|-damage|p1a: Dubwool|80/100 slp
|-heal|p2a: trev|56/100|[from] drain|[of] p1a: Dubwool
|
|-heal|p1a: Dubwool|86/100 slp|[from] item: Leftovers
|upkeep
|turn|24
|
|t:|1654195126
|cant|p1a: Dubwool|slp
|move|p1a: Dubwool|Sleep Talk|p1a: Dubwool
|move|p1a: Dubwool|Rest||[from]move: Sleep Talk|[still]
|-fail|p1a: Dubwool
|move|p2a: trev|Horn Leech|p1a: Dubwool
|-damage|p1a: Dubwool|65/100 slp
|-heal|p2a: trev|67/100|[from] drain|[of] p1a: Dubwool
|
|-heal|p1a: Dubwool|71/100 slp|[from] item: Leftovers
|upkeep
|turn|25
|
|t:|1654195129
|cant|p1a: Dubwool|slp
|move|p1a: Dubwool|Sleep Talk|p1a: Dubwool
|move|p1a: Dubwool|Rest||[from]move: Sleep Talk|[still]
|-fail|p1a: Dubwool
|move|p2a: trev|Horn Leech|p1a: Dubwool
|-damage|p1a: Dubwool|48/100 slp
|-heal|p2a: trev|79/100|[from] drain|[of] p1a: Dubwool
|
|-heal|p1a: Dubwool|54/100 slp|[from] item: Leftovers
|upkeep
|turn|26
|
|t:|1654195137
|switch|p1a: Accelgor|Accelgor, M|62/100
|switch|p2a: bee|Ribombee, F|100/100
|
|upkeep
|turn|27
|
|t:|1654195145
|move|p1a: Accelgor|Toxic Spikes|p2a: bee
|-sidestart|p2: critmonger|move: Toxic Spikes
|move|p2a: bee|Moonblast|p1a: Accelgor
|-damage|p1a: Accelgor|8/100
|
|upkeep
|turn|28
|
|t:|1654195153
|switch|p1a: Magneton|Magneton|88/100
|move|p2a: bee|Moonblast|p1a: Magneton
|-resisted|p1a: Magneton
|-damage|p1a: Magneton|71/100
|-unboost|p1a: Magneton|spa|1
|
|upkeep
|turn|29
|
|t:|1654195162
|switch|p2a: toge|Togedemaru, M|100/100
|switch|p1a: Eldegoss|Eldegoss, F|75/100
|
|upkeep
|turn|30
|
|t:|1654195167
|move|p2a: toge|Wish|p2a: toge
|move|p1a: Eldegoss|Worry Seed|p2a: toge
|-endability|p2a: toge|Lightning Rod|[from] move: Worry Seed
|-ability|p2a: toge|Insomnia|[from] move: Worry Seed
|
|upkeep
|turn|31
|
|t:|1654195174
|move|p2a: toge|U-turn|p1a: Eldegoss
|-supereffective|p1a: Eldegoss
|-damage|p1a: Eldegoss|39/100
|
|t:|1654195177
|switch|p2a: gigs|Gigalith, M|57/100 psn|[from]move: U-turn
|-weather|Sandstorm|[from] ability: Sand Stream|[of] p2a: gigs
|move|p1a: Eldegoss|Worry Seed|p2a: gigs
|-endability|p2a: gigs|Sand Stream|[from] move: Worry Seed
|-ability|p2a: gigs|Insomnia|[from] move: Worry Seed
|
|-weather|Sandstorm|[upkeep]
|-damage|p1a: Eldegoss|33/100|[from] Sandstorm
|-heal|p2a: gigs|100/100 psn|[from] move: Wish|[wisher] toge
|-damage|p2a: gigs|88/100 psn|[from] psn
|upkeep
|turn|32
|
|t:|1654195184
|move|p1a: Eldegoss|Giga Drain|p2a: gigs
|-supereffective|p2a: gigs
|-damage|p2a: gigs|51/100 psn
|-heal|p1a: Eldegoss|55/100|[from] drain|[of] p2a: gigs
|move|p2a: gigs|Stealth Rock|p1a: Eldegoss
|-sidestart|p1: yassy slay|move: Stealth Rock
|
|-weather|Sandstorm|[upkeep]
|-damage|p1a: Eldegoss|48/100|[from] Sandstorm
|-damage|p2a: gigs|38/100 psn|[from] psn
|upkeep
|turn|33
|
|t:|1654195191
|switch|p2a: trev|Trevenant, M|79/100
|-status|p2a: trev|psn
|move|p1a: Eldegoss|Worry Seed|p2a: trev
|-endability|p2a: trev|Natural Cure|[from] move: Worry Seed
|-ability|p2a: trev|Insomnia|[from] move: Worry Seed
|
|-weather|Sandstorm|[upkeep]
|-damage|p2a: trev|73/100 psn|[from] Sandstorm
|-damage|p1a: Eldegoss|42/100|[from] Sandstorm
|-damage|p2a: trev|60/100 psn|[from] psn
|upkeep
|turn|34
|
|t:|1654195198
|switch|p1a: Dubwool|Dubwool, F|54/100 slp
|-damage|p1a: Dubwool|42/100 slp|[from] Stealth Rock
|move|p2a: trev|Horn Leech|p1a: Dubwool
|-damage|p1a: Dubwool|22/100 slp
|-heal|p2a: trev|71/100 psn|[from] drain|[of] p1a: Dubwool
|
|-weather|Sandstorm|[upkeep]
|-damage|p1a: Dubwool|16/100 slp|[from] Sandstorm
|-damage|p2a: trev|65/100 psn|[from] Sandstorm
|-heal|p1a: Dubwool|22/100 slp|[from] item: Leftovers
|-damage|p2a: trev|52/100 psn|[from] psn
|upkeep
|turn|35
|
|t:|1654195201
|-curestatus|p1a: Dubwool|slp|[msg]
|move|p1a: Dubwool|Rest|p1a: Dubwool
|-status|p1a: Dubwool|slp|[from] move: Rest
|-heal|p1a: Dubwool|100/100 slp|[silent]
|move|p2a: trev|Horn Leech|p1a: Dubwool
|-damage|p1a: Dubwool|80/100 slp
|-heal|p2a: trev|63/100 psn|[from] drain|[of] p1a: Dubwool
|
|-weather|Sandstorm|[upkeep]
|-damage|p1a: Dubwool|74/100 slp|[from] Sandstorm
|-damage|p2a: trev|57/100 psn|[from] Sandstorm
|-heal|p1a: Dubwool|80/100 slp|[from] item: Leftovers
|-damage|p2a: trev|44/100 psn|[from] psn
|upkeep
|turn|36
|
|t:|1654195210
|switch|p2a: toge|Togedemaru, M|100/100
|cant|p1a: Dubwool|slp
|move|p1a: Dubwool|Sleep Talk|p1a: Dubwool
|move|p1a: Dubwool|Body Press|p2a: toge|[from]move: Sleep Talk
|-supereffective|p2a: toge
|-damage|p2a: toge|29/100
|
|-weather|Sandstorm|[upkeep]
|-damage|p1a: Dubwool|74/100 slp|[from] Sandstorm
|-heal|p1a: Dubwool|80/100 slp|[from] item: Leftovers
|-heal|p2a: toge|35/100|[from] item: Leftovers
|upkeep
|turn|37
|
|t:|1654195214
|cant|p1a: Dubwool|slp
|move|p1a: Dubwool|Sleep Talk|p1a: Dubwool
|move|p1a: Dubwool|Body Press|p2a: toge|[from]move: Sleep Talk
|-supereffective|p2a: toge
|-damage|p2a: toge|0 fnt
|faint|p2a: toge
|
|-weather|Sandstorm|[upkeep]
|-damage|p1a: Dubwool|74/100 slp|[from] Sandstorm
|-heal|p1a: Dubwool|80/100 slp|[from] item: Leftovers
|upkeep
|
|t:|1654195220
|switch|p2a: bee|Ribombee, F|100/100
|turn|38
|
|t:|1654195223
|switch|p1a: Magneton|Magneton|71/100
|-damage|p1a: Magneton|64/100|[from] Stealth Rock
|move|p2a: bee|Moonblast|p1a: Magneton
|-resisted|p1a: Magneton
|-damage|p1a: Magneton|48/100
|
|-weather|none
|upkeep
|turn|39
|
|t:|1654195228
|switch|p2a: gigs|Gigalith, M|38/100 psn
|-weather|Sandstorm|[from] ability: Sand Stream|[of] p2a: gigs
|move|p1a: Magneton|Flash Cannon|p2a: gigs
|-supereffective|p2a: gigs
|-damage|p2a: gigs|0 fnt
|faint|p2a: gigs
|
|-weather|Sandstorm|[upkeep]
|upkeep
|
|t:|1654195235
|switch|p2a: lycan|Lycanroc, F|100/100
|-status|p2a: lycan|psn
|turn|40
|
|t:|1654195245
|switch|p1a: Accelgor|Accelgor, M|8/100
|move|p2a: lycan|Crunch|p1a: Accelgor
|-crit|p1a: Accelgor
|-damage|p1a: Accelgor|0 fnt
|faint|p1a: Accelgor
|
|-weather|Sandstorm|[upkeep]
|-damage|p2a: lycan|88/100 psn|[from] psn
|upkeep
|
|t:|1654195288
|switch|p1a: Eldegoss|Eldegoss, F|75/100
|turn|41
|
|t:|1654195295
|switch|p2a: bee|Ribombee, F|100/100
|move|p1a: Eldegoss|Giga Drain|p2a: bee
|-resisted|p2a: bee
|-damage|p2a: bee|74/100
|-heal|p1a: Eldegoss|87/100|[from] drain|[of] p2a: bee
|
|-weather|Sandstorm|[upkeep]
|-damage|p2a: bee|68/100|[from] Sandstorm
|-damage|p1a: Eldegoss|81/100|[from] Sandstorm
|upkeep
|turn|42
|
|t:|1654195301
|switch|p1a: Magneton|Magneton|48/100
|-damage|p1a: Magneton|42/100|[from] Stealth Rock
|move|p2a: bee|Moonblast|p1a: Magneton
|-resisted|p1a: Magneton
|-damage|p1a: Magneton|24/100
|
|-weather|Sandstorm|[upkeep]
|-damage|p2a: bee|62/100|[from] Sandstorm
|upkeep
|turn|43
|
|t:|1654195304
|move|p2a: bee|Moonblast|p1a: Magneton
|-resisted|p1a: Magneton
|-damage|p1a: Magneton|5/100
|move|p1a: Magneton|Rest|p1a: Magneton
|-status|p1a: Magneton|slp|[from] move: Rest
|-heal|p1a: Magneton|100/100 slp|[silent]
|
|-weather|Sandstorm|[upkeep]
|-damage|p2a: bee|55/100|[from] Sandstorm
|upkeep
|turn|44
|
|t:|1654195312
|move|p2a: bee|Roost|p2a: bee
|-heal|p2a: bee|100/100
|-singleturn|p2a: bee|move: Roost
|cant|p1a: Magneton|slp
|move|p1a: Magneton|Sleep Talk|p1a: Magneton
|move|p1a: Magneton|Volt Switch|p2a: bee|[from]move: Sleep Talk
|-damage|p2a: bee|32/100
|
|t:|1654195317
|switch|p1a: Musharna|Musharna, F|100/100|[from]move: Volt Switch
|
|-weather|Sandstorm|[upkeep]
|-damage|p2a: bee|26/100|[from] Sandstorm
|-damage|p1a: Musharna|94/100|[from] Sandstorm
|upkeep
|turn|45
|
|t:|1654195322
|switch|p1a: Magneton|Magneton|100/100 slp
|-damage|p1a: Magneton|94/100 slp|[from] Stealth Rock
|move|p2a: bee|Moonblast|p1a: Magneton
|-resisted|p1a: Magneton
|-damage|p1a: Magneton|76/100 slp
|
|-weather|Sandstorm|[upkeep]
|-damage|p2a: bee|20/100|[from] Sandstorm
|upkeep
|turn|46
|
|t:|1654195325
|move|p2a: bee|Roost|p2a: bee
|-heal|p2a: bee|70/100
|-singleturn|p2a: bee|move: Roost
|cant|p1a: Magneton|slp
|move|p1a: Magneton|Sleep Talk|p1a: Magneton
|move|p1a: Magneton|Rest||[from]move: Sleep Talk|[still]
|-fail|p1a: Magneton
|
|-weather|none
|upkeep
|turn|47
|
|t:|1654195328
|move|p2a: bee|Moonblast|p1a: Magneton
|-resisted|p1a: Magneton
|-damage|p1a: Magneton|58/100 slp
|-unboost|p1a: Magneton|spa|1
|-curestatus|p1a: Magneton|slp|[msg]
|move|p1a: Magneton|Flash Cannon|p2a: bee
|-supereffective|p2a: bee
|-damage|p2a: bee|0 fnt
|faint|p2a: bee
|
|upkeep
|
|t:|1654195331
|switch|p2a: lycan|Lycanroc, F|88/100 psn
|turn|48
|
|t:|1654195338
|switch|p1a: Eldegoss|Eldegoss, F|100/100
|move|p2a: lycan|Close Combat|p1a: Eldegoss
|-damage|p1a: Eldegoss|23/100
|-unboost|p2a: lycan|def|1
|-unboost|p2a: lycan|spd|1
|
|-damage|p2a: lycan|76/100 psn|[from] psn
|upkeep
|turn|49
|
|t:|1654195346
|switch|p2a: trev|Trevenant, M|44/100 psn
|switch|p1a: Palossand|Palossand, F|61/100
|-damage|p1a: Palossand|55/100|[from] Stealth Rock
|
|-damage|p2a: trev|32/100 psn|[from] psn
|upkeep
|turn|50
|
|t:|1654195352
|switch|p1a: Dubwool|Dubwool, F|80/100 slp
|-damage|p1a: Dubwool|68/100 slp|[from] Stealth Rock
|move|p2a: trev|Poltergeist|p1a: Dubwool
|-immune|p1a: Dubwool
|
|-heal|p1a: Dubwool|74/100 slp|[from] item: Leftovers
|-damage|p2a: trev|19/100 psn|[from] psn
|upkeep
|turn|51
|c|☆critmonger|gg bud
|c|☆yassy slay|GG
|c|☆critmonger|that dubwool is vexing
|c|☆yassy slay|Yeah it's a bizarrely good set lmao
|j| Haffling testy
|-message|critmonger forfeited.
|
|win|yassy slay
|raw|yassy slay's rating: 1637 &rarr; <strong>1647</strong><br />(+10 for winning)
|raw|critmonger's rating: 1448 &rarr; <strong>1438</strong><br />(-10 for losing)
|l|☆critmonger
