|j|☆Babyfoot75
|j|☆ptf
|t:|1634972573
|gametype|singles
|player|p1|Babyfoot75|galacticgrunt|
|player|p2|ptf|lucas|
|teamsize|p1|6
|teamsize|p2|6
|gen|8
|tier|[Gen 8] PU
|rated|Tournament battle
|rule|Sleep Clause Mod: Limit one foe put to sleep
|rule|Species Clause: Limit one of each Pokémon
|rule|OHKO Clause: OHKO moves are banned
|rule|Evasion Moves Clause: Evasion moves are banned
|rule|Endless Battle Clause: Forcing endless battles is banned
|rule|HP Percentage Mod: HP is shown in percentages
|rule|Dynamax Clause: You cannot dynamax
|clearpoke
|poke|p1|Centiskorch, F|
|poke|p1|Archeops, F|
|poke|p1|Palossand, F|
|poke|p1|Lanturn, M|
|poke|p1|Tsareena, F|
|poke|p1|Silvally-*|
|poke|p2|Sawk, M|
|poke|p2|Frosmoth, M|
|poke|p2|Eldegoss, M|
|poke|p2|Aggron, F|
|poke|p2|Golbat, F|
|poke|p2|Charizard, F|
|teampreview
|
|t:|1634972587
|start
|switch|p1a: Centiskorch|Centiskorch, F|100/100
|switch|p2a: Aggron|Aggron, F|100/100
|turn|1
|
|t:|1634972592
|move|p1a: Centiskorch|Knock Off|p2a: Aggron
|-damage|p2a: Aggron|82/100
|-enditem|p2a: Aggron|Leftovers|[from] move: Knock Off|[of] p1a: Centiskorch
|move|p2a: Aggron|Head Smash|p1a: Centiskorch
|-supereffective|p1a: Centiskorch
|-damage|p1a: Centiskorch|0 fnt
|faint|p1a: Centiskorch
|
|upkeep
|
|t:|1634972597
|switch|p1a: Palossand|Palossand, F|100/100
|turn|2
|
|t:|1634972606
|switch|p2a: Frosmoth|Frosmoth, M|100/100
|move|p1a: Palossand|Stealth Rock|p2a: Frosmoth
|-sidestart|p2: ptf|move: Stealth Rock
|
|upkeep
|turn|3
|
|t:|1634972610
|switch|p1a: Silvally|Silvally|100/100
|move|p2a: Frosmoth|Quiver Dance|p2a: Frosmoth
|-boost|p2a: Frosmoth|spa|1
|-boost|p2a: Frosmoth|spd|1
|-boost|p2a: Frosmoth|spe|1
|
|upkeep
|turn|4
|
|t:|1634972620
|move|p1a: Silvally|Multi-Attack|p2a: Frosmoth
|-damage|p2a: Frosmoth|4/100
|move|p2a: Frosmoth|U-turn|p1a: Silvally
|-damage|p1a: Silvally|82/100
|
|t:|1634972631
|switch|p2a: Aggron|Aggron, F|82/100|[from]move: U-turn
|-damage|p2a: Aggron|76/100|[from] Stealth Rock
|
|upkeep
|turn|5
|
|t:|1634972636
|switch|p1a: Palossand|Palossand, F|100/100
|move|p2a: Aggron|Stealth Rock|p1a: Palossand
|-sidestart|p1: Babyfoot75|move: Stealth Rock
|
|upkeep
|turn|6
|
|t:|1634972640
|switch|p2a: Eldegoss|Eldegoss, M|100/100
|move|p1a: Palossand|Scorching Sands|p2a: Eldegoss
|-resisted|p2a: Eldegoss
|-damage|p2a: Eldegoss|89/100
|
|upkeep
|turn|7
|
|t:|1634972647
|switch|p1a: Tsareena|Tsareena, F|100/100
|move|p2a: Eldegoss|Rapid Spin|p1a: Tsareena
|-damage|p1a: Tsareena|93/100
|-boost|p2a: Eldegoss|spe|1
|-sideend|p2: ptf|Stealth Rock|[from] move: Rapid Spin|[of] p2a: Eldegoss
|
|upkeep
|turn|8
|
|t:|1634972654
|switch|p2a: Charizard|Charizard, F|100/100
|move|p1a: Tsareena|Rapid Spin|p2a: Charizard
|-damage|p2a: Charizard|76/100
|-boost|p1a: Tsareena|spe|1
|-sideend|p1: Babyfoot75|Stealth Rock|[from] move: Rapid Spin|[of] p1a: Tsareena
|
|upkeep
|turn|9
|
|t:|1634972661
|move|p1a: Tsareena|U-turn|p2a: Charizard
|-resisted|p2a: Charizard
|-damage|p2a: Charizard|68/100
|
|t:|1634972665
|switch|p1a: Archeops|Archeops, F|100/100|[from]move: U-turn
|move|p2a: Charizard|Toxic|p1a: Archeops
|-status|p1a: Archeops|tox
|
|-damage|p1a: Archeops|94/100 tox|[from] psn
|upkeep
|turn|10
|
|t:|1634972680
|switch|p2a: Frosmoth|Frosmoth, M|4/100
|move|p1a: Archeops|U-turn|p2a: Frosmoth
|-damage|p2a: Frosmoth|0 fnt
|faint|p2a: Frosmoth
|
|t:|1634972685
|switch|p1a: Silvally|Silvally|82/100|[from]move: U-turn
|
|upkeep
|
|t:|1634972694
|switch|p2a: Aggron|Aggron, F|76/100
|turn|11
|
|t:|1634972709
|move|p1a: Silvally|U-turn|p2a: Aggron
|-resisted|p2a: Aggron
|-damage|p2a: Aggron|70/100
|
|t:|1634972713
|switch|p1a: Palossand|Palossand, F|100/100|[from]move: U-turn
|move|p2a: Aggron|Head Smash|p1a: Palossand
|-resisted|p1a: Palossand
|-damage|p1a: Palossand|83/100
|
|upkeep
|turn|12
|
|t:|1634972719
|switch|p1a: Silvally|Silvally|82/100
|move|p2a: Aggron|Taunt|p1a: Silvally
|-start|p1a: Silvally|move: Taunt
|
|upkeep
|turn|13
|
|t:|1634972723
|move|p1a: Silvally|U-turn|p2a: Aggron
|-resisted|p2a: Aggron
|-damage|p2a: Aggron|64/100
|
|t:|1634972725
|switch|p1a: Palossand|Palossand, F|83/100|[from]move: U-turn
|move|p2a: Aggron|Stealth Rock|p1a: Palossand
|-sidestart|p1: Babyfoot75|move: Stealth Rock
|
|upkeep
|turn|14
|
|t:|1634972729
|move|p2a: Aggron|Taunt|p1a: Palossand
|-start|p1a: Palossand|move: Taunt
|cant|p1a: Palossand|move: Taunt|Stealth Rock
|
|upkeep
|turn|15
|
|t:|1634972738
|switch|p2a: Charizard|Charizard, F|68/100
|switch|p1a: Tsareena|Tsareena, F|93/100
|
|upkeep
|turn|16
|
|t:|1634972744
|switch|p1a: Lanturn|Lanturn, M|100/100
|-damage|p1a: Lanturn|88/100|[from] Stealth Rock
|move|p2a: Charizard|Flamethrower|p1a: Lanturn
|-resisted|p1a: Lanturn
|-damage|p1a: Lanturn|75/100
|
|-heal|p1a: Lanturn|81/100|[from] item: Leftovers
|upkeep
|turn|17
|
|t:|1634972756
|move|p2a: Charizard|Roost|p2a: Charizard
|-heal|p2a: Charizard|100/100
|-singleturn|p2a: Charizard|move: Roost
|move|p1a: Lanturn|Toxic|p2a: Charizard
|-status|p2a: Charizard|tox
|
|-heal|p1a: Lanturn|87/100|[from] item: Leftovers
|-damage|p2a: Charizard|94/100 tox|[from] psn
|upkeep
|turn|18
|
|t:|1634972767
|move|p2a: Charizard|Toxic|p1a: Lanturn
|-status|p1a: Lanturn|tox
|move|p1a: Lanturn|Toxic|p2a: Charizard
|-fail|p2a: Charizard|tox
|
|-heal|p1a: Lanturn|93/100 tox|[from] item: Leftovers
|-damage|p2a: Charizard|82/100 tox|[from] psn
|-damage|p1a: Lanturn|87/100 tox|[from] psn
|upkeep
|turn|19
|
|t:|1634972774
|switch|p2a: Sawk|Sawk, M|100/100
|-ability|p2a: Sawk|Mold Breaker
|move|p1a: Lanturn|Volt Switch|p2a: Sawk
|-damage|p2a: Sawk|73/100
|
|t:|1634972780
|switch|p1a: Palossand|Palossand, F|83/100|[from]move: Volt Switch
|-damage|p1a: Palossand|77/100|[from] Stealth Rock
|
|upkeep
|turn|20
|
|t:|1634972788
|switch|p2a: Eldegoss|Eldegoss, M|100/100
|move|p1a: Palossand|Stealth Rock|p2a: Eldegoss
|-sidestart|p2: ptf|move: Stealth Rock
|
|upkeep
|turn|21
|
|t:|1634972794
|switch|p1a: Tsareena|Tsareena, F|93/100
|move|p2a: Eldegoss|Giga Drain|p1a: Tsareena
|-resisted|p1a: Tsareena
|-damage|p1a: Tsareena|80/100
|
|upkeep
|turn|22
|j| kogoyami
|
|t:|1634972798
|move|p1a: Tsareena|Rapid Spin|p2a: Eldegoss
|-damage|p2a: Eldegoss|88/100
|-boost|p1a: Tsareena|spe|1
|-sideend|p1: Babyfoot75|Stealth Rock|[from] move: Rapid Spin|[of] p1a: Tsareena
|move|p2a: Eldegoss|Rapid Spin|p1a: Tsareena
|-damage|p1a: Tsareena|73/100
|-boost|p2a: Eldegoss|spe|1
|-sideend|p2: ptf|Stealth Rock|[from] move: Rapid Spin|[of] p2a: Eldegoss
|
|upkeep
|turn|23
|
|t:|1634972801
|switch|p2a: Golbat|Golbat, F|100/100
|move|p1a: Tsareena|U-turn|p2a: Golbat
|-resisted|p2a: Golbat
|-damage|p2a: Golbat|96/100
|
|t:|1634972805
|switch|p1a: Archeops|Archeops, F|94/100 tox|[from]move: U-turn
|
|-damage|p1a: Archeops|88/100 tox|[from] psn
|upkeep
|turn|24
|
|t:|1634972812
|move|p1a: Archeops|Stone Edge|p2a: Golbat
|-supereffective|p2a: Golbat
|-damage|p2a: Golbat|0 fnt
|faint|p2a: Golbat
|
|-damage|p1a: Archeops|76/100 tox|[from] psn
|upkeep
|
|t:|1634972818
|switch|p2a: Eldegoss|Eldegoss, M|100/100
|turn|25
|
|t:|1634972827
|move|p1a: Archeops|U-turn|p2a: Eldegoss
|-supereffective|p2a: Eldegoss
|-damage|p2a: Eldegoss|60/100
|
|t:|1634972830
|switch|p1a: Tsareena|Tsareena, F|73/100|[from]move: U-turn
|move|p2a: Eldegoss|Giga Drain|p1a: Tsareena
|-resisted|p1a: Tsareena
|-damage|p1a: Tsareena|59/100
|-heal|p2a: Eldegoss|66/100|[from] drain|[of] p1a: Tsareena
|
|upkeep
|turn|26
|
|t:|1634972843
|move|p1a: Tsareena|Synthesis|p1a: Tsareena
|-heal|p1a: Tsareena|100/100
|move|p2a: Eldegoss|Giga Drain|p1a: Tsareena
|-resisted|p1a: Tsareena
|-damage|p1a: Tsareena|87/100
|-heal|p2a: Eldegoss|72/100|[from] drain|[of] p1a: Tsareena
|
|upkeep
|turn|27
|
|t:|1634972854
|move|p1a: Tsareena|U-turn|p2a: Eldegoss
|-supereffective|p2a: Eldegoss
|-damage|p2a: Eldegoss|31/100
|
|t:|1634972857
|switch|p1a: Silvally|Silvally|82/100|[from]move: U-turn
|move|p2a: Eldegoss|Synthesis|p2a: Eldegoss
|-heal|p2a: Eldegoss|81/100
|
|upkeep
|turn|28
|
|t:|1634972865
|move|p1a: Silvally|Flamethrower|p2a: Eldegoss
|-supereffective|p2a: Eldegoss
|-damage|p2a: Eldegoss|47/100
|move|p2a: Eldegoss|Giga Drain|p1a: Silvally
|-damage|p1a: Silvally|58/100
|-heal|p2a: Eldegoss|60/100|[from] drain|[of] p1a: Silvally
|
|upkeep
|turn|29
|
|t:|1634972876
|switch|p1a: Tsareena|Tsareena, F|87/100
|move|p2a: Eldegoss|Giga Drain|p1a: Tsareena
|-resisted|p1a: Tsareena
|-damage|p1a: Tsareena|73/100
|-heal|p2a: Eldegoss|66/100|[from] drain|[of] p1a: Tsareena
|
|upkeep
|turn|30
|
|t:|1634972884
|switch|p2a: Aggron|Aggron, F|64/100
|move|p1a: Tsareena|U-turn|p2a: Aggron
|-resisted|p2a: Aggron
|-damage|p2a: Aggron|58/100
|
|t:|1634972891
|switch|p1a: Lanturn|Lanturn, M|87/100 tox|[from]move: U-turn
|
|-heal|p1a: Lanturn|93/100 tox|[from] item: Leftovers
|-damage|p1a: Lanturn|87/100 tox|[from] psn
|upkeep
|turn|31
|
|t:|1634972900
|switch|p2a: Eldegoss|Eldegoss, M|99/100
|move|p1a: Lanturn|Scald|p2a: Eldegoss
|-resisted|p2a: Eldegoss
|-damage|p2a: Eldegoss|89/100
|
|-heal|p1a: Lanturn|93/100 tox|[from] item: Leftovers
|-damage|p1a: Lanturn|81/100 tox|[from] psn
|upkeep
|turn|32
|
|t:|1634972909
|move|p1a: Lanturn|Toxic|p2a: Eldegoss
|-status|p2a: Eldegoss|tox
|move|p2a: Eldegoss|Giga Drain|p1a: Lanturn
|-supereffective|p1a: Lanturn
|-damage|p1a: Lanturn|52/100 tox
|-heal|p2a: Eldegoss|100/100 tox|[from] drain|[of] p1a: Lanturn
|
|-heal|p1a: Lanturn|58/100 tox|[from] item: Leftovers
|-damage|p1a: Lanturn|40/100 tox|[from] psn
|-damage|p2a: Eldegoss|94/100 tox|[from] psn
|upkeep
|turn|33
|
|t:|1634972925
|move|p1a: Lanturn|Volt Switch|p2a: Eldegoss
|-resisted|p2a: Eldegoss
|-damage|p2a: Eldegoss|86/100 tox
|
|t:|1634972929
|switch|p1a: Tsareena|Tsareena, F|73/100|[from]move: Volt Switch
|move|p2a: Eldegoss|Giga Drain|p1a: Tsareena
|-resisted|p1a: Tsareena
|-damage|p1a: Tsareena|59/100
|-heal|p2a: Eldegoss|92/100 tox|[from] drain|[of] p1a: Tsareena
|
|-damage|p2a: Eldegoss|80/100 tox|[from] psn
|upkeep
|turn|34
|
|t:|1634972940
|switch|p2a: Aggron|Aggron, F|58/100
|move|p1a: Tsareena|Synthesis|p1a: Tsareena
|-heal|p1a: Tsareena|100/100
|
|upkeep
|turn|35
|
|t:|1634972952
|move|p1a: Tsareena|Power Whip|p2a: Aggron
|-damage|p2a: Aggron|24/100
|move|p2a: Aggron|Head Smash|p1a: Tsareena
|-damage|p1a: Tsareena|28/100
|
|upkeep
|turn|36
|j| rich the man
|
|t:|1634972962
|move|p1a: Tsareena|Power Whip|p2a: Aggron
|-crit|p2a: Aggron
|-damage|p2a: Aggron|0 fnt
|faint|p2a: Aggron
|
|upkeep
|
|t:|1634972964
|switch|p2a: Charizard|Charizard, F|82/100 tox
|turn|37
|
|t:|1634972969
|switch|p2a: Sawk|Sawk, M|73/100
|-ability|p2a: Sawk|Mold Breaker
|switch|p1a: Lanturn|Lanturn, M|40/100 tox
|
|-heal|p1a: Lanturn|46/100 tox|[from] item: Leftovers
|-damage|p1a: Lanturn|40/100 tox|[from] psn
|upkeep
|turn|38
|
|t:|1634972974
|move|p1a: Lanturn|Protect|p1a: Lanturn
|-singleturn|p1a: Lanturn|Protect
|move|p2a: Sawk|Knock Off|p1a: Lanturn
|-activate|p1a: Lanturn|move: Protect
|
|-heal|p1a: Lanturn|46/100 tox|[from] item: Leftovers
|-damage|p1a: Lanturn|34/100 tox|[from] psn
|upkeep
|turn|39
|
|t:|1634972980
|move|p2a: Sawk|Knock Off|p1a: Lanturn
|-damage|p1a: Lanturn|0 fnt
|-enditem|p1a: Lanturn|Leftovers|[from] move: Knock Off|[of] p2a: Sawk
|faint|p1a: Lanturn
|-damage|p2a: Sawk|63/100|[from] item: Life Orb
|
|upkeep
|
|t:|1634972988
|switch|p1a: Silvally|Silvally|58/100
|turn|40
|
|t:|1634973002
|move|p1a: Silvally|Multi-Attack|p2a: Sawk
|-damage|p2a: Sawk|0 fnt
|faint|p2a: Sawk
|
|upkeep
|
|t:|1634973005
|switch|p2a: Eldegoss|Eldegoss, M|100/100 tox
|turn|41
|
|t:|1634973015
|move|p1a: Silvally|Multi-Attack|p2a: Eldegoss
|-damage|p2a: Eldegoss|57/100 tox
|move|p2a: Eldegoss|Rapid Spin|p1a: Silvally
|-damage|p1a: Silvally|51/100
|-boost|p2a: Eldegoss|spe|1
|
|-damage|p2a: Eldegoss|51/100 tox|[from] psn
|upkeep
|turn|42
|
|t:|1634973021
|move|p1a: Silvally|Multi-Attack|p2a: Eldegoss
|-damage|p2a: Eldegoss|12/100 tox
|move|p2a: Eldegoss|Giga Drain|p1a: Silvally
|-damage|p1a: Silvally|26/100
|-heal|p2a: Eldegoss|25/100 tox|[from] drain|[of] p1a: Silvally
|
|-damage|p2a: Eldegoss|12/100 tox|[from] psn
|upkeep
|turn|43
|
|t:|1634973024
|move|p1a: Silvally|Multi-Attack|p2a: Eldegoss
|-damage|p2a: Eldegoss|0 fnt
|faint|p2a: Eldegoss
|
|upkeep
|
|t:|1634973027
|switch|p2a: Charizard|Charizard, F|82/100 tox
|turn|44
|c|☆ptf|gg
|
|t:|1634973031
|switch|p1a: Tsareena|Tsareena, F|28/100
|move|p2a: Charizard|Flamethrower|p1a: Tsareena
|-supereffective|p1a: Tsareena
|-damage|p1a: Tsareena|0 fnt
|faint|p1a: Tsareena
|
|-damage|p2a: Charizard|76/100 tox|[from] psn
|upkeep
|
|t:|1634973033
|switch|p1a: Silvally|Silvally|26/100
|turn|45
|
|t:|1634973040
|move|p1a: Silvally|Explosion|p2a: Charizard
|-damage|p2a: Charizard|0 fnt
|faint|p1a: Silvally
|faint|p2a: Charizard
|
|win|Babyfoot75
|n|☆Babyfoot75|babyfoot75
|n|☆ptf|ptf
|n| kogoyami|kogoyami
|n| rich the man|richtheman
