|raw|<div class="broadcast-blue"><strong>This battle is required to be public due to a player having a name starting with 'pult61a'.</div>
|j|☆pult61a Zip
|j|☆pult61a spades
|t:|1626824699
|gametype|singles
|player|p1|pult61a Zip|richboy-gen4|1177
|player|p2|pult61a spades|erika|1404
|teamsize|p1|6
|teamsize|p2|6
|gen|8
|tier|[Gen 8] PU
|rated|
|rule|Sleep Clause Mod: Limit one foe put to sleep
|rule|Species Clause: Limit one of each Pokémon
|rule|OHKO Clause: OHKO moves are banned
|rule|Evasion Moves Clause: Evasion moves are banned
|rule|Endless Battle Clause: Forcing endless battles is banned
|rule|HP Percentage Mod: HP is shown in percentages
|rule|Dynamax Clause: You cannot dynamax
|clearpoke
|poke|p1|Articuno-Galar|
|poke|p1|Passimian, M|
|poke|p1|Whimsicott, F|
|poke|p1|Quagsire, M|
|poke|p1|Togedemaru, M|
|poke|p1|Palossand, F|
|poke|p2|Sandaconda, F|
|poke|p2|Togedemaru, M|
|poke|p2|Gigalith, M|
|poke|p2|Weezing, F|
|poke|p2|Whimsicott, M|
|poke|p2|Mesprit|
|teampreview
|inactive|Battle timer is ON: inactive players will automatically lose when time's up. (requested by pult61a spades)
|inactive|pult61a Zip has 120 seconds left.
|
|t:|1626824828
|start
|switch|p1a: Palossand|Palossand, F, shiny|100/100
|switch|p2a: Whimsicott|Whimsicott, M|100/100
|turn|1
|
|t:|1626824839
|move|p2a: Whimsicott|Energy Ball|p1a: Palossand
|-supereffective|p1a: Palossand
|-damage|p1a: Palossand|51/100
|move|p1a: Palossand|Toxic|p2a: Whimsicott
|-status|p2a: Whimsicott|tox
|
|-damage|p2a: Whimsicott|94/100 tox|[from] psn
|upkeep
|turn|2
|inactive|pult61a Zip has 120 seconds left.
|inactive|pult61a Zip has 90 seconds left.
|
|t:|1626824907
|switch|p1a: Togedemaru|Togedemaru, M|100/100
|move|p2a: Whimsicott|Energy Ball|p1a: Togedemaru
|-resisted|p1a: Togedemaru
|-damage|p1a: Togedemaru|84/100
|
|-heal|p1a: Togedemaru|90/100|[from] item: Leftovers
|-damage|p2a: Whimsicott|82/100 tox|[from] psn
|upkeep
|turn|3
|inactive|pult61a Zip has 90 seconds left.
|
|t:|1626824918
|switch|p2a: Weezing|Weezing, F|100/100
|-ability|p2a: Weezing|Neutralizing Gas
|move|p1a: Togedemaru|U-turn|p2a: Weezing
|-resisted|p2a: Weezing
|-damage|p2a: Weezing|95/100
|-damage|p1a: Togedemaru|74/100|[from] item: Rocky Helmet|[of] p2a: Weezing
|
|t:|1626824926
|switch|p1a: Articuno|Articuno-Galar|100/100|[from]move: U-turn
|
|upkeep
|turn|4
|
|t:|1626824931
|-end|p2a: Weezing|ability: Neutralizing Gas
|switch|p2a: Togedemaru|Togedemaru, M|100/100
|move|p1a: Articuno|Future Sight|p2a: Togedemaru
|-start|p1a: Articuno|move: Future Sight
|
|upkeep
|turn|5
|
|t:|1626824944
|switch|p1a: Togedemaru|Togedemaru, M|74/100
|move|p2a: Togedemaru|U-turn|p1a: Togedemaru
|-resisted|p1a: Togedemaru
|-damage|p1a: Togedemaru|62/100
|-damage|p2a: Togedemaru|88/100|[from] ability: Iron Barbs|[of] p1a: Togedemaru
|
|t:|1626824946
|switch|p2a: Gigalith|Gigalith, M|100/100|[from]move: U-turn
|-weather|Sandstorm|[from] ability: Sand Stream|[of] p2a: Gigalith
|
|-weather|Sandstorm|[upkeep]
|-heal|p1a: Togedemaru|68/100|[from] item: Leftovers
|upkeep
|turn|6
|
|t:|1626824962
|switch|p1a: Palossand|Palossand, F, shiny|51/100
|move|p2a: Gigalith|Stealth Rock|p1a: Palossand
|-sidestart|p1: pult61a Zip|move: Stealth Rock
|
|-weather|Sandstorm|[upkeep]
|-end|p2a: Gigalith|move: Future Sight
|-damage|p2a: Gigalith|70/100
|-heal|p2a: Gigalith|76/100|[from] item: Leftovers
|upkeep
|turn|7
|
|t:|1626824972
|switch|p2a: Sandaconda|Sandaconda, F|100/100
|move|p1a: Palossand|Stealth Rock|p2a: Sandaconda
|-sidestart|p2: pult61a spades|move: Stealth Rock
|
|-weather|Sandstorm|[upkeep]
|upkeep
|turn|8
|inactive|pult61a Zip has 90 seconds left.
|
|t:|1626824992
|switch|p1a: Quagsire|Quagsire, M|100/100
|-damage|p1a: Quagsire|94/100|[from] Stealth Rock
|move|p2a: Sandaconda|Earthquake|p1a: Quagsire
|-damage|p1a: Quagsire|63/100
|
|-weather|Sandstorm|[upkeep]
|-heal|p1a: Quagsire|69/100|[from] item: Leftovers
|upkeep
|turn|9
|inactive|pult61a Zip has 90 seconds left.
|
|t:|1626825007
|switch|p2a: Mesprit|Mesprit|100/100
|-damage|p2a: Mesprit|88/100|[from] Stealth Rock
|move|p1a: Quagsire|Ice Punch|p2a: Mesprit
|-damage|p2a: Mesprit|72/100
|
|-weather|none
|-heal|p1a: Quagsire|75/100|[from] item: Leftovers
|upkeep
|turn|10
|
|t:|1626825015
|switch|p1a: Togedemaru|Togedemaru, M|68/100
|-damage|p1a: Togedemaru|62/100|[from] Stealth Rock
|move|p2a: Mesprit|U-turn|p1a: Togedemaru
|-resisted|p1a: Togedemaru
|-damage|p1a: Togedemaru|52/100
|-damage|p2a: Mesprit|60/100|[from] ability: Iron Barbs|[of] p1a: Togedemaru
|
|t:|1626825020
|switch|p2a: Sandaconda|Sandaconda, F|100/100|[from]move: U-turn
|-damage|p2a: Sandaconda|94/100|[from] Stealth Rock
|
|-heal|p2a: Sandaconda|100/100|[from] item: Leftovers
|-heal|p1a: Togedemaru|58/100|[from] item: Leftovers
|upkeep
|turn|11
|
|t:|1626825026
|move|p1a: Togedemaru|Spiky Shield|p1a: Togedemaru
|-singleturn|p1a: Togedemaru|move: Protect
|move|p2a: Sandaconda|Earthquake|p1a: Togedemaru
|-activate|p1a: Togedemaru|move: Protect
|
|-heal|p1a: Togedemaru|64/100|[from] item: Leftovers
|upkeep
|turn|12
|
|t:|1626825035
|move|p2a: Sandaconda|Earthquake|p1a: Togedemaru
|-supereffective|p1a: Togedemaru
|-damage|p1a: Togedemaru|0 fnt
|faint|p1a: Togedemaru
|
|upkeep
|
|t:|1626825053
|switch|p1a: Whimsicott|Whimsicott, F, shiny|100/100
|turn|13
|
|t:|1626825056
|switch|p2a: Togedemaru|Togedemaru, M|88/100
|-damage|p2a: Togedemaru|82/100|[from] Stealth Rock
|move|p1a: Whimsicott|Knock Off|p2a: Togedemaru
|-crit|p2a: Togedemaru
|-damage|p2a: Togedemaru|53/100
|-damage|p1a: Whimsicott|88/100|[from] ability: Iron Barbs|[of] p2a: Togedemaru
|-enditem|p2a: Togedemaru|Leftovers|[from] move: Knock Off|[of] p1a: Whimsicott
|
|upkeep
|turn|14
|inactive|pult61a Zip has 90 seconds left.
|
|t:|1626825105
|switch|p1a: Palossand|Palossand, F, shiny|51/100
|-damage|p1a: Palossand|45/100|[from] Stealth Rock
|move|p2a: Togedemaru|Wish|p2a: Togedemaru
|
|upkeep
|turn|15
|
|t:|1626825130
|move|p2a: Togedemaru|U-turn|p1a: Palossand
|-resisted|p1a: Palossand
|-damage|p1a: Palossand|38/100
|
|t:|1626825131
|switch|p2a: Whimsicott|Whimsicott, M|82/100 tox|[from]move: U-turn
|move|p1a: Palossand|Shore Up|p1a: Palossand
|-heal|p1a: Palossand|88/100
|
|-heal|p2a: Whimsicott|100/100 tox|[from] move: Wish|[wisher] Togedemaru
|-damage|p2a: Whimsicott|94/100 tox|[from] psn
|upkeep
|turn|16
|inactive|pult61a Zip has 90 seconds left.
|
|t:|1626825144
|move|p2a: Whimsicott|Energy Ball|p1a: Palossand
|-supereffective|p1a: Palossand
|-damage|p1a: Palossand|37/100
|move|p1a: Palossand|Shore Up|p1a: Palossand
|-heal|p1a: Palossand|87/100
|
|-damage|p2a: Whimsicott|82/100 tox|[from] psn
|upkeep
|turn|17
|inactive|pult61a Zip has 90 seconds left.
|
|t:|1626825154
|switch|p1a: Articuno|Articuno-Galar|100/100
|move|p2a: Whimsicott|Energy Ball|p1a: Articuno
|-resisted|p1a: Articuno
|-damage|p1a: Articuno|87/100
|
|-damage|p2a: Whimsicott|64/100 tox|[from] psn
|upkeep
|turn|18
|inactive|pult61a Zip has 90 seconds left.
|
|t:|1626825165
|move|p2a: Whimsicott|U-turn|p1a: Articuno
|-damage|p1a: Articuno|76/100
|
|t:|1626825168
|switch|p2a: Togedemaru|Togedemaru, M|53/100|[from]move: U-turn
|-damage|p2a: Togedemaru|47/100|[from] Stealth Rock
|move|p1a: Articuno|Future Sight|p2a: Togedemaru
|-start|p1a: Articuno|move: Future Sight
|
|upkeep
|turn|19
|inactive|pult61a Zip has 90 seconds left.
|inactive|pult61a Zip has 60 seconds left.
|
|t:|1626825210
|move|p1a: Articuno|Freezing Glare|p2a: Togedemaru
|-resisted|p2a: Togedemaru
|-crit|p2a: Togedemaru
|-damage|p2a: Togedemaru|17/100
|move|p2a: Togedemaru|Wish|p2a: Togedemaru
|
|upkeep
|turn|20
|
|t:|1626825220
|move|p2a: Togedemaru|Spiky Shield|p2a: Togedemaru
|-singleturn|p2a: Togedemaru|move: Protect
|move|p1a: Articuno|Recover|p1a: Articuno
|-heal|p1a: Articuno|100/100
|
|-end|p2a: Togedemaru|move: Future Sight
|-resisted|p2a: Togedemaru
|-damage|p2a: Togedemaru|0 fnt
|faint|p2a: Togedemaru
|upkeep
|
|t:|1626825227
|switch|p2a: Gigalith|Gigalith, M|76/100
|-damage|p2a: Gigalith|64/100|[from] Stealth Rock
|-weather|Sandstorm|[from] ability: Sand Stream|[of] p2a: Gigalith
|turn|21
|inactive|pult61a Zip has 60 seconds left.
|
|t:|1626825266
|move|p1a: Articuno|U-turn|p2a: Gigalith
|-damage|p2a: Gigalith|54/100
|
|t:|1626825276
|switch|p1a: Palossand|Palossand, F, shiny|87/100|[from]move: U-turn
|-damage|p1a: Palossand|81/100|[from] Stealth Rock
|move|p2a: Gigalith|Rock Blast|p1a: Palossand|[miss]
|-miss|p2a: Gigalith|p1a: Palossand
|
|-weather|Sandstorm|[upkeep]
|-heal|p2a: Gigalith|60/100|[from] item: Leftovers
|upkeep
|turn|22
|
|t:|1626825285
|switch|p2a: Sandaconda|Sandaconda, F|100/100
|-damage|p2a: Sandaconda|94/100|[from] Stealth Rock
|move|p1a: Palossand|Toxic|p2a: Sandaconda
|-status|p2a: Sandaconda|tox
|
|-weather|Sandstorm|[upkeep]
|-heal|p2a: Sandaconda|100/100 tox|[from] item: Leftovers
|-damage|p2a: Sandaconda|94/100 tox|[from] psn
|upkeep
|turn|23
|
|t:|1626825290
|switch|p1a: Quagsire|Quagsire, M|75/100
|-damage|p1a: Quagsire|69/100|[from] Stealth Rock
|move|p2a: Sandaconda|Earthquake|p1a: Quagsire
|-damage|p1a: Quagsire|38/100
|
|-weather|Sandstorm|[upkeep]
|-heal|p2a: Sandaconda|100/100 tox|[from] item: Leftovers
|-heal|p1a: Quagsire|44/100|[from] item: Leftovers
|-damage|p2a: Sandaconda|88/100 tox|[from] psn
|upkeep
|turn|24
|
|t:|1626825298
|switch|p2a: Weezing|Weezing, F|95/100
|-ability|p2a: Weezing|Neutralizing Gas
|-damage|p2a: Weezing|83/100|[from] Stealth Rock
|move|p1a: Quagsire|Recover|p1a: Quagsire
|-heal|p1a: Quagsire|94/100
|
|-weather|Sandstorm|[upkeep]
|-damage|p2a: Weezing|77/100|[from] Sandstorm
|-heal|p1a: Quagsire|99/100|[from] item: Leftovers
|upkeep
|turn|25
|inactive|pult61a Zip has 60 seconds left.
|
|t:|1626825310
|move|p2a: Weezing|Toxic Spikes|p1a: Quagsire
|-sidestart|p1: pult61a Zip|move: Toxic Spikes
|move|p1a: Quagsire|Earthquake|p2a: Weezing
|-supereffective|p2a: Weezing
|-damage|p2a: Weezing|35/100
|
|-weather|none
|-heal|p1a: Quagsire|100/100|[from] item: Leftovers
|upkeep
|turn|26
|inactive|pult61a Zip has 60 seconds left.
|
|t:|1626825318
|move|p2a: Weezing|Pain Split|p1a: Quagsire
|-sethp|p1a: Quagsire|65/100|[from] move: Pain Split|[silent]
|-sethp|p2a: Weezing|77/100|[from] move: Pain Split
|move|p1a: Quagsire|Earthquake|p2a: Weezing
|-supereffective|p2a: Weezing
|-damage|p2a: Weezing|38/100
|
|-heal|p1a: Quagsire|71/100|[from] item: Leftovers
|upkeep
|turn|27
|inactive|pult61a Zip has 60 seconds left.
|
|t:|1626825332
|-end|p2a: Weezing|ability: Neutralizing Gas
|switch|p2a: Mesprit|Mesprit|60/100
|-damage|p2a: Mesprit|47/100|[from] Stealth Rock
|move|p1a: Quagsire|Ice Punch|p2a: Mesprit
|-damage|p2a: Mesprit|31/100
|
|-heal|p1a: Quagsire|77/100|[from] item: Leftovers
|upkeep
|turn|28
|inactive|pult61a Zip has 60 seconds left.
|
|t:|1626825357
|switch|p1a: Articuno|Articuno-Galar|100/100
|move|p2a: Mesprit|Psychic|p1a: Articuno
|-resisted|p1a: Articuno
|-damage|p1a: Articuno|84/100
|-unboost|p1a: Articuno|spd|1
|-ability|p1a: Articuno|Competitive
|-boost|p1a: Articuno|spa|2
|
|upkeep
|turn|29
|
|t:|1626825370
|move|p2a: Mesprit|Psychic|p1a: Articuno
|-resisted|p1a: Articuno
|-damage|p1a: Articuno|60/100
|move|p1a: Articuno|Freezing Glare|p2a: Mesprit
|-resisted|p2a: Mesprit
|-crit|p2a: Mesprit
|-damage|p2a: Mesprit|0 fnt
|faint|p2a: Mesprit
|
|upkeep
|
|t:|1626825376
|switch|p2a: Whimsicott|Whimsicott, M|64/100 tox
|turn|30
|inactive|pult61a Zip has 60 seconds left.
|
|t:|1626825389
|move|p2a: Whimsicott|Moonblast|p1a: Articuno
|-damage|p1a: Articuno|13/100
|-unboost|p1a: Articuno|spa|1
|-ability|p1a: Articuno|Competitive
|-boost|p1a: Articuno|spa|2
|move|p1a: Articuno|Future Sight|p2a: Whimsicott
|-start|p1a: Articuno|move: Future Sight
|
|-damage|p2a: Whimsicott|58/100 tox|[from] psn
|upkeep
|turn|31
|inactive|pult61a Zip has 60 seconds left.
|
|t:|1626825425
|switch|p1a: Palossand|Palossand, F, shiny|81/100
|-status|p1a: Palossand|psn
|-damage|p1a: Palossand|75/100 psn|[from] Stealth Rock
|move|p2a: Whimsicott|Moonblast|p1a: Palossand
|-damage|p1a: Palossand|47/100 psn
|-unboost|p1a: Palossand|spa|1
|
|-damage|p2a: Whimsicott|45/100 tox|[from] psn
|-damage|p1a: Palossand|35/100 psn|[from] psn
|upkeep
|turn|32
|inactive|pult61a Zip has 30 seconds left.
|
|t:|1626825443
|move|p2a: Whimsicott|U-turn|p1a: Palossand
|-resisted|p1a: Palossand
|-damage|p1a: Palossand|30/100 psn
|
|t:|1626825445
|switch|p2a: Weezing|Weezing, F|38/100|[from]move: U-turn
|-ability|p2a: Weezing|Neutralizing Gas
|-damage|p2a: Weezing|26/100|[from] Stealth Rock
|move|p1a: Palossand|Shore Up|p1a: Palossand
|-heal|p1a: Palossand|80/100 psn
|
|-end|p2a: Weezing|move: Future Sight
|-supereffective|p2a: Weezing
|-damage|p2a: Weezing|0 fnt
|faint|p2a: Weezing
|-end|p2a: Weezing|ability: Neutralizing Gas
|-damage|p1a: Palossand|68/100 psn|[from] psn
|upkeep
|
|t:|1626825447
|switch|p2a: Sandaconda|Sandaconda, F|88/100 tox
|-damage|p2a: Sandaconda|82/100 tox|[from] Stealth Rock
|turn|33
|inactive|pult61a Zip has 30 seconds left.
|inactive|pult61a Zip has 20 seconds left.
|
|t:|1626825481
|switch|p1a: Whimsicott|Whimsicott, F, shiny|88/100
|move|p2a: Sandaconda|Coil|p2a: Sandaconda
|-boost|p2a: Sandaconda|atk|1
|-boost|p2a: Sandaconda|def|1
|-boost|p2a: Sandaconda|accuracy|1
|
|-heal|p2a: Sandaconda|88/100 tox|[from] item: Leftovers
|-damage|p2a: Sandaconda|82/100 tox|[from] psn
|upkeep
|turn|34
|inactive|pult61a Zip has 30 seconds left this turn.
|inactive|pult61a Zip has 20 seconds left.
|
|t:|1626825492
|move|p1a: Whimsicott|Energy Ball|p2a: Sandaconda
|-supereffective|p2a: Sandaconda
|-damage|p2a: Sandaconda|10/100 tox
|move|p2a: Sandaconda|Coil|p2a: Sandaconda
|-boost|p2a: Sandaconda|atk|1
|-boost|p2a: Sandaconda|def|1
|-boost|p2a: Sandaconda|accuracy|1
|
|-activate|p2a: Sandaconda|ability: Shed Skin
|-curestatus|p2a: Sandaconda|tox|[msg]
|-heal|p2a: Sandaconda|16/100|[from] item: Leftovers
|upkeep
|turn|35
|inactive|pult61a Zip has 30 seconds left this turn.
|j| jesuislajeunefille
|inactive|pult61a Zip has 20 seconds left.
|
|t:|1626825503
|move|p1a: Whimsicott|Energy Ball|p2a: Sandaconda
|-supereffective|p2a: Sandaconda
|-damage|p2a: Sandaconda|0 fnt
|faint|p2a: Sandaconda
|
|upkeep
|inactive|pult61a Zip has 25 seconds left this turn.
|-message|pult61a spades forfeited.
|
|win|pult61a Zip
|inactive|pult61a Zip has 30 seconds left this turn.
|l|☆pult61a spades
|raw|pult61a Zip's rating: 1177 &rarr; <strong>1217</strong><br />(+40 for winning)
|raw|pult61a spades's rating: 1415 &rarr; <strong>1383</strong><br />(-32 for losing)
||Ladder isn't responding, score probably updated but might not have (Request timeout).
