|j|☆the returner 86
|j|☆wild drud
|inactive|Battle timer is ON: inactive players will automatically lose when time's up.
|t:|1651656190
|gametype|singles
|player|p1|the returner 86|camper|
|player|p2|wild drud|richboy-gen4|
|teamsize|p1|6
|teamsize|p2|6
|gen|8
|tier|[Gen 8] PU
|rated|Tournament battle
|rule|Sleep Clause Mod: Limit one foe put to sleep
|rule|Species Clause: Limit one of each Pokémon
|rule|OHKO Clause: OHKO moves are banned
|rule|Evasion Moves Clause: Evasion moves are banned
|rule|Endless Battle Clause: Forcing endless battles is banned
|rule|HP Percentage Mod: HP is shown in percentages
|rule|Dynamax Clause: You cannot dynamax
|clearpoke
|poke|p1|Gigalith, M|
|poke|p1|Quagsire, F|
|poke|p1|Scrafty, F|
|poke|p1|Weezing, F|
|poke|p1|Ferroseed, M|
|poke|p1|Ribombee, F|
|poke|p2|Archeops, F|
|poke|p2|Jellicent, M|
|poke|p2|Sandaconda, M|
|poke|p2|Ferroseed, M|
|poke|p2|Scrafty, F|
|poke|p2|Silvally-*|
|teampreview
|j|*Lady Monita ✿
|j| BB-8-NU
|inactive|wild drud also wants the timer to be on.
|j|+Some Thug (@!
|j| Ash Red Legend
|j| QuinnXD
|c|☆the returner 86|hf
|c|☆wild drud|u2
|j| Terror Fangツ
|
|t:|1651656209
|start
|switch|p1a: Scrafty|Scrafty, F|100/100
|switch|p2a: Archeops|Archeops, F|100/100
|turn|1
|
|t:|1651656213
|switch|p1a: Gigalith|Gigalith, M|100/100
|-weather|Sandstorm|[from] ability: Sand Stream|[of] p1a: Gigalith
|move|p2a: Archeops|U-turn|p1a: Gigalith
|-crit|p1a: Gigalith
|-damage|p1a: Gigalith|73/100
|j| javitu
|
|t:|1651656222
|switch|p2a: Sandaconda|Sandaconda, M, shiny|100/100|[from]move: U-turn
|
|-weather|Sandstorm|[upkeep]
|-heal|p1a: Gigalith|79/100|[from] item: Leftovers
|upkeep
|turn|2
|j| Boxygirl
|
|t:|1651656229
|switch|p1a: Weezing|Weezing, F|100/100
|move|p2a: Sandaconda|Stealth Rock|p1a: Weezing
|-sidestart|p1: the returner 86|move: Stealth Rock
|
|-weather|Sandstorm|[upkeep]
|-damage|p1a: Weezing|95/100|[from] Sandstorm
|-heal|p1a: Weezing|100/100|[from] item: Black Sludge
|upkeep
|turn|3
|
|t:|1651656233
|switch|p2a: Scrafty|Scrafty, F|100/100
|move|p1a: Weezing|Toxic Spikes|p2a: Scrafty
|-sidestart|p2: wild drud|move: Toxic Spikes
|
|-weather|Sandstorm|[upkeep]
|-damage|p1a: Weezing|95/100|[from] Sandstorm
|-damage|p2a: Scrafty|95/100|[from] Sandstorm
|-heal|p1a: Weezing|100/100|[from] item: Black Sludge
|-heal|p2a: Scrafty|100/100|[from] item: Leftovers
|upkeep
|turn|4
|
|t:|1651656244
|switch|p1a: Quagsire|Quagsire, F|100/100
|move|p2a: Scrafty|Knock Off|p1a: Quagsire
|-damage|p1a: Quagsire|78/100
|-enditem|p1a: Quagsire|Heavy-Duty Boots|[from] move: Knock Off|[of] p2a: Scrafty
|
|-weather|Sandstorm|[upkeep]
|-damage|p2a: Scrafty|95/100|[from] Sandstorm
|-heal|p2a: Scrafty|100/100|[from] item: Leftovers
|upkeep
|turn|5
|
|t:|1651656252
|switch|p2a: Ferroseed|Ferroseed, M, shiny|100/100
|switch|p1a: Ribombee|Ribombee, F|100/100
|
|-weather|none
|upkeep
|turn|6
|
|t:|1651656260
|switch|p1a: Scrafty|Scrafty, F|100/100
|-damage|p1a: Scrafty|95/100|[from] Stealth Rock
|move|p2a: Ferroseed|Spikes|p1a: Scrafty
|-sidestart|p1: the returner 86|Spikes
|
|-heal|p1a: Scrafty|100/100|[from] item: Leftovers
|upkeep
|turn|7
|j| ubers D RANK
|
|t:|1651656264
|switch|p2a: Silvally|Silvally-Fairy|100/100
|-status|p2a: Silvally|psn
|move|p1a: Scrafty|Knock Off|p2a: Silvally
|-resisted|p2a: Silvally
|-damage|p2a: Silvally|90/100 psn
|
|-damage|p2a: Silvally|77/100 psn|[from] psn
|upkeep
|turn|8
|j| Fart Stinky
|
|t:|1651656281
|switch|p2a: Jellicent|Jellicent, M|100/100
|-status|p2a: Jellicent|psn
|switch|p1a: Ferroseed|Ferroseed, M|100/100
|-damage|p1a: Ferroseed|88/100|[from] Spikes
|-damage|p1a: Ferroseed|82/100|[from] Stealth Rock
|
|-damage|p2a: Jellicent|88/100 psn|[from] psn
|upkeep
|turn|9
|
|t:|1651656287
|switch|p2a: Scrafty|Scrafty, F|100/100
|-status|p2a: Scrafty|psn
|move|p1a: Ferroseed|Protect||[still]
|-fail|p1a: Ferroseed
|
|-damage|p2a: Scrafty|88/100 psn|[from] psn
|upkeep
|turn|10
|l| Terror Fangツ
|
|t:|1651656293
|switch|p1a: Quagsire|Quagsire, F|78/100
|-damage|p1a: Quagsire|66/100|[from] Spikes
|-damage|p1a: Quagsire|60/100|[from] Stealth Rock
|move|p2a: Scrafty|Knock Off|p1a: Quagsire
|-damage|p1a: Quagsire|45/100
|
|-activate|p2a: Scrafty|ability: Shed Skin
|-curestatus|p2a: Scrafty|psn|[msg]
|-heal|p2a: Scrafty|94/100|[from] item: Leftovers
|upkeep
|turn|11
|
|t:|1651656297
|switch|p2a: Ferroseed|Ferroseed, M, shiny|100/100
|move|p1a: Quagsire|Recover|p1a: Quagsire
|-heal|p1a: Quagsire|95/100
|
|upkeep
|turn|12
|
|t:|1651656305
|switch|p1a: Ferroseed|Ferroseed, M|82/100
|-damage|p1a: Ferroseed|70/100|[from] Spikes
|-damage|p1a: Ferroseed|64/100|[from] Stealth Rock
|move|p2a: Ferroseed|Spikes|p1a: Ferroseed
|-sidestart|p1: the returner 86|Spikes
|
|upkeep
|turn|13
|
|t:|1651656307
|move|p1a: Ferroseed|Spikes|p2a: Ferroseed
|-sidestart|p2: wild drud|Spikes
|move|p2a: Ferroseed|Spikes|p1a: Ferroseed
|-sidestart|p1: the returner 86|Spikes
|
|upkeep
|turn|14
|j| Apprenti Buck
|
|t:|1651656309
|move|p1a: Ferroseed|Spikes|p2a: Ferroseed
|-sidestart|p2: wild drud|Spikes
|move|p2a: Ferroseed|Knock Off|p1a: Ferroseed
|-damage|p1a: Ferroseed|55/100
|-damage|p2a: Ferroseed|88/100|[from] ability: Iron Barbs|[of] p1a: Ferroseed
|-enditem|p1a: Ferroseed|Eviolite|[from] move: Knock Off|[of] p2a: Ferroseed
|
|upkeep
|turn|15
|l| Apprenti Buck
|
|t:|1651656314
|switch|p2a: Scrafty|Scrafty, F|94/100
|-damage|p2a: Scrafty|78/100|[from] Spikes
|-status|p2a: Scrafty|psn
|move|p1a: Ferroseed|Leech Seed|p2a: Scrafty
|-start|p2a: Scrafty|move: Leech Seed
|
|-activate|p2a: Scrafty|ability: Shed Skin
|-curestatus|p2a: Scrafty|psn|[msg]
|-heal|p2a: Scrafty|84/100|[from] item: Leftovers
|-damage|p2a: Scrafty|71/100|[from] Leech Seed|[of] p1a: Ferroseed
|-heal|p1a: Ferroseed|69/100|[silent]
|upkeep
|turn|16
|j| Grand Empress
|
|t:|1651656322
|move|p1a: Ferroseed|Protect|p1a: Ferroseed
|-singleturn|p1a: Ferroseed|Protect
|move|p2a: Scrafty|Drain Punch|p1a: Ferroseed
|-activate|p1a: Ferroseed|move: Protect
|
|-heal|p2a: Scrafty|77/100|[from] item: Leftovers
|-damage|p2a: Scrafty|65/100|[from] Leech Seed|[of] p1a: Ferroseed
|-heal|p1a: Ferroseed|83/100|[silent]
|upkeep
|turn|17
|
|t:|1651656328
|move|p2a: Scrafty|Drain Punch|p1a: Ferroseed
|-supereffective|p1a: Ferroseed
|-damage|p1a: Ferroseed|37/100
|-heal|p2a: Scrafty|85/100|[from] drain|[of] p1a: Ferroseed
|-damage|p2a: Scrafty|73/100|[from] ability: Iron Barbs|[of] p1a: Ferroseed
|move|p1a: Ferroseed|Spikes|p2a: Scrafty
|-sidestart|p2: wild drud|Spikes
|
|-heal|p2a: Scrafty|79/100|[from] item: Leftovers
|-damage|p2a: Scrafty|67/100|[from] Leech Seed|[of] p1a: Ferroseed
|-heal|p1a: Ferroseed|52/100|[silent]
|upkeep
|turn|18
|j| atharvplayspokemon
|
|t:|1651656331
|switch|p1a: Ribombee|Ribombee, F|100/100
|move|p2a: Scrafty|Bulk Up|p2a: Scrafty
|-boost|p2a: Scrafty|atk|1
|-boost|p2a: Scrafty|def|1
|
|-heal|p2a: Scrafty|73/100|[from] item: Leftovers
|-damage|p2a: Scrafty|60/100|[from] Leech Seed|[of] p1a: Ribombee
|upkeep
|turn|19
|l| atharvplayspokemon
|
|t:|1651656337
|switch|p2a: Ferroseed|Ferroseed, M, shiny|88/100
|-damage|p2a: Ferroseed|63/100|[from] Spikes
|move|p1a: Ribombee|Moonblast|p2a: Ferroseed
|-resisted|p2a: Ferroseed
|-damage|p2a: Ferroseed|51/100
|
|upkeep
|turn|20
|j| draghi in trip
|
|t:|1651656344
|switch|p1a: Scrafty|Scrafty, F|100/100
|-damage|p1a: Scrafty|95/100|[from] Stealth Rock
|-damage|p1a: Scrafty|70/100|[from] Spikes
|move|p2a: Ferroseed|Knock Off|p1a: Scrafty
|-resisted|p1a: Scrafty
|-damage|p1a: Scrafty|67/100
|-enditem|p1a: Scrafty|Leftovers|[from] move: Knock Off|[of] p2a: Ferroseed
|
|upkeep
|turn|21
|
|t:|1651656352
|move|p1a: Scrafty|Drain Punch|p2a: Ferroseed
|-supereffective|p2a: Ferroseed
|-damage|p2a: Ferroseed|11/100
|-heal|p1a: Scrafty|84/100|[from] drain|[of] p2a: Ferroseed
|-damage|p1a: Scrafty|72/100|[from] ability: Iron Barbs|[of] p2a: Ferroseed
|move|p2a: Ferroseed|Leech Seed|p1a: Scrafty
|-start|p1a: Scrafty|move: Leech Seed
|
|-damage|p1a: Scrafty|60/100|[from] Leech Seed|[of] p2a: Ferroseed
|-heal|p2a: Ferroseed|25/100|[silent]
|upkeep
|turn|22
|
|t:|1651656361
|switch|p1a: Weezing|Weezing, F|100/100
|-damage|p1a: Weezing|88/100|[from] Stealth Rock
|move|p2a: Ferroseed|Protect||[still]
|-fail|p2a: Ferroseed
|
|-heal|p1a: Weezing|94/100|[from] item: Black Sludge
|upkeep
|turn|23
|
|t:|1651656368
|switch|p1a: Scrafty|Scrafty, F|60/100
|-damage|p1a: Scrafty|35/100|[from] Spikes
|-damage|p1a: Scrafty|29/100|[from] Stealth Rock
|move|p2a: Ferroseed|Knock Off|p1a: Scrafty
|-resisted|p1a: Scrafty
|-damage|p1a: Scrafty|27/100
|
|upkeep
|turn|24
|j| matsya nyaya
|
|t:|1651656372
|move|p1a: Scrafty|Drain Punch|p2a: Ferroseed
|-supereffective|p2a: Ferroseed
|-damage|p2a: Ferroseed|0 fnt
|-heal|p1a: Scrafty|38/100|[from] drain|[of] p2a: Ferroseed
|-damage|p1a: Scrafty|26/100|[from] ability: Iron Barbs|[of] p2a: Ferroseed
|faint|p2a: Ferroseed
|
|upkeep
|
|t:|1651656377
|switch|p2a: Jellicent|Jellicent, M|88/100 psn
|-damage|p2a: Jellicent|63/100 psn|[from] Spikes
|turn|25
|
|t:|1651656383
|move|p2a: Jellicent|Surf|p1a: Scrafty
|-damage|p1a: Scrafty|0 fnt
|faint|p1a: Scrafty
|
|-damage|p2a: Jellicent|51/100 psn|[from] psn
|upkeep
|
|t:|1651656397
|switch|p1a: Ribombee|Ribombee, F|100/100
|turn|26
|
|t:|1651656399
|move|p1a: Ribombee|Quiver Dance|p1a: Ribombee
|-boost|p1a: Ribombee|spa|1
|-boost|p1a: Ribombee|spd|1
|-boost|p1a: Ribombee|spe|1
|move|p2a: Jellicent|Surf|p1a: Ribombee
|-damage|p1a: Ribombee|29/100
|
|-damage|p2a: Jellicent|39/100 psn|[from] psn
|upkeep
|turn|27
|
|t:|1651656402
|move|p1a: Ribombee|Moonblast|p2a: Jellicent
|-damage|p2a: Jellicent|0 fnt
|faint|p2a: Jellicent
|
|upkeep
|j| Maksieme
|j| Battle Honor
|inactive|wild drud has 120 seconds left.
|
|t:|1651656433
|switch|p2a: Archeops|Archeops, F|100/100
|turn|28
|
|t:|1651656442
|switch|p1a: Ferroseed|Ferroseed, M|52/100
|-damage|p1a: Ferroseed|45/100|[from] Stealth Rock
|-damage|p1a: Ferroseed|20/100|[from] Spikes
|move|p2a: Archeops|Stone Edge|p1a: Ferroseed
|-resisted|p1a: Ferroseed
|-damage|p1a: Ferroseed|0 fnt
|faint|p1a: Ferroseed
|
|upkeep
|
|t:|1651656446
|switch|p1a: Quagsire|Quagsire, F|95/100
|-damage|p1a: Quagsire|89/100|[from] Stealth Rock
|-damage|p1a: Quagsire|64/100|[from] Spikes
|turn|29
|
|t:|1651656448
|move|p2a: Archeops|U-turn|p1a: Quagsire
|-damage|p1a: Quagsire|45/100
|
|t:|1651656450
|switch|p2a: Sandaconda|Sandaconda, M, shiny|100/100|[from]move: U-turn
|-damage|p2a: Sandaconda|75/100|[from] Spikes
|-status|p2a: Sandaconda|psn
|move|p1a: Quagsire|Recover|p1a: Quagsire
|-heal|p1a: Quagsire|95/100
|
|-activate|p2a: Sandaconda|ability: Shed Skin
|-curestatus|p2a: Sandaconda|psn|[msg]
|upkeep
|turn|30
|
|t:|1651656455
|move|p2a: Sandaconda|Glare|p1a: Quagsire
|-status|p1a: Quagsire|par
|move|p1a: Quagsire|Curse|p1a: Quagsire
|-unboost|p1a: Quagsire|spe|1
|-boost|p1a: Quagsire|atk|1
|-boost|p1a: Quagsire|def|1
|
|upkeep
|turn|31
|
|t:|1651656458
|move|p2a: Sandaconda|Earthquake|p1a: Quagsire
|-damage|p1a: Quagsire|75/100 par
|move|p1a: Quagsire|Curse|p1a: Quagsire
|-unboost|p1a: Quagsire|spe|1
|-boost|p1a: Quagsire|atk|1
|-boost|p1a: Quagsire|def|1
|
|upkeep
|turn|32
|
|t:|1651656461
|move|p2a: Sandaconda|Earthquake|p1a: Quagsire
|-damage|p1a: Quagsire|61/100 par
|move|p1a: Quagsire|Curse|p1a: Quagsire
|-unboost|p1a: Quagsire|spe|1
|-boost|p1a: Quagsire|atk|1
|-boost|p1a: Quagsire|def|1
|
|upkeep
|turn|33
|
|t:|1651656463
|move|p2a: Sandaconda|Earthquake|p1a: Quagsire
|-damage|p1a: Quagsire|49/100 par
|move|p1a: Quagsire|Recover|p1a: Quagsire
|-heal|p1a: Quagsire|99/100 par
|
|upkeep
|turn|34
|
|t:|1651656466
|move|p2a: Sandaconda|Earthquake|p1a: Quagsire
|-damage|p1a: Quagsire|89/100 par
|cant|p1a: Quagsire|par
|
|upkeep
|turn|35
|
|t:|1651656468
|move|p2a: Sandaconda|Earthquake|p1a: Quagsire
|-damage|p1a: Quagsire|78/100 par
|move|p1a: Quagsire|Curse|p1a: Quagsire
|-unboost|p1a: Quagsire|spe|1
|-boost|p1a: Quagsire|atk|1
|-boost|p1a: Quagsire|def|1
|
|upkeep
|turn|36
|
|t:|1651656471
|move|p2a: Sandaconda|Earthquake|p1a: Quagsire
|-damage|p1a: Quagsire|68/100 par
|move|p1a: Quagsire|Curse|p1a: Quagsire
|-unboost|p1a: Quagsire|spe|1
|-boost|p1a: Quagsire|atk|1
|-boost|p1a: Quagsire|def|1
|
|upkeep
|turn|37
|
|t:|1651656474
|move|p2a: Sandaconda|Earthquake|p1a: Quagsire
|-damage|p1a: Quagsire|61/100 par
|cant|p1a: Quagsire|par
|
|upkeep
|turn|38
|
|t:|1651656476
|move|p2a: Sandaconda|Earthquake|p1a: Quagsire
|-crit|p1a: Quagsire
|-damage|p1a: Quagsire|19/100 par
|cant|p1a: Quagsire|par
|
|upkeep
|turn|39
|
|t:|1651656478
|move|p2a: Sandaconda|Earthquake|p1a: Quagsire
|-damage|p1a: Quagsire|11/100 par
|move|p1a: Quagsire|Recover|p1a: Quagsire
|-heal|p1a: Quagsire|61/100 par
|
|upkeep
|turn|40
|
|t:|1651656483
|move|p2a: Sandaconda|Earthquake|p1a: Quagsire
|-damage|p1a: Quagsire|53/100 par
|move|p1a: Quagsire|Recover|p1a: Quagsire
|-heal|p1a: Quagsire|100/100 par
|
|upkeep
|turn|41
|
|t:|1651656486
|move|p2a: Sandaconda|Earthquake|p1a: Quagsire
|-damage|p1a: Quagsire|93/100 par
|move|p1a: Quagsire|Waterfall|p2a: Sandaconda
|-supereffective|p2a: Sandaconda
|-damage|p2a: Sandaconda|0 fnt
|-damage|p1a: Quagsire|76/100 par|[from] item: Rocky Helmet|[of] p2a: Sandaconda
|faint|p2a: Sandaconda
|
|upkeep
|
|t:|1651656489
|switch|p2a: Silvally|Silvally-Fairy|77/100 psn
|-damage|p2a: Silvally|52/100 psn|[from] Spikes
|turn|42
|
|t:|1651656492
|move|p2a: Silvally|Multi-Attack|p1a: Quagsire
|-damage|p1a: Quagsire|65/100 par
|move|p1a: Quagsire|Waterfall|p2a: Silvally
|-damage|p2a: Silvally|0 fnt
|faint|p2a: Silvally
|
|upkeep
|j| Draftkings
|
|t:|1651656498
|switch|p2a: Archeops|Archeops, F|100/100
|turn|43
|
|t:|1651656500
|move|p2a: Archeops|Earthquake|p1a: Quagsire
|-damage|p1a: Quagsire|57/100 par
|cant|p1a: Quagsire|par
|
|upkeep
|turn|44
|
|t:|1651656502
|move|p2a: Archeops|Earthquake|p1a: Quagsire
|-damage|p1a: Quagsire|49/100 par
|move|p1a: Quagsire|Recover|p1a: Quagsire
|-heal|p1a: Quagsire|99/100 par
|
|upkeep
|turn|45
|
|t:|1651656505
|move|p2a: Archeops|Earthquake|p1a: Quagsire
|-crit|p1a: Quagsire
|-damage|p1a: Quagsire|57/100 par
|move|p1a: Quagsire|Waterfall|p2a: Archeops
|-supereffective|p2a: Archeops
|-damage|p2a: Archeops|0 fnt
|faint|p2a: Archeops
|
|upkeep
|
|t:|1651656507
|switch|p2a: Scrafty|Scrafty, F|60/100
|-damage|p2a: Scrafty|36/100|[from] Spikes
|-status|p2a: Scrafty|psn
|turn|46
|
|t:|1651656509
|move|p2a: Scrafty|Knock Off|p1a: Quagsire
|-damage|p1a: Quagsire|52/100 par
|move|p1a: Quagsire|Waterfall|p2a: Scrafty
|-damage|p2a: Scrafty|0 fnt
|faint|p2a: Scrafty
|
|win|the returner 86
|n|☆the returner 86|thereturner86
|n|☆wild drud|wilddrud
|n|*Lady Monita ✿|ladymonita
|n| BB-8-NU|bb8nu
|n| Some Thug (@!|somethug
|n| Ash Red Legend|ashredlegend
|n| QuinnXD|quinnxd
|n| javitu|javitu
|n| Boxygirl|boxygirl
|n| ubers D RANK|ubersdrank
|n| Fart Stinky|fartstinky
|n| Grand Empress|grandempress
|n| draghi in trip|draghiintrip
|n| matsya nyaya|matsyanyaya
|n| Maksieme|maksieme
|n| Battle Honor|battlehonor
|n| Draftkings|draftkings
