|raw|<div class="broadcast-blue"><strong>This battle is required to be public due to a player having a name starting with 'pult83c'.</div>
|j|☆pult83c squashos
|j|☆PULT83c yovan
|t:|1628085310
|gametype|singles
|player|p1|pult83c squashos|169|1275
|player|p2|PULT83c yovan|ghetsis-gen5bw|1511
|teamsize|p1|6
|teamsize|p2|6
|gen|8
|tier|[Gen 8] PU
|rated|
|rule|Sleep Clause Mod: Limit one foe put to sleep
|rule|Species Clause: Limit one of each Pokémon
|rule|OHKO Clause: OHKO moves are banned
|rule|Evasion Moves Clause: Evasion moves are banned
|rule|Endless Battle Clause: Forcing endless battles is banned
|rule|HP Percentage Mod: HP is shown in percentages
|rule|Dynamax Clause: You cannot dynamax
|clearpoke
|poke|p1|Shuckle, M|
|poke|p1|Ribombee, F|
|poke|p1|Silvally-*|
|poke|p1|Kabutops, M|
|poke|p1|Mesprit|
|poke|p1|Scrafty, F|
|poke|p2|Ferroseed, F|
|poke|p2|Gigalith, F|
|poke|p2|Charizard, M|
|poke|p2|Ribombee, M|
|poke|p2|Weezing, F|
|poke|p2|Scrafty, F|
|teampreview
|j| ii77
|c|☆pult83c squashos|wsh wsh canne a pêche
|inactive|Battle timer is ON: inactive players will automatically lose when time's up. (requested by pult83c squashos)
|c|☆PULT83c yovan|t'as battu ktutverde, j'arrête de te parler
|
|t:|1628085340
|start
|switch|p1a: Shuckle|Shuckle, M|100/100
|switch|p2a: Giga LIT|Gigalith, F|100/100
|-weather|Sandstorm|[from] ability: Sand Stream|[of] p2a: Giga LIT
|turn|1
|c|☆pult83c squashos|:c
|
|t:|1628085347
|move|p2a: Giga LIT|Stealth Rock|p1a: Shuckle
|-sidestart|p1: pult83c squashos|move: Stealth Rock
|move|p1a: Shuckle|Sticky Web|p2a: Giga LIT
|-sidestart|p2: PULT83c yovan|move: Sticky Web
|
|-weather|Sandstorm|[upkeep]
|upkeep
|turn|2
|
|t:|1628085350
|move|p2a: Giga LIT|Rock Blast|p1a: Shuckle
|-supereffective|p1a: Shuckle
|-damage|p1a: Shuckle|83/100
|-supereffective|p1a: Shuckle
|-damage|p1a: Shuckle|68/100
|-hitcount|p1a: Shuckle|2
|move|p1a: Shuckle|Stealth Rock|p2a: Giga LIT
|-sidestart|p2: PULT83c yovan|move: Stealth Rock
|
|-weather|Sandstorm|[upkeep]
|upkeep
|turn|3
|
|t:|1628085359
|move|p2a: Giga LIT|Rock Blast|p1a: Shuckle
|-supereffective|p1a: Shuckle
|-damage|p1a: Shuckle|53/100
|-supereffective|p1a: Shuckle
|-damage|p1a: Shuckle|37/100
|-supereffective|p1a: Shuckle
|-damage|p1a: Shuckle|21/100
|-supereffective|p1a: Shuckle
|-damage|p1a: Shuckle|7/100
|-hitcount|p1a: Shuckle|4
|move|p1a: Shuckle|Encore|p2a: Giga LIT
|-start|p2a: Giga LIT|Encore
|
|-weather|Sandstorm|[upkeep]
|upkeep
|turn|4
|
|t:|1628085368
|move|p2a: Giga LIT|Rock Blast|p1a: Shuckle
|-supereffective|p1a: Shuckle
|-damage|p1a: Shuckle|0 fnt
|faint|p1a: Shuckle
|-hitcount|p1: Shuckle|1
|
|-weather|Sandstorm|[upkeep]
|upkeep
|
|t:|1628085372
|switch|p1a: Scrafty|Scrafty, F|100/100
|-damage|p1a: Scrafty|95/100|[from] Stealth Rock
|turn|5
|
|t:|1628085375
|switch|p2a: Covid Boss|Weezing, F|100/100
|-damage|p2a: Covid Boss|88/100|[from] Stealth Rock
|move|p1a: Scrafty|Dragon Dance|p1a: Scrafty
|-boost|p1a: Scrafty|atk|1
|-boost|p1a: Scrafty|spe|1
|
|-weather|none
|upkeep
|turn|6
|
|t:|1628085381
|move|p1a: Scrafty|Dragon Dance|p1a: Scrafty
|-boost|p1a: Scrafty|atk|1
|-boost|p1a: Scrafty|spe|1
|move|p2a: Covid Boss|Haze|p2a: Covid Boss
|-clearallboost
|
|upkeep
|turn|7
|
|t:|1628085384
|move|p1a: Scrafty|Knock Off|p2a: Covid Boss
|-damage|p2a: Covid Boss|59/100
|-damage|p1a: Scrafty|78/100|[from] item: Rocky Helmet|[of] p2a: Covid Boss
|-enditem|p2a: Covid Boss|Rocky Helmet|[from] move: Knock Off|[of] p1a: Scrafty
|move|p2a: Covid Boss|Will-O-Wisp|p1a: Scrafty
|-status|p1a: Scrafty|brn
|
|-activate|p1a: Scrafty|ability: Shed Skin
|-curestatus|p1a: Scrafty|brn|[msg]
|upkeep
|turn|8
|
|t:|1628085394
|switch|p1a: Mesprit|Mesprit|100/100
|-damage|p1a: Mesprit|88/100|[from] Stealth Rock
|move|p2a: Covid Boss|Sludge Bomb|p1a: Mesprit
|-damage|p1a: Mesprit|60/100
|-status|p1a: Mesprit|psn
|
|-damage|p1a: Mesprit|48/100 psn|[from] psn
|upkeep
|turn|9
|
|t:|1628085402
|switch|p2a: Rolling Weed|Ferroseed, F|100/100
|-damage|p2a: Rolling Weed|94/100|[from] Stealth Rock
|-activate|p2a: Rolling Weed|move: Sticky Web
|-unboost|p2a: Rolling Weed|spe|1
|move|p1a: Mesprit|Trick|p2a: Rolling Weed
|-activate|p1a: Mesprit|move: Trick|[of] p2a: Rolling Weed
|-item|p2a: Rolling Weed|Choice Scarf|[from] move: Trick
|-item|p1a: Mesprit|Eviolite|[from] move: Trick
|
|-damage|p1a: Mesprit|35/100 psn|[from] psn
|upkeep
|turn|10
|
|t:|1628085406
|switch|p1a: Scrafty|Scrafty, F|78/100
|-damage|p1a: Scrafty|72/100|[from] Stealth Rock
|move|p2a: Rolling Weed|Spikes|p1a: Scrafty
|-sidestart|p1: pult83c squashos|Spikes
|
|upkeep
|turn|11
|
|t:|1628085410
|switch|p1a: Ribombee|Ribombee, F|100/100
|-damage|p1a: Ribombee|88/100|[from] Spikes
|-damage|p1a: Ribombee|63/100|[from] Stealth Rock
|switch|p2a: Ribombeille|Ribombee, M|100/100
|
|upkeep
|turn|12
|
|t:|1628085413
|switch|p2a: Rolling Weed|Ferroseed, F|94/100
|-activate|p2a: Rolling Weed|move: Sticky Web
|-unboost|p2a: Rolling Weed|spe|1
|-damage|p2a: Rolling Weed|88/100|[from] Stealth Rock
|move|p1a: Ribombee|Moonblast|p2a: Rolling Weed
|-resisted|p2a: Rolling Weed
|-damage|p2a: Rolling Weed|48/100
|
|upkeep
|turn|13
|
|t:|1628085418
|move|p1a: Ribombee|Moonblast|p2a: Rolling Weed
|-resisted|p2a: Rolling Weed
|-damage|p2a: Rolling Weed|11/100
|move|p2a: Rolling Weed|Spikes|p1a: Ribombee
|-sidestart|p1: pult83c squashos|Spikes
|
|upkeep
|turn|14
|
|t:|1628085422
|switch|p1a: Kabutops|Kabutops, M|100/100
|-damage|p1a: Kabutops|84/100|[from] Spikes
|-damage|p1a: Kabutops|72/100|[from] Stealth Rock
|switch|p2a: Giga LIT|Gigalith, F|100/100
|-damage|p2a: Giga LIT|88/100|[from] Stealth Rock
|-activate|p2a: Giga LIT|move: Sticky Web
|-unboost|p2a: Giga LIT|spe|1
|-weather|Sandstorm|[from] ability: Sand Stream|[of] p2a: Giga LIT
|
|-weather|Sandstorm|[upkeep]
|-heal|p2a: Giga LIT|94/100|[from] item: Leftovers
|upkeep
|turn|15
|
|t:|1628085428
|move|p1a: Kabutops|Rapid Spin|p2a: Giga LIT
|-resisted|p2a: Giga LIT
|-damage|p2a: Giga LIT|87/100
|-boost|p1a: Kabutops|spe|1
|-sideend|p1: pult83c squashos|Spikes|[from] move: Rapid Spin|[of] p1a: Kabutops
|-sideend|p1: pult83c squashos|Stealth Rock|[from] move: Rapid Spin|[of] p1a: Kabutops
|-damage|p1a: Kabutops|62/100|[from] item: Life Orb
|move|p2a: Giga LIT|Earthquake|p1a: Kabutops
|-supereffective|p1a: Kabutops
|-damage|p1a: Kabutops|0 fnt
|faint|p1a: Kabutops
|
|-weather|Sandstorm|[upkeep]
|-heal|p2a: Giga LIT|94/100|[from] item: Leftovers
|upkeep
|
|t:|1628085434
|switch|p1a: Scrafty|Scrafty, F|72/100
|turn|16
|
|t:|1628085444
|switch|p2a: Covid Boss|Weezing, F|59/100
|-damage|p2a: Covid Boss|46/100|[from] Stealth Rock
|move|p1a: Scrafty|Dragon Dance|p1a: Scrafty
|-boost|p1a: Scrafty|atk|1
|-boost|p1a: Scrafty|spe|1
|
|-weather|Sandstorm|[upkeep]
|-damage|p1a: Scrafty|66/100|[from] Sandstorm
|-damage|p2a: Covid Boss|40/100|[from] Sandstorm
|upkeep
|turn|17
|
|t:|1628085447
|move|p1a: Scrafty|Knock Off|p2a: Covid Boss
|-damage|p2a: Covid Boss|15/100
|move|p2a: Covid Boss|Haze|p2a: Covid Boss
|-clearallboost
|
|-weather|Sandstorm|[upkeep]
|-damage|p1a: Scrafty|60/100|[from] Sandstorm
|-damage|p2a: Covid Boss|9/100|[from] Sandstorm
|upkeep
|turn|18
|
|t:|1628085451
|move|p1a: Scrafty|Knock Off|p2a: Covid Boss
|-damage|p2a: Covid Boss|0 fnt
|faint|p2a: Covid Boss
|
|-weather|none
|upkeep
|
|t:|1628085455
|switch|p2a: Ribombeille|Ribombee, M|100/100
|turn|19
|
|t:|1628085457
|move|p2a: Ribombeille|Moonblast|p1a: Scrafty
|-supereffective|p1a: Scrafty
|-enditem|p1a: Scrafty|Roseli Berry|[eat]
|-enditem|p1a: Scrafty|Roseli Berry|[weaken]
|-damage|p1a: Scrafty|0 fnt
|faint|p1a: Scrafty
|
|upkeep
|j| teddiursa talk
|
|t:|1628085459
|switch|p1a: Silvally|Silvally-Ghost|100/100
|turn|20
|
|t:|1628085465
|move|p2a: Ribombeille|Quiver Dance|p2a: Ribombeille
|-boost|p2a: Ribombeille|spa|1
|-boost|p2a: Ribombeille|spd|1
|-boost|p2a: Ribombeille|spe|1
|move|p1a: Silvally|Swords Dance|p1a: Silvally
|-boost|p1a: Silvally|atk|2
|
|upkeep
|turn|21
|
|t:|1628085468
|move|p2a: Ribombeille|Moonblast|p1a: Silvally
|-damage|p1a: Silvally|39/100
|move|p1a: Silvally|Flame Charge|p2a: Ribombeille
|-supereffective|p2a: Ribombeille
|-damage|p2a: Ribombeille|0 fnt
|-boost|p1a: Silvally|spe|1
|faint|p2a: Ribombeille
|
|upkeep
|
|t:|1628085471
|switch|p2a: Thuglife|Scrafty, F|100/100
|-activate|p2a: Thuglife|move: Sticky Web
|-unboost|p2a: Thuglife|spe|1
|-damage|p2a: Thuglife|95/100|[from] Stealth Rock
|turn|22
|
|t:|1628085480
|switch|p1a: Ribombee|Ribombee, F|63/100
|move|p2a: Thuglife|Knock Off|p1a: Ribombee
|-resisted|p1a: Ribombee
|-damage|p1a: Ribombee|31/100
|-enditem|p1a: Ribombee|Choice Specs|[from] move: Knock Off|[of] p2a: Thuglife
|
|-heal|p2a: Thuglife|100/100|[from] item: Leftovers
|upkeep
|turn|23
|
|t:|1628085485
|switch|p1a: Silvally|Silvally-Ghost|39/100
|switch|p2a: Giga LIT|Gigalith, F|94/100
|-activate|p2a: Giga LIT|move: Sticky Web
|-unboost|p2a: Giga LIT|spe|1
|-damage|p2a: Giga LIT|81/100|[from] Stealth Rock
|-weather|Sandstorm|[from] ability: Sand Stream|[of] p2a: Giga LIT
|
|-weather|Sandstorm|[upkeep]
|-damage|p1a: Silvally|33/100|[from] Sandstorm
|-heal|p2a: Giga LIT|87/100|[from] item: Leftovers
|upkeep
|turn|24
|
|t:|1628085492
|move|p1a: Silvally|Swords Dance|p1a: Silvally
|-boost|p1a: Silvally|atk|2
|move|p2a: Giga LIT|Earthquake|p1a: Silvally
|-damage|p1a: Silvally|0 fnt
|faint|p1a: Silvally
|
|-weather|Sandstorm|[upkeep]
|-heal|p2a: Giga LIT|94/100|[from] item: Leftovers
|upkeep
|c|☆pult83c squashos|ué gg
|-message|pult83c squashos forfeited.
|
|win|PULT83c yovan
|c|☆PULT83c yovan|gg
|raw|pult83c squashos's rating: 1302 &rarr; <strong>1293</strong><br />(-9 for losing)
|raw|PULT83c yovan's rating: 1511 &rarr; <strong>1520</strong><br />(+9 for winning)
|l|☆PULT83c yovan
|l|☆pult83c squashos
|l| teddiursa talk
