|j|☆Lily
|j|☆acluh1
|t:|1666127103
|gametype|singles
|player|p1|Lily|#scl1machines|
|player|p2|acluh1|karen|
|teamsize|p1|6
|teamsize|p2|6
|gen|8
|tier|[Gen 8] PU
|rule|Sleep Clause Mod: Limit one foe put to sleep
|rule|Species Clause: Limit one of each Pokémon
|rule|OHKO Clause: OHKO moves are banned
|rule|Evasion Items Clause: Evasion items are banned
|rule|Evasion Moves Clause: Evasion moves are banned
|rule|Endless Battle Clause: Forcing endless battles is banned
|rule|HP Percentage Mod: HP is shown in percentages
|rule|Dynamax Clause: You cannot dynamax
|clearpoke
|poke|p1|Vikavolt, M|
|poke|p1|Archeops, F|
|poke|p1|Eldegoss, M|
|poke|p1|Sandaconda, F|
|poke|p1|Togedemaru, M|
|poke|p1|Uxie|
|poke|p2|Archeops, F|
|poke|p2|Gigalith, M|
|poke|p2|Magneton|
|poke|p2|Scrafty, M|
|poke|p2|Whimsicott, M|
|poke|p2|Wishiwashi, M|
|teampreview
|inactive|Battle timer is ON: inactive players will automatically lose when time's up. (requested by acluh1)
|c|☆acluh1|gl
|c|☆Lily|hf
|
|t:|1666127132
|start
|switch|p1a: Uxie|Uxie|100/100
|switch|p2a: Magneton|Magneton, shiny|100/100
|turn|1
|
|t:|1666127143
|move|p2a: Magneton|Thunderbolt|p1a: Uxie
|-damage|p1a: Uxie|45/100
|move|p1a: Uxie|Stealth Rock|p2a: Magneton
|-sidestart|p2: acluh1|move: Stealth Rock
|
|-heal|p1a: Uxie|51/100|[from] item: Leftovers
|upkeep
|turn|2
|
|t:|1666127148
|switch|p2a: Archeops|Archeops, F|100/100
|switch|p1a: Togedemaru|Togedemaru, M|100/100
|
|upkeep
|turn|3
|
|t:|1666127151
|switch|p1a: Sandaconda|Sandaconda, F|100/100
|move|p2a: Archeops|U-turn|p1a: Sandaconda
|-damage|p1a: Sandaconda|81/100
|
|t:|1666127154
|switch|p2a: Wishiwashi|Wishiwashi, M|100/100|[from]move: U-turn
|-damage|p2a: Wishiwashi|88/100|[from] Stealth Rock
|-formechange|p2a: Wishiwashi|Wishiwashi-School||[from] ability: Schooling
|
|-heal|p1a: Sandaconda|87/100|[from] item: Leftovers
|-heal|p2a: Wishiwashi|94/100|[from] item: Leftovers
|upkeep
|turn|4
|
|t:|1666127161
|switch|p1a: Eldegoss|Eldegoss, M|100/100
|move|p2a: Wishiwashi|Scald|p1a: Eldegoss
|-resisted|p1a: Eldegoss
|-damage|p1a: Eldegoss|84/100
|-status|p1a: Eldegoss|brn
|
|-heal|p2a: Wishiwashi|100/100|[from] item: Leftovers
|-damage|p1a: Eldegoss|78/100 brn|[from] brn
|upkeep
|turn|5
|
|t:|1666127167
|move|p1a: Eldegoss|Sleep Powder|p2a: Wishiwashi|[miss]
|-miss|p1a: Eldegoss|p2a: Wishiwashi
|move|p2a: Wishiwashi|U-turn|p1a: Eldegoss
|-supereffective|p1a: Eldegoss
|-crit|p1a: Eldegoss
|-damage|p1a: Eldegoss|26/100 brn
|
|t:|1666127174
|switch|p2a: Magneton|Magneton, shiny|100/100|[from]move: U-turn
|-damage|p2a: Magneton|94/100|[from] Stealth Rock
|
|-damage|p1a: Eldegoss|20/100 brn|[from] brn
|upkeep
|turn|6
|
|t:|1666127184
|switch|p1a: Togedemaru|Togedemaru, M|100/100
|move|p2a: Magneton|Tri Attack|p1a: Togedemaru
|-resisted|p1a: Togedemaru
|-damage|p1a: Togedemaru|74/100
|
|upkeep
|turn|7
|
|t:|1666127191
|switch|p2a: Scrafty|Scrafty, M|100/100
|-damage|p2a: Scrafty|95/100|[from] Stealth Rock
|-ability|p2a: Scrafty|Intimidate|boost
|-unboost|p1a: Togedemaru|atk|1
|move|p1a: Togedemaru|U-turn|p2a: Scrafty
|-damage|p2a: Scrafty|83/100
|
|t:|1666127203
|switch|p1a: Vikavolt|Vikavolt, M|100/100|[from]move: U-turn
|
|upkeep
|turn|8
|
|t:|1666127206
|move|p2a: Scrafty|Knock Off|p1a: Vikavolt
|-damage|p1a: Vikavolt|23/100
|-enditem|p1a: Vikavolt|Heavy-Duty Boots|[from] move: Knock Off|[of] p2a: Scrafty
|move|p1a: Vikavolt|Bug Buzz|p2a: Scrafty
|-damage|p2a: Scrafty|23/100
|-unboost|p2a: Scrafty|spd|1
|
|upkeep
|turn|9
|
|t:|1666127211
|switch|p1a: Sandaconda|Sandaconda, F|87/100
|move|p2a: Scrafty|Knock Off|p1a: Sandaconda
|-damage|p1a: Sandaconda|36/100
|-enditem|p1a: Sandaconda|Leftovers|[from] move: Knock Off|[of] p2a: Scrafty
|
|upkeep
|turn|10
|inactive|Lily has 270 seconds left.
|
|t:|1666127243
|switch|p2a: Whimsicott|Whimsicott, M, shiny|100/100
|move|p1a: Sandaconda|Rest|p1a: Sandaconda
|-status|p1a: Sandaconda|slp|[from] move: Rest
|-heal|p1a: Sandaconda|100/100 slp|[silent]
|
|-activate|p1a: Sandaconda|ability: Shed Skin
|-curestatus|p1a: Sandaconda|slp|[msg]
|upkeep
|turn|11
|inactive|Lily has 270 seconds left.
|
|t:|1666127260
|move|p2a: Whimsicott|Defog|p1a: Sandaconda
|-unboost|p1a: Sandaconda|evasion|1
|-sideend|p2: acluh1|Stealth Rock|[from] move: Defog|[of] p2a: Whimsicott
|move|p1a: Sandaconda|Earthquake|p2a: Whimsicott
|-resisted|p2a: Whimsicott
|-damage|p2a: Whimsicott|77/100
|
|upkeep
|turn|12
|inactive|Lily has 270 seconds left.
|
|t:|1666127271
|move|p2a: Whimsicott|Knock Off|p1a: Sandaconda
|-damage|p1a: Sandaconda|93/100
|move|p1a: Sandaconda|Earthquake|p2a: Whimsicott
|-resisted|p2a: Whimsicott
|-damage|p2a: Whimsicott|57/100
|
|upkeep
|turn|13
|inactive|Lily has 270 seconds left.
|
|t:|1666127299
|switch|p1a: Togedemaru|Togedemaru, M|74/100
|move|p2a: Whimsicott|Moonblast|p1a: Togedemaru
|-resisted|p1a: Togedemaru
|-damage|p1a: Togedemaru|60/100
|
|upkeep
|turn|14
|
|t:|1666127316
|switch|p2a: Wishiwashi|Wishiwashi, M|100/100
|-formechange|p2a: Wishiwashi|Wishiwashi-School||[from] ability: Schooling
|move|p1a: Togedemaru|Wish|p1a: Togedemaru
|
|upkeep
|turn|15
|inactive|Lily has 240 seconds left.
|
|t:|1666127347
|move|p1a: Togedemaru|Spiky Shield|p1a: Togedemaru
|-singleturn|p1a: Togedemaru|move: Protect
|move|p2a: Wishiwashi|Scald|p1a: Togedemaru
|-activate|p1a: Togedemaru|move: Protect
|
|-heal|p1a: Togedemaru|100/100|[from] move: Wish|[wisher] Togedemaru
|upkeep
|turn|16
|inactive|Lily has 240 seconds left.
|
|t:|1666127353
|move|p1a: Togedemaru|U-turn|p2a: Wishiwashi
|-damage|p2a: Wishiwashi|89/100
|
|t:|1666127357
|switch|p1a: Eldegoss|Eldegoss, M|54/100 brn|[from]move: U-turn
|move|p2a: Wishiwashi|Scald|p1a: Eldegoss
|-resisted|p1a: Eldegoss
|-damage|p1a: Eldegoss|38/100 brn
|
|-heal|p2a: Wishiwashi|95/100|[from] item: Leftovers
|-damage|p1a: Eldegoss|32/100 brn|[from] brn
|upkeep
|turn|17
|
|t:|1666127366
|move|p1a: Eldegoss|Giga Drain|p2a: Wishiwashi
|-supereffective|p2a: Wishiwashi
|-damage|p2a: Wishiwashi|58/100
|-heal|p1a: Eldegoss|49/100 brn|[from] drain|[of] p2a: Wishiwashi
|move|p2a: Wishiwashi|Sleep Talk||[still]
|-fail|p2a: Wishiwashi
|
|-heal|p2a: Wishiwashi|64/100|[from] item: Leftovers
|-damage|p1a: Eldegoss|43/100 brn|[from] brn
|upkeep
|turn|18
|
|t:|1666127375
|switch|p2a: Magneton|Magneton, shiny|94/100
|move|p1a: Eldegoss|Sleep Powder|p2a: Magneton
|-status|p2a: Magneton|slp|[from] move: Sleep Powder
|
|-damage|p1a: Eldegoss|37/100 brn|[from] brn
|upkeep
|turn|19
|inactive|Lily has 240 seconds left.
|inactive|Lily has 210 seconds left.
|
|t:|1666127436
|cant|p2a: Magneton|slp
|move|p1a: Eldegoss|Leech Seed|p2a: Magneton
|-start|p2a: Magneton|move: Leech Seed
|
|-damage|p2a: Magneton|82/100 slp|[from] Leech Seed|[of] p1a: Eldegoss
|-heal|p1a: Eldegoss|46/100 brn|[silent]
|-damage|p1a: Eldegoss|40/100 brn|[from] brn
|upkeep
|turn|20
|
|t:|1666127441
|switch|p2a: Scrafty|Scrafty, M|23/100
|-ability|p2a: Scrafty|Intimidate|boost
|-unboost|p1a: Eldegoss|atk|1
|switch|p1a: Togedemaru|Togedemaru, M|100/100
|
|upkeep
|turn|21
|inactive|Lily has 210 seconds left.
|
|t:|1666127470
|move|p1a: Togedemaru|Iron Head|p2a: Scrafty
|-damage|p2a: Scrafty|0 fnt
|faint|p2a: Scrafty
|
|upkeep
|
|t:|1666127484
|switch|p2a: Wishiwashi|Wishiwashi, M|64/100
|-formechange|p2a: Wishiwashi|Wishiwashi-School||[from] ability: Schooling
|turn|22
|
|t:|1666127490
|move|p1a: Togedemaru|Wish|p1a: Togedemaru
|move|p2a: Wishiwashi|U-turn|p1a: Togedemaru
|-resisted|p1a: Togedemaru
|-damage|p1a: Togedemaru|88/100
|
|t:|1666127493
|switch|p2a: Gigalith|Gigalith, M, shiny|100/100|[from]move: U-turn
|-weather|Sandstorm|[from] ability: Sand Stream|[of] p2a: Gigalith
|
|-weather|Sandstorm|[upkeep]
|upkeep
|turn|23
|
|t:|1666127497
|move|p1a: Togedemaru|U-turn|p2a: Gigalith
|-damage|p2a: Gigalith|90/100
|
|t:|1666127499
|switch|p1a: Uxie|Uxie|51/100|[from]move: U-turn
|move|p2a: Gigalith|Stealth Rock|p1a: Uxie
|-sidestart|p1: Lily|move: Stealth Rock
|
|-weather|Sandstorm|[upkeep]
|-damage|p1a: Uxie|45/100|[from] Sandstorm
|-heal|p1a: Uxie|92/100|[from] move: Wish|[wisher] Togedemaru
|-heal|p1a: Uxie|98/100|[from] item: Leftovers
|-heal|p2a: Gigalith|96/100|[from] item: Leftovers
|upkeep
|turn|24
|
|t:|1666127504
|move|p1a: Uxie|Stealth Rock|p2a: Gigalith
|-sidestart|p2: acluh1|move: Stealth Rock
|move|p2a: Gigalith|Rock Blast|p1a: Uxie
|-crit|p1a: Uxie
|-damage|p1a: Uxie|88/100
|-damage|p1a: Uxie|81/100
|-damage|p1a: Uxie|75/100
|-hitcount|p1a: Uxie|3
|
|-weather|Sandstorm|[upkeep]
|-damage|p1a: Uxie|68/100|[from] Sandstorm
|-heal|p1a: Uxie|75/100|[from] item: Leftovers
|-heal|p2a: Gigalith|100/100|[from] item: Leftovers
|upkeep
|turn|25
|
|t:|1666127508
|switch|p2a: Wishiwashi|Wishiwashi, M|64/100
|-damage|p2a: Wishiwashi|52/100|[from] Stealth Rock
|-formechange|p2a: Wishiwashi|Wishiwashi-School||[from] ability: Schooling
|move|p1a: Uxie|Knock Off|p2a: Wishiwashi
|-damage|p2a: Wishiwashi|41/100
|-enditem|p2a: Wishiwashi|Leftovers|[from] move: Knock Off|[of] p1a: Uxie
|
|-weather|Sandstorm|[upkeep]
|-damage|p1a: Uxie|68/100|[from] Sandstorm
|-damage|p2a: Wishiwashi|35/100|[from] Sandstorm
|-heal|p1a: Uxie|75/100|[from] item: Leftovers
|upkeep
|turn|26
|inactive|Lily has 270 seconds left.
|
|t:|1666127514
|move|p1a: Uxie|Psychic|p2a: Wishiwashi
|-damage|p2a: Wishiwashi|12/100
|move|p2a: Wishiwashi|Rest|p2a: Wishiwashi
|-status|p2a: Wishiwashi|slp|[from] move: Rest
|-heal|p2a: Wishiwashi|100/100 slp|[silent]
|
|-weather|none
|-heal|p1a: Uxie|81/100|[from] item: Leftovers
|upkeep
|turn|27
|
|t:|1666127516
|move|p1a: Uxie|U-turn|p2a: Wishiwashi
|-damage|p2a: Wishiwashi|92/100 slp
|
|t:|1666127517
|switch|p1a: Eldegoss|Eldegoss, M|73/100 brn|[from]move: U-turn
|cant|p2a: Wishiwashi|slp
|move|p2a: Wishiwashi|Sleep Talk|p2a: Wishiwashi
|move|p2a: Wishiwashi|U-turn|p1a: Eldegoss|[from]move: Sleep Talk
|-supereffective|p1a: Eldegoss
|-damage|p1a: Eldegoss|35/100 brn
|
|t:|1666127525
|switch|p2a: Archeops|Archeops, F|100/100|[from]move: U-turn
|
|-damage|p1a: Eldegoss|29/100 brn|[from] brn
|upkeep
|turn|28
|
|t:|1666127529
|switch|p1a: Sandaconda|Sandaconda, F|93/100
|-damage|p1a: Sandaconda|87/100|[from] Stealth Rock
|move|p2a: Archeops|Stone Edge|p1a: Sandaconda
|-resisted|p1a: Sandaconda
|-damage|p1a: Sandaconda|65/100
|
|upkeep
|turn|29
|
|t:|1666127532
|move|p2a: Archeops|U-turn|p1a: Sandaconda
|-damage|p1a: Sandaconda|44/100
|
|t:|1666127536
|switch|p2a: Whimsicott|Whimsicott, M, shiny|57/100|[from]move: U-turn
|move|p1a: Sandaconda|Earthquake|p2a: Whimsicott
|-resisted|p2a: Whimsicott
|-crit|p2a: Whimsicott
|-damage|p2a: Whimsicott|21/100
|
|upkeep
|turn|30
|
|t:|1666127539
|move|p2a: Whimsicott|Moonblast|p1a: Sandaconda
|-damage|p1a: Sandaconda|18/100
|move|p1a: Sandaconda|Rest|p1a: Sandaconda
|-status|p1a: Sandaconda|slp|[from] move: Rest
|-heal|p1a: Sandaconda|100/100 slp|[silent]
|
|-activate|p1a: Sandaconda|ability: Shed Skin
|-curestatus|p1a: Sandaconda|slp|[msg]
|upkeep
|turn|31
|
|t:|1666127545
|move|p2a: Whimsicott|Defog|p1a: Sandaconda
|-unboost|p1a: Sandaconda|evasion|1
|-sideend|p1: Lily|Stealth Rock|[from] move: Defog|[of] p2a: Whimsicott
|-sideend|p2: acluh1|Stealth Rock|[from] move: Defog|[of] p2a: Whimsicott
|move|p1a: Sandaconda|Earthquake|p2a: Whimsicott
|-resisted|p2a: Whimsicott
|-damage|p2a: Whimsicott|0 fnt
|faint|p2a: Whimsicott
|
|upkeep
|
|t:|1666127547
|switch|p2a: Wishiwashi|Wishiwashi, M|92/100 slp
|-formechange|p2a: Wishiwashi|Wishiwashi-School||[from] ability: Schooling
|turn|32
|
|t:|1666127553
|switch|p1a: Uxie|Uxie|81/100
|cant|p2a: Wishiwashi|slp
|move|p2a: Wishiwashi|Sleep Talk|p2a: Wishiwashi
|move|p2a: Wishiwashi|Scald|p1a: Uxie|[from]move: Sleep Talk
|-damage|p1a: Uxie|54/100
|
|-heal|p1a: Uxie|60/100|[from] item: Leftovers
|upkeep
|turn|33
|
|t:|1666127555
|move|p1a: Uxie|Stealth Rock|p2a: Wishiwashi
|-sidestart|p2: acluh1|move: Stealth Rock
|-curestatus|p2a: Wishiwashi|slp|[msg]
|move|p2a: Wishiwashi|U-turn|p1a: Uxie
|-supereffective|p1a: Uxie
|-damage|p1a: Uxie|32/100
|
|t:|1666127558
|switch|p2a: Magneton|Magneton, shiny|82/100 slp|[from]move: U-turn
|-damage|p2a: Magneton|76/100 slp|[from] Stealth Rock
|
|-heal|p1a: Uxie|38/100|[from] item: Leftovers
|upkeep
|turn|34
|
|t:|1666127561
|switch|p1a: Togedemaru|Togedemaru, M|88/100
|-curestatus|p2a: Magneton|slp|[msg]
|move|p2a: Magneton|Volt Switch|p1a: Togedemaru
|-ability|p1a: Togedemaru|Lightning Rod|boost
|-boost|p1a: Togedemaru|spa|1
|
|upkeep
|turn|35
|
|t:|1666127564
|switch|p2a: Gigalith|Gigalith, M, shiny|100/100
|-damage|p2a: Gigalith|88/100|[from] Stealth Rock
|-weather|Sandstorm|[from] ability: Sand Stream|[of] p2a: Gigalith
|move|p1a: Togedemaru|U-turn|p2a: Gigalith
|-damage|p2a: Gigalith|77/100
|
|t:|1666127571
|switch|p1a: Eldegoss|Eldegoss, M|63/100 brn|[from]move: U-turn
|
|-weather|Sandstorm|[upkeep]
|-damage|p1a: Eldegoss|56/100 brn|[from] Sandstorm
|-heal|p2a: Gigalith|83/100|[from] item: Leftovers
|-damage|p1a: Eldegoss|50/100 brn|[from] brn
|upkeep
|turn|36
|
|t:|1666127573
|move|p1a: Eldegoss|Leech Seed|p2a: Gigalith
|-start|p2a: Gigalith|move: Leech Seed
|move|p2a: Gigalith|Rock Blast|p1a: Eldegoss
|-damage|p1a: Eldegoss|41/100 brn
|-damage|p1a: Eldegoss|31/100 brn
|-damage|p1a: Eldegoss|23/100 brn
|-hitcount|p1a: Eldegoss|3
|
|-weather|Sandstorm|[upkeep]
|-damage|p1a: Eldegoss|17/100 brn|[from] Sandstorm
|-heal|p2a: Gigalith|89/100|[from] item: Leftovers
|-damage|p2a: Gigalith|77/100|[from] Leech Seed|[of] p1a: Eldegoss
|-heal|p1a: Eldegoss|31/100 brn|[silent]
|-damage|p1a: Eldegoss|25/100 brn|[from] brn
|upkeep
|turn|37
|
|t:|1666127579
|move|p1a: Eldegoss|Sleep Powder|p2a: Gigalith
|-status|p2a: Gigalith|slp|[from] move: Sleep Powder
|cant|p2a: Gigalith|slp
|
|-weather|Sandstorm|[upkeep]
|-damage|p1a: Eldegoss|18/100 brn|[from] Sandstorm
|-heal|p2a: Gigalith|83/100 slp|[from] item: Leftovers
|-damage|p2a: Gigalith|71/100 slp|[from] Leech Seed|[of] p1a: Eldegoss
|-heal|p1a: Eldegoss|33/100 brn|[silent]
|-damage|p1a: Eldegoss|26/100 brn|[from] brn
|upkeep
|turn|38
|
|t:|1666127583
|switch|p2a: Magneton|Magneton, shiny|76/100
|-damage|p2a: Magneton|69/100|[from] Stealth Rock
|move|p1a: Eldegoss|Giga Drain|p2a: Magneton
|-resisted|p2a: Magneton
|-damage|p2a: Magneton|49/100
|-heal|p1a: Eldegoss|34/100 brn|[from] drain|[of] p2a: Magneton
|
|-weather|Sandstorm|[upkeep]
|-damage|p1a: Eldegoss|28/100 brn|[from] Sandstorm
|-damage|p1a: Eldegoss|22/100 brn|[from] brn
|upkeep
|turn|39
|
|t:|1666127587
|switch|p2a: Wishiwashi|Wishiwashi, M|92/100
|-damage|p2a: Wishiwashi|80/100|[from] Stealth Rock
|-formechange|p2a: Wishiwashi|Wishiwashi-School||[from] ability: Schooling
|switch|p1a: Togedemaru|Togedemaru, M|88/100
|
|-weather|none
|upkeep
|turn|40
|
|t:|1666127592
|move|p1a: Togedemaru|Wish|p1a: Togedemaru
|move|p2a: Wishiwashi|U-turn|p1a: Togedemaru
|-resisted|p1a: Togedemaru
|-damage|p1a: Togedemaru|75/100
|
|t:|1666127594
|switch|p2a: Archeops|Archeops, F|100/100|[from]move: U-turn
|
|upkeep
|turn|41
|
|t:|1666127601
|switch|p1a: Sandaconda|Sandaconda, F|100/100
|move|p2a: Archeops|Stone Edge|p1a: Sandaconda|[miss]
|-miss|p2a: Archeops|p1a: Sandaconda
|
|upkeep
|turn|42
|
|t:|1666127604
|move|p2a: Archeops|U-turn|p1a: Sandaconda
|-damage|p1a: Sandaconda|78/100
|
|t:|1666127606
|switch|p2a: Wishiwashi|Wishiwashi, M|80/100|[from]move: U-turn
|-damage|p2a: Wishiwashi|68/100|[from] Stealth Rock
|-formechange|p2a: Wishiwashi|Wishiwashi-School||[from] ability: Schooling
|move|p1a: Sandaconda|Coil|p1a: Sandaconda
|-boost|p1a: Sandaconda|atk|1
|-boost|p1a: Sandaconda|def|1
|-boost|p1a: Sandaconda|accuracy|1
|
|upkeep
|turn|43
|
|t:|1666127609
|switch|p1a: Eldegoss|Eldegoss, M|55/100 brn
|move|p2a: Wishiwashi|Scald|p1a: Eldegoss
|-resisted|p1a: Eldegoss
|-crit|p1a: Eldegoss
|-damage|p1a: Eldegoss|30/100 brn
|
|-damage|p1a: Eldegoss|24/100 brn|[from] brn
|upkeep
|turn|44
|
|t:|1666127611
|move|p1a: Eldegoss|Giga Drain|p2a: Wishiwashi
|-supereffective|p2a: Wishiwashi
|-damage|p2a: Wishiwashi|29/100
|-heal|p1a: Eldegoss|42/100 brn|[from] drain|[of] p2a: Wishiwashi
|move|p2a: Wishiwashi|U-turn|p1a: Eldegoss
|-supereffective|p1a: Eldegoss
|-damage|p1a: Eldegoss|4/100 brn
|
|t:|1666127618
|switch|p2a: Magneton|Magneton, shiny|49/100|[from]move: U-turn
|-damage|p2a: Magneton|43/100|[from] Stealth Rock
|
|-damage|p1a: Eldegoss|0 fnt|[from] brn
|faint|p1a: Eldegoss
|upkeep
|
|t:|1666127620
|switch|p1a: Archeops|Archeops, F|100/100
|turn|45
|
|t:|1666127627
|move|p1a: Archeops|Knock Off|p2a: Magneton
|-damage|p2a: Magneton|0 fnt
|-enditem|p2a: Magneton|Choice Specs|[from] move: Knock Off|[of] p1a: Archeops
|faint|p2a: Magneton
|
|upkeep
|
|t:|1666127631
|switch|p2a: Wishiwashi|Wishiwashi, M|29/100
|-damage|p2a: Wishiwashi|17/100|[from] Stealth Rock
|turn|46
|
|t:|1666127633
|move|p1a: Archeops|Knock Off|p2a: Wishiwashi
|-damage|p2a: Wishiwashi|0 fnt
|faint|p2a: Wishiwashi
|
|upkeep
|
|t:|1666127635
|switch|p2a: Archeops|Archeops, F|100/100
|turn|47
|
|t:|1666127636
|move|p1a: Archeops|Stone Edge|p2a: Archeops
|-supereffective|p2a: Archeops
|-damage|p2a: Archeops|0 fnt
|faint|p2a: Archeops
|
|upkeep
|
|t:|1666127638
|switch|p2a: Gigalith|Gigalith, M, shiny|71/100 slp
|-damage|p2a: Gigalith|58/100 slp|[from] Stealth Rock
|-weather|Sandstorm|[from] ability: Sand Stream|[of] p2a: Gigalith
|turn|48
|
|t:|1666127639
|move|p1a: Archeops|Knock Off|p2a: Gigalith
|-damage|p2a: Gigalith|30/100 slp
|-enditem|p2a: Gigalith|Leftovers|[from] move: Knock Off|[of] p1a: Archeops
|cant|p2a: Gigalith|slp
|
|-weather|Sandstorm|[upkeep]
|upkeep
|turn|49
|c|☆acluh1|gg
|c|☆Lily|gg
|
|t:|1666127645
|move|p1a: Archeops|Stone Edge|p2a: Gigalith
|-damage|p2a: Gigalith|0 fnt
|faint|p2a: Gigalith
|
|win|Lily
|l|☆acluh1
|j|☆acluh1
|player|p2|acluh1|karen
