|j|☆Tintincpajouer
|j|☆SadentSiebla
|t:|1633182754
|gametype|singles
|player|p1|Tintincpajouer|2|1265
|player|p2|SadentSiebla|plasmagrunt|1337
|teamsize|p1|6
|teamsize|p2|6
|gen|8
|tier|[Gen 8] PU
|rated|
|rule|Sleep Clause Mod: Limit one foe put to sleep
|rule|Species Clause: Limit one of each Pokémon
|rule|OHKO Clause: OHKO moves are banned
|rule|Evasion Moves Clause: Evasion moves are banned
|rule|Endless Battle Clause: Forcing endless battles is banned
|rule|HP Percentage Mod: HP is shown in percentages
|rule|Dynamax Clause: You cannot dynamax
|clearpoke
|poke|p1|Flapple, F|
|poke|p1|Aggron, F|
|poke|p1|Haunter, M|
|poke|p1|Swoobat, F|
|poke|p1|Hitmonlee, M|
|poke|p1|Froslass, F|
|poke|p2|Jynx, F|
|poke|p2|Kangaskhan, F|
|poke|p2|Manectric, F|
|poke|p2|Sandslash, F|
|poke|p2|Lunatone|
|poke|p2|Unfezant, M|
|teampreview
|
|t:|1633182762
|start
|switch|p1a: Froslass|Froslass, F|100/100
|switch|p2a: Jynx|Jynx, F|100/100
|turn|1
|
|t:|1633182769
|move|p1a: Froslass|Spikes|p2a: Jynx
|-sidestart|p2: SadentSiebla|Spikes
|move|p2a: Jynx|Psychic|p1a: Froslass
|-damage|p1a: Froslass|36/100
|
|upkeep
|turn|2
|inactive|Battle timer is ON: inactive players will automatically lose when time's up. (requested by SadentSiebla)
|
|t:|1633182775
|move|p1a: Froslass|Destiny Bond|p1a: Froslass
|-singlemove|p1a: Froslass|Destiny Bond
|move|p2a: Jynx|Nasty Plot|p2a: Jynx
|-boost|p2a: Jynx|spa|2
|
|upkeep
|turn|3
|
|t:|1633182781
|move|p1a: Froslass|Spikes|p2a: Jynx
|-sidestart|p2: SadentSiebla|Spikes
|move|p2a: Jynx|Psychic|p1a: Froslass
|-damage|p1a: Froslass|0 fnt
|faint|p1a: Froslass
|
|upkeep
|
|t:|1633182787
|switch|p1a: Haunter|Haunter, M|100/100
|turn|4
|j| ii77
|
|t:|1633182796
|move|p1a: Haunter|Shadow Ball|p2a: Jynx
|-supereffective|p2a: Jynx
|-enditem|p2a: Jynx|Focus Sash
|-damage|p2a: Jynx|1/100
|move|p2a: Jynx|Psychic|p1a: Haunter
|-supereffective|p1a: Haunter
|-damage|p1a: Haunter|0 fnt
|faint|p1a: Haunter
|
|upkeep
|
|t:|1633182807
|switch|p1a: Hitmonlee|Hitmonlee, M|100/100
|turn|5
|
|t:|1633182809
|move|p1a: Hitmonlee|Mach Punch|p2a: Jynx
|-damage|p2a: Jynx|0 fnt
|faint|p2a: Jynx
|
|upkeep
|
|t:|1633182812
|switch|p2a: Sandslash|Sandslash, F|100/100
|-damage|p2a: Sandslash|84/100|[from] Spikes
|turn|6
|
|t:|1633182816
|switch|p1a: Swoobat|Swoobat, F|100/100
|move|p2a: Sandslash|Rapid Spin|p1a: Swoobat
|-damage|p1a: Swoobat|77/100
|-boost|p2a: Sandslash|spe|1
|-sideend|p2: SadentSiebla|Spikes|[from] move: Rapid Spin|[of] p2a: Sandslash
|
|-heal|p2a: Sandslash|90/100|[from] item: Leftovers
|upkeep
|turn|7
|
|t:|1633182825
|move|p2a: Sandslash|Rapid Spin|p1a: Swoobat
|-damage|p1a: Swoobat|52/100
|-boost|p2a: Sandslash|spe|1
|move|p1a: Swoobat|Nasty Plot|p1a: Swoobat
|-boost|p1a: Swoobat|spa|4
|
|-heal|p2a: Sandslash|96/100|[from] item: Leftovers
|upkeep
|turn|8
|
|t:|1633182837
|move|p2a: Sandslash|Rapid Spin|p1a: Swoobat
|-damage|p1a: Swoobat|31/100
|-boost|p2a: Sandslash|spe|1
|move|p1a: Swoobat|Psychic|p2a: Sandslash
|-damage|p2a: Sandslash|0 fnt
|faint|p2a: Sandslash
|
|upkeep
|
|t:|1633182843
|switch|p2a: Kangaskhan|Kangaskhan, F|100/100
|turn|9
|
|t:|1633182849
|switch|p1a: Aggron|Aggron, F|100/100
|move|p2a: Kangaskhan|Fake Out|p1a: Aggron
|-resisted|p1a: Aggron
|-damage|p1a: Aggron|97/100
|
|-heal|p1a: Aggron|100/100|[from] item: Leftovers
|upkeep
|turn|10
|
|t:|1633182856
|move|p2a: Kangaskhan|Earthquake|p1a: Aggron
|-supereffective|p1a: Aggron
|-damage|p1a: Aggron|19/100
|move|p1a: Aggron|Stealth Rock|p2a: Kangaskhan
|-sidestart|p2: SadentSiebla|move: Stealth Rock
|
|-heal|p1a: Aggron|25/100|[from] item: Leftovers
|upkeep
|turn|11
|
|t:|1633182864
|move|p2a: Kangaskhan|Earthquake|p1a: Aggron
|-supereffective|p1a: Aggron
|-damage|p1a: Aggron|0 fnt
|faint|p1a: Aggron
|
|upkeep
|
|t:|1633182870
|switch|p1a: Swoobat|Swoobat, F|31/100
|turn|12
|
|t:|1633182874
|move|p1a: Swoobat|Psychic|p2a: Kangaskhan
|-damage|p2a: Kangaskhan|61/100
|move|p2a: Kangaskhan|Double-Edge|p1a: Swoobat
|-damage|p1a: Swoobat|0 fnt
|faint|p1a: Swoobat
|-damage|p2a: Kangaskhan|53/100|[from] Recoil
|
|upkeep
|
|t:|1633182881
|switch|p1a: Hitmonlee|Hitmonlee, M|100/100
|turn|13
|
|t:|1633182884
|move|p1a: Hitmonlee|Mach Punch|p2a: Kangaskhan
|-supereffective|p2a: Kangaskhan
|-damage|p2a: Kangaskhan|0 fnt
|faint|p2a: Kangaskhan
|
|upkeep
|
|t:|1633182888
|switch|p2a: Manectric|Manectric, F|100/100
|-damage|p2a: Manectric|88/100|[from] Stealth Rock
|turn|14
|
|t:|1633182906
|switch|p1a: Flapple|Flapple, F|100/100
|move|p2a: Manectric|Discharge|p1a: Flapple
|-resisted|p1a: Flapple
|-damage|p1a: Flapple|81/100
|
|upkeep
|turn|15
|
|t:|1633182913
|move|p2a: Manectric|Flamethrower|p1a: Flapple
|-crit|p1a: Flapple
|-damage|p1a: Flapple|13/100
|move|p1a: Flapple|Dragon Dance|p1a: Flapple
|-boost|p1a: Flapple|atk|1
|-boost|p1a: Flapple|spe|1
|
|upkeep
|turn|16
|
|t:|1633182922
|move|p1a: Flapple|Grav Apple|p2a: Manectric
|-damage|p2a: Manectric|0 fnt
|faint|p2a: Manectric
|-damage|p1a: Flapple|3/100|[from] item: Life Orb
|
|upkeep
|
|t:|1633182930
|switch|p2a: Unfezant|Unfezant, M|100/100
|-damage|p2a: Unfezant|76/100|[from] Stealth Rock
|turn|17
|
|t:|1633182944
|move|p1a: Flapple|Sucker Punch|p2a: Unfezant
|-damage|p2a: Unfezant|0 fnt
|faint|p2a: Unfezant
|-damage|p1a: Flapple|0 fnt|[from] item: Life Orb
|faint|p1a: Flapple
|
|upkeep
|
|t:|1633182951
|switch|p2a: Lunatone|Lunatone|100/100
|switch|p1a: Hitmonlee|Hitmonlee, M|100/100
|-damage|p2a: Lunatone|88/100|[from] Stealth Rock
|turn|18
|inactive|Tintincpajouer has 120 seconds left.
|inactive|Tintincpajouer has 90 seconds left.
|
|t:|1633183031
|move|p1a: Hitmonlee|Knock Off|p2a: Lunatone
|-supereffective|p2a: Lunatone
|-damage|p2a: Lunatone|0 fnt
|-enditem|p2a: Lunatone|Power Herb|[from] move: Knock Off|[of] p1a: Hitmonlee
|faint|p2a: Lunatone
|
|win|Tintincpajouer
|raw|Tintincpajouer's rating: 1265 &rarr; <strong>1295</strong><br />(+30 for winning)
|raw|SadentSiebla's rating: 1337 &rarr; <strong>1313</strong><br />(-24 for losing)
|l|☆SadentSiebla
|c|☆Tintincpajouer|gg
|l|☆Tintincpajouer
