|j|☆obama pause
|j|☆bababi
|t:|1649787446
|gametype|singles
|player|p1|obama pause|dancer|1385
|player|p2|bababi|cress|1563
|teamsize|p1|6
|teamsize|p2|6
|gen|8
|tier|[Gen 8] PU
|rated|
|rule|Sleep Clause Mod: Limit one foe put to sleep
|rule|Species Clause: Limit one of each Pokémon
|rule|OHKO Clause: OHKO moves are banned
|rule|Evasion Moves Clause: Evasion moves are banned
|rule|Endless Battle Clause: Forcing endless battles is banned
|rule|HP Percentage Mod: HP is shown in percentages
|rule|Dynamax Clause: You cannot dynamax
|clearpoke
|poke|p1|Gigalith, F|
|poke|p1|Aromatisse, M|
|poke|p1|Qwilfish, M|
|poke|p1|Glastrier|
|poke|p1|Eldegoss, M|
|poke|p1|Sandaconda, F|
|poke|p2|Qwilfish, F|
|poke|p2|Ludicolo, F|
|poke|p2|Poliwrath, F|
|poke|p2|Kabutops, M|
|poke|p2|Mesprit|
|poke|p2|Liepard, M|
|teampreview
|inactive|Battle timer is ON: inactive players will automatically lose when time's up. (requested by bababi)
|
|t:|1649787466
|start
|switch|p1a: Glastrier|Glastrier|100/100
|switch|p2a: Mesprit|Mesprit|100/100
|turn|1
|
|t:|1649787482
|move|p2a: Mesprit|U-turn|p1a: Glastrier
|-damage|p1a: Glastrier|90/100
|
|t:|1649787485
|switch|p2a: Poliwrath|Poliwrath, F|100/100|[from]move: U-turn
|move|p1a: Glastrier|Icicle Spear|p2a: Poliwrath
|-resisted|p2a: Poliwrath
|-damage|p2a: Poliwrath|91/100
|-resisted|p2a: Poliwrath
|-damage|p2a: Poliwrath|83/100
|-resisted|p2a: Poliwrath
|-damage|p2a: Poliwrath|75/100
|-resisted|p2a: Poliwrath
|-damage|p2a: Poliwrath|66/100
|-hitcount|p2a: Poliwrath|4
|
|upkeep
|turn|2
|
|t:|1649787493
|switch|p1a: Qwilfish|Qwilfish, M|100/100
|-ability|p1a: Qwilfish|Intimidate|boost
|-unboost|p2a: Poliwrath|atk|1
|move|p2a: Poliwrath|Close Combat|p1a: Qwilfish
|-resisted|p1a: Qwilfish
|-damage|p1a: Qwilfish|73/100
|-unboost|p2a: Poliwrath|def|1
|-unboost|p2a: Poliwrath|spd|1
|-damage|p2a: Poliwrath|50/100|[from] item: Rocky Helmet|[of] p1a: Qwilfish
|-damage|p2a: Poliwrath|40/100|[from] item: Life Orb
|
|upkeep
|turn|3
|
|t:|1649787505
|switch|p2a: Mesprit|Mesprit|100/100
|move|p1a: Qwilfish|Spikes|p2a: Mesprit
|-sidestart|p2: bababi|Spikes
|
|upkeep
|turn|4
|
|t:|1649787510
|switch|p1a: Gigalith|Gigalith, F|100/100
|-weather|Sandstorm|[from] ability: Sand Stream|[of] p1a: Gigalith
|move|p2a: Mesprit|Stealth Rock|p1a: Gigalith
|-sidestart|p1: obama pause|move: Stealth Rock
|
|-weather|Sandstorm|[upkeep]
|-damage|p2a: Mesprit|94/100|[from] Sandstorm
|upkeep
|turn|5
|
|t:|1649787520
|move|p2a: Mesprit|Rain Dance|p2a: Mesprit
|-weather|RainDance
|move|p1a: Gigalith|Toxic|p2a: Mesprit
|-status|p2a: Mesprit|tox
|
|-weather|RainDance|[upkeep]
|-damage|p2a: Mesprit|88/100 tox|[from] psn
|upkeep
|turn|6
|
|t:|1649787528
|move|p2a: Mesprit|U-turn|p1a: Gigalith
|-damage|p1a: Gigalith|89/100
|
|t:|1649787533
|switch|p2a: Kabutops|Kabutops, M|100/100|[from]move: U-turn
|-damage|p2a: Kabutops|88/100|[from] Spikes
|move|p1a: Gigalith|Toxic|p2a: Kabutops
|-status|p2a: Kabutops|tox
|
|-weather|RainDance|[upkeep]
|-heal|p1a: Gigalith|95/100|[from] item: Leftovers
|-damage|p2a: Kabutops|82/100 tox|[from] psn
|upkeep
|turn|7
|
|t:|1649787544
|switch|p1a: Qwilfish|Qwilfish, M|73/100
|-damage|p1a: Qwilfish|61/100|[from] Stealth Rock
|-ability|p1a: Qwilfish|Intimidate|boost
|-unboost|p2a: Kabutops|atk|1
|move|p2a: Kabutops|Liquidation|p1a: Qwilfish
|-resisted|p1a: Qwilfish
|-damage|p1a: Qwilfish|29/100
|-unboost|p1a: Qwilfish|def|1
|-damage|p2a: Kabutops|66/100 tox|[from] item: Rocky Helmet|[of] p1a: Qwilfish
|-damage|p2a: Kabutops|56/100 tox|[from] item: Life Orb
|
|-weather|RainDance|[upkeep]
|-damage|p2a: Kabutops|43/100 tox|[from] psn
|upkeep
|turn|8
|
|t:|1649787566
|switch|p1a: Eldegoss|Eldegoss, M|100/100
|move|p2a: Kabutops|Liquidation|p1a: Eldegoss
|-resisted|p1a: Eldegoss
|-damage|p1a: Eldegoss|64/100
|-damage|p2a: Kabutops|33/100 tox|[from] item: Life Orb
|
|-weather|RainDance|[upkeep]
|-damage|p2a: Kabutops|15/100 tox|[from] psn
|upkeep
|turn|9
|
|t:|1649787575
|switch|p1a: Qwilfish|Qwilfish, M|29/100
|-damage|p1a: Qwilfish|17/100|[from] Stealth Rock
|-ability|p1a: Qwilfish|Intimidate|boost
|-unboost|p2a: Kabutops|atk|1
|move|p2a: Kabutops|Stone Edge|p1a: Qwilfish
|-damage|p1a: Qwilfish|0 fnt
|faint|p1a: Qwilfish
|-damage|p2a: Kabutops|5/100 tox|[from] item: Life Orb
|
|-weather|RainDance|[upkeep]
|-damage|p2a: Kabutops|0 fnt|[from] psn
|faint|p2a: Kabutops
|upkeep
|
|t:|1649787596
|switch|p1a: Eldegoss|Eldegoss, M|97/100
|switch|p2a: Qwilfish|Qwilfish, F|100/100
|-damage|p2a: Qwilfish|88/100|[from] Spikes
|turn|10
|
|t:|1649787603
|move|p2a: Qwilfish|Swords Dance|p2a: Qwilfish
|-boost|p2a: Qwilfish|atk|2
|move|p1a: Eldegoss|Rapid Spin|p2a: Qwilfish
|-damage|p2a: Qwilfish|80/100
|-boost|p1a: Eldegoss|spe|1
|-sideend|p1: obama pause|Stealth Rock|[from] move: Rapid Spin|[of] p1a: Eldegoss
|
|-weather|RainDance|[upkeep]
|upkeep
|turn|11
|
|t:|1649787605
|switch|p1a: Gigalith|Gigalith, F|95/100
|-weather|Sandstorm|[from] ability: Sand Stream|[of] p1a: Gigalith
|move|p2a: Qwilfish|Poison Jab|p1a: Gigalith
|-resisted|p1a: Gigalith
|-damage|p1a: Gigalith|65/100
|-damage|p2a: Qwilfish|70/100|[from] item: Life Orb
|
|-weather|Sandstorm|[upkeep]
|-damage|p2a: Qwilfish|64/100|[from] Sandstorm
|-heal|p1a: Gigalith|71/100|[from] item: Leftovers
|upkeep
|turn|12
|
|t:|1649787619
|move|p2a: Qwilfish|Liquidation|p1a: Gigalith
|-supereffective|p1a: Gigalith
|-damage|p1a: Gigalith|0 fnt
|faint|p1a: Gigalith
|-damage|p2a: Qwilfish|54/100|[from] item: Life Orb
|
|-weather|Sandstorm|[upkeep]
|-damage|p2a: Qwilfish|48/100|[from] Sandstorm
|upkeep
|
|t:|1649787622
|switch|p1a: Glastrier|Glastrier|90/100
|turn|13
|inactive|bababi has 120 seconds left.
|
|t:|1649787673
|switch|p2a: Ludicolo|Ludicolo, F|100/100
|-damage|p2a: Ludicolo|88/100|[from] Spikes
|move|p1a: Glastrier|Icicle Spear|p2a: Ludicolo
|-damage|p2a: Ludicolo|66/100
|-damage|p2a: Ludicolo|41/100
|-hitcount|p2a: Ludicolo|2
|
|-weather|Sandstorm|[upkeep]
|-damage|p2a: Ludicolo|35/100|[from] Sandstorm
|-damage|p1a: Glastrier|84/100|[from] Sandstorm
|upkeep
|turn|14
|
|t:|1649787683
|move|p2a: Ludicolo|Weather Ball|p1a: Glastrier
|-supereffective|p1a: Glastrier
|-damage|p1a: Glastrier|43/100
|-damage|p2a: Ludicolo|25/100|[from] item: Life Orb
|move|p1a: Glastrier|Icicle Spear|p2a: Ludicolo
|-damage|p2a: Ludicolo|2/100
|-crit|p2a: Ludicolo
|-damage|p2a: Ludicolo|0 fnt
|faint|p2a: Ludicolo
|-ability|p1a: Glastrier|Chilling Neigh|boost
|-boost|p1a: Glastrier|atk|1
|-hitcount|p2: Ludicolo|2
|
|-weather|Sandstorm|[upkeep]
|-damage|p1a: Glastrier|37/100|[from] Sandstorm
|upkeep
|
|t:|1649787694
|switch|p2a: Poliwrath|Poliwrath, F|40/100
|-damage|p2a: Poliwrath|27/100|[from] Spikes
|turn|15
|
|t:|1649787703
|switch|p1a: Aromatisse|Aromatisse, M|100/100
|move|p2a: Poliwrath|Drain Punch|p1a: Aromatisse
|-resisted|p1a: Aromatisse
|-damage|p1a: Aromatisse|82/100
|-heal|p2a: Poliwrath|39/100|[from] drain|[of] p1a: Aromatisse
|-damage|p2a: Poliwrath|29/100|[from] item: Life Orb
|
|-weather|none
|-heal|p1a: Aromatisse|88/100|[from] item: Leftovers
|upkeep
|turn|16
|
|t:|1649787713
|switch|p2a: Mesprit|Mesprit|88/100 tox
|move|p1a: Aromatisse|Wish|p1a: Aromatisse
|
|-heal|p1a: Aromatisse|95/100|[from] item: Leftovers
|-damage|p2a: Mesprit|82/100 tox|[from] psn
|upkeep
|turn|17
|inactive|bababi has 120 seconds left.
|
|t:|1649787720
|switch|p1a: Glastrier|Glastrier|37/100
|move|p2a: Mesprit|Stealth Rock|p1a: Glastrier
|-sidestart|p1: obama pause|move: Stealth Rock
|
|-heal|p1a: Glastrier|87/100|[from] move: Wish|[wisher] Aromatisse
|-damage|p2a: Mesprit|70/100 tox|[from] psn
|upkeep
|turn|18
|inactive|bababi has 120 seconds left.
|
|t:|1649787739
|move|p2a: Mesprit|U-turn|p1a: Glastrier
|-damage|p1a: Glastrier|76/100
|
|t:|1649787741
|switch|p2a: Liepard|Liepard, M|100/100|[from]move: U-turn
|-damage|p2a: Liepard|88/100|[from] Spikes
|move|p1a: Glastrier|Icicle Spear|p2a: Liepard
|-damage|p2a: Liepard|61/100
|-damage|p2a: Liepard|35/100
|-damage|p2a: Liepard|9/100
|-hitcount|p2a: Liepard|3
|
|upkeep
|turn|19
|inactive|bababi has 120 seconds left.
|
|t:|1649787757
|move|p2a: Liepard|Knock Off|p1a: Glastrier
|-damage|p1a: Glastrier|57/100
|-enditem|p1a: Glastrier|Assault Vest|[from] move: Knock Off|[of] p2a: Liepard
|move|p1a: Glastrier|Icicle Spear|p2a: Liepard
|-damage|p2a: Liepard|0 fnt
|faint|p2a: Liepard
|-ability|p1a: Glastrier|Chilling Neigh|boost
|-boost|p1a: Glastrier|atk|1
|-hitcount|p2: Liepard|1
|
|upkeep
|
|t:|1649787761
|switch|p2a: Poliwrath|Poliwrath, F|29/100
|-damage|p2a: Poliwrath|16/100|[from] Spikes
|turn|20
|
|t:|1649787768
|switch|p1a: Aromatisse|Aromatisse, M|95/100
|-damage|p1a: Aromatisse|82/100|[from] Stealth Rock
|move|p2a: Poliwrath|Liquidation|p1a: Aromatisse
|-damage|p1a: Aromatisse|47/100
|-damage|p2a: Poliwrath|6/100|[from] item: Life Orb
|
|-heal|p1a: Aromatisse|53/100|[from] item: Leftovers
|upkeep
|turn|21
|
|t:|1649787777
|move|p2a: Poliwrath|Liquidation|p1a: Aromatisse
|-damage|p1a: Aromatisse|18/100
|-unboost|p1a: Aromatisse|def|1
|-damage|p2a: Poliwrath|0 fnt|[from] item: Life Orb
|faint|p2a: Poliwrath
|move|p1a: Aromatisse|Wish|p1a: Aromatisse
|
|-heal|p1a: Aromatisse|24/100|[from] item: Leftovers
|upkeep
|
|t:|1649787779
|switch|p2a: Mesprit|Mesprit|70/100 tox
|turn|22
|
|t:|1649787786
|switch|p1a: Glastrier|Glastrier|57/100
|-damage|p1a: Glastrier|32/100|[from] Stealth Rock
|move|p2a: Mesprit|Healing Wish|p2a: Mesprit
|faint|p2a: Mesprit
|
|-heal|p1a: Glastrier|83/100|[from] move: Wish|[wisher] Aromatisse
|upkeep
|
|t:|1649787788
|switch|p2a: Qwilfish|Qwilfish, F|48/100
|-heal|p2a: Qwilfish|100/100|[from] move: Healing Wish
|-damage|p2a: Qwilfish|88/100|[from] Spikes
|turn|23
|
|t:|1649787793
|move|p2a: Qwilfish|Swords Dance|p2a: Qwilfish
|-boost|p2a: Qwilfish|atk|2
|move|p1a: Glastrier|High Horsepower|p2a: Qwilfish
|-supereffective|p2a: Qwilfish
|-damage|p2a: Qwilfish|0 fnt
|faint|p2a: Qwilfish
|
|win|obama pause
|raw|obama pause's rating: 1385 &rarr; <strong>1414</strong><br />(+29 for winning)
|raw|bababi's rating: 1563 &rarr; <strong>1534</strong><br />(-29 for losing)
|l|☆bababi
|c|☆obama pause|gg
