|raw|<div class="broadcast-blue"><strong>This battle is required to be public due to a player having a name starting with 'pult4c1'.</div>
|j|☆PULT4C1 Inder
|j|☆PULT4C1 Carmin
|t:|1661015164
|gametype|singles
|player|p1|PULT4C1 Inder|lyra|1523
|player|p2|PULT4C1 Carmin|firebreather|1588
|teamsize|p1|6
|teamsize|p2|6
|gen|8
|tier|[Gen 8] PU
|rated|
|rule|Sleep Clause Mod: Limit one foe put to sleep
|rule|Species Clause: Limit one of each Pokémon
|rule|OHKO Clause: OHKO moves are banned
|rule|Evasion Items Clause: Evasion items are banned
|rule|Evasion Moves Clause: Evasion moves are banned
|rule|Endless Battle Clause: Forcing endless battles is banned
|rule|HP Percentage Mod: HP is shown in percentages
|rule|Dynamax Clause: You cannot dynamax
|clearpoke
|poke|p1|Doublade, M|
|poke|p1|Vikavolt, F|
|poke|p1|Archeops, M|
|poke|p1|Silvally-*|
|poke|p1|Turtonator, F|
|poke|p1|Druddigon, M|
|poke|p2|Dubwool, M|
|poke|p2|Sandaconda, M|
|poke|p2|Gallade, M|
|poke|p2|Gigalith, M|
|poke|p2|Eldegoss, F|
|poke|p2|Charizard, M|
|teampreview
|inactive|Battle timer is ON: inactive players will automatically lose when time's up. (requested by PULT4C1 Carmin)
|inactive|PULT4C1 Inder also wants the timer to be on.
|c|☆PULT4C1 Inder|j’ai le plan
|c|☆PULT4C1 Inder|pour remonter
|c|☆PULT4C1 Carmin|j'ai cru que t'avais arreté
|c|☆PULT4C1 Carmin|je suis deg
|c|☆PULT4C1 Inder|moi aussi
|inactive|PULT4C1 Carmin has 120 seconds left.
|c|☆PULT4C1 Inder|mais j’me suis dis
|j| PULT4C1 Haffling
|c|☆PULT4C1 Inder|pas tout ça
|c|☆PULT4C1 Inder|pour ca
|c|☆PULT4C1 Inder|alors
|c|☆PULT4C1 Inder|jvais choper les 1700 plus vite que ca
|c|☆PULT4C1 Inder|HF
|inactive|PULT4C1 Carmin has 90 seconds left.
|c|☆PULT4C1 Carmin|hf
|inactive|PULT4C1 Carmin has 60 seconds left.
|
|t:|1661015257
|start
|switch|p1a: Druddigon|Druddigon, M|100/100
|switch|p2a: Sandaconda|Sandaconda, M|100/100
|-ability|p1a: Druddigon|Mold Breaker
|turn|1
|
|t:|1661015263
|move|p1a: Druddigon|Taunt|p2a: Sandaconda
|-start|p2a: Sandaconda|move: Taunt
|move|p2a: Sandaconda|Earthquake|p1a: Druddigon
|-damage|p1a: Druddigon|53/100
|
|upkeep
|turn|2
|
|t:|1661015266
|move|p1a: Druddigon|Stealth Rock|p2a: Sandaconda
|-sidestart|p2: PULT4C1 Carmin|move: Stealth Rock
|move|p2a: Sandaconda|Earthquake|p1a: Druddigon
|-damage|p1a: Druddigon|11/100
|
|upkeep
|turn|3
|
|t:|1661015269
|move|p1a: Druddigon|Earthquake|p2a: Sandaconda
|-damage|p2a: Sandaconda|79/100
|move|p2a: Sandaconda|Earthquake|p1a: Druddigon
|-damage|p1a: Druddigon|0 fnt
|faint|p1a: Druddigon
|
|-heal|p2a: Sandaconda|85/100|[from] item: Leftovers
|-end|p2a: Sandaconda|move: Taunt
|upkeep
|
|t:|1661015274
|switch|p1a: Vikavolt|Vikavolt, F|100/100
|turn|4
|
|t:|1661015287
|move|p1a: Vikavolt|Agility|p1a: Vikavolt
|-boost|p1a: Vikavolt|spe|2
|move|p2a: Sandaconda|Rock Slide|p1a: Vikavolt
|-supereffective|p1a: Vikavolt
|-damage|p1a: Vikavolt|50/100
|
|-heal|p2a: Sandaconda|91/100|[from] item: Leftovers
|upkeep
|turn|5
|
|t:|1661015296
|move|p1a: Vikavolt|Bug Buzz|p2a: Sandaconda
|-damage|p2a: Sandaconda|32/100
|-enditem|p1a: Vikavolt|Throat Spray
|-boost|p1a: Vikavolt|spa|1|[from] item: Throat Spray
|move|p2a: Sandaconda|Rock Slide|p1a: Vikavolt
|-supereffective|p1a: Vikavolt
|-damage|p1a: Vikavolt|2/100
|
|-heal|p2a: Sandaconda|38/100|[from] item: Leftovers
|upkeep
|turn|6
|
|t:|1661015304
|switch|p2a: Gigalith|Gigalith, M|100/100
|-damage|p2a: Gigalith|88/100|[from] Stealth Rock
|-weather|Sandstorm|[from] ability: Sand Stream|[of] p2a: Gigalith
|move|p1a: Vikavolt|Bug Buzz|p2a: Gigalith
|-damage|p2a: Gigalith|48/100
|
|-weather|Sandstorm|[upkeep]
|-damage|p1a: Vikavolt|0 fnt|[from] Sandstorm
|faint|p1a: Vikavolt
|-heal|p2a: Gigalith|54/100|[from] item: Leftovers
|upkeep
|
|t:|1661015311
|switch|p1a: Silvally|Silvally-Fairy|100/100
|turn|7
|
|t:|1661015318
|switch|p2a: Dubwool|Dubwool, M|100/100
|-damage|p2a: Dubwool|88/100|[from] Stealth Rock
|move|p1a: Silvally|Swords Dance|p1a: Silvally
|-boost|p1a: Silvally|atk|2
|
|-weather|Sandstorm|[upkeep]
|-damage|p1a: Silvally|94/100|[from] Sandstorm
|-damage|p2a: Dubwool|82/100|[from] Sandstorm
|-heal|p2a: Dubwool|88/100|[from] item: Leftovers
|upkeep
|turn|8
|
|t:|1661015327
|move|p1a: Silvally|Multi-Attack|p2a: Dubwool
|-damage|p2a: Dubwool|46/100
|move|p2a: Dubwool|Cotton Guard|p2a: Dubwool
|-boost|p2a: Dubwool|def|3
|
|-weather|Sandstorm|[upkeep]
|-damage|p1a: Silvally|88/100|[from] Sandstorm
|-damage|p2a: Dubwool|40/100|[from] Sandstorm
|-heal|p2a: Dubwool|46/100|[from] item: Leftovers
|upkeep
|turn|9
|
|t:|1661015333
|switch|p1a: Doublade|Doublade, M|100/100
|move|p2a: Dubwool|Rest|p2a: Dubwool
|-status|p2a: Dubwool|slp|[from] move: Rest
|-heal|p2a: Dubwool|100/100 slp|[silent]
|
|-weather|Sandstorm|[upkeep]
|-damage|p2a: Dubwool|94/100 slp|[from] Sandstorm
|-heal|p2a: Dubwool|100/100 slp|[from] item: Leftovers
|upkeep
|turn|10
|
|t:|1661015336
|switch|p2a: Charizard|Charizard, M|100/100
|switch|p1a: Archeops|Archeops, M|100/100
|
|-weather|none
|upkeep
|turn|11
|
|t:|1661015348
|switch|p2a: Gallade|Gallade, M|100/100
|-damage|p2a: Gallade|94/100|[from] Stealth Rock
|move|p1a: Archeops|Meteor Beam||[still]
|-prepare|p1a: Archeops|Meteor Beam
|-boost|p1a: Archeops|spa|1
|-enditem|p1a: Archeops|Power Herb
|-anim|p1a: Archeops|Meteor Beam|p2a: Gallade
|-resisted|p2a: Gallade
|-damage|p2a: Gallade|52/100
|
|upkeep
|turn|12
|j| PULT4C1 LW
|
|t:|1661015376
|switch|p1a: Silvally|Silvally-Fairy|88/100
|move|p2a: Gallade|Close Combat|p1a: Silvally
|-resisted|p1a: Silvally
|-damage|p1a: Silvally|56/100
|-unboost|p2a: Gallade|def|1
|-unboost|p2a: Gallade|spd|1
|
|upkeep
|turn|13
|
|t:|1661015387
|move|p1a: Silvally|Multi-Attack|p2a: Gallade
|-supereffective|p2a: Gallade
|-damage|p2a: Gallade|0 fnt
|faint|p2a: Gallade
|
|upkeep
|
|t:|1661015397
|switch|p2a: Charizard|Charizard, M|100/100
|turn|14
|
|t:|1661015411
|switch|p2a: Dubwool|Dubwool, M|100/100 slp
|-damage|p2a: Dubwool|88/100 slp|[from] Stealth Rock
|move|p1a: Silvally|Rock Slide|p2a: Dubwool
|-damage|p2a: Dubwool|71/100 slp
|
|-heal|p2a: Dubwool|77/100 slp|[from] item: Leftovers
|upkeep
|turn|15
|
|t:|1661015414
|move|p1a: Silvally|Swords Dance|p1a: Silvally
|-boost|p1a: Silvally|atk|2
|cant|p2a: Dubwool|slp
|move|p2a: Dubwool|Sleep Talk|p2a: Dubwool
|move|p2a: Dubwool|Body Press|p1a: Silvally|[from]move: Sleep Talk
|-resisted|p1a: Silvally
|-damage|p1a: Silvally|43/100
|
|-heal|p2a: Dubwool|83/100 slp|[from] item: Leftovers
|upkeep
|turn|16
|
|t:|1661015417
|move|p1a: Silvally|Multi-Attack|p2a: Dubwool
|-damage|p2a: Dubwool|40/100 slp
|cant|p2a: Dubwool|slp
|move|p2a: Dubwool|Sleep Talk|p2a: Dubwool
|move|p2a: Dubwool|Cotton Guard|p2a: Dubwool|[from]move: Sleep Talk
|-boost|p2a: Dubwool|def|3
|
|-heal|p2a: Dubwool|46/100 slp|[from] item: Leftovers
|upkeep
|turn|17
|
|t:|1661015424
|move|p1a: Silvally|Swords Dance|p1a: Silvally
|-boost|p1a: Silvally|atk|2
|-curestatus|p2a: Dubwool|slp|[msg]
|move|p2a: Dubwool|Rest|p2a: Dubwool
|-status|p2a: Dubwool|slp|[from] move: Rest
|-heal|p2a: Dubwool|100/100 slp|[silent]
|
|upkeep
|turn|18
|
|t:|1661015426
|move|p1a: Silvally|Multi-Attack|p2a: Dubwool
|-damage|p2a: Dubwool|77/100 slp
|cant|p2a: Dubwool|slp
|move|p2a: Dubwool|Sleep Talk|p2a: Dubwool
|move|p2a: Dubwool|Body Press|p1a: Silvally|[from]move: Sleep Talk
|-resisted|p1a: Silvally
|-damage|p1a: Silvally|13/100
|
|-heal|p2a: Dubwool|83/100 slp|[from] item: Leftovers
|upkeep
|turn|19
|
|t:|1661015430
|switch|p1a: Doublade|Doublade, M|100/100
|cant|p2a: Dubwool|slp
|move|p2a: Dubwool|Sleep Talk|p2a: Dubwool
|move|p2a: Dubwool|Cotton Guard|p2a: Dubwool|[from]move: Sleep Talk
|-boost|p2a: Dubwool|def|3
|
|-heal|p2a: Dubwool|89/100 slp|[from] item: Leftovers
|upkeep
|turn|20
|
|t:|1661015435
|switch|p2a: Charizard|Charizard, M|100/100
|move|p1a: Doublade|Shadow Claw|p2a: Charizard
|-damage|p2a: Charizard|55/100
|
|upkeep
|turn|21
|
|t:|1661015443
|move|p2a: Charizard|Roost|p2a: Charizard
|-heal|p2a: Charizard|100/100
|-singleturn|p2a: Charizard|move: Roost
|move|p1a: Doublade|Shadow Claw|p2a: Charizard
|-damage|p2a: Charizard|57/100
|
|upkeep
|turn|22
|
|t:|1661015458
|switch|p1a: Archeops|Archeops, M|100/100
|move|p2a: Charizard|Flamethrower|p1a: Archeops
|-resisted|p1a: Archeops
|-damage|p1a: Archeops|75/100
|
|upkeep
|turn|23
|c|☆PULT4C1 Inder|tst
|inactive|PULT4C1 Carmin has 120 seconds left.
|
|t:|1661015486
|move|p1a: Archeops|Meteor Beam||[still]
|-prepare|p1a: Archeops|Meteor Beam
|-boost|p1a: Archeops|spa|1
|move|p2a: Charizard|Flamethrower|p1a: Archeops
|-resisted|p1a: Archeops
|-damage|p1a: Archeops|47/100
|
|upkeep
|turn|24
|
|t:|1661015493
|switch|p2a: Gigalith|Gigalith, M|54/100
|-damage|p2a: Gigalith|42/100|[from] Stealth Rock
|-weather|Sandstorm|[from] ability: Sand Stream|[of] p2a: Gigalith
|move|p1a: Archeops|Meteor Beam|p2a: Gigalith|[from]lockedmove
|-damage|p2a: Gigalith|20/100
|
|-weather|Sandstorm|[upkeep]
|-heal|p2a: Gigalith|26/100|[from] item: Leftovers
|upkeep
|turn|25
|inactive|PULT4C1 Carmin has 120 seconds left.
|
|t:|1661015512
|move|p1a: Archeops|Earth Power|p2a: Gigalith
|-supereffective|p2a: Gigalith
|-damage|p2a: Gigalith|5/100
|move|p2a: Gigalith|Rest|p2a: Gigalith
|-status|p2a: Gigalith|slp|[from] move: Rest
|-heal|p2a: Gigalith|100/100 slp|[silent]
|
|-weather|Sandstorm|[upkeep]
|upkeep
|turn|26
|
|t:|1661015525
|switch|p2a: Eldegoss|Eldegoss, F|100/100
|move|p1a: Archeops|Meteor Beam||[still]
|-prepare|p1a: Archeops|Meteor Beam
|-boost|p1a: Archeops|spa|1
|
|-weather|Sandstorm|[upkeep]
|-damage|p2a: Eldegoss|94/100|[from] Sandstorm
|upkeep
|turn|27
|
|t:|1661015530
|move|p1a: Archeops|Meteor Beam|p2a: Eldegoss|[from]lockedmove
|-damage|p2a: Eldegoss|46/100
|move|p2a: Eldegoss|Aromatherapy|p2a: Eldegoss
|-activate|p2a: Eldegoss|move: Aromatherapy
|-curestatus|p2: Gigalith|slp|[msg]
|-curestatus|p2: Dubwool|slp|[msg]
|
|-weather|Sandstorm|[upkeep]
|-damage|p2a: Eldegoss|40/100|[from] Sandstorm
|upkeep
|turn|28
|
|t:|1661015534
|switch|p2a: Gigalith|Gigalith, M|100/100
|-damage|p2a: Gigalith|88/100|[from] Stealth Rock
|move|p1a: Archeops|Earth Power|p2a: Gigalith
|-supereffective|p2a: Gigalith
|-damage|p2a: Gigalith|57/100
|
|-weather|none
|-heal|p2a: Gigalith|63/100|[from] item: Leftovers
|upkeep
|turn|29
|
|t:|1661015547
|move|p1a: Archeops|Earth Power|p2a: Gigalith
|-supereffective|p2a: Gigalith
|-damage|p2a: Gigalith|21/100
|move|p2a: Gigalith|Rock Blast|p1a: Archeops
|-supereffective|p1a: Archeops
|-damage|p1a: Archeops|6/100
|-supereffective|p1a: Archeops
|-damage|p1a: Archeops|0 fnt
|faint|p1a: Archeops
|-hitcount|p1: Archeops|2
|
|-heal|p2a: Gigalith|27/100|[from] item: Leftovers
|upkeep
|
|t:|1661015558
|switch|p1a: Silvally|Silvally-Fairy|13/100
|turn|30
|
|t:|1661015565
|switch|p2a: Charizard|Charizard, M|57/100
|move|p1a: Silvally|Multi-Attack|p2a: Charizard
|-resisted|p2a: Charizard
|-damage|p2a: Charizard|26/100
|
|upkeep
|turn|31
|
|t:|1661015569
|move|p2a: Charizard|Flamethrower|p1a: Silvally
|-damage|p1a: Silvally|0 fnt
|faint|p1a: Silvally
|
|upkeep
|
|t:|1661015572
|switch|p1a: Turtonator|Turtonator, F|100/100
|turn|32
|
|t:|1661015574
|move|p2a: Charizard|Toxic|p1a: Turtonator|[miss]
|-miss|p2a: Charizard|p1a: Turtonator
|move|p1a: Turtonator|Shell Smash|p1a: Turtonator
|-unboost|p1a: Turtonator|def|1
|-unboost|p1a: Turtonator|spd|1
|-boost|p1a: Turtonator|atk|2
|-boost|p1a: Turtonator|spa|2
|-boost|p1a: Turtonator|spe|2
|
|upkeep
|turn|33
|c|☆PULT4C1 Carmin|ok bah gg
|c|☆PULT4C1 Inder|c saf
|c|☆PULT4C1 Inder|d
|
|t:|1661015594
|move|p1a: Turtonator|Flamethrower|p2a: Charizard
|-resisted|p2a: Charizard
|-damage|p2a: Charizard|0 fnt
|faint|p2a: Charizard
|
|upkeep
|c|☆PULT4C1 Carmin|t'avais lose
|c|☆PULT4C1 Carmin|dommage
|c|☆PULT4C1 Inder|mais j’pense ça passait quand meme
|c|☆PULT4C1 Inder|comment
|inactive|PULT4C1 Carmin has 120 seconds left.
|c|☆PULT4C1 Carmin|j'hard giga  sur le flame
|c|☆PULT4C1 Carmin|tu prend 12 du sable + poison
|inactive|PULT4C1 Carmin has 90 seconds left.
|c|☆PULT4C1 Inder|giga tiens pas
|c|☆PULT4C1 Inder|ta team meurt
|inactive|PULT4C1 Carmin has 60 seconds left.
|l| PULT4C1 LW
|c|☆PULT4C1 Carmin|giga
|c|☆PULT4C1 Carmin|+2 252 SpA Turtonator Flamethrower vs. 252 HP / 252+ SpD Gigalith in Sand: 63-75 (16.8 - 20%)
|c|☆PULT4C1 Carmin|a un role de tenir
|
|t:|1661015687
|switch|p2a: Gigalith|Gigalith, M|27/100
|-damage|p2a: Gigalith|14/100|[from] Stealth Rock
|-weather|Sandstorm|[from] ability: Sand Stream|[of] p2a: Gigalith
|turn|34
|c|☆PULT4C1 Carmin|ah non
|c|☆PULT4C1 Carmin|ouais nvm
|j| PULT4C1 LW
|
|t:|1661015709
|move|p1a: Turtonator|Flamethrower|p2a: Gigalith
|-resisted|p2a: Gigalith
|-damage|p2a: Gigalith|0 fnt
|faint|p2a: Gigalith
|
|-weather|Sandstorm|[upkeep]
|-damage|p1a: Turtonator|94/100|[from] Sandstorm
|upkeep
|
|t:|1661015713
|switch|p2a: Dubwool|Dubwool, M|89/100
|-damage|p2a: Dubwool|77/100|[from] Stealth Rock
|turn|35
|
|t:|1661015722
|move|p1a: Turtonator|Flamethrower|p2a: Dubwool
|-damage|p2a: Dubwool|0 fnt
|faint|p2a: Dubwool
|
|-weather|Sandstorm|[upkeep]
|-damage|p1a: Turtonator|88/100|[from] Sandstorm
|upkeep
|
|t:|1661015725
|switch|p2a: Eldegoss|Eldegoss, F|73/100
|turn|36
|l| PULT4C1 LW
|
|t:|1661015752
|move|p1a: Turtonator|Flamethrower|p2a: Eldegoss
|-supereffective|p2a: Eldegoss
|-crit|p2a: Eldegoss
|-damage|p2a: Eldegoss|0 fnt
|faint|p2a: Eldegoss
|
|-weather|Sandstorm|[upkeep]
|-damage|p1a: Turtonator|82/100|[from] Sandstorm
|upkeep
|
|t:|1661015755
|switch|p2a: Sandaconda|Sandaconda, M|38/100
|-damage|p2a: Sandaconda|32/100|[from] Stealth Rock
|turn|37
|
|t:|1661015770
|move|p1a: Turtonator|Flamethrower|p2a: Sandaconda
|-damage|p2a: Sandaconda|0 fnt
|faint|p2a: Sandaconda
|
|win|PULT4C1 Inder
|raw|PULT4C1 Inder's rating: 1529 &rarr; <strong>1552</strong><br />(+23 for winning)
|raw|PULT4C1 Carmin's rating: 1588 &rarr; <strong>1565</strong><br />(-23 for losing)
|l|☆PULT4C1 Carmin
||Ladder isn't responding, score probably updated but might not have (Request timeout).
