|html|<div class="broadcast-blue"><strong>[Gen 8] PU is currently suspecting Scyther! For information on how to participate check out the <a href="https://www.smogon.com/forums/threads/np-ss-pu-stage-11-turn-turn-turn-scyther-retest.3707179/">suspect thread</a>.</strong></div>
|raw|<div class="broadcast-blue"><strong>This battle is required to be public due to a player having a name starting with 'pult4s3'.</div>
|j|☆pu11 tj
|j|☆PULT4S3 hjkhj
|t:|1662171811
|gametype|singles
|player|p1|pu11 tj|#wcop2020uswest|1389
|player|p2|PULT4S3 hjkhj|102|1508
|teamsize|p1|6
|teamsize|p2|6
|gen|8
|tier|[Gen 8] PU
|rated|
|rule|Sleep Clause Mod: Limit one foe put to sleep
|rule|Species Clause: Limit one of each Pokémon
|rule|OHKO Clause: OHKO moves are banned
|rule|Evasion Items Clause: Evasion items are banned
|rule|Evasion Moves Clause: Evasion moves are banned
|rule|Endless Battle Clause: Forcing endless battles is banned
|rule|HP Percentage Mod: HP is shown in percentages
|rule|Dynamax Clause: You cannot dynamax
|clearpoke
|poke|p1|Archeops, F|
|poke|p1|Druddigon, F|
|poke|p1|Frosmoth, F|
|poke|p1|Scrafty, F|
|poke|p1|Vikavolt, F|
|poke|p1|Doublade, F|
|poke|p2|Lurantis, M|
|poke|p2|Quagsire, M|
|poke|p2|Miltank, F|
|poke|p2|Articuno|
|poke|p2|Weezing, F|
|poke|p2|Togedemaru, F|
|teampreview
|inactive|Battle timer is ON: inactive players will automatically lose when time's up. (requested by pu11 tj)
|inactive|PULT4S3 hjkhj also wants the timer to be on.
|
|t:|1662171827
|start
|switch|p1a: Druddigon|Druddigon, F|100/100
|switch|p2a: Quagsire|Quagsire, M|100/100
|-ability|p1a: Druddigon|Mold Breaker
|turn|1
|
|t:|1662171833
|switch|p2a: Weezing|Weezing, F|100/100
|-ability|p2a: Weezing|Neutralizing Gas
|move|p1a: Druddigon|Glare|p2a: Weezing
|-status|p2a: Weezing|par
|
|upkeep
|turn|2
|
|t:|1662171835
|move|p1a: Druddigon|Taunt|p2a: Weezing
|-start|p2a: Weezing|move: Taunt
|move|p2a: Weezing|Sludge Bomb|p1a: Druddigon
|-damage|p1a: Druddigon|68/100
|
|upkeep
|turn|3
|
|t:|1662171837
|move|p1a: Druddigon|Scale Shot|p2a: Weezing
|-damage|p2a: Weezing|91/100 par
|-damage|p2a: Weezing|80/100 par
|-damage|p2a: Weezing|70/100 par
|-damage|p2a: Weezing|61/100 par
|-damage|p2a: Weezing|50/100 par
|-hitcount|p2a: Weezing|5
|-unboost|p1a: Druddigon|def|1
|-boost|p1a: Druddigon|spe|1
|move|p2a: Weezing|Sludge Bomb|p1a: Druddigon
|-damage|p1a: Druddigon|35/100
|
|upkeep
|turn|4
|
|t:|1662171844
|move|p1a: Druddigon|Stealth Rock|p2a: Weezing
|-sidestart|p2: PULT4S3 hjkhj|move: Stealth Rock
|move|p2a: Weezing|Sludge Bomb|p1a: Druddigon
|-damage|p1a: Druddigon|2/100
|
|-end|p2a: Weezing|move: Taunt
|upkeep
|turn|5
|
|t:|1662171858
|move|p1a: Druddigon|Scale Shot|p2a: Weezing
|-damage|p2a: Weezing|41/100 par
|-damage|p2a: Weezing|30/100 par
|-hitcount|p2a: Weezing|2
|-unboost|p1a: Druddigon|def|1
|-boost|p1a: Druddigon|spe|1
|move|p2a: Weezing|Sludge Bomb|p1a: Druddigon
|-damage|p1a: Druddigon|0 fnt
|faint|p1a: Druddigon
|
|upkeep
|j| PU11 JS
|
|t:|1662171873
|switch|p1a: Vikavolt|Vikavolt, F|100/100
|turn|6
|
|t:|1662171875
|-end|p2a: Weezing|ability: Neutralizing Gas
|switch|p2a: Togedemaru|Togedemaru, F|100/100
|move|p1a: Vikavolt|Thunderbolt|p2a: Togedemaru
|-resisted|p2a: Togedemaru
|-damage|p2a: Togedemaru|75/100
|
|upkeep
|turn|7
|
|t:|1662171878
|move|p2a: Togedemaru|Toxic|p1a: Vikavolt
|-status|p1a: Vikavolt|tox
|move|p1a: Vikavolt|Mud Shot|p2a: Togedemaru
|-supereffective|p2a: Togedemaru
|-damage|p2a: Togedemaru|0 fnt
|faint|p2a: Togedemaru
|
|-damage|p1a: Vikavolt|94/100 tox|[from] psn
|upkeep
|
|t:|1662171881
|switch|p2a: Miltank|Miltank, F|100/100
|turn|8
|
|t:|1662171887
|move|p2a: Miltank|Stealth Rock|p1a: Vikavolt
|-sidestart|p1: pu11 tj|move: Stealth Rock
|move|p1a: Vikavolt|Bug Buzz|p2a: Miltank
|-damage|p2a: Miltank|59/100
|-enditem|p1a: Vikavolt|Throat Spray
|-boost|p1a: Vikavolt|spa|1|[from] item: Throat Spray
|
|-damage|p1a: Vikavolt|82/100 tox|[from] psn
|upkeep
|turn|9
|
|t:|1662171890
|move|p2a: Miltank|Milk Drink|p2a: Miltank
|-heal|p2a: Miltank|100/100
|move|p1a: Vikavolt|Thunderbolt|p2a: Miltank
|-damage|p2a: Miltank|44/100
|
|-damage|p1a: Vikavolt|64/100 tox|[from] psn
|upkeep
|turn|10
|
|t:|1662171892
|move|p2a: Miltank|Milk Drink|p2a: Miltank
|-heal|p2a: Miltank|94/100
|move|p1a: Vikavolt|Thunderbolt|p2a: Miltank
|-damage|p2a: Miltank|35/100
|
|-damage|p1a: Vikavolt|39/100 tox|[from] psn
|upkeep
|turn|11
|
|t:|1662171895
|move|p2a: Miltank|Milk Drink|p2a: Miltank
|-heal|p2a: Miltank|85/100
|move|p1a: Vikavolt|Thunderbolt|p2a: Miltank
|-damage|p2a: Miltank|28/100
|
|-damage|p1a: Vikavolt|9/100 tox|[from] psn
|upkeep
|turn|12
|
|t:|1662171897
|move|p2a: Miltank|Seismic Toss|p1a: Vikavolt
|-damage|p1a: Vikavolt|0 fnt
|faint|p1a: Vikavolt
|
|upkeep
|
|t:|1662171899
|switch|p1a: Scrafty|Scrafty, F|100/100
|-damage|p1a: Scrafty|95/100|[from] Stealth Rock
|turn|13
|
|t:|1662171905
|switch|p2a: Quagsire|Quagsire, M|100/100
|move|p1a: Scrafty|Knock Off|p2a: Quagsire
|-damage|p2a: Quagsire|74/100
|-enditem|p2a: Quagsire|Heavy-Duty Boots|[from] move: Knock Off|[of] p1a: Scrafty
|
|upkeep
|turn|14
|
|t:|1662171910
|move|p1a: Scrafty|Close Combat|p2a: Quagsire
|-damage|p2a: Quagsire|37/100
|-unboost|p1a: Scrafty|def|1
|-unboost|p1a: Scrafty|spd|1
|move|p2a: Quagsire|Recover|p2a: Quagsire
|-heal|p2a: Quagsire|87/100
|
|upkeep
|turn|15
|
|t:|1662171913
|move|p1a: Scrafty|Close Combat|p2a: Quagsire
|-damage|p2a: Quagsire|55/100
|-unboost|p1a: Scrafty|def|1
|-unboost|p1a: Scrafty|spd|1
|move|p2a: Quagsire|Recover|p2a: Quagsire
|-heal|p2a: Quagsire|100/100
|
|upkeep
|turn|16
|
|t:|1662171916
|switch|p1a: Archeops|Archeops, F|100/100
|-damage|p1a: Archeops|76/100|[from] Stealth Rock
|move|p2a: Quagsire|Scald|p1a: Archeops
|-supereffective|p1a: Archeops
|-damage|p1a: Archeops|17/100
|
|upkeep
|turn|17
|
|t:|1662171926
|move|p1a: Archeops|Air Slash|p2a: Quagsire
|-damage|p2a: Quagsire|78/100
|cant|p2a: Quagsire|flinch
|
|upkeep
|turn|18
|
|t:|1662171929
|move|p1a: Archeops|Air Slash|p2a: Quagsire
|-damage|p2a: Quagsire|58/100
|move|p2a: Quagsire|Recover|p2a: Quagsire
|-heal|p2a: Quagsire|100/100
|
|upkeep
|turn|19
|
|t:|1662171931
|move|p1a: Archeops|Air Slash|p2a: Quagsire
|-damage|p2a: Quagsire|79/100
|cant|p2a: Quagsire|flinch
|
|upkeep
|turn|20
|
|t:|1662171932
|move|p1a: Archeops|Air Slash|p2a: Quagsire
|-damage|p2a: Quagsire|57/100
|move|p2a: Quagsire|Recover|p2a: Quagsire
|-heal|p2a: Quagsire|100/100
|
|upkeep
|turn|21
|
|t:|1662171934
|move|p1a: Archeops|Air Slash|p2a: Quagsire
|-damage|p2a: Quagsire|80/100
|move|p2a: Quagsire|Scald|p1a: Archeops
|-supereffective|p1a: Archeops
|-damage|p1a: Archeops|0 fnt
|faint|p1a: Archeops
|
|upkeep
|
|t:|1662171935
|switch|p1a: Frosmoth|Frosmoth, F|100/100
|turn|22
|
|t:|1662171939
|switch|p2a: Articuno|Articuno|100/100
|-ability|p2a: Articuno|Pressure
|move|p1a: Frosmoth|Substitute|p1a: Frosmoth
|-start|p1a: Frosmoth|Substitute
|-damage|p1a: Frosmoth|76/100
|
|upkeep
|turn|23
|
|t:|1662171946
|move|p2a: Articuno|Freeze-Dry|p1a: Frosmoth
|-resisted|p1a: Frosmoth
|-activate|p1a: Frosmoth|move: Substitute|[damage]
|move|p1a: Frosmoth|Quiver Dance|p1a: Frosmoth
|-boost|p1a: Frosmoth|spa|1
|-boost|p1a: Frosmoth|spd|1
|-boost|p1a: Frosmoth|spe|1
|
|upkeep
|turn|24
|
|t:|1662171948
|move|p1a: Frosmoth|Quiver Dance|p1a: Frosmoth
|-boost|p1a: Frosmoth|spa|1
|-boost|p1a: Frosmoth|spd|1
|-boost|p1a: Frosmoth|spe|1
|move|p2a: Articuno|Haze|p2a: Articuno
|-clearallboost
|
|upkeep
|turn|25
|
|t:|1662171950
|move|p2a: Articuno|Freeze-Dry|p1a: Frosmoth
|-resisted|p1a: Frosmoth
|-activate|p1a: Frosmoth|move: Substitute|[damage]
|move|p1a: Frosmoth|Quiver Dance|p1a: Frosmoth
|-boost|p1a: Frosmoth|spa|1
|-boost|p1a: Frosmoth|spd|1
|-boost|p1a: Frosmoth|spe|1
|
|upkeep
|turn|26
|
|t:|1662171952
|move|p1a: Frosmoth|Ice Beam|p2a: Articuno
|-damage|p2a: Articuno|53/100
|move|p2a: Articuno|Haze|p2a: Articuno
|-clearallboost
|
|upkeep
|turn|27
|
|t:|1662171955
|move|p2a: Articuno|Roost|p2a: Articuno
|-heal|p2a: Articuno|100/100
|-singleturn|p2a: Articuno|move: Roost
|move|p1a: Frosmoth|Quiver Dance|p1a: Frosmoth
|-boost|p1a: Frosmoth|spa|1
|-boost|p1a: Frosmoth|spd|1
|-boost|p1a: Frosmoth|spe|1
|
|upkeep
|turn|28
|
|t:|1662171961
|move|p1a: Frosmoth|Ice Beam|p2a: Articuno
|-damage|p2a: Articuno|52/100
|move|p2a: Articuno|Haze|p2a: Articuno
|-clearallboost
|
|upkeep
|turn|29
|
|t:|1662171965
|move|p2a: Articuno|Roost|p2a: Articuno
|-heal|p2a: Articuno|100/100
|-singleturn|p2a: Articuno|move: Roost
|move|p1a: Frosmoth|Quiver Dance|p1a: Frosmoth
|-boost|p1a: Frosmoth|spa|1
|-boost|p1a: Frosmoth|spd|1
|-boost|p1a: Frosmoth|spe|1
|
|upkeep
|turn|30
|
|t:|1662171983
|move|p1a: Frosmoth|Ice Beam|p2a: Articuno
|-damage|p2a: Articuno|56/100
|move|p2a: Articuno|Haze|p2a: Articuno
|-clearallboost
|
|upkeep
|turn|31
|
|t:|1662171991
|move|p2a: Articuno|Roost|p2a: Articuno
|-heal|p2a: Articuno|100/100
|-singleturn|p2a: Articuno|move: Roost
|move|p1a: Frosmoth|Quiver Dance|p1a: Frosmoth
|-boost|p1a: Frosmoth|spa|1
|-boost|p1a: Frosmoth|spd|1
|-boost|p1a: Frosmoth|spe|1
|
|upkeep
|turn|32
|
|t:|1662172014
|move|p1a: Frosmoth|Quiver Dance|p1a: Frosmoth
|-boost|p1a: Frosmoth|spa|1
|-boost|p1a: Frosmoth|spd|1
|-boost|p1a: Frosmoth|spe|1
|move|p2a: Articuno|Haze|p2a: Articuno
|-clearallboost
|
|upkeep
|turn|33
|
|t:|1662172020
|move|p2a: Articuno|Defog|p1a: Frosmoth
|-sideend|p1: pu11 tj|Stealth Rock|[from] move: Defog|[of] p2a: Articuno
|-sideend|p2: PULT4S3 hjkhj|Stealth Rock|[from] move: Defog|[of] p2a: Articuno
|move|p1a: Frosmoth|Quiver Dance|p1a: Frosmoth
|-boost|p1a: Frosmoth|spa|1
|-boost|p1a: Frosmoth|spd|1
|-boost|p1a: Frosmoth|spe|1
|
|upkeep
|turn|34
|
|t:|1662172044
|move|p1a: Frosmoth|Ice Beam|p2a: Articuno
|-damage|p2a: Articuno|56/100
|move|p2a: Articuno|Haze|p2a: Articuno
|-clearallboost
|
|upkeep
|turn|35
|
|t:|1662172046
|move|p2a: Articuno|Roost|p2a: Articuno
|-heal|p2a: Articuno|100/100
|-singleturn|p2a: Articuno|move: Roost
|move|p1a: Frosmoth|Quiver Dance|p1a: Frosmoth
|-boost|p1a: Frosmoth|spa|1
|-boost|p1a: Frosmoth|spd|1
|-boost|p1a: Frosmoth|spe|1
|
|upkeep
|turn|36
|
|t:|1662172048
|switch|p1a: Scrafty|Scrafty, F|95/100
|move|p2a: Articuno|Haze|p2a: Articuno
|-clearallboost
|
|upkeep
|turn|37
|
|t:|1662172054
|switch|p2a: Weezing|Weezing, F|30/100 par
|-ability|p2a: Weezing|Neutralizing Gas
|move|p1a: Scrafty|Close Combat|p2a: Weezing
|-resisted|p2a: Weezing
|-damage|p2a: Weezing|12/100 par
|-unboost|p1a: Scrafty|def|1
|-unboost|p1a: Scrafty|spd|1
|-damage|p1a: Scrafty|78/100|[from] item: Rocky Helmet|[of] p2a: Weezing
|
|upkeep
|turn|38
|
|t:|1662172060
|move|p1a: Scrafty|Close Combat|p2a: Weezing
|-resisted|p2a: Weezing
|-damage|p2a: Weezing|0 fnt
|-unboost|p1a: Scrafty|def|1
|-unboost|p1a: Scrafty|spd|1
|-damage|p1a: Scrafty|61/100|[from] item: Rocky Helmet|[of] p2a: Weezing
|faint|p2a: Weezing
|-end|p2a: Weezing|ability: Neutralizing Gas
|-ability|p1a: Scrafty|Moxie|boost
|-boost|p1a: Scrafty|atk|1
|
|upkeep
|
|t:|1662172064
|switch|p2a: Quagsire|Quagsire, M|80/100
|turn|39
|
|t:|1662172074
|move|p1a: Scrafty|Close Combat|p2a: Quagsire
|-damage|p2a: Quagsire|47/100
|-unboost|p1a: Scrafty|def|1
|-unboost|p1a: Scrafty|spd|1
|move|p2a: Quagsire|Recover|p2a: Quagsire
|-heal|p2a: Quagsire|97/100
|
|upkeep
|turn|40
|
|t:|1662172077
|move|p1a: Scrafty|Poison Jab|p2a: Quagsire
|-resisted|p2a: Quagsire
|-damage|p2a: Quagsire|90/100
|-status|p2a: Quagsire|psn
|move|p2a: Quagsire|Scald|p1a: Scrafty
|-crit|p1a: Scrafty
|-damage|p1a: Scrafty|30/100
|
|-damage|p2a: Quagsire|77/100 psn|[from] psn
|upkeep
|turn|41
|
|t:|1662172084
|move|p1a: Scrafty|Close Combat|p2a: Quagsire
|-damage|p2a: Quagsire|41/100 psn
|-unboost|p1a: Scrafty|def|1
|-unboost|p1a: Scrafty|spd|1
|move|p2a: Quagsire|Recover|p2a: Quagsire
|-heal|p2a: Quagsire|92/100 psn
|
|-damage|p2a: Quagsire|79/100 psn|[from] psn
|upkeep
|turn|42
|
|t:|1662172088
|move|p1a: Scrafty|Close Combat|p2a: Quagsire
|-damage|p2a: Quagsire|47/100 psn
|-unboost|p1a: Scrafty|def|1
|-unboost|p1a: Scrafty|spd|1
|move|p2a: Quagsire|Recover|p2a: Quagsire
|-heal|p2a: Quagsire|97/100 psn
|
|-damage|p2a: Quagsire|84/100 psn|[from] psn
|upkeep
|turn|43
|
|t:|1662172090
|move|p1a: Scrafty|Knock Off|p2a: Quagsire
|-damage|p2a: Quagsire|67/100 psn
|move|p2a: Quagsire|Recover|p2a: Quagsire
|-heal|p2a: Quagsire|100/100 psn
|
|-damage|p2a: Quagsire|88/100 psn|[from] psn
|upkeep
|turn|44
|
|t:|1662172094
|move|p1a: Scrafty|Knock Off|p2a: Quagsire
|-damage|p2a: Quagsire|70/100 psn
|move|p2a: Quagsire|Recover|p2a: Quagsire
|-heal|p2a: Quagsire|100/100 psn
|
|-damage|p2a: Quagsire|88/100 psn|[from] psn
|upkeep
|turn|45
|
|t:|1662172096
|move|p1a: Scrafty|Close Combat|p2a: Quagsire
|-damage|p2a: Quagsire|55/100 psn
|-unboost|p1a: Scrafty|def|1
|-unboost|p1a: Scrafty|spd|1
|move|p2a: Quagsire|Scald|p1a: Scrafty
|-damage|p1a: Scrafty|9/100
|
|-damage|p2a: Quagsire|42/100 psn|[from] psn
|upkeep
|turn|46
|
|t:|1662172100
|move|p1a: Scrafty|Dragon Dance|p1a: Scrafty
|-boost|p1a: Scrafty|atk|1
|-boost|p1a: Scrafty|spe|1
|move|p2a: Quagsire|Recover|p2a: Quagsire
|-heal|p2a: Quagsire|93/100 psn
|
|-damage|p2a: Quagsire|80/100 psn|[from] psn
|upkeep
|turn|47
|
|t:|1662172102
|move|p1a: Scrafty|Knock Off|p2a: Quagsire
|-damage|p2a: Quagsire|62/100 psn
|move|p2a: Quagsire|Recover|p2a: Quagsire
|-heal|p2a: Quagsire|100/100 psn
|
|-damage|p2a: Quagsire|88/100 psn|[from] psn
|upkeep
|turn|48
|
|t:|1662172104
|move|p1a: Scrafty|Knock Off|p2a: Quagsire
|-damage|p2a: Quagsire|68/100 psn
|move|p2a: Quagsire|Haze|p2a: Quagsire
|-clearallboost
|
|-damage|p2a: Quagsire|55/100 psn|[from] psn
|upkeep
|turn|49
|
|t:|1662172109
|move|p1a: Scrafty|Knock Off|p2a: Quagsire
|-damage|p2a: Quagsire|37/100 psn
|move|p2a: Quagsire|Recover|p2a: Quagsire
|-heal|p2a: Quagsire|87/100 psn
|
|-damage|p2a: Quagsire|75/100 psn|[from] psn
|upkeep
|turn|50
|
|t:|1662172111
|move|p1a: Scrafty|Knock Off|p2a: Quagsire
|-damage|p2a: Quagsire|56/100 psn
|move|p2a: Quagsire|Recover|p2a: Quagsire
|-heal|p2a: Quagsire|100/100 psn
|
|-damage|p2a: Quagsire|88/100 psn|[from] psn
|upkeep
|turn|51
|
|t:|1662172114
|move|p1a: Scrafty|Knock Off|p2a: Quagsire
|-damage|p2a: Quagsire|70/100 psn
|move|p2a: Quagsire|Scald|p1a: Scrafty
|-damage|p1a: Scrafty|0 fnt
|faint|p1a: Scrafty
|
|-damage|p2a: Quagsire|57/100 psn|[from] psn
|upkeep
|
|t:|1662172119
|switch|p1a: Frosmoth|Frosmoth, F|76/100
|turn|52
|
|t:|1662172125
|switch|p1a: Doublade|Doublade, F|100/100
|switch|p2a: Articuno|Articuno|100/100
|-ability|p2a: Articuno|Pressure
|
|upkeep
|turn|53
|
|t:|1662172128
|switch|p2a: Lurantis|Lurantis, M|100/100
|move|p1a: Doublade|Swords Dance|p1a: Doublade
|-boost|p1a: Doublade|atk|2
|
|upkeep
|turn|54
|
|t:|1662172129
|move|p2a: Lurantis|Aromatherapy|p2a: Lurantis
|-activate|p2a: Lurantis|move: Aromatherapy
|-curestatus|p2: Quagsire|psn|[msg]
|move|p1a: Doublade|Swords Dance|p1a: Doublade
|-boost|p1a: Doublade|atk|2
|
|upkeep
|turn|55
|
|t:|1662172134
|move|p2a: Lurantis|Knock Off|p1a: Doublade
|-supereffective|p1a: Doublade
|-damage|p1a: Doublade|76/100
|-enditem|p1a: Doublade|Eviolite|[from] move: Knock Off|[of] p2a: Lurantis
|move|p1a: Doublade|Shadow Claw|p2a: Lurantis
|-damage|p2a: Lurantis|2/100
|
|upkeep
|turn|56
|
|t:|1662172137
|move|p1a: Doublade|Shadow Sneak|p2a: Lurantis
|-damage|p2a: Lurantis|0 fnt
|faint|p2a: Lurantis
|
|upkeep
|
|t:|1662172139
|switch|p2a: Quagsire|Quagsire, M|57/100
|turn|57
|
|t:|1662172140
|move|p1a: Doublade|Shadow Claw|p2a: Quagsire
|-crit|p2a: Quagsire
|-damage|p2a: Quagsire|20/100
|move|p2a: Quagsire|Recover|p2a: Quagsire
|-heal|p2a: Quagsire|70/100
|
|upkeep
|turn|58
|
|t:|1662172143
|move|p1a: Doublade|Shadow Claw|p2a: Quagsire
|-damage|p2a: Quagsire|47/100
|move|p2a: Quagsire|Recover|p2a: Quagsire
|-heal|p2a: Quagsire|97/100
|
|upkeep
|turn|59
|
|t:|1662172148
|switch|p1a: Frosmoth|Frosmoth, F|76/100
|move|p2a: Quagsire|Earthquake|p1a: Frosmoth
|-resisted|p1a: Frosmoth
|-damage|p1a: Frosmoth|46/100
|
|upkeep
|turn|60
|
|t:|1662172151
|switch|p1a: Doublade|Doublade, F|76/100
|switch|p2a: Articuno|Articuno|100/100
|-ability|p2a: Articuno|Pressure
|
|upkeep
|turn|61
|
|t:|1662172156
|switch|p2a: Miltank|Miltank, F|28/100
|move|p1a: Doublade|Shadow Claw|p2a: Miltank
|-immune|p2a: Miltank
|
|upkeep
|turn|62
|
|t:|1662172163
|move|p2a: Miltank|Stealth Rock|p1a: Doublade
|-sidestart|p1: pu11 tj|move: Stealth Rock
|move|p1a: Doublade|Sacred Sword|p2a: Miltank
|-supereffective|p2a: Miltank
|-damage|p2a: Miltank|0 fnt
|faint|p2a: Miltank
|
|upkeep
|
|t:|1662172164
|switch|p2a: Quagsire|Quagsire, M|97/100
|turn|63
|
|t:|1662172168
|switch|p1a: Frosmoth|Frosmoth, F|46/100
|move|p2a: Quagsire|Earthquake|p1a: Frosmoth
|-resisted|p1a: Frosmoth
|-damage|p1a: Frosmoth|17/100
|
|upkeep
|turn|64
|
|t:|1662172172
|switch|p2a: Articuno|Articuno|100/100
|-ability|p2a: Articuno|Pressure
|move|p1a: Frosmoth|Quiver Dance|p1a: Frosmoth
|-boost|p1a: Frosmoth|spa|1
|-boost|p1a: Frosmoth|spd|1
|-boost|p1a: Frosmoth|spe|1
|
|upkeep
|turn|65
|
|t:|1662172176
|move|p1a: Frosmoth|Giga Drain|p2a: Articuno
|-resisted|p2a: Articuno
|-damage|p2a: Articuno|89/100
|-heal|p1a: Frosmoth|24/100|[from] drain|[of] p2a: Articuno
|move|p2a: Articuno|Haze|p2a: Articuno
|-clearallboost
|
|upkeep
|turn|66
|
|t:|1662172179
|move|p2a: Articuno|Freeze-Dry|p1a: Frosmoth
|-resisted|p1a: Frosmoth
|-damage|p1a: Frosmoth|17/100
|move|p1a: Frosmoth|Quiver Dance|p1a: Frosmoth
|-boost|p1a: Frosmoth|spa|1
|-boost|p1a: Frosmoth|spd|1
|-boost|p1a: Frosmoth|spe|1
|
|upkeep
|turn|67
|
|t:|1662172181
|move|p1a: Frosmoth|Giga Drain|p2a: Articuno
|-resisted|p2a: Articuno
|-damage|p2a: Articuno|77/100
|-heal|p1a: Frosmoth|25/100|[from] drain|[of] p2a: Articuno
|move|p2a: Articuno|Haze|p2a: Articuno
|-clearallboost
|
|upkeep
|turn|68
|
|t:|1662172186
|move|p2a: Articuno|Roost|p2a: Articuno
|-heal|p2a: Articuno|100/100
|-singleturn|p2a: Articuno|move: Roost
|move|p1a: Frosmoth|Quiver Dance|p1a: Frosmoth
|-boost|p1a: Frosmoth|spa|1
|-boost|p1a: Frosmoth|spd|1
|-boost|p1a: Frosmoth|spe|1
|
|upkeep
|turn|69
|inactive|pu11 tj has 120 seconds left.
|
|t:|1662172236
|move|p1a: Frosmoth|Giga Drain|p2a: Articuno
|-resisted|p2a: Articuno
|-damage|p2a: Articuno|88/100
|-heal|p1a: Frosmoth|34/100|[from] drain|[of] p2a: Articuno
|move|p2a: Articuno|Haze|p2a: Articuno
|-clearallboost
|
|upkeep
|turn|70
|
|t:|1662172240
|move|p2a: Articuno|Freeze-Dry|p1a: Frosmoth
|-resisted|p1a: Frosmoth
|-damage|p1a: Frosmoth|26/100
|move|p1a: Frosmoth|Quiver Dance|p1a: Frosmoth
|-boost|p1a: Frosmoth|spa|1
|-boost|p1a: Frosmoth|spd|1
|-boost|p1a: Frosmoth|spe|1
|
|upkeep
|turn|71
|
|t:|1662172244
|move|p1a: Frosmoth|Giga Drain|p2a: Articuno
|-resisted|p2a: Articuno
|-damage|p2a: Articuno|76/100
|-heal|p1a: Frosmoth|34/100|[from] drain|[of] p2a: Articuno
|move|p2a: Articuno|Haze|p2a: Articuno
|-clearallboost
|
|upkeep
|turn|72
|
|t:|1662172250
|move|p2a: Articuno|Roost|p2a: Articuno
|-heal|p2a: Articuno|100/100
|-singleturn|p2a: Articuno|move: Roost
|move|p1a: Frosmoth|Quiver Dance|p1a: Frosmoth
|-boost|p1a: Frosmoth|spa|1
|-boost|p1a: Frosmoth|spd|1
|-boost|p1a: Frosmoth|spe|1
|
|upkeep
|turn|73
|
|t:|1662172261
|move|p1a: Frosmoth|Ice Beam|p2a: Articuno
|-damage|p2a: Articuno|59/100
|move|p2a: Articuno|Haze|p2a: Articuno
|-clearallboost
|
|upkeep
|turn|74
|
|t:|1662172263
|move|p2a: Articuno|Roost|p2a: Articuno
|-heal|p2a: Articuno|100/100
|-singleturn|p2a: Articuno|move: Roost
|move|p1a: Frosmoth|Quiver Dance|p1a: Frosmoth
|-boost|p1a: Frosmoth|spa|1
|-boost|p1a: Frosmoth|spd|1
|-boost|p1a: Frosmoth|spe|1
|
|upkeep
|turn|75
|
|t:|1662172265
|move|p1a: Frosmoth|Giga Drain|p2a: Articuno
|-resisted|p2a: Articuno
|-damage|p2a: Articuno|88/100
|-heal|p1a: Frosmoth|42/100|[from] drain|[of] p2a: Articuno
|move|p2a: Articuno|Haze|p2a: Articuno
|-clearallboost
|
|upkeep
|turn|76
|
|t:|1662172267
|move|p2a: Articuno|Freeze-Dry|p1a: Frosmoth
|-resisted|p1a: Frosmoth
|-damage|p1a: Frosmoth|35/100
|move|p1a: Frosmoth|Quiver Dance|p1a: Frosmoth
|-boost|p1a: Frosmoth|spa|1
|-boost|p1a: Frosmoth|spd|1
|-boost|p1a: Frosmoth|spe|1
|
|upkeep
|turn|77
|
|t:|1662172269
|move|p1a: Frosmoth|Giga Drain|p2a: Articuno
|-resisted|p2a: Articuno
|-damage|p2a: Articuno|76/100
|-heal|p1a: Frosmoth|44/100|[from] drain|[of] p2a: Articuno
|move|p2a: Articuno|Haze|p2a: Articuno
|-clearallboost
|
|upkeep
|turn|78
|
|t:|1662172271
|move|p2a: Articuno|Roost|p2a: Articuno
|-heal|p2a: Articuno|100/100
|-singleturn|p2a: Articuno|move: Roost
|move|p1a: Frosmoth|Quiver Dance|p1a: Frosmoth
|-boost|p1a: Frosmoth|spa|1
|-boost|p1a: Frosmoth|spd|1
|-boost|p1a: Frosmoth|spe|1
|
|upkeep
|turn|79
|j| beancount
|
|t:|1662172275
|move|p1a: Frosmoth|Giga Drain|p2a: Articuno
|-resisted|p2a: Articuno
|-damage|p2a: Articuno|87/100
|-heal|p1a: Frosmoth|53/100|[from] drain|[of] p2a: Articuno
|move|p2a: Articuno|Haze|p2a: Articuno
|-clearallboost
|
|upkeep
|turn|80
|
|t:|1662172278
|move|p2a: Articuno|Freeze-Dry|p1a: Frosmoth
|-resisted|p1a: Frosmoth
|-damage|p1a: Frosmoth|45/100
|move|p1a: Frosmoth|Quiver Dance|p1a: Frosmoth
|-boost|p1a: Frosmoth|spa|1
|-boost|p1a: Frosmoth|spd|1
|-boost|p1a: Frosmoth|spe|1
|
|upkeep
|turn|81
|
|t:|1662172296
|switch|p1a: Doublade|Doublade, F|76/100
|-damage|p1a: Doublade|70/100|[from] Stealth Rock
|move|p2a: Articuno|Roost|p2a: Articuno
|-heal|p2a: Articuno|100/100
|-singleturn|p2a: Articuno|move: Roost
|
|upkeep
|turn|82
|
|t:|1662172299
|switch|p2a: Quagsire|Quagsire, M|97/100
|move|p1a: Doublade|Shadow Claw|p2a: Quagsire
|-damage|p2a: Quagsire|74/100
|
|upkeep
|turn|83
|
|t:|1662172301
|switch|p1a: Frosmoth|Frosmoth, F|45/100
|move|p2a: Quagsire|Earthquake|p1a: Frosmoth
|-resisted|p1a: Frosmoth
|-damage|p1a: Frosmoth|17/100
|
|upkeep
|turn|84
|
|t:|1662172304
|switch|p2a: Articuno|Articuno|100/100
|-ability|p2a: Articuno|Pressure
|move|p1a: Frosmoth|Ice Beam|p2a: Articuno
|-damage|p2a: Articuno|69/100
|
|upkeep
|turn|85
|
|t:|1662172307
|move|p2a: Articuno|Roost|p2a: Articuno
|-heal|p2a: Articuno|100/100
|-singleturn|p2a: Articuno|move: Roost
|move|p1a: Frosmoth|Quiver Dance|p1a: Frosmoth
|-boost|p1a: Frosmoth|spa|1
|-boost|p1a: Frosmoth|spd|1
|-boost|p1a: Frosmoth|spe|1
|
|upkeep
|turn|86
|
|t:|1662172309
|move|p1a: Frosmoth|Ice Beam|p2a: Articuno
|-damage|p2a: Articuno|53/100
|move|p2a: Articuno|Haze|p2a: Articuno
|-clearallboost
|
|upkeep
|turn|87
|
|t:|1662172311
|switch|p1a: Doublade|Doublade, F|70/100
|-damage|p1a: Doublade|64/100|[from] Stealth Rock
|move|p2a: Articuno|Roost|p2a: Articuno
|-heal|p2a: Articuno|100/100
|-singleturn|p2a: Articuno|move: Roost
|
|upkeep
|turn|88
|
|t:|1662172314
|switch|p2a: Quagsire|Quagsire, M|74/100
|move|p1a: Doublade|Shadow Claw|p2a: Quagsire
|-damage|p2a: Quagsire|51/100
|
|upkeep
|turn|89
|
|t:|1662172317
|switch|p1a: Frosmoth|Frosmoth, F|17/100
|move|p2a: Quagsire|Recover|p2a: Quagsire
|-heal|p2a: Quagsire|100/100
|
|upkeep
|turn|90
|
|t:|1662172320
|switch|p1a: Doublade|Doublade, F|64/100
|-damage|p1a: Doublade|58/100|[from] Stealth Rock
|switch|p2a: Articuno|Articuno|100/100
|-ability|p2a: Articuno|Pressure
|
|upkeep
|turn|91
|
|t:|1662172323
|switch|p2a: Quagsire|Quagsire, M|100/100
|move|p1a: Doublade|Shadow Claw|p2a: Quagsire
|-damage|p2a: Quagsire|78/100
|
|upkeep
|turn|92
|
|t:|1662172325
|switch|p1a: Frosmoth|Frosmoth, F|17/100
|move|p2a: Quagsire|Earthquake|p1a: Frosmoth
|-resisted|p1a: Frosmoth
|-damage|p1a: Frosmoth|0 fnt
|faint|p1a: Frosmoth
|
|upkeep
|-message|pu11 tj forfeited.
|
|win|PULT4S3 hjkhj
|raw|pu11 tj's rating: 1414 &rarr; <strong>1399</strong><br />(-15 for losing)
|raw|PULT4S3 hjkhj's rating: 1508 &rarr; <strong>1523</strong><br />(+15 for winning)
|l|☆pu11 tj
|l|☆PULT4S3 hjkhj
|l| beancount
||Ladder isn't responding, score probably updated but might not have (Request timeout).
