|html|<div class="broadcast-blue"><strong>[Gen 8] PU is currently suspecting Araquanid! For information on how to participate check out the <a href="https://www.smogon.com/forums/threads/np-pu-stage-9-itsy-bitsy-spider.3704256/">suspect thread</a>.</strong></div>
|j|☆Eesturn
|j|☆GreatDaneG
|t:|1658094709
|gametype|singles
|player|p1|Eesturn|bellelba|1166
|player|p2|GreatDaneG|lance|1255
|teamsize|p1|6
|teamsize|p2|6
|gen|8
|tier|[Gen 8] PU
|rated|
|rule|Sleep Clause Mod: Limit one foe put to sleep
|rule|Species Clause: Limit one of each Pokémon
|rule|OHKO Clause: OHKO moves are banned
|rule|Evasion Moves Clause: Evasion moves are banned
|rule|Endless Battle Clause: Forcing endless battles is banned
|rule|HP Percentage Mod: HP is shown in percentages
|rule|Dynamax Clause: You cannot dynamax
|clearpoke
|poke|p1|Calyrex|
|poke|p1|Whimsicott, F|
|poke|p1|Charizard, F|
|poke|p1|Quagsire, M|
|poke|p1|Silvally-*|
|poke|p1|Togedemaru, M|
|poke|p2|Stoutland, M|
|poke|p2|Gigalith, M|
|poke|p2|Aromatisse, F|
|poke|p2|Jellicent, F|
|poke|p2|Sandslash, M|
|poke|p2|Scyther, F|
|teampreview
|
|t:|1658094727
|start
|switch|p1a: Quagsire|Quagsire, M|100/100
|switch|p2a: Jellicent|Jellicent, F|100/100
|turn|1
|
|t:|1658094732
|move|p2a: Jellicent|Taunt|p1a: Quagsire
|-start|p1a: Quagsire|move: Taunt
|cant|p1a: Quagsire|move: Taunt|Toxic
|
|upkeep
|turn|2
|
|t:|1658094737
|switch|p1a: Togedemaru|Togedemaru, M|100/100
|move|p2a: Jellicent|Will-O-Wisp|p1a: Togedemaru
|-status|p1a: Togedemaru|brn
|
|-damage|p1a: Togedemaru|95/100 brn|[from] brn
|upkeep
|turn|3
|
|t:|1658094744
|move|p1a: Togedemaru|U-turn|p2a: Jellicent
|-resisted|p2a: Jellicent
|-crit|p2a: Jellicent
|-damage|p2a: Jellicent|95/100
|
|t:|1658094747
|switch|p1a: Whimsicott|Whimsicott, F|100/100|[from]move: U-turn
|move|p2a: Jellicent|Hex|p1a: Whimsicott
|-damage|p1a: Whimsicott|69/100
|
|-heal|p2a: Jellicent|100/100|[from] item: Leftovers
|upkeep
|turn|4
|
|t:|1658094756
|switch|p2a: Scyther|Scyther, F|100/100
|move|p1a: Whimsicott|Energy Ball|p2a: Scyther
|-resisted|p2a: Scyther
|-damage|p2a: Scyther|84/100
|
|upkeep
|turn|5
|
|t:|1658094772
|switch|p1a: Togedemaru|Togedemaru, M|95/100 brn
|move|p2a: Scyther|Dual Wingbeat|p1a: Togedemaru
|-resisted|p1a: Togedemaru
|-damage|p1a: Togedemaru|81/100 brn
|-damage|p2a: Scyther|71/100|[from] ability: Iron Barbs|[of] p1a: Togedemaru
|-damage|p2a: Scyther|55/100|[from] item: Rocky Helmet|[of] p1a: Togedemaru
|-resisted|p1a: Togedemaru
|-crit|p1a: Togedemaru
|-damage|p1a: Togedemaru|63/100 brn
|-damage|p2a: Scyther|42/100|[from] ability: Iron Barbs|[of] p1a: Togedemaru
|-damage|p2a: Scyther|26/100|[from] item: Rocky Helmet|[of] p1a: Togedemaru
|-hitcount|p1a: Togedemaru|2
|
|-damage|p1a: Togedemaru|57/100 brn|[from] brn
|upkeep
|turn|6
|
|t:|1658094790
|switch|p2a: Aromatisse|Aromatisse, F, shiny|100/100
|move|p1a: Togedemaru|U-turn|p2a: Aromatisse
|-resisted|p2a: Aromatisse
|-damage|p2a: Aromatisse|98/100
|
|t:|1658094798
|switch|p1a: Quagsire|Quagsire, M|100/100|[from]move: U-turn
|
|-heal|p2a: Aromatisse|100/100|[from] item: Leftovers
|upkeep
|turn|7
|
|t:|1658094803
|move|p1a: Quagsire|Toxic|p2a: Aromatisse
|-status|p2a: Aromatisse|tox
|move|p2a: Aromatisse|Wish|p2a: Aromatisse
|
|-damage|p2a: Aromatisse|94/100 tox|[from] psn
|upkeep
|turn|8
|
|t:|1658094811
|switch|p2a: Gigalith|Gigalith, M, shiny|100/100
|-weather|Sandstorm|[from] ability: Sand Stream|[of] p2a: Gigalith
|move|p1a: Quagsire|Scald|p2a: Gigalith
|-supereffective|p2a: Gigalith
|-damage|p2a: Gigalith|77/100
|-status|p2a: Gigalith|brn
|
|-weather|Sandstorm|[upkeep]
|-heal|p2a: Gigalith|100/100 brn|[from] move: Wish|[wisher] Aromatisse
|-damage|p2a: Gigalith|94/100 brn|[from] brn
|upkeep
|turn|9
|
|t:|1658094823
|switch|p1a: Silvally|Silvally-Fairy|100/100
|move|p2a: Gigalith|Toxic|p1a: Silvally|[miss]
|-miss|p2a: Gigalith|p1a: Silvally
|
|-weather|Sandstorm|[upkeep]
|-damage|p1a: Silvally|94/100|[from] Sandstorm
|-heal|p2a: Gigalith|100/100 brn|[from] item: Leftovers
|-damage|p2a: Gigalith|94/100 brn|[from] brn
|upkeep
|turn|10
|
|t:|1658094832
|move|p1a: Silvally|Multi-Attack|p2a: Gigalith
|-damage|p2a: Gigalith|66/100 brn
|move|p2a: Gigalith|Toxic|p1a: Silvally
|-status|p1a: Silvally|tox
|
|-weather|Sandstorm|[upkeep]
|-damage|p1a: Silvally|88/100 tox|[from] Sandstorm
|-heal|p2a: Gigalith|73/100 brn|[from] item: Leftovers
|-damage|p1a: Silvally|82/100 tox|[from] psn
|-damage|p2a: Gigalith|66/100 brn|[from] brn
|upkeep
|turn|11
|
|t:|1658094851
|move|p1a: Silvally|U-turn|p2a: Gigalith
|-damage|p2a: Gigalith|55/100 brn
|
|t:|1658094854
|switch|p1a: Whimsicott|Whimsicott, F|69/100|[from]move: U-turn
|move|p2a: Gigalith|Stealth Rock|p1a: Whimsicott
|-sidestart|p1: Eesturn|move: Stealth Rock
|
|-weather|Sandstorm|[upkeep]
|-damage|p1a: Whimsicott|63/100|[from] Sandstorm
|-heal|p2a: Gigalith|62/100 brn|[from] item: Leftovers
|-damage|p2a: Gigalith|55/100 brn|[from] brn
|upkeep
|turn|12
|
|t:|1658094867
|switch|p2a: Aromatisse|Aromatisse, F, shiny|94/100 tox
|move|p1a: Whimsicott|Energy Ball|p2a: Aromatisse
|-damage|p2a: Aromatisse|47/100 tox
|
|-weather|none
|-heal|p2a: Aromatisse|53/100 tox|[from] item: Leftovers
|-damage|p2a: Aromatisse|47/100 tox|[from] psn
|upkeep
|turn|13
|
|t:|1658094881
|move|p1a: Whimsicott|Energy Ball|p2a: Aromatisse
|-damage|p2a: Aromatisse|0 fnt
|faint|p2a: Aromatisse
|
|upkeep
|
|t:|1658094889
|switch|p2a: Scyther|Scyther, F|26/100
|turn|14
|
|t:|1658094897
|switch|p1a: Togedemaru|Togedemaru, M|57/100 brn
|-damage|p1a: Togedemaru|51/100 brn|[from] Stealth Rock
|move|p2a: Scyther|X-Scissor|p1a: Togedemaru
|-resisted|p1a: Togedemaru
|-damage|p1a: Togedemaru|18/100 brn
|-damage|p2a: Scyther|14/100|[from] ability: Iron Barbs|[of] p1a: Togedemaru
|-damage|p2a: Scyther|0 fnt|[from] item: Rocky Helmet|[of] p1a: Togedemaru
|faint|p2a: Scyther
|
|-damage|p1a: Togedemaru|12/100 brn|[from] brn
|upkeep
|
|t:|1658094909
|switch|p2a: Jellicent|Jellicent, F|100/100
|turn|15
|
|t:|1658094915
|move|p1a: Togedemaru|Wish|p1a: Togedemaru
|move|p2a: Jellicent|Will-O-Wisp|p1a: Togedemaru
|-fail|p1a: Togedemaru|brn
|
|-damage|p1a: Togedemaru|6/100 brn|[from] brn
|upkeep
|turn|16
|
|t:|1658094925
|switch|p1a: Calyrex|Calyrex|100/100
|-ability|p1a: Calyrex|Unnerve
|-damage|p1a: Calyrex|88/100|[from] Stealth Rock
|move|p2a: Jellicent|Hex|p1a: Calyrex
|-supereffective|p1a: Calyrex
|-damage|p1a: Calyrex|49/100
|-enditem|p1a: Calyrex|Weakness Policy
|-boost|p1a: Calyrex|atk|2|[from] item: Weakness Policy
|-boost|p1a: Calyrex|spa|2|[from] item: Weakness Policy
|
|-heal|p1a: Calyrex|82/100|[from] move: Wish|[wisher] Togedemaru
|upkeep
|turn|17
|
|t:|1658094938
|move|p1a: Calyrex|Calm Mind|p1a: Calyrex
|-boost|p1a: Calyrex|spa|1
|-boost|p1a: Calyrex|spd|1
|move|p2a: Jellicent|Hex|p1a: Calyrex
|-supereffective|p1a: Calyrex
|-damage|p1a: Calyrex|57/100
|
|upkeep
|turn|18
|
|t:|1658094945
|move|p1a: Calyrex|Agility|p1a: Calyrex
|-boost|p1a: Calyrex|spe|2
|move|p2a: Jellicent|Hex|p1a: Calyrex
|-supereffective|p1a: Calyrex
|-damage|p1a: Calyrex|31/100
|
|upkeep
|turn|19
|
|t:|1658094952
|move|p1a: Calyrex|Giga Drain|p2a: Jellicent
|-supereffective|p2a: Jellicent
|-damage|p2a: Jellicent|9/100
|-heal|p1a: Calyrex|77/100|[from] drain|[of] p2a: Jellicent
|move|p2a: Jellicent|Hex|p1a: Calyrex
|-supereffective|p1a: Calyrex
|-damage|p1a: Calyrex|49/100
|
|-heal|p2a: Jellicent|16/100|[from] item: Leftovers
|upkeep
|turn|20
|
|t:|1658094960
|move|p1a: Calyrex|Agility|p1a: Calyrex
|-boost|p1a: Calyrex|spe|2
|move|p2a: Jellicent|Will-O-Wisp|p1a: Calyrex
|-status|p1a: Calyrex|brn
|
|-heal|p2a: Jellicent|22/100|[from] item: Leftovers
|-damage|p1a: Calyrex|43/100 brn|[from] brn
|upkeep
|turn|21
|
|t:|1658094969
|move|p1a: Calyrex|Giga Drain|p2a: Jellicent
|-supereffective|p2a: Jellicent
|-damage|p2a: Jellicent|0 fnt
|-heal|p1a: Calyrex|53/100 brn|[from] drain|[of] p2a: Jellicent
|faint|p2a: Jellicent
|
|-damage|p1a: Calyrex|47/100 brn|[from] brn
|upkeep
|
|t:|1658094974
|switch|p2a: Gigalith|Gigalith, M, shiny|55/100 brn
|-weather|Sandstorm|[from] ability: Sand Stream|[of] p2a: Gigalith
|turn|22
|
|t:|1658094979
|move|p1a: Calyrex|Stored Power|p2a: Gigalith
|-damage|p2a: Gigalith|0 fnt
|faint|p2a: Gigalith
|
|-weather|Sandstorm|[upkeep]
|-damage|p1a: Calyrex|41/100 brn|[from] Sandstorm
|-damage|p1a: Calyrex|35/100 brn|[from] brn
|upkeep
|
|t:|1658094984
|switch|p2a: Stoutland|Stoutland, M, shiny|100/100
|turn|23
|
|t:|1658094991
|move|p1a: Calyrex|Stored Power|p2a: Stoutland
|-damage|p2a: Stoutland|0 fnt
|faint|p2a: Stoutland
|
|-weather|Sandstorm|[upkeep]
|-damage|p1a: Calyrex|28/100 brn|[from] Sandstorm
|-damage|p1a: Calyrex|22/100 brn|[from] brn
|upkeep
|
|t:|1658094995
|switch|p2a: Sandslash|Sandslash, M, shiny|100/100
|turn|24
|
|t:|1658095000
|move|p1a: Calyrex|Giga Drain|p2a: Sandslash
|-supereffective|p2a: Sandslash
|-damage|p2a: Sandslash|0 fnt
|-heal|p1a: Calyrex|66/100 brn|[from] drain|[of] p2a: Sandslash
|faint|p2a: Sandslash
|
|win|Eesturn
|raw|Eesturn's rating: 1166 &rarr; <strong>1197</strong><br />(+31 for winning)
|raw|GreatDaneG's rating: 1255 &rarr; <strong>1224</strong><br />(-31 for losing)
|l|☆GreatDaneG
|c|☆Eesturn|gg
