|j|☆Suwa_yriafelc
|j|☆nimahuag
|player|p1|Suwa_yriafelc|pokemonranger-gen4|1349
|player|p2|nimahuag|1|1136
|teamsize|p1|6
|teamsize|p2|6
|gametype|singles
|gen|8
|tier|[Gen 8] PU
|rated|
|clearpoke
|poke|p1|Raboot, M|
|poke|p1|Falinks|
|poke|p1|Gothitelle, M|
|poke|p1|Seaking, M|
|poke|p1|Vespiquen, F|
|poke|p1|Rapidash-Galar, M|
|poke|p2|Glaceon, F|
|poke|p2|Onix, M|
|poke|p2|Gourgeist-*, M|
|poke|p2|Manectric, F|
|poke|p2|Pawniard, F|
|poke|p2|Hitmontop, M|
|rule|Sleep Clause Mod: Limit one foe put to sleep
|rule|Species Clause: Limit one of each Pokémon
|rule|OHKO Clause: OHKO moves are banned
|rule|Evasion Moves Clause: Evasion moves are banned
|rule|Endless Battle Clause: Forcing endless battles is banned
|rule|HP Percentage Mod: HP is shown in percentages
|rule|Dynamax Clause: You cannot dynamax
|teampreview
|inactive|Battle timer is ON: inactive players will automatically lose when time's up. (requested by Suwa_yriafelc)
|c|☆Suwa_yriafelc|2233
|
|start
|switch|p1a: Raboot|Raboot, M|100/100
|switch|p2a: BLAST CORE|Onix, M|100/100
|turn|1
|
|move|p1a: Raboot|U-turn|p2a: BLAST CORE
|-start|p1a: Raboot|typechange|Bug|[from] ability: Libero
|-damage|p2a: BLAST CORE|66/100
|
|switch|p1a: Seaking|Seaking, M|100/100|[from]move: U-turn
|move|p2a: BLAST CORE|Stealth Rock|p1a: Seaking
|-sidestart|p1: Suwa_yriafelc|move: Stealth Rock
|
|upkeep
|turn|2
|
|move|p2a: BLAST CORE|Explosion|p1a: Seaking
|-damage|p1a: Seaking|27/100
|faint|p2a: BLAST CORE
|move|p1a: Seaking|Waterfall|p2: BLAST CORE|[notarget]
|-fail|p1a: Seaking
|
|upkeep
|
|switch|p2a: RAKSHASA'S PALM|Hitmontop, M|100/100
|turn|3
|
|switch|p1a: Gothitelle|Gothitelle, M|100/100
|-damage|p1a: Gothitelle|88/100|[from] Stealth Rock
|move|p2a: RAKSHASA'S PALM|Aerial Ace|p1a: Gothitelle
|-damage|p1a: Gothitelle|61/100
|
|upkeep
|turn|4
|
|switch|p2a: DEVIL'S LANCE|Pawniard, F|100/100
|move|p1a: Gothitelle|Future Sight|p2a: DEVIL'S LANCE
|-start|p1a: Gothitelle|move: Future Sight
|
|upkeep
|turn|5
|
|switch|p1a: Falinks|Falinks|100/100
|-damage|p1a: Falinks|95/100|[from] Stealth Rock
|move|p2a: DEVIL'S LANCE|Knock Off|p1a: Falinks
|-resisted|p1a: Falinks
|-damage|p1a: Falinks|73/100
|-enditem|p1a: Falinks|Life Orb|[from] move: Knock Off|[of] p2a: DEVIL'S LANCE
|
|upkeep
|turn|6
|
|switch|p2a: EVOLUTION|Gourgeist, M|100/100
|move|p1a: Falinks|Close Combat|p2a: EVOLUTION
|-immune|p2a: EVOLUTION
|
|-end|p2a: EVOLUTION|move: Future Sight
|-damage|p2a: EVOLUTION|6/100
|upkeep
|turn|7
|
|move|p2a: EVOLUTION|Shadow Sneak|p1a: Falinks
|-damage|p1a: Falinks|48/100
|-damage|p2a: EVOLUTION|0 fnt|[from] item: Life Orb
|faint|p2a: EVOLUTION
|move|p1a: Falinks|Throat Chop|p2: EVOLUTION|[notarget]
|-fail|p1a: Falinks
|
|upkeep
|
|switch|p2a: RAKSHASA'S PALM|Hitmontop, M|100/100
|turn|8
|
|switch|p1a: Vespiquen|Vespiquen, F|100/100
|-ability|p1a: Vespiquen|Pressure
|move|p2a: RAKSHASA'S PALM|Aerial Ace|p1a: Vespiquen
|-supereffective|p1a: Vespiquen
|-damage|p1a: Vespiquen|56/100
|
|upkeep
|turn|9
|
|switch|p2a: DEVIL'S LANCE|Pawniard, F|100/100
|move|p1a: Vespiquen|Roost|p1a: Vespiquen
|-heal|p1a: Vespiquen|100/100
|-singleturn|p1a: Vespiquen|move: Roost
|
|upkeep
|turn|10
|
|move|p2a: DEVIL'S LANCE|Iron Head|p1a: Vespiquen
|-damage|p1a: Vespiquen|70/100
|move|p1a: Vespiquen|U-turn|p2a: DEVIL'S LANCE
|-damage|p2a: DEVIL'S LANCE|78/100
|
|switch|p1a: Falinks|Falinks|48/100|[from]move: U-turn
|-damage|p1a: Falinks|42/100|[from] Stealth Rock
|
|upkeep
|turn|11
|
|move|p2a: DEVIL'S LANCE|Sucker Punch|p1a: Falinks
|-resisted|p1a: Falinks
|-damage|p1a: Falinks|26/100
|move|p1a: Falinks|Close Combat|p2a: DEVIL'S LANCE
|-supereffective|p2a: DEVIL'S LANCE
|-damage|p2a: DEVIL'S LANCE|0 fnt
|-unboost|p1a: Falinks|def|1
|-unboost|p1a: Falinks|spd|1
|faint|p2a: DEVIL'S LANCE
|
|upkeep
|
|switch|p2a: RAKSHASA'S PALM|Hitmontop, M|100/100
|turn|12
|
|move|p1a: Falinks|Close Combat|p2a: RAKSHASA'S PALM
|-damage|p2a: RAKSHASA'S PALM|38/100
|-unboost|p1a: Falinks|def|1
|-unboost|p1a: Falinks|spd|1
|move|p2a: RAKSHASA'S PALM|Aerial Ace|p1a: Falinks
|-supereffective|p1a: Falinks
|-damage|p1a: Falinks|0 fnt
|faint|p1a: Falinks
|
|upkeep
|
|switch|p1a: Rapidash|Rapidash-Galar, M|100/100
|-damage|p1a: Rapidash|88/100|[from] Stealth Rock
|turn|13
|
|move|p2a: RAKSHASA'S PALM|Mach Punch|p1a: Rapidash
|-resisted|p1a: Rapidash
|-damage|p1a: Rapidash|78/100
|move|p1a: Rapidash|Dazzling Gleam|p2a: RAKSHASA'S PALM
|-supereffective|p2a: RAKSHASA'S PALM
|-damage|p2a: RAKSHASA'S PALM|0 fnt
|-damage|p1a: Rapidash|69/100|[from] item: Life Orb
|faint|p2a: RAKSHASA'S PALM
|
|upkeep
|
|switch|p2a: BLINK|Manectric, F|100/100
|turn|14
|
|switch|p1a: Vespiquen|Vespiquen, F|70/100
|-ability|p1a: Vespiquen|Pressure
|move|p2a: BLINK|Overheat|p1a: Vespiquen
|-supereffective|p1a: Vespiquen
|-damage|p1a: Vespiquen|0 fnt
|-unboost|p2a: BLINK|spa|2
|faint|p1a: Vespiquen
|
|upkeep
|
|switch|p1a: Raboot|Raboot, M|100/100
|-damage|p1a: Raboot|75/100|[from] Stealth Rock
|turn|15
|
|switch|p2a: NIKO STYLE|Glaceon, F|100/100
|move|p1a: Raboot|Flare Blitz|p2a: NIKO STYLE
|-supereffective|p2a: NIKO STYLE
|-damage|p2a: NIKO STYLE|0 fnt
|-damage|p1a: Raboot|42/100|[from] Recoil
|faint|p2a: NIKO STYLE
|
|upkeep
|
|switch|p2a: BLINK|Manectric, F|100/100
|turn|16
|
|move|p1a: Raboot|Flare Blitz|p2a: BLINK
|-damage|p2a: BLINK|0 fnt
|-damage|p1a: Raboot|8/100|[from] Recoil
|faint|p2a: BLINK
|
|win|Suwa_yriafelc
|raw|Suwa_yriafelc's rating: 1349 &rarr; <strong>1358</strong><br />(+9 for winning)
|raw|nimahuag's rating: 1136 &rarr; <strong>1124</strong><br />(-12 for losing)
