|j|☆Dill Dongo67
|j|☆falcu
|t:|1648412122
|gametype|singles
|player|p1|Dill Dongo67|marlon|1325
|player|p2|falcu|giovanni|1326
|teamsize|p1|6
|teamsize|p2|6
|gen|8
|tier|[Gen 8] PU
|rated|
|rule|Sleep Clause Mod: Limit one foe put to sleep
|rule|Species Clause: Limit one of each Pokémon
|rule|OHKO Clause: OHKO moves are banned
|rule|Evasion Moves Clause: Evasion moves are banned
|rule|Endless Battle Clause: Forcing endless battles is banned
|rule|HP Percentage Mod: HP is shown in percentages
|rule|Dynamax Clause: You cannot dynamax
|clearpoke
|poke|p1|Weezing, F|
|poke|p1|Sandslash, F|
|poke|p1|Scyther, F|
|poke|p1|Gigalith, F|
|poke|p1|Jolteon, M|
|poke|p1|Charizard, M|
|poke|p2|Perrserker, M|
|poke|p2|Cofagrigus, F|
|poke|p2|Charizard, F|
|poke|p2|Whimsicott, F|
|poke|p2|Lanturn, F|
|poke|p2|Druddigon, F|
|teampreview
|inactive|Battle timer is ON: inactive players will automatically lose when time's up. (requested by Dill Dongo67)
|j| Macron le candaule
|inactive|falcu has 120 seconds left.
|inactive|falcu has 90 seconds left.
|
|t:|1648412200
|start
|switch|p1a: Wheezer|Weezing, F, shiny|100/100
|switch|p2a: Druddigon|Druddigon, F|100/100
|turn|1
|
|t:|1648412206
|move|p1a: Wheezer|Will-O-Wisp|p2a: Druddigon
|-status|p2a: Druddigon|brn
|move|p2a: Druddigon|Glare|p1a: Wheezer
|-status|p1a: Wheezer|par
|
|-damage|p2a: Druddigon|94/100 brn|[from] brn
|upkeep
|turn|2
|inactive|falcu has 120 seconds left.
|
|t:|1648412239
|move|p2a: Druddigon|Stealth Rock|p1a: Wheezer
|-sidestart|p1: Dill Dongo67|move: Stealth Rock
|move|p1a: Wheezer|Toxic Spikes|p2a: Druddigon
|-sidestart|p2: falcu|move: Toxic Spikes
|
|-damage|p2a: Druddigon|88/100 brn|[from] brn
|upkeep
|turn|3
|inactive|falcu has 120 seconds left.
|inactive|falcu has 90 seconds left.
|
|t:|1648412295
|switch|p2a: Charizard|Charizard, F|100/100
|move|p1a: Wheezer|Toxic Spikes|p2a: Charizard
|-sidestart|p2: falcu|move: Toxic Spikes
|
|upkeep
|turn|4
|inactive|falcu has 60 seconds left.
|
|t:|1648412325
|switch|p2a: Perrserker|Perrserker, M|100/100
|move|p1a: Wheezer|Sludge Bomb|p2a: Perrserker
|-immune|p2a: Perrserker
|
|upkeep
|turn|5
|
|t:|1648412331
|move|p2a: Perrserker|Iron Head|p1a: Wheezer
|-damage|p1a: Wheezer|47/100 par
|-damage|p2a: Perrserker|84/100|[from] item: Rocky Helmet|[of] p1a: Wheezer
|move|p1a: Wheezer|Will-O-Wisp|p2a: Perrserker
|-status|p2a: Perrserker|brn
|
|-damage|p2a: Perrserker|78/100 brn|[from] brn
|upkeep
|turn|6
|
|t:|1648412345
|move|p2a: Perrserker|Iron Head|p1a: Wheezer
|-damage|p1a: Wheezer|18/100 par
|-damage|p2a: Perrserker|61/100 brn|[from] item: Rocky Helmet|[of] p1a: Wheezer
|move|p1a: Wheezer|Pain Split|p2a: Perrserker
|-sethp|p2a: Perrserker|41/100 brn|[from] move: Pain Split|[silent]
|-sethp|p1a: Wheezer|35/100 par|[from] move: Pain Split
|
|-damage|p2a: Perrserker|35/100 brn|[from] brn
|upkeep
|turn|7
|
|t:|1648412360
|move|p2a: Perrserker|Iron Head|p1a: Wheezer
|-damage|p1a: Wheezer|7/100 par
|-damage|p2a: Perrserker|19/100 brn|[from] item: Rocky Helmet|[of] p1a: Wheezer
|cant|p1a: Wheezer|flinch
|
|-damage|p2a: Perrserker|13/100 brn|[from] brn
|upkeep
|turn|8
|
|t:|1648412366
|move|p2a: Perrserker|Iron Head|p1a: Wheezer
|-damage|p1a: Wheezer|0 fnt
|-damage|p2a: Perrserker|0 fnt|[from] item: Rocky Helmet|[of] p1a: Wheezer
|faint|p1a: Wheezer
|faint|p2a: Perrserker
|
|upkeep
|j| Rage.Spam.Quit.
|inactive|falcu has 90 seconds left.
|
|t:|1648412399
|switch|p2a: Druddigon|Druddigon, F|88/100 brn
|switch|p1a: Massive Attack|Scyther, F|100/100
|turn|9
|
|t:|1648412412
|move|p1a: Massive Attack|U-turn|p2a: Druddigon
|-damage|p2a: Druddigon|62/100 brn
|-damage|p1a: Massive Attack|88/100|[from] ability: Rough Skin|[of] p2a: Druddigon
|-damage|p1a: Massive Attack|72/100|[from] item: Rocky Helmet|[of] p2a: Druddigon
|
|t:|1648412417
|switch|p1a: Fleet Fox|Jolteon, M, shiny|100/100|[from]move: U-turn
|-damage|p1a: Fleet Fox|88/100|[from] Stealth Rock
|move|p2a: Druddigon|Dragon Tail|p1a: Fleet Fox
|-damage|p1a: Fleet Fox|67/100
|drag|p1a: Massive Attack|Scyther, F|72/100
|
|-damage|p2a: Druddigon|56/100 brn|[from] brn
|upkeep
|turn|10
|
|t:|1648412429
|move|p1a: Massive Attack|Knock Off|p2a: Druddigon
|-damage|p2a: Druddigon|35/100 brn
|-damage|p1a: Massive Attack|59/100|[from] ability: Rough Skin|[of] p2a: Druddigon
|-damage|p1a: Massive Attack|43/100|[from] item: Rocky Helmet|[of] p2a: Druddigon
|-enditem|p2a: Druddigon|Rocky Helmet|[from] move: Knock Off|[of] p1a: Massive Attack
|move|p2a: Druddigon|Glare|p1a: Massive Attack
|-status|p1a: Massive Attack|par
|
|-damage|p2a: Druddigon|29/100 brn|[from] brn
|upkeep
|turn|11
|inactive|falcu has 90 seconds left.
|
|t:|1648412442
|move|p1a: Massive Attack|Roost|p1a: Massive Attack
|-heal|p1a: Massive Attack|93/100 par
|-singleturn|p1a: Massive Attack|move: Roost
|move|p2a: Druddigon|Dragon Tail|p1a: Massive Attack
|-damage|p1a: Massive Attack|77/100 par
|drag|p1a: Fleet Fox|Jolteon, M, shiny|67/100
|-damage|p1a: Fleet Fox|55/100|[from] Stealth Rock
|
|-damage|p2a: Druddigon|23/100 brn|[from] brn
|upkeep
|turn|12
|inactive|falcu has 90 seconds left.
|
|t:|1648412452
|move|p1a: Fleet Fox|Shadow Ball|p2a: Druddigon
|-damage|p2a: Druddigon|0 fnt
|faint|p2a: Druddigon
|
|upkeep
|
|t:|1648412460
|switch|p2a: Whimsicott|Whimsicott, F|100/100
|turn|13
|inactive|falcu has 90 seconds left.
|
|t:|1648412468
|switch|p1a: Radiohead|Charizard, M|100/100
|move|p2a: Whimsicott|Moonblast|p1a: Radiohead
|-resisted|p1a: Radiohead
|-damage|p1a: Radiohead|76/100
|
|upkeep
|turn|14
|inactive|falcu has 90 seconds left.
|
|t:|1648412484
|switch|p2a: Lanturn|Lanturn, F|100/100
|-status|p2a: Lanturn|tox
|move|p1a: Radiohead|Substitute|p1a: Radiohead
|-start|p1a: Radiohead|Substitute
|-damage|p1a: Radiohead|51/100
|
|-damage|p2a: Lanturn|94/100 tox|[from] psn
|upkeep
|turn|15
|
|t:|1648412493
|move|p1a: Radiohead|Flamethrower|p2a: Lanturn
|-resisted|p2a: Lanturn
|-damage|p2a: Lanturn|75/100 tox
|move|p2a: Lanturn|Volt Switch|p1a: Radiohead
|-supereffective|p1a: Radiohead
|-end|p1a: Radiohead|Substitute
|inactive|falcu has 90 seconds left.
|
|t:|1648412507
|switch|p2a: Charizard|Charizard, F|100/100|[from]move: Volt Switch
|
|upkeep
|turn|16
|
|t:|1648412513
|switch|p1a: Tricky|Gigalith, F, shiny|100/100
|-damage|p1a: Tricky|88/100|[from] Stealth Rock
|-weather|Sandstorm|[from] ability: Sand Stream|[of] p1a: Tricky
|move|p2a: Charizard|Hurricane|p1a: Tricky
|-resisted|p1a: Tricky
|-damage|p1a: Tricky|76/100
|
|-weather|Sandstorm|[upkeep]
|-damage|p2a: Charizard|94/100|[from] Sandstorm
|-heal|p1a: Tricky|82/100|[from] item: Leftovers
|upkeep
|turn|17
|inactive|falcu has 90 seconds left.
|
|t:|1648412540
|switch|p2a: Whimsicott|Whimsicott, F|100/100
|move|p1a: Tricky|Stealth Rock|p2a: Whimsicott
|-sidestart|p2: falcu|move: Stealth Rock
|
|-weather|Sandstorm|[upkeep]
|-damage|p2a: Whimsicott|94/100|[from] Sandstorm
|-heal|p1a: Tricky|88/100|[from] item: Leftovers
|upkeep
|turn|18
|inactive|falcu has 90 seconds left.
|
|t:|1648412549
|move|p1a: Tricky|Protect|p1a: Tricky
|-singleturn|p1a: Tricky|Protect
|move|p2a: Whimsicott|Moonblast|p1a: Tricky
|-activate|p1a: Tricky|move: Protect
|
|-weather|Sandstorm|[upkeep]
|-damage|p2a: Whimsicott|88/100|[from] Sandstorm
|-heal|p1a: Tricky|94/100|[from] item: Leftovers
|upkeep
|turn|19
|
|t:|1648412560
|move|p2a: Whimsicott|Energy Ball|p1a: Tricky
|-supereffective|p1a: Tricky
|-damage|p1a: Tricky|58/100
|move|p1a: Tricky|Rock Blast|p2a: Whimsicott|[miss]
|-miss|p1a: Tricky|p2a: Whimsicott
|
|-weather|Sandstorm|[upkeep]
|-damage|p2a: Whimsicott|82/100|[from] Sandstorm
|-heal|p1a: Tricky|64/100|[from] item: Leftovers
|upkeep
|turn|20
|
|t:|1648412570
|switch|p1a: Radiohead|Charizard, M|51/100
|move|p2a: Whimsicott|Energy Ball|p1a: Radiohead
|-resisted|p1a: Radiohead
|-damage|p1a: Radiohead|41/100
|
|-weather|none
|upkeep
|turn|21
|
|t:|1648412577
|switch|p2a: Lanturn|Lanturn, F|75/100 tox
|-damage|p2a: Lanturn|63/100 tox|[from] Stealth Rock
|move|p1a: Radiohead|Roost|p1a: Radiohead
|-heal|p1a: Radiohead|91/100
|-singleturn|p1a: Radiohead|move: Roost
|
|-heal|p2a: Lanturn|69/100 tox|[from] item: Leftovers
|-damage|p2a: Lanturn|63/100 tox|[from] psn
|upkeep
|turn|22
|
|t:|1648412588
|move|p1a: Radiohead|Substitute|p1a: Radiohead
|-start|p1a: Radiohead|Substitute
|-damage|p1a: Radiohead|66/100
|move|p2a: Lanturn|Scald|p1a: Radiohead
|-supereffective|p1a: Radiohead
|-end|p1a: Radiohead|Substitute
|
|-heal|p2a: Lanturn|69/100 tox|[from] item: Leftovers
|-damage|p2a: Lanturn|57/100 tox|[from] psn
|upkeep
|turn|23
|inactive|falcu has 120 seconds left.
|
|t:|1648412603
|switch|p1a: Massive Attack|Scyther, F|77/100 par
|move|p2a: Lanturn|Volt Switch|p1a: Massive Attack
|-supereffective|p1a: Massive Attack
|-damage|p1a: Massive Attack|19/100 par
|inactive|falcu has 120 seconds left.
|
|t:|1648412617
|switch|p2a: Whimsicott|Whimsicott, F|82/100|[from]move: Volt Switch
|
|upkeep
|turn|24
|inactive|falcu has 120 seconds left.
|
|t:|1648412644
|move|p2a: Whimsicott|Moonblast|p1a: Massive Attack
|-damage|p1a: Massive Attack|0 fnt
|faint|p1a: Massive Attack
|
|upkeep
|
|t:|1648412649
|switch|p1a: Radiohead|Charizard, M|66/100
|turn|25
|
|t:|1648412656
|move|p2a: Whimsicott|Stun Spore|p1a: Radiohead|[miss]
|-miss|p2a: Whimsicott|p1a: Radiohead
|move|p1a: Radiohead|Flamethrower|p2a: Whimsicott
|-supereffective|p2a: Whimsicott
|-damage|p2a: Whimsicott|0 fnt
|faint|p2a: Whimsicott
|
|upkeep
|
|t:|1648412680
|switch|p2a: Charizard|Charizard, F|94/100
|turn|26
|
|t:|1648412683
|switch|p1a: Tricky|Gigalith, F, shiny|64/100
|-damage|p1a: Tricky|52/100|[from] Stealth Rock
|-weather|Sandstorm|[from] ability: Sand Stream|[of] p1a: Tricky
|move|p2a: Charizard|Defog|p1a: Tricky
|-unboost|p1a: Tricky|evasion|1
|-sideend|p1: Dill Dongo67|Stealth Rock|[from] move: Defog|[of] p2a: Charizard
|-sideend|p2: falcu|Toxic Spikes|[from] move: Defog|[of] p2a: Charizard
|-sideend|p2: falcu|Stealth Rock|[from] move: Defog|[of] p2a: Charizard
|
|-weather|Sandstorm|[upkeep]
|-damage|p2a: Charizard|88/100|[from] Sandstorm
|-heal|p1a: Tricky|58/100|[from] item: Leftovers
|upkeep
|turn|27
|
|t:|1648412699
|switch|p2a: Lanturn|Lanturn, F|57/100 tox
|move|p1a: Tricky|Rock Blast|p2a: Lanturn
|-damage|p2a: Lanturn|49/100 tox
|-damage|p2a: Lanturn|39/100 tox
|-hitcount|p2a: Lanturn|2
|
|-weather|Sandstorm|[upkeep]
|-damage|p2a: Lanturn|33/100 tox|[from] Sandstorm
|-heal|p2a: Lanturn|39/100 tox|[from] item: Leftovers
|-heal|p1a: Tricky|64/100|[from] item: Leftovers
|-damage|p2a: Lanturn|33/100 tox|[from] psn
|upkeep
|turn|28
|
|t:|1648412712
|move|p1a: Tricky|Protect|p1a: Tricky
|-singleturn|p1a: Tricky|Protect
|move|p2a: Lanturn|Scald|p1a: Tricky
|-activate|p1a: Tricky|move: Protect
|
|-weather|Sandstorm|[upkeep]
|-damage|p2a: Lanturn|27/100 tox|[from] Sandstorm
|-heal|p2a: Lanturn|33/100 tox|[from] item: Leftovers
|-heal|p1a: Tricky|71/100|[from] item: Leftovers
|-damage|p2a: Lanturn|21/100 tox|[from] psn
|upkeep
|turn|29
|
|t:|1648412725
|switch|p1a: Fleet Fox|Jolteon, M, shiny|55/100
|move|p2a: Lanturn|Scald|p1a: Fleet Fox
|-damage|p1a: Fleet Fox|25/100
|-status|p1a: Fleet Fox|brn
|
|-weather|Sandstorm|[upkeep]
|-damage|p1a: Fleet Fox|19/100 brn|[from] Sandstorm
|-damage|p2a: Lanturn|15/100 tox|[from] Sandstorm
|-heal|p2a: Lanturn|21/100 tox|[from] item: Leftovers
|-damage|p2a: Lanturn|2/100 tox|[from] psn
|-damage|p1a: Fleet Fox|13/100 brn|[from] brn
|upkeep
|turn|30
|inactive|falcu has 120 seconds left.
|
|t:|1648412740
|move|p1a: Fleet Fox|Shadow Ball|p2a: Lanturn
|-damage|p2a: Lanturn|0 fnt
|faint|p2a: Lanturn
|
|-weather|none
|-damage|p1a: Fleet Fox|7/100 brn|[from] brn
|upkeep
|
|t:|1648412744
|switch|p2a: Charizard|Charizard, F|88/100
|turn|31
|inactive|falcu has 120 seconds left.
|
|t:|1648412754
|switch|p1a: Tricky|Gigalith, F, shiny|71/100
|-weather|Sandstorm|[from] ability: Sand Stream|[of] p1a: Tricky
|move|p2a: Charizard|Flamethrower|p1a: Tricky
|-resisted|p1a: Tricky
|-damage|p1a: Tricky|60/100
|
|-weather|Sandstorm|[upkeep]
|-damage|p2a: Charizard|82/100|[from] Sandstorm
|-heal|p1a: Tricky|66/100|[from] item: Leftovers
|upkeep
|turn|32
|
|t:|1648412765
|move|p2a: Charizard|Flamethrower|p1a: Tricky
|-resisted|p1a: Tricky
|-damage|p1a: Tricky|56/100
|move|p1a: Tricky|Rock Blast|p2a: Charizard|[miss]
|-miss|p1a: Tricky|p2a: Charizard
|
|-weather|Sandstorm|[upkeep]
|-damage|p2a: Charizard|76/100|[from] Sandstorm
|-heal|p1a: Tricky|62/100|[from] item: Leftovers
|upkeep
|turn|33
|
|t:|1648412773
|move|p2a: Charizard|Flamethrower|p1a: Tricky
|-resisted|p1a: Tricky
|-damage|p1a: Tricky|50/100
|move|p1a: Tricky|Rock Blast|p2a: Charizard
|-supereffective|p2a: Charizard
|-damage|p2a: Charizard|12/100
|-supereffective|p2a: Charizard
|-damage|p2a: Charizard|0 fnt
|faint|p2a: Charizard
|-hitcount|p2: Charizard|2
|
|-weather|Sandstorm|[upkeep]
|-heal|p1a: Tricky|56/100|[from] item: Leftovers
|upkeep
|l| Rage.Spam.Quit.
|
|t:|1648412777
|switch|p2a: Cofagrigus|Cofagrigus, F|100/100
|turn|34
|
|t:|1648412797
|move|p2a: Cofagrigus|Iron Defense|p2a: Cofagrigus
|-boost|p2a: Cofagrigus|def|2
|move|p1a: Tricky|Rock Blast|p2a: Cofagrigus
|-damage|p2a: Cofagrigus|96/100
|-damage|p2a: Cofagrigus|92/100
|-crit|p2a: Cofagrigus
|-damage|p2a: Cofagrigus|78/100
|-hitcount|p2a: Cofagrigus|3
|
|-weather|Sandstorm|[upkeep]
|-damage|p2a: Cofagrigus|72/100|[from] Sandstorm
|-heal|p1a: Tricky|63/100|[from] item: Leftovers
|upkeep
|turn|35
|inactive|Dill Dongo67 has 120 seconds left.
|
|t:|1648412822
|switch|p1a: Radiohead|Charizard, M|66/100
|move|p2a: Cofagrigus|Iron Defense|p2a: Cofagrigus
|-boost|p2a: Cofagrigus|def|2
|
|-weather|none
|upkeep
|turn|36
|
|t:|1648412832
|move|p1a: Radiohead|Toxic|p2a: Cofagrigus
|-status|p2a: Cofagrigus|tox
|move|p2a: Cofagrigus|Body Press|p1a: Radiohead
|-resisted|p1a: Radiohead
|-crit|p1a: Radiohead
|-damage|p1a: Radiohead|0 fnt
|faint|p1a: Radiohead
|
|-damage|p2a: Cofagrigus|66/100 tox|[from] psn
|upkeep
|
|t:|1648412840
|switch|p1a: Fleet Fox|Jolteon, M, shiny|7/100 brn
|turn|37
|
|t:|1648412847
|move|p1a: Fleet Fox|Shadow Ball|p2a: Cofagrigus
|-supereffective|p2a: Cofagrigus
|-damage|p2a: Cofagrigus|3/100 tox
|move|p2a: Cofagrigus|Rest|p2a: Cofagrigus
|-status|p2a: Cofagrigus|slp|[from] move: Rest
|-heal|p2a: Cofagrigus|100/100 slp|[silent]
|
|-damage|p1a: Fleet Fox|1/100 brn|[from] brn
|upkeep
|turn|38
|
|t:|1648412856
|move|p1a: Fleet Fox|Shadow Ball|p2a: Cofagrigus
|-supereffective|p2a: Cofagrigus
|-damage|p2a: Cofagrigus|35/100 slp
|-unboost|p2a: Cofagrigus|spd|1
|cant|p2a: Cofagrigus|slp
|
|-damage|p1a: Fleet Fox|0 fnt|[from] brn
|faint|p1a: Fleet Fox
|upkeep
|
|t:|1648412867
|switch|p1a: Modest Mouse|Sandslash, F|100/100
|turn|39
|
|t:|1648412880
|move|p1a: Modest Mouse|Swords Dance|p1a: Modest Mouse
|-boost|p1a: Modest Mouse|atk|2
|cant|p2a: Cofagrigus|slp
|
|upkeep
|turn|40
|
|t:|1648412892
|move|p1a: Modest Mouse|Earthquake|p2a: Cofagrigus
|-damage|p2a: Cofagrigus|10/100 slp
|-curestatus|p2a: Cofagrigus|slp|[msg]
|move|p2a: Cofagrigus|Body Press|p1a: Modest Mouse
|-damage|p1a: Modest Mouse|14/100
|
|upkeep
|turn|41
|c|☆Dill Dongo67|gg
|
|t:|1648412906
|move|p1a: Modest Mouse|Earthquake|p2a: Cofagrigus
|-damage|p2a: Cofagrigus|0 fnt
|faint|p2a: Cofagrigus
|
|win|Dill Dongo67
|raw|Dill Dongo67's rating: 1325 &rarr; <strong>1345</strong><br />(+20 for winning)
|raw|falcu's rating: 1326 &rarr; <strong>1306</strong><br />(-20 for losing)
