|j|☆cafay sukray
|j|☆chlo
|t:|1658839077
|gametype|singles
|player|p1|cafay sukray|swimmer-gen4dp|1583
|player|p2|chlo|dawn-masters|1546
|teamsize|p1|6
|teamsize|p2|6
|gen|8
|tier|[Gen 8] PU
|rated|
|rule|Sleep Clause Mod: Limit one foe put to sleep
|rule|Species Clause: Limit one of each Pokémon
|rule|OHKO Clause: OHKO moves are banned
|rule|Evasion Moves Clause: Evasion moves are banned
|rule|Endless Battle Clause: Forcing endless battles is banned
|rule|HP Percentage Mod: HP is shown in percentages
|rule|Dynamax Clause: You cannot dynamax
|clearpoke
|poke|p1|Abomasnow, F|
|poke|p1|Charizard, M|
|poke|p1|Scrafty, F|
|poke|p1|Sandaconda, F|
|poke|p1|Lunatone|
|poke|p1|Silvally-*|
|poke|p2|Ludicolo, F|
|poke|p2|Scyther, F|
|poke|p2|Scrafty, M|
|poke|p2|Gigalith, F|
|poke|p2|Froslass, F|
|poke|p2|Mawile, M|
|teampreview
|
|t:|1658839090
|start
|switch|p1a: Sandaconda|Sandaconda, F|100/100
|switch|p2a: amenaza aterradora|Scyther, F|100/100
|turn|1
|c|☆cafay sukray|hf
|c|☆chlo|u2
|
|t:|1658839106
|move|p2a: amenaza aterradora|U-turn|p1a: Sandaconda
|-damage|p1a: Sandaconda|80/100
|-damage|p2a: amenaza aterradora|84/100|[from] item: Rocky Helmet|[of] p1a: Sandaconda
|
|t:|1658839109
|switch|p2a: piña poblana|Ludicolo, F|100/100|[from]move: U-turn
|move|p1a: Sandaconda|Glare|p2a: piña poblana
|-status|p2a: piña poblana|par
|
|upkeep
|turn|2
|
|t:|1658839125
|switch|p1a: Charizard|Charizard, M|100/100
|move|p2a: piña poblana|Leaf Storm|p1a: Charizard
|-resisted|p1a: Charizard
|-damage|p1a: Charizard|73/100
|-unboost|p2a: piña poblana|spa|2
|
|upkeep
|turn|3
|
|t:|1658839134
|switch|p2a: rocas rojas|Gigalith, F|100/100
|-weather|Sandstorm|[from] ability: Sand Stream|[of] p2a: rocas rojas
|move|p1a: Charizard|Toxic|p2a: rocas rojas
|-status|p2a: rocas rojas|tox
|
|-weather|Sandstorm|[upkeep]
|-damage|p1a: Charizard|66/100|[from] Sandstorm
|-damage|p2a: rocas rojas|94/100 tox|[from] psn
|upkeep
|turn|4
|
|t:|1658839137
|switch|p1a: Sandaconda|Sandaconda, F|80/100
|move|p2a: rocas rojas|Stealth Rock|p1a: Sandaconda
|-sidestart|p1: cafay sukray|move: Stealth Rock
|
|-weather|Sandstorm|[upkeep]
|-heal|p2a: rocas rojas|100/100 tox|[from] item: Leftovers
|-damage|p2a: rocas rojas|88/100 tox|[from] psn
|upkeep
|turn|5
|
|t:|1658839140
|switch|p2a: piña poblana|Ludicolo, F|100/100 par
|move|p1a: Sandaconda|Stealth Rock|p2a: piña poblana
|-sidestart|p2: chlo|move: Stealth Rock
|
|-weather|Sandstorm|[upkeep]
|-damage|p2a: piña poblana|95/100 par|[from] Sandstorm
|upkeep
|turn|6
|
|t:|1658839146
|switch|p1a: Abomasnow|Abomasnow, F|100/100
|-weather|Hail|[from] ability: Snow Warning|[of] p1a: Abomasnow
|cant|p2a: piña poblana|par
|
|-weather|Hail|[upkeep]
|-damage|p2a: piña poblana|89/100 par|[from] Hail
|upkeep
|turn|7
|
|t:|1658839154
|switch|p2a: delincuente|Scrafty, M|100/100
|-damage|p2a: delincuente|95/100|[from] Stealth Rock
|-ability|p2a: delincuente|Intimidate|boost
|-unboost|p1a: Abomasnow|atk|1
|move|p1a: Abomasnow|Blizzard|p2a: delincuente
|-damage|p2a: delincuente|47/100
|
|-weather|Hail|[upkeep]
|-damage|p2a: delincuente|41/100|[from] Hail
|-heal|p2a: delincuente|47/100|[from] item: Leftovers
|upkeep
|turn|8
|
|t:|1658839160
|move|p1a: Abomasnow|Blizzard|p2a: delincuente
|-damage|p2a: delincuente|0 fnt
|faint|p2a: delincuente
|
|-weather|Hail|[upkeep]
|upkeep
|
|t:|1658839165
|switch|p2a: amenaza aterradora|Scyther, F|84/100
|turn|9
|
|t:|1658839172
|switch|p1a: Charizard|Charizard, M|66/100
|move|p2a: amenaza aterradora|Knock Off|p1a: Charizard
|-damage|p1a: Charizard|22/100
|-enditem|p1a: Charizard|Heavy-Duty Boots|[from] move: Knock Off|[of] p2a: amenaza aterradora
|
|-weather|Hail|[upkeep]
|-damage|p2a: amenaza aterradora|78/100|[from] Hail
|-damage|p1a: Charizard|16/100|[from] Hail
|upkeep
|turn|10
|
|t:|1658839179
|move|p2a: amenaza aterradora|Knock Off|p1a: Charizard
|-crit|p1a: Charizard
|-damage|p1a: Charizard|0 fnt
|faint|p1a: Charizard
|
|-weather|none
|upkeep
|
|t:|1658839183
|switch|p1a: Sandaconda|Sandaconda, F|80/100
|-damage|p1a: Sandaconda|74/100|[from] Stealth Rock
|turn|11
|
|t:|1658839188
|switch|p2a: piña poblana|Ludicolo, F|89/100 par
|-damage|p2a: piña poblana|76/100 par|[from] Stealth Rock
|move|p1a: Sandaconda|Earthquake|p2a: piña poblana
|-resisted|p2a: piña poblana
|-damage|p2a: piña poblana|46/100 par
|
|upkeep
|turn|12
|
|t:|1658839194
|switch|p1a: Abomasnow|Abomasnow, F|100/100
|-weather|Hail|[from] ability: Snow Warning|[of] p1a: Abomasnow
|cant|p2a: piña poblana|par
|
|-weather|Hail|[upkeep]
|-damage|p2a: piña poblana|40/100 par|[from] Hail
|upkeep
|turn|13
|
|t:|1658839202
|move|p1a: Abomasnow|Blizzard|p2a: piña poblana
|-damage|p2a: piña poblana|0 fnt
|faint|p2a: piña poblana
|
|-weather|Hail|[upkeep]
|upkeep
|
|t:|1658839204
|switch|p2a: amenaza aterradora|Scyther, F|78/100
|turn|14
|
|t:|1658839214
|move|p2a: amenaza aterradora|Knock Off|p1a: Abomasnow
|-damage|p1a: Abomasnow|58/100
|-enditem|p1a: Abomasnow|Heavy-Duty Boots|[from] move: Knock Off|[of] p2a: amenaza aterradora
|move|p1a: Abomasnow|Blizzard|p2a: amenaza aterradora
|-supereffective|p2a: amenaza aterradora
|-crit|p2a: amenaza aterradora
|-damage|p2a: amenaza aterradora|0 fnt
|faint|p2a: amenaza aterradora
|
|-weather|Hail|[upkeep]
|upkeep
|
|t:|1658839226
|switch|p2a: mandíbula masiva|Mawile, M|100/100
|-damage|p2a: mandíbula masiva|94/100|[from] Stealth Rock
|-ability|p2a: mandíbula masiva|Intimidate|boost
|-unboost|p1a: Abomasnow|atk|1
|turn|15
|
|t:|1658839228
|move|p1a: Abomasnow|Earth Power|p2a: mandíbula masiva
|-supereffective|p2a: mandíbula masiva
|-damage|p2a: mandíbula masiva|9/100
|move|p2a: mandíbula masiva|Play Rough|p1a: Abomasnow
|-damage|p1a: Abomasnow|24/100
|
|-weather|Hail|[upkeep]
|-damage|p2a: mandíbula masiva|3/100|[from] Hail
|upkeep
|turn|16
|
|t:|1658839238
|move|p1a: Abomasnow|Earth Power|p2a: mandíbula masiva
|-supereffective|p2a: mandíbula masiva
|-damage|p2a: mandíbula masiva|0 fnt
|faint|p2a: mandíbula masiva
|
|-weather|none
|upkeep
|
|t:|1658839241
|switch|p2a: broma blanca|Froslass, F|100/100
|turn|17
|
|t:|1658839244
|move|p2a: broma blanca|Ice Beam|p1a: Abomasnow
|-damage|p1a: Abomasnow|0 fnt
|faint|p1a: Abomasnow
|
|upkeep
|
|t:|1658839250
|switch|p1a: Lunatone|Lunatone|100/100
|-damage|p1a: Lunatone|88/100|[from] Stealth Rock
|turn|18
|
|t:|1658839261
|move|p2a: broma blanca|Shadow Ball|p1a: Lunatone
|-supereffective|p1a: Lunatone
|-damage|p1a: Lunatone|13/100
|move|p1a: Lunatone|Power Gem|p2a: broma blanca
|-supereffective|p2a: broma blanca
|-damage|p2a: broma blanca|0 fnt
|faint|p2a: broma blanca
|
|-heal|p1a: Lunatone|19/100|[from] item: Leftovers
|upkeep
|j| Generation10
|
|t:|1658839266
|switch|p2a: rocas rojas|Gigalith, F|88/100 tox
|-damage|p2a: rocas rojas|76/100 tox|[from] Stealth Rock
|-weather|Sandstorm|[from] ability: Sand Stream|[of] p2a: rocas rojas
|turn|19
|
|t:|1658839268
|move|p1a: Lunatone|Grass Knot|p2a: rocas rojas
|-supereffective|p2a: rocas rojas
|-damage|p2a: rocas rojas|41/100 tox
|move|p2a: rocas rojas|Rock Blast|p1a: Lunatone
|-damage|p1a: Lunatone|3/100
|-damage|p1a: Lunatone|0 fnt
|faint|p1a: Lunatone
|-hitcount|p1: Lunatone|2
|
|-weather|Sandstorm|[upkeep]
|-heal|p2a: rocas rojas|47/100 tox|[from] item: Leftovers
|-damage|p2a: rocas rojas|41/100 tox|[from] psn
|upkeep
|
|t:|1658839271
|switch|p1a: Sandaconda|Sandaconda, F|74/100
|-damage|p1a: Sandaconda|68/100|[from] Stealth Rock
|turn|20
|c|☆chlo|gg
|-message|chlo forfeited.
|
|win|cafay sukray
|raw|cafay sukray's rating: 1583 &rarr; <strong>1601</strong><br />(+18 for winning)
|raw|chlo's rating: 1546 &rarr; <strong>1528</strong><br />(-18 for losing)
|c|☆cafay sukray|gg
|l|☆chlo
