|j|☆bababi
|j|☆DarkSaltor
|t:|1626474050
|gametype|singles
|player|p1|bababi|cress|1386
|player|p2|DarkSaltor|morty|1335
|teamsize|p1|6
|teamsize|p2|6
|gen|8
|tier|[Gen 8] PU
|rated|
|rule|Sleep Clause Mod: Limit one foe put to sleep
|rule|Species Clause: Limit one of each Pokémon
|rule|OHKO Clause: OHKO moves are banned
|rule|Evasion Moves Clause: Evasion moves are banned
|rule|Endless Battle Clause: Forcing endless battles is banned
|rule|HP Percentage Mod: HP is shown in percentages
|rule|Dynamax Clause: You cannot dynamax
|clearpoke
|poke|p1|Gigalith, F|
|poke|p1|Eldegoss, M|
|poke|p1|Manectric, F|
|poke|p1|Persian-Alola, M|
|poke|p1|Scyther, M|
|poke|p1|Wishiwashi, M|
|poke|p2|Gigalith, F|
|poke|p2|Sandslash, M|
|poke|p2|Centiskorch, M|
|poke|p2|Manectric, M|
|poke|p2|Appletun, F|
|poke|p2|Gallade, M|
|teampreview
|j| srwak
|
|t:|1626474099
|start
|switch|p1a: Wishiwashi|Wishiwashi, M|100/100
|switch|p2a: Centiskorch|Centiskorch, M|100/100
|-formechange|p1a: Wishiwashi|Wishiwashi-School||[from] ability: Schooling
|turn|1
|
|t:|1626474115
|switch|p2a: Appletun|Appletun, F|100/100
|move|p1a: Wishiwashi|Scald|p2a: Appletun
|-resisted|p2a: Appletun
|-damage|p2a: Appletun|90/100
|
|-heal|p2a: Appletun|96/100|[from] item: Leftovers
|upkeep
|turn|2
|inactive|Battle timer is ON: inactive players will automatically lose when time's up. (requested by bababi)
|
|t:|1626474144
|move|p1a: Wishiwashi|Toxic|p2a: Appletun
|-status|p2a: Appletun|tox
|move|p2a: Appletun|Apple Acid|p1a: Wishiwashi
|-supereffective|p1a: Wishiwashi
|-damage|p1a: Wishiwashi|37/100
|-unboost|p1a: Wishiwashi|spd|1
|
|-heal|p1a: Wishiwashi|43/100|[from] item: Leftovers
|-heal|p2a: Appletun|100/100 tox|[from] item: Leftovers
|-damage|p2a: Appletun|94/100 tox|[from] psn
|upkeep
|turn|3
|
|t:|1626474154
|move|p1a: Wishiwashi|Protect|p1a: Wishiwashi
|-singleturn|p1a: Wishiwashi|Protect
|move|p2a: Appletun|Draco Meteor|p1a: Wishiwashi
|-activate|p1a: Wishiwashi|move: Protect
|
|-heal|p1a: Wishiwashi|49/100|[from] item: Leftovers
|-heal|p2a: Appletun|100/100 tox|[from] item: Leftovers
|-damage|p2a: Appletun|88/100 tox|[from] psn
|upkeep
|turn|4
|
|t:|1626474165
|move|p1a: Wishiwashi|U-turn|p2a: Appletun
|-supereffective|p2a: Appletun
|-damage|p2a: Appletun|51/100 tox
|
|t:|1626474168
|switch|p1a: Eldegoss|Eldegoss, M|100/100|[from]move: U-turn
|move|p2a: Appletun|Apple Acid|p1a: Eldegoss
|-resisted|p1a: Eldegoss
|-damage|p1a: Eldegoss|85/100
|-unboost|p1a: Eldegoss|spd|1
|
|-heal|p2a: Appletun|57/100 tox|[from] item: Leftovers
|-damage|p2a: Appletun|39/100 tox|[from] psn
|upkeep
|turn|5
|
|t:|1626474190
|switch|p1a: Gigalith|Gigalith, F|100/100
|-weather|Sandstorm|[from] ability: Sand Stream|[of] p1a: Gigalith
|switch|p2a: Centiskorch|Centiskorch, M|100/100
|
|-weather|Sandstorm|[upkeep]
|-damage|p2a: Centiskorch|94/100|[from] Sandstorm
|upkeep
|turn|6
|
|t:|1626474202
|switch|p2a: Sandslash|Sandslash, M|100/100
|move|p1a: Gigalith|Rock Blast|p2a: Sandslash
|-resisted|p2a: Sandslash
|-damage|p2a: Sandslash|96/100
|-resisted|p2a: Sandslash
|-damage|p2a: Sandslash|92/100
|-hitcount|p2a: Sandslash|2
|
|-weather|Sandstorm|[upkeep]
|-heal|p2a: Sandslash|98/100|[from] item: Leftovers
|upkeep
|turn|7
|
|t:|1626474219
|switch|p1a: Eldegoss|Eldegoss, M|100/100
|move|p2a: Sandslash|Knock Off|p1a: Eldegoss
|-damage|p1a: Eldegoss|84/100
|-enditem|p1a: Eldegoss|Heavy-Duty Boots|[from] move: Knock Off|[of] p2a: Sandslash
|
|-weather|Sandstorm|[upkeep]
|-damage|p1a: Eldegoss|77/100|[from] Sandstorm
|-heal|p2a: Sandslash|100/100|[from] item: Leftovers
|upkeep
|turn|8
|inactive|DarkSaltor has 120 seconds left.
|
|t:|1626474240
|switch|p2a: Manectric|Manectric, M|100/100
|move|p1a: Eldegoss|Leech Seed|p2a: Manectric
|-start|p2a: Manectric|move: Leech Seed
|
|-weather|Sandstorm|[upkeep]
|-damage|p2a: Manectric|94/100|[from] Sandstorm
|-damage|p1a: Eldegoss|71/100|[from] Sandstorm
|-damage|p2a: Manectric|82/100|[from] Leech Seed|[of] p1a: Eldegoss
|-heal|p1a: Eldegoss|82/100|[silent]
|upkeep
|turn|9
|inactive|DarkSaltor has 120 seconds left.
|
|t:|1626474251
|switch|p1a: Gigalith|Gigalith, F|100/100
|move|p2a: Manectric|Flamethrower|p1a: Gigalith
|-resisted|p1a: Gigalith
|-damage|p1a: Gigalith|91/100
|
|-weather|none
|-heal|p1a: Gigalith|97/100|[from] item: Leftovers
|-damage|p2a: Manectric|70/100|[from] Leech Seed|[of] p1a: Gigalith
|-heal|p1a: Gigalith|100/100|[silent]
|upkeep
|turn|10
|
|t:|1626474261
|switch|p2a: Sandslash|Sandslash, M|100/100
|move|p1a: Gigalith|Stealth Rock|p2a: Sandslash
|-sidestart|p2: DarkSaltor|move: Stealth Rock
|
|upkeep
|turn|11
|
|t:|1626474266
|switch|p1a: Eldegoss|Eldegoss, M|100/100
|move|p2a: Sandslash|Rapid Spin|p1a: Eldegoss
|-damage|p1a: Eldegoss|91/100
|-boost|p2a: Sandslash|spe|1
|-sideend|p2: DarkSaltor|Stealth Rock|[from] move: Rapid Spin|[of] p2a: Sandslash
|
|upkeep
|turn|12
|
|t:|1626474283
|switch|p2a: Centiskorch|Centiskorch, M|94/100
|move|p1a: Eldegoss|Giga Drain|p2a: Centiskorch
|-resisted|p2a: Centiskorch
|-damage|p2a: Centiskorch|89/100
|-heal|p1a: Eldegoss|95/100|[from] drain|[of] p2a: Centiskorch
|
|upkeep
|turn|13
|
|t:|1626474297
|switch|p1a: Persian|Persian-Alola, M|100/100
|move|p2a: Centiskorch|Fire Lash|p1a: Persian
|-damage|p1a: Persian|70/100
|-unboost|p1a: Persian|def|1
|
|upkeep
|turn|14
|
|t:|1626474304
|move|p1a: Persian|Foul Play|p2a: Centiskorch
|-damage|p2a: Centiskorch|31/100
|move|p2a: Centiskorch|Leech Life|p1a: Persian
|-supereffective|p1a: Persian
|-damage|p1a: Persian|0 fnt
|-heal|p2a: Centiskorch|60/100|[from] drain|[of] p1a: Persian
|faint|p1a: Persian
|
|upkeep
|
|t:|1626474310
|switch|p1a: Gigalith|Gigalith, F|100/100
|-weather|Sandstorm|[from] ability: Sand Stream|[of] p1a: Gigalith
|turn|15
|
|t:|1626474334
|switch|p2a: Gallade|Gallade, M|100/100
|move|p1a: Gigalith|Rock Blast|p2a: Gallade|[miss]
|-miss|p1a: Gigalith|p2a: Gallade
|
|-weather|Sandstorm|[upkeep]
|-damage|p2a: Gallade|94/100|[from] Sandstorm
|upkeep
|turn|16
|
|t:|1626474349
|move|p1a: Gigalith|Protect|p1a: Gigalith
|-singleturn|p1a: Gigalith|Protect
|move|p2a: Gallade|Knock Off|p1a: Gigalith
|-activate|p1a: Gigalith|move: Protect
|
|-weather|Sandstorm|[upkeep]
|-damage|p2a: Gallade|88/100|[from] Sandstorm
|upkeep
|turn|17
|
|t:|1626474363
|switch|p2a: Sandslash|Sandslash, M|100/100
|switch|p1a: Eldegoss|Eldegoss, M|100/100
|
|-weather|Sandstorm|[upkeep]
|-damage|p1a: Eldegoss|94/100|[from] Sandstorm
|upkeep
|turn|18
|
|t:|1626474375
|switch|p2a: Centiskorch|Centiskorch, M|60/100
|move|p1a: Eldegoss|Leech Seed|p2a: Centiskorch|[miss]
|-miss|p1a: Eldegoss|p2a: Centiskorch
|
|-weather|Sandstorm|[upkeep]
|-damage|p2a: Centiskorch|54/100|[from] Sandstorm
|-damage|p1a: Eldegoss|88/100|[from] Sandstorm
|upkeep
|turn|19
|
|t:|1626474384
|switch|p1a: Gigalith|Gigalith, F|100/100
|move|p2a: Centiskorch|Fire Lash|p1a: Gigalith
|-resisted|p1a: Gigalith
|-damage|p1a: Gigalith|85/100
|-unboost|p1a: Gigalith|def|1
|
|-weather|none
|-heal|p1a: Gigalith|91/100|[from] item: Leftovers
|upkeep
|turn|20
|inactive|DarkSaltor has 120 seconds left.
|
|t:|1626474405
|switch|p2a: Sandslash|Sandslash, M|100/100
|move|p1a: Gigalith|Rock Blast|p2a: Sandslash
|-resisted|p2a: Sandslash
|-damage|p2a: Sandslash|97/100
|-resisted|p2a: Sandslash
|-damage|p2a: Sandslash|93/100
|-hitcount|p2a: Sandslash|2
|
|-heal|p2a: Sandslash|99/100|[from] item: Leftovers
|-heal|p1a: Gigalith|98/100|[from] item: Leftovers
|upkeep
|turn|21
|inactive|DarkSaltor has 120 seconds left.
|
|t:|1626474420
|switch|p1a: Eldegoss|Eldegoss, M|100/100
|move|p2a: Sandslash|Spikes|p1a: Eldegoss
|-sidestart|p1: bababi|Spikes
|
|-heal|p2a: Sandslash|100/100|[from] item: Leftovers
|upkeep
|turn|22
|inactive|DarkSaltor has 120 seconds left.
|
|t:|1626474434
|switch|p2a: Gallade|Gallade, M|88/100
|move|p1a: Eldegoss|Rapid Spin|p2a: Gallade
|-damage|p2a: Gallade|81/100
|-boost|p1a: Eldegoss|spe|1
|-sideend|p1: bababi|Spikes|[from] move: Rapid Spin|[of] p1a: Eldegoss
|
|upkeep
|turn|23
|inactive|DarkSaltor has 120 seconds left.
|
|t:|1626474445
|switch|p1a: Scyther|Scyther, M|100/100
|move|p2a: Gallade|Zen Headbutt|p1a: Scyther
|-damage|p1a: Scyther|38/100
|
|upkeep
|turn|24
|inactive|DarkSaltor has 120 seconds left.
|
|t:|1626474463
|move|p2a: Gallade|Zen Headbutt|p1a: Scyther
|-crit|p1a: Scyther
|-damage|p1a: Scyther|0 fnt
|faint|p1a: Scyther
|
|upkeep
|
|t:|1626474488
|switch|p1a: Gigalith|Gigalith, F|98/100
|-weather|Sandstorm|[from] ability: Sand Stream|[of] p1a: Gigalith
|turn|25
|
|t:|1626474495
|switch|p2a: Sandslash|Sandslash, M|100/100
|move|p1a: Gigalith|Earthquake|p2a: Sandslash
|-damage|p2a: Sandslash|81/100
|
|-weather|Sandstorm|[upkeep]
|-heal|p2a: Sandslash|87/100|[from] item: Leftovers
|-heal|p1a: Gigalith|100/100|[from] item: Leftovers
|upkeep
|turn|26
|
|t:|1626474507
|switch|p1a: Eldegoss|Eldegoss, M|100/100
|move|p2a: Sandslash|Spikes|p1a: Eldegoss
|-sidestart|p1: bababi|Spikes
|
|-weather|Sandstorm|[upkeep]
|-damage|p1a: Eldegoss|94/100|[from] Sandstorm
|-heal|p2a: Sandslash|93/100|[from] item: Leftovers
|upkeep
|turn|27
|
|t:|1626474518
|switch|p2a: Centiskorch|Centiskorch, M|54/100
|move|p1a: Eldegoss|Leech Seed|p2a: Centiskorch
|-start|p2a: Centiskorch|move: Leech Seed
|
|-weather|Sandstorm|[upkeep]
|-damage|p2a: Centiskorch|48/100|[from] Sandstorm
|-damage|p1a: Eldegoss|88/100|[from] Sandstorm
|-damage|p2a: Centiskorch|35/100|[from] Leech Seed|[of] p1a: Eldegoss
|-heal|p1a: Eldegoss|100/100|[silent]
|upkeep
|turn|28
|
|t:|1626474532
|switch|p2a: Gallade|Gallade, M|81/100
|switch|p1a: Gigalith|Gigalith, F|100/100
|-damage|p1a: Gigalith|88/100|[from] Spikes
|
|-weather|Sandstorm|[upkeep]
|-damage|p2a: Gallade|75/100|[from] Sandstorm
|-heal|p1a: Gigalith|94/100|[from] item: Leftovers
|upkeep
|turn|29
|
|t:|1626474541
|move|p1a: Gigalith|Protect|p1a: Gigalith
|-singleturn|p1a: Gigalith|Protect
|move|p2a: Gallade|Close Combat|p1a: Gigalith
|-activate|p1a: Gigalith|move: Protect
|
|-weather|none
|-heal|p1a: Gigalith|100/100|[from] item: Leftovers
|upkeep
|turn|30
|
|t:|1626474555
|switch|p1a: Manectric|Manectric, F|100/100
|-damage|p1a: Manectric|88/100|[from] Spikes
|move|p2a: Gallade|Close Combat|p1a: Manectric
|-damage|p1a: Manectric|0 fnt
|-unboost|p2a: Gallade|def|1
|-unboost|p2a: Gallade|spd|1
|faint|p1a: Manectric
|
|upkeep
|
|t:|1626474558
|switch|p1a: Eldegoss|Eldegoss, M|100/100
|-damage|p1a: Eldegoss|88/100|[from] Spikes
|turn|31
|inactive|DarkSaltor has 120 seconds left.
|
|t:|1626474598
|switch|p2a: Centiskorch|Centiskorch, M|35/100
|move|p1a: Eldegoss|Giga Drain|p2a: Centiskorch
|-resisted|p2a: Centiskorch
|-damage|p2a: Centiskorch|30/100
|-heal|p1a: Eldegoss|91/100|[from] drain|[of] p2a: Centiskorch
|
|upkeep
|turn|32
|
|t:|1626474613
|move|p2a: Centiskorch|Knock Off|p1a: Eldegoss
|-damage|p1a: Eldegoss|73/100
|move|p1a: Eldegoss|Leech Seed|p2a: Centiskorch
|-start|p2a: Centiskorch|move: Leech Seed
|
|-damage|p2a: Centiskorch|18/100|[from] Leech Seed|[of] p1a: Eldegoss
|-heal|p1a: Eldegoss|89/100|[silent]
|upkeep
|turn|33
|inactive|DarkSaltor has 90 seconds left.
|
|t:|1626474650
|switch|p2a: Gigalith|Gigalith, F|100/100
|-weather|Sandstorm|[from] ability: Sand Stream|[of] p2a: Gigalith
|switch|p1a: Gigalith|Gigalith, F|100/100
|-damage|p1a: Gigalith|88/100|[from] Spikes
|
|-weather|Sandstorm|[upkeep]
|-heal|p1a: Gigalith|94/100|[from] item: Leftovers
|upkeep
|turn|34
|inactive|DarkSaltor has 90 seconds left.
|
|t:|1626474664
|switch|p1a: Eldegoss|Eldegoss, M|100/100
|-damage|p1a: Eldegoss|88/100|[from] Spikes
|move|p2a: Gigalith|Rock Blast|p1a: Eldegoss
|-damage|p1a: Eldegoss|79/100
|-damage|p1a: Eldegoss|69/100
|-damage|p1a: Eldegoss|60/100
|-hitcount|p1a: Eldegoss|3
|
|-weather|Sandstorm|[upkeep]
|-damage|p1a: Eldegoss|54/100|[from] Sandstorm
|upkeep
|turn|35
|inactive|DarkSaltor has 90 seconds left.
|
|t:|1626474679
|move|p1a: Eldegoss|Rapid Spin|p2a: Gigalith
|-resisted|p2a: Gigalith
|-damage|p2a: Gigalith|99/100
|-boost|p1a: Eldegoss|spe|1
|-sideend|p1: bababi|Spikes|[from] move: Rapid Spin|[of] p1a: Eldegoss
|move|p2a: Gigalith|Toxic|p1a: Eldegoss
|-status|p1a: Eldegoss|tox
|
|-weather|Sandstorm|[upkeep]
|-damage|p1a: Eldegoss|47/100 tox|[from] Sandstorm
|-heal|p2a: Gigalith|100/100|[from] item: Leftovers
|-damage|p1a: Eldegoss|41/100 tox|[from] psn
|upkeep
|turn|36
|inactive|DarkSaltor has 90 seconds left.
|
|t:|1626474698
|move|p1a: Eldegoss|Giga Drain|p2a: Gigalith
|-supereffective|p2a: Gigalith
|-damage|p2a: Gigalith|78/100
|-heal|p1a: Eldegoss|54/100 tox|[from] drain|[of] p2a: Gigalith
|move|p2a: Gigalith|Rock Blast|p1a: Eldegoss|[miss]
|-miss|p2a: Gigalith|p1a: Eldegoss
|
|-weather|Sandstorm|[upkeep]
|-damage|p1a: Eldegoss|48/100 tox|[from] Sandstorm
|-heal|p2a: Gigalith|84/100|[from] item: Leftovers
|-damage|p1a: Eldegoss|36/100 tox|[from] psn
|upkeep
|turn|37
|
|t:|1626474708
|move|p1a: Eldegoss|Leech Seed|p2a: Gigalith
|-start|p2a: Gigalith|move: Leech Seed
|move|p2a: Gigalith|Rock Blast|p1a: Eldegoss
|-damage|p1a: Eldegoss|25/100 tox
|-damage|p1a: Eldegoss|16/100 tox
|-hitcount|p1a: Eldegoss|2
|
|-weather|none
|-heal|p2a: Gigalith|90/100|[from] item: Leftovers
|-damage|p2a: Gigalith|78/100|[from] Leech Seed|[of] p1a: Eldegoss
|-heal|p1a: Eldegoss|30/100 tox|[silent]
|-damage|p1a: Eldegoss|12/100 tox|[from] psn
|upkeep
|turn|38
|inactive|DarkSaltor has 90 seconds left.
|
|t:|1626474719
|switch|p1a: Gigalith|Gigalith, F|94/100
|-weather|Sandstorm|[from] ability: Sand Stream|[of] p1a: Gigalith
|move|p2a: Gigalith|Rock Blast|p1a: Gigalith
|-damage|p1a: Gigalith|85/100
|-damage|p1a: Gigalith|77/100
|-hitcount|p1a: Gigalith|2
|
|-weather|Sandstorm|[upkeep]
|-heal|p2a: Gigalith|84/100|[from] item: Leftovers
|-heal|p1a: Gigalith|83/100|[from] item: Leftovers
|-damage|p2a: Gigalith|72/100|[from] Leech Seed|[of] p1a: Gigalith
|-heal|p1a: Gigalith|96/100|[silent]
|upkeep
|turn|39
|inactive|DarkSaltor has 90 seconds left.
|
|t:|1626474738
|switch|p2a: Gallade|Gallade, M|75/100
|switch|p1a: Eldegoss|Eldegoss, M|45/100 tox
|
|-weather|Sandstorm|[upkeep]
|-damage|p2a: Gallade|68/100|[from] Sandstorm
|-damage|p1a: Eldegoss|39/100 tox|[from] Sandstorm
|-damage|p1a: Eldegoss|33/100 tox|[from] psn
|upkeep
|turn|40
|
|t:|1626474748
|switch|p1a: Wishiwashi|Wishiwashi, M|49/100
|-formechange|p1a: Wishiwashi|Wishiwashi-School||[from] ability: Schooling
|move|p2a: Gallade|Close Combat|p1a: Wishiwashi
|-damage|p1a: Wishiwashi|0 fnt
|-unboost|p2a: Gallade|def|1
|-unboost|p2a: Gallade|spd|1
|faint|p1a: Wishiwashi
|
|-weather|Sandstorm|[upkeep]
|-damage|p2a: Gallade|62/100|[from] Sandstorm
|upkeep
|
|t:|1626474750
|switch|p1a: Eldegoss|Eldegoss, M|66/100 tox
|turn|41
|
|t:|1626474760
|move|p2a: Gallade|Close Combat|p1a: Eldegoss
|-damage|p1a: Eldegoss|13/100 tox
|-unboost|p2a: Gallade|def|1
|-unboost|p2a: Gallade|spd|1
|move|p1a: Eldegoss|Giga Drain|p2a: Gallade
|-damage|p2a: Gallade|16/100
|-heal|p1a: Eldegoss|33/100 tox|[from] drain|[of] p2a: Gallade
|
|-weather|Sandstorm|[upkeep]
|-damage|p2a: Gallade|10/100|[from] Sandstorm
|-damage|p1a: Eldegoss|27/100 tox|[from] Sandstorm
|-damage|p1a: Eldegoss|21/100 tox|[from] psn
|upkeep
|turn|42
|inactive|bababi has 120 seconds left.
|inactive|bababi has 90 seconds left.
|
|t:|1626474834
|switch|p1a: Gigalith|Gigalith, F|96/100
|move|p2a: Gallade|Close Combat|p1a: Gigalith
|-supereffective|p1a: Gigalith
|-damage|p1a: Gigalith|1/100
|-unboost|p2a: Gallade|def|1
|-unboost|p2a: Gallade|spd|1
|
|-weather|none
|-heal|p1a: Gigalith|7/100|[from] item: Leftovers
|upkeep
|turn|43
|
|t:|1626474843
|move|p1a: Gigalith|Protect|p1a: Gigalith
|-singleturn|p1a: Gigalith|Protect
|move|p2a: Gallade|Close Combat|p1a: Gigalith
|-activate|p1a: Gigalith|move: Protect
|
|-heal|p1a: Gigalith|13/100|[from] item: Leftovers
|upkeep
|turn|44
|
|t:|1626474850
|move|p1a: Gigalith|Protect||[still]
|-fail|p1a: Gigalith
|move|p2a: Gallade|Close Combat|p1a: Gigalith
|-supereffective|p1a: Gigalith
|-damage|p1a: Gigalith|0 fnt
|-unboost|p2a: Gallade|def|1
|-unboost|p2a: Gallade|spd|1
|faint|p1a: Gigalith
|
|upkeep
|
|t:|1626474863
|switch|p1a: Eldegoss|Eldegoss, M|54/100 tox
|turn|45
|
|t:|1626474865
|move|p2a: Gallade|Close Combat|p1a: Eldegoss
|-damage|p1a: Eldegoss|5/100 tox
|-unboost|p2a: Gallade|def|1
|-unboost|p2a: Gallade|spd|1
|move|p1a: Eldegoss|Rapid Spin|p2a: Gallade
|-damage|p2a: Gallade|0 fnt
|-boost|p1a: Eldegoss|spe|1
|faint|p2a: Gallade
|
|-damage|p1a: Eldegoss|0 fnt|[from] psn
|faint|p1a: Eldegoss
|
|win|DarkSaltor
|upkeep
|raw|bababi's rating: 1386 &rarr; <strong>1363</strong><br />(-23 for losing)
|raw|DarkSaltor's rating: 1336 &rarr; <strong>1359</strong><br />(+23 for winning)
|l|☆bababi
||Ladder isn't responding, score probably updated but might not have (Request timeout).
