|j|☆Wunderino
|j|☆orange memes
|player|p1|Wunderino|richboy|1222
|player|p2|orange memes|251|1390
|teamsize|p1|6
|teamsize|p2|6
|gametype|singles
|gen|8
|tier|[Gen 8] PU
|rated|
|clearpoke
|poke|p1|Whirlipede, F|
|poke|p1|Pawniard, M|
|poke|p1|Gothitelle, F|
|poke|p1|Scraggy, M|
|poke|p1|Dusknoir, F|
|poke|p1|Mudbray, M|
|poke|p2|Kadabra, F|
|poke|p2|Tangela, M|
|poke|p2|Pawniard, M|
|poke|p2|Scraggy, F|
|poke|p2|Fraxure, M|
|poke|p2|Mr. Rime, M|
|rule|Sleep Clause Mod: Limit one foe put to sleep
|rule|Species Clause: Limit one of each Pokémon
|rule|OHKO Clause: OHKO moves are banned
|rule|Evasion Moves Clause: Evasion moves are banned
|rule|Endless Battle Clause: Forcing endless battles is banned
|rule|HP Percentage Mod: HP is shown in percentages
|rule|Dynamax Clause: You cannot dynamax
|teampreview
|inactive|Battle timer is ON: inactive players will automatically lose when time's up. (requested by Wunderino)
|inactive|orange memes has 120 seconds left.
|c|☆orange memes|gl
|
|start
|switch|p1a: Whirlipede|Whirlipede, F, shiny|100/100
|switch|p2a: Mr. Rime|Mr. Rime, M|100/100
|turn|1
|
|move|p2a: Mr. Rime|Ice Beam|p1a: Whirlipede
|-damage|p1a: Whirlipede|60/100
|move|p1a: Whirlipede|Toxic|p2a: Mr. Rime
|-status|p2a: Mr. Rime|tox
|
|-damage|p2a: Mr. Rime|95/100 tox|[from] psn
|-ability|p1a: Whirlipede|Speed Boost|boost
|-boost|p1a: Whirlipede|spe|1
|upkeep
|turn|2
|
|switch|p1a: Pawniard|Pawniard, M, shiny|100/100
|move|p2a: Mr. Rime|Nasty Plot|p2a: Mr. Rime
|-boost|p2a: Mr. Rime|spa|2
|
|-damage|p2a: Mr. Rime|83/100 tox|[from] psn
|upkeep
|turn|3
|
|switch|p2a: Tangela|Tangela, M, shiny|100/100
|move|p1a: Pawniard|Sucker Punch||[still]
|-fail|p1a: Pawniard
|
|upkeep
|turn|4
|
|move|p2a: Tangela|Leech Seed|p1a: Pawniard
|-start|p1a: Pawniard|move: Leech Seed
|move|p1a: Pawniard|Knock Off|p2a: Tangela
|-damage|p2a: Tangela|82/100
|-enditem|p2a: Tangela|Eviolite|[from] move: Knock Off|[of] p1a: Pawniard
|
|-damage|p1a: Pawniard|88/100|[from] Leech Seed|[of] p2a: Tangela
|-heal|p2a: Tangela|92/100|[silent]
|upkeep
|turn|5
|
|switch|p2a: Kadabra|Kadabra, F, shiny|100/100
|switch|p1a: Whirlipede|Whirlipede, F, shiny|60/100
|
|upkeep
|turn|6
|
|switch|p1a: Pawniard|Pawniard, M, shiny|88/100
|move|p2a: Kadabra|Psychic|p1a: Pawniard
|-immune|p1a: Pawniard
|
|upkeep
|turn|7
|
|switch|p2a: Tangela|Tangela, M, shiny|100/100
|move|p1a: Pawniard|Knock Off|p2a: Tangela
|-crit|p2a: Tangela
|-damage|p2a: Tangela|74/100
|
|upkeep
|turn|8
|
|switch|p1a: Whirlipede|Whirlipede, F, shiny|60/100
|move|p2a: Tangela|Leech Seed|p1a: Whirlipede
|-start|p1a: Whirlipede|move: Leech Seed
|
|-damage|p1a: Whirlipede|47/100|[from] Leech Seed|[of] p2a: Tangela
|-heal|p2a: Tangela|84/100|[silent]
|upkeep
|turn|9
|inactive|orange memes has 120 seconds left.
|
|switch|p2a: Mr. Rime|Mr. Rime, M|83/100 tox
|move|p1a: Whirlipede|Spikes|p2a: Mr. Rime
|-sidestart|p2: orange memes|Spikes
|
|-damage|p1a: Whirlipede|35/100|[from] Leech Seed|[of] p2a: Mr. Rime
|-heal|p2a: Mr. Rime|94/100 tox|[silent]
|-damage|p2a: Mr. Rime|88/100 tox|[from] psn
|-ability|p1a: Whirlipede|Speed Boost|boost
|-boost|p1a: Whirlipede|spe|1
|upkeep
|turn|10
|
|switch|p1a: Dusknoir|Dusknoir, F, shiny|100/100
|-ability|p1a: Dusknoir|Pressure
|move|p2a: Mr. Rime|Ice Beam|p1a: Dusknoir
|-damage|p1a: Dusknoir|66/100
|-status|p1a: Dusknoir|frz
|
|-damage|p2a: Mr. Rime|76/100 tox|[from] psn
|upkeep
|turn|11
|inactive|orange memes has 120 seconds left.
|
|switch|p2a: Scraggy|Scraggy, F|100/100
|-damage|p2a: Scraggy|88/100|[from] Spikes
|cant|p1a: Dusknoir|frz
|
|upkeep
|turn|12
|
|switch|p1a: Gothitelle|Gothitelle, F, shiny|100/100
|move|p2a: Scraggy|Bulk Up|p2a: Scraggy
|-boost|p2a: Scraggy|atk|1
|-boost|p2a: Scraggy|def|1
|
|upkeep
|turn|13
|inactive|orange memes has 120 seconds left.
|
|move|p1a: Gothitelle|Cosmic Power|p1a: Gothitelle
|-boost|p1a: Gothitelle|def|1
|-boost|p1a: Gothitelle|spd|1
|move|p2a: Scraggy|Knock Off|p1a: Gothitelle
|-supereffective|p1a: Gothitelle
|-damage|p1a: Gothitelle|59/100
|-enditem|p1a: Gothitelle|Weakness Policy
|-boost|p1a: Gothitelle|atk|2|[from] item: Weakness Policy
|-boost|p1a: Gothitelle|spa|2|[from] item: Weakness Policy
|
|upkeep
|turn|14
|
|move|p1a: Gothitelle|Thunderbolt|p2a: Scraggy
|-damage|p2a: Scraggy|60/100
|move|p2a: Scraggy|Bulk Up|p2a: Scraggy
|-boost|p2a: Scraggy|atk|1
|-boost|p2a: Scraggy|def|1
|
|upkeep
|turn|15
|
|move|p1a: Gothitelle|Cosmic Power|p1a: Gothitelle
|-boost|p1a: Gothitelle|def|1
|-boost|p1a: Gothitelle|spd|1
|move|p2a: Scraggy|Rest|p2a: Scraggy
|-status|p2a: Scraggy|slp|[from] move: Rest
|-heal|p2a: Scraggy|100/100 slp|[silent]
|
|upkeep
|turn|16
|
|move|p1a: Gothitelle|Cosmic Power|p1a: Gothitelle
|-boost|p1a: Gothitelle|def|1
|-boost|p1a: Gothitelle|spd|1
|cant|p2a: Scraggy|slp
|
|upkeep
|turn|17
|
|move|p1a: Gothitelle|Cosmic Power|p1a: Gothitelle
|-boost|p1a: Gothitelle|def|1
|-boost|p1a: Gothitelle|spd|1
|cant|p2a: Scraggy|slp
|
|upkeep
|turn|18
|
|move|p1a: Gothitelle|Cosmic Power|p1a: Gothitelle
|-boost|p1a: Gothitelle|def|1
|-boost|p1a: Gothitelle|spd|1
|-curestatus|p2a: Scraggy|slp|[msg]
|move|p2a: Scraggy|Bulk Up|p2a: Scraggy
|-boost|p2a: Scraggy|atk|1
|-boost|p2a: Scraggy|def|1
|
|upkeep
|turn|19
|
|move|p1a: Gothitelle|Cosmic Power|p1a: Gothitelle
|-boost|p1a: Gothitelle|def|1
|-boost|p1a: Gothitelle|spd|1
|move|p2a: Scraggy|Bulk Up|p2a: Scraggy
|-boost|p2a: Scraggy|atk|1
|-boost|p2a: Scraggy|def|1
|
|upkeep
|turn|20
|
|move|p1a: Gothitelle|Thunderbolt|p2a: Scraggy
|-damage|p2a: Scraggy|74/100
|move|p2a: Scraggy|Bulk Up|p2a: Scraggy
|-boost|p2a: Scraggy|atk|1
|-boost|p2a: Scraggy|def|1
|
|upkeep
|turn|21
|
|move|p1a: Gothitelle|Thunderbolt|p2a: Scraggy
|-damage|p2a: Scraggy|47/100
|move|p2a: Scraggy|Bulk Up|p2a: Scraggy
|-boost|p2a: Scraggy|atk|1
|-boost|p2a: Scraggy|def|1
|
|upkeep
|turn|22
|
|move|p1a: Gothitelle|Thunderbolt|p2a: Scraggy
|-damage|p2a: Scraggy|20/100
|move|p2a: Scraggy|Rest|p2a: Scraggy
|-status|p2a: Scraggy|slp|[from] move: Rest
|-heal|p2a: Scraggy|100/100 slp|[silent]
|
|upkeep
|turn|23
|
|move|p1a: Gothitelle|Thunderbolt|p2a: Scraggy
|-damage|p2a: Scraggy|71/100 slp
|cant|p2a: Scraggy|slp
|
|upkeep
|turn|24
|
|move|p1a: Gothitelle|Thunderbolt|p2a: Scraggy
|-damage|p2a: Scraggy|45/100 slp
|cant|p2a: Scraggy|slp
|
|upkeep
|turn|25
|
|move|p1a: Gothitelle|Thunderbolt|p2a: Scraggy
|-damage|p2a: Scraggy|19/100 slp
|-curestatus|p2a: Scraggy|slp|[msg]
|move|p2a: Scraggy|Rest|p2a: Scraggy
|-status|p2a: Scraggy|slp|[from] move: Rest
|-heal|p2a: Scraggy|100/100 slp|[silent]
|
|upkeep
|turn|26
|
|move|p1a: Gothitelle|Thunderbolt|p2a: Scraggy
|-damage|p2a: Scraggy|73/100 slp
|cant|p2a: Scraggy|slp
|
|upkeep
|turn|27
|
|move|p1a: Gothitelle|Thunderbolt|p2a: Scraggy
|-damage|p2a: Scraggy|47/100 slp
|cant|p2a: Scraggy|slp
|
|upkeep
|turn|28
|
|move|p1a: Gothitelle|Thunderbolt|p2a: Scraggy
|-damage|p2a: Scraggy|19/100 slp
|-curestatus|p2a: Scraggy|slp|[msg]
|move|p2a: Scraggy|Rest|p2a: Scraggy
|-status|p2a: Scraggy|slp|[from] move: Rest
|-heal|p2a: Scraggy|100/100 slp|[silent]
|
|upkeep
|turn|29
|
|move|p1a: Gothitelle|Thunderbolt|p2a: Scraggy
|-damage|p2a: Scraggy|72/100 slp
|cant|p2a: Scraggy|slp
|
|upkeep
|turn|30
|
|move|p1a: Gothitelle|Thunderbolt|p2a: Scraggy
|-damage|p2a: Scraggy|44/100 slp
|cant|p2a: Scraggy|slp
|
|upkeep
|turn|31
|
|move|p1a: Gothitelle|Thunderbolt|p2a: Scraggy
|-damage|p2a: Scraggy|18/100 slp
|-curestatus|p2a: Scraggy|slp|[msg]
|move|p2a: Scraggy|Rest|p2a: Scraggy
|-status|p2a: Scraggy|slp|[from] move: Rest
|-heal|p2a: Scraggy|100/100 slp|[silent]
|
|upkeep
|turn|32
|
|move|p1a: Gothitelle|Thunderbolt|p2a: Scraggy
|-damage|p2a: Scraggy|73/100 slp
|cant|p2a: Scraggy|slp
|
|-activate|p2a: Scraggy|ability: Shed Skin
|-curestatus|p2a: Scraggy|slp|[msg]
|upkeep
|turn|33
|
|move|p1a: Gothitelle|Thunderbolt|p2a: Scraggy
|-damage|p2a: Scraggy|46/100
|-status|p2a: Scraggy|par
|cant|p2a: Scraggy|par
|
|-activate|p2a: Scraggy|ability: Shed Skin
|-curestatus|p2a: Scraggy|par|[msg]
|upkeep
|turn|34
|
|move|p1a: Gothitelle|Thunderbolt|p2a: Scraggy
|-damage|p2a: Scraggy|20/100
|move|p2a: Scraggy|Rest|p2a: Scraggy
|-status|p2a: Scraggy|slp|[from] move: Rest
|-heal|p2a: Scraggy|100/100 slp|[silent]
|
|upkeep
|turn|35
|
|move|p1a: Gothitelle|Thunderbolt|p2a: Scraggy
|-crit|p2a: Scraggy
|-damage|p2a: Scraggy|61/100 slp
|cant|p2a: Scraggy|slp
|
|upkeep
|turn|36
|
|move|p1a: Gothitelle|Thunderbolt|p2a: Scraggy
|-damage|p2a: Scraggy|34/100 slp
|cant|p2a: Scraggy|slp
|
|upkeep
|turn|37
|
|move|p1a: Gothitelle|Thunderbolt|p2a: Scraggy
|-damage|p2a: Scraggy|8/100 slp
|-curestatus|p2a: Scraggy|slp|[msg]
|move|p2a: Scraggy|Rest|p2a: Scraggy
|-status|p2a: Scraggy|slp|[from] move: Rest
|-heal|p2a: Scraggy|100/100 slp|[silent]
|
|upkeep
|turn|38
|
|move|p1a: Gothitelle|Stored Power|p2a: Scraggy
|-immune|p2a: Scraggy
|cant|p2a: Scraggy|slp
|
|upkeep
|turn|39
|
|move|p1a: Gothitelle|Stored Power|p2a: Scraggy
|-immune|p2a: Scraggy
|cant|p2a: Scraggy|slp
|
|-activate|p2a: Scraggy|ability: Shed Skin
|-curestatus|p2a: Scraggy|slp|[msg]
|upkeep
|turn|40
|
|move|p1a: Gothitelle|Thunderbolt|p2a: Scraggy
|-damage|p2a: Scraggy|72/100
|move|p2a: Scraggy|Knock Off|p1a: Gothitelle
|-supereffective|p1a: Gothitelle
|-damage|p1a: Gothitelle|31/100
|
|upkeep
|turn|41
|
|move|p1a: Gothitelle|Rest|p1a: Gothitelle
|-status|p1a: Gothitelle|slp|[from] move: Rest
|-heal|p1a: Gothitelle|100/100 slp|[silent]
|move|p2a: Scraggy|Knock Off|p1a: Gothitelle
|-supereffective|p1a: Gothitelle
|-damage|p1a: Gothitelle|75/100 slp
|
|upkeep
|turn|42
|
|cant|p1a: Gothitelle|slp
|move|p2a: Scraggy|Bulk Up|p2a: Scraggy
|-boost|p2a: Scraggy|atk|0
|-boost|p2a: Scraggy|def|0
|
|upkeep
|turn|43
|
|cant|p1a: Gothitelle|slp
|move|p2a: Scraggy|Bulk Up|p2a: Scraggy
|-boost|p2a: Scraggy|atk|0
|-boost|p2a: Scraggy|def|0
|
|upkeep
|turn|44
|
|-curestatus|p1a: Gothitelle|slp|[msg]
|move|p1a: Gothitelle|Thunderbolt|p2a: Scraggy
|-damage|p2a: Scraggy|45/100
|move|p2a: Scraggy|Bulk Up|p2a: Scraggy
|-boost|p2a: Scraggy|atk|0
|-boost|p2a: Scraggy|def|0
|
|upkeep
|turn|45
|
|move|p1a: Gothitelle|Cosmic Power|p1a: Gothitelle
|-boost|p1a: Gothitelle|def|0
|-boost|p1a: Gothitelle|spd|0
|move|p2a: Scraggy|Rest|p2a: Scraggy
|-status|p2a: Scraggy|slp|[from] move: Rest
|-heal|p2a: Scraggy|100/100 slp|[silent]
|
|upkeep
|turn|46
|
|move|p1a: Gothitelle|Rest|p1a: Gothitelle
|-status|p1a: Gothitelle|slp|[from] move: Rest
|-heal|p1a: Gothitelle|100/100 slp|[silent]
|cant|p2a: Scraggy|slp
|
|upkeep
|turn|47
|
|cant|p1a: Gothitelle|slp
|cant|p2a: Scraggy|slp
|
|upkeep
|turn|48
|
|cant|p1a: Gothitelle|slp
|-curestatus|p2a: Scraggy|slp|[msg]
|move|p2a: Scraggy|Drain Punch|p1a: Gothitelle
|-resisted|p1a: Gothitelle
|-damage|p1a: Gothitelle|94/100 slp
|
|upkeep
|turn|49
|
|-curestatus|p1a: Gothitelle|slp|[msg]
|move|p1a: Gothitelle|Cosmic Power|p1a: Gothitelle
|-boost|p1a: Gothitelle|def|0
|-boost|p1a: Gothitelle|spd|0
|move|p2a: Scraggy|Bulk Up|p2a: Scraggy
|-boost|p2a: Scraggy|atk|0
|-boost|p2a: Scraggy|def|0
|
|upkeep
|turn|50
|
|move|p1a: Gothitelle|Cosmic Power|p1a: Gothitelle
|-boost|p1a: Gothitelle|def|0
|-boost|p1a: Gothitelle|spd|0
|move|p2a: Scraggy|Bulk Up|p2a: Scraggy
|-boost|p2a: Scraggy|atk|0
|-boost|p2a: Scraggy|def|0
|
|upkeep
|turn|51
|
|move|p1a: Gothitelle|Cosmic Power|p1a: Gothitelle
|-boost|p1a: Gothitelle|def|0
|-boost|p1a: Gothitelle|spd|0
|move|p2a: Scraggy|Bulk Up|p2a: Scraggy
|-boost|p2a: Scraggy|atk|0
|-boost|p2a: Scraggy|def|0
|
|upkeep
|turn|52
|
|move|p1a: Gothitelle|Thunderbolt|p2a: Scraggy
|-damage|p2a: Scraggy|73/100
|move|p2a: Scraggy|Bulk Up|p2a: Scraggy
|-boost|p2a: Scraggy|atk|0
|-boost|p2a: Scraggy|def|0
|
|upkeep
|turn|53
|
|move|p1a: Gothitelle|Thunderbolt|p2a: Scraggy
|-damage|p2a: Scraggy|43/100
|move|p2a: Scraggy|Rest|p2a: Scraggy
|-status|p2a: Scraggy|slp|[from] move: Rest
|-heal|p2a: Scraggy|100/100 slp|[silent]
|
|-activate|p2a: Scraggy|ability: Shed Skin
|-curestatus|p2a: Scraggy|slp|[msg]
|upkeep
|turn|54
|
|move|p1a: Gothitelle|Thunderbolt|p2a: Scraggy
|-damage|p2a: Scraggy|73/100
|move|p2a: Scraggy|Knock Off|p1a: Gothitelle
|-supereffective|p1a: Gothitelle
|-damage|p1a: Gothitelle|66/100
|
|upkeep
|turn|55
|inactive|orange memes has 120 seconds left.
|
|move|p1a: Gothitelle|Cosmic Power|p1a: Gothitelle
|-boost|p1a: Gothitelle|def|0
|-boost|p1a: Gothitelle|spd|0
|move|p2a: Scraggy|Knock Off|p1a: Gothitelle
|-supereffective|p1a: Gothitelle
|-damage|p1a: Gothitelle|41/100
|
|upkeep
|turn|56
|
|move|p1a: Gothitelle|Rest|p1a: Gothitelle
|-status|p1a: Gothitelle|slp|[from] move: Rest
|-heal|p1a: Gothitelle|100/100 slp|[silent]
|move|p2a: Scraggy|Bulk Up|p2a: Scraggy
|-boost|p2a: Scraggy|atk|0
|-boost|p2a: Scraggy|def|0
|
|upkeep
|turn|57
|
|cant|p1a: Gothitelle|slp
|move|p2a: Scraggy|Bulk Up|p2a: Scraggy
|-boost|p2a: Scraggy|atk|0
|-boost|p2a: Scraggy|def|0
|
|upkeep
|turn|58
|
|cant|p1a: Gothitelle|slp
|move|p2a: Scraggy|Bulk Up|p2a: Scraggy
|-boost|p2a: Scraggy|atk|0
|-boost|p2a: Scraggy|def|0
|
|upkeep
|turn|59
|
|-curestatus|p1a: Gothitelle|slp|[msg]
|move|p1a: Gothitelle|Cosmic Power|p1a: Gothitelle
|-boost|p1a: Gothitelle|def|0
|-boost|p1a: Gothitelle|spd|0
|move|p2a: Scraggy|Rest|p2a: Scraggy
|-status|p2a: Scraggy|slp|[from] move: Rest
|-heal|p2a: Scraggy|100/100 slp|[silent]
|
|-activate|p2a: Scraggy|ability: Shed Skin
|-curestatus|p2a: Scraggy|slp|[msg]
|upkeep
|turn|60
|
|move|p1a: Gothitelle|Cosmic Power|p1a: Gothitelle
|-boost|p1a: Gothitelle|def|0
|-boost|p1a: Gothitelle|spd|0
|move|p2a: Scraggy|Bulk Up|p2a: Scraggy
|-boost|p2a: Scraggy|atk|0
|-boost|p2a: Scraggy|def|0
|
|upkeep
|turn|61
|
|move|p1a: Gothitelle|Cosmic Power|p1a: Gothitelle
|-boost|p1a: Gothitelle|def|0
|-boost|p1a: Gothitelle|spd|0
|move|p2a: Scraggy|Bulk Up|p2a: Scraggy
|-boost|p2a: Scraggy|atk|0
|-boost|p2a: Scraggy|def|0
|
|upkeep
|turn|62
|
|move|p1a: Gothitelle|Cosmic Power|p1a: Gothitelle
|-boost|p1a: Gothitelle|def|0
|-boost|p1a: Gothitelle|spd|0
|move|p2a: Scraggy|Bulk Up|p2a: Scraggy
|-boost|p2a: Scraggy|atk|0
|-boost|p2a: Scraggy|def|0
|
|upkeep
|turn|63
|
|move|p1a: Gothitelle|Cosmic Power|p1a: Gothitelle
|-boost|p1a: Gothitelle|def|0
|-boost|p1a: Gothitelle|spd|0
|move|p2a: Scraggy|Bulk Up|p2a: Scraggy
|-boost|p2a: Scraggy|atk|0
|-boost|p2a: Scraggy|def|0
|
|upkeep
|turn|64
|
|move|p1a: Gothitelle|Cosmic Power|p1a: Gothitelle
|-boost|p1a: Gothitelle|def|0
|-boost|p1a: Gothitelle|spd|0
|move|p2a: Scraggy|Bulk Up|p2a: Scraggy
|-boost|p2a: Scraggy|atk|0
|-boost|p2a: Scraggy|def|0
|
|upkeep
|turn|65
|
|switch|p2a: Pawniard|Pawniard, M|100/100
|-damage|p2a: Pawniard|88/100|[from] Spikes
|move|p1a: Gothitelle|Cosmic Power|p1a: Gothitelle
|-boost|p1a: Gothitelle|def|0
|-boost|p1a: Gothitelle|spd|0
|
|upkeep
|turn|66
|
|switch|p1a: Mudbray|Mudbray, M, shiny|100/100
|move|p2a: Pawniard|Stealth Rock|p1a: Mudbray
|-sidestart|p1: Wunderino|move: Stealth Rock
|
|upkeep
|turn|67
|
|switch|p2a: Tangela|Tangela, M, shiny|100/100
|-damage|p2a: Tangela|88/100|[from] Spikes
|move|p1a: Mudbray|Stealth Rock|p2a: Tangela
|-sidestart|p2: orange memes|move: Stealth Rock
|
|upkeep
|turn|68
|
|switch|p1a: Scraggy|Scraggy, M, shiny|100/100
|-damage|p1a: Scraggy|94/100|[from] Stealth Rock
|move|p2a: Tangela|Leech Seed|p1a: Scraggy
|-start|p1a: Scraggy|move: Leech Seed
|
|-damage|p1a: Scraggy|82/100|[from] Leech Seed|[of] p2a: Tangela
|-heal|p2a: Tangela|97/100|[silent]
|upkeep
|turn|69
|
|switch|p1a: Whirlipede|Whirlipede, F, shiny|35/100
|-damage|p1a: Whirlipede|10/100|[from] Stealth Rock
|move|p2a: Tangela|Knock Off|p1a: Whirlipede
|-damage|p1a: Whirlipede|2/100
|-enditem|p1a: Whirlipede|Eviolite|[from] move: Knock Off|[of] p2a: Tangela
|
|upkeep
|turn|70
|
|move|p2a: Tangela|Synthesis|p2a: Tangela
|-heal|p2a: Tangela|100/100
|move|p1a: Whirlipede|Endeavor|p2a: Tangela
|-damage|p2a: Tangela|2/100
|
|-ability|p1a: Whirlipede|Speed Boost|boost
|-boost|p1a: Whirlipede|spe|1
|upkeep
|turn|71
|c|☆orange memes|oops
|
|switch|p2a: Scraggy|Scraggy, F|100/100
|-damage|p2a: Scraggy|94/100|[from] Stealth Rock
|-damage|p2a: Scraggy|82/100|[from] Spikes
|move|p1a: Whirlipede|Toxic|p2a: Scraggy
|-status|p2a: Scraggy|tox
|
|-activate|p2a: Scraggy|ability: Shed Skin
|-curestatus|p2a: Scraggy|tox|[msg]
|-ability|p1a: Whirlipede|Speed Boost|boost
|-boost|p1a: Whirlipede|spe|1
|upkeep
|turn|72
|
|move|p1a: Whirlipede|Endeavor|p2a: Scraggy
|-damage|p2a: Scraggy|2/100
|move|p2a: Scraggy|Drain Punch|p1a: Whirlipede
|-resisted|p1a: Whirlipede
|-damage|p1a: Whirlipede|0 fnt
|-heal|p2a: Scraggy|3/100|[from] drain|[of] p1a: Whirlipede
|faint|p1a: Whirlipede
|
|upkeep
|
|switch|p1a: Scraggy|Scraggy, M, shiny|82/100
|-damage|p1a: Scraggy|76/100|[from] Stealth Rock
|turn|73
|
|move|p1a: Scraggy|Dragon Dance|p1a: Scraggy
|-boost|p1a: Scraggy|atk|1
|-boost|p1a: Scraggy|spe|1
|move|p2a: Scraggy|Drain Punch|p1a: Scraggy
|-supereffective|p1a: Scraggy
|-damage|p1a: Scraggy|20/100
|-heal|p2a: Scraggy|25/100|[from] drain|[of] p1a: Scraggy
|
|upkeep
|turn|74
|
|move|p1a: Scraggy|Drain Punch|p2a: Scraggy
|-supereffective|p2a: Scraggy
|-damage|p2a: Scraggy|0 fnt
|-heal|p1a: Scraggy|36/100|[from] drain|[of] p2a: Scraggy
|faint|p2a: Scraggy
|
|upkeep
|
|switch|p2a: Fraxure|Fraxure, M|100/100
|-damage|p2a: Fraxure|88/100|[from] Spikes
|-damage|p2a: Fraxure|76/100|[from] Stealth Rock
|-ability|p2a: Fraxure|Mold Breaker
|turn|75
|
|switch|p1a: Mudbray|Mudbray, M, shiny|100/100
|-damage|p1a: Mudbray|94/100|[from] Stealth Rock
|move|p2a: Fraxure|First Impression|p1a: Mudbray
|-damage|p1a: Mudbray|76/100
|-ability|p1a: Mudbray|Stamina|boost
|-boost|p1a: Mudbray|def|1
|
|upkeep
|turn|76
|
|switch|p2a: Tangela|Tangela, M, shiny|35/100
|-damage|p2a: Tangela|23/100|[from] Stealth Rock
|-damage|p2a: Tangela|11/100|[from] Spikes
|move|p1a: Mudbray|Earthquake|p2a: Tangela
|-resisted|p2a: Tangela
|-damage|p2a: Tangela|0 fnt
|faint|p2a: Tangela
|
|upkeep
|
|switch|p2a: Mr. Rime|Mr. Rime, M|76/100 tox
|turn|77
|
|switch|p1a: Pawniard|Pawniard, M, shiny|88/100
|-damage|p1a: Pawniard|82/100|[from] Stealth Rock
|move|p2a: Mr. Rime|Ice Beam|p1a: Pawniard
|-resisted|p1a: Pawniard
|-damage|p1a: Pawniard|49/100
|
|-damage|p2a: Mr. Rime|70/100 tox|[from] psn
|upkeep
|turn|78
|
|switch|p2a: Pawniard|Pawniard, M|88/100
|-damage|p2a: Pawniard|82/100|[from] Stealth Rock
|-damage|p2a: Pawniard|70/100|[from] Spikes
|move|p1a: Pawniard|Knock Off|p2a: Pawniard
|-resisted|p2a: Pawniard
|-damage|p2a: Pawniard|42/100
|-enditem|p2a: Pawniard|Eviolite|[from] move: Knock Off|[of] p1a: Pawniard
|
|upkeep
|turn|79
|
|switch|p1a: Mudbray|Mudbray, M, shiny|76/100
|-damage|p1a: Mudbray|70/100|[from] Stealth Rock
|move|p2a: Pawniard|Knock Off|p1a: Mudbray
|-damage|p1a: Mudbray|44/100
|-ability|p1a: Mudbray|Stamina|boost
|-boost|p1a: Mudbray|def|1
|-enditem|p1a: Mudbray|Eviolite|[from] move: Knock Off|[of] p2a: Pawniard
|
|upkeep
|turn|80
|
|switch|p2a: Fraxure|Fraxure, M|76/100
|-damage|p2a: Fraxure|63/100|[from] Stealth Rock
|-damage|p2a: Fraxure|51/100|[from] Spikes
|-ability|p2a: Fraxure|Mold Breaker
|move|p1a: Mudbray|Earthquake|p2a: Fraxure
|-damage|p2a: Fraxure|0 fnt
|faint|p2a: Fraxure
|
|upkeep
|
|switch|p2a: Kadabra|Kadabra, F, shiny|100/100
|turn|81
|
|switch|p1a: Scraggy|Scraggy, M, shiny|36/100
|-damage|p1a: Scraggy|30/100|[from] Stealth Rock
|move|p2a: Kadabra|Dazzling Gleam|p1a: Scraggy
|-supereffective|p1a: Scraggy
|-damage|p1a: Scraggy|0 fnt
|faint|p1a: Scraggy
|
|upkeep
|
|switch|p1a: Pawniard|Pawniard, M, shiny|49/100
|-damage|p1a: Pawniard|43/100|[from] Stealth Rock
|turn|82
|inactive|orange memes has 120 seconds left.
|
|move|p1a: Pawniard|Sucker Punch|p2a: Kadabra
|-supereffective|p2a: Kadabra
|-damage|p2a: Kadabra|0 fnt
|faint|p2a: Kadabra
|
|upkeep
|
|switch|p2a: Pawniard|Pawniard, M|42/100
|-damage|p2a: Pawniard|36/100|[from] Stealth Rock
|-damage|p2a: Pawniard|23/100|[from] Spikes
|turn|83
|
|move|p2a: Pawniard|Sucker Punch|p1a: Pawniard
|-resisted|p1a: Pawniard
|-damage|p1a: Pawniard|26/100
|move|p1a: Pawniard|Iron Head|p2a: Pawniard
|-resisted|p2a: Pawniard
|-damage|p2a: Pawniard|0 fnt
|faint|p2a: Pawniard
|
|upkeep
|c|☆orange memes|gg
|
|switch|p2a: Mr. Rime|Mr. Rime, M|70/100 tox
|turn|84
|c|☆Wunderino|gg bro
|
|move|p1a: Pawniard|Sucker Punch||[still]
|-fail|p1a: Pawniard
|move|p2a: Mr. Rime|Nasty Plot|p2a: Mr. Rime
|-boost|p2a: Mr. Rime|spa|2
|
|-damage|p2a: Mr. Rime|64/100 tox|[from] psn
|upkeep
|turn|85
|
|move|p1a: Pawniard|Sucker Punch||[still]
|-fail|p1a: Pawniard
|move|p2a: Mr. Rime|Nasty Plot|p2a: Mr. Rime
|-boost|p2a: Mr. Rime|spa|2
|
|-damage|p2a: Mr. Rime|52/100 tox|[from] psn
|upkeep
|turn|86
|
|move|p1a: Pawniard|Sucker Punch|p2a: Mr. Rime
|-supereffective|p2a: Mr. Rime
|-damage|p2a: Mr. Rime|0 fnt
|faint|p2a: Mr. Rime
|
|win|Wunderino
|l|☆orange memes
