|j|☆enoelr
|j|☆karrakarra
|player|p1|enoelr|cynthia-gen4|
|player|p2|karrakarra|saturn|
|teamsize|p1|6
|teamsize|p2|6
|gametype|singles
|gen|8
|tier|[Gen 8] PU
|rated|Tournament battle
|clearpoke
|poke|p1|Ludicolo, M|
|poke|p1|Mawile, F|
|poke|p1|Musharna, M|
|poke|p1|Throh, M|
|poke|p1|Roselia, F|
|poke|p1|Silvally-*|
|poke|p2|Vespiquen, F|
|poke|p2|Mawile, F|
|poke|p2|Whiscash, F|
|poke|p2|Raichu, M|
|poke|p2|Liepard, F|
|poke|p2|Glaceon, F|
|rule|Sleep Clause Mod: Limit one foe put to sleep
|rule|Species Clause: Limit one of each Pokémon
|rule|OHKO Clause: OHKO moves are banned
|rule|Evasion Moves Clause: Evasion moves are banned
|rule|Endless Battle Clause: Forcing endless battles is banned
|rule|HP Percentage Mod: HP is shown in percentages
|rule|Dynamax Clause: You cannot dynamax
|teampreview
|inactive|Battle timer is ON: inactive players will automatically lose when time's up. (requested by enoelr)
|
|start
|switch|p1a: Mawile|Mawile, F|100/100
|switch|p2a: Mawile|Mawile, F|100/100
|-ability|p1a: Mawile|Intimidate|boost
|-unboost|p2a: Mawile|atk|1
|turn|1
|
|move|p2a: Mawile|Swords Dance|p2a: Mawile
|-boost|p2a: Mawile|atk|2
|move|p1a: Mawile|Taunt|p2a: Mawile
|-start|p2a: Mawile|move: Taunt
|
|upkeep
|turn|2
|
|move|p2a: Mawile|Iron Head|p1a: Mawile
|-damage|p1a: Mawile|25/100
|move|p1a: Mawile|Stealth Rock|p2a: Mawile
|-sidestart|p2: karrakarra|move: Stealth Rock
|
|-heal|p1a: Mawile|31/100|[from] item: Leftovers
|upkeep
|turn|3
|
|move|p2a: Mawile|Iron Head|p1a: Mawile
|-damage|p1a: Mawile|0 fnt
|faint|p1a: Mawile
|
|upkeep
|
|switch|p1a: Silvally|Silvally-Dark|100/100
|turn|4
|
|switch|p2a: Whiscash|Whiscash, F|100/100
|-damage|p2a: Whiscash|94/100|[from] Stealth Rock
|move|p1a: Silvally|Iron Head|p2a: Whiscash
|-resisted|p2a: Whiscash
|-damage|p2a: Whiscash|86/100
|
|-heal|p2a: Whiscash|92/100|[from] item: Leftovers
|upkeep
|turn|5
|j| Mrdin69
|
|move|p2a: Whiscash|Protect|p2a: Whiscash
|-singleturn|p2a: Whiscash|Protect
|move|p1a: Silvally|U-turn|p2a: Whiscash
|-activate|p2a: Whiscash|move: Protect
|
|-heal|p2a: Whiscash|99/100|[from] item: Leftovers
|upkeep
|turn|6
|
|move|p1a: Silvally|U-turn|p2a: Whiscash
|-damage|p2a: Whiscash|83/100
|
|switch|p1a: Roselia|Roselia, F|100/100|[from]move: U-turn
|move|p2a: Whiscash|Scald|p1a: Roselia
|-resisted|p1a: Roselia
|-damage|p1a: Roselia|94/100
|
|-heal|p2a: Whiscash|90/100|[from] item: Leftovers
|upkeep
|turn|7
|
|switch|p2a: Liepard|Liepard, F|100/100
|-damage|p2a: Liepard|88/100|[from] Stealth Rock
|move|p1a: Roselia|Toxic Spikes|p2a: Liepard
|-sidestart|p2: karrakarra|move: Toxic Spikes
|
|upkeep
|turn|8
|
|switch|p1a: Silvally|Silvally-Dark|100/100
|move|p2a: Liepard|Knock Off|p1a: Silvally
|-resisted|p1a: Silvally
|-damage|p1a: Silvally|85/100
|
|upkeep
|turn|9
|
|move|p2a: Liepard|U-turn|p1a: Silvally
|-supereffective|p1a: Silvally
|-damage|p1a: Silvally|43/100
|
|switch|p2a: Vespiquen|Vespiquen, F|100/100|[from]move: U-turn
|-ability|p2a: Vespiquen|Unnerve|p1: enoelr
|move|p1a: Silvally|U-turn|p2a: Vespiquen
|-resisted|p2a: Vespiquen
|-crit|p2a: Vespiquen
|-damage|p2a: Vespiquen|90/100
|
|switch|p1a: Ludicolo|Ludicolo, M|100/100|[from]move: U-turn
|
|upkeep
|turn|10
|
|move|p1a: Ludicolo|Ice Beam|p2a: Vespiquen
|-supereffective|p2a: Vespiquen
|-damage|p2a: Vespiquen|27/100
|-damage|p1a: Ludicolo|91/100|[from] item: Life Orb
|move|p2a: Vespiquen|Defog|p1a: Ludicolo
|-unboost|p1a: Ludicolo|evasion|1
|-sideend|p2: karrakarra|Toxic Spikes|[from] move: Defog|[of] p2a: Vespiquen
|-sideend|p2: karrakarra|Stealth Rock|[from] move: Defog|[of] p2a: Vespiquen
|
|upkeep
|turn|11
|
|switch|p2a: Glaceon|Glaceon, F|100/100
|move|p1a: Ludicolo|Scald|p2a: Glaceon
|-crit|p2a: Glaceon
|-damage|p2a: Glaceon|43/100
|-damage|p1a: Ludicolo|81/100|[from] item: Life Orb
|
|-heal|p2a: Glaceon|49/100|[from] item: Leftovers
|upkeep
|turn|12
|
|switch|p1a: Throh|Throh, M|100/100
|move|p2a: Glaceon|Protect||[still]
|-fail|p2a: Glaceon
|
|-heal|p2a: Glaceon|55/100|[from] item: Leftovers
|upkeep
|turn|13
|j| Carkoal Basculin
|
|switch|p2a: Mawile|Mawile, F|100/100
|move|p1a: Throh|Circle Throw|p2a: Mawile
|-damage|p2a: Mawile|64/100
|drag|p2a: Glaceon|Glaceon, F|55/100
|
|-heal|p2a: Glaceon|61/100|[from] item: Leftovers
|upkeep
|turn|14
|
|switch|p2a: Vespiquen|Vespiquen, F|27/100
|-ability|p2a: Vespiquen|Unnerve|p1: enoelr
|move|p1a: Throh|Knock Off|p2a: Vespiquen
|-damage|p2a: Vespiquen|12/100
|-enditem|p2a: Vespiquen|Heavy-Duty Boots|[from] move: Knock Off|[of] p1a: Throh
|
|upkeep
|turn|15
|
|move|p1a: Throh|Knock Off|p2a: Vespiquen
|-damage|p2a: Vespiquen|2/100
|move|p2a: Vespiquen|Acrobatics|p1a: Throh
|-supereffective|p1a: Throh
|-damage|p1a: Throh|48/100
|
|-heal|p1a: Throh|54/100|[from] item: Leftovers
|upkeep
|turn|16
|
|move|p1a: Throh|Knock Off|p2a: Vespiquen
|-damage|p2a: Vespiquen|0 fnt
|faint|p2a: Vespiquen
|
|-heal|p1a: Throh|60/100|[from] item: Leftovers
|upkeep
|
|switch|p2a: Mawile|Mawile, F|64/100
|turn|17
|
|switch|p1a: Silvally|Silvally-Dark|43/100
|move|p2a: Mawile|Play Rough|p1a: Silvally
|-supereffective|p1a: Silvally
|-damage|p1a: Silvally|0 fnt
|faint|p1a: Silvally
|
|upkeep
|
|switch|p1a: Ludicolo|Ludicolo, M|81/100
|turn|18
|
|switch|p2a: Glaceon|Glaceon, F|61/100
|move|p1a: Ludicolo|Rain Dance|p1a: Ludicolo
|-weather|RainDance
|
|-weather|RainDance|[upkeep]
|-heal|p2a: Glaceon|67/100|[from] item: Leftovers
|upkeep
|turn|19
|
|move|p1a: Ludicolo|Scald|p2a: Glaceon
|-damage|p2a: Glaceon|12/100
|-status|p2a: Glaceon|brn
|-damage|p1a: Ludicolo|71/100|[from] item: Life Orb
|move|p2a: Glaceon|Freeze-Dry|p1a: Ludicolo
|-supereffective|p1a: Ludicolo
|-damage|p1a: Ludicolo|0 fnt
|faint|p1a: Ludicolo
|
|-weather|RainDance|[upkeep]
|-heal|p2a: Glaceon|18/100 brn|[from] item: Leftovers
|-damage|p2a: Glaceon|12/100 brn|[from] brn
|upkeep
|
|switch|p1a: Musharna|Musharna, M|100/100
|turn|20
|
|move|p2a: Glaceon|Toxic||[still]
|-status|p1a: Musharna|tox
|-activate|p1a: Musharna|ability: Synchronize
|-fail|p1a: Musharna
|move|p1a: Musharna|Calm Mind|p1a: Musharna
|-boost|p1a: Musharna|spa|1
|-boost|p1a: Musharna|spd|1
|
|-weather|RainDance|[upkeep]
|-heal|p2a: Glaceon|18/100 brn|[from] item: Leftovers
|-damage|p2a: Glaceon|12/100 brn|[from] brn
|-damage|p1a: Musharna|94/100 tox|[from] psn
|upkeep
|turn|21
|
|move|p2a: Glaceon|Wish|p2a: Glaceon
|move|p1a: Musharna|Moonblast|p2a: Glaceon
|-damage|p2a: Glaceon|0 fnt
|faint|p2a: Glaceon
|
|-weather|RainDance|[upkeep]
|-heal|p1a: Musharna|100/100 tox|[from] item: Leftovers
|-damage|p1a: Musharna|88/100 tox|[from] psn
|upkeep
|
|switch|p2a: Liepard|Liepard, F|88/100
|turn|22
|
|switch|p1a: Throh|Throh, M|60/100
|move|p2a: Liepard|Knock Off|p1a: Throh
|-resisted|p1a: Throh
|-damage|p1a: Throh|41/100
|-enditem|p1a: Throh|Leftovers|[from] move: Knock Off|[of] p2a: Liepard
|
|-weather|none
|-heal|p2a: Liepard|100/100|[from] move: Wish|[wisher] Glaceon
|upkeep
|turn|23
|
|move|p2a: Liepard|U-turn|p1a: Throh
|-resisted|p1a: Throh
|-damage|p1a: Throh|33/100
|
|switch|p2a: Whiscash|Whiscash, F|90/100|[from]move: U-turn
|move|p1a: Throh|Circle Throw|p2a: Whiscash
|-damage|p2a: Whiscash|73/100
|drag|p2a: Mawile|Mawile, F|64/100
|
|upkeep
|turn|24
|
|switch|p1a: Musharna|Musharna, M|88/100 tox
|move|p2a: Mawile|Iron Head|p1a: Musharna
|-damage|p1a: Musharna|50/100 tox
|
|-heal|p1a: Musharna|56/100 tox|[from] item: Leftovers
|-damage|p1a: Musharna|50/100 tox|[from] psn
|upkeep
|turn|25
|
|switch|p2a: Raichu|Raichu, M, shiny|100/100
|move|p1a: Musharna|Moonblast|p2a: Raichu
|-crit|p2a: Raichu
|-damage|p2a: Raichu|48/100
|
|-heal|p1a: Musharna|56/100 tox|[from] item: Leftovers
|-damage|p1a: Musharna|44/100 tox|[from] psn
|upkeep
|turn|26
|
|switch|p1a: Roselia|Roselia, F|94/100
|move|p2a: Raichu|Volt Switch|p1a: Roselia
|-resisted|p1a: Roselia
|-damage|p1a: Roselia|82/100
|-damage|p2a: Raichu|38/100|[from] item: Life Orb
|
|switch|p2a: Mawile|Mawile, F|64/100|[from]move: Volt Switch
|
|upkeep
|turn|27
|
|move|p2a: Mawile|Swords Dance|p2a: Mawile
|-boost|p2a: Mawile|atk|2
|move|p1a: Roselia|Giga Drain|p2a: Mawile
|-resisted|p2a: Mawile
|-damage|p2a: Mawile|36/100
|-heal|p1a: Roselia|94/100|[from] drain|[of] p2a: Mawile
|
|upkeep
|turn|28
|
|move|p2a: Mawile|Iron Head|p1a: Roselia
|-damage|p1a: Roselia|0 fnt
|faint|p1a: Roselia
|
|upkeep
|-message|enoelr forfeited.
|
|win|karrakarra
|l|☆enoelr
|l| Carkoal Basculin
