|j|☆174578m
|j|☆hyurrg
|t:|1638811697
|gametype|singles
|player|p1|174578m|266|1215
|player|p2|hyurrg|cress|1391
|teamsize|p1|6
|teamsize|p2|6
|gen|8
|tier|[Gen 8] PU
|rated|
|rule|Sleep Clause Mod: Limit one foe put to sleep
|rule|Species Clause: Limit one of each Pokémon
|rule|OHKO Clause: OHKO moves are banned
|rule|Evasion Moves Clause: Evasion moves are banned
|rule|Endless Battle Clause: Forcing endless battles is banned
|rule|HP Percentage Mod: HP is shown in percentages
|rule|Dynamax Clause: You cannot dynamax
|clearpoke
|poke|p1|Charizard, F|
|poke|p1|Wishiwashi, M|
|poke|p1|Jolteon, M|
|poke|p1|Liepard, M|
|poke|p1|Type: Null|
|poke|p1|Wartortle, M|
|poke|p2|Abomasnow, F|
|poke|p2|Jellicent, M|
|poke|p2|Audino, M|
|poke|p2|Sandaconda, M|
|poke|p2|Ribombee, F|
|poke|p2|Charizard, F|
|teampreview
|
|t:|1638811713
|start
|switch|p1a: Jolteon|Jolteon, M|100/100
|switch|p2a: Ribombee|Ribombee, F|100/100
|turn|1
|
|t:|1638811720
|move|p1a: Jolteon|Hyper Voice|p2a: Ribombee
|-damage|p2a: Ribombee|21/100
|move|p2a: Ribombee|Quiver Dance|p2a: Ribombee
|-boost|p2a: Ribombee|spa|1
|-boost|p2a: Ribombee|spd|1
|-boost|p2a: Ribombee|spe|1
|
|upkeep
|turn|2
|
|t:|1638811727
|move|p2a: Ribombee|Roost|p2a: Ribombee
|-heal|p2a: Ribombee|71/100
|-singleturn|p2a: Ribombee|move: Roost
|move|p1a: Jolteon|Hyper Voice|p2a: Ribombee
|-damage|p2a: Ribombee|21/100
|
|upkeep
|turn|3
|
|t:|1638811733
|move|p2a: Ribombee|Roost|p2a: Ribombee
|-heal|p2a: Ribombee|71/100
|-singleturn|p2a: Ribombee|move: Roost
|move|p1a: Jolteon|Hyper Voice|p2a: Ribombee
|-damage|p2a: Ribombee|27/100
|
|upkeep
|turn|4
|
|t:|1638811757
|switch|p2a: Jellicent|Jellicent, M|100/100
|switch|p1a: Liepard|Liepard, M|100/100
|
|upkeep
|turn|5
|
|t:|1638811763
|move|p1a: Liepard|Knock Off|p2a: Jellicent
|-supereffective|p2a: Jellicent
|-enditem|p2a: Jellicent|Colbur Berry|[eat]
|-enditem|p2a: Jellicent|Colbur Berry|[weaken]
|-damage|p2a: Jellicent|65/100
|move|p2a: Jellicent|Will-O-Wisp|p1a: Liepard
|-status|p1a: Liepard|brn
|
|-damage|p1a: Liepard|95/100 brn|[from] brn
|upkeep
|turn|6
|
|t:|1638811772
|move|p1a: Liepard|Copycat|p1a: Liepard
|move|p1a: Liepard|Will-O-Wisp|p2a: Jellicent|[from]move: Copycat
|-status|p2a: Jellicent|brn
|move|p2a: Jellicent|Taunt|p1a: Liepard
|-start|p1a: Liepard|move: Taunt
|
|-damage|p1a: Liepard|89/100 brn|[from] brn
|-damage|p2a: Jellicent|58/100 brn|[from] brn
|upkeep
|turn|7
|
|t:|1638811782
|switch|p1a: Jolteon|Jolteon, M|100/100
|move|p2a: Jellicent|Recover|p2a: Jellicent
|-heal|p2a: Jellicent|100/100 brn
|
|-damage|p2a: Jellicent|94/100 brn|[from] brn
|upkeep
|turn|8
|
|t:|1638811789
|switch|p2a: Abomasnow|Abomasnow, F|100/100
|-weather|Hail|[from] ability: Snow Warning|[of] p2a: Abomasnow
|move|p1a: Jolteon|Volt Switch|p2a: Abomasnow
|-resisted|p2a: Abomasnow
|-damage|p2a: Abomasnow|78/100
|
|t:|1638811795
|switch|p1a: Charizard|Charizard, F|100/100|[from]move: Volt Switch
|
|-weather|Hail|[upkeep]
|-damage|p1a: Charizard|94/100|[from] Hail
|-heal|p2a: Abomasnow|84/100|[from] item: Leftovers
|upkeep
|turn|9
|
|t:|1638811803
|switch|p2a: Audino|Audino, M|100/100
|move|p1a: Charizard|Belly Drum|p1a: Charizard
|-damage|p1a: Charizard|45/100
|-setboost|p1a: Charizard|atk|6|[from] move: Belly Drum
|
|-weather|Hail|[upkeep]
|-damage|p1a: Charizard|39/100|[from] Hail
|-damage|p2a: Audino|94/100|[from] Hail
|upkeep
|turn|10
|
|t:|1638811820
|switch|p2a: Sandaconda|Sandaconda, M|100/100
|move|p1a: Charizard|Blaze Kick|p2a: Sandaconda
|-damage|p2a: Sandaconda|25/100
|-damage|p1a: Charizard|22/100|[from] item: Rocky Helmet|[of] p2a: Sandaconda
|
|-weather|Hail|[upkeep]
|-damage|p1a: Charizard|16/100|[from] Hail
|-damage|p2a: Sandaconda|19/100|[from] Hail
|upkeep
|turn|11
|
|t:|1638811830
|move|p1a: Charizard|Blaze Kick|p2a: Sandaconda
|-damage|p2a: Sandaconda|0 fnt
|-damage|p1a: Charizard|0 fnt|[from] item: Rocky Helmet|[of] p2a: Sandaconda
|faint|p2a: Sandaconda
|faint|p1a: Charizard
|
|-weather|Hail|[upkeep]
|upkeep
|
|t:|1638811837
|switch|p1a: Jolteon|Jolteon, M|100/100
|switch|p2a: Abomasnow|Abomasnow, F|84/100
|turn|12
|
|t:|1638811843
|move|p1a: Jolteon|Volt Switch|p2a: Abomasnow
|-resisted|p2a: Abomasnow
|-damage|p2a: Abomasnow|64/100
|
|t:|1638811847
|switch|p1a: Liepard|Liepard, M|89/100 brn|[from]move: Volt Switch
|move|p2a: Abomasnow|Leech Seed|p1a: Liepard
|-start|p1a: Liepard|move: Leech Seed
|
|-weather|none
|-heal|p2a: Abomasnow|70/100|[from] item: Leftovers
|-damage|p1a: Liepard|76/100 brn|[from] Leech Seed|[of] p2a: Abomasnow
|-heal|p2a: Abomasnow|78/100|[silent]
|-damage|p1a: Liepard|70/100 brn|[from] brn
|upkeep
|turn|13
|
|t:|1638811857
|switch|p2a: Audino|Audino, M|100/100
|move|p1a: Liepard|Gunk Shot|p2a: Audino
|-damage|p2a: Audino|84/100
|-status|p2a: Audino|psn
|
|-damage|p1a: Liepard|58/100 brn|[from] Leech Seed|[of] p2a: Audino
|-heal|p2a: Audino|92/100 psn|[silent]
|-damage|p2a: Audino|80/100 psn|[from] psn
|-damage|p1a: Liepard|52/100 brn|[from] brn
|upkeep
|turn|14
|
|t:|1638811869
|move|p1a: Liepard|Knock Off|p2a: Audino
|-damage|p2a: Audino|60/100 psn
|-enditem|p2a: Audino|Heavy-Duty Boots|[from] move: Knock Off|[of] p1a: Liepard
|move|p2a: Audino|Toxic||[still]
|-fail|p2a: Audino
|
|-damage|p1a: Liepard|40/100 brn|[from] Leech Seed|[of] p2a: Audino
|-heal|p2a: Audino|68/100 psn|[silent]
|-damage|p2a: Audino|55/100 psn|[from] psn
|-damage|p1a: Liepard|34/100 brn|[from] brn
|upkeep
|turn|15
|
|t:|1638811880
|switch|p1a: Jolteon|Jolteon, M|100/100
|move|p2a: Audino|Wish|p2a: Audino
|
|-damage|p2a: Audino|43/100 psn|[from] psn
|upkeep
|turn|16
|
|t:|1638811886
|switch|p2a: Abomasnow|Abomasnow, F|78/100
|-weather|Hail|[from] ability: Snow Warning|[of] p2a: Abomasnow
|move|p1a: Jolteon|Volt Switch|p2a: Abomasnow
|-resisted|p2a: Abomasnow
|-damage|p2a: Abomasnow|59/100
|
|t:|1638811894
|switch|p1a: Liepard|Liepard, M|34/100 brn|[from]move: Volt Switch
|
|-weather|Hail|[upkeep]
|-damage|p1a: Liepard|28/100 brn|[from] Hail
|-heal|p2a: Abomasnow|100/100|[from] move: Wish|[wisher] Audino
|-damage|p1a: Liepard|22/100 brn|[from] brn
|upkeep
|turn|17
|
|t:|1638811903
|switch|p2a: Audino|Audino, M|76/100 psn
|move|p1a: Liepard|Knock Off|p2a: Audino
|-damage|p2a: Audino|63/100 psn
|
|-weather|Hail|[upkeep]
|-damage|p1a: Liepard|16/100 brn|[from] Hail
|-damage|p2a: Audino|57/100 psn|[from] Hail
|-damage|p2a: Audino|45/100 psn|[from] psn
|-damage|p1a: Liepard|10/100 brn|[from] brn
|upkeep
|turn|18
|
|t:|1638811913
|switch|p1a: Jolteon|Jolteon, M|100/100
|move|p2a: Audino|Wish|p2a: Audino
|
|-weather|Hail|[upkeep]
|-damage|p1a: Jolteon|95/100|[from] Hail
|-damage|p2a: Audino|39/100 psn|[from] Hail
|-damage|p2a: Audino|26/100 psn|[from] psn
|upkeep
|turn|19
|
|t:|1638811920
|switch|p2a: Abomasnow|Abomasnow, F|100/100
|move|p1a: Jolteon|Hyper Voice|p2a: Abomasnow
|-damage|p2a: Abomasnow|64/100
|
|-weather|Hail|[upkeep]
|-damage|p1a: Jolteon|89/100|[from] Hail
|-heal|p2a: Abomasnow|100/100|[from] move: Wish|[wisher] Audino
|upkeep
|turn|20
|
|t:|1638811935
|switch|p1a: Type: Null|Type: Null|100/100
|move|p2a: Abomasnow|Icicle Spear|p1a: Type: Null
|-damage|p1a: Type: Null|95/100
|-damage|p1a: Type: Null|90/100
|-hitcount|p1a: Type: Null|2
|
|-weather|none
|upkeep
|turn|21
|
|t:|1638811943
|move|p2a: Abomasnow|Substitute|p2a: Abomasnow
|-start|p2a: Abomasnow|Substitute
|-damage|p2a: Abomasnow|76/100
|move|p1a: Type: Null|Toxic||[still]
|-fail|p1a: Type: Null
|
|-heal|p2a: Abomasnow|82/100|[from] item: Leftovers
|upkeep
|turn|22
|
|t:|1638811949
|move|p2a: Abomasnow|Leech Seed|p1a: Type: Null
|-start|p1a: Type: Null|move: Leech Seed
|move|p1a: Type: Null|U-turn|p2a: Abomasnow
|-supereffective|p2a: Abomasnow
|-end|p2a: Abomasnow|Substitute
|
|t:|1638811957
|switch|p1a: Wartortle|Wartortle, M|100/100|[from]move: U-turn
|
|-heal|p2a: Abomasnow|88/100|[from] item: Leftovers
|upkeep
|turn|23
|
|t:|1638811963
|move|p2a: Abomasnow|Leech Seed|p1a: Wartortle
|-start|p1a: Wartortle|move: Leech Seed
|move|p1a: Wartortle|Yawn|p2a: Abomasnow
|-start|p2a: Abomasnow|move: Yawn|[of] p1a: Wartortle
|
|-heal|p2a: Abomasnow|94/100|[from] item: Leftovers
|-damage|p1a: Wartortle|88/100|[from] Leech Seed|[of] p2a: Abomasnow
|-heal|p2a: Abomasnow|100/100|[silent]
|upkeep
|turn|24
|
|t:|1638811971
|switch|p2a: Jellicent|Jellicent, M|94/100 brn
|switch|p1a: Jolteon|Jolteon, M|89/100
|
|-damage|p2a: Jellicent|88/100 brn|[from] brn
|upkeep
|turn|25
|
|t:|1638811979
|switch|p2a: Abomasnow|Abomasnow, F|100/100
|-weather|Hail|[from] ability: Snow Warning|[of] p2a: Abomasnow
|move|p1a: Jolteon|Thunderbolt|p2a: Abomasnow
|-resisted|p2a: Abomasnow
|-damage|p2a: Abomasnow|75/100
|
|-weather|Hail|[upkeep]
|-damage|p1a: Jolteon|83/100|[from] Hail
|-heal|p2a: Abomasnow|81/100|[from] item: Leftovers
|upkeep
|turn|26
|
|t:|1638811991
|switch|p1a: Liepard|Liepard, M|10/100 brn
|move|p2a: Abomasnow|Substitute|p2a: Abomasnow
|-start|p2a: Abomasnow|Substitute
|-damage|p2a: Abomasnow|56/100
|
|-weather|Hail|[upkeep]
|-damage|p1a: Liepard|4/100 brn|[from] Hail
|-heal|p2a: Abomasnow|62/100|[from] item: Leftovers
|-damage|p1a: Liepard|0 fnt|[from] brn
|faint|p1a: Liepard
|upkeep
|
|t:|1638812001
|switch|p1a: Type: Null|Type: Null|90/100
|turn|27
|
|t:|1638812004
|-singleturn|p2a: Abomasnow|move: Focus Punch
|move|p1a: Type: Null|U-turn|p2a: Abomasnow
|-supereffective|p2a: Abomasnow
|-end|p2a: Abomasnow|Substitute
|
|t:|1638812014
|switch|p1a: Wartortle|Wartortle, M|88/100|[from]move: U-turn
|move|p2a: Abomasnow|Focus Punch|p1a: Wartortle
|-damage|p1a: Wartortle|68/100
|
|-weather|Hail|[upkeep]
|-damage|p1a: Wartortle|62/100|[from] Hail
|-heal|p2a: Abomasnow|68/100|[from] item: Leftovers
|upkeep
|turn|28
|
|t:|1638812025
|move|p2a: Abomasnow|Substitute|p2a: Abomasnow
|-start|p2a: Abomasnow|Substitute
|-damage|p2a: Abomasnow|43/100
|move|p1a: Wartortle|Flip Turn|p2a: Abomasnow
|-resisted|p2a: Abomasnow
|-activate|p2a: Abomasnow|move: Substitute|[damage]
|
|t:|1638812031
|switch|p1a: Jolteon|Jolteon, M|83/100|[from]move: Flip Turn
|
|-weather|Hail|[upkeep]
|-damage|p1a: Jolteon|77/100|[from] Hail
|-heal|p2a: Abomasnow|49/100|[from] item: Leftovers
|upkeep
|turn|29
|
|t:|1638812037
|switch|p2a: Jellicent|Jellicent, M|88/100 brn
|move|p1a: Jolteon|Hyper Voice|p2a: Jellicent
|-immune|p2a: Jellicent
|
|-weather|none
|-damage|p2a: Jellicent|82/100 brn|[from] brn
|upkeep
|turn|30
|
|t:|1638812046
|switch|p1a: Type: Null|Type: Null|90/100
|move|p2a: Jellicent|Will-O-Wisp|p1a: Type: Null
|-status|p1a: Type: Null|brn
|
|-damage|p2a: Jellicent|76/100 brn|[from] brn
|-damage|p1a: Type: Null|84/100 brn|[from] brn
|upkeep
|turn|31
|
|t:|1638812054
|move|p2a: Jellicent|Taunt|p1a: Type: Null
|-start|p1a: Type: Null|move: Taunt
|cant|p1a: Type: Null|move: Taunt|Toxic
|
|-damage|p2a: Jellicent|70/100 brn|[from] brn
|-damage|p1a: Type: Null|78/100 brn|[from] brn
|upkeep
|turn|32
|
|t:|1638812060
|switch|p2a: Audino|Audino, M|60/100 psn
|move|p1a: Type: Null|U-turn|p2a: Audino
|-damage|p2a: Audino|52/100 psn
|
|t:|1638812066
|switch|p1a: Jolteon|Jolteon, M|77/100|[from]move: U-turn
|
|-damage|p2a: Audino|40/100 psn|[from] psn
|upkeep
|turn|33
|
|t:|1638812076
|switch|p2a: Charizard|Charizard, F|100/100
|move|p1a: Jolteon|Thunderbolt|p2a: Charizard
|-supereffective|p2a: Charizard
|-damage|p2a: Charizard|0 fnt
|faint|p2a: Charizard
|
|upkeep
|
|t:|1638812078
|switch|p2a: Abomasnow|Abomasnow, F|49/100
|-weather|Hail|[from] ability: Snow Warning|[of] p2a: Abomasnow
|turn|34
|
|t:|1638812087
|switch|p1a: Wartortle|Wartortle, M|62/100
|move|p2a: Abomasnow|Icicle Spear|p1a: Wartortle
|-resisted|p1a: Wartortle
|-damage|p1a: Wartortle|60/100
|-resisted|p1a: Wartortle
|-damage|p1a: Wartortle|57/100
|-resisted|p1a: Wartortle
|-damage|p1a: Wartortle|55/100
|-resisted|p1a: Wartortle
|-damage|p1a: Wartortle|53/100
|-resisted|p1a: Wartortle
|-crit|p1a: Wartortle
|-damage|p1a: Wartortle|49/100
|-hitcount|p1a: Wartortle|5
|
|-weather|Hail|[upkeep]
|-damage|p1a: Wartortle|43/100|[from] Hail
|-heal|p2a: Abomasnow|55/100|[from] item: Leftovers
|upkeep
|turn|35
|
|t:|1638812102
|move|p2a: Abomasnow|Icicle Spear|p1a: Wartortle
|-resisted|p1a: Wartortle
|-damage|p1a: Wartortle|41/100
|-resisted|p1a: Wartortle
|-damage|p1a: Wartortle|38/100
|-resisted|p1a: Wartortle
|-damage|p1a: Wartortle|36/100
|-hitcount|p1a: Wartortle|3
|move|p1a: Wartortle|Scald|p2a: Abomasnow
|-resisted|p2a: Abomasnow
|-damage|p2a: Abomasnow|47/100
|-status|p2a: Abomasnow|brn
|
|-weather|Hail|[upkeep]
|-damage|p1a: Wartortle|29/100|[from] Hail
|-heal|p2a: Abomasnow|53/100 brn|[from] item: Leftovers
|-damage|p2a: Abomasnow|47/100 brn|[from] brn
|upkeep
|turn|36
|
|t:|1638812129
|switch|p2a: Audino|Audino, M|73/100 psn
|move|p1a: Wartortle|Flip Turn|p2a: Audino
|-damage|p2a: Audino|52/100 psn
|
|t:|1638812134
|switch|p1a: Jolteon|Jolteon, M|77/100|[from]move: Flip Turn
|
|-weather|Hail|[upkeep]
|-damage|p1a: Jolteon|71/100|[from] Hail
|-damage|p2a: Audino|46/100 psn|[from] Hail
|-damage|p2a: Audino|33/100 psn|[from] psn
|upkeep
|turn|37
|
|t:|1638812143
|move|p1a: Jolteon|Thunderbolt|p2a: Audino
|-damage|p2a: Audino|0 fnt
|faint|p2a: Audino
|
|-weather|Hail|[upkeep]
|-damage|p1a: Jolteon|65/100|[from] Hail
|upkeep
|
|t:|1638812145
|switch|p2a: Abomasnow|Abomasnow, F|47/100 brn
|turn|38
|
|t:|1638812152
|switch|p1a: Wartortle|Wartortle, M|29/100
|move|p2a: Abomasnow|Leech Seed|p1a: Wartortle
|-start|p1a: Wartortle|move: Leech Seed
|
|-weather|none
|-heal|p2a: Abomasnow|53/100 brn|[from] item: Leftovers
|-damage|p1a: Wartortle|17/100|[from] Leech Seed|[of] p2a: Abomasnow
|-heal|p2a: Abomasnow|63/100 brn|[silent]
|-damage|p2a: Abomasnow|57/100 brn|[from] brn
|upkeep
|turn|39
|
|t:|1638812161
|move|p2a: Abomasnow|Substitute|p2a: Abomasnow
|-start|p2a: Abomasnow|Substitute
|-damage|p2a: Abomasnow|33/100 brn
|move|p1a: Wartortle|Flip Turn|p2a: Abomasnow
|-resisted|p2a: Abomasnow
|-activate|p2a: Abomasnow|move: Substitute|[damage]
|
|t:|1638812167
|switch|p1a: Jolteon|Jolteon, M|65/100|[from]move: Flip Turn
|
|-heal|p2a: Abomasnow|39/100 brn|[from] item: Leftovers
|-damage|p2a: Abomasnow|33/100 brn|[from] brn
|upkeep
|turn|40
|
|t:|1638812177
|switch|p2a: Jellicent|Jellicent, M|70/100 brn
|move|p1a: Jolteon|Hyper Voice|p2a: Jellicent
|-immune|p2a: Jellicent
|
|-damage|p2a: Jellicent|63/100 brn|[from] brn
|upkeep
|turn|41
|
|t:|1638812185
|switch|p1a: Wartortle|Wartortle, M|17/100
|move|p2a: Jellicent|Will-O-Wisp|p1a: Wartortle
|-status|p1a: Wartortle|brn
|
|-damage|p2a: Jellicent|57/100 brn|[from] brn
|-damage|p1a: Wartortle|11/100 brn|[from] brn
|upkeep
|turn|42
|
|t:|1638812194
|move|p2a: Jellicent|Recover|p2a: Jellicent
|-heal|p2a: Jellicent|100/100 brn
|move|p1a: Wartortle|Flip Turn|p2a: Jellicent
|-resisted|p2a: Jellicent
|-damage|p2a: Jellicent|97/100 brn
|
|t:|1638812200
|switch|p1a: Jolteon|Jolteon, M|65/100|[from]move: Flip Turn
|
|-damage|p2a: Jellicent|90/100 brn|[from] brn
|upkeep
|turn|43
|
|t:|1638812213
|switch|p2a: Ribombee|Ribombee, F|27/100
|move|p1a: Jolteon|Volt Switch|p2a: Ribombee
|-damage|p2a: Ribombee|0 fnt
|faint|p2a: Ribombee
|
|t:|1638812222
|switch|p1a: Type: Null|Type: Null|78/100 brn|[from]move: Volt Switch
|
|-damage|p1a: Type: Null|72/100 brn|[from] brn
|upkeep
|
|t:|1638812227
|switch|p2a: Jellicent|Jellicent, M|90/100 brn
|turn|44
|
|t:|1638812231
|move|p2a: Jellicent|Taunt|p1a: Type: Null
|-start|p1a: Type: Null|move: Taunt
|move|p1a: Type: Null|U-turn|p2a: Jellicent
|-resisted|p2a: Jellicent
|-damage|p2a: Jellicent|87/100 brn
|
|t:|1638812237
|switch|p1a: Jolteon|Jolteon, M|65/100|[from]move: U-turn
|
|-damage|p2a: Jellicent|81/100 brn|[from] brn
|upkeep
|turn|45
|
|t:|1638812242
|move|p1a: Jolteon|Thunderbolt|p2a: Jellicent
|-supereffective|p2a: Jellicent
|-damage|p2a: Jellicent|0 fnt
|faint|p2a: Jellicent
|
|upkeep
|
|t:|1638812244
|switch|p2a: Abomasnow|Abomasnow, F|33/100 brn
|-weather|Hail|[from] ability: Snow Warning|[of] p2a: Abomasnow
|turn|46
|
|t:|1638812250
|switch|p1a: Wartortle|Wartortle, M|11/100 brn
|move|p2a: Abomasnow|Leech Seed|p1a: Wartortle
|-start|p1a: Wartortle|move: Leech Seed
|
|-weather|Hail|[upkeep]
|-damage|p1a: Wartortle|5/100 brn|[from] Hail
|-heal|p2a: Abomasnow|39/100 brn|[from] item: Leftovers
|-damage|p1a: Wartortle|0 fnt|[from] Leech Seed|[of] p2a: Abomasnow
|-heal|p2a: Abomasnow|42/100 brn|[silent]
|faint|p1a: Wartortle
|-damage|p2a: Abomasnow|36/100 brn|[from] brn
|upkeep
|
|t:|1638812261
|switch|p1a: Jolteon|Jolteon, M|65/100
|turn|47
|
|t:|1638812266
|move|p1a: Jolteon|Hyper Voice|p2a: Abomasnow
|-crit|p2a: Abomasnow
|-damage|p2a: Abomasnow|0 fnt
|faint|p2a: Abomasnow
|
|win|174578m
|raw|174578m's rating: 1215 &rarr; <strong>1252</strong><br />(+37 for winning)
|raw|hyurrg's rating: 1391 &rarr; <strong>1362</strong><br />(-29 for losing)
|c|☆174578m|gg
|c|☆hyurrg|gg
|l|☆hyurrg
||Ladder isn't responding, score probably updated but might not have (Request timeout).
