|j|☆I bummi ci volunu
|j|☆uult5 somalia
|player|p1|I bummi ci volunu|169|1393
|player|p2|uult5 somalia|marlon|1465
|teamsize|p1|6
|teamsize|p2|6
|gametype|singles
|gen|8
|tier|[Gen 8] PU
|rated|
|clearpoke
|poke|p1|Rapidash-Galar, F|
|poke|p1|Mr. Rime, M|
|poke|p1|Crustle, M|
|poke|p1|Gourgeist-*, F|
|poke|p1|Falinks|
|poke|p1|Fraxure, F|
|poke|p2|Basculin-Blue-Striped, M|
|poke|p2|Crustle, M|
|poke|p2|Gourgeist-*, M|
|poke|p2|Pikachu, F|
|poke|p2|Gothitelle, M|
|poke|p2|Hitmontop, M|
|rule|Sleep Clause Mod: Limit one foe put to sleep
|rule|Species Clause: Limit one of each Pokémon
|rule|OHKO Clause: OHKO moves are banned
|rule|Evasion Moves Clause: Evasion moves are banned
|rule|Endless Battle Clause: Forcing endless battles is banned
|rule|HP Percentage Mod: HP is shown in percentages
|rule|Dynamax Clause: You cannot dynamax
|teampreview
|c|☆uult5 somalia|HF
|inactive|Battle timer is ON: inactive players will automatically lose when time's up. (requested by uult5 somalia)
|
|start
|switch|p1a: Crustle|Crustle, M|100/100
|switch|p2a: DEVIL'S LANCE|Crustle, M|100/100
|turn|1
|c|☆I bummi ci volunu|yo
|c|☆I bummi ci volunu|my man
|
|move|p1a: Crustle|Stealth Rock|p2a: DEVIL'S LANCE
|-sidestart|p2: uult5 somalia|move: Stealth Rock
|move|p2a: DEVIL'S LANCE|Stealth Rock|p1a: Crustle
|-sidestart|p1: I bummi ci volunu|move: Stealth Rock
|
|upkeep
|turn|2
|c|☆uult5 somalia|yo
|
|move|p1a: Crustle|Spikes|p2a: DEVIL'S LANCE
|-sidestart|p2: uult5 somalia|Spikes
|move|p2a: DEVIL'S LANCE|Stone Edge|p1a: Crustle|[miss]
|-miss|p2a: DEVIL'S LANCE|p1a: Crustle
|
|upkeep
|turn|3
|
|move|p1a: Crustle|Spikes|p2a: DEVIL'S LANCE
|-sidestart|p2: uult5 somalia|Spikes
|move|p2a: DEVIL'S LANCE|Spikes|p1a: Crustle
|-sidestart|p1: I bummi ci volunu|Spikes
|
|upkeep
|turn|4
|
|move|p2a: DEVIL'S LANCE|Spikes|p1a: Crustle
|-sidestart|p1: I bummi ci volunu|Spikes
|move|p1a: Crustle|Spikes|p2a: DEVIL'S LANCE
|-sidestart|p2: uult5 somalia|Spikes
|
|upkeep
|turn|5
|j| OFCOP
|
|move|p1a: Crustle|Earthquake|p2a: DEVIL'S LANCE
|-damage|p2a: DEVIL'S LANCE|70/100
|-ability|p2a: DEVIL'S LANCE|Weak Armor|boost
|-unboost|p2a: DEVIL'S LANCE|def|1
|-boost|p2a: DEVIL'S LANCE|spe|2
|move|p2a: DEVIL'S LANCE|Spikes|p1a: Crustle
|-sidestart|p1: I bummi ci volunu|Spikes
|
|upkeep
|turn|6
|
|move|p2a: DEVIL'S LANCE|Stone Edge|p1a: Crustle|[miss]
|-miss|p2a: DEVIL'S LANCE|p1a: Crustle
|move|p1a: Crustle|Stone Edge|p2a: DEVIL'S LANCE|[miss]
|-miss|p1a: Crustle|p2a: DEVIL'S LANCE
|
|upkeep
|turn|7
|
|move|p2a: DEVIL'S LANCE|Stone Edge|p1a: Crustle
|-supereffective|p1a: Crustle
|-crit|p1a: Crustle
|-enditem|p1a: Crustle|Focus Sash
|-damage|p1a: Crustle|1/100
|-ability|p1a: Crustle|Weak Armor|boost
|-unboost|p1a: Crustle|def|1
|-boost|p1a: Crustle|spe|2
|move|p1a: Crustle|Stone Edge|p2a: DEVIL'S LANCE
|-supereffective|p2a: DEVIL'S LANCE
|-damage|p2a: DEVIL'S LANCE|0 fnt
|faint|p2a: DEVIL'S LANCE
|
|upkeep
|inactive|uult5 somalia has 120 seconds left.
|inactive|uult5 somalia has 90 seconds left.
|
|switch|p2a: DRAGON SHOT|Basculin-Blue-Striped, M|100/100
|-damage|p2a: DRAGON SHOT|88/100|[from] Stealth Rock
|-damage|p2a: DRAGON SHOT|63/100|[from] Spikes
|turn|8
|
|move|p2a: DRAGON SHOT|Aqua Jet|p1a: Crustle
|-supereffective|p1a: Crustle
|-damage|p1a: Crustle|0 fnt
|faint|p1a: Crustle
|
|upkeep
|
|switch|p1a: Mr. Rime|Mr. Rime, M|100/100
|turn|9
|inactive|uult5 somalia has 60 seconds left.
|
|switch|p2a: FORMLESS|Gourgeist, M|100/100
|-damage|p2a: FORMLESS|76/100|[from] Spikes
|-damage|p2a: FORMLESS|64/100|[from] Stealth Rock
|-item|p1a: Mr. Rime|Heavy-Duty Boots|[from] ability: Frisk|[of] p2a: FORMLESS|[identify]
|move|p1a: Mr. Rime|Freeze-Dry|p2a: FORMLESS
|-supereffective|p2a: FORMLESS
|-damage|p2a: FORMLESS|0 fnt
|faint|p2a: FORMLESS
|
|upkeep
|inactive|uult5 somalia has 30 seconds left.
|inactive|uult5 somalia has 20 seconds left.
|inactive|uult5 somalia has 15 seconds left.
|
|switch|p2a: DRAGON SHOT|Basculin-Blue-Striped, M|63/100
|-damage|p2a: DRAGON SHOT|51/100|[from] Stealth Rock
|-damage|p2a: DRAGON SHOT|26/100|[from] Spikes
|turn|10
|inactive|uult5 somalia has 25 seconds left this turn.
|inactive|uult5 somalia has 20 seconds left.
|
|switch|p1a: Gourgeist|Gourgeist-Super, F|100/100
|-damage|p1a: Gourgeist|76/100|[from] Spikes
|-damage|p1a: Gourgeist|64/100|[from] Stealth Rock
|-item|p2a: DRAGON SHOT|Mystic Water|[from] ability: Frisk|[of] p1a: Gourgeist|[identify]
|move|p2a: DRAGON SHOT|Head Smash|p1a: Gourgeist
|-damage|p1a: Gourgeist|24/100
|-damage|p2a: DRAGON SHOT|3/100|[from] Recoil
|
|upkeep
|turn|11
|inactive|uult5 somalia has 30 seconds left this turn.
|inactive|uult5 somalia has 20 seconds left.
|inactive|uult5 somalia has 15 seconds left.
|inactive|uult5 somalia has 10 seconds left.
|
|move|p1a: Gourgeist|Shadow Sneak|p2a: DRAGON SHOT
|-damage|p2a: DRAGON SHOT|0 fnt
|faint|p2a: DRAGON SHOT
|
|upkeep
|inactive|uult5 somalia has 15 seconds left this turn.
|
|switch|p2a: HAMMER OF BURMA|Hitmontop, M|100/100
|-damage|p2a: HAMMER OF BURMA|95/100|[from] Stealth Rock
|-damage|p2a: HAMMER OF BURMA|70/100|[from] Spikes
|turn|12
|inactive|uult5 somalia has 25 seconds left this turn.
|inactive|uult5 somalia has 20 seconds left.
|
|move|p1a: Gourgeist|Shadow Sneak|p2a: HAMMER OF BURMA
|-damage|p2a: HAMMER OF BURMA|37/100
|move|p2a: HAMMER OF BURMA|Bullet Punch|p1a: Gourgeist
|-damage|p1a: Gourgeist|6/100
|
|upkeep
|turn|13
|inactive|uult5 somalia has 30 seconds left this turn.
|
|move|p1a: Gourgeist|Shadow Sneak|p2a: HAMMER OF BURMA
|-damage|p2a: HAMMER OF BURMA|2/100
|move|p2a: HAMMER OF BURMA|Bullet Punch|p1a: Gourgeist
|-damage|p1a: Gourgeist|0 fnt
|faint|p1a: Gourgeist
|
|upkeep
|
|switch|p1a: Falinks|Falinks|100/100
|-damage|p1a: Falinks|76/100|[from] Spikes
|-damage|p1a: Falinks|70/100|[from] Stealth Rock
|turn|14
|
|move|p1a: Falinks|First Impression|p2a: HAMMER OF BURMA
|-resisted|p2a: HAMMER OF BURMA
|-damage|p2a: HAMMER OF BURMA|0 fnt
|-damage|p1a: Falinks|60/100|[from] item: Life Orb
|faint|p2a: HAMMER OF BURMA
|
|upkeep
|inactive|uult5 somalia has 30 seconds left.
|inactive|uult5 somalia has 20 seconds left.
|
|switch|p2a: NIKO STYLE|Pikachu, F|100/100
|-damage|p2a: NIKO STYLE|76/100|[from] Spikes
|-damage|p2a: NIKO STYLE|64/100|[from] Stealth Rock
|turn|15
|inactive|uult5 somalia has 30 seconds left this turn.
|
|switch|p1a: Rapidash|Rapidash-Galar, F|100/100
|-damage|p1a: Rapidash|76/100|[from] Spikes
|-damage|p1a: Rapidash|64/100|[from] Stealth Rock
|move|p2a: NIKO STYLE|Fake Out|p1a: Rapidash
|-damage|p1a: Rapidash|32/100
|
|upkeep
|turn|16
|
|move|p2a: NIKO STYLE|Extreme Speed|p1a: Rapidash
|-crit|p1a: Rapidash
|-damage|p1a: Rapidash|0 fnt
|faint|p1a: Rapidash
|
|upkeep
|
|switch|p1a: Falinks|Falinks|60/100
|-damage|p1a: Falinks|54/100|[from] Stealth Rock
|-damage|p1a: Falinks|29/100|[from] Spikes
|turn|17
|j| Haffling
|c| Haffling|Yo fam
|
|move|p2a: NIKO STYLE|Extreme Speed|p1a: Falinks
|-damage|p1a: Falinks|0 fnt
|faint|p1a: Falinks
|
|upkeep
|
|switch|p1a: Fraxure|Fraxure, F|100/100
|-damage|p1a: Fraxure|88/100|[from] Stealth Rock
|-damage|p1a: Fraxure|63/100|[from] Spikes
|-ability|p1a: Fraxure|Mold Breaker
|turn|18
|c|☆uult5 somalia|hi bro
|
|move|p2a: NIKO STYLE|Extreme Speed|p1a: Fraxure
|-damage|p1a: Fraxure|2/100
|move|p1a: Fraxure|First Impression|p2a: NIKO STYLE
|-damage|p2a: NIKO STYLE|0 fnt
|faint|p2a: NIKO STYLE
|
|upkeep
|
|switch|p2a: EVOLUTION|Gothitelle, M|100/100
|-damage|p2a: EVOLUTION|88/100|[from] Stealth Rock
|-damage|p2a: EVOLUTION|63/100|[from] Spikes
|turn|19
|
|switch|p1a: Mr. Rime|Mr. Rime, M|100/100
|move|p2a: EVOLUTION|Cosmic Power|p2a: EVOLUTION
|-boost|p2a: EVOLUTION|def|1
|-boost|p2a: EVOLUTION|spd|1
|
|upkeep
|turn|20
|
|move|p1a: Mr. Rime|Rapid Spin|p2a: EVOLUTION
|-damage|p2a: EVOLUTION|59/100
|-boost|p1a: Mr. Rime|spe|1
|-sideend|p1: I bummi ci volunu|Spikes|[from] move: Rapid Spin|[of] p1a: Mr. Rime
|-sideend|p1: I bummi ci volunu|Stealth Rock|[from] move: Rapid Spin|[of] p1a: Mr. Rime
|move|p2a: EVOLUTION|Cosmic Power|p2a: EVOLUTION
|-boost|p2a: EVOLUTION|def|1
|-boost|p2a: EVOLUTION|spd|1
|
|upkeep
|turn|21
|
|move|p1a: Mr. Rime|Nasty Plot|p1a: Mr. Rime
|-boost|p1a: Mr. Rime|spa|2
|move|p2a: EVOLUTION|Cosmic Power|p2a: EVOLUTION
|-boost|p2a: EVOLUTION|def|1
|-boost|p2a: EVOLUTION|spd|1
|
|upkeep
|turn|22
|
|move|p1a: Mr. Rime|Freeze-Dry|p2a: EVOLUTION
|-damage|p2a: EVOLUTION|34/100
|move|p2a: EVOLUTION|Stored Power|p1a: Mr. Rime
|-resisted|p1a: Mr. Rime
|-damage|p1a: Mr. Rime|75/100
|
|upkeep
|turn|23
|
|move|p1a: Mr. Rime|Freeze-Dry|p2a: EVOLUTION
|-damage|p2a: EVOLUTION|12/100
|move|p2a: EVOLUTION|Rest|p2a: EVOLUTION
|-status|p2a: EVOLUTION|slp|[from] move: Rest
|-heal|p2a: EVOLUTION|100/100 slp|[silent]
|
|upkeep
|turn|24
|
|move|p1a: Mr. Rime|Nasty Plot|p1a: Mr. Rime
|-boost|p1a: Mr. Rime|spa|2
|cant|p2a: EVOLUTION|slp
|move|p2a: EVOLUTION|Sleep Talk|p2a: EVOLUTION
|move|p2a: EVOLUTION|Stored Power|p1a: Mr. Rime|[from]Sleep Talk
|-resisted|p1a: Mr. Rime
|-damage|p1a: Mr. Rime|50/100
|
|upkeep
|turn|25
|
|move|p1a: Mr. Rime|Freeze-Dry|p2a: EVOLUTION
|-crit|p2a: EVOLUTION
|-damage|p2a: EVOLUTION|0 fnt
|faint|p2a: EVOLUTION
|
|win|I bummi ci volunu
