|j|☆kindersurprise2 0
|j|☆Morzhovich
|t:|1664471568
|gametype|singles
|player|p1|kindersurprise2 0|emmet|1329
|player|p2|Morzhovich|hiker-gen4|1278
|teamsize|p1|6
|teamsize|p2|6
|gen|8
|tier|[Gen 8] PU
|rated|
|rule|Sleep Clause Mod: Limit one foe put to sleep
|rule|Species Clause: Limit one of each Pokémon
|rule|OHKO Clause: OHKO moves are banned
|rule|Evasion Items Clause: Evasion items are banned
|rule|Evasion Moves Clause: Evasion moves are banned
|rule|Endless Battle Clause: Forcing endless battles is banned
|rule|HP Percentage Mod: HP is shown in percentages
|rule|Dynamax Clause: You cannot dynamax
|clearpoke
|poke|p1|Archeops, M|
|poke|p1|Sandaconda, M|
|poke|p1|Malamar, F|
|poke|p1|Eldegoss, M|
|poke|p1|Centiskorch, M|
|poke|p1|Aromatisse, M|
|poke|p2|Weezing, M|
|poke|p2|Ferroseed, F|
|poke|p2|Charizard, F|
|poke|p2|Gallade, M|
|poke|p2|Persian, F|
|poke|p2|Galvantula, M|
|teampreview
|inactive|Battle timer is ON: inactive players will automatically lose when time's up. (requested by Morzhovich)
|
|t:|1664471586
|start
|switch|p1a: Birb|Archeops, M|100/100
|switch|p2a: Persian|Persian, F|100/100
|turn|1
|
|t:|1664471593
|switch|p1a: Flour|Eldegoss, M|100/100
|move|p2a: Persian|Fake Out|p1a: Flour
|-damage|p1a: Flour|79/100
|-damage|p2a: Persian|84/100|[from] item: Rocky Helmet|[of] p1a: Flour
|
|upkeep
|turn|2
|
|t:|1664471607
|move|p2a: Persian|U-turn|p1a: Flour
|-supereffective|p1a: Flour
|-damage|p1a: Flour|50/100
|-damage|p2a: Persian|67/100|[from] item: Rocky Helmet|[of] p1a: Flour
|
|t:|1664471612
|switch|p2a: Galvantula|Galvantula, M|100/100|[from]move: U-turn
|move|p1a: Flour|Giga Drain|p2a: Galvantula
|-resisted|p2a: Galvantula
|-damage|p2a: Galvantula|82/100
|-heal|p1a: Flour|58/100|[from] drain|[of] p2a: Galvantula
|
|upkeep
|turn|3
|
|t:|1664471620
|switch|p1a: Swish|Aromatisse, M|100/100
|move|p2a: Galvantula|Sticky Web|p1a: Swish
|-sidestart|p1: kindersurprise2 0|move: Sticky Web
|
|upkeep
|turn|4
|
|t:|1664471632
|move|p2a: Galvantula|Volt Switch|p1a: Swish
|-damage|p1a: Swish|79/100
|
|t:|1664471635
|switch|p2a: Ferroseed|Ferroseed, F|100/100|[from]move: Volt Switch
|move|p1a: Swish|Wish|p1a: Swish
|
|-heal|p1a: Swish|85/100|[from] item: Leftovers
|upkeep
|turn|5
|
|t:|1664471644
|switch|p1a: Malamar|Malamar, F|100/100
|-activate|p1a: Malamar|move: Sticky Web
|-boost|p1a: Malamar|spe|1
|move|p2a: Ferroseed|Stealth Rock|p1a: Malamar
|-sidestart|p1: kindersurprise2 0|move: Stealth Rock
|
|upkeep
|turn|6
|
|t:|1664471655
|move|p1a: Malamar|Superpower|p2a: Ferroseed
|-supereffective|p2a: Ferroseed
|-crit|p2a: Ferroseed
|-damage|p2a: Ferroseed|31/100
|-boost|p1a: Malamar|atk|1
|-boost|p1a: Malamar|def|1
|-damage|p1a: Malamar|88/100|[from] ability: Iron Barbs|[of] p2a: Ferroseed
|move|p2a: Ferroseed|Leech Seed|p1a: Malamar
|-start|p1a: Malamar|move: Leech Seed
|
|-damage|p1a: Malamar|75/100|[from] Leech Seed|[of] p2a: Ferroseed
|-heal|p2a: Ferroseed|51/100|[silent]
|upkeep
|turn|7
|
|t:|1664471666
|move|p2a: Ferroseed|Protect|p2a: Ferroseed
|-singleturn|p2a: Ferroseed|Protect
|move|p1a: Malamar|Superpower|p2a: Ferroseed
|-activate|p2a: Ferroseed|move: Protect
|
|-damage|p1a: Malamar|63/100|[from] Leech Seed|[of] p2a: Ferroseed
|-heal|p2a: Ferroseed|72/100|[silent]
|upkeep
|turn|8
|
|t:|1664471677
|move|p1a: Malamar|Superpower|p2a: Ferroseed
|-supereffective|p2a: Ferroseed
|-damage|p2a: Ferroseed|1/100
|-boost|p1a: Malamar|atk|1
|-boost|p1a: Malamar|def|1
|-damage|p1a: Malamar|50/100|[from] ability: Iron Barbs|[of] p2a: Ferroseed
|move|p2a: Ferroseed|Gyro Ball|p1a: Malamar
|-damage|p1a: Malamar|36/100
|
|-damage|p1a: Malamar|24/100|[from] Leech Seed|[of] p2a: Ferroseed
|-heal|p2a: Ferroseed|21/100|[silent]
|upkeep
|turn|9
|
|t:|1664471688
|move|p2a: Ferroseed|Protect|p2a: Ferroseed
|-singleturn|p2a: Ferroseed|Protect
|move|p1a: Malamar|Rest|p1a: Malamar
|-status|p1a: Malamar|slp|[from] move: Rest
|-heal|p1a: Malamar|100/100 slp|[silent]
|-enditem|p1a: Malamar|Chesto Berry|[eat]
|-curestatus|p1a: Malamar|slp|[msg]
|
|-damage|p1a: Malamar|88/100|[from] Leech Seed|[of] p2a: Ferroseed
|-heal|p2a: Ferroseed|42/100|[silent]
|upkeep
|turn|10
|
|t:|1664471700
|switch|p2a: Weezing|Weezing, M|100/100
|move|p1a: Malamar|Superpower|p2a: Weezing
|-resisted|p2a: Weezing
|-damage|p2a: Weezing|81/100
|-boost|p1a: Malamar|atk|1
|-boost|p1a: Malamar|def|1
|-damage|p1a: Malamar|72/100|[from] item: Rocky Helmet|[of] p2a: Weezing
|
|-damage|p1a: Malamar|59/100|[from] Leech Seed|[of] p2a: Weezing
|-heal|p2a: Weezing|95/100|[silent]
|upkeep
|turn|11
|
|t:|1664471712
|move|p1a: Malamar|Psycho Cut|p2a: Weezing
|-supereffective|p2a: Weezing
|-damage|p2a: Weezing|15/100
|move|p2a: Weezing|Will-O-Wisp|p1a: Malamar
|-status|p1a: Malamar|brn
|
|-damage|p1a: Malamar|47/100 brn|[from] Leech Seed|[of] p2a: Weezing
|-heal|p2a: Weezing|29/100|[silent]
|-damage|p1a: Malamar|40/100 brn|[from] brn
|upkeep
|turn|12
|
|t:|1664471722
|switch|p2a: Ferroseed|Ferroseed, F|42/100
|move|p1a: Malamar|Knock Off|p2a: Ferroseed
|-damage|p2a: Ferroseed|7/100
|-damage|p1a: Malamar|28/100 brn|[from] ability: Iron Barbs|[of] p2a: Ferroseed
|-enditem|p2a: Ferroseed|Eviolite|[from] move: Knock Off|[of] p1a: Malamar
|
|-damage|p1a: Malamar|15/100 brn|[from] Leech Seed|[of] p2a: Ferroseed
|-heal|p2a: Ferroseed|28/100|[silent]
|-damage|p1a: Malamar|9/100 brn|[from] brn
|upkeep
|turn|13
|
|t:|1664471737
|move|p1a: Malamar|Rest|p1a: Malamar
|-status|p1a: Malamar|slp|[from] move: Rest
|-heal|p1a: Malamar|100/100 slp|[silent]
|move|p2a: Ferroseed|Gyro Ball|p1a: Malamar
|-damage|p1a: Malamar|87/100 slp
|
|-damage|p1a: Malamar|75/100 slp|[from] Leech Seed|[of] p2a: Ferroseed
|-heal|p2a: Ferroseed|48/100|[silent]
|upkeep
|turn|14
|inactive|Morzhovich has 120 seconds left.
|
|t:|1664471765
|switch|p2a: Gallade|Gallade, M|100/100
|cant|p1a: Malamar|slp
|
|-damage|p1a: Malamar|62/100 slp|[from] Leech Seed|[of] p2a: Gallade
|upkeep
|turn|15
|
|t:|1664471773
|move|p2a: Gallade|Close Combat|p1a: Malamar
|-damage|p1a: Malamar|27/100 slp
|-unboost|p2a: Gallade|def|1
|-unboost|p2a: Gallade|spd|1
|cant|p1a: Malamar|slp
|
|-damage|p1a: Malamar|15/100 slp|[from] Leech Seed|[of] p2a: Gallade
|upkeep
|turn|16
|
|t:|1664471781
|move|p2a: Gallade|Close Combat|p1a: Malamar
|-damage|p1a: Malamar|0 fnt
|-unboost|p2a: Gallade|def|1
|-unboost|p2a: Gallade|spd|1
|faint|p1a: Malamar
|
|upkeep
|
|t:|1664471791
|switch|p1a: Birb|Archeops, M|100/100
|-damage|p1a: Birb|76/100|[from] Stealth Rock
|turn|17
|
|t:|1664471795
|switch|p2a: Weezing|Weezing, M|29/100
|move|p1a: Birb|Dual Wingbeat|p2a: Weezing
|-damage|p2a: Weezing|5/100
|-damage|p1a: Birb|59/100|[from] item: Rocky Helmet|[of] p2a: Weezing
|-damage|p2a: Weezing|0 fnt
|-damage|p1a: Birb|43/100|[from] item: Rocky Helmet|[of] p2a: Weezing
|faint|p2a: Weezing
|-hitcount|p2: Weezing|2
|
|upkeep
|
|t:|1664471812
|switch|p2a: Persian|Persian, F|67/100
|turn|18
|
|t:|1664471817
|switch|p1a: Flour|Eldegoss, M|92/100
|-activate|p1a: Flour|move: Sticky Web
|-unboost|p1a: Flour|spe|1
|-damage|p1a: Flour|79/100|[from] Stealth Rock
|move|p2a: Persian|Fake Out|p1a: Flour
|-damage|p1a: Flour|58/100
|-damage|p2a: Persian|51/100|[from] item: Rocky Helmet|[of] p1a: Flour
|
|upkeep
|turn|19
|
|t:|1664471827
|move|p2a: Persian|U-turn|p1a: Flour
|-supereffective|p1a: Flour
|-damage|p1a: Flour|30/100
|-damage|p2a: Persian|34/100|[from] item: Rocky Helmet|[of] p1a: Flour
|
|t:|1664471840
|switch|p2a: Charizard|Charizard, F|100/100|[from]move: U-turn
|move|p1a: Flour|Rapid Spin|p2a: Charizard
|-damage|p2a: Charizard|92/100
|-boost|p1a: Flour|spe|1
|-sideend|p1: kindersurprise2 0|Stealth Rock|[from] move: Rapid Spin|[of] p1a: Flour
|-sideend|p1: kindersurprise2 0|Sticky Web|[from] move: Rapid Spin|[of] p1a: Flour
|
|upkeep
|turn|20
|
|t:|1664471851
|switch|p1a: Swish|Aromatisse, M|85/100
|move|p2a: Charizard|Flamethrower|p1a: Swish
|-crit|p1a: Swish
|-damage|p1a: Swish|42/100
|
|-heal|p1a: Swish|48/100|[from] item: Leftovers
|upkeep
|turn|21
|
|t:|1664471859
|move|p2a: Charizard|Flamethrower|p1a: Swish
|-damage|p1a: Swish|19/100
|move|p1a: Swish|Wish|p1a: Swish
|
|-heal|p1a: Swish|25/100|[from] item: Leftovers
|upkeep
|turn|22
|
|t:|1664471870
|switch|p2a: Ferroseed|Ferroseed, F|48/100
|move|p1a: Swish|Protect||[still]
|-fail|p1a: Swish
|
|-heal|p1a: Swish|75/100|[from] move: Wish|[wisher] Swish
|-heal|p1a: Swish|81/100|[from] item: Leftovers
|upkeep
|turn|23
|
|t:|1664471881
|switch|p1a: Noodle|Centiskorch, M|100/100
|move|p2a: Ferroseed|Stealth Rock|p1a: Noodle
|-sidestart|p1: kindersurprise2 0|move: Stealth Rock
|
|upkeep
|turn|24
|
|t:|1664471888
|switch|p2a: Charizard|Charizard, F|92/100
|move|p1a: Noodle|Fire Lash|p2a: Charizard
|-resisted|p2a: Charizard
|-damage|p2a: Charizard|70/100
|-unboost|p2a: Charizard|def|1
|
|upkeep
|turn|25
|
|t:|1664471896
|switch|p1a: Swish|Aromatisse, M|81/100
|-damage|p1a: Swish|69/100|[from] Stealth Rock
|move|p2a: Charizard|Air Slash|p1a: Swish
|-damage|p1a: Swish|47/100
|
|-heal|p1a: Swish|53/100|[from] item: Leftovers
|upkeep
|turn|26
|
|t:|1664471908
|switch|p2a: Ferroseed|Ferroseed, F|48/100
|move|p1a: Swish|Toxic|p2a: Ferroseed
|-immune|p2a: Ferroseed
|
|-heal|p1a: Swish|59/100|[from] item: Leftovers
|upkeep
|turn|27
|
|t:|1664471918
|move|p1a: Swish|Wish|p1a: Swish
|move|p2a: Ferroseed|Leech Seed|p1a: Swish|[miss]
|-miss|p2a: Ferroseed|p1a: Swish
|
|-heal|p1a: Swish|65/100|[from] item: Leftovers
|upkeep
|turn|28
|
|t:|1664471932
|switch|p1a: Noodle|Centiskorch, M|100/100
|-damage|p1a: Noodle|50/100|[from] Stealth Rock
|switch|p2a: Galvantula|Galvantula, M|82/100
|
|-heal|p1a: Noodle|100/100|[from] move: Wish|[wisher] Swish
|upkeep
|turn|29
|
|t:|1664471941
|move|p2a: Galvantula|Volt Switch|p1a: Noodle
|-damage|p1a: Noodle|77/100
|
|t:|1664471944
|switch|p2a: Charizard|Charizard, F|70/100|[from]move: Volt Switch
|move|p1a: Noodle|Fire Lash|p2a: Charizard
|-resisted|p2a: Charizard
|-damage|p2a: Charizard|48/100
|-unboost|p2a: Charizard|def|1
|
|-heal|p1a: Noodle|83/100|[from] item: Leftovers
|upkeep
|turn|30
|
|t:|1664471964
|switch|p1a: Swish|Aromatisse, M|65/100
|-damage|p1a: Swish|53/100|[from] Stealth Rock
|move|p2a: Charizard|Roost|p2a: Charizard
|-heal|p2a: Charizard|98/100
|-singleturn|p2a: Charizard|move: Roost
|
|-heal|p1a: Swish|59/100|[from] item: Leftovers
|upkeep
|turn|31
|
|t:|1664471977
|switch|p2a: Galvantula|Galvantula, M|82/100
|move|p1a: Swish|Wish|p1a: Swish
|
|-heal|p1a: Swish|65/100|[from] item: Leftovers
|upkeep
|turn|32
|
|t:|1664471987
|switch|p1a: Flour|Eldegoss, M|64/100
|-damage|p1a: Flour|51/100|[from] Stealth Rock
|move|p2a: Galvantula|Sticky Web|p1a: Flour
|-sidestart|p1: kindersurprise2 0|move: Sticky Web
|
|-heal|p1a: Flour|100/100|[from] move: Wish|[wisher] Swish
|upkeep
|turn|33
|
|t:|1664471996
|move|p2a: Galvantula|Bug Buzz|p1a: Flour
|-supereffective|p1a: Flour
|-damage|p1a: Flour|30/100
|move|p1a: Flour|Rapid Spin|p2a: Galvantula
|-crit|p2a: Galvantula
|-damage|p2a: Galvantula|66/100
|-boost|p1a: Flour|spe|1
|-sideend|p1: kindersurprise2 0|Stealth Rock|[from] move: Rapid Spin|[of] p1a: Flour
|-sideend|p1: kindersurprise2 0|Sticky Web|[from] move: Rapid Spin|[of] p1a: Flour
|
|upkeep
|turn|34
|
|t:|1664472006
|switch|p1a: Birb|Archeops, M|43/100
|move|p2a: Galvantula|Sticky Web|p1a: Birb
|-sidestart|p1: kindersurprise2 0|move: Sticky Web
|
|upkeep
|turn|35
|
|t:|1664472018
|switch|p2a: Ferroseed|Ferroseed, F|48/100
|move|p1a: Birb|Stone Edge|p2a: Ferroseed
|-resisted|p2a: Ferroseed
|-crit|p2a: Ferroseed
|-damage|p2a: Ferroseed|13/100
|
|upkeep
|turn|36
|
|t:|1664472028
|switch|p1a: Flour|Eldegoss, M|63/100
|-activate|p1a: Flour|move: Sticky Web
|-unboost|p1a: Flour|spe|1
|move|p2a: Ferroseed|Gyro Ball|p1a: Flour
|-damage|p1a: Flour|41/100
|-damage|p2a: Ferroseed|0 fnt|[from] item: Rocky Helmet|[of] p1a: Flour
|faint|p2a: Ferroseed
|
|upkeep
|
|t:|1664472042
|switch|p2a: Galvantula|Galvantula, M|66/100
|turn|37
|
|t:|1664472049
|switch|p1a: Snek|Sandaconda, M, shiny|100/100
|-activate|p1a: Snek|move: Sticky Web
|-unboost|p1a: Snek|spe|1
|move|p2a: Galvantula|Bug Buzz|p1a: Snek
|-damage|p1a: Snek|49/100
|
|-heal|p1a: Snek|55/100|[from] item: Leftovers
|upkeep
|turn|38
|
|t:|1664472061
|move|p2a: Galvantula|Bug Buzz|p1a: Snek
|-crit|p1a: Snek
|-damage|p1a: Snek|0 fnt
|faint|p1a: Snek
|
|upkeep
|
|t:|1664472073
|switch|p1a: Swish|Aromatisse, M|65/100
|-activate|p1a: Swish|move: Sticky Web
|-unboost|p1a: Swish|spe|1
|turn|39
|
|t:|1664472084
|move|p1a: Swish|Protect|p1a: Swish
|-singleturn|p1a: Swish|Protect
|move|p2a: Galvantula|Thunderbolt|p1a: Swish
|-activate|p1a: Swish|move: Protect
|
|-heal|p1a: Swish|71/100|[from] item: Leftovers
|upkeep
|turn|40
|
|t:|1664472092
|move|p2a: Galvantula|Bug Buzz|p1a: Swish
|-resisted|p1a: Swish
|-damage|p1a: Swish|59/100
|move|p1a: Swish|Wish|p1a: Swish
|
|-heal|p1a: Swish|65/100|[from] item: Leftovers
|upkeep
|turn|41
|
|t:|1664472099
|move|p2a: Galvantula|Thunderbolt|p1a: Swish
|-damage|p1a: Swish|39/100
|move|p1a: Swish|Toxic|p2a: Galvantula|[miss]
|-miss|p1a: Swish|p2a: Galvantula
|
|-heal|p1a: Swish|89/100|[from] move: Wish|[wisher] Swish
|-heal|p1a: Swish|96/100|[from] item: Leftovers
|upkeep
|turn|42
|
|t:|1664472114
|switch|p2a: Gallade|Gallade, M|100/100
|move|p1a: Swish|Wish|p1a: Swish
|
|-heal|p1a: Swish|100/100|[from] item: Leftovers
|upkeep
|turn|43
|
|t:|1664472120
|move|p2a: Gallade|Poison Jab|p1a: Swish
|-supereffective|p1a: Swish
|-damage|p1a: Swish|18/100
|-status|p1a: Swish|psn
|move|p1a: Swish|Moonblast|p2a: Gallade
|-supereffective|p2a: Gallade
|-damage|p2a: Gallade|26/100
|-unboost|p2a: Gallade|spa|1
|
|-heal|p1a: Swish|68/100 psn|[from] move: Wish|[wisher] Swish
|-heal|p1a: Swish|74/100 psn|[from] item: Leftovers
|-damage|p1a: Swish|62/100 psn|[from] psn
|upkeep
|turn|44
|inactive|kindersurprise2 0 has 120 seconds left.
|
|t:|1664472161
|move|p2a: Gallade|Poison Jab|p1a: Swish
|-supereffective|p1a: Swish
|-damage|p1a: Swish|0 fnt
|faint|p1a: Swish
|
|upkeep
|
|t:|1664472165
|switch|p1a: Birb|Archeops, M|43/100
|turn|45
|
|t:|1664472172
|move|p1a: Birb|Dual Wingbeat|p2a: Gallade
|-supereffective|p2a: Gallade
|-damage|p2a: Gallade|0 fnt
|faint|p2a: Gallade
|-hitcount|p2: Gallade|1
|
|upkeep
|
|t:|1664472186
|switch|p2a: Persian|Persian, F|34/100
|turn|46
|
|t:|1664472191
|switch|p1a: Flour|Eldegoss, M|75/100
|-activate|p1a: Flour|move: Sticky Web
|-unboost|p1a: Flour|spe|1
|move|p2a: Persian|Fake Out|p1a: Flour
|-damage|p1a: Flour|52/100
|-damage|p2a: Persian|18/100|[from] item: Rocky Helmet|[of] p1a: Flour
|
|upkeep
|turn|47
|
|t:|1664472204
|switch|p2a: Charizard|Charizard, F|98/100
|move|p1a: Flour|Sleep Powder|p2a: Charizard
|-status|p2a: Charizard|slp|[from] move: Sleep Powder
|
|upkeep
|turn|48
|
|t:|1664472213
|switch|p2a: Galvantula|Galvantula, M|66/100
|move|p1a: Flour|Leech Seed|p2a: Galvantula
|-start|p2a: Galvantula|move: Leech Seed
|
|-damage|p2a: Galvantula|53/100|[from] Leech Seed|[of] p1a: Flour
|-heal|p1a: Flour|63/100|[silent]
|upkeep
|turn|49
|
|t:|1664472222
|switch|p1a: Noodle|Centiskorch, M|83/100
|-activate|p1a: Noodle|move: Sticky Web
|-unboost|p1a: Noodle|spe|1
|move|p2a: Galvantula|Bug Buzz|p1a: Noodle
|-resisted|p1a: Noodle
|-damage|p1a: Noodle|68/100
|
|-heal|p1a: Noodle|75/100|[from] item: Leftovers
|-damage|p2a: Galvantula|41/100|[from] Leech Seed|[of] p1a: Noodle
|-heal|p1a: Noodle|83/100|[silent]
|upkeep
|turn|50
|
|t:|1664472237
|move|p2a: Galvantula|Volt Switch|p1a: Noodle
|-crit|p1a: Noodle
|-damage|p1a: Noodle|44/100
|
|t:|1664472241
|switch|p2a: Charizard|Charizard, F|98/100 slp|[from]move: Volt Switch
|move|p1a: Noodle|Coil|p1a: Noodle
|-boost|p1a: Noodle|atk|1
|-boost|p1a: Noodle|def|1
|-boost|p1a: Noodle|accuracy|1
|
|-heal|p1a: Noodle|50/100|[from] item: Leftovers
|upkeep
|turn|51
|
|t:|1664472251
|switch|p1a: Birb|Archeops, M|43/100
|cant|p2a: Charizard|slp
|
|upkeep
|turn|52
|
|t:|1664472260
|move|p1a: Birb|Stone Edge|p2a: Charizard|[miss]
|-miss|p1a: Birb|p2a: Charizard
|-curestatus|p2a: Charizard|slp|[msg]
|move|p2a: Charizard|Flamethrower|p1a: Birb
|-resisted|p1a: Birb
|-damage|p1a: Birb|6/100
|
|upkeep
|turn|53
|
|t:|1664472269
|move|p1a: Birb|Stone Edge|p2a: Charizard|[miss]
|-miss|p1a: Birb|p2a: Charizard
|move|p2a: Charizard|Flamethrower|p1a: Birb
|-resisted|p1a: Birb
|-damage|p1a: Birb|0 fnt
|faint|p1a: Birb
|
|upkeep
|
|t:|1664472276
|switch|p1a: Flour|Eldegoss, M|96/100
|-activate|p1a: Flour|move: Sticky Web
|-unboost|p1a: Flour|spe|1
|turn|54
|
|t:|1664472280
|move|p2a: Charizard|Flamethrower|p1a: Flour
|-supereffective|p1a: Flour
|-damage|p1a: Flour|31/100
|move|p1a: Flour|Sleep Powder|p2a: Charizard
|-status|p2a: Charizard|slp|[from] move: Sleep Powder
|
|upkeep
|turn|55
|
|t:|1664472290
|cant|p2a: Charizard|slp
|move|p1a: Flour|Leech Seed|p2a: Charizard|[miss]
|-miss|p1a: Flour|p2a: Charizard
|
|upkeep
|turn|56
|
|t:|1664472295
|cant|p2a: Charizard|slp
|move|p1a: Flour|Leech Seed|p2a: Charizard|[miss]
|-miss|p1a: Flour|p2a: Charizard
|
|upkeep
|turn|57
|
|t:|1664472300
|cant|p2a: Charizard|slp
|move|p1a: Flour|Leech Seed|p2a: Charizard
|-start|p2a: Charizard|move: Leech Seed
|
|-damage|p2a: Charizard|86/100 slp|[from] Leech Seed|[of] p1a: Flour
|-heal|p1a: Flour|42/100|[silent]
|upkeep
|turn|58
|
|t:|1664472306
|switch|p1a: Noodle|Centiskorch, M|50/100
|-activate|p1a: Noodle|move: Sticky Web
|-unboost|p1a: Noodle|spe|1
|-curestatus|p2a: Charizard|slp|[msg]
|move|p2a: Charizard|Flamethrower|p1a: Noodle
|-start|p1a: Noodle|ability: Flash Fire
|
|-heal|p1a: Noodle|56/100|[from] item: Leftovers
|-damage|p2a: Charizard|73/100|[from] Leech Seed|[of] p1a: Noodle
|-heal|p1a: Noodle|65/100|[silent]
|upkeep
|turn|59
|
|t:|1664472318
|move|p2a: Charizard|Air Slash|p1a: Noodle
|-supereffective|p1a: Noodle
|-damage|p1a: Noodle|7/100
|cant|p1a: Noodle|flinch
|
|-heal|p1a: Noodle|14/100|[from] item: Leftovers
|-damage|p2a: Charizard|61/100|[from] Leech Seed|[of] p1a: Noodle
|-heal|p1a: Noodle|23/100|[silent]
|upkeep
|turn|60
|
|t:|1664472325
|move|p2a: Charizard|Air Slash|p1a: Noodle
|-supereffective|p1a: Noodle
|-damage|p1a: Noodle|0 fnt
|faint|p1a: Noodle
|
|upkeep
|
|t:|1664472328
|switch|p1a: Flour|Eldegoss, M|76/100
|-activate|p1a: Flour|move: Sticky Web
|-unboost|p1a: Flour|spe|1
|turn|61
|
|t:|1664472332
|move|p2a: Charizard|Flamethrower|p1a: Flour
|-supereffective|p1a: Flour
|-damage|p1a: Flour|10/100
|move|p1a: Flour|Sleep Powder|p2a: Charizard
|-status|p2a: Charizard|slp|[from] move: Sleep Powder
|
|-damage|p2a: Charizard|48/100 slp|[from] Leech Seed|[of] p1a: Flour
|-heal|p1a: Flour|22/100|[silent]
|upkeep
|turn|62
|
|t:|1664472342
|switch|p2a: Galvantula|Galvantula, M|41/100
|move|p1a: Flour|Rapid Spin|p2a: Galvantula
|-damage|p2a: Galvantula|29/100
|-boost|p1a: Flour|spe|1
|-sideend|p1: kindersurprise2 0|Sticky Web|[from] move: Rapid Spin|[of] p1a: Flour
|
|upkeep
|turn|63
|
|t:|1664472349
|move|p2a: Galvantula|Bug Buzz|p1a: Flour
|-supereffective|p1a: Flour
|-damage|p1a: Flour|0 fnt
|faint|p1a: Flour
|
|win|Morzhovich
|raw|kindersurprise2 0's rating: 1329 &rarr; <strong>1306</strong><br />(-23 for losing)
|raw|Morzhovich's rating: 1278 &rarr; <strong>1307</strong><br />(+29 for winning)
|l|☆Morzhovich
