|html|<div class="broadcast-blue"><strong>[Gen 8] PU is currently suspecting Scyther! For information on how to participate check out the <a href="https://www.smogon.com/forums/threads/np-ss-pu-stage-11-turn-turn-turn-scyther-retest.3707179/">suspect thread</a>.</strong></div>
|j|☆Txapos
|j|☆QiYu5
|t:|1662854424
|gametype|singles
|player|p1|Txapos|biker|
|player|p2|QiYu5|drayden|
|teamsize|p1|6
|teamsize|p2|6
|gen|8
|tier|[Gen 8] PU
|rated|Tournament battle
|rule|Sleep Clause Mod: Limit one foe put to sleep
|rule|Species Clause: Limit one of each Pokémon
|rule|OHKO Clause: OHKO moves are banned
|rule|Evasion Items Clause: Evasion items are banned
|rule|Evasion Moves Clause: Evasion moves are banned
|rule|Endless Battle Clause: Forcing endless battles is banned
|rule|HP Percentage Mod: HP is shown in percentages
|rule|Dynamax Clause: You cannot dynamax
|clearpoke
|poke|p1|Rotom|
|poke|p1|Ribombee, M|
|poke|p1|Garbodor, F|
|poke|p1|Regirock|
|poke|p1|Eldegoss, M|
|poke|p1|Togedemaru, F|
|poke|p2|Thwackey, M|
|poke|p2|Gigalith, M|
|poke|p2|Silvally-*|
|poke|p2|Magneton|
|poke|p2|Cinccino, M|
|poke|p2|Aromatisse, F|
|teampreview
|j|@ShuckleDeath
|inactive|Battle timer is ON: inactive players will automatically lose when time's up. (requested by QiYu5)
|j| TSG Heathwood
|
|t:|1662854456
|start
|switch|p1a: Garbodor|Garbodor, F|100/100
|switch|p2a: 自古白发人多送黑发人|Cinccino, M|100/100
|turn|1
|
|t:|1662854467
|switch|p1a: Togedemaru|Togedemaru, F|100/100
|move|p2a: 自古白发人多送黑发人|Knock Off|p1a: Togedemaru
|-damage|p1a: Togedemaru|51/100
|-enditem|p1a: Togedemaru|Leftovers|[from] move: Knock Off|[of] p2a: 自古白发人多送黑发人
|-damage|p2a: 自古白发人多送黑发人|91/100|[from] item: Life Orb
|
|upkeep
|turn|2
|
|t:|1662854482
|switch|p2a: 都说要戴套啦|Magneton|100/100
|move|p1a: Togedemaru|Wish|p1a: Togedemaru
|
|upkeep
|turn|3
|
|t:|1662854495
|move|p1a: Togedemaru|U-turn|p2a: 都说要戴套啦
|-resisted|p2a: 都说要戴套啦
|-damage|p2a: 都说要戴套啦|94/100
|j| Regium Z
|
|t:|1662854517
|switch|p1a: Garbodor|Garbodor, F|100/100|[from]move: U-turn
|move|p2a: 都说要戴套啦|Tri Attack|p1a: Garbodor
|-damage|p1a: Garbodor|61/100
|-status|p1a: Garbodor|par
|
|-heal|p1a: Garbodor|100/100 par|[from] move: Wish|[wisher] Togedemaru
|upkeep
|turn|4
|inactive|Txapos has 120 seconds left.
|
|t:|1662854534
|move|p2a: 都说要戴套啦|Volt Switch|p1a: Garbodor
|-damage|p1a: Garbodor|57/100 par
|l| Regium Z
|
|t:|1662854556
|switch|p2a: 全集中岩之呼吸|Gigalith, M|100/100|[from]move: Volt Switch
|-weather|Sandstorm|[from] ability: Sand Stream|[of] p2a: 全集中岩之呼吸
|move|p1a: Garbodor|Toxic Spikes|p2a: 全集中岩之呼吸
|-sidestart|p2: QiYu5|move: Toxic Spikes
|
|-weather|Sandstorm|[upkeep]
|-damage|p1a: Garbodor|51/100 par|[from] Sandstorm
|upkeep
|turn|5
|inactive|Txapos has 120 seconds left.
|
|t:|1662854583
|switch|p1a: Togedemaru|Togedemaru, F|51/100
|move|p2a: 全集中岩之呼吸|Stealth Rock|p1a: Togedemaru
|-sidestart|p1: Txapos|move: Stealth Rock
|
|-weather|Sandstorm|[upkeep]
|upkeep
|turn|6
|j| PokEmil
|inactive|QiYu5 has 120 seconds left.
|l| TSG Heathwood
|l| PokEmil
|
|t:|1662854616
|switch|p2a: 如果我是Dj你会爱我吗|Silvally-Poison|100/100
|-sideend|p2: QiYu5|move: Toxic Spikes|[of] p2a: 如果我是Dj你会爱我吗
|move|p1a: Togedemaru|U-turn|p2a: 如果我是Dj你会爱我吗
|-resisted|p2a: 如果我是Dj你会爱我吗
|-damage|p2a: 如果我是Dj你会爱我吗|95/100
|inactive|Txapos has 90 seconds left.
|
|t:|1662854627
|switch|p1a: Garbodor|Garbodor, F|51/100 par|[from]move: U-turn
|-damage|p1a: Garbodor|39/100 par|[from] Stealth Rock
|
|-weather|Sandstorm|[upkeep]
|-damage|p2a: 如果我是Dj你会爱我吗|89/100|[from] Sandstorm
|-damage|p1a: Garbodor|33/100 par|[from] Sandstorm
|upkeep
|turn|7
|inactive|Txapos has 90 seconds left.
|inactive|QiYu5 has 120 seconds left.
|
|t:|1662854667
|move|p2a: 如果我是Dj你会爱我吗|Flamethrower|p1a: Garbodor
|-damage|p1a: Garbodor|9/100 par
|move|p1a: Garbodor|Stomping Tantrum|p2a: 如果我是Dj你会爱我吗
|-supereffective|p2a: 如果我是Dj你会爱我吗
|-damage|p2a: 如果我是Dj你会爱我吗|66/100
|
|-weather|Sandstorm|[upkeep]
|-damage|p2a: 如果我是Dj你会爱我吗|60/100|[from] Sandstorm
|-damage|p1a: Garbodor|3/100 par|[from] Sandstorm
|upkeep
|turn|8
|
|t:|1662854689
|move|p2a: 如果我是Dj你会爱我吗|Flamethrower|p1a: Garbodor
|-damage|p1a: Garbodor|0 fnt
|faint|p1a: Garbodor
|
|-weather|none
|upkeep
|inactive|Txapos has 60 seconds left.
|
|t:|1662854703
|switch|p1a: Rotom|Rotom|100/100
|-damage|p1a: Rotom|88/100|[from] Stealth Rock
|turn|9
|inactive|QiYu5 has 120 seconds left.
|inactive|Txapos has 60 seconds left.
|
|t:|1662854716
|switch|p2a: 全集中岩之呼吸|Gigalith, M|100/100
|-weather|Sandstorm|[from] ability: Sand Stream|[of] p2a: 全集中岩之呼吸
|move|p1a: Rotom|Thunderbolt|p2a: 全集中岩之呼吸
|-damage|p2a: 全集中岩之呼吸|80/100
|
|-weather|Sandstorm|[upkeep]
|-damage|p1a: Rotom|82/100|[from] Sandstorm
|-heal|p2a: 全集中岩之呼吸|86/100|[from] item: Leftovers
|upkeep
|turn|10
|inactive|QiYu5 has 120 seconds left.
|inactive|Txapos has 60 seconds left.
|
|t:|1662854734
|switch|p1a: Eldegoss|Eldegoss, M|100/100
|move|p2a: 全集中岩之呼吸|Toxic|p1a: Eldegoss
|-status|p1a: Eldegoss|tox
|
|-weather|Sandstorm|[upkeep]
|-damage|p1a: Eldegoss|94/100 tox|[from] Sandstorm
|-heal|p2a: 全集中岩之呼吸|92/100|[from] item: Leftovers
|-damage|p1a: Eldegoss|88/100 tox|[from] psn
|upkeep
|turn|11
|inactive|Txapos has 60 seconds left.
|
|t:|1662854751
|move|p1a: Eldegoss|Leech Seed|p2a: 全集中岩之呼吸
|-start|p2a: 全集中岩之呼吸|move: Leech Seed
|move|p2a: 全集中岩之呼吸|Rock Blast|p1a: Eldegoss
|-damage|p1a: Eldegoss|75/100 tox
|-damage|p1a: Eldegoss|62/100 tox
|-damage|p1a: Eldegoss|49/100 tox
|-hitcount|p1a: Eldegoss|3
|
|-weather|Sandstorm|[upkeep]
|-damage|p1a: Eldegoss|43/100 tox|[from] Sandstorm
|-heal|p2a: 全集中岩之呼吸|98/100|[from] item: Leftovers
|-damage|p2a: 全集中岩之呼吸|86/100|[from] Leech Seed|[of] p1a: Eldegoss
|-heal|p1a: Eldegoss|58/100 tox|[silent]
|-damage|p1a: Eldegoss|45/100 tox|[from] psn
|upkeep
|turn|12
|
|t:|1662854769
|switch|p1a: Togedemaru|Togedemaru, F|51/100
|-damage|p1a: Togedemaru|45/100|[from] Stealth Rock
|move|p2a: 全集中岩之呼吸|Rock Blast|p1a: Togedemaru
|-resisted|p1a: Togedemaru
|-damage|p1a: Togedemaru|37/100
|-resisted|p1a: Togedemaru
|-damage|p1a: Togedemaru|28/100
|-hitcount|p1a: Togedemaru|2
|
|-weather|Sandstorm|[upkeep]
|-heal|p2a: 全集中岩之呼吸|92/100|[from] item: Leftovers
|-damage|p2a: 全集中岩之呼吸|80/100|[from] Leech Seed|[of] p1a: Togedemaru
|-heal|p1a: Togedemaru|42/100|[silent]
|upkeep
|turn|13
|
|t:|1662854789
|switch|p2a: 自古白发人多送黑发人|Cinccino, M|91/100
|move|p1a: Togedemaru|Wish|p1a: Togedemaru
|
|-weather|none
|upkeep
|turn|14
|
|t:|1662854803
|move|p1a: Togedemaru|Spiky Shield|p1a: Togedemaru
|-singleturn|p1a: Togedemaru|move: Protect
|move|p2a: 自古白发人多送黑发人|Rock Blast|p1a: Togedemaru
|-activate|p1a: Togedemaru|move: Protect
|
|-heal|p1a: Togedemaru|92/100|[from] move: Wish|[wisher] Togedemaru
|upkeep
|turn|15
|inactive|Txapos has 30 seconds left.
|
|t:|1662854826
|switch|p2a: 都说要戴套啦|Magneton|94/100
|move|p1a: Togedemaru|Iron Head|p2a: 都说要戴套啦
|-resisted|p2a: 都说要戴套啦
|-damage|p2a: 都说要戴套啦|88/100
|
|upkeep
|turn|16
|inactive|Txapos has 30 seconds left.
|
|t:|1662854837
|move|p1a: Togedemaru|U-turn|p2a: 都说要戴套啦
|-resisted|p2a: 都说要戴套啦
|-damage|p2a: 都说要戴套啦|82/100
|inactive|Txapos has 30 seconds left this turn.
|
|t:|1662854846
|switch|p1a: Ribombee|Ribombee, M|100/100|[from]move: U-turn
|move|p2a: 都说要戴套啦|Tri Attack|p1a: Ribombee
|-damage|p1a: Ribombee|52/100
|
|upkeep
|turn|17
|inactive|Txapos has 30 seconds left.
|inactive|Txapos has 20 seconds left.
|
|t:|1662854862
|move|p1a: Ribombee|Quiver Dance|p1a: Ribombee
|-boost|p1a: Ribombee|spa|1
|-boost|p1a: Ribombee|spd|1
|-boost|p1a: Ribombee|spe|1
|move|p2a: 都说要戴套啦|Volt Switch|p1a: Ribombee
|-damage|p1a: Ribombee|10/100
|inactive|Txapos has 25 seconds left this turn.
|
|t:|1662854866
|switch|p2a: 哥哥我一个滑铲|Thwackey, M|100/100|[from]move: Volt Switch
|-fieldstart|move: Grassy Terrain|[from] ability: Grassy Surge|[of] p2a: 哥哥我一个滑铲
|
|-heal|p1a: Ribombee|16/100|[from] Grassy Terrain
|upkeep
|turn|18
|inactive|Txapos has 30 seconds left.
|inactive|Txapos has 20 seconds left.
|inactive|Txapos has 15 seconds left.
|inactive|Txapos has 10 seconds left.
|
|t:|1662854893
|switch|p1a: Togedemaru|Togedemaru, F|92/100
|-damage|p1a: Togedemaru|86/100|[from] Stealth Rock
|move|p2a: 哥哥我一个滑铲|Grassy Glide|p1a: Togedemaru
|-resisted|p1a: Togedemaru
|-damage|p1a: Togedemaru|58/100
|
|-heal|p1a: Togedemaru|64/100|[from] Grassy Terrain
|upkeep
|turn|19
|inactive|Txapos has 20 seconds left this turn.
|inactive|Txapos has 15 seconds left.
|inactive|Txapos has 10 seconds left.
|
|t:|1662854904
|move|p2a: 哥哥我一个滑铲|Swords Dance|p2a: 哥哥我一个滑铲
|-boost|p2a: 哥哥我一个滑铲|atk|2
|move|p1a: Togedemaru|U-turn|p2a: 哥哥我一个滑铲
|-supereffective|p2a: 哥哥我一个滑铲
|-damage|p2a: 哥哥我一个滑铲|68/100
|inactive|Txapos has 15 seconds left this turn.
|inactive|Txapos has 10 seconds left.
|
|t:|1662854910
|switch|p1a: Rotom|Rotom|82/100|[from]move: U-turn
|-damage|p1a: Rotom|69/100|[from] Stealth Rock
|
|-heal|p2a: 哥哥我一个滑铲|74/100|[from] Grassy Terrain
|upkeep
|turn|20
|inactive|Txapos has 20 seconds left this turn.
|inactive|Txapos has 15 seconds left.
|
|t:|1662854919
|move|p2a: 哥哥我一个滑铲|Grassy Glide|p1a: Rotom
|-damage|p1a: Rotom|0 fnt
|faint|p1a: Rotom
|
|-heal|p2a: 哥哥我一个滑铲|80/100|[from] Grassy Terrain
|upkeep
|inactive|Txapos has 20 seconds left this turn.
|inactive|Txapos has 15 seconds left.
|inactive|Txapos has 10 seconds left.
|
|t:|1662854930
|switch|p1a: Ribombee|Ribombee, M|16/100
|turn|21
|inactive|Txapos has 20 seconds left this turn.
|-message|Txapos forfeited.
|
|win|QiYu5
|inactive|Txapos has 25 seconds left this turn.
|n|☆Txapos|txapos
|n|☆QiYu5|qiyu5
|n|+ShuckleDeath|shuckledeath
