|j|☆TimBasedGod
|j|☆animekingreal
|player|p1|TimBasedGod|rood|1252
|player|p2|animekingreal|101|1242
|teamsize|p1|6
|teamsize|p2|6
|gametype|singles
|gen|8
|tier|[Gen 8] PU
|rated|
|clearpoke
|poke|p1|Mr. Rime, M|
|poke|p1|Persian, M|
|poke|p1|Gloom, F|
|poke|p1|Klang|
|poke|p1|Falinks|
|poke|p1|Whiscash, M|
|poke|p2|Zweilous, F|
|poke|p2|Dubwool, F|
|poke|p2|Falinks|
|poke|p2|Mr. Rime, F|
|poke|p2|Dusclops, M|
|poke|p2|Pawniard, F|
|rule|Sleep Clause Mod: Limit one foe put to sleep
|rule|Species Clause: Limit one of each Pokémon
|rule|OHKO Clause: OHKO moves are banned
|rule|Evasion Moves Clause: Evasion moves are banned
|rule|Endless Battle Clause: Forcing endless battles is banned
|rule|HP Percentage Mod: HP is shown in percentages
|rule|Dynamax Clause: You cannot dynamax
|teampreview
|
|start
|switch|p1a: Whiscash|Whiscash, M|100/100
|switch|p2a: Pawniard|Pawniard, F|100/100
|turn|1
|
|move|p2a: Pawniard|Stealth Rock|p1a: Whiscash
|-sidestart|p1: TimBasedGod|move: Stealth Rock
|move|p1a: Whiscash|Earth Power|p2a: Pawniard
|-supereffective|p2a: Pawniard
|-damage|p2a: Pawniard|0 fnt
|faint|p2a: Pawniard
|
|upkeep
|
|switch|p2a: Zweilous|Zweilous, F|100/100
|turn|2
|
|move|p2a: Zweilous|Superpower|p1a: Whiscash
|-damage|p1a: Whiscash|26/100
|-unboost|p2a: Zweilous|atk|1
|-unboost|p2a: Zweilous|def|1
|move|p1a: Whiscash|Toxic|p2a: Zweilous
|-status|p2a: Zweilous|tox
|
|-heal|p1a: Whiscash|32/100|[from] item: Leftovers
|-damage|p2a: Zweilous|95/100 tox|[from] psn
|upkeep
|turn|3
|
|switch|p1a: Gloom|Gloom, F|100/100
|-damage|p1a: Gloom|88/100|[from] Stealth Rock
|move|p2a: Zweilous|Superpower|p1a: Gloom|[miss]
|-miss|p2a: Zweilous|p1a: Gloom
|
|-damage|p2a: Zweilous|83/100 tox|[from] psn
|upkeep
|turn|4
|inactive|Battle timer is ON: inactive players will automatically lose when time's up. (requested by TimBasedGod)
|
|switch|p2a: Mr. Rime|Mr. Rime, F|100/100
|move|p1a: Gloom|Leech Seed|p2a: Mr. Rime|[miss]
|-miss|p1a: Gloom|p2a: Mr. Rime
|
|upkeep
|turn|5
|
|switch|p1a: Klang|Klang|100/100
|-damage|p1a: Klang|94/100|[from] Stealth Rock
|move|p2a: Mr. Rime|Psychic|p1a: Klang
|-resisted|p1a: Klang
|-damage|p1a: Klang|84/100
|
|upkeep
|turn|6
|
|switch|p2a: Falinks|Falinks|100/100
|move|p1a: Klang|Toxic|p2a: Falinks
|-status|p2a: Falinks|tox
|-enditem|p2a: Falinks|Lum Berry|[eat]
|-curestatus|p2a: Falinks|tox|[msg]
|
|upkeep
|turn|7
|
|switch|p1a: Gloom|Gloom, F|88/100
|-damage|p1a: Gloom|76/100|[from] Stealth Rock
|move|p2a: Falinks|No Retreat|p2a: Falinks
|-boost|p2a: Falinks|atk|1
|-boost|p2a: Falinks|def|1
|-boost|p2a: Falinks|spa|1
|-boost|p2a: Falinks|spd|1
|-boost|p2a: Falinks|spe|1
|-start|p2a: Falinks|move: No Retreat
|
|upkeep
|turn|8
|
|move|p2a: Falinks|Swords Dance|p2a: Falinks
|-boost|p2a: Falinks|atk|2
|move|p1a: Gloom|Sludge Bomb|p2a: Falinks
|-damage|p2a: Falinks|68/100
|
|upkeep
|turn|9
|
|move|p2a: Falinks|Close Combat|p1a: Gloom
|-resisted|p1a: Gloom
|-crit|p1a: Gloom
|-damage|p1a: Gloom|13/100
|-unboost|p2a: Falinks|def|1
|-unboost|p2a: Falinks|spd|1
|move|p1a: Gloom|Sludge Bomb|p2a: Falinks
|-damage|p2a: Falinks|13/100
|
|upkeep
|turn|10
|
|move|p2a: Falinks|Throat Chop|p1a: Gloom
|-damage|p1a: Gloom|0 fnt
|faint|p1a: Gloom
|
|upkeep
|
|switch|p1a: Persian|Persian, M|100/100
|-damage|p1a: Persian|88/100|[from] Stealth Rock
|turn|11
|
|move|p1a: Persian|Fake Out|p2a: Falinks
|-damage|p2a: Falinks|0 fnt
|faint|p2a: Falinks
|
|upkeep
|
|switch|p2a: Dubwool|Dubwool, F|100/100
|turn|12
|
|move|p1a: Persian|U-turn|p2a: Dubwool
|-damage|p2a: Dubwool|95/100
|
|switch|p1a: Klang|Klang|84/100|[from]move: U-turn
|-damage|p1a: Klang|78/100|[from] Stealth Rock
|move|p2a: Dubwool|Cotton Guard|p2a: Dubwool
|-boost|p2a: Dubwool|def|3
|
|-heal|p2a: Dubwool|100/100|[from] item: Leftovers
|upkeep
|turn|13
|
|move|p2a: Dubwool|Cotton Guard|p2a: Dubwool
|-boost|p2a: Dubwool|def|3
|move|p1a: Klang|Toxic|p2a: Dubwool
|-status|p2a: Dubwool|tox
|
|-damage|p2a: Dubwool|94/100 tox|[from] psn
|upkeep
|turn|14
|
|move|p2a: Dubwool|Body Press|p1a: Klang
|-supereffective|p1a: Klang
|-damage|p1a: Klang|0 fnt
|faint|p1a: Klang
|
|-heal|p2a: Dubwool|100/100 tox|[from] item: Leftovers
|-damage|p2a: Dubwool|88/100 tox|[from] psn
|upkeep
|
|switch|p1a: Whiscash|Whiscash, M|32/100
|-damage|p1a: Whiscash|26/100|[from] Stealth Rock
|turn|15
|
|move|p2a: Dubwool|Body Press|p1a: Whiscash
|-damage|p1a: Whiscash|0 fnt
|faint|p1a: Whiscash
|
|-heal|p2a: Dubwool|94/100 tox|[from] item: Leftovers
|-damage|p2a: Dubwool|76/100 tox|[from] psn
|upkeep
|
|switch|p1a: Persian|Persian, M|88/100
|-damage|p1a: Persian|76/100|[from] Stealth Rock
|turn|16
|
|move|p1a: Persian|Fake Out|p2a: Dubwool
|-damage|p2a: Dubwool|74/100 tox
|cant|p2a: Dubwool|flinch
|
|-heal|p2a: Dubwool|80/100 tox|[from] item: Leftovers
|-damage|p2a: Dubwool|56/100 tox|[from] psn
|upkeep
|turn|17
|
|switch|p1a: Mr. Rime|Mr. Rime, M|100/100
|move|p2a: Dubwool|Rest|p2a: Dubwool
|-status|p2a: Dubwool|slp|[from] move: Rest
|-heal|p2a: Dubwool|100/100 slp|[silent]
|
|upkeep
|turn|18
|
|move|p1a: Mr. Rime|Rapid Spin|p2a: Dubwool
|-damage|p2a: Dubwool|99/100 slp
|-boost|p1a: Mr. Rime|spe|1
|-sideend|p1: TimBasedGod|Stealth Rock|[from] move: Rapid Spin|[of] p1a: Mr. Rime
|cant|p2a: Dubwool|slp
|
|-heal|p2a: Dubwool|100/100 slp|[from] item: Leftovers
|upkeep
|turn|19
|
|move|p1a: Mr. Rime|Psychic|p2a: Dubwool
|-damage|p2a: Dubwool|53/100 slp
|cant|p2a: Dubwool|slp
|
|-heal|p2a: Dubwool|59/100 slp|[from] item: Leftovers
|upkeep
|turn|20
|
|move|p1a: Mr. Rime|Psychic|p2a: Dubwool
|-damage|p2a: Dubwool|17/100 slp
|-curestatus|p2a: Dubwool|slp|[msg]
|move|p2a: Dubwool|Body Press|p1a: Mr. Rime
|-damage|p1a: Mr. Rime|0 fnt
|faint|p1a: Mr. Rime
|
|-heal|p2a: Dubwool|23/100|[from] item: Leftovers
|upkeep
|
|switch|p1a: Falinks|Falinks|100/100
|turn|21
|
|move|p1a: Falinks|Close Combat|p2a: Dubwool
|-supereffective|p2a: Dubwool
|-damage|p2a: Dubwool|14/100
|-unboost|p1a: Falinks|def|1
|-unboost|p1a: Falinks|spd|1
|move|p2a: Dubwool|Rest|p2a: Dubwool
|-status|p2a: Dubwool|slp|[from] move: Rest
|-heal|p2a: Dubwool|100/100 slp|[silent]
|
|upkeep
|turn|22
|
|move|p1a: Falinks|No Retreat|p1a: Falinks
|-boost|p1a: Falinks|atk|1
|-boost|p1a: Falinks|def|1
|-boost|p1a: Falinks|spa|1
|-boost|p1a: Falinks|spd|1
|-boost|p1a: Falinks|spe|1
|-start|p1a: Falinks|move: No Retreat
|cant|p2a: Dubwool|slp
|
|upkeep
|turn|23
|
|move|p1a: Falinks|Swords Dance|p1a: Falinks
|-boost|p1a: Falinks|atk|2
|cant|p2a: Dubwool|slp
|
|upkeep
|turn|24
|
|move|p1a: Falinks|Close Combat|p2a: Dubwool
|-supereffective|p2a: Dubwool
|-damage|p2a: Dubwool|75/100 slp
|-unboost|p1a: Falinks|def|1
|-unboost|p1a: Falinks|spd|1
|-curestatus|p2a: Dubwool|slp|[msg]
|move|p2a: Dubwool|Body Press|p1a: Falinks
|-damage|p1a: Falinks|0 fnt
|faint|p1a: Falinks
|
|-heal|p2a: Dubwool|81/100|[from] item: Leftovers
|upkeep
|c|☆animekingreal|haha
|-message|TimBasedGod forfeited.
|
|win|animekingreal
|l|☆TimBasedGod
|c|☆animekingreal|that is ridicuoulus
|c|☆animekingreal|1312 def
||Ladder (probably) updated, but score could not be retrieved (Response not received).
