|j|☆BiggMommacita
|j|☆richard7775
|t:|1610249457
|player|p1|BiggMommacita|lenora|1460
|player|p2|richard7775|janitor|1279
|teamsize|p1|6
|teamsize|p2|6
|gametype|singles
|gen|8
|tier|[Gen 8] PU
|rated|
|clearpoke
|poke|p1|Pinsir, F|
|poke|p1|Malamar, M|
|poke|p1|Cofagrigus, M|
|poke|p1|Toxicroak, M|
|poke|p1|Pawniard, M|
|poke|p1|Coalossal, F|
|poke|p2|Roserade, M|
|poke|p2|Archeops, F|
|poke|p2|Sandaconda, M|
|poke|p2|Tsareena, F|
|poke|p2|Heliolisk, M|
|poke|p2|Cinccino, F|
|rule|Sleep Clause Mod: Limit one foe put to sleep
|rule|Species Clause: Limit one of each Pokémon
|rule|OHKO Clause: OHKO moves are banned
|rule|Evasion Moves Clause: Evasion moves are banned
|rule|Endless Battle Clause: Forcing endless battles is banned
|rule|HP Percentage Mod: HP is shown in percentages
|rule|Dynamax Clause: You cannot dynamax
|teampreview
|
|t:|1610249474
|start
|switch|p1a: Cofagrigus|Cofagrigus, M|100/100
|switch|p2a: Heliolisk|Heliolisk, M|100/100
|turn|1
|
|t:|1610249485
|switch|p1a: Coalossal|Coalossal, F|100/100
|move|p2a: Heliolisk|Thunderbolt|p1a: Coalossal
|-damage|p1a: Coalossal|71/100
|
|upkeep
|turn|2
|
|t:|1610249492
|switch|p2a: Archeops|Archeops, F|100/100
|move|p1a: Coalossal|Stealth Rock|p2a: Archeops
|-sidestart|p2: richard7775|move: Stealth Rock
|
|upkeep
|turn|3
|
|t:|1610249497
|switch|p1a: Cofagrigus|Cofagrigus, M|100/100
|move|p2a: Archeops|Earthquake|p1a: Cofagrigus
|-damage|p1a: Cofagrigus|80/100
|
|upkeep
|turn|4
|
|t:|1610249503
|move|p2a: Archeops|U-turn|p1a: Cofagrigus
|-resisted|p1a: Cofagrigus
|-damage|p1a: Cofagrigus|73/100
|-activate|p1a: Cofagrigus|ability: Mummy|Defeatist|[of] p2a: Archeops
|
|t:|1610249511
|switch|p2a: Roserade|Roserade, M|100/100|[from]move: U-turn
|-damage|p2a: Roserade|88/100|[from] Stealth Rock
|move|p1a: Cofagrigus|Shadow Ball|p2a: Roserade
|-damage|p2a: Roserade|56/100
|
|upkeep
|turn|5
|
|t:|1610249519
|switch|p1a: Coalossal|Coalossal, F|71/100
|move|p2a: Roserade|Leaf Storm|p1a: Coalossal
|-damage|p1a: Coalossal|14/100
|-unboost|p2a: Roserade|spa|2
|-damage|p2a: Roserade|46/100|[from] item: Life Orb
|
|upkeep
|turn|6
|
|t:|1610249544
|move|p2a: Roserade|Leaf Storm|p1a: Coalossal|[miss]
|-miss|p2a: Roserade|p1a: Coalossal
|move|p1a: Coalossal|Spikes|p2a: Roserade
|-sidestart|p2: richard7775|Spikes
|
|upkeep
|turn|7
|
|t:|1610249552
|move|p2a: Roserade|Leaf Storm|p1a: Coalossal
|-crit|p1a: Coalossal
|-damage|p1a: Coalossal|0 fnt
|-unboost|p2a: Roserade|spa|2
|-damage|p2a: Roserade|36/100|[from] item: Life Orb
|faint|p1a: Coalossal
|
|upkeep
|
|t:|1610249559
|switch|p1a: Toxicroak|Toxicroak, M|100/100
|turn|8
|
|t:|1610249568
|switch|p2a: Sandaconda|Sandaconda, M|100/100
|-damage|p2a: Sandaconda|94/100|[from] Stealth Rock
|-damage|p2a: Sandaconda|82/100|[from] Spikes
|move|p1a: Toxicroak|Nasty Plot|p1a: Toxicroak
|-boost|p1a: Toxicroak|spa|2
|
|-heal|p2a: Sandaconda|88/100|[from] item: Leftovers
|upkeep
|turn|9
|
|t:|1610249580
|switch|p1a: Cofagrigus|Cofagrigus, M|73/100
|move|p2a: Sandaconda|Glare|p1a: Cofagrigus
|-status|p1a: Cofagrigus|par
|-enditem|p1a: Cofagrigus|Lum Berry|[eat]
|-curestatus|p1a: Cofagrigus|par|[msg]
|
|-heal|p2a: Sandaconda|94/100|[from] item: Leftovers
|upkeep
|turn|10
|
|t:|1610249589
|move|p2a: Sandaconda|Stealth Rock|p1a: Cofagrigus
|-sidestart|p1: BiggMommacita|move: Stealth Rock
|move|p1a: Cofagrigus|Shadow Ball|p2a: Sandaconda
|-damage|p2a: Sandaconda|60/100
|-unboost|p2a: Sandaconda|spd|1
|
|-heal|p2a: Sandaconda|66/100|[from] item: Leftovers
|upkeep
|turn|11
|
|t:|1610249601
|switch|p2a: Cinccino|Cinccino, F|100/100
|-damage|p2a: Cinccino|88/100|[from] Spikes
|-damage|p2a: Cinccino|76/100|[from] Stealth Rock
|move|p1a: Cofagrigus|Body Press|p2a: Cinccino
|-supereffective|p2a: Cinccino
|-crit|p2a: Cinccino
|-damage|p2a: Cinccino|0 fnt
|faint|p2a: Cinccino
|
|upkeep
|
|t:|1610249615
|switch|p2a: Archeops|Archeops, F|100/100
|turn|12
|
|t:|1610249621
|move|p2a: Archeops|Stone Edge|p1a: Cofagrigus|[miss]
|-miss|p2a: Archeops|p1a: Cofagrigus
|move|p1a: Cofagrigus|Body Press|p2a: Archeops
|-damage|p2a: Archeops|50/100
|
|upkeep
|turn|13
|-message|richard7775 forfeited.
|
|win|BiggMommacita
|l|☆richard7775
|raw|BiggMommacita's rating: 1460 &rarr; <strong>1471</strong><br />(+11 for winning)
|raw|richard7775's rating: 1279 &rarr; <strong>1266</strong><br />(-13 for losing)
