|j|☆Allejo 07
|j|☆kacj2
|t:|1638097397
|gametype|singles
|player|p1|Allejo 07|li|1369
|player|p2|kacj2|101|1316
|teamsize|p1|6
|teamsize|p2|6
|gen|8
|tier|[Gen 8] PU
|rated|
|rule|Sleep Clause Mod: Limit one foe put to sleep
|rule|Species Clause: Limit one of each Pokémon
|rule|OHKO Clause: OHKO moves are banned
|rule|Evasion Moves Clause: Evasion moves are banned
|rule|Endless Battle Clause: Forcing endless battles is banned
|rule|HP Percentage Mod: HP is shown in percentages
|rule|Dynamax Clause: You cannot dynamax
|clearpoke
|poke|p1|Exeggutor, F|
|poke|p1|Aggron, F|
|poke|p1|Wishiwashi, M|
|poke|p1|Charizard, F|
|poke|p1|Weezing, F|
|poke|p1|Dugtrio-Alola, M|
|poke|p2|Gallade, M|
|poke|p2|Tsareena, F|
|poke|p2|Druddigon, M|
|poke|p2|Accelgor, F|
|poke|p2|Hitmonlee, M|
|poke|p2|Rapidash, F|
|teampreview
|
|t:|1638097408
|start
|switch|p1a: Weezing|Weezing, F|100/100
|switch|p2a: Gallade|Gallade, M|100/100
|-ability|p1a: Weezing|Neutralizing Gas
|turn|1
|inactive|Battle timer is ON: inactive players will automatically lose when time's up. (requested by kacj2)
|
|t:|1638097415
|move|p2a: Gallade|Zen Headbutt|p1a: Weezing
|-supereffective|p1a: Weezing
|-damage|p1a: Weezing|10/100
|-damage|p2a: Gallade|84/100|[from] item: Rocky Helmet|[of] p1a: Weezing
|cant|p1a: Weezing|flinch
|
|upkeep
|turn|2
|
|t:|1638097425
|-end|p1a: Weezing|ability: Neutralizing Gas
|switch|p1a: Aggron|Aggron, F|100/100
|move|p2a: Gallade|Zen Headbutt|p1a: Aggron
|-resisted|p1a: Aggron
|-damage|p1a: Aggron|85/100
|
|-heal|p1a: Aggron|91/100|[from] item: Leftovers
|upkeep
|turn|3
|
|t:|1638097436
|switch|p2a: Tsareena|Tsareena, F|100/100
|move|p1a: Aggron|Stealth Rock|p2a: Tsareena
|-sidestart|p2: kacj2|move: Stealth Rock
|
|-heal|p1a: Aggron|97/100|[from] item: Leftovers
|upkeep
|turn|4
|
|t:|1638097449
|move|p1a: Aggron|Protect|p1a: Aggron
|-singleturn|p1a: Aggron|Protect
|move|p2a: Tsareena|Rapid Spin|p1a: Aggron
|-activate|p1a: Aggron|move: Protect
|
|-heal|p1a: Aggron|100/100|[from] item: Leftovers
|upkeep
|turn|5
|
|t:|1638097459
|move|p2a: Tsareena|Rapid Spin|p1a: Aggron
|-resisted|p1a: Aggron
|-damage|p1a: Aggron|98/100
|-boost|p2a: Tsareena|spe|1
|-sideend|p2: kacj2|Stealth Rock|[from] move: Rapid Spin|[of] p2a: Tsareena
|move|p1a: Aggron|Head Smash|p2a: Tsareena|[miss]
|-miss|p1a: Aggron|p2a: Tsareena
|
|-heal|p1a: Aggron|100/100|[from] item: Leftovers
|upkeep
|turn|6
|
|t:|1638097469
|move|p2a: Tsareena|High Jump Kick|p1a: Aggron
|-supereffective|p1a: Aggron
|-damage|p1a: Aggron|5/100
|move|p1a: Aggron|Head Smash|p2a: Tsareena
|-damage|p2a: Tsareena|44/100
|-enditem|p2a: Tsareena|Sitrus Berry|[eat]
|-heal|p2a: Tsareena|69/100|[from] item: Sitrus Berry
|
|-heal|p1a: Aggron|11/100|[from] item: Leftovers
|upkeep
|turn|7
|
|t:|1638097480
|switch|p1a: Weezing|Weezing, F|10/100
|-ability|p1a: Weezing|Neutralizing Gas
|move|p2a: Tsareena|Knock Off|p1a: Weezing
|-damage|p1a: Weezing|0 fnt
|-damage|p2a: Tsareena|52/100|[from] item: Rocky Helmet|[of] p1a: Weezing
|-enditem|p1a: Weezing|Rocky Helmet|[from] move: Knock Off|[of] p2a: Tsareena
|faint|p1a: Weezing
|-end|p1a: Weezing|ability: Neutralizing Gas
|
|upkeep
|
|t:|1638097487
|switch|p1a: Charizard|Charizard, F|100/100
|turn|8
|
|t:|1638097494
|switch|p2a: Rapidash|Rapidash, F|100/100
|move|p1a: Charizard|Hurricane|p2a: Rapidash
|-damage|p2a: Rapidash|30/100
|
|upkeep
|turn|9
|
|t:|1638097505
|switch|p1a: Aggron|Aggron, F|11/100
|move|p2a: Rapidash|Wild Charge|p1a: Aggron
|-damage|p1a: Aggron|0 fnt
|faint|p1a: Aggron
|-damage|p2a: Rapidash|27/100|[from] Recoil
|
|upkeep
|
|t:|1638097512
|switch|p1a: Dugtrio|Dugtrio-Alola, M|100/100
|turn|10
|
|t:|1638097519
|switch|p2a: Tsareena|Tsareena, F|52/100
|move|p1a: Dugtrio|Earthquake|p2a: Tsareena
|-resisted|p2a: Tsareena
|-damage|p2a: Tsareena|31/100
|
|upkeep
|turn|11
|
|t:|1638097530
|move|p1a: Dugtrio|Iron Head|p2a: Tsareena
|-damage|p2a: Tsareena|0 fnt
|faint|p2a: Tsareena
|
|upkeep
|
|t:|1638097542
|switch|p2a: Druddigon|Druddigon, M|100/100
|turn|12
|
|t:|1638097550
|move|p1a: Dugtrio|Substitute|p1a: Dugtrio
|-start|p1a: Dugtrio|Substitute
|-damage|p1a: Dugtrio|76/100
|move|p2a: Druddigon|Outrage|p1a: Dugtrio
|-resisted|p1a: Dugtrio
|-end|p1a: Dugtrio|Substitute
|
|upkeep
|turn|13
|
|t:|1638097564
|move|p1a: Dugtrio|Substitute|p1a: Dugtrio
|-start|p1a: Dugtrio|Substitute
|-damage|p1a: Dugtrio|51/100
|move|p2a: Druddigon|Outrage|p1a: Dugtrio|[from]lockedmove
|-resisted|p1a: Dugtrio
|-end|p1a: Dugtrio|Substitute
|-start|p2a: Druddigon|confusion|[fatigue]
|
|upkeep
|turn|14
|
|t:|1638097572
|move|p1a: Dugtrio|Earthquake|p2a: Druddigon
|-damage|p2a: Druddigon|54/100
|-activate|p2a: Druddigon|confusion
|move|p2a: Druddigon|Outrage|p1a: Dugtrio
|-resisted|p1a: Dugtrio
|-damage|p1a: Dugtrio|0 fnt
|faint|p1a: Dugtrio
|
|upkeep
|
|t:|1638097585
|switch|p1a: Charizard|Charizard, F|100/100
|turn|15
|
|t:|1638097588
|move|p1a: Charizard|Hurricane|p2a: Druddigon
|-damage|p2a: Druddigon|1/100
|-activate|p2a: Druddigon|confusion
|-damage|p2a: Druddigon|0 fnt|[from] confusion
|faint|p2a: Druddigon
|
|upkeep
|
|t:|1638097598
|switch|p2a: Rapidash|Rapidash, F|27/100
|turn|16
|
|t:|1638097602
|switch|p1a: Wishiwashi|Wishiwashi, M|100/100
|-formechange|p1a: Wishiwashi|Wishiwashi-School||[from] ability: Schooling
|move|p2a: Rapidash|Wild Charge|p1a: Wishiwashi
|-supereffective|p1a: Wishiwashi
|-damage|p1a: Wishiwashi|25/100
|-damage|p2a: Rapidash|6/100|[from] Recoil
|
|-heal|p1a: Wishiwashi|31/100|[from] item: Leftovers
|upkeep
|turn|17
|
|t:|1638097613
|move|p2a: Rapidash|Wild Charge|p1a: Wishiwashi
|-supereffective|p1a: Wishiwashi
|-damage|p1a: Wishiwashi|0 fnt
|faint|p1a: Wishiwashi
|-damage|p2a: Rapidash|0 fnt|[from] Recoil
|faint|p2a: Rapidash
|
|upkeep
|
|t:|1638097624
|switch|p2a: Gallade|Gallade, M|84/100
|switch|p1a: Charizard|Charizard, F|100/100
|turn|18
|
|t:|1638097633
|move|p1a: Charizard|Hurricane|p2a: Gallade|[miss]
|-miss|p1a: Charizard|p2a: Gallade
|move|p2a: Gallade|Zen Headbutt|p1a: Charizard|[miss]
|-miss|p2a: Gallade|p1a: Charizard
|
|upkeep
|turn|19
|
|t:|1638097639
|move|p1a: Charizard|Hurricane|p2a: Gallade|[miss]
|-miss|p1a: Charizard|p2a: Gallade
|move|p2a: Gallade|Zen Headbutt|p1a: Charizard
|-damage|p1a: Charizard|8/100
|
|upkeep
|turn|20
|
|t:|1638097646
|move|p1a: Charizard|Fire Blast|p2a: Gallade
|-damage|p2a: Gallade|0 fnt
|faint|p2a: Gallade
|
|upkeep
|
|t:|1638097652
|switch|p2a: Accelgor|Accelgor, F|100/100
|turn|21
|
|t:|1638097655
|move|p2a: Accelgor|Bug Buzz|p1a: Charizard
|-resisted|p1a: Charizard
|-damage|p1a: Charizard|0 fnt
|faint|p1a: Charizard
|
|upkeep
|-message|Allejo 07 forfeited.
|
|win|kacj2
|raw|Allejo 07's rating: 1369 &rarr; <strong>1346</strong><br />(-23 for losing)
|raw|kacj2's rating: 1316 &rarr; <strong>1339</strong><br />(+23 for winning)
|l|☆Allejo 07
