|j|☆Peanutchew
|j|☆JoJo Reference #11
|t:|1667100145
|gametype|singles
|player|p1|Peanutchew|265|1241
|player|p2|JoJo Reference #11|169|1352
|teamsize|p1|6
|teamsize|p2|6
|gen|8
|tier|[Gen 8] PU
|rated|
|rule|Sleep Clause Mod: Limit one foe put to sleep
|rule|Species Clause: Limit one of each Pokémon
|rule|OHKO Clause: OHKO moves are banned
|rule|Evasion Items Clause: Evasion items are banned
|rule|Evasion Moves Clause: Evasion moves are banned
|rule|Endless Battle Clause: Forcing endless battles is banned
|rule|HP Percentage Mod: HP is shown in percentages
|rule|Dynamax Clause: You cannot dynamax
|clearpoke
|poke|p1|Aurorus, F|
|poke|p1|Drifblim, M|
|poke|p1|Boltund, M|
|poke|p1|Mawile, F|
|poke|p1|Audino, F|
|poke|p1|Lurantis, M|
|poke|p2|Doublade, M|
|poke|p2|Gourgeist-*, M|
|poke|p2|Glastrier|
|poke|p2|Gurdurr, M|
|poke|p2|Aromatisse, M|
|poke|p2|Audino, M|
|teampreview
|
|t:|1667100159
|start
|switch|p1a: Boltund|Boltund, M|100/100
|switch|p2a: Aromatisse|Aromatisse, M|100/100
|turn|1
|
|t:|1667100166
|move|p1a: Boltund|Thunder Fang|p2a: Aromatisse
|-damage|p2a: Aromatisse|41/100
|move|p2a: Aromatisse|Trick Room|p2a: Aromatisse
|-fieldstart|move: Trick Room|[of] p2a: Aromatisse
|
|upkeep
|turn|2
|
|t:|1667100175
|move|p2a: Aromatisse|Moonblast|p1a: Boltund
|-damage|p1a: Boltund|21/100
|move|p1a: Boltund|Thunder Fang|p2a: Aromatisse
|-damage|p2a: Aromatisse|0 fnt
|faint|p2a: Aromatisse
|
|upkeep
|
|t:|1667100186
|switch|p2a: Glastrier|Glastrier|100/100
|turn|3
|
|t:|1667100189
|move|p2a: Glastrier|Swords Dance|p2a: Glastrier
|-boost|p2a: Glastrier|atk|2
|move|p1a: Boltund|Thunder Fang|p2a: Glastrier
|-damage|p2a: Glastrier|57/100
|
|upkeep
|turn|4
|
|t:|1667100198
|switch|p1a: Mawile|Mawile, F|100/100
|-ability|p1a: Mawile|Intimidate|boost
|-unboost|p2a: Glastrier|atk|1
|move|p2a: Glastrier|High Horsepower|p1a: Mawile
|-supereffective|p1a: Mawile
|-damage|p1a: Mawile|12/100
|
|-heal|p1a: Mawile|18/100|[from] item: Leftovers
|upkeep
|turn|5
|
|t:|1667100209
|move|p2a: Glastrier|Icicle Crash|p1a: Mawile
|-resisted|p1a: Mawile
|-damage|p1a: Mawile|0 fnt
|faint|p1a: Mawile
|-ability|p2a: Glastrier|Chilling Neigh|boost
|-boost|p2a: Glastrier|atk|1
|
|-fieldend|move: Trick Room
|upkeep
|
|t:|1667100220
|switch|p1a: Aurorus|Aurorus, F|100/100
|turn|6
|
|t:|1667100224
|move|p1a: Aurorus|Ancient Power|p2a: Glastrier
|-supereffective|p2a: Glastrier
|-damage|p2a: Glastrier|20/100
|move|p2a: Glastrier|High Horsepower|p1a: Aurorus
|-supereffective|p1a: Aurorus
|-damage|p1a: Aurorus|0 fnt
|faint|p1a: Aurorus
|-ability|p2a: Glastrier|Chilling Neigh|boost
|-boost|p2a: Glastrier|atk|1
|
|upkeep
|
|t:|1667100233
|switch|p1a: Drifblim|Drifblim, M|100/100
|turn|7
|
|t:|1667100238
|switch|p2a: Audino|Audino, M|100/100
|move|p1a: Drifblim|Shadow Ball|p2a: Audino
|-immune|p2a: Audino
|
|-status|p1a: Drifblim|brn|[from] item: Flame Orb
|upkeep
|turn|8
|
|t:|1667100252
|switch|p1a: Boltund|Boltund, M|21/100
|move|p2a: Audino|Trick Room|p2a: Audino
|-fieldstart|move: Trick Room|[of] p2a: Audino
|
|upkeep
|turn|9
|
|t:|1667100258
|move|p2a: Audino|Healing Wish|p2a: Audino
|faint|p2a: Audino
|move|p1a: Boltund|Thunder Fang|p2: Audino|[notarget]
|-fail|p1a: Boltund
|
|upkeep
|
|t:|1667100259
|switch|p2a: Glastrier|Glastrier|20/100
|-heal|p2a: Glastrier|100/100|[from] move: Healing Wish
|turn|10
|-message|Peanutchew forfeited.
|
|win|JoJo Reference #11
|raw|Peanutchew's rating: 1241 &rarr; <strong>1224</strong><br />(-17 for losing)
|raw|JoJo Reference #11's rating: 1352 &rarr; <strong>1366</strong><br />(+14 for winning)
|l|☆Peanutchew
