|j|☆Slowbolling
|j|☆duzoe
|t:|1655325479
|gametype|singles
|player|p1|Slowbolling|265|1267
|player|p2|duzoe|palmer|1172
|teamsize|p1|6
|teamsize|p2|6
|gen|8
|tier|[Gen 8] PU
|rated|
|rule|Sleep Clause Mod: Limit one foe put to sleep
|rule|Species Clause: Limit one of each Pokémon
|rule|OHKO Clause: OHKO moves are banned
|rule|Evasion Moves Clause: Evasion moves are banned
|rule|Endless Battle Clause: Forcing endless battles is banned
|rule|HP Percentage Mod: HP is shown in percentages
|rule|Dynamax Clause: You cannot dynamax
|clearpoke
|poke|p1|Sandaconda, F|
|poke|p1|Rhydon, M|
|poke|p1|Druddigon, F|
|poke|p1|Thwackey, F|
|poke|p1|Frosmoth, M|
|poke|p1|Absol, F|
|poke|p2|Comfey, M|
|poke|p2|Claydol|
|poke|p2|Scrafty, M|
|poke|p2|Qwilfish, F|
|poke|p2|Vikavolt, M|
|poke|p2|Silvally-*|
|teampreview
|inactive|Battle timer is ON: inactive players will automatically lose when time's up. (requested by Slowbolling)
|
|t:|1655325499
|start
|switch|p1a: Sandaconda|Sandaconda, F|100/100
|switch|p2a: Silvally|Silvally-Ghost|100/100
|turn|1
|
|t:|1655325506
|move|p2a: Silvally|Multi-Attack|p1a: Sandaconda
|-damage|p1a: Sandaconda|70/100
|move|p1a: Sandaconda|Coil|p1a: Sandaconda
|-boost|p1a: Sandaconda|atk|1
|-boost|p1a: Sandaconda|def|1
|-boost|p1a: Sandaconda|accuracy|1
|
|-heal|p1a: Sandaconda|76/100|[from] item: Leftovers
|upkeep
|turn|2
|
|t:|1655325515
|move|p2a: Silvally|U-turn|p1a: Sandaconda
|-damage|p1a: Sandaconda|67/100
|
|t:|1655325518
|switch|p2a: Magellan|Qwilfish, F|100/100|[from]move: U-turn
|-ability|p2a: Magellan|Intimidate|boost
|-unboost|p1a: Sandaconda|atk|1
|move|p1a: Sandaconda|Coil|p1a: Sandaconda
|-boost|p1a: Sandaconda|atk|1
|-boost|p1a: Sandaconda|def|1
|-boost|p1a: Sandaconda|accuracy|1
|
|-heal|p1a: Sandaconda|73/100|[from] item: Leftovers
|upkeep
|turn|3
|
|t:|1655325527
|move|p2a: Magellan|Liquidation|p1a: Sandaconda
|-supereffective|p1a: Sandaconda
|-crit|p1a: Sandaconda
|-damage|p1a: Sandaconda|9/100
|-unboost|p1a: Sandaconda|def|1
|move|p1a: Sandaconda|Earthquake|p2a: Magellan
|-supereffective|p2a: Magellan
|-damage|p2a: Magellan|0 fnt
|faint|p2a: Magellan
|
|-heal|p1a: Sandaconda|15/100|[from] item: Leftovers
|upkeep
|
|t:|1655325543
|switch|p2a: Silvally|Silvally-Ghost|100/100
|turn|4
|
|t:|1655325568
|move|p2a: Silvally|Multi-Attack|p1a: Sandaconda
|-damage|p1a: Sandaconda|0 fnt
|faint|p1a: Sandaconda
|
|upkeep
|inactive|Slowbolling has 120 seconds left.
|inactive|Slowbolling has 90 seconds left.
|inactive|Slowbolling has 60 seconds left.
|
|t:|1655325652
|switch|p1a: Druddigon|Druddigon, F|100/100
|turn|5
|
|t:|1655325656
|move|p2a: Silvally|U-turn|p1a: Druddigon
|-damage|p1a: Druddigon|90/100
|-damage|p2a: Silvally|88/100|[from] ability: Rough Skin|[of] p1a: Druddigon
|-damage|p2a: Silvally|71/100|[from] item: Rocky Helmet|[of] p1a: Druddigon
|
|t:|1655325665
|switch|p2a: Parry Puppet|Claydol|100/100|[from]move: U-turn
|move|p1a: Druddigon|Dragon Tail|p2a: Parry Puppet
|-damage|p2a: Parry Puppet|75/100
|drag|p2a: Alola!|Comfey, M, shiny|100/100
|
|upkeep
|turn|6
|
|t:|1655325674
|move|p2a: Alola!|Draining Kiss|p1a: Druddigon
|-supereffective|p1a: Druddigon
|-damage|p1a: Druddigon|49/100
|-damage|p2a: Alola!|88/100|[from] ability: Rough Skin|[of] p1a: Druddigon
|-damage|p2a: Alola!|72/100|[from] item: Rocky Helmet|[of] p1a: Druddigon
|move|p1a: Druddigon|Gunk Shot|p2a: Alola!
|-supereffective|p2a: Alola!
|-damage|p2a: Alola!|0 fnt
|faint|p2a: Alola!
|
|upkeep
|
|t:|1655325694
|switch|p2a: Punk Hazard|Scrafty, M|100/100
|turn|7
|
|t:|1655325699
|move|p2a: Punk Hazard|Dragon Dance|p2a: Punk Hazard
|-boost|p2a: Punk Hazard|atk|1
|-boost|p2a: Punk Hazard|spe|1
|move|p1a: Druddigon|Dragon Tail|p2a: Punk Hazard
|-damage|p2a: Punk Hazard|77/100
|drag|p2a: Zangenboi|Vikavolt, M|100/100
|
|upkeep
|turn|8
|
|t:|1655325707
|move|p2a: Zangenboi|Volt Switch|p1a: Druddigon
|-resisted|p1a: Druddigon
|-damage|p1a: Druddigon|29/100
|
|t:|1655325716
|switch|p2a: Punk Hazard|Scrafty, M|77/100|[from]move: Volt Switch
|move|p1a: Druddigon|Stealth Rock|p2a: Punk Hazard
|-sidestart|p2: duzoe|move: Stealth Rock
|
|upkeep
|turn|9
|
|t:|1655325724
|move|p2a: Punk Hazard|Knock Off|p1a: Druddigon
|-damage|p1a: Druddigon|0 fnt
|-damage|p2a: Punk Hazard|65/100|[from] ability: Rough Skin|[of] p1a: Druddigon
|-damage|p2a: Punk Hazard|48/100|[from] item: Rocky Helmet|[of] p1a: Druddigon
|-enditem|p1a: Druddigon|Rocky Helmet|[from] move: Knock Off|[of] p2a: Punk Hazard
|faint|p1a: Druddigon
|-ability|p2a: Punk Hazard|Moxie|boost
|-boost|p2a: Punk Hazard|atk|1
|
|upkeep
|
|t:|1655325732
|switch|p1a: Absol|Absol, F|100/100
|turn|10
|
|t:|1655325737
|move|p1a: Absol|Close Combat|p2a: Punk Hazard
|-supereffective|p2a: Punk Hazard
|-damage|p2a: Punk Hazard|0 fnt
|-unboost|p1a: Absol|def|1
|-unboost|p1a: Absol|spd|1
|faint|p2a: Punk Hazard
|-damage|p1a: Absol|91/100|[from] item: Life Orb
|
|upkeep
|
|t:|1655325741
|switch|p2a: Silvally|Silvally-Ghost|71/100
|-damage|p2a: Silvally|59/100|[from] Stealth Rock
|turn|11
|inactive|Slowbolling has 120 seconds left.
|
|t:|1655325752
|move|p1a: Absol|Sucker Punch|p2a: Silvally
|-supereffective|p2a: Silvally
|-damage|p2a: Silvally|0 fnt
|faint|p2a: Silvally
|-damage|p1a: Absol|81/100|[from] item: Life Orb
|
|upkeep
|
|t:|1655325755
|switch|p2a: Zangenboi|Vikavolt, M|100/100
|turn|12
|inactive|Slowbolling has 120 seconds left.
|
|t:|1655325788
|move|p1a: Absol|Knock Off|p2a: Zangenboi
|-damage|p2a: Zangenboi|30/100
|-enditem|p2a: Zangenboi|Heavy-Duty Boots|[from] move: Knock Off|[of] p1a: Absol
|-damage|p1a: Absol|71/100|[from] item: Life Orb
|move|p2a: Zangenboi|Bug Buzz|p1a: Absol
|-supereffective|p1a: Absol
|-damage|p1a: Absol|0 fnt
|faint|p1a: Absol
|
|upkeep
|
|t:|1655325796
|switch|p1a: Thwackey|Thwackey, F|100/100
|-fieldstart|move: Grassy Terrain|[from] ability: Grassy Surge|[of] p1a: Thwackey
|turn|13
|
|t:|1655325802
|move|p1a: Thwackey|Wood Hammer|p2a: Zangenboi
|-resisted|p2a: Zangenboi
|-damage|p2a: Zangenboi|0 fnt
|faint|p2a: Zangenboi
|-damage|p1a: Thwackey|88/100|[from] Recoil
|
|-heal|p1a: Thwackey|94/100|[from] Grassy Terrain
|upkeep
|
|t:|1655325805
|switch|p2a: Parry Puppet|Claydol|75/100
|-damage|p2a: Parry Puppet|69/100|[from] Stealth Rock
|turn|14
|inactive|Slowbolling has 120 seconds left.
|
|t:|1655325812
|move|p1a: Thwackey|Wood Hammer|p2a: Parry Puppet
|-supereffective|p2a: Parry Puppet
|-damage|p2a: Parry Puppet|0 fnt
|faint|p2a: Parry Puppet
|-damage|p1a: Thwackey|68/100|[from] Recoil
|
|win|Slowbolling
|raw|Slowbolling's rating: 1267 &rarr; <strong>1285</strong><br />(+18 for winning)
|raw|duzoe's rating: 1172 &rarr; <strong>1154</strong><br />(-18 for losing)
