|j|☆Roboboi3002
|j|☆shalutianwang
|t:|1638068663
|gametype|singles
|player|p1|Roboboi3002|266|1161
|player|p2|shalutianwang|scientist-gen4|1381
|teamsize|p1|6
|teamsize|p2|6
|gen|8
|tier|[Gen 8] PU
|rated|
|rule|Sleep Clause Mod: Limit one foe put to sleep
|rule|Species Clause: Limit one of each Pokémon
|rule|OHKO Clause: OHKO moves are banned
|rule|Evasion Moves Clause: Evasion moves are banned
|rule|Endless Battle Clause: Forcing endless battles is banned
|rule|HP Percentage Mod: HP is shown in percentages
|rule|Dynamax Clause: You cannot dynamax
|clearpoke
|poke|p1|Abomasnow, F|
|poke|p1|Vanilluxe, M|
|poke|p1|Charizard, M|
|poke|p1|Sandslash-Alola, F|
|poke|p1|Sandaconda, M|
|poke|p1|Lanturn, F|
|poke|p2|Tsareena, F|
|poke|p2|Lanturn, M|
|poke|p2|Absol, M|
|poke|p2|Togedemaru, M|
|poke|p2|Claydol|
|poke|p2|Aromatisse, F|
|teampreview
|inactive|Battle timer is ON: inactive players will automatically lose when time's up. (requested by Roboboi3002)
|
|t:|1638068676
|start
|switch|p1a: Abomasnow|Abomasnow, F|100/100
|switch|p2a: 我好硬呀呀呀呀呀呀|Claydol|100/100
|-weather|Hail|[from] ability: Snow Warning|[of] p1a: Abomasnow
|turn|1
|
|t:|1638068688
|move|p2a: 我好硬呀呀呀呀呀呀|Protect|p2a: 我好硬呀呀呀呀呀呀
|-singleturn|p2a: 我好硬呀呀呀呀呀呀|Protect
|move|p1a: Abomasnow|Wood Hammer|p2a: 我好硬呀呀呀呀呀呀
|-activate|p2a: 我好硬呀呀呀呀呀呀|move: Protect
|
|-weather|Hail|[upkeep]
|-damage|p2a: 我好硬呀呀呀呀呀呀|94/100|[from] Hail
|-heal|p2a: 我好硬呀呀呀呀呀呀|100/100|[from] item: Leftovers
|upkeep
|turn|2
|
|t:|1638068694
|move|p1a: Abomasnow|Earth Power|p2a: 我好硬呀呀呀呀呀呀
|-immune|p2a: 我好硬呀呀呀呀呀呀|[from] ability: Levitate
|move|p2a: 我好硬呀呀呀呀呀呀|Stealth Rock|p1a: Abomasnow
|-sidestart|p1: Roboboi3002|move: Stealth Rock
|
|-weather|Hail|[upkeep]
|-damage|p2a: 我好硬呀呀呀呀呀呀|94/100|[from] Hail
|-heal|p2a: 我好硬呀呀呀呀呀呀|100/100|[from] item: Leftovers
|upkeep
|turn|3
|
|t:|1638068698
|move|p2a: 我好硬呀呀呀呀呀呀|Protect|p2a: 我好硬呀呀呀呀呀呀
|-singleturn|p2a: 我好硬呀呀呀呀呀呀|Protect
|move|p1a: Abomasnow|Wood Hammer|p2a: 我好硬呀呀呀呀呀呀
|-activate|p2a: 我好硬呀呀呀呀呀呀|move: Protect
|
|-weather|Hail|[upkeep]
|-damage|p2a: 我好硬呀呀呀呀呀呀|94/100|[from] Hail
|-heal|p2a: 我好硬呀呀呀呀呀呀|100/100|[from] item: Leftovers
|upkeep
|turn|4
|
|t:|1638068702
|move|p1a: Abomasnow|Earth Power|p2a: 我好硬呀呀呀呀呀呀
|-immune|p2a: 我好硬呀呀呀呀呀呀|[from] ability: Levitate
|move|p2a: 我好硬呀呀呀呀呀呀|Rock Slide|p1a: Abomasnow
|-supereffective|p1a: Abomasnow
|-damage|p1a: Abomasnow|59/100
|
|-weather|Hail|[upkeep]
|-damage|p2a: 我好硬呀呀呀呀呀呀|94/100|[from] Hail
|-heal|p2a: 我好硬呀呀呀呀呀呀|100/100|[from] item: Leftovers
|upkeep
|turn|5
|
|t:|1638068708
|move|p2a: 我好硬呀呀呀呀呀呀|Protect|p2a: 我好硬呀呀呀呀呀呀
|-singleturn|p2a: 我好硬呀呀呀呀呀呀|Protect
|move|p1a: Abomasnow|Earth Power|p2a: 我好硬呀呀呀呀呀呀
|-activate|p2a: 我好硬呀呀呀呀呀呀|move: Protect
|
|-weather|none
|upkeep
|turn|6
|
|t:|1638068712
|move|p1a: Abomasnow|Blizzard|p2a: 我好硬呀呀呀呀呀呀
|-supereffective|p2a: 我好硬呀呀呀呀呀呀
|-damage|p2a: 我好硬呀呀呀呀呀呀|11/100
|-damage|p1a: Abomasnow|49/100|[from] item: Life Orb
|move|p2a: 我好硬呀呀呀呀呀呀|Rock Slide|p1a: Abomasnow|[miss]
|-miss|p2a: 我好硬呀呀呀呀呀呀|p1a: Abomasnow
|
|-heal|p2a: 我好硬呀呀呀呀呀呀|17/100|[from] item: Leftovers
|upkeep
|turn|7
|
|t:|1638068719
|move|p1a: Abomasnow|Ice Shard|p2a: 我好硬呀呀呀呀呀呀
|-supereffective|p2a: 我好硬呀呀呀呀呀呀
|-damage|p2a: 我好硬呀呀呀呀呀呀|0 fnt
|faint|p2a: 我好硬呀呀呀呀呀呀
|-damage|p1a: Abomasnow|39/100|[from] item: Life Orb
|
|upkeep
|
|t:|1638068724
|switch|p2a: 死亡如风常伴吾身|Absol, M|100/100
|turn|8
|
|t:|1638068730
|switch|p1a: Sandaconda|Sandaconda, M|100/100
|-damage|p1a: Sandaconda|94/100|[from] Stealth Rock
|move|p2a: 死亡如风常伴吾身|Knock Off|p1a: Sandaconda
|-damage|p1a: Sandaconda|38/100
|-damage|p2a: 死亡如风常伴吾身|84/100|[from] item: Rocky Helmet|[of] p1a: Sandaconda
|-enditem|p1a: Sandaconda|Rocky Helmet|[from] move: Knock Off|[of] p2a: 死亡如风常伴吾身
|
|upkeep
|turn|9
|
|t:|1638068736
|move|p2a: 死亡如风常伴吾身|Knock Off|p1a: Sandaconda
|-damage|p1a: Sandaconda|2/100
|move|p1a: Sandaconda|Glare|p2a: 死亡如风常伴吾身
|-status|p2a: 死亡如风常伴吾身|par
|
|upkeep
|turn|10
|
|t:|1638068743
|switch|p2a: 窗外的麻雀在电线杆上啵嘴|Aromatisse, F|100/100
|move|p1a: Sandaconda|Rest|p1a: Sandaconda
|-status|p1a: Sandaconda|slp|[from] move: Rest
|-heal|p1a: Sandaconda|100/100 slp|[silent]
|
|-activate|p1a: Sandaconda|ability: Shed Skin
|-curestatus|p1a: Sandaconda|slp|[msg]
|upkeep
|turn|11
|
|t:|1638068747
|switch|p1a: Sandslash|Sandslash-Alola, F|100/100
|-damage|p1a: Sandslash|88/100|[from] Stealth Rock
|move|p2a: 窗外的麻雀在电线杆上啵嘴|Heal Bell|p2a: 窗外的麻雀在电线杆上啵嘴
|-activate|p2a: 窗外的麻雀在电线杆上啵嘴|move: Heal Bell
|-curestatus|p2: 死亡如风常伴吾身|par|[msg]
|
|upkeep
|turn|12
|
|t:|1638068751
|switch|p2a: 麻麻刺麻|Togedemaru, M|100/100
|move|p1a: Sandslash|Rapid Spin|p2a: 麻麻刺麻
|-resisted|p2a: 麻麻刺麻
|-damage|p2a: 麻麻刺麻|87/100
|-boost|p1a: Sandslash|spe|1
|-damage|p1a: Sandslash|76/100|[from] ability: Iron Barbs|[of] p2a: 麻麻刺麻
|-sideend|p1: Roboboi3002|Stealth Rock|[from] move: Rapid Spin|[of] p1a: Sandslash
|
|upkeep
|turn|13
|
|t:|1638068758
|move|p2a: 麻麻刺麻|Encore|p1a: Sandslash
|-start|p1a: Sandslash|Encore
|move|p1a: Sandslash|Rapid Spin|p2a: 麻麻刺麻
|-resisted|p2a: 麻麻刺麻
|-damage|p2a: 麻麻刺麻|74/100
|-boost|p1a: Sandslash|spe|1
|-damage|p1a: Sandslash|63/100|[from] ability: Iron Barbs|[of] p2a: 麻麻刺麻
|
|upkeep
|turn|14
|
|t:|1638068765
|switch|p2a: 死亡如风常伴吾身|Absol, M|84/100
|move|p1a: Sandslash|Rapid Spin|p2a: 死亡如风常伴吾身
|-damage|p2a: 死亡如风常伴吾身|57/100
|-boost|p1a: Sandslash|spe|1
|
|upkeep
|turn|15
|
|t:|1638068771
|switch|p1a: Sandaconda|Sandaconda, M|100/100
|move|p2a: 死亡如风常伴吾身|Knock Off|p1a: Sandaconda
|-damage|p1a: Sandaconda|66/100
|
|upkeep
|turn|16
|
|t:|1638068773
|move|p2a: 死亡如风常伴吾身|Knock Off|p1a: Sandaconda
|-damage|p1a: Sandaconda|30/100
|move|p1a: Sandaconda|Earthquake|p2a: 死亡如风常伴吾身
|-damage|p2a: 死亡如风常伴吾身|0 fnt
|faint|p2a: 死亡如风常伴吾身
|
|upkeep
|
|t:|1638068781
|switch|p2a: 姐姐好腿我好爱|Tsareena, F|100/100
|turn|17
|
|t:|1638068789
|switch|p1a: Abomasnow|Abomasnow, F|39/100
|-weather|Hail|[from] ability: Snow Warning|[of] p1a: Abomasnow
|move|p2a: 姐姐好腿我好爱|Power Whip|p1a: Abomasnow
|-resisted|p1a: Abomasnow
|-damage|p1a: Abomasnow|0 fnt
|faint|p1a: Abomasnow
|
|-weather|Hail|[upkeep]
|-damage|p2a: 姐姐好腿我好爱|95/100|[from] Hail
|upkeep
|
|t:|1638068797
|switch|p1a: Vanilluxe|Vanilluxe, M|100/100
|turn|18
|
|t:|1638068803
|switch|p2a: 仰泳信爸爸|Lanturn, M|100/100
|move|p1a: Vanilluxe|Blizzard|p2a: 仰泳信爸爸
|-resisted|p2a: 仰泳信爸爸
|-damage|p2a: 仰泳信爸爸|67/100
|
|-weather|Hail|[upkeep]
|-damage|p2a: 仰泳信爸爸|61/100|[from] Hail
|-heal|p2a: 仰泳信爸爸|67/100|[from] item: Leftovers
|upkeep
|turn|19
|
|t:|1638068809
|switch|p1a: Sandslash|Sandslash-Alola, F|63/100
|move|p2a: 仰泳信爸爸|Scald|p1a: Sandslash
|-damage|p1a: Sandslash|23/100
|
|-weather|Hail|[upkeep]
|-damage|p2a: 仰泳信爸爸|61/100|[from] Hail
|-heal|p2a: 仰泳信爸爸|67/100|[from] item: Leftovers
|upkeep
|turn|20
|
|t:|1638068814
|switch|p2a: 窗外的麻雀在电线杆上啵嘴|Aromatisse, F|100/100
|move|p1a: Sandslash|Earthquake|p2a: 窗外的麻雀在电线杆上啵嘴
|-damage|p2a: 窗外的麻雀在电线杆上啵嘴|81/100
|
|-weather|Hail|[upkeep]
|-damage|p2a: 窗外的麻雀在电线杆上啵嘴|74/100|[from] Hail
|-heal|p2a: 窗外的麻雀在电线杆上啵嘴|81/100|[from] item: Leftovers
|upkeep
|turn|21
|
|t:|1638068822
|switch|p1a: Vanilluxe|Vanilluxe, M|100/100
|switch|p2a: 麻麻刺麻|Togedemaru, M|74/100
|
|-weather|none
|upkeep
|turn|22
|
|t:|1638068832
|switch|p1a: Charizard|Charizard, M|100/100
|move|p2a: 麻麻刺麻|Iron Head|p1a: Charizard
|-resisted|p1a: Charizard
|-damage|p1a: Charizard|76/100
|
|upkeep
|turn|23
|
|t:|1638068836
|switch|p2a: 仰泳信爸爸|Lanturn, M|67/100
|move|p1a: Charizard|Flamethrower|p2a: 仰泳信爸爸
|-resisted|p2a: 仰泳信爸爸
|-damage|p2a: 仰泳信爸爸|52/100
|
|-heal|p2a: 仰泳信爸爸|58/100|[from] item: Leftovers
|upkeep
|turn|24
|
|t:|1638068840
|move|p1a: Charizard|Toxic|p2a: 仰泳信爸爸
|-status|p2a: 仰泳信爸爸|tox
|move|p2a: 仰泳信爸爸|Volt Switch|p1a: Charizard
|-supereffective|p1a: Charizard
|-damage|p1a: Charizard|28/100
|
|t:|1638068844
|switch|p2a: 麻麻刺麻|Togedemaru, M|74/100|[from]move: Volt Switch
|
|upkeep
|turn|25
|
|t:|1638068854
|switch|p1a: Sandaconda|Sandaconda, M|30/100
|move|p2a: 麻麻刺麻|Iron Head|p1a: Sandaconda
|-damage|p1a: Sandaconda|8/100
|
|upkeep
|turn|26
|
|t:|1638068860
|switch|p1a: Lanturn|Lanturn, F|100/100
|move|p2a: 麻麻刺麻|Iron Head|p1a: Lanturn
|-resisted|p1a: Lanturn
|-damage|p1a: Lanturn|91/100
|
|-heal|p1a: Lanturn|97/100|[from] item: Leftovers
|upkeep
|turn|27
|
|t:|1638068865
|switch|p2a: 姐姐好腿我好爱|Tsareena, F|95/100
|move|p1a: Lanturn|Volt Switch|p2a: 姐姐好腿我好爱
|-resisted|p2a: 姐姐好腿我好爱
|-damage|p2a: 姐姐好腿我好爱|82/100
|
|t:|1638068872
|switch|p1a: Vanilluxe|Vanilluxe, M|100/100|[from]move: Volt Switch
|-weather|Hail|[from] ability: Snow Warning|[of] p1a: Vanilluxe
|
|-weather|Hail|[upkeep]
|-damage|p2a: 姐姐好腿我好爱|76/100|[from] Hail
|upkeep
|turn|28
|
|t:|1638068876
|switch|p2a: 仰泳信爸爸|Lanturn, M|58/100 tox
|move|p1a: Vanilluxe|Blizzard|p2a: 仰泳信爸爸
|-resisted|p2a: 仰泳信爸爸
|-damage|p2a: 仰泳信爸爸|27/100 tox
|
|-weather|Hail|[upkeep]
|-damage|p2a: 仰泳信爸爸|21/100 tox|[from] Hail
|-heal|p2a: 仰泳信爸爸|27/100 tox|[from] item: Leftovers
|-damage|p2a: 仰泳信爸爸|21/100 tox|[from] psn
|upkeep
|turn|29
|
|t:|1638068883
|move|p1a: Vanilluxe|Blizzard|p2a: 仰泳信爸爸
|-resisted|p2a: 仰泳信爸爸
|-damage|p2a: 仰泳信爸爸|0 fnt
|faint|p2a: 仰泳信爸爸
|
|-weather|Hail|[upkeep]
|upkeep
|
|t:|1638068888
|switch|p2a: 麻麻刺麻|Togedemaru, M|74/100
|turn|30
|
|t:|1638068894
|switch|p1a: Sandslash|Sandslash-Alola, F|23/100
|move|p2a: 麻麻刺麻|U-turn|p1a: Sandslash
|-resisted|p1a: Sandslash
|-damage|p1a: Sandslash|14/100
|
|t:|1638068897
|switch|p2a: 窗外的麻雀在电线杆上啵嘴|Aromatisse, F|81/100|[from]move: U-turn
|
|-weather|Hail|[upkeep]
|-damage|p2a: 窗外的麻雀在电线杆上啵嘴|74/100|[from] Hail
|-heal|p2a: 窗外的麻雀在电线杆上啵嘴|81/100|[from] item: Leftovers
|upkeep
|turn|31
|
|t:|1638068900
|move|p2a: 窗外的麻雀在电线杆上啵嘴|Protect|p2a: 窗外的麻雀在电线杆上啵嘴
|-singleturn|p2a: 窗外的麻雀在电线杆上啵嘴|Protect
|move|p1a: Sandslash|Swords Dance|p1a: Sandslash
|-boost|p1a: Sandslash|atk|2
|
|-weather|none
|-heal|p2a: 窗外的麻雀在电线杆上啵嘴|87/100|[from] item: Leftovers
|upkeep
|turn|32
|
|t:|1638068904
|move|p1a: Sandslash|Icicle Crash|p2a: 窗外的麻雀在电线杆上啵嘴
|-damage|p2a: 窗外的麻雀在电线杆上啵嘴|31/100
|cant|p2a: 窗外的麻雀在电线杆上啵嘴|flinch
|
|-heal|p2a: 窗外的麻雀在电线杆上啵嘴|37/100|[from] item: Leftovers
|upkeep
|turn|33
|
|t:|1638068911
|move|p1a: Sandslash|Icicle Crash|p2a: 窗外的麻雀在电线杆上啵嘴
|-damage|p2a: 窗外的麻雀在电线杆上啵嘴|0 fnt
|faint|p2a: 窗外的麻雀在电线杆上啵嘴
|
|upkeep
|
|t:|1638068913
|switch|p2a: 麻麻刺麻|Togedemaru, M|74/100
|turn|34
|
|t:|1638068916
|move|p2a: 麻麻刺麻|Iron Head|p1a: Sandslash
|-damage|p1a: Sandslash|0 fnt
|faint|p1a: Sandslash
|
|upkeep
|
|t:|1638068919
|switch|p1a: Lanturn|Lanturn, F|97/100
|turn|35
|
|t:|1638068922
|move|p2a: 麻麻刺麻|Iron Head|p1a: Lanturn
|-resisted|p1a: Lanturn
|-damage|p1a: Lanturn|89/100
|move|p1a: Lanturn|Volt Switch|p2a: 麻麻刺麻
|-resisted|p2a: 麻麻刺麻
|-damage|p2a: 麻麻刺麻|59/100
|
|t:|1638068926
|switch|p1a: Charizard|Charizard, M|28/100|[from]move: Volt Switch
|
|upkeep
|turn|36
|
|t:|1638068929
|move|p2a: 麻麻刺麻|Iron Head|p1a: Charizard
|-resisted|p1a: Charizard
|-damage|p1a: Charizard|5/100
|move|p1a: Charizard|Flamethrower|p2a: 麻麻刺麻
|-supereffective|p2a: 麻麻刺麻
|-damage|p2a: 麻麻刺麻|0 fnt
|faint|p2a: 麻麻刺麻
|
|upkeep
|
|t:|1638068933
|switch|p2a: 姐姐好腿我好爱|Tsareena, F|76/100
|turn|37
|
|t:|1638068939
|move|p1a: Charizard|Flamethrower|p2a: 姐姐好腿我好爱
|-supereffective|p2a: 姐姐好腿我好爱
|-damage|p2a: 姐姐好腿我好爱|0 fnt
|faint|p2a: 姐姐好腿我好爱
|
|win|Roboboi3002
|raw|Roboboi3002's rating: 1161 &rarr; <strong>1200</strong><br />(+39 for winning)
|raw|shalutianwang's rating: 1381 &rarr; <strong>1350</strong><br />(-31 for losing)
|l|☆shalutianwang
|j|☆shalutianwang
|player|p2|shalutianwang|scientist-gen4
