|j|☆Tal0
|j|☆SinIsEpic
|t:|1646722850
|gametype|singles
|player|p1|Tal0|janine|1206
|player|p2|SinIsEpic|wicke|1450
|teamsize|p1|6
|teamsize|p2|6
|gen|8
|tier|[Gen 8] PU
|rated|
|rule|Sleep Clause Mod: Limit one foe put to sleep
|rule|Species Clause: Limit one of each Pokémon
|rule|OHKO Clause: OHKO moves are banned
|rule|Evasion Moves Clause: Evasion moves are banned
|rule|Endless Battle Clause: Forcing endless battles is banned
|rule|HP Percentage Mod: HP is shown in percentages
|rule|Dynamax Clause: You cannot dynamax
|clearpoke
|poke|p1|Gigalith, M|
|poke|p1|Scrafty, M|
|poke|p1|Weezing, M|
|poke|p1|Ferroseed, F|
|poke|p1|Ribombee, F|
|poke|p1|Articuno-Galar|
|poke|p2|Gigalith, F|
|poke|p2|Eldegoss, F|
|poke|p2|Skuntank, F|
|poke|p2|Charizard, F|
|poke|p2|Espeon, F|
|poke|p2|Ribombee, F|
|teampreview
|
|t:|1646722870
|start
|switch|p1a: Weezing|Weezing, M|100/100
|switch|p2a: Espeon|Espeon, F|100/100
|turn|1
|
|t:|1646722874
|move|p2a: Espeon|Toxic|p1a: Weezing
|-immune|p1a: Weezing
|move|p1a: Weezing|Sludge Bomb|p2a: Espeon
|-damage|p2a: Espeon|73/100
|-status|p2a: Espeon|psn
|
|-heal|p2a: Espeon|79/100 psn|[from] item: Leftovers
|-damage|p2a: Espeon|67/100 psn|[from] psn
|upkeep
|turn|2
|
|t:|1646722877
|switch|p1a: Gigalith|Gigalith, M|100/100
|-weather|Sandstorm|[from] ability: Sand Stream|[of] p1a: Gigalith
|move|p2a: Espeon|Wish|p2a: Espeon
|
|-weather|Sandstorm|[upkeep]
|-damage|p2a: Espeon|61/100 psn|[from] Sandstorm
|-heal|p2a: Espeon|67/100 psn|[from] item: Leftovers
|-damage|p2a: Espeon|55/100 psn|[from] psn
|upkeep
|turn|3
|
|t:|1646722882
|move|p2a: Espeon|Protect|p2a: Espeon
|-singleturn|p2a: Espeon|Protect
|move|p1a: Gigalith|Rock Blast|p2a: Espeon
|-activate|p2a: Espeon|move: Protect
|
|-weather|Sandstorm|[upkeep]
|-damage|p2a: Espeon|49/100 psn|[from] Sandstorm
|-heal|p2a: Espeon|99/100 psn|[from] move: Wish|[wisher] Espeon
|-heal|p2a: Espeon|100/100 psn|[from] item: Leftovers
|-damage|p2a: Espeon|88/100 psn|[from] psn
|upkeep
|turn|4
|
|t:|1646722885
|switch|p2a: Eldegoss|Eldegoss, F|100/100
|move|p1a: Gigalith|Rock Blast|p2a: Eldegoss
|-damage|p2a: Eldegoss|91/100
|-damage|p2a: Eldegoss|81/100
|-hitcount|p2a: Eldegoss|2
|
|-weather|Sandstorm|[upkeep]
|-damage|p2a: Eldegoss|75/100|[from] Sandstorm
|upkeep
|turn|5
|
|t:|1646722890
|switch|p1a: Ferroseed|Ferroseed, F|100/100
|move|p2a: Eldegoss|Giga Drain|p1a: Ferroseed
|-resisted|p1a: Ferroseed
|-crit|p1a: Ferroseed
|-damage|p1a: Ferroseed|94/100
|-heal|p2a: Eldegoss|78/100|[from] drain|[of] p1a: Ferroseed
|
|-weather|Sandstorm|[upkeep]
|-damage|p2a: Eldegoss|71/100|[from] Sandstorm
|upkeep
|turn|6
|
|t:|1646722894
|switch|p2a: Espeon|Espeon, F|88/100 psn
|switch|p1a: Scrafty|Scrafty, M|100/100
|
|-weather|none
|-heal|p2a: Espeon|94/100 psn|[from] item: Leftovers
|-damage|p2a: Espeon|82/100 psn|[from] psn
|upkeep
|turn|7
|
|t:|1646722898
|switch|p2a: Ribombee|Ribombee, F|100/100
|move|p1a: Scrafty|Knock Off|p2a: Ribombee
|-resisted|p2a: Ribombee
|-damage|p2a: Ribombee|69/100
|-enditem|p2a: Ribombee|Choice Specs|[from] move: Knock Off|[of] p1a: Scrafty
|
|upkeep
|turn|8
|
|t:|1646722905
|switch|p1a: Gigalith|Gigalith, M|100/100
|-weather|Sandstorm|[from] ability: Sand Stream|[of] p1a: Gigalith
|move|p2a: Ribombee|Moonblast|p1a: Gigalith
|-damage|p1a: Gigalith|80/100
|
|-weather|Sandstorm|[upkeep]
|-damage|p2a: Ribombee|63/100|[from] Sandstorm
|-heal|p1a: Gigalith|86/100|[from] item: Leftovers
|upkeep
|turn|9
|
|t:|1646722908
|move|p2a: Ribombee|U-turn|p1a: Gigalith
|-damage|p1a: Gigalith|76/100
|
|t:|1646722911
|switch|p2a: Espeon|Espeon, F|82/100 psn|[from]move: U-turn
|move|p1a: Gigalith|Rock Blast|p2a: Espeon
|-damage|p2a: Espeon|70/100 psn
|-damage|p2a: Espeon|59/100 psn
|-damage|p2a: Espeon|47/100 psn
|-damage|p2a: Espeon|35/100 psn
|-damage|p2a: Espeon|23/100 psn
|-hitcount|p2a: Espeon|5
|
|-weather|Sandstorm|[upkeep]
|-damage|p2a: Espeon|17/100 psn|[from] Sandstorm
|-heal|p2a: Espeon|23/100 psn|[from] item: Leftovers
|-heal|p1a: Gigalith|83/100|[from] item: Leftovers
|-damage|p2a: Espeon|11/100 psn|[from] psn
|upkeep
|turn|10
|
|t:|1646722917
|move|p2a: Espeon|Toxic|p1a: Gigalith
|-status|p1a: Gigalith|tox
|move|p1a: Gigalith|Rock Blast|p2a: Espeon
|-damage|p2a: Espeon|0 fnt
|faint|p2a: Espeon
|-hitcount|p2: Espeon|1
|
|-weather|Sandstorm|[upkeep]
|-heal|p1a: Gigalith|89/100 tox|[from] item: Leftovers
|-damage|p1a: Gigalith|83/100 tox|[from] psn
|upkeep
|
|t:|1646722920
|switch|p2a: Eldegoss|Eldegoss, F|100/100
|turn|11
|
|t:|1646722923
|switch|p1a: Ferroseed|Ferroseed, F|94/100
|move|p2a: Eldegoss|Giga Drain|p1a: Ferroseed
|-resisted|p1a: Ferroseed
|-damage|p1a: Ferroseed|90/100
|
|-weather|Sandstorm|[upkeep]
|-damage|p2a: Eldegoss|94/100|[from] Sandstorm
|upkeep
|turn|12
|
|t:|1646722925
|switch|p2a: Charizard|Charizard, F|100/100
|move|p1a: Ferroseed|Spikes|p2a: Charizard
|-sidestart|p2: SinIsEpic|Spikes
|
|-weather|none
|upkeep
|turn|13
|
|t:|1646722929
|move|p1a: Ferroseed|Protect|p1a: Ferroseed
|-singleturn|p1a: Ferroseed|Protect
|move|p2a: Charizard|Focus Blast|p1a: Ferroseed
|-activate|p1a: Ferroseed|move: Protect
|
|upkeep
|turn|14
|
|t:|1646722936
|switch|p2a: Gigalith|Gigalith, F|100/100
|-damage|p2a: Gigalith|88/100|[from] Spikes
|-weather|Sandstorm|[from] ability: Sand Stream|[of] p2a: Gigalith
|switch|p1a: Ribombee|Ribombee, F|100/100
|
|-weather|Sandstorm|[upkeep]
|-damage|p1a: Ribombee|94/100|[from] Sandstorm
|-heal|p2a: Gigalith|94/100|[from] item: Leftovers
|upkeep
|turn|15
|
|t:|1646722940
|switch|p1a: Ferroseed|Ferroseed, F|90/100
|move|p2a: Gigalith|Rock Blast|p1a: Ferroseed
|-resisted|p1a: Ferroseed
|-damage|p1a: Ferroseed|87/100
|-resisted|p1a: Ferroseed
|-damage|p1a: Ferroseed|84/100
|-resisted|p1a: Ferroseed
|-damage|p1a: Ferroseed|81/100
|-hitcount|p1a: Ferroseed|3
|
|-weather|Sandstorm|[upkeep]
|-heal|p2a: Gigalith|100/100|[from] item: Leftovers
|upkeep
|turn|16
|
|t:|1646722944
|switch|p2a: Charizard|Charizard, F|100/100
|move|p1a: Ferroseed|Leech Seed|p2a: Charizard
|-start|p2a: Charizard|move: Leech Seed
|
|-weather|Sandstorm|[upkeep]
|-damage|p2a: Charizard|94/100|[from] Sandstorm
|-damage|p2a: Charizard|82/100|[from] Leech Seed|[of] p1a: Ferroseed
|-heal|p1a: Ferroseed|93/100|[silent]
|upkeep
|turn|17
|
|t:|1646722948
|switch|p2a: Eldegoss|Eldegoss, F|100/100
|move|p1a: Ferroseed|Protect||[still]
|-fail|p1a: Ferroseed
|
|-weather|Sandstorm|[upkeep]
|-damage|p2a: Eldegoss|94/100|[from] Sandstorm
|upkeep
|turn|18
|
|t:|1646722954
|move|p2a: Eldegoss|Rapid Spin|p1a: Ferroseed
|-resisted|p1a: Ferroseed
|-damage|p1a: Ferroseed|91/100
|-boost|p2a: Eldegoss|spe|1
|-damage|p2a: Eldegoss|82/100|[from] ability: Iron Barbs|[of] p1a: Ferroseed
|-sideend|p2: SinIsEpic|Spikes|[from] move: Rapid Spin|[of] p2a: Eldegoss
|move|p1a: Ferroseed|Toxic|p2a: Eldegoss
|-status|p2a: Eldegoss|tox
|
|-weather|none
|-damage|p2a: Eldegoss|76/100 tox|[from] psn
|upkeep
|turn|19
|
|t:|1646722959
|move|p2a: Eldegoss|Aromatherapy|p2a: Eldegoss
|-activate|p2a: Eldegoss|move: Aromatherapy
|-curestatus|p2a: Eldegoss|tox|[msg]
|move|p1a: Ferroseed|Leech Seed|p2a: Eldegoss
|-immune|p2a: Eldegoss
|
|upkeep
|turn|20
|
|t:|1646722963
|switch|p2a: Skuntank|Skuntank, F|100/100
|move|p1a: Ferroseed|Toxic|p2a: Skuntank
|-immune|p2a: Skuntank
|
|upkeep
|turn|21
|
|t:|1646722968
|move|p1a: Ferroseed|Protect|p1a: Ferroseed
|-singleturn|p1a: Ferroseed|Protect
|move|p2a: Skuntank|Taunt|p1a: Ferroseed
|-activate|p1a: Ferroseed|move: Protect
|
|upkeep
|turn|22
|
|t:|1646722975
|switch|p1a: Articuno|Articuno-Galar|100/100
|move|p2a: Skuntank|Nasty Plot|p2a: Skuntank
|-boost|p2a: Skuntank|spa|2
|
|upkeep
|turn|23
|
|t:|1646722979
|move|p2a: Skuntank|Dark Pulse|p1a: Articuno
|-supereffective|p1a: Articuno
|-damage|p1a: Articuno|0 fnt
|faint|p1a: Articuno
|
|upkeep
|
|t:|1646722983
|switch|p1a: Scrafty|Scrafty, M|100/100
|turn|24
|
|t:|1646722987
|move|p2a: Skuntank|Sludge Bomb|p1a: Scrafty
|-damage|p1a: Scrafty|56/100
|move|p1a: Scrafty|Drain Punch|p2a: Skuntank
|-damage|p2a: Skuntank|66/100
|-heal|p1a: Scrafty|73/100|[from] drain|[of] p2a: Skuntank
|
|-heal|p2a: Skuntank|73/100|[from] item: Black Sludge
|-heal|p1a: Scrafty|79/100|[from] item: Leftovers
|upkeep
|turn|25
|
|t:|1646722990
|move|p2a: Skuntank|Nasty Plot|p2a: Skuntank
|-boost|p2a: Skuntank|spa|2
|move|p1a: Scrafty|Bulk Up|p1a: Scrafty
|-boost|p1a: Scrafty|atk|1
|-boost|p1a: Scrafty|def|1
|
|-heal|p2a: Skuntank|79/100|[from] item: Black Sludge
|-heal|p1a: Scrafty|85/100|[from] item: Leftovers
|upkeep
|turn|26
|
|t:|1646722993
|move|p2a: Skuntank|Nasty Plot|p2a: Skuntank
|-boost|p2a: Skuntank|spa|2
|move|p1a: Scrafty|Drain Punch|p2a: Skuntank
|-damage|p2a: Skuntank|33/100
|-heal|p1a: Scrafty|100/100|[from] drain|[of] p2a: Skuntank
|
|-heal|p2a: Skuntank|39/100|[from] item: Black Sludge
|upkeep
|turn|27
|
|t:|1646722995
|move|p2a: Skuntank|Sludge Bomb|p1a: Scrafty
|-damage|p1a: Scrafty|6/100
|-status|p1a: Scrafty|psn
|move|p1a: Scrafty|Drain Punch|p2a: Skuntank
|-damage|p2a: Skuntank|0 fnt
|-heal|p1a: Scrafty|27/100 psn|[from] drain|[of] p2a: Skuntank
|-damage|p1a: Scrafty|2/100 psn|[from] ability: Aftermath|[of] p2a: Skuntank
|faint|p2a: Skuntank
|
|-heal|p1a: Scrafty|8/100 psn|[from] item: Leftovers
|-damage|p1a: Scrafty|0 fnt|[from] psn
|faint|p1a: Scrafty
|upkeep
|
|t:|1646723006
|switch|p2a: Charizard|Charizard, F|82/100
|switch|p1a: Weezing|Weezing, M|100/100
|turn|28
|
|t:|1646723009
|move|p2a: Charizard|Fire Blast|p1a: Weezing|[miss]
|-miss|p2a: Charizard|p1a: Weezing
|move|p1a: Weezing|Sludge Bomb|p2a: Charizard
|-damage|p2a: Charizard|48/100
|
|upkeep
|turn|29
|
|t:|1646723011
|switch|p1a: Gigalith|Gigalith, M|83/100 tox
|-weather|Sandstorm|[from] ability: Sand Stream|[of] p1a: Gigalith
|move|p2a: Charizard|Fire Blast|p1a: Gigalith
|-resisted|p1a: Gigalith
|-crit|p1a: Gigalith
|-damage|p1a: Gigalith|55/100 tox
|
|-weather|Sandstorm|[upkeep]
|-damage|p2a: Charizard|42/100|[from] Sandstorm
|-heal|p1a: Gigalith|61/100 tox|[from] item: Leftovers
|-damage|p1a: Gigalith|55/100 tox|[from] psn
|upkeep
|turn|30
|
|t:|1646723014
|switch|p2a: Eldegoss|Eldegoss, F|100/100
|move|p1a: Gigalith|Stealth Rock|p2a: Eldegoss
|-sidestart|p2: SinIsEpic|move: Stealth Rock
|
|-weather|Sandstorm|[upkeep]
|-damage|p2a: Eldegoss|94/100|[from] Sandstorm
|-heal|p1a: Gigalith|61/100 tox|[from] item: Leftovers
|-damage|p1a: Gigalith|49/100 tox|[from] psn
|upkeep
|turn|31
|
|t:|1646723017
|switch|p1a: Ferroseed|Ferroseed, F|91/100
|move|p2a: Eldegoss|Rapid Spin|p1a: Ferroseed
|-resisted|p1a: Ferroseed
|-damage|p1a: Ferroseed|89/100
|-boost|p2a: Eldegoss|spe|1
|-damage|p2a: Eldegoss|82/100|[from] ability: Iron Barbs|[of] p1a: Ferroseed
|-sideend|p2: SinIsEpic|Stealth Rock|[from] move: Rapid Spin|[of] p2a: Eldegoss
|
|-weather|Sandstorm|[upkeep]
|-damage|p2a: Eldegoss|76/100|[from] Sandstorm
|upkeep
|turn|32
|
|t:|1646723021
|switch|p2a: Charizard|Charizard, F|42/100
|move|p1a: Ferroseed|Toxic|p2a: Charizard
|-status|p2a: Charizard|tox
|
|-weather|Sandstorm|[upkeep]
|-damage|p2a: Charizard|36/100 tox|[from] Sandstorm
|-damage|p2a: Charizard|30/100 tox|[from] psn
|upkeep
|turn|33
|
|t:|1646723025
|move|p1a: Ferroseed|Protect|p1a: Ferroseed
|-singleturn|p1a: Ferroseed|Protect
|move|p2a: Charizard|Fire Blast|p1a: Ferroseed
|-activate|p1a: Ferroseed|move: Protect
|
|-weather|none
|-damage|p2a: Charizard|18/100 tox|[from] psn
|upkeep
|turn|34
|
|t:|1646723029
|switch|p1a: Gigalith|Gigalith, M|49/100 tox
|-weather|Sandstorm|[from] ability: Sand Stream|[of] p1a: Gigalith
|move|p2a: Charizard|Fire Blast|p1a: Gigalith
|-resisted|p1a: Gigalith
|-damage|p1a: Gigalith|20/100 tox
|
|-weather|Sandstorm|[upkeep]
|-damage|p2a: Charizard|12/100 tox|[from] Sandstorm
|-heal|p1a: Gigalith|26/100 tox|[from] item: Leftovers
|-damage|p2a: Charizard|0 fnt|[from] psn
|faint|p2a: Charizard
|-damage|p1a: Gigalith|20/100 tox|[from] psn
|upkeep
|
|t:|1646723033
|switch|p2a: Eldegoss|Eldegoss, F|100/100
|turn|35
|
|t:|1646723036
|move|p2a: Eldegoss|Giga Drain|p1a: Gigalith
|-supereffective|p1a: Gigalith
|-damage|p1a: Gigalith|0 fnt
|faint|p1a: Gigalith
|
|-weather|Sandstorm|[upkeep]
|-damage|p2a: Eldegoss|94/100|[from] Sandstorm
|upkeep
|
|t:|1646723039
|switch|p1a: Weezing|Weezing, M|100/100
|turn|36
|
|t:|1646723046
|move|p1a: Weezing|Will-O-Wisp|p2a: Eldegoss
|-status|p2a: Eldegoss|brn
|move|p2a: Eldegoss|Leech Seed|p1a: Weezing
|-start|p1a: Weezing|move: Leech Seed
|
|-weather|Sandstorm|[upkeep]
|-damage|p1a: Weezing|95/100|[from] Sandstorm
|-damage|p2a: Eldegoss|88/100 brn|[from] Sandstorm
|-heal|p1a: Weezing|100/100|[from] item: Black Sludge
|-damage|p1a: Weezing|88/100|[from] Leech Seed|[of] p2a: Eldegoss
|-heal|p2a: Eldegoss|100/100 brn|[silent]
|-damage|p2a: Eldegoss|94/100 brn|[from] brn
|upkeep
|turn|37
|
|t:|1646723051
|switch|p1a: Ribombee|Ribombee, F|94/100
|move|p2a: Eldegoss|Rapid Spin|p1a: Ribombee
|-damage|p1a: Ribombee|89/100
|-boost|p2a: Eldegoss|spe|1
|
|-weather|Sandstorm|[upkeep]
|-damage|p1a: Ribombee|83/100|[from] Sandstorm
|-damage|p2a: Eldegoss|88/100 brn|[from] Sandstorm
|-damage|p2a: Eldegoss|82/100 brn|[from] brn
|upkeep
|turn|38
|
|t:|1646723056
|move|p1a: Ribombee|Quiver Dance|p1a: Ribombee
|-boost|p1a: Ribombee|spa|1
|-boost|p1a: Ribombee|spd|1
|-boost|p1a: Ribombee|spe|1
|move|p2a: Eldegoss|Leech Seed|p1a: Ribombee
|-start|p1a: Ribombee|move: Leech Seed
|
|-weather|none
|-damage|p1a: Ribombee|70/100|[from] Leech Seed|[of] p2a: Eldegoss
|-heal|p2a: Eldegoss|92/100 brn|[silent]
|-damage|p2a: Eldegoss|86/100 brn|[from] brn
|upkeep
|turn|39
|
|t:|1646723061
|switch|p1a: Ferroseed|Ferroseed, F|89/100
|switch|p2a: Gigalith|Gigalith, F|100/100
|-weather|Sandstorm|[from] ability: Sand Stream|[of] p2a: Gigalith
|
|-weather|Sandstorm|[upkeep]
|upkeep
|turn|40
|
|t:|1646723067
|move|p2a: Gigalith|Stealth Rock|p1a: Ferroseed
|-sidestart|p1: Tal0|move: Stealth Rock
|move|p1a: Ferroseed|Spikes|p2a: Gigalith
|-sidestart|p2: SinIsEpic|Spikes
|
|-weather|Sandstorm|[upkeep]
|upkeep
|turn|41
|
|t:|1646723070
|switch|p2a: Eldegoss|Eldegoss, F|100/100 brn
|move|p1a: Ferroseed|Toxic||[still]
|-fail|p1a: Ferroseed
|
|-weather|Sandstorm|[upkeep]
|-damage|p2a: Eldegoss|94/100 brn|[from] Sandstorm
|-damage|p2a: Eldegoss|88/100 brn|[from] brn
|upkeep
|turn|42
|
|t:|1646723072
|move|p2a: Eldegoss|Rapid Spin|p1a: Ferroseed
|-resisted|p1a: Ferroseed
|-damage|p1a: Ferroseed|88/100
|-boost|p2a: Eldegoss|spe|1
|-damage|p2a: Eldegoss|76/100 brn|[from] ability: Iron Barbs|[of] p1a: Ferroseed
|-sideend|p2: SinIsEpic|Spikes|[from] move: Rapid Spin|[of] p2a: Eldegoss
|move|p1a: Ferroseed|Spikes|p2a: Eldegoss
|-sidestart|p2: SinIsEpic|Spikes
|
|-weather|Sandstorm|[upkeep]
|-damage|p2a: Eldegoss|70/100 brn|[from] Sandstorm
|-damage|p2a: Eldegoss|63/100 brn|[from] brn
|upkeep
|turn|43
|
|t:|1646723075
|move|p2a: Eldegoss|Giga Drain|p1a: Ferroseed
|-resisted|p1a: Ferroseed
|-damage|p1a: Ferroseed|84/100
|-heal|p2a: Eldegoss|66/100 brn|[from] drain|[of] p1a: Ferroseed
|move|p1a: Ferroseed|Spikes|p2a: Eldegoss
|-sidestart|p2: SinIsEpic|Spikes
|
|-weather|none
|-damage|p2a: Eldegoss|59/100 brn|[from] brn
|upkeep
|turn|44
|
|t:|1646723078
|move|p1a: Ferroseed|Protect|p1a: Ferroseed
|-singleturn|p1a: Ferroseed|Protect
|move|p2a: Eldegoss|Giga Drain|p1a: Ferroseed
|-activate|p1a: Ferroseed|move: Protect
|
|-damage|p2a: Eldegoss|53/100 brn|[from] brn
|upkeep
|turn|45
|
|t:|1646723082
|move|p2a: Eldegoss|Giga Drain|p1a: Ferroseed
|-resisted|p1a: Ferroseed
|-damage|p1a: Ferroseed|79/100
|-heal|p2a: Eldegoss|55/100 brn|[from] drain|[of] p1a: Ferroseed
|move|p1a: Ferroseed|Spikes|p2a: Eldegoss
|-sidestart|p2: SinIsEpic|Spikes
|
|-damage|p2a: Eldegoss|49/100 brn|[from] brn
|upkeep
|turn|46
|
|t:|1646723086
|move|p1a: Ferroseed|Protect|p1a: Ferroseed
|-singleturn|p1a: Ferroseed|Protect
|move|p2a: Eldegoss|Rapid Spin|p1a: Ferroseed
|-activate|p1a: Ferroseed|move: Protect
|
|-damage|p2a: Eldegoss|43/100 brn|[from] brn
|upkeep
|turn|47
|
|t:|1646723090
|move|p2a: Eldegoss|Rapid Spin|p1a: Ferroseed
|-resisted|p1a: Ferroseed
|-damage|p1a: Ferroseed|78/100
|-boost|p2a: Eldegoss|spe|1
|-damage|p2a: Eldegoss|31/100 brn|[from] ability: Iron Barbs|[of] p1a: Ferroseed
|-sideend|p2: SinIsEpic|Spikes|[from] move: Rapid Spin|[of] p2a: Eldegoss
|move|p1a: Ferroseed|Spikes|p2a: Eldegoss
|-sidestart|p2: SinIsEpic|Spikes
|
|-damage|p2a: Eldegoss|25/100 brn|[from] brn
|upkeep
|turn|48
|
|t:|1646723093
|switch|p2a: Gigalith|Gigalith, F|100/100
|-damage|p2a: Gigalith|88/100|[from] Spikes
|-weather|Sandstorm|[from] ability: Sand Stream|[of] p2a: Gigalith
|move|p1a: Ferroseed|Spikes|p2a: Gigalith
|-sidestart|p2: SinIsEpic|Spikes
|
|-weather|Sandstorm|[upkeep]
|-heal|p2a: Gigalith|94/100|[from] item: Leftovers
|upkeep
|turn|49
|
|t:|1646723099
|switch|p2a: Eldegoss|Eldegoss, F|58/100 brn
|move|p1a: Ferroseed|Toxic||[still]
|-fail|p1a: Ferroseed
|
|-weather|Sandstorm|[upkeep]
|-damage|p2a: Eldegoss|52/100 brn|[from] Sandstorm
|-damage|p2a: Eldegoss|46/100 brn|[from] brn
|upkeep
|turn|50
|
|t:|1646723103
|switch|p2a: Gigalith|Gigalith, F|94/100
|-damage|p2a: Gigalith|78/100|[from] Spikes
|move|p1a: Ferroseed|Protect||[still]
|-fail|p1a: Ferroseed
|
|-weather|Sandstorm|[upkeep]
|-heal|p2a: Gigalith|84/100|[from] item: Leftovers
|upkeep
|turn|51
|
|t:|1646723110
|move|p2a: Gigalith|Protect|p2a: Gigalith
|-singleturn|p2a: Gigalith|Protect
|move|p1a: Ferroseed|Leech Seed|p2a: Gigalith
|-activate|p2a: Gigalith|move: Protect
|
|-weather|Sandstorm|[upkeep]
|-heal|p2a: Gigalith|90/100|[from] item: Leftovers
|upkeep
|turn|52
|
|t:|1646723114
|switch|p2a: Eldegoss|Eldegoss, F|79/100 brn
|move|p1a: Ferroseed|Spikes|p2a: Eldegoss
|-sidestart|p2: SinIsEpic|Spikes
|
|-weather|none
|-damage|p2a: Eldegoss|73/100 brn|[from] brn
|upkeep
|turn|53
|
|t:|1646723116
|move|p1a: Ferroseed|Protect|p1a: Ferroseed
|-singleturn|p1a: Ferroseed|Protect
|move|p2a: Eldegoss|Rapid Spin|p1a: Ferroseed
|-activate|p1a: Ferroseed|move: Protect
|
|-damage|p2a: Eldegoss|67/100 brn|[from] brn
|upkeep
|turn|54
|
|t:|1646723122
|switch|p1a: Weezing|Weezing, M|88/100
|-damage|p1a: Weezing|76/100|[from] Stealth Rock
|move|p2a: Eldegoss|Rapid Spin|p1a: Weezing
|-damage|p1a: Weezing|74/100
|-boost|p2a: Eldegoss|spe|1
|-sideend|p2: SinIsEpic|Spikes|[from] move: Rapid Spin|[of] p2a: Eldegoss
|
|-heal|p1a: Weezing|80/100|[from] item: Black Sludge
|-damage|p2a: Eldegoss|60/100 brn|[from] brn
|upkeep
|turn|55
|
|t:|1646723128
|move|p2a: Eldegoss|Leech Seed|p1a: Weezing
|-start|p1a: Weezing|move: Leech Seed
|move|p1a: Weezing|Toxic Spikes|p2a: Eldegoss
|-sidestart|p2: SinIsEpic|move: Toxic Spikes
|
|-heal|p1a: Weezing|86/100|[from] item: Black Sludge
|-damage|p1a: Weezing|74/100|[from] Leech Seed|[of] p2a: Eldegoss
|-heal|p2a: Eldegoss|73/100 brn|[silent]
|-damage|p2a: Eldegoss|67/100 brn|[from] brn
|upkeep
|turn|56
|
|t:|1646723130
|move|p2a: Eldegoss|Rapid Spin|p1a: Weezing
|-damage|p1a: Weezing|71/100
|-boost|p2a: Eldegoss|spe|1
|-sideend|p2: SinIsEpic|Toxic Spikes|[from] move: Rapid Spin|[of] p2a: Eldegoss
|move|p1a: Weezing|Sludge Bomb|p2a: Eldegoss
|-supereffective|p2a: Eldegoss
|-damage|p2a: Eldegoss|18/100 brn
|
|-heal|p1a: Weezing|77/100|[from] item: Black Sludge
|-damage|p1a: Weezing|65/100|[from] Leech Seed|[of] p2a: Eldegoss
|-heal|p2a: Eldegoss|31/100 brn|[silent]
|-damage|p2a: Eldegoss|25/100 brn|[from] brn
|upkeep
|turn|57
|
|t:|1646723134
|switch|p2a: Gigalith|Gigalith, F|90/100
|-weather|Sandstorm|[from] ability: Sand Stream|[of] p2a: Gigalith
|move|p1a: Weezing|Sludge Bomb|p2a: Gigalith
|-resisted|p2a: Gigalith
|-damage|p2a: Gigalith|83/100
|-status|p2a: Gigalith|psn
|
|-weather|Sandstorm|[upkeep]
|-damage|p1a: Weezing|59/100|[from] Sandstorm
|-heal|p1a: Weezing|65/100|[from] item: Black Sludge
|-heal|p2a: Gigalith|89/100 psn|[from] item: Leftovers
|-damage|p1a: Weezing|53/100|[from] Leech Seed|[of] p2a: Gigalith
|-heal|p2a: Gigalith|99/100 psn|[silent]
|-damage|p2a: Gigalith|88/100 psn|[from] psn
|upkeep
|turn|58
|
|t:|1646723141
|switch|p1a: Ferroseed|Ferroseed, F|78/100
|-damage|p1a: Ferroseed|72/100|[from] Stealth Rock
|move|p2a: Gigalith|Earthquake|p1a: Ferroseed
|-damage|p1a: Ferroseed|54/100
|
|-weather|Sandstorm|[upkeep]
|-heal|p2a: Gigalith|94/100 psn|[from] item: Leftovers
|-damage|p2a: Gigalith|82/100 psn|[from] psn
|upkeep
|turn|59
|
|t:|1646723146
|switch|p2a: Eldegoss|Eldegoss, F|58/100 brn
|move|p1a: Ferroseed|Spikes|p2a: Eldegoss
|-sidestart|p2: SinIsEpic|Spikes
|
|-weather|Sandstorm|[upkeep]
|-damage|p2a: Eldegoss|52/100 brn|[from] Sandstorm
|-damage|p2a: Eldegoss|46/100 brn|[from] brn
|upkeep
|turn|60
|
|t:|1646723149
|switch|p2a: Gigalith|Gigalith, F|82/100 psn
|-damage|p2a: Gigalith|69/100 psn|[from] Spikes
|move|p1a: Ferroseed|Spikes|p2a: Gigalith
|-sidestart|p2: SinIsEpic|Spikes
|
|-weather|Sandstorm|[upkeep]
|-heal|p2a: Gigalith|75/100 psn|[from] item: Leftovers
|-damage|p2a: Gigalith|63/100 psn|[from] psn
|upkeep
|turn|61
|
|t:|1646723152
|switch|p2a: Eldegoss|Eldegoss, F|79/100 brn
|move|p1a: Ferroseed|Leech Seed|p2a: Eldegoss
|-immune|p2a: Eldegoss
|
|-weather|none
|-damage|p2a: Eldegoss|73/100 brn|[from] brn
|upkeep
|turn|62
|
|t:|1646723155
|move|p1a: Ferroseed|Protect|p1a: Ferroseed
|-singleturn|p1a: Ferroseed|Protect
|move|p2a: Eldegoss|Rapid Spin|p1a: Ferroseed
|-activate|p1a: Ferroseed|move: Protect
|
|-damage|p2a: Eldegoss|67/100 brn|[from] brn
|upkeep
|turn|63
|
|t:|1646723163
|move|p2a: Eldegoss|Rapid Spin|p1a: Ferroseed
|-resisted|p1a: Ferroseed
|-damage|p1a: Ferroseed|53/100
|-boost|p2a: Eldegoss|spe|1
|-damage|p2a: Eldegoss|54/100 brn|[from] ability: Iron Barbs|[of] p1a: Ferroseed
|-sideend|p2: SinIsEpic|Spikes|[from] move: Rapid Spin|[of] p2a: Eldegoss
|move|p1a: Ferroseed|Spikes|p2a: Eldegoss
|-sidestart|p2: SinIsEpic|Spikes
|
|-damage|p2a: Eldegoss|48/100 brn|[from] brn
|upkeep
|turn|64
|
|t:|1646723168
|move|p2a: Eldegoss|Giga Drain|p1a: Ferroseed
|-resisted|p1a: Ferroseed
|-damage|p1a: Ferroseed|48/100
|-heal|p2a: Eldegoss|50/100 brn|[from] drain|[of] p1a: Ferroseed
|move|p1a: Ferroseed|Spikes|p2a: Eldegoss
|-sidestart|p2: SinIsEpic|Spikes
|
|-damage|p2a: Eldegoss|44/100 brn|[from] brn
|upkeep
|turn|65
|
|t:|1646723171
|move|p2a: Eldegoss|Giga Drain|p1a: Ferroseed
|-resisted|p1a: Ferroseed
|-damage|p1a: Ferroseed|44/100
|-heal|p2a: Eldegoss|46/100 brn|[from] drain|[of] p1a: Ferroseed
|move|p1a: Ferroseed|Spikes|p2a: Eldegoss
|-sidestart|p2: SinIsEpic|Spikes
|
|-damage|p2a: Eldegoss|40/100 brn|[from] brn
|upkeep
|turn|66
|
|t:|1646723179
|move|p1a: Ferroseed|Protect|p1a: Ferroseed
|-singleturn|p1a: Ferroseed|Protect
|move|p2a: Eldegoss|Giga Drain|p1a: Ferroseed
|-activate|p1a: Ferroseed|move: Protect
|
|-damage|p2a: Eldegoss|34/100 brn|[from] brn
|upkeep
|turn|67
|
|t:|1646723182
|move|p2a: Eldegoss|Giga Drain|p1a: Ferroseed
|-resisted|p1a: Ferroseed
|-damage|p1a: Ferroseed|39/100
|-heal|p2a: Eldegoss|36/100 brn|[from] drain|[of] p1a: Ferroseed
|move|p1a: Ferroseed|Spikes||[still]
|-fail|p1a: Ferroseed
|
|-damage|p2a: Eldegoss|30/100 brn|[from] brn
|upkeep
|turn|68
|
|t:|1646723187
|switch|p2a: Ribombee|Ribombee, F|63/100
|-damage|p2a: Ribombee|38/100|[from] Spikes
|move|p1a: Ferroseed|Spikes||[still]
|-fail|p1a: Ferroseed
|
|upkeep
|turn|69
|
|t:|1646723189
|move|p2a: Ribombee|Bug Buzz|p1a: Ferroseed
|-damage|p1a: Ferroseed|4/100
|move|p1a: Ferroseed|Leech Seed|p2a: Ribombee
|-start|p2a: Ribombee|move: Leech Seed
|
|-damage|p2a: Ribombee|26/100|[from] Leech Seed|[of] p1a: Ferroseed
|-heal|p1a: Ferroseed|15/100|[silent]
|upkeep
|turn|70
|
|t:|1646723195
|switch|p2a: Eldegoss|Eldegoss, F|63/100 brn
|move|p1a: Ferroseed|Protect||[still]
|-fail|p1a: Ferroseed
|
|-damage|p2a: Eldegoss|57/100 brn|[from] brn
|upkeep
|turn|71
|
|t:|1646723199
|move|p2a: Eldegoss|Giga Drain|p1a: Ferroseed
|-resisted|p1a: Ferroseed
|-damage|p1a: Ferroseed|10/100
|-heal|p2a: Eldegoss|59/100 brn|[from] drain|[of] p1a: Ferroseed
|move|p1a: Ferroseed|Spikes||[still]
|-fail|p1a: Ferroseed
|
|-damage|p2a: Eldegoss|53/100 brn|[from] brn
|upkeep
|turn|72
|
|t:|1646723201
|move|p2a: Eldegoss|Giga Drain|p1a: Ferroseed
|-resisted|p1a: Ferroseed
|-damage|p1a: Ferroseed|5/100
|-heal|p2a: Eldegoss|55/100 brn|[from] drain|[of] p1a: Ferroseed
|move|p1a: Ferroseed|Spikes||[still]
|-fail|p1a: Ferroseed
|
|-damage|p2a: Eldegoss|49/100 brn|[from] brn
|upkeep
|turn|73
|
|t:|1646723204
|switch|p1a: Weezing|Weezing, M|53/100
|-damage|p1a: Weezing|41/100|[from] Stealth Rock
|move|p2a: Eldegoss|Rapid Spin|p1a: Weezing
|-damage|p1a: Weezing|39/100
|-boost|p2a: Eldegoss|spe|1
|-sideend|p2: SinIsEpic|Spikes|[from] move: Rapid Spin|[of] p2a: Eldegoss
|
|-heal|p1a: Weezing|45/100|[from] item: Black Sludge
|-damage|p2a: Eldegoss|43/100 brn|[from] brn
|upkeep
|turn|74
|
|t:|1646723209
|switch|p2a: Gigalith|Gigalith, F|63/100 psn
|-weather|Sandstorm|[from] ability: Sand Stream|[of] p2a: Gigalith
|move|p1a: Weezing|Sludge Bomb|p2a: Gigalith
|-resisted|p2a: Gigalith
|-damage|p2a: Gigalith|56/100 psn
|
|-weather|Sandstorm|[upkeep]
|-damage|p1a: Weezing|39/100|[from] Sandstorm
|-heal|p1a: Weezing|45/100|[from] item: Black Sludge
|-heal|p2a: Gigalith|62/100 psn|[from] item: Leftovers
|-damage|p2a: Gigalith|50/100 psn|[from] psn
|upkeep
|turn|75
|
|t:|1646723215
|switch|p2a: Eldegoss|Eldegoss, F|76/100 brn
|move|p1a: Weezing|Sludge Bomb|p2a: Eldegoss
|-supereffective|p2a: Eldegoss
|-damage|p2a: Eldegoss|31/100 brn
|
|-weather|Sandstorm|[upkeep]
|-damage|p1a: Weezing|39/100|[from] Sandstorm
|-damage|p2a: Eldegoss|25/100 brn|[from] Sandstorm
|-heal|p1a: Weezing|45/100|[from] item: Black Sludge
|-damage|p2a: Eldegoss|19/100 brn|[from] brn
|upkeep
|turn|76
|
|t:|1646723223
|move|p1a: Weezing|Sludge Bomb|p2a: Eldegoss
|-supereffective|p2a: Eldegoss
|-damage|p2a: Eldegoss|0 fnt
|faint|p2a: Eldegoss
|
|-weather|Sandstorm|[upkeep]
|-damage|p1a: Weezing|39/100|[from] Sandstorm
|-heal|p1a: Weezing|45/100|[from] item: Black Sludge
|upkeep
|
|t:|1646723225
|switch|p2a: Ribombee|Ribombee, F|26/100
|turn|77
|
|t:|1646723227
|move|p2a: Ribombee|Psychic|p1a: Weezing
|-supereffective|p1a: Weezing
|-damage|p1a: Weezing|0 fnt
|faint|p1a: Weezing
|
|-weather|Sandstorm|[upkeep]
|-damage|p2a: Ribombee|20/100|[from] Sandstorm
|upkeep
|
|t:|1646723230
|switch|p1a: Ribombee|Ribombee, F|70/100
|turn|78
|
|t:|1646723233
|move|p2a: Ribombee|Psychic|p1a: Ribombee
|-damage|p1a: Ribombee|25/100
|move|p1a: Ribombee|Moonblast|p2a: Ribombee
|-damage|p2a: Ribombee|0 fnt
|faint|p2a: Ribombee
|
|-weather|none
|upkeep
|
|t:|1646723235
|switch|p2a: Gigalith|Gigalith, F|50/100 psn
|-weather|Sandstorm|[from] ability: Sand Stream|[of] p2a: Gigalith
|turn|79
|
|t:|1646723238
|move|p1a: Ribombee|Roost|p1a: Ribombee
|-heal|p1a: Ribombee|75/100
|-singleturn|p1a: Ribombee|move: Roost
|move|p2a: Gigalith|Rock Blast|p1a: Ribombee
|-supereffective|p1a: Ribombee
|-damage|p1a: Ribombee|31/100
|-supereffective|p1a: Ribombee
|-damage|p1a: Ribombee|0 fnt
|faint|p1a: Ribombee
|-hitcount|p1: Ribombee|2
|
|-weather|Sandstorm|[upkeep]
|-heal|p2a: Gigalith|56/100 psn|[from] item: Leftovers
|-damage|p2a: Gigalith|44/100 psn|[from] psn
|upkeep
|
|t:|1646723241
|switch|p1a: Ferroseed|Ferroseed, F|5/100
|-damage|p1a: Ferroseed|0 fnt|[from] Stealth Rock
|faint|p1a: Ferroseed
|
|win|SinIsEpic
|raw|Tal0's rating: 1206 &rarr; <strong>1196</strong><br />(-10 for losing)
|raw|SinIsEpic's rating: 1450 &rarr; <strong>1458</strong><br />(+8 for winning)
|l|☆Tal0
|l|☆SinIsEpic
