|j|☆uult5 somalia
|j|☆Brandon
|player|p1|uult5 somalia|marlon|1509
|player|p2|Brandon|#brandon|1364
|teamsize|p1|6
|teamsize|p2|6
|gametype|singles
|gen|8
|tier|[Gen 8] PU
|rated|
|clearpoke
|poke|p1|Basculin-Blue-Striped, M|
|poke|p1|Crustle, F|
|poke|p1|Gourgeist-*, M|
|poke|p1|Pikachu, F|
|poke|p1|Gothitelle, M|
|poke|p1|Hitmontop, M|
|poke|p2|Stunfisk, F|
|poke|p2|Gothitelle, F|
|poke|p2|Basculin, M|
|poke|p2|Throh, M|
|poke|p2|Mr. Mime-Galar, F|
|poke|p2|Pawniard, M|
|rule|Sleep Clause Mod: Limit one foe put to sleep
|rule|Species Clause: Limit one of each Pokémon
|rule|OHKO Clause: OHKO moves are banned
|rule|Evasion Moves Clause: Evasion moves are banned
|rule|Endless Battle Clause: Forcing endless battles is banned
|rule|HP Percentage Mod: HP is shown in percentages
|rule|Dynamax Clause: You cannot dynamax
|teampreview
|j| U2 noll
|c|☆uult5 somalia|Hf man
|c|☆Brandon|u2
|
|start
|switch|p1a: DEVIL'S LANCE|Crustle, F|100/100
|switch|p2a: Basculin|Basculin, M|100/100
|turn|1
|c|☆uult5 somalia|we're goth brothers dude
|
|move|p2a: Basculin|Scald|p1a: DEVIL'S LANCE
|-supereffective|p1a: DEVIL'S LANCE
|-enditem|p1a: DEVIL'S LANCE|Focus Sash
|-damage|p1a: DEVIL'S LANCE|1/100
|move|p1a: DEVIL'S LANCE|Stealth Rock|p2a: Basculin
|-sidestart|p2: Brandon|move: Stealth Rock
|
|upkeep
|turn|2
|c|☆Brandon|goth is underrated
|c|☆uult5 somalia|for sure
|
|move|p2a: Basculin|Scald|p1a: DEVIL'S LANCE
|-supereffective|p1a: DEVIL'S LANCE
|-damage|p1a: DEVIL'S LANCE|0 fnt
|faint|p1a: DEVIL'S LANCE
|
|upkeep
|c|☆Brandon|you signed up for pupl right
|l| U2 noll
|c|☆uult5 somalia|yeah man hoping to get picked xd
|c|☆uult5 somalia|hwo about you mate
|c|☆Brandon|me too
|c|☆uult5 somalia|*how
|c|☆uult5 somalia|ah nice
|c|☆Brandon|I know I've seen you around on ladder or battling others so I've seen good things haha
|
|switch|p1a: FORMLESS|Gourgeist, M|100/100
|-item|p2a: Basculin|Choice Specs|[from] ability: Frisk|[of] p1a: FORMLESS|[identify]
|turn|3
|c|☆uult5 somalia|ah thanks alot man means alot :)
|
|move|p2a: Basculin|Scald|p1a: FORMLESS
|-resisted|p1a: FORMLESS
|-damage|p1a: FORMLESS|46/100
|-status|p1a: FORMLESS|brn
|move|p1a: FORMLESS|Power Whip|p2a: Basculin
|-supereffective|p2a: Basculin
|-damage|p2a: Basculin|1/100
|
|-damage|p1a: FORMLESS|40/100 brn|[from] brn
|upkeep
|turn|4
|c|☆Brandon|oh man sorry
|
|move|p1a: FORMLESS|Shadow Sneak|p2a: Basculin
|-damage|p2a: Basculin|0 fnt
|faint|p2a: Basculin
|
|-damage|p1a: FORMLESS|34/100 brn|[from] brn
|upkeep
|c|☆uult5 somalia|nah it part of the move lol
|
|switch|p2a: Throh|Throh, M|100/100
|-damage|p2a: Throh|94/100|[from] Stealth Rock
|turn|5
|
|move|p1a: FORMLESS|Power Whip|p2a: Throh
|-damage|p2a: Throh|68/100
|move|p2a: Throh|Knock Off|p1a: FORMLESS
|-supereffective|p1a: FORMLESS
|-enditem|p1a: FORMLESS|Colbur Berry|[eat]
|-enditem|p1a: FORMLESS|Colbur Berry|[weaken]
|-damage|p1a: FORMLESS|2/100 brn
|
|-damage|p1a: FORMLESS|0 fnt|[from] brn
|faint|p1a: FORMLESS
|-status|p2a: Throh|brn|[from] item: Flame Orb
|upkeep
|
|switch|p1a: NIKO STYLE|Pikachu, F|100/100
|turn|6
|
|move|p1a: NIKO STYLE|Fake Out|p2a: Throh
|-damage|p2a: Throh|49/100 brn
|cant|p2a: Throh|flinch
|
|-damage|p2a: Throh|43/100 brn|[from] brn
|upkeep
|turn|7
|j| royesk
|
|move|p1a: NIKO STYLE|Extreme Speed|p2a: Throh
|-damage|p2a: Throh|10/100 brn
|move|p2a: Throh|Facade|p1a: NIKO STYLE
|-damage|p1a: NIKO STYLE|0 fnt
|faint|p1a: NIKO STYLE
|
|-damage|p2a: Throh|4/100 brn|[from] brn
|upkeep
|
|switch|p1a: DRAGON SHOT|Basculin-Blue-Striped, M|100/100
|turn|8
|
|move|p1a: DRAGON SHOT|Liquidation|p2a: Throh
|-damage|p2a: Throh|0 fnt
|faint|p2a: Throh
|
|upkeep
|
|switch|p2a: Mr. Mime|Mr. Mime-Galar, F|100/100
|turn|9
|
|switch|p1a: HAMMER OF BURMA|Hitmontop, M|100/100
|move|p2a: Mr. Mime|Freeze-Dry|p1a: HAMMER OF BURMA
|-damage|p1a: HAMMER OF BURMA|80/100
|
|upkeep
|turn|10
|
|switch|p2a: Stunfisk|Stunfisk, F|100/100
|-damage|p2a: Stunfisk|94/100|[from] Stealth Rock
|move|p1a: HAMMER OF BURMA|Fake Out|p2a: Stunfisk
|-damage|p2a: Stunfisk|75/100
|
|-heal|p2a: Stunfisk|82/100|[from] item: Leftovers
|upkeep
|turn|11
|
|switch|p1a: DRAGON SHOT|Basculin-Blue-Striped, M|100/100
|move|p2a: Stunfisk|Curse|p2a: Stunfisk
|-unboost|p2a: Stunfisk|spe|1
|-boost|p2a: Stunfisk|atk|1
|-boost|p2a: Stunfisk|def|1
|
|-heal|p2a: Stunfisk|88/100|[from] item: Leftovers
|upkeep
|turn|12
|
|switch|p1a: EVOLUTION|Gothitelle, M|100/100
|move|p2a: Stunfisk|Earthquake|p1a: EVOLUTION
|-damage|p1a: EVOLUTION|73/100
|
|-heal|p2a: Stunfisk|94/100|[from] item: Leftovers
|upkeep
|turn|13
|
|switch|p2a: Pawniard|Pawniard, M|100/100
|-damage|p2a: Pawniard|94/100|[from] Stealth Rock
|move|p1a: EVOLUTION|Cosmic Power|p1a: EVOLUTION
|-boost|p1a: EVOLUTION|def|1
|-boost|p1a: EVOLUTION|spd|1
|
|upkeep
|turn|14
|
|switch|p1a: HAMMER OF BURMA|Hitmontop, M|80/100
|move|p2a: Pawniard|Knock Off|p1a: HAMMER OF BURMA
|-resisted|p1a: HAMMER OF BURMA
|-damage|p1a: HAMMER OF BURMA|56/100
|-enditem|p1a: HAMMER OF BURMA|Assault Vest|[from] move: Knock Off|[of] p2a: Pawniard
|
|upkeep
|turn|15
|
|switch|p2a: Stunfisk|Stunfisk, F|94/100
|-damage|p2a: Stunfisk|88/100|[from] Stealth Rock
|switch|p1a: DRAGON SHOT|Basculin-Blue-Striped, M|100/100
|
|-heal|p2a: Stunfisk|94/100|[from] item: Leftovers
|upkeep
|turn|16
|
|move|p1a: DRAGON SHOT|Liquidation|p2a: Stunfisk
|-supereffective|p2a: Stunfisk
|-damage|p2a: Stunfisk|0 fnt
|faint|p2a: Stunfisk
|
|upkeep
|
|switch|p2a: Mr. Mime|Mr. Mime-Galar, F|100/100
|turn|17
|
|move|p2a: Mr. Mime|Freeze-Dry|p1a: DRAGON SHOT
|-supereffective|p1a: DRAGON SHOT
|-damage|p1a: DRAGON SHOT|0 fnt
|faint|p1a: DRAGON SHOT
|
|upkeep
|c|☆uult5 somalia|gg i finally got bodied lol
|-message|uult5 somalia forfeited.
|
|win|Brandon
|l|☆uult5 somalia
|c|☆Brandon|gg
