|j|☆un vigoroth
|j|☆lost oblitus
|t:|1605495386
|player|p1|un vigoroth|swimmer-gen4dp|1520
|player|p2|lost oblitus|colress|1387
|teamsize|p1|6
|teamsize|p2|6
|gametype|singles
|gen|8
|tier|[Gen 8] PU
|rated|
|clearpoke
|poke|p1|Alcremie, F|
|poke|p1|Bouffalant, M|
|poke|p1|Jolteon, M|
|poke|p1|Sandaconda, M|
|poke|p1|Carracosta, M|
|poke|p1|Drifblim, F|
|poke|p2|Wishiwashi, M|
|poke|p2|Spiritomb, M|
|poke|p2|Ninetales, F|
|poke|p2|Tangela, M|
|poke|p2|Carbink|
|poke|p2|Golbat, M|
|rule|Sleep Clause Mod: Limit one foe put to sleep
|rule|Species Clause: Limit one of each Pokémon
|rule|OHKO Clause: OHKO moves are banned
|rule|Evasion Moves Clause: Evasion moves are banned
|rule|Endless Battle Clause: Forcing endless battles is banned
|rule|HP Percentage Mod: HP is shown in percentages
|rule|Dynamax Clause: You cannot dynamax
|teampreview
|
|t:|1605495407
|start
|switch|p1a: Jolteon|Jolteon, M|100/100
|switch|p2a: Wishiwashi|Wishiwashi, M|100/100
|-formechange|p2a: Wishiwashi|Wishiwashi-School||[from] ability: Schooling
|turn|1
|
|t:|1605495414
|switch|p2a: Spiritomb|Spiritomb, M|100/100
|-ability|p2a: Spiritomb|Pressure
|move|p1a: Jolteon|Volt Switch|p2a: Spiritomb
|-damage|p2a: Spiritomb|64/100
|
|t:|1605495422
|switch|p1a: Alcremie|Alcremie, F|100/100|[from]move: Volt Switch
|
|upkeep
|turn|2
|
|t:|1605495428
|switch|p1a: Sandaconda|Sandaconda, M|100/100
|switch|p2a: Ninetales|Ninetales, F|100/100
|
|upkeep
|turn|3
|
|t:|1605495436
|move|p2a: Ninetales|Substitute|p2a: Ninetales
|-start|p2a: Ninetales|Substitute
|-damage|p2a: Ninetales|76/100
|move|p1a: Sandaconda|Glare||[still]
|-fail|p1a: Sandaconda
|
|-heal|p2a: Ninetales|82/100|[from] item: Leftovers
|upkeep
|turn|4
|
|t:|1605495442
|move|p2a: Ninetales|Calm Mind|p2a: Ninetales
|-boost|p2a: Ninetales|spa|1
|-boost|p2a: Ninetales|spd|1
|move|p1a: Sandaconda|Earthquake|p2a: Ninetales
|-supereffective|p2a: Ninetales
|-end|p2a: Ninetales|Substitute
|
|-heal|p2a: Ninetales|88/100|[from] item: Leftovers
|upkeep
|turn|5
|
|t:|1605495448
|move|p2a: Ninetales|Energy Ball|p1a: Sandaconda
|-supereffective|p1a: Sandaconda
|-damage|p1a: Sandaconda|9/100
|move|p1a: Sandaconda|Earthquake|p2a: Ninetales
|-supereffective|p2a: Ninetales
|-damage|p2a: Ninetales|0 fnt
|faint|p2a: Ninetales
|
|upkeep
|
|t:|1605495457
|switch|p2a: Golbat|Golbat, M|100/100
|turn|6
|
|t:|1605495461
|switch|p1a: Jolteon|Jolteon, M|100/100
|move|p2a: Golbat|Brave Bird|p1a: Jolteon
|-resisted|p1a: Jolteon
|-damage|p1a: Jolteon|67/100
|-damage|p2a: Golbat|92/100|[from] Recoil
|
|upkeep
|turn|7
|
|t:|1605495468
|switch|p2a: Carbink|Carbink|100/100
|move|p1a: Jolteon|Volt Switch|p2a: Carbink
|-damage|p2a: Carbink|59/100
|
|t:|1605495470
|switch|p1a: Sandaconda|Sandaconda, M|9/100|[from]move: Volt Switch
|
|-heal|p2a: Carbink|65/100|[from] item: Leftovers
|upkeep
|turn|8
|
|t:|1605495475
|move|p1a: Sandaconda|Rest|p1a: Sandaconda
|-status|p1a: Sandaconda|slp|[from] move: Rest
|-heal|p1a: Sandaconda|100/100 slp|[silent]
|move|p2a: Carbink|Body Press|p1a: Sandaconda
|-damage|p1a: Sandaconda|80/100 slp
|-damage|p2a: Carbink|48/100|[from] item: Rocky Helmet|[of] p1a: Sandaconda
|
|-heal|p2a: Carbink|54/100|[from] item: Leftovers
|upkeep
|turn|9
|
|t:|1605495482
|cant|p1a: Sandaconda|slp
|move|p2a: Carbink|Stealth Rock|p1a: Sandaconda
|-sidestart|p1: un vigoroth|move: Stealth Rock
|
|-heal|p2a: Carbink|60/100|[from] item: Leftovers
|upkeep
|turn|10
|
|t:|1605495486
|switch|p2a: Wishiwashi|Wishiwashi, M|100/100
|-formechange|p2a: Wishiwashi|Wishiwashi-School||[from] ability: Schooling
|cant|p1a: Sandaconda|slp
|
|upkeep
|turn|11
|
|t:|1605495499
|switch|p1a: Alcremie|Alcremie, F|100/100
|-damage|p1a: Alcremie|88/100|[from] Stealth Rock
|move|p2a: Wishiwashi|Flip Turn|p1a: Alcremie
|-damage|p1a: Alcremie|45/100
|
|t:|1605495507
|switch|p2a: Golbat|Golbat, M|92/100|[from]move: Flip Turn
|
|-heal|p1a: Alcremie|51/100|[from] item: Leftovers
|upkeep
|turn|12
|
|t:|1605495514
|switch|p2a: Wishiwashi|Wishiwashi, M|100/100
|-formechange|p2a: Wishiwashi|Wishiwashi-School||[from] ability: Schooling
|switch|p1a: Drifblim|Drifblim, F|100/100
|
|upkeep
|turn|13
|
|t:|1605495521
|move|p1a: Drifblim|Defog|p2a: Wishiwashi
|-unboost|p2a: Wishiwashi|evasion|1
|-sideend|p1: un vigoroth|Stealth Rock|[from] move: Defog|[of] p1a: Drifblim
|move|p2a: Wishiwashi|Liquidation|p1a: Drifblim
|-damage|p1a: Drifblim|50/100
|
|upkeep
|turn|14
|
|t:|1605495528
|move|p1a: Drifblim|Strength Sap|p2a: Wishiwashi
|-unboost|p2a: Wishiwashi|atk|1
|-heal|p1a: Drifblim|100/100
|move|p2a: Wishiwashi|Liquidation|p1a: Drifblim
|-damage|p1a: Drifblim|67/100
|
|upkeep
|turn|15
|
|t:|1605495535
|move|p1a: Drifblim|Shadow Ball|p2a: Wishiwashi
|-damage|p2a: Wishiwashi|77/100
|move|p2a: Wishiwashi|Ice Beam|p1a: Drifblim
|-supereffective|p1a: Drifblim
|-damage|p1a: Drifblim|3/100
|
|upkeep
|turn|16
|
|t:|1605495546
|move|p1a: Drifblim|Shadow Ball|p2a: Wishiwashi
|-damage|p2a: Wishiwashi|52/100
|move|p2a: Wishiwashi|Flip Turn|p1a: Drifblim
|-damage|p1a: Drifblim|0 fnt
|-damage|p2a: Wishiwashi|27/100|[from] ability: Aftermath|[of] p1a: Drifblim
|-enditem|p2a: Wishiwashi|Sitrus Berry|[eat]
|-heal|p2a: Wishiwashi|52/100|[from] item: Sitrus Berry
|faint|p1a: Drifblim
|
|t:|1605495556
|switch|p2a: Spiritomb|Spiritomb, M|64/100|[from]move: Flip Turn
|-ability|p2a: Spiritomb|Pressure
|
|upkeep
|
|t:|1605495566
|switch|p1a: Jolteon|Jolteon, M|67/100
|turn|17
|
|t:|1605495572
|move|p1a: Jolteon|Volt Switch|p2a: Spiritomb
|-damage|p2a: Spiritomb|26/100
|
|t:|1605495574
|switch|p1a: Alcremie|Alcremie, F|51/100|[from]move: Volt Switch
|move|p2a: Spiritomb|Spite||[still]
|-fail|p2a: Spiritomb
|
|-heal|p1a: Alcremie|57/100|[from] item: Leftovers
|upkeep
|turn|18
|
|t:|1605495582
|switch|p1a: Jolteon|Jolteon, M|67/100
|move|p2a: Spiritomb|Rest|p2a: Spiritomb
|-status|p2a: Spiritomb|slp|[from] move: Rest
|-heal|p2a: Spiritomb|100/100 slp|[silent]
|-enditem|p2a: Spiritomb|Chesto Berry|[eat]
|-curestatus|p2a: Spiritomb|slp|[msg]
|
|upkeep
|turn|19
|
|t:|1605495587
|move|p1a: Jolteon|Volt Switch|p2a: Spiritomb
|-damage|p2a: Spiritomb|65/100
|
|t:|1605495590
|switch|p1a: Alcremie|Alcremie, F|57/100|[from]move: Volt Switch
|move|p2a: Spiritomb|Dark Pulse|p1a: Alcremie
|-resisted|p1a: Alcremie
|-damage|p1a: Alcremie|49/100
|
|-heal|p1a: Alcremie|55/100|[from] item: Leftovers
|upkeep
|turn|20
|
|t:|1605495595
|switch|p2a: Tangela|Tangela, M|100/100
|move|p1a: Alcremie|Dazzling Gleam|p2a: Tangela
|-damage|p2a: Tangela|62/100
|
|-heal|p1a: Alcremie|61/100|[from] item: Leftovers
|upkeep
|turn|21
|
|t:|1605495601
|move|p1a: Alcremie|Mystical Fire|p2a: Tangela
|-supereffective|p2a: Tangela
|-damage|p2a: Tangela|7/100
|-unboost|p2a: Tangela|spa|1
|move|p2a: Tangela|Leech Seed|p1a: Alcremie
|-start|p1a: Alcremie|move: Leech Seed
|
|-heal|p1a: Alcremie|67/100|[from] item: Leftovers
|-damage|p1a: Alcremie|54/100|[from] Leech Seed|[of] p2a: Tangela
|-heal|p2a: Tangela|19/100|[silent]
|upkeep
|turn|22
|
|t:|1605495612
|switch|p1a: Carracosta|Carracosta, M|100/100
|switch|p2a: Golbat|Golbat, M|92/100
|
|upkeep
|turn|23
|
|t:|1605495616
|move|p2a: Golbat|Taunt|p1a: Carracosta
|-start|p1a: Carracosta|move: Taunt
|cant|p1a: Carracosta|move: Taunt|Shell Smash
|
|upkeep
|turn|24
|
|t:|1605495622
|switch|p2a: Tangela|Tangela, M|53/100
|move|p1a: Carracosta|Surf|p2a: Tangela
|-resisted|p2a: Tangela
|-damage|p2a: Tangela|19/100
|-damage|p1a: Carracosta|91/100|[from] item: Life Orb
|
|upkeep
|turn|25
|
|t:|1605495635
|move|p1a: Carracosta|Surf|p2a: Tangela
|-resisted|p2a: Tangela
|-crit|p2a: Tangela
|-damage|p2a: Tangela|0 fnt
|-damage|p1a: Carracosta|81/100|[from] item: Life Orb
|faint|p2a: Tangela
|
|-end|p1a: Carracosta|move: Taunt
|upkeep
|
|t:|1605495639
|switch|p2a: Wishiwashi|Wishiwashi, M|52/100
|-formechange|p2a: Wishiwashi|Wishiwashi-School||[from] ability: Schooling
|turn|26
|
|t:|1605495649
|switch|p1a: Alcremie|Alcremie, F|54/100
|move|p2a: Wishiwashi|Earthquake|p1a: Alcremie
|-damage|p1a: Alcremie|5/100
|
|-heal|p1a: Alcremie|11/100|[from] item: Leftovers
|upkeep
|turn|27
|
|t:|1605495656
|move|p1a: Alcremie|Dazzling Gleam|p2a: Wishiwashi
|-damage|p2a: Wishiwashi|27/100
|move|p2a: Wishiwashi|Liquidation|p1a: Alcremie
|-damage|p1a: Alcremie|0 fnt
|faint|p1a: Alcremie
|
|upkeep
|
|t:|1605495658
|switch|p1a: Jolteon|Jolteon, M|67/100
|turn|28
|
|t:|1605495664
|move|p1a: Jolteon|Thunderbolt|p2a: Wishiwashi
|-supereffective|p2a: Wishiwashi
|-damage|p2a: Wishiwashi|0 fnt
|faint|p2a: Wishiwashi
|
|upkeep
|
|t:|1605495668
|switch|p2a: Carbink|Carbink|60/100
|turn|29
|
|t:|1605495671
|switch|p1a: Sandaconda|Sandaconda, M|80/100 slp
|move|p2a: Carbink|Body Press|p1a: Sandaconda
|-damage|p1a: Sandaconda|55/100 slp
|-damage|p2a: Carbink|43/100|[from] item: Rocky Helmet|[of] p1a: Sandaconda
|
|-activate|p1a: Sandaconda|ability: Shed Skin
|-curestatus|p1a: Sandaconda|slp|[msg]
|-heal|p2a: Carbink|49/100|[from] item: Leftovers
|upkeep
|turn|30
|
|t:|1605495679
|switch|p2a: Golbat|Golbat, M|92/100
|move|p1a: Sandaconda|Glare|p2a: Golbat
|-status|p2a: Golbat|par
|
|upkeep
|turn|31
|
|t:|1605495685
|move|p1a: Sandaconda|Stealth Rock|p2a: Golbat
|-sidestart|p2: lost oblitus|move: Stealth Rock
|move|p2a: Golbat|Taunt|p1a: Sandaconda
|-start|p1a: Sandaconda|move: Taunt
|
|upkeep
|turn|32
|
|t:|1605495691
|switch|p1a: Bouffalant|Bouffalant, M|100/100
|move|p2a: Golbat|Defog|p1a: Bouffalant
|-unboost|p1a: Bouffalant|evasion|1
|-sideend|p2: lost oblitus|Stealth Rock|[from] move: Defog|[of] p2a: Golbat
|
|upkeep
|turn|33
|
|t:|1605495699
|move|p1a: Bouffalant|Throat Chop|p2a: Golbat
|-damage|p2a: Golbat|55/100 par
|-start|p2a: Golbat|Throat Chop|[silent]
|move|p2a: Golbat|Brave Bird|p1a: Bouffalant
|-damage|p1a: Bouffalant|64/100
|-damage|p2a: Golbat|44/100 par|[from] Recoil
|
|upkeep
|turn|34
|
|t:|1605495707
|switch|p1a: Carracosta|Carracosta, M|81/100
|move|p2a: Golbat|Brave Bird|p1a: Carracosta
|-resisted|p1a: Carracosta
|-damage|p1a: Carracosta|65/100
|-damage|p2a: Golbat|40/100 par|[from] Recoil
|
|-end|p2a: Golbat|Throat Chop|[silent]
|upkeep
|turn|35
|
|t:|1605495712
|move|p1a: Carracosta|Shell Smash|p1a: Carracosta
|-unboost|p1a: Carracosta|def|1
|-unboost|p1a: Carracosta|spd|1
|-boost|p1a: Carracosta|atk|2
|-boost|p1a: Carracosta|spa|2
|-boost|p1a: Carracosta|spe|2
|move|p2a: Golbat|Taunt|p1a: Carracosta
|-start|p1a: Carracosta|move: Taunt
|
|upkeep
|turn|36
|
|t:|1605495716
|move|p1a: Carracosta|Surf|p2a: Golbat
|-damage|p2a: Golbat|0 fnt
|-damage|p1a: Carracosta|56/100|[from] item: Life Orb
|faint|p2a: Golbat
|
|upkeep
|
|t:|1605495718
|switch|p2a: Spiritomb|Spiritomb, M|65/100
|-ability|p2a: Spiritomb|Pressure
|turn|37
|
|t:|1605495720
|move|p1a: Carracosta|Surf|p2a: Spiritomb
|-damage|p2a: Spiritomb|0 fnt
|-damage|p1a: Carracosta|46/100|[from] item: Life Orb
|faint|p2a: Spiritomb
|
|upkeep
|
|t:|1605495724
|switch|p2a: Carbink|Carbink|49/100
|turn|38
|
|t:|1605495726
|move|p1a: Carracosta|Surf|p2a: Carbink
|-supereffective|p2a: Carbink
|-damage|p2a: Carbink|0 fnt
|-damage|p1a: Carracosta|36/100|[from] item: Life Orb
|faint|p2a: Carbink
|
|win|un vigoroth
|c|☆un vigoroth|gg
|l|☆lost oblitus
|raw|un vigoroth's rating: 1520 &rarr; <strong>1532</strong><br />(+12 for winning)
|raw|lost oblitus's rating: 1387 &rarr; <strong>1375</strong><br />(-12 for losing)
