|j|☆kingqueso141
|j|☆Rushikazy
|t:|1627455906
|gametype|singles
|player|p1|kingqueso141|265|1241
|player|p2|Rushikazy|1|1168
|teamsize|p1|6
|teamsize|p2|6
|gen|8
|tier|[Gen 8] PU
|rated|
|rule|Sleep Clause Mod: Limit one foe put to sleep
|rule|Species Clause: Limit one of each Pokémon
|rule|OHKO Clause: OHKO moves are banned
|rule|Evasion Moves Clause: Evasion moves are banned
|rule|Endless Battle Clause: Forcing endless battles is banned
|rule|HP Percentage Mod: HP is shown in percentages
|rule|Dynamax Clause: You cannot dynamax
|clearpoke
|poke|p1|Articuno-Galar|
|poke|p1|Weezing, F|
|poke|p1|Ferroseed, F|
|poke|p1|Tsareena, F|
|poke|p1|Gigalith, M|
|poke|p1|Passimian, F|
|poke|p2|Magmortar, M|
|poke|p2|Aggron, F|
|poke|p2|Gigalith, M|
|poke|p2|Magneton|
|poke|p2|Scyther, F|
|poke|p2|Accelgor, F|
|teampreview
|inactive|Battle timer is ON: inactive players will automatically lose when time's up. (requested by Rushikazy)
|
|t:|1627455926
|start
|switch|p1a: Tsareena|Tsareena, F|100/100
|switch|p2a: My Nigalith|Gigalith, M|100/100
|turn|1
|
|t:|1627455936
|move|p1a: Tsareena|Power Whip|p2a: My Nigalith|[miss]
|-miss|p1a: Tsareena|p2a: My Nigalith
|move|p2a: My Nigalith|Stealth Rock|p1a: Tsareena
|-sidestart|p1: kingqueso141|move: Stealth Rock
|
|upkeep
|turn|2
|
|t:|1627455944
|move|p1a: Tsareena|Knock Off|p2a: My Nigalith
|-damage|p2a: My Nigalith|76/100
|-enditem|p2a: My Nigalith|Red Card|[from] move: Knock Off|[of] p1a: Tsareena
|move|p2a: My Nigalith|Explosion|p1a: Tsareena
|-damage|p1a: Tsareena|0 fnt
|faint|p2a: My Nigalith
|faint|p1a: Tsareena
|
|upkeep
|
|t:|1627455957
|switch|p1a: Gigalith|Gigalith, M|100/100
|switch|p2a: Illuminaughty|Magneton|100/100
|-damage|p1a: Gigalith|88/100|[from] Stealth Rock
|-weather|Sandstorm|[from] ability: Sand Stream|[of] p1a: Gigalith
|turn|3
|
|t:|1627455970
|move|p2a: Illuminaughty|Steel Beam|p1a: Gigalith
|-supereffective|p1a: Gigalith
|-damage|p1a: Gigalith|0 fnt
|-damage|p2a: Illuminaughty|50/100|[from] mindblown
|faint|p1a: Gigalith
|
|-weather|Sandstorm|[upkeep]
|upkeep
|
|t:|1627455988
|switch|p1a: Passimian|Passimian, F|100/100
|-damage|p1a: Passimian|94/100|[from] Stealth Rock
|turn|4
|
|t:|1627455999
|move|p1a: Passimian|Close Combat|p2a: Illuminaughty
|-supereffective|p2a: Illuminaughty
|-damage|p2a: Illuminaughty|0 fnt
|-unboost|p1a: Passimian|def|1
|-unboost|p1a: Passimian|spd|1
|faint|p2a: Illuminaughty
|
|-weather|Sandstorm|[upkeep]
|-damage|p1a: Passimian|88/100|[from] Sandstorm
|upkeep
|
|t:|1627456016
|switch|p2a: Kha'Zix OP|Scyther, F|100/100
|turn|5
|
|t:|1627456023
|switch|p1a: Weezing|Weezing, F|100/100
|-damage|p1a: Weezing|88/100|[from] Stealth Rock
|move|p2a: Kha'Zix OP|Dual Wingbeat|p1a: Weezing
|-damage|p1a: Weezing|58/100
|-damage|p1a: Weezing|25/100
|-hitcount|p1a: Weezing|2
|
|-weather|Sandstorm|[upkeep]
|-damage|p2a: Kha'Zix OP|94/100|[from] Sandstorm
|-damage|p1a: Weezing|19/100|[from] Sandstorm
|-heal|p1a: Weezing|25/100|[from] item: Black Sludge
|upkeep
|turn|6
|
|t:|1627456036
|switch|p1a: Ferroseed|Ferroseed, F, shiny|100/100
|-damage|p1a: Ferroseed|94/100|[from] Stealth Rock
|move|p2a: Kha'Zix OP|Dual Wingbeat|p1a: Ferroseed
|-damage|p1a: Ferroseed|70/100
|-damage|p2a: Kha'Zix OP|82/100|[from] ability: Iron Barbs|[of] p1a: Ferroseed
|-damage|p1a: Ferroseed|44/100
|-damage|p2a: Kha'Zix OP|70/100|[from] ability: Iron Barbs|[of] p1a: Ferroseed
|-hitcount|p1a: Ferroseed|2
|
|-weather|Sandstorm|[upkeep]
|-damage|p2a: Kha'Zix OP|63/100|[from] Sandstorm
|upkeep
|turn|7
|
|t:|1627456052
|move|p2a: Kha'Zix OP|Dual Wingbeat|p1a: Ferroseed
|-damage|p1a: Ferroseed|21/100
|-damage|p2a: Kha'Zix OP|51/100|[from] ability: Iron Barbs|[of] p1a: Ferroseed
|-damage|p1a: Ferroseed|0 fnt
|-damage|p2a: Kha'Zix OP|39/100|[from] ability: Iron Barbs|[of] p1a: Ferroseed
|faint|p1a: Ferroseed
|-hitcount|p1: Ferroseed|2
|
|-weather|none
|upkeep
|
|t:|1627456056
|switch|p1a: Passimian|Passimian, F|88/100
|-damage|p1a: Passimian|82/100|[from] Stealth Rock
|turn|8
|
|t:|1627456068
|move|p1a: Passimian|Rock Slide|p2a: Kha'Zix OP
|-supereffective|p2a: Kha'Zix OP
|-damage|p2a: Kha'Zix OP|0 fnt
|faint|p2a: Kha'Zix OP
|
|upkeep
|
|t:|1627456076
|switch|p2a: 1HKO Ninja|Accelgor, F, shiny|100/100
|turn|9
|
|t:|1627456084
|move|p1a: Passimian|Rock Slide|p2a: 1HKO Ninja
|-supereffective|p2a: 1HKO Ninja
|-damage|p2a: 1HKO Ninja|0 fnt
|faint|p2a: 1HKO Ninja
|
|upkeep
|
|t:|1627456091
|switch|p2a: Gundam|Aggron, F|100/100
|turn|10
|
|t:|1627456095
|switch|p1a: Weezing|Weezing, F|25/100
|-damage|p1a: Weezing|13/100|[from] Stealth Rock
|move|p2a: Gundam|Autotomize|p2a: Gundam
|-boost|p2a: Gundam|spe|2
|-start|p2a: Gundam|Autotomize
|
|-heal|p1a: Weezing|19/100|[from] item: Black Sludge
|upkeep
|turn|11
|
|t:|1627456106
|move|p2a: Gundam|Autotomize|p2a: Gundam
|-boost|p2a: Gundam|spe|2
|-start|p2a: Gundam|Autotomize
|move|p1a: Weezing|Flamethrower|p2a: Gundam
|-damage|p2a: Gundam|69/100
|
|-heal|p1a: Weezing|25/100|[from] item: Black Sludge
|upkeep
|turn|12
|
|t:|1627456116
|move|p2a: Gundam|Meteor Beam||[still]
|-prepare|p2a: Gundam|Meteor Beam
|-boost|p2a: Gundam|spa|1
|-enditem|p2a: Gundam|Power Herb
|-anim|p2a: Gundam|Meteor Beam|p1a: Weezing
|-damage|p1a: Weezing|0 fnt
|faint|p1a: Weezing
|
|upkeep
|
|t:|1627456128
|switch|p1a: Passimian|Passimian, F|82/100
|-damage|p1a: Passimian|76/100|[from] Stealth Rock
|turn|13
|
|t:|1627456139
|move|p2a: Gundam|Steel Beam|p1a: Passimian
|-damage|p1a: Passimian|0 fnt
|-damage|p2a: Gundam|19/100|[from] mindblown
|faint|p1a: Passimian
|
|upkeep
|
|t:|1627456142
|switch|p1a: Articuno|Articuno-Galar|100/100
|turn|14
|
|t:|1627456148
|move|p2a: Gundam|Ice Beam|p1a: Articuno
|-supereffective|p1a: Articuno
|-damage|p1a: Articuno|31/100
|move|p1a: Articuno|Air Slash|p2a: Gundam
|-resisted|p2a: Gundam
|-damage|p2a: Gundam|1/100
|
|upkeep
|turn|15
|
|t:|1627456157
|move|p2a: Gundam|Ice Beam|p1a: Articuno
|-supereffective|p1a: Articuno
|-damage|p1a: Articuno|0 fnt
|faint|p1a: Articuno
|
|win|Rushikazy
|raw|kingqueso141's rating: 1241 &rarr; <strong>1211</strong><br />(-30 for losing)
|raw|Rushikazy's rating: 1168 &rarr; <strong>1198</strong><br />(+30 for winning)
|l|☆kingqueso141
