|j|☆Gardevoir Thighs
|j|☆kingqueso141
|t:|1659109304
|gametype|singles
|player|p1|Gardevoir Thighs|sonia-professor|1155
|player|p2|kingqueso141|rosa|1308
|teamsize|p1|6
|teamsize|p2|6
|gen|8
|tier|[Gen 8] PU
|rated|
|rule|Sleep Clause Mod: Limit one foe put to sleep
|rule|Species Clause: Limit one of each Pokémon
|rule|OHKO Clause: OHKO moves are banned
|rule|Evasion Moves Clause: Evasion moves are banned
|rule|Endless Battle Clause: Forcing endless battles is banned
|rule|HP Percentage Mod: HP is shown in percentages
|rule|Dynamax Clause: You cannot dynamax
|clearpoke
|poke|p1|Jellicent, M|
|poke|p1|Hattrem, F|
|poke|p1|Togedemaru, F|
|poke|p1|Whimsicott, M|
|poke|p1|Regirock|
|poke|p1|Charizard, F|
|poke|p2|Gigalith, F|
|poke|p2|Sandslash, M|
|poke|p2|Tangela, M|
|poke|p2|Cryogonal|
|poke|p2|Charizard, F|
|poke|p2|Jellicent, M|
|teampreview
|j| Belindas Dad
|
|t:|1659109344
|start
|switch|p1a: Charizard|Charizard, F|100/100
|switch|p2a: Tangela|Tangela, M|100/100
|turn|1
|
|t:|1659109353
|switch|p2a: Gigalith|Gigalith, F|100/100
|-weather|Sandstorm|[from] ability: Sand Stream|[of] p2a: Gigalith
|move|p1a: Charizard|Toxic|p2a: Gigalith
|-status|p2a: Gigalith|tox
|
|-weather|Sandstorm|[upkeep]
|-damage|p1a: Charizard|94/100|[from] Sandstorm
|-damage|p2a: Gigalith|94/100 tox|[from] psn
|upkeep
|turn|2
|
|t:|1659109364
|switch|p1a: Hattrem|Hattrem, F|100/100
|move|p2a: Gigalith|Earthquake|p1a: Hattrem
|-damage|p1a: Hattrem|80/100
|
|-weather|Sandstorm|[upkeep]
|-damage|p1a: Hattrem|74/100|[from] Sandstorm
|-heal|p2a: Gigalith|100/100 tox|[from] item: Leftovers
|-damage|p2a: Gigalith|88/100 tox|[from] psn
|upkeep
|turn|3
|
|t:|1659109377
|switch|p1a: Jellicent|Jellicent, M|100/100
|switch|p2a: Sandslash|Sandslash, M|100/100
|
|-weather|Sandstorm|[upkeep]
|-damage|p1a: Jellicent|94/100|[from] Sandstorm
|upkeep
|turn|4
|
|t:|1659109383
|switch|p2a: Jellicent|Jellicent, M|100/100
|move|p1a: Jellicent|Surf|p2a: Jellicent
|-immune|p2a: Jellicent|[from] ability: Water Absorb
|
|-weather|Sandstorm|[upkeep]
|-damage|p1a: Jellicent|88/100|[from] Sandstorm
|-damage|p2a: Jellicent|94/100|[from] Sandstorm
|upkeep
|turn|5
|
|t:|1659109390
|switch|p1a: Togedemaru|Togedemaru, F|100/100
|move|p2a: Jellicent|Water Spout|p1a: Togedemaru
|-damage|p1a: Togedemaru|16/100
|
|-weather|none
|-heal|p1a: Togedemaru|22/100|[from] item: Leftovers
|upkeep
|turn|6
|
|t:|1659109406
|switch|p2a: Tangela|Tangela, M|100/100
|move|p1a: Togedemaru|Spiky Shield||[still]
|-fail|p1a: Togedemaru
|
|-heal|p1a: Togedemaru|28/100|[from] item: Leftovers
|upkeep
|turn|7
|
|t:|1659109421
|move|p1a: Togedemaru|Wish|p1a: Togedemaru
|move|p2a: Tangela|Knock Off|p1a: Togedemaru
|-damage|p1a: Togedemaru|11/100
|-enditem|p1a: Togedemaru|Leftovers|[from] move: Knock Off|[of] p2a: Tangela
|
|upkeep
|turn|8
|
|t:|1659109429
|switch|p2a: Gigalith|Gigalith, F|88/100 tox
|-weather|Sandstorm|[from] ability: Sand Stream|[of] p2a: Gigalith
|move|p1a: Togedemaru|Spiky Shield||[still]
|-fail|p1a: Togedemaru
|
|-weather|Sandstorm|[upkeep]
|-heal|p1a: Togedemaru|61/100|[from] move: Wish|[wisher] Togedemaru
|-heal|p2a: Gigalith|94/100 tox|[from] item: Leftovers
|-damage|p2a: Gigalith|88/100 tox|[from] psn
|upkeep
|turn|9
|
|t:|1659109442
|switch|p2a: Sandslash|Sandslash, M|100/100
|move|p1a: Togedemaru|Iron Head|p2a: Sandslash
|-crit|p2a: Sandslash
|-damage|p2a: Sandslash|57/100
|
|-weather|Sandstorm|[upkeep]
|upkeep
|turn|10
|
|t:|1659109451
|switch|p1a: Regirock|Regirock|100/100
|move|p2a: Sandslash|Rock Slide|p1a: Regirock
|-damage|p1a: Regirock|89/100
|-damage|p2a: Sandslash|47/100|[from] item: Life Orb
|
|-weather|Sandstorm|[upkeep]
|-heal|p1a: Regirock|95/100|[from] item: Leftovers
|upkeep
|turn|11
|
|t:|1659109474
|switch|p2a: Jellicent|Jellicent, M|94/100
|move|p1a: Regirock|Body Press|p2a: Jellicent
|-immune|p2a: Jellicent
|
|-weather|Sandstorm|[upkeep]
|-damage|p2a: Jellicent|88/100|[from] Sandstorm
|-heal|p1a: Regirock|100/100|[from] item: Leftovers
|upkeep
|turn|12
|
|t:|1659109485
|move|p2a: Jellicent|Shadow Ball|p1a: Regirock
|-damage|p1a: Regirock|67/100
|move|p1a: Regirock|Toxic|p2a: Jellicent
|-status|p2a: Jellicent|tox
|
|-weather|none
|-heal|p1a: Regirock|73/100|[from] item: Leftovers
|-damage|p2a: Jellicent|82/100 tox|[from] psn
|upkeep
|turn|13
|
|t:|1659109496
|move|p2a: Jellicent|Shadow Ball|p1a: Regirock
|-damage|p1a: Regirock|26/100
|move|p1a: Regirock|Stealth Rock|p2a: Jellicent
|-sidestart|p2: kingqueso141|move: Stealth Rock
|
|-heal|p1a: Regirock|32/100|[from] item: Leftovers
|-damage|p2a: Jellicent|70/100 tox|[from] psn
|upkeep
|turn|14
|
|t:|1659109509
|switch|p1a: Whimsicott|Whimsicott, M|100/100
|move|p2a: Jellicent|Shadow Ball|p1a: Whimsicott
|-damage|p1a: Whimsicott|13/100
|
|-damage|p2a: Jellicent|51/100 tox|[from] psn
|upkeep
|turn|15
|
|t:|1659109516
|switch|p2a: Cryogonal|Cryogonal|100/100
|move|p1a: Whimsicott|Giga Drain|p2a: Cryogonal
|-damage|p2a: Cryogonal|80/100
|-heal|p1a: Whimsicott|27/100|[from] drain|[of] p2a: Cryogonal
|
|upkeep
|turn|16
|
|t:|1659109530
|switch|p1a: Togedemaru|Togedemaru, F|61/100
|move|p2a: Cryogonal|Rapid Spin|p1a: Togedemaru
|-resisted|p1a: Togedemaru
|-damage|p1a: Togedemaru|56/100
|-boost|p2a: Cryogonal|spe|1
|-sideend|p2: kingqueso141|Stealth Rock|[from] move: Rapid Spin|[of] p2a: Cryogonal
|
|upkeep
|turn|17
|
|t:|1659109546
|switch|p2a: Tangela|Tangela, M|100/100
|move|p1a: Togedemaru|Wish|p1a: Togedemaru
|
|upkeep
|turn|18
|
|t:|1659109554
|move|p1a: Togedemaru|U-turn|p2a: Tangela
|-supereffective|p2a: Tangela
|-damage|p2a: Tangela|87/100
|
|t:|1659109559
|switch|p1a: Regirock|Regirock|32/100|[from]move: U-turn
|move|p2a: Tangela|Leech Seed|p1a: Regirock
|-start|p1a: Regirock|move: Leech Seed
|
|-heal|p1a: Regirock|80/100|[from] move: Wish|[wisher] Togedemaru
|-heal|p1a: Regirock|86/100|[from] item: Leftovers
|-damage|p1a: Regirock|74/100|[from] Leech Seed|[of] p2a: Tangela
|-heal|p2a: Tangela|99/100|[silent]
|upkeep
|turn|19
|
|t:|1659109580
|move|p1a: Regirock|Toxic|p2a: Tangela
|-status|p2a: Tangela|tox
|move|p2a: Tangela|Toxic|p1a: Regirock
|-status|p1a: Regirock|tox
|
|-heal|p1a: Regirock|80/100 tox|[from] item: Leftovers
|-damage|p1a: Regirock|67/100 tox|[from] Leech Seed|[of] p2a: Tangela
|-heal|p2a: Tangela|100/100 tox|[silent]
|-damage|p1a: Regirock|61/100 tox|[from] psn
|-damage|p2a: Tangela|95/100 tox|[from] psn
|upkeep
|turn|20
|
|t:|1659109591
|switch|p1a: Hattrem|Hattrem, F|74/100
|switch|p2a: Gigalith|Gigalith, F|88/100 tox
|-weather|Sandstorm|[from] ability: Sand Stream|[of] p2a: Gigalith
|
|-weather|Sandstorm|[upkeep]
|-damage|p1a: Hattrem|68/100|[from] Sandstorm
|-heal|p2a: Gigalith|94/100 tox|[from] item: Leftovers
|-damage|p2a: Gigalith|88/100 tox|[from] psn
|upkeep
|turn|21
|
|t:|1659109604
|switch|p2a: Sandslash|Sandslash, M|47/100
|move|p1a: Hattrem|Aromatherapy|p1a: Hattrem
|-activate|p1a: Hattrem|move: Aromatherapy
|-curestatus|p1: Regirock|tox|[msg]
|
|-weather|Sandstorm|[upkeep]
|-damage|p1a: Hattrem|62/100|[from] Sandstorm
|upkeep
|turn|22
|
|t:|1659109621
|switch|p1a: Regirock|Regirock|61/100
|move|p2a: Sandslash|Swords Dance|p2a: Sandslash
|-boost|p2a: Sandslash|atk|2
|
|-weather|Sandstorm|[upkeep]
|-heal|p1a: Regirock|67/100|[from] item: Leftovers
|upkeep
|turn|23
|
|t:|1659109630
|move|p2a: Sandslash|Earthquake|p1a: Regirock
|-supereffective|p1a: Regirock
|-damage|p1a: Regirock|0 fnt
|faint|p1a: Regirock
|-damage|p2a: Sandslash|37/100|[from] item: Life Orb
|
|-weather|Sandstorm|[upkeep]
|upkeep
|
|t:|1659109636
|switch|p1a: Hattrem|Hattrem, F|62/100
|turn|24
|
|t:|1659109640
|move|p2a: Sandslash|Knock Off|p1a: Hattrem
|-supereffective|p1a: Hattrem
|-crit|p1a: Hattrem
|-damage|p1a: Hattrem|0 fnt
|-enditem|p1a: Hattrem|Eviolite|[from] move: Knock Off|[of] p2a: Sandslash
|faint|p1a: Hattrem
|-damage|p2a: Sandslash|27/100|[from] item: Life Orb
|
|-weather|none
|upkeep
|
|t:|1659109644
|switch|p1a: Whimsicott|Whimsicott, M|27/100
|turn|25
|
|t:|1659109650
|switch|p2a: Charizard|Charizard, F|100/100
|move|p1a: Whimsicott|Giga Drain|p2a: Charizard
|-resisted|p2a: Charizard
|-damage|p2a: Charizard|91/100
|-heal|p1a: Whimsicott|32/100|[from] drain|[of] p2a: Charizard
|
|upkeep
|turn|26
|
|t:|1659109656
|move|p1a: Whimsicott|U-turn|p2a: Charizard
|-resisted|p2a: Charizard
|-damage|p2a: Charizard|88/100
|
|t:|1659109661
|switch|p1a: Charizard|Charizard, F|94/100|[from]move: U-turn
|move|p2a: Charizard|Air Slash|p1a: Charizard
|-damage|p1a: Charizard|52/100
|
|upkeep
|turn|27
|
|t:|1659109667
|switch|p2a: Gigalith|Gigalith, F|88/100 tox
|-weather|Sandstorm|[from] ability: Sand Stream|[of] p2a: Gigalith
|move|p1a: Charizard|Roost|p1a: Charizard
|-heal|p1a: Charizard|100/100
|-singleturn|p1a: Charizard|move: Roost
|
|-weather|Sandstorm|[upkeep]
|-damage|p1a: Charizard|94/100|[from] Sandstorm
|-heal|p2a: Gigalith|94/100 tox|[from] item: Leftovers
|-damage|p2a: Gigalith|88/100 tox|[from] psn
|upkeep
|turn|28
|
|t:|1659109672
|switch|p1a: Jellicent|Jellicent, M|88/100
|move|p2a: Gigalith|Rock Blast|p1a: Jellicent
|-damage|p1a: Jellicent|73/100
|-damage|p1a: Jellicent|58/100
|-damage|p1a: Jellicent|44/100
|-damage|p1a: Jellicent|30/100
|-damage|p1a: Jellicent|15/100
|-hitcount|p1a: Jellicent|5
|
|-weather|Sandstorm|[upkeep]
|-damage|p1a: Jellicent|8/100|[from] Sandstorm
|-heal|p2a: Gigalith|94/100 tox|[from] item: Leftovers
|-damage|p2a: Gigalith|82/100 tox|[from] psn
|upkeep
|turn|29
|
|t:|1659109685
|move|p2a: Gigalith|Protect|p2a: Gigalith
|-singleturn|p2a: Gigalith|Protect
|move|p1a: Jellicent|Shadow Ball|p2a: Gigalith
|-activate|p2a: Gigalith|move: Protect
|
|-weather|Sandstorm|[upkeep]
|-damage|p1a: Jellicent|2/100|[from] Sandstorm
|-heal|p2a: Gigalith|88/100 tox|[from] item: Leftovers
|-damage|p2a: Gigalith|70/100 tox|[from] psn
|upkeep
|turn|30
|
|t:|1659109695
|switch|p2a: Cryogonal|Cryogonal|80/100
|move|p1a: Jellicent|Shadow Ball|p2a: Cryogonal
|-damage|p2a: Cryogonal|44/100
|-unboost|p2a: Cryogonal|spd|1
|
|-weather|Sandstorm|[upkeep]
|-damage|p2a: Cryogonal|38/100|[from] Sandstorm
|-damage|p1a: Jellicent|0 fnt|[from] Sandstorm
|faint|p1a: Jellicent
|upkeep
|
|t:|1659109725
|switch|p1a: Togedemaru|Togedemaru, F|56/100
|turn|31
|
|t:|1659109736
|switch|p2a: Tangela|Tangela, M|100/100 tox
|move|p1a: Togedemaru|Wish|p1a: Togedemaru
|
|-weather|none
|-damage|p2a: Tangela|95/100 tox|[from] psn
|upkeep
|turn|32
|
|t:|1659109742
|move|p1a: Togedemaru|U-turn|p2a: Tangela
|-supereffective|p2a: Tangela
|-damage|p2a: Tangela|79/100 tox
|
|t:|1659109745
|switch|p1a: Whimsicott|Whimsicott, M|32/100|[from]move: U-turn
|move|p2a: Tangela|Leech Seed|p1a: Whimsicott
|-immune|p1a: Whimsicott
|
|-heal|p1a: Whimsicott|96/100|[from] move: Wish|[wisher] Togedemaru
|-damage|p2a: Tangela|67/100 tox|[from] psn
|upkeep
|turn|33
|
|t:|1659109752
|move|p1a: Whimsicott|Knock Off|p2a: Tangela
|-damage|p2a: Tangela|59/100 tox
|-enditem|p2a: Tangela|Eviolite|[from] move: Knock Off|[of] p1a: Whimsicott
|move|p2a: Tangela|Toxic|p1a: Whimsicott
|-status|p1a: Whimsicott|tox
|
|-damage|p1a: Whimsicott|90/100 tox|[from] psn
|-damage|p2a: Tangela|42/100 tox|[from] psn
|upkeep
|turn|34
|
|t:|1659109791
|switch|p2a: Cryogonal|Cryogonal|38/100
|move|p1a: Whimsicott|Moonblast|p2a: Cryogonal
|-damage|p2a: Cryogonal|12/100
|
|-damage|p1a: Whimsicott|78/100 tox|[from] psn
|upkeep
|turn|35
|
|t:|1659109805
|move|p1a: Whimsicott|Moonblast|p2a: Cryogonal
|-damage|p2a: Cryogonal|0 fnt
|faint|p2a: Cryogonal
|
|-damage|p1a: Whimsicott|59/100 tox|[from] psn
|upkeep
|
|t:|1659109809
|switch|p2a: Charizard|Charizard, F|88/100
|turn|36
|
|t:|1659109815
|switch|p1a: Charizard|Charizard, F|94/100
|move|p2a: Charizard|Fire Blast|p1a: Charizard
|-resisted|p1a: Charizard
|-damage|p1a: Charizard|61/100
|
|upkeep
|turn|37
|l| Belindas Dad
|
|t:|1659109821
|move|p2a: Charizard|Air Slash|p1a: Charizard
|-damage|p1a: Charizard|16/100
|move|p1a: Charizard|Hurricane|p2a: Charizard
|-damage|p2a: Charizard|27/100
|-start|p2a: Charizard|confusion
|
|upkeep
|turn|38
|
|t:|1659109826
|-activate|p2a: Charizard|confusion
|move|p2a: Charizard|Air Slash|p1a: Charizard
|-damage|p1a: Charizard|0 fnt
|faint|p1a: Charizard
|
|upkeep
|
|t:|1659109832
|switch|p1a: Togedemaru|Togedemaru, F|56/100
|turn|39
|
|t:|1659109834
|-activate|p2a: Charizard|confusion
|move|p2a: Charizard|Fire Blast|p1a: Togedemaru|[miss]
|-miss|p2a: Charizard|p1a: Togedemaru
|move|p1a: Togedemaru|Iron Head|p2a: Charizard
|-resisted|p2a: Charizard
|-damage|p2a: Charizard|7/100
|
|upkeep
|turn|40
|
|t:|1659109838
|move|p1a: Togedemaru|Spiky Shield|p1a: Togedemaru
|-singleturn|p1a: Togedemaru|move: Protect
|-activate|p2a: Charizard|confusion
|move|p2a: Charizard|Roost|p2a: Charizard
|-heal|p2a: Charizard|57/100
|-singleturn|p2a: Charizard|move: Roost
|
|upkeep
|turn|41
|
|t:|1659109843
|-end|p2a: Charizard|confusion
|move|p2a: Charizard|Fire Blast|p1a: Togedemaru
|-supereffective|p1a: Togedemaru
|-damage|p1a: Togedemaru|0 fnt
|faint|p1a: Togedemaru
|
|upkeep
|
|t:|1659109845
|switch|p1a: Whimsicott|Whimsicott, M|59/100 tox
|turn|42
|
|t:|1659109851
|move|p1a: Whimsicott|Moonblast|p2a: Charizard
|-resisted|p2a: Charizard
|-damage|p2a: Charizard|35/100
|move|p2a: Charizard|Fire Blast|p1a: Whimsicott
|-supereffective|p1a: Whimsicott
|-damage|p1a: Whimsicott|0 fnt
|faint|p1a: Whimsicott
|
|win|kingqueso141
|raw|Gardevoir Thighs's rating: 1155 &rarr; <strong>1140</strong><br />(-15 for losing)
|raw|kingqueso141's rating: 1308 &rarr; <strong>1320</strong><br />(+12 for winning)
|l|☆Gardevoir Thighs
|c|☆kingqueso141|gg
||Ladder isn't responding, score probably updated but might not have (Request timeout).
