|j|☆MXIVIXM
|j|☆kingqueso141
|t:|1665004802
|gametype|singles
|player|p1|MXIVIXM|marlon|1339
|player|p2|kingqueso141|rosa|1225
|teamsize|p1|6
|teamsize|p2|6
|gen|8
|tier|[Gen 8] PU
|rated|
|rule|Sleep Clause Mod: Limit one foe put to sleep
|rule|Species Clause: Limit one of each Pokémon
|rule|OHKO Clause: OHKO moves are banned
|rule|Evasion Items Clause: Evasion items are banned
|rule|Evasion Moves Clause: Evasion moves are banned
|rule|Endless Battle Clause: Forcing endless battles is banned
|rule|HP Percentage Mod: HP is shown in percentages
|rule|Dynamax Clause: You cannot dynamax
|clearpoke
|poke|p1|Carracosta, F|
|poke|p1|Gourgeist-*, F|
|poke|p1|Qwilfish, M|
|poke|p1|Articuno-Galar|
|poke|p1|Gigalith, M|
|poke|p1|Scrafty, F|
|poke|p2|Magneton|
|poke|p2|Scrafty, F|
|poke|p2|Centiskorch, M|
|poke|p2|Cinccino, M|
|poke|p2|Shuckle, F|
|poke|p2|Articuno-Galar|
|teampreview
|inactive|Battle timer is ON: inactive players will automatically lose when time's up. (requested by MXIVIXM)
|
|t:|1665004811
|start
|switch|p1a: Carracosta|Carracosta, F|100/100
|switch|p2a: Shuckle|Shuckle, F|100/100
|turn|1
|
|t:|1665004815
|move|p1a: Carracosta|Shell Smash|p1a: Carracosta
|-unboost|p1a: Carracosta|def|1
|-unboost|p1a: Carracosta|spd|1
|-boost|p1a: Carracosta|atk|2
|-boost|p1a: Carracosta|spa|2
|-boost|p1a: Carracosta|spe|2
|move|p2a: Shuckle|Encore|p1a: Carracosta
|-start|p1a: Carracosta|Encore
|
|upkeep
|turn|2
|
|t:|1665004819
|move|p1a: Carracosta|Shell Smash|p1a: Carracosta
|-unboost|p1a: Carracosta|def|1
|-unboost|p1a: Carracosta|spd|1
|-boost|p1a: Carracosta|atk|2
|-boost|p1a: Carracosta|spa|2
|-boost|p1a: Carracosta|spe|2
|move|p2a: Shuckle|Sticky Web|p1a: Carracosta
|-sidestart|p1: MXIVIXM|move: Sticky Web
|
|upkeep
|turn|3
|
|t:|1665004823
|switch|p2a: Magneton|Magneton|100/100
|move|p1a: Carracosta|Shell Smash|p1a: Carracosta
|-unboost|p1a: Carracosta|def|1
|-unboost|p1a: Carracosta|spd|1
|-boost|p1a: Carracosta|atk|2
|-boost|p1a: Carracosta|spa|2
|-boost|p1a: Carracosta|spe|2
|
|upkeep
|turn|4
|
|t:|1665004828
|move|p1a: Carracosta|Shell Smash|p1a: Carracosta
|-unboost|p1a: Carracosta|def|1
|-unboost|p1a: Carracosta|spd|1
|-boost|p1a: Carracosta|atk|0
|-boost|p1a: Carracosta|spa|0
|-boost|p1a: Carracosta|spe|0
|move|p2a: Magneton|Volt Switch|p1a: Carracosta
|-supereffective|p1a: Carracosta
|-ability|p1a: Carracosta|Sturdy
|-damage|p1a: Carracosta|1/100
|-enditem|p1a: Carracosta|Weakness Policy
|-boost|p1a: Carracosta|atk|0
|-boost|p1a: Carracosta|spa|0
|
|t:|1665004836
|switch|p2a: Shuckle|Shuckle, F|100/100|[from]move: Volt Switch
|
|-end|p1a: Carracosta|Encore
|upkeep
|turn|5
|
|t:|1665004838
|move|p1a: Carracosta|Liquidation|p2a: Shuckle
|-supereffective|p2a: Shuckle
|-ability|p2a: Shuckle|Sturdy
|-damage|p2a: Shuckle|1/100
|move|p2a: Shuckle|Infestation|p1a: Carracosta
|-damage|p1a: Carracosta|0 fnt
|faint|p1a: Carracosta
|
|upkeep
|
|t:|1665004848
|switch|p1a: Scrafty|Scrafty, F|100/100
|-activate|p1a: Scrafty|move: Sticky Web
|-unboost|p1a: Scrafty|spe|1
|turn|6
|
|t:|1665004852
|move|p1a: Scrafty|Dragon Dance|p1a: Scrafty
|-boost|p1a: Scrafty|atk|1
|-boost|p1a: Scrafty|spe|1
|move|p2a: Shuckle|Encore|p1a: Scrafty
|-start|p1a: Scrafty|Encore
|
|upkeep
|turn|7
|
|t:|1665004856
|switch|p2a: Articuno|Articuno-Galar|100/100
|move|p1a: Scrafty|Dragon Dance|p1a: Scrafty
|-boost|p1a: Scrafty|atk|1
|-boost|p1a: Scrafty|spe|1
|
|upkeep
|turn|8
|
|t:|1665004860
|move|p1a: Scrafty|Dragon Dance|p1a: Scrafty
|-boost|p1a: Scrafty|atk|1
|-boost|p1a: Scrafty|spe|1
|move|p2a: Articuno|Air Slash|p1a: Scrafty
|-supereffective|p1a: Scrafty
|-damage|p1a: Scrafty|0 fnt
|faint|p1a: Scrafty
|
|upkeep
|
|t:|1665004864
|switch|p1a: Gigalith|Gigalith, M|100/100
|-activate|p1a: Gigalith|move: Sticky Web
|-unboost|p1a: Gigalith|spe|1
|-weather|Sandstorm|[from] ability: Sand Stream|[of] p1a: Gigalith
|turn|9
|
|t:|1665004868
|move|p2a: Articuno|U-turn|p1a: Gigalith
|-damage|p1a: Gigalith|90/100
|
|t:|1665004871
|switch|p2a: Shuckle|Shuckle, F|1/100|[from]move: U-turn
|move|p1a: Gigalith|Stealth Rock|p2a: Shuckle
|-sidestart|p2: kingqueso141|move: Stealth Rock
|
|-weather|Sandstorm|[upkeep]
|-heal|p1a: Gigalith|96/100|[from] item: Leftovers
|upkeep
|turn|10
|
|t:|1665004875
|move|p1a: Gigalith|Earthquake|p2a: Shuckle
|-crit|p2a: Shuckle
|-damage|p2a: Shuckle|0 fnt
|faint|p2a: Shuckle
|
|-weather|Sandstorm|[upkeep]
|-heal|p1a: Gigalith|100/100|[from] item: Leftovers
|upkeep
|
|t:|1665004884
|switch|p2a: Scrafty|Scrafty, F|100/100
|-damage|p2a: Scrafty|95/100|[from] Stealth Rock
|turn|11
|
|t:|1665004888
|switch|p1a: Articuno|Articuno-Galar|100/100
|move|p2a: Scrafty|Dragon Dance|p2a: Scrafty
|-boost|p2a: Scrafty|atk|1
|-boost|p2a: Scrafty|spe|1
|
|-weather|Sandstorm|[upkeep]
|-damage|p1a: Articuno|94/100|[from] Sandstorm
|-damage|p2a: Scrafty|89/100|[from] Sandstorm
|upkeep
|turn|12
|
|t:|1665004891
|move|p1a: Articuno|Air Slash|p2a: Scrafty
|-supereffective|p2a: Scrafty
|-damage|p2a: Scrafty|0 fnt
|faint|p2a: Scrafty
|
|-weather|Sandstorm|[upkeep]
|-damage|p1a: Articuno|88/100|[from] Sandstorm
|upkeep
|
|t:|1665004894
|switch|p2a: Magneton|Magneton|100/100
|-damage|p2a: Magneton|94/100|[from] Stealth Rock
|turn|13
|
|t:|1665004909
|switch|p1a: Gourgeist|Gourgeist-Super, F|100/100
|-item|p2a: Magneton|Choice Specs|[from] ability: Frisk|[of] p1a: Gourgeist|[identify]
|move|p2a: Magneton|Flash Cannon|p1a: Gourgeist
|-damage|p1a: Gourgeist|13/100
|-unboost|p1a: Gourgeist|spd|1
|
|-weather|none
|upkeep
|turn|14
|
|t:|1665004920
|switch|p2a: Cinccino|Cinccino, M|100/100
|-damage|p2a: Cinccino|88/100|[from] Stealth Rock
|move|p1a: Gourgeist|Shadow Sneak|p2a: Cinccino
|-immune|p2a: Cinccino
|
|upkeep
|turn|15
|
|t:|1665004925
|switch|p1a: Qwilfish|Qwilfish, M|100/100
|-activate|p1a: Qwilfish|move: Sticky Web
|-unboost|p1a: Qwilfish|spe|1
|-ability|p1a: Qwilfish|Intimidate|boost
|-unboost|p2a: Cinccino|atk|1
|move|p2a: Cinccino|U-turn|p1a: Qwilfish
|-resisted|p1a: Qwilfish
|-damage|p1a: Qwilfish|93/100
|
|t:|1665004929
|switch|p2a: Magneton|Magneton|94/100|[from]move: U-turn
|-damage|p2a: Magneton|88/100|[from] Stealth Rock
|
|-heal|p1a: Qwilfish|99/100|[from] item: Black Sludge
|upkeep
|turn|16
|-message|MXIVIXM forfeited.
|
|win|kingqueso141
|raw|MXIVIXM's rating: 1339 &rarr; <strong>1313</strong><br />(-26 for losing)
|raw|kingqueso141's rating: 1225 &rarr; <strong>1258</strong><br />(+33 for winning)
|l|☆MXIVIXM
