|raw|<div class="broadcast-blue"><strong>This battle is required to be public due to a player having a name starting with 'pult4c1'.</div>
|j|☆WTRBubble
|j|☆PULT4C1 spacial
|t:|1660655907
|gametype|singles
|player|p1|WTRBubble|101|1334
|player|p2|PULT4C1 spacial|marley|1136
|teamsize|p1|6
|teamsize|p2|6
|gen|8
|tier|[Gen 8] PU
|rated|
|rule|Sleep Clause Mod: Limit one foe put to sleep
|rule|Species Clause: Limit one of each Pokémon
|rule|OHKO Clause: OHKO moves are banned
|rule|Evasion Items Clause: Evasion items are banned
|rule|Evasion Moves Clause: Evasion moves are banned
|rule|Endless Battle Clause: Forcing endless battles is banned
|rule|HP Percentage Mod: HP is shown in percentages
|rule|Dynamax Clause: You cannot dynamax
|clearpoke
|poke|p1|Gourgeist-*, M|
|poke|p1|Silvally-*|
|poke|p1|Garbodor, M|
|poke|p1|Doublade, M|
|poke|p1|Lurantis, F|
|poke|p1|Luxray, M|
|poke|p2|Arctovish|
|poke|p2|Archeops, M|
|poke|p2|Sandaconda, M|
|poke|p2|Charizard, M|
|poke|p2|Scrafty, M|
|poke|p2|Doublade, M|
|teampreview
|inactive|Battle timer is ON: inactive players will automatically lose when time's up. (requested by WTRBubble)
|
|t:|1660655916
|start
|switch|p1a: Luxray|Luxray, M, shiny|100/100
|switch|p2a: Archeops|Archeops, M|100/100
|-ability|p1a: Luxray|Intimidate|boost
|-unboost|p2a: Archeops|atk|1
|turn|1
|
|t:|1660655921
|move|p1a: Luxray|Wild Charge|p2a: Archeops
|-supereffective|p2a: Archeops
|-damage|p2a: Archeops|0 fnt
|faint|p2a: Archeops
|-damage|p1a: Luxray|76/100|[from] Recoil
|
|upkeep
|
|t:|1660655924
|switch|p2a: Sandaconda|Sandaconda, M|100/100
|turn|2
|
|t:|1660655937
|switch|p1a: Gourgeist|Gourgeist-Large, M, shiny|100/100
|-item|p2a: Sandaconda|Rocky Helmet|[from] ability: Frisk|[of] p1a: Gourgeist|[identify]
|move|p2a: Sandaconda|Stealth Rock|p1a: Gourgeist
|-sidestart|p1: WTRBubble|move: Stealth Rock
|
|upkeep
|turn|3
|
|t:|1660655942
|switch|p2a: Charizard|Charizard, M|100/100
|move|p1a: Gourgeist|Poltergeist|p2a: Charizard|[miss]
|-miss|p1a: Gourgeist|p2a: Charizard
|
|upkeep
|turn|4
|
|t:|1660655963
|switch|p1a: Lurantis|Lurantis, F|100/100
|-damage|p1a: Lurantis|88/100|[from] Stealth Rock
|move|p2a: Charizard|Flamethrower|p1a: Lurantis
|-supereffective|p1a: Lurantis
|-damage|p1a: Lurantis|44/100
|
|upkeep
|turn|5
|
|t:|1660655970
|move|p2a: Charizard|Flamethrower|p1a: Lurantis
|-supereffective|p1a: Lurantis
|-damage|p1a: Lurantis|0 fnt
|faint|p1a: Lurantis
|
|upkeep
|
|t:|1660655976
|switch|p1a: Silvally|Silvally-Fairy|100/100
|-damage|p1a: Silvally|88/100|[from] Stealth Rock
|turn|6
|
|t:|1660655981
|switch|p2a: Sandaconda|Sandaconda, M|100/100
|move|p1a: Silvally|Defog|p2a: Sandaconda
|-unboost|p2a: Sandaconda|evasion|1
|-sideend|p1: WTRBubble|Stealth Rock|[from] move: Defog|[of] p1a: Silvally
|
|upkeep
|turn|7
|
|t:|1660655987
|move|p1a: Silvally|Toxic|p2a: Sandaconda
|-status|p2a: Sandaconda|tox
|move|p2a: Sandaconda|Glare|p1a: Silvally
|-status|p1a: Silvally|par
|
|-activate|p2a: Sandaconda|ability: Shed Skin
|-curestatus|p2a: Sandaconda|tox|[msg]
|upkeep
|turn|8
|
|t:|1660655996
|switch|p1a: Gourgeist|Gourgeist-Large, M, shiny|100/100
|-item|p2a: Sandaconda|Rocky Helmet|[from] ability: Frisk|[of] p1a: Gourgeist|[identify]
|move|p2a: Sandaconda|Stealth Rock|p1a: Gourgeist
|-sidestart|p1: WTRBubble|move: Stealth Rock
|
|upkeep
|turn|9
|j| Ribombee's Honey
|
|t:|1660656002
|switch|p2a: Scrafty|Scrafty, M|100/100
|move|p1a: Gourgeist|Power Whip|p2a: Scrafty
|-damage|p2a: Scrafty|37/100
|
|upkeep
|turn|10
|
|t:|1660656008
|move|p1a: Gourgeist|Power Whip|p2a: Scrafty
|-damage|p2a: Scrafty|0 fnt
|faint|p2a: Scrafty
|
|upkeep
|
|t:|1660656012
|switch|p2a: Charizard|Charizard, M|100/100
|turn|11
|
|t:|1660656029
|switch|p1a: Silvally|Silvally-Fairy|88/100 par
|-damage|p1a: Silvally|76/100 par|[from] Stealth Rock
|move|p2a: Charizard|Flamethrower|p1a: Silvally
|-damage|p1a: Silvally|37/100 par
|
|upkeep
|turn|12
|
|t:|1660656036
|move|p2a: Charizard|Flamethrower|p1a: Silvally
|-damage|p1a: Silvally|0 fnt
|faint|p1a: Silvally
|
|upkeep
|
|t:|1660656041
|switch|p1a: Luxray|Luxray, M, shiny|76/100
|-damage|p1a: Luxray|64/100|[from] Stealth Rock
|-ability|p1a: Luxray|Intimidate|boost
|-unboost|p2a: Charizard|atk|1
|turn|13
|
|t:|1660656047
|switch|p1a: Gourgeist|Gourgeist-Large, M, shiny|100/100
|-damage|p1a: Gourgeist|88/100|[from] Stealth Rock
|-item|p2a: Charizard|Heavy-Duty Boots|[from] ability: Frisk|[of] p1a: Gourgeist|[identify]
|switch|p2a: Sandaconda|Sandaconda, M|100/100
|
|upkeep
|turn|14
|
|t:|1660656054
|switch|p2a: Doublade|Doublade, M|100/100
|move|p1a: Gourgeist|Poltergeist|p2a: Doublade
|-activate|p2a: Doublade|move: Poltergeist|Eviolite
|-supereffective|p2a: Doublade
|-damage|p2a: Doublade|37/100
|
|upkeep
|turn|15
|
|t:|1660656062
|move|p2a: Doublade|Shadow Sneak|p1a: Gourgeist
|-supereffective|p1a: Gourgeist
|-damage|p1a: Gourgeist|45/100
|move|p1a: Gourgeist|Poltergeist|p2a: Doublade
|-activate|p2a: Doublade|move: Poltergeist|Eviolite
|-supereffective|p2a: Doublade
|-damage|p2a: Doublade|0 fnt
|faint|p2a: Doublade
|
|upkeep
|
|t:|1660656064
|switch|p2a: Charizard|Charizard, M|100/100
|turn|16
|
|t:|1660656074
|switch|p1a: Doublade|Doublade, M, shiny|100/100
|-damage|p1a: Doublade|94/100|[from] Stealth Rock
|move|p2a: Charizard|Flamethrower|p1a: Doublade
|-supereffective|p1a: Doublade
|-damage|p1a: Doublade|16/100
|
|upkeep
|turn|17
|
|t:|1660656080
|move|p1a: Doublade|Shadow Sneak|p2a: Charizard
|-damage|p2a: Charizard|76/100
|move|p2a: Charizard|Flamethrower|p1a: Doublade
|-supereffective|p1a: Doublade
|-damage|p1a: Doublade|0 fnt
|faint|p1a: Doublade
|
|upkeep
|
|t:|1660656090
|switch|p1a: Luxray|Luxray, M, shiny|64/100
|-damage|p1a: Luxray|52/100|[from] Stealth Rock
|-ability|p1a: Luxray|Intimidate|boost
|-unboost|p2a: Charizard|atk|1
|turn|18
|
|t:|1660656097
|switch|p2a: Arctovish|Arctovish|100/100
|move|p1a: Luxray|Wild Charge|p2a: Arctovish
|-supereffective|p2a: Arctovish
|-damage|p2a: Arctovish|0 fnt
|faint|p2a: Arctovish
|-damage|p1a: Luxray|25/100|[from] Recoil
|
|upkeep
|
|t:|1660656101
|switch|p2a: Sandaconda|Sandaconda, M|100/100
|turn|19
|
|t:|1660656108
|switch|p1a: Garbodor|Garbodor, M, shiny|100/100
|-damage|p1a: Garbodor|88/100|[from] Stealth Rock
|switch|p2a: Charizard|Charizard, M|76/100
|
|upkeep
|turn|20
|
|t:|1660656114
|move|p2a: Charizard|Flamethrower|p1a: Garbodor
|-damage|p1a: Garbodor|44/100
|move|p1a: Garbodor|Gunk Shot|p2a: Charizard
|-damage|p2a: Charizard|24/100
|
|upkeep
|turn|21
|
|t:|1660656121
|move|p2a: Charizard|Roost|p2a: Charizard
|-heal|p2a: Charizard|75/100
|-singleturn|p2a: Charizard|move: Roost
|move|p1a: Garbodor|Stomping Tantrum|p2a: Charizard
|-supereffective|p2a: Charizard
|-damage|p2a: Charizard|28/100
|
|upkeep
|turn|22
|
|t:|1660656131
|move|p2a: Charizard|Hurricane|p1a: Garbodor|[miss]
|-miss|p2a: Charizard|p1a: Garbodor
|move|p1a: Garbodor|Gunk Shot|p2a: Charizard
|-damage|p2a: Charizard|0 fnt
|faint|p2a: Charizard
|
|upkeep
|-message|PULT4C1 spacial forfeited.
|
|win|WTRBubble
|raw|WTRBubble's rating: 1334 &rarr; <strong>1344</strong><br />(+10 for winning)
|raw|PULT4C1 spacial's rating: 1136 &rarr; <strong>1124</strong><br />(-12 for losing)
|l|☆PULT4C1 spacial
|c|☆WTRBubble|gfg
|l| Ribombee's Honey
||Ladder isn't responding, score probably updated but might not have (Request timeout).
