|j|☆pattek
|j|☆Lady Writer ❀
|t:|1654827313
|gametype|singles
|player|p1|pattek|lucas|
|player|p2|Lady Writer ❀|furisodegirl-black|
|teamsize|p1|6
|teamsize|p2|6
|gen|8
|tier|[Gen 8] PU
|rule|Sleep Clause Mod: Limit one foe put to sleep
|rule|Species Clause: Limit one of each Pokémon
|rule|OHKO Clause: OHKO moves are banned
|rule|Evasion Moves Clause: Evasion moves are banned
|rule|Endless Battle Clause: Forcing endless battles is banned
|rule|HP Percentage Mod: HP is shown in percentages
|rule|Dynamax Clause: You cannot dynamax
|clearpoke
|poke|p1|Gigalith, M|
|poke|p1|Sandslash, M|
|poke|p1|Perrserker, F|
|poke|p1|Garbodor, M|
|poke|p1|Scrafty, M|
|poke|p1|Whimsicott, F|
|poke|p2|Sneasel, F|
|poke|p2|Palossand, F|
|poke|p2|Lanturn, M|
|poke|p2|Weezing, F|
|poke|p2|Eldegoss, F|
|poke|p2|Scyther, F|
|teampreview
|inactive|Battle timer is ON: inactive players will automatically lose when time's up. (requested by Lady Writer ❀)
|inactiveoff|Battle timer is now OFF.
|c|☆Lady Writer ❀|glhf
|j| velvet
|j| Sakura❅Swirl
|j| OnArceus
|l| velvet
|c|☆pattek|back
|c|☆pattek|u2
|inactive|Battle timer is ON: inactive players will automatically lose when time's up. (requested by pattek)
|j| Cleen Rock One
|j| velvet
|j| Holy Ghost
|j|+abd1710
|j| PrinceOfAllTacos
|j| clean cuts
|c| PrinceOfAllTacos|Lgi pattek
|j| TEAM CHARM
|c|+abd1710|Let's goooo pattek
|inactive|pattek has 270 seconds left.
|l| TEAM CHARM
|
|t:|1654827404
|start
|switch|p1a: Scrafty|Scrafty, M|100/100
|switch|p2a: Scyther|Scyther, F|100/100
|turn|1
|j| PokeArt2004❤
|inactive|Lady Writer ❀ has 270 seconds left.
|
|t:|1654827433
|switch|p1a: Garbodor|Garbodor, M|100/100
|move|p2a: Scyther|U-turn|p1a: Garbodor
|-resisted|p1a: Garbodor
|-damage|p1a: Garbodor|86/100
|
|t:|1654827436
|switch|p2a: Palossand|Palossand, F|100/100|[from]move: U-turn
|
|-heal|p1a: Garbodor|92/100|[from] item: Black Sludge
|upkeep
|turn|2
|
|t:|1654827444
|move|p1a: Garbodor|Spikes|p2a: Palossand
|-sidestart|p2: Lady Writer ❀|Spikes
|move|p2a: Palossand|Scorching Sands|p1a: Garbodor
|-supereffective|p1a: Garbodor
|-damage|p1a: Garbodor|40/100
|-status|p1a: Garbodor|brn
|
|-heal|p1a: Garbodor|46/100 brn|[from] item: Black Sludge
|-damage|p1a: Garbodor|40/100 brn|[from] brn
|upkeep
|turn|3
|
|t:|1654827454
|switch|p1a: Whimsicott|Whimsicott, F|100/100
|move|p2a: Palossand|Stealth Rock|p1a: Whimsicott
|-sidestart|p1: pattek|move: Stealth Rock
|
|upkeep
|turn|4
|
|t:|1654827461
|switch|p2a: Eldegoss|Eldegoss, F|100/100
|move|p1a: Whimsicott|Knock Off|p2a: Eldegoss
|-damage|p2a: Eldegoss|88/100
|-enditem|p2a: Eldegoss|Heavy-Duty Boots|[from] move: Knock Off|[of] p1a: Whimsicott
|
|upkeep
|turn|5
|l| clean cuts
|
|t:|1654827467
|move|p1a: Whimsicott|U-turn|p2a: Eldegoss
|-supereffective|p2a: Eldegoss
|-damage|p2a: Eldegoss|67/100
|
|t:|1654827472
|switch|p1a: Perrserker|Perrserker, F|100/100|[from]move: U-turn
|-damage|p1a: Perrserker|94/100|[from] Stealth Rock
|move|p2a: Eldegoss|Rapid Spin|p1a: Perrserker
|-resisted|p1a: Perrserker
|-damage|p1a: Perrserker|91/100
|-boost|p2a: Eldegoss|spe|1
|-sideend|p2: Lady Writer ❀|Spikes|[from] move: Rapid Spin|[of] p2a: Eldegoss
|
|upkeep
|turn|6
|j| LoveAnime4Life^_^
|
|t:|1654827487
|move|p2a: Eldegoss|Sleep Powder|p1a: Perrserker
|-status|p1a: Perrserker|slp|[from] move: Sleep Powder
|cant|p1a: Perrserker|slp
|
|upkeep
|turn|7
|
|t:|1654827496
|switch|p2a: Weezing|Weezing, F|100/100
|-ability|p2a: Weezing|Neutralizing Gas
|cant|p1a: Perrserker|slp
|
|upkeep
|turn|8
|l|☆pattek
|inactive|pattek disconnected and has 300 seconds to reconnect!
|player|p1|
|j|☆pattek
|inactive|pattek reconnected and has 280 seconds left.
|player|p1|pattek|lucas
|l| velvet
|
|t:|1654827525
|cant|p1a: Perrserker|slp
|move|p2a: Weezing|Flamethrower|p1a: Perrserker
|-supereffective|p1a: Perrserker
|-damage|p1a: Perrserker|27/100 slp
|
|upkeep
|turn|9
|j| Lkapkd
|
|t:|1654827533
|switch|p1a: Scrafty|Scrafty, M|100/100
|-damage|p1a: Scrafty|95/100|[from] Stealth Rock
|move|p2a: Weezing|Flamethrower|p1a: Scrafty
|-damage|p1a: Scrafty|81/100
|
|-heal|p1a: Scrafty|87/100|[from] item: Leftovers
|upkeep
|turn|10
|l| PrinceOfAllTacos
|j| TEAM CHARM
|
|t:|1654827549
|-end|p2a: Weezing|ability: Neutralizing Gas
|switch|p2a: Scyther|Scyther, F|100/100
|move|p1a: Scrafty|Knock Off|p2a: Scyther
|-damage|p2a: Scyther|60/100
|-enditem|p2a: Scyther|Heavy-Duty Boots|[from] move: Knock Off|[of] p1a: Scrafty
|
|-heal|p1a: Scrafty|93/100|[from] item: Leftovers
|upkeep
|turn|11
|j| PrinceOfAllTacos
|l| TEAM CHARM
|
|t:|1654827570
|switch|p1a: Gigalith|Gigalith, M|100/100
|-damage|p1a: Gigalith|88/100|[from] Stealth Rock
|-weather|Sandstorm|[from] ability: Sand Stream|[of] p1a: Gigalith
|move|p2a: Scyther|Roost|p2a: Scyther
|-heal|p2a: Scyther|100/100
|-singleturn|p2a: Scyther|move: Roost
|
|-weather|Sandstorm|[upkeep]
|-damage|p2a: Scyther|94/100|[from] Sandstorm
|-heal|p1a: Gigalith|94/100|[from] item: Leftovers
|upkeep
|turn|12
|
|t:|1654827573
|move|p2a: Scyther|U-turn|p1a: Gigalith
|-damage|p1a: Gigalith|71/100
|
|t:|1654827579
|switch|p2a: Eldegoss|Eldegoss, F|100/100|[from]move: U-turn
|move|p1a: Gigalith|Stealth Rock|p2a: Eldegoss
|-sidestart|p2: Lady Writer ❀|move: Stealth Rock
|
|-weather|Sandstorm|[upkeep]
|-damage|p2a: Eldegoss|94/100|[from] Sandstorm
|-heal|p1a: Gigalith|77/100|[from] item: Leftovers
|upkeep
|turn|13
|
|t:|1654827585
|move|p1a: Gigalith|Protect|p1a: Gigalith
|-singleturn|p1a: Gigalith|Protect
|move|p2a: Eldegoss|Rapid Spin|p1a: Gigalith
|-activate|p1a: Gigalith|move: Protect
|
|-weather|Sandstorm|[upkeep]
|-damage|p2a: Eldegoss|88/100|[from] Sandstorm
|-heal|p1a: Gigalith|83/100|[from] item: Leftovers
|upkeep
|turn|14
|j| Hockey1
|l| Hockey1
|
|t:|1654827591
|move|p2a: Eldegoss|Giga Drain|p1a: Gigalith
|-supereffective|p1a: Gigalith
|-damage|p1a: Gigalith|62/100
|-heal|p2a: Eldegoss|100/100|[from] drain|[of] p1a: Gigalith
|move|p1a: Gigalith|Rock Blast|p2a: Eldegoss
|-damage|p2a: Eldegoss|91/100
|-damage|p2a: Eldegoss|80/100
|-hitcount|p2a: Eldegoss|2
|
|-weather|Sandstorm|[upkeep]
|-damage|p2a: Eldegoss|74/100|[from] Sandstorm
|-heal|p1a: Gigalith|68/100|[from] item: Leftovers
|upkeep
|turn|15
|j| Hockey1
|
|t:|1654827594
|move|p1a: Gigalith|Protect|p1a: Gigalith
|-singleturn|p1a: Gigalith|Protect
|move|p2a: Eldegoss|Giga Drain|p1a: Gigalith
|-activate|p1a: Gigalith|move: Protect
|
|-weather|none
|-heal|p1a: Gigalith|74/100|[from] item: Leftovers
|upkeep
|turn|16
|
|t:|1654827614
|switch|p1a: Scrafty|Scrafty, M|93/100
|-damage|p1a: Scrafty|87/100|[from] Stealth Rock
|move|p2a: Eldegoss|Rapid Spin|p1a: Scrafty
|-damage|p1a: Scrafty|81/100
|-boost|p2a: Eldegoss|spe|1
|-sideend|p2: Lady Writer ❀|Stealth Rock|[from] move: Rapid Spin|[of] p2a: Eldegoss
|
|-heal|p1a: Scrafty|87/100|[from] item: Leftovers
|upkeep
|turn|17
|c| OnArceus|bruh that did the same dmg w 2 hits
|
|t:|1654827629
|switch|p2a: Scyther|Scyther, F|94/100
|switch|p1a: Gigalith|Gigalith, M|74/100
|-damage|p1a: Gigalith|62/100|[from] Stealth Rock
|-weather|Sandstorm|[from] ability: Sand Stream|[of] p1a: Gigalith
|
|-weather|Sandstorm|[upkeep]
|-damage|p2a: Scyther|88/100|[from] Sandstorm
|-heal|p1a: Gigalith|68/100|[from] item: Leftovers
|upkeep
|turn|18
|
|t:|1654827635
|switch|p2a: Eldegoss|Eldegoss, F|100/100
|move|p1a: Gigalith|Protect||[still]
|-fail|p1a: Gigalith
|
|-weather|Sandstorm|[upkeep]
|-damage|p2a: Eldegoss|94/100|[from] Sandstorm
|-heal|p1a: Gigalith|74/100|[from] item: Leftovers
|upkeep
|turn|19
|
|t:|1654827637
|move|p1a: Gigalith|Protect|p1a: Gigalith
|-singleturn|p1a: Gigalith|Protect
|move|p2a: Eldegoss|Giga Drain|p1a: Gigalith
|-activate|p1a: Gigalith|move: Protect
|
|-weather|Sandstorm|[upkeep]
|-damage|p2a: Eldegoss|88/100|[from] Sandstorm
|-heal|p1a: Gigalith|80/100|[from] item: Leftovers
|upkeep
|turn|20
|
|t:|1654827652
|switch|p1a: Scrafty|Scrafty, M|87/100
|-damage|p1a: Scrafty|81/100|[from] Stealth Rock
|move|p2a: Eldegoss|Giga Drain|p1a: Scrafty
|-damage|p1a: Scrafty|67/100
|-heal|p2a: Eldegoss|96/100|[from] drain|[of] p1a: Scrafty
|
|-weather|Sandstorm|[upkeep]
|-damage|p1a: Scrafty|61/100|[from] Sandstorm
|-damage|p2a: Eldegoss|89/100|[from] Sandstorm
|-heal|p1a: Scrafty|67/100|[from] item: Leftovers
|upkeep
|turn|21
|
|t:|1654827657
|switch|p2a: Scyther|Scyther, F|88/100
|move|p1a: Scrafty|Knock Off|p2a: Scyther
|-damage|p2a: Scyther|56/100
|
|-weather|none
|-heal|p1a: Scrafty|73/100|[from] item: Leftovers
|upkeep
|turn|22
|
|t:|1654827664
|switch|p1a: Sandslash|Sandslash, M|100/100
|-damage|p1a: Sandslash|94/100|[from] Stealth Rock
|move|p2a: Scyther|Roost|p2a: Scyther
|-heal|p2a: Scyther|100/100
|-singleturn|p2a: Scyther|move: Roost
|
|upkeep
|turn|23
|j| cant this be easy
|
|t:|1654827668
|move|p2a: Scyther|U-turn|p1a: Sandslash
|-damage|p1a: Sandslash|59/100
|l| cant this be easy
|
|t:|1654827673
|switch|p2a: Palossand|Palossand, F|100/100|[from]move: U-turn
|move|p1a: Sandslash|Rapid Spin|p2a: Palossand
|-immune|p2a: Palossand
|
|upkeep
|turn|24
|l| Hockey1
|
|t:|1654827680
|switch|p1a: Scrafty|Scrafty, M|73/100
|-damage|p1a: Scrafty|67/100|[from] Stealth Rock
|move|p2a: Palossand|Shadow Ball|p1a: Scrafty
|-resisted|p1a: Scrafty
|-damage|p1a: Scrafty|57/100
|
|-heal|p1a: Scrafty|63/100|[from] item: Leftovers
|upkeep
|turn|25
|
|t:|1654827685
|switch|p1a: Gigalith|Gigalith, M|80/100
|-damage|p1a: Gigalith|68/100|[from] Stealth Rock
|-weather|Sandstorm|[from] ability: Sand Stream|[of] p1a: Gigalith
|switch|p2a: Scyther|Scyther, F|100/100
|
|-weather|Sandstorm|[upkeep]
|-damage|p2a: Scyther|94/100|[from] Sandstorm
|-heal|p1a: Gigalith|74/100|[from] item: Leftovers
|upkeep
|turn|26
|
|t:|1654827687
|move|p2a: Scyther|U-turn|p1a: Gigalith
|-damage|p1a: Gigalith|51/100
|
|t:|1654827689
|switch|p2a: Eldegoss|Eldegoss, F|100/100|[from]move: U-turn
|move|p1a: Gigalith|Rock Blast|p2a: Eldegoss
|-damage|p2a: Eldegoss|90/100
|-damage|p2a: Eldegoss|81/100
|-damage|p2a: Eldegoss|72/100
|-hitcount|p2a: Eldegoss|3
|
|-weather|Sandstorm|[upkeep]
|-damage|p2a: Eldegoss|66/100|[from] Sandstorm
|-heal|p1a: Gigalith|57/100|[from] item: Leftovers
|upkeep
|turn|27
|
|t:|1654827693
|move|p1a: Gigalith|Protect|p1a: Gigalith
|-singleturn|p1a: Gigalith|Protect
|move|p2a: Eldegoss|Giga Drain|p1a: Gigalith
|-activate|p1a: Gigalith|move: Protect
|
|-weather|Sandstorm|[upkeep]
|-damage|p2a: Eldegoss|59/100|[from] Sandstorm
|-heal|p1a: Gigalith|63/100|[from] item: Leftovers
|upkeep
|turn|28
|j| Jesse504
|
|t:|1654827708
|move|p2a: Eldegoss|Giga Drain|p1a: Gigalith
|-supereffective|p1a: Gigalith
|-damage|p1a: Gigalith|43/100
|-heal|p2a: Eldegoss|71/100|[from] drain|[of] p1a: Gigalith
|move|p1a: Gigalith|Rock Blast|p2a: Eldegoss
|-damage|p2a: Eldegoss|60/100
|-damage|p2a: Eldegoss|51/100
|-hitcount|p2a: Eldegoss|2
|
|-weather|Sandstorm|[upkeep]
|-damage|p2a: Eldegoss|45/100|[from] Sandstorm
|-heal|p1a: Gigalith|49/100|[from] item: Leftovers
|upkeep
|turn|29
|
|t:|1654827714
|move|p1a: Gigalith|Protect|p1a: Gigalith
|-singleturn|p1a: Gigalith|Protect
|move|p2a: Eldegoss|Giga Drain|p1a: Gigalith
|-activate|p1a: Gigalith|move: Protect
|
|-weather|none
|-heal|p1a: Gigalith|55/100|[from] item: Leftovers
|upkeep
|turn|30
|
|t:|1654827716
|switch|p2a: Sneasel|Sneasel, F|100/100
|switch|p1a: Whimsicott|Whimsicott, F|100/100
|
|upkeep
|turn|31
|
|t:|1654827724
|switch|p2a: Weezing|Weezing, F|100/100
|-ability|p2a: Weezing|Neutralizing Gas
|move|p1a: Whimsicott|Moonblast|p2a: Weezing
|-resisted|p2a: Weezing
|-damage|p2a: Weezing|75/100
|
|-heal|p2a: Weezing|81/100|[from] item: Black Sludge
|upkeep
|turn|32
|
|t:|1654827730
|move|p1a: Whimsicott|U-turn|p2a: Weezing
|-resisted|p2a: Weezing
|-crit|p2a: Weezing
|-damage|p2a: Weezing|75/100
|j| baloor
|
|t:|1654827736
|switch|p1a: Scrafty|Scrafty, M|63/100|[from]move: U-turn
|-damage|p1a: Scrafty|57/100|[from] Stealth Rock
|move|p2a: Weezing|Toxic Spikes|p1a: Scrafty
|-sidestart|p1: pattek|move: Toxic Spikes
|
|-heal|p2a: Weezing|81/100|[from] item: Black Sludge
|-heal|p1a: Scrafty|63/100|[from] item: Leftovers
|upkeep
|turn|33
|l| Cleen Rock One
|
|t:|1654827744
|-end|p2a: Weezing|ability: Neutralizing Gas
|switch|p2a: Scyther|Scyther, F|94/100
|move|p1a: Scrafty|Bulk Up|p1a: Scrafty
|-boost|p1a: Scrafty|atk|1
|-boost|p1a: Scrafty|def|1
|
|-heal|p1a: Scrafty|69/100|[from] item: Leftovers
|upkeep
|turn|34
|
|t:|1654827747
|switch|p1a: Garbodor|Garbodor, M|40/100 brn
|-damage|p1a: Garbodor|27/100 brn|[from] Stealth Rock
|-sideend|p1: pattek|move: Toxic Spikes|[of] p1a: Garbodor
|move|p2a: Scyther|Dual Wingbeat|p1a: Garbodor
|-damage|p1a: Garbodor|1/100 brn
|-damage|p1a: Garbodor|0 fnt
|-damage|p2a: Scyther|70/100|[from] ability: Aftermath|[of] p1a: Garbodor
|faint|p1a: Garbodor
|-hitcount|p1: Garbodor|2
|
|upkeep
|j| cant this be easy
|
|t:|1654827752
|switch|p1a: Whimsicott|Whimsicott, F|100/100
|turn|35
|
|t:|1654827760
|switch|p2a: Weezing|Weezing, F|81/100
|-ability|p2a: Weezing|Neutralizing Gas
|move|p1a: Whimsicott|U-turn|p2a: Weezing
|-resisted|p2a: Weezing
|-damage|p2a: Weezing|77/100
|
|t:|1654827769
|switch|p1a: Sandslash|Sandslash, M|59/100|[from]move: U-turn
|-damage|p1a: Sandslash|53/100|[from] Stealth Rock
|
|-heal|p2a: Weezing|83/100|[from] item: Black Sludge
|upkeep
|turn|36
|
|t:|1654827774
|-end|p2a: Weezing|ability: Neutralizing Gas
|switch|p2a: Sneasel|Sneasel, F|100/100
|move|p1a: Sandslash|Swords Dance|p1a: Sandslash
|-boost|p1a: Sandslash|atk|2
|
|upkeep
|turn|37
|
|t:|1654827782
|switch|p1a: Perrserker|Perrserker, F|27/100 slp
|-damage|p1a: Perrserker|21/100 slp|[from] Stealth Rock
|move|p2a: Sneasel|Knock Off|p1a: Perrserker
|-damage|p1a: Perrserker|0 fnt
|-enditem|p1a: Perrserker|Protective Pads|[from] move: Knock Off|[of] p2a: Sneasel
|faint|p1a: Perrserker
|
|upkeep
|
|t:|1654827788
|switch|p1a: Whimsicott|Whimsicott, F|100/100
|turn|38
|
|t:|1654827797
|switch|p2a: Weezing|Weezing, F|83/100
|-ability|p2a: Weezing|Neutralizing Gas
|move|p1a: Whimsicott|Knock Off|p2a: Weezing
|-damage|p2a: Weezing|73/100
|-enditem|p2a: Weezing|Black Sludge|[from] move: Knock Off|[of] p1a: Whimsicott
|
|upkeep
|turn|39
|
|t:|1654827799
|move|p1a: Whimsicott|U-turn|p2a: Weezing
|-resisted|p2a: Weezing
|-damage|p2a: Weezing|69/100
|
|t:|1654827801
|switch|p1a: Scrafty|Scrafty, M|69/100|[from]move: U-turn
|-damage|p1a: Scrafty|63/100|[from] Stealth Rock
|move|p2a: Weezing|Toxic Spikes|p1a: Scrafty
|-sidestart|p1: pattek|move: Toxic Spikes
|
|-heal|p1a: Scrafty|69/100|[from] item: Leftovers
|upkeep
|turn|40
|
|t:|1654827815
|-end|p2a: Weezing|ability: Neutralizing Gas
|switch|p2a: Scyther|Scyther, F|70/100
|switch|p1a: Whimsicott|Whimsicott, F|100/100
|
|upkeep
|turn|41
|
|t:|1654827831
|move|p1a: Whimsicott|Moonblast|p2a: Scyther
|-damage|p2a: Scyther|17/100
|move|p2a: Scyther|Roost|p2a: Scyther
|-heal|p2a: Scyther|67/100
|-singleturn|p2a: Scyther|move: Roost
|
|upkeep
|turn|42
|
|t:|1654827840
|move|p1a: Whimsicott|Moonblast|p2a: Scyther
|-damage|p2a: Scyther|20/100
|-unboost|p2a: Scyther|spa|1
|move|p2a: Scyther|Roost|p2a: Scyther
|-heal|p2a: Scyther|71/100
|-singleturn|p2a: Scyther|move: Roost
|
|upkeep
|turn|43
|
|t:|1654827849
|switch|p2a: Weezing|Weezing, F|69/100
|-ability|p2a: Weezing|Neutralizing Gas
|move|p1a: Whimsicott|Moonblast|p2a: Weezing
|-resisted|p2a: Weezing
|-damage|p2a: Weezing|45/100
|-unboost|p2a: Weezing|spa|1
|
|upkeep
|turn|44
|
|t:|1654827859
|-end|p2a: Weezing|ability: Neutralizing Gas
|switch|p2a: Lanturn|Lanturn, M|100/100
|move|p1a: Whimsicott|U-turn|p2a: Lanturn
|-damage|p2a: Lanturn|88/100
|
|t:|1654827862
|switch|p1a: Scrafty|Scrafty, M|69/100|[from]move: U-turn
|-damage|p1a: Scrafty|63/100|[from] Stealth Rock
|-status|p1a: Scrafty|psn
|
|-heal|p2a: Lanturn|94/100|[from] item: Leftovers
|-heal|p1a: Scrafty|69/100 psn|[from] item: Leftovers
|-damage|p1a: Scrafty|56/100 psn|[from] psn
|upkeep
|turn|45
|
|t:|1654827867
|move|p2a: Lanturn|Volt Switch|p1a: Scrafty
|-damage|p1a: Scrafty|43/100 psn
|
|t:|1654827868
|switch|p2a: Scyther|Scyther, F|71/100|[from]move: Volt Switch
|move|p1a: Scrafty|Drain Punch|p2a: Scyther
|-resisted|p2a: Scyther
|-damage|p2a: Scyther|62/100
|-heal|p1a: Scrafty|47/100 psn|[from] drain|[of] p2a: Scyther
|
|-heal|p1a: Scrafty|53/100 psn|[from] item: Leftovers
|-damage|p1a: Scrafty|40/100 psn|[from] psn
|upkeep
|turn|46
|
|t:|1654827879
|switch|p1a: Gigalith|Gigalith, M|55/100
|-damage|p1a: Gigalith|43/100|[from] Stealth Rock
|-status|p1a: Gigalith|psn
|-weather|Sandstorm|[from] ability: Sand Stream|[of] p1a: Gigalith
|move|p2a: Scyther|Roost|p2a: Scyther
|-heal|p2a: Scyther|100/100
|-singleturn|p2a: Scyther|move: Roost
|
|-weather|Sandstorm|[upkeep]
|-damage|p2a: Scyther|94/100|[from] Sandstorm
|-heal|p1a: Gigalith|49/100 psn|[from] item: Leftovers
|-damage|p1a: Gigalith|37/100 psn|[from] psn
|upkeep
|turn|47
|j| sirmrwhale
|
|t:|1654827907
|switch|p2a: Eldegoss|Eldegoss, F|78/100
|move|p1a: Gigalith|Stealth Rock|p2a: Eldegoss
|-sidestart|p2: Lady Writer ❀|move: Stealth Rock
|
|-weather|Sandstorm|[upkeep]
|-damage|p2a: Eldegoss|72/100|[from] Sandstorm
|-heal|p1a: Gigalith|43/100 psn|[from] item: Leftovers
|-damage|p1a: Gigalith|31/100 psn|[from] psn
|upkeep
|turn|48
|
|t:|1654827910
|move|p2a: Eldegoss|Rapid Spin|p1a: Gigalith
|-resisted|p1a: Gigalith
|-damage|p1a: Gigalith|29/100 psn
|-boost|p2a: Eldegoss|spe|1
|-sideend|p2: Lady Writer ❀|Stealth Rock|[from] move: Rapid Spin|[of] p2a: Eldegoss
|move|p1a: Gigalith|Rock Blast|p2a: Eldegoss
|-damage|p2a: Eldegoss|62/100
|-damage|p2a: Eldegoss|52/100
|-hitcount|p2a: Eldegoss|2
|
|-weather|Sandstorm|[upkeep]
|-damage|p2a: Eldegoss|46/100|[from] Sandstorm
|-heal|p1a: Gigalith|35/100 psn|[from] item: Leftovers
|-damage|p1a: Gigalith|22/100 psn|[from] psn
|upkeep
|turn|49
|
|t:|1654827925
|move|p2a: Eldegoss|Rapid Spin|p1a: Gigalith
|-resisted|p1a: Gigalith
|-damage|p1a: Gigalith|20/100 psn
|-boost|p2a: Eldegoss|spe|1
|move|p1a: Gigalith|Stealth Rock|p2a: Eldegoss
|-sidestart|p2: Lady Writer ❀|move: Stealth Rock
|
|-weather|Sandstorm|[upkeep]
|-damage|p2a: Eldegoss|39/100|[from] Sandstorm
|-heal|p1a: Gigalith|27/100 psn|[from] item: Leftovers
|-damage|p1a: Gigalith|14/100 psn|[from] psn
|upkeep
|turn|50
|
|t:|1654827932
|move|p2a: Eldegoss|Rapid Spin|p1a: Gigalith
|-resisted|p1a: Gigalith
|-damage|p1a: Gigalith|12/100 psn
|-boost|p2a: Eldegoss|spe|1
|-sideend|p2: Lady Writer ❀|Stealth Rock|[from] move: Rapid Spin|[of] p2a: Eldegoss
|move|p1a: Gigalith|Stealth Rock|p2a: Eldegoss
|-sidestart|p2: Lady Writer ❀|move: Stealth Rock
|
|-weather|none
|-heal|p1a: Gigalith|18/100 psn|[from] item: Leftovers
|-damage|p1a: Gigalith|6/100 psn|[from] psn
|upkeep
|turn|51
|j| hatred heart xyz
|
|t:|1654827946
|move|p1a: Gigalith|Protect|p1a: Gigalith
|-singleturn|p1a: Gigalith|Protect
|move|p2a: Eldegoss|Rapid Spin|p1a: Gigalith
|-activate|p1a: Gigalith|move: Protect
|
|-heal|p1a: Gigalith|12/100 psn|[from] item: Leftovers
|-damage|p1a: Gigalith|0 fnt|[from] psn
|faint|p1a: Gigalith
|upkeep
|
|t:|1654827948
|switch|p1a: Whimsicott|Whimsicott, F|100/100
|turn|52
|
|t:|1654827950
|move|p2a: Eldegoss|Rapid Spin|p1a: Whimsicott
|-damage|p1a: Whimsicott|92/100
|-boost|p2a: Eldegoss|spe|1
|-sideend|p2: Lady Writer ❀|Stealth Rock|[from] move: Rapid Spin|[of] p2a: Eldegoss
|move|p1a: Whimsicott|Moonblast|p2a: Eldegoss
|-damage|p2a: Eldegoss|6/100
|-unboost|p2a: Eldegoss|spa|1
|
|upkeep
|turn|53
|
|t:|1654827965
|move|p2a: Eldegoss|Giga Drain|p1a: Whimsicott
|-resisted|p1a: Whimsicott
|-damage|p1a: Whimsicott|79/100
|-heal|p2a: Eldegoss|11/100|[from] drain|[of] p1a: Whimsicott
|move|p1a: Whimsicott|Moonblast|p2a: Eldegoss
|-damage|p2a: Eldegoss|0 fnt
|faint|p2a: Eldegoss
|
|upkeep
|
|t:|1654827980
|switch|p2a: Weezing|Weezing, F|45/100
|-ability|p2a: Weezing|Neutralizing Gas
|turn|54
|
|t:|1654827982
|move|p1a: Whimsicott|U-turn|p2a: Weezing
|-resisted|p2a: Weezing
|-damage|p2a: Weezing|41/100
|
|t:|1654827984
|switch|p1a: Scrafty|Scrafty, M|40/100 psn|[from]move: U-turn
|-damage|p1a: Scrafty|34/100 psn|[from] Stealth Rock
|move|p2a: Weezing|Sludge Bomb|p1a: Scrafty
|-damage|p1a: Scrafty|17/100 psn
|
|-heal|p1a: Scrafty|23/100 psn|[from] item: Leftovers
|-damage|p1a: Scrafty|11/100 psn|[from] psn
|upkeep
|turn|55
|
|t:|1654827987
|-end|p2a: Weezing|ability: Neutralizing Gas
|switch|p2a: Scyther|Scyther, F|94/100
|move|p1a: Scrafty|Rest|p1a: Scrafty
|-status|p1a: Scrafty|slp|[from] move: Rest
|-heal|p1a: Scrafty|100/100 slp|[silent]
|
|upkeep
|turn|56
|
|t:|1654827992
|switch|p1a: Sandslash|Sandslash, M|53/100
|-damage|p1a: Sandslash|47/100|[from] Stealth Rock
|-status|p1a: Sandslash|psn
|-enditem|p1a: Sandslash|Lum Berry|[eat]
|-curestatus|p1a: Sandslash|psn|[msg]
|move|p2a: Scyther|Dual Wingbeat|p1a: Sandslash
|-damage|p1a: Sandslash|15/100
|-damage|p1a: Sandslash|0 fnt
|faint|p1a: Sandslash
|-hitcount|p1: Sandslash|2
|
|upkeep
|
|t:|1654827993
|switch|p1a: Whimsicott|Whimsicott, F|79/100
|turn|57
|
|t:|1654827997
|move|p1a: Whimsicott|Moonblast|p2a: Scyther
|-damage|p2a: Scyther|39/100
|move|p2a: Scyther|Dual Wingbeat|p1a: Whimsicott
|-supereffective|p1a: Whimsicott
|-damage|p1a: Whimsicott|0 fnt
|faint|p1a: Whimsicott
|-hitcount|p1: Whimsicott|1
|
|upkeep
|
|t:|1654827998
|switch|p1a: Scrafty|Scrafty, M|100/100 slp
|-damage|p1a: Scrafty|95/100 slp|[from] Stealth Rock
|turn|58
|
|t:|1654828000
|move|p2a: Scyther|Dual Wingbeat|p1a: Scrafty
|-supereffective|p1a: Scrafty
|-damage|p1a: Scrafty|39/100 slp
|-supereffective|p1a: Scrafty
|-damage|p1a: Scrafty|0 fnt
|faint|p1a: Scrafty
|-hitcount|p1: Scrafty|2
|
|win|Lady Writer ❀
|c|☆Lady Writer ❀|gg
|c|☆pattek|gg
|l|☆pattek
|l| PrinceOfAllTacos
|l| Sakura❅Swirl
