|raw|<div class="broadcast-blue"><strong>This battle is required to be public due to a player having a name starting with 'pult4c1'.</div>
|j|☆PULT4C1 Redemption
|j|☆jediment
|t:|1660942659
|gametype|singles
|player|p1|PULT4C1 Redemption|#redemption|1245
|player|p2|jediment|whitney-gen2|1281
|teamsize|p1|6
|teamsize|p2|6
|gen|8
|tier|[Gen 8] PU
|rated|
|rule|Sleep Clause Mod: Limit one foe put to sleep
|rule|Species Clause: Limit one of each Pokémon
|rule|OHKO Clause: OHKO moves are banned
|rule|Evasion Items Clause: Evasion items are banned
|rule|Evasion Moves Clause: Evasion moves are banned
|rule|Endless Battle Clause: Forcing endless battles is banned
|rule|HP Percentage Mod: HP is shown in percentages
|rule|Dynamax Clause: You cannot dynamax
|clearpoke
|poke|p1|Archeops, M|
|poke|p1|Rapidash-Galar, F|
|poke|p1|Frosmoth, M|
|poke|p1|Doublade, M|
|poke|p1|Lycanroc, F|
|poke|p1|Charizard, F|
|poke|p2|Wishiwashi, M|
|poke|p2|Magneton|
|poke|p2|Silvally-*|
|poke|p2|Gigalith, F|
|poke|p2|Ribombee, F|
|poke|p2|Rotom-Fan|
|teampreview
|j| PULT4C1 Carmin
|inactive|Battle timer is ON: inactive players will automatically lose when time's up. (requested by jediment)
|
|t:|1660942670
|start
|switch|p1a: Archeops|Archeops, M|100/100
|switch|p2a: Gigalith|Gigalith, F|100/100
|-weather|Sandstorm|[from] ability: Sand Stream|[of] p2a: Gigalith
|turn|1
|inactive|PULT4C1 Redemption has 120 seconds left.
|
|t:|1660942703
|move|p1a: Archeops|Taunt|p2a: Gigalith
|-start|p2a: Gigalith|move: Taunt
|move|p2a: Gigalith|Rock Blast|p1a: Archeops
|-supereffective|p1a: Archeops
|-damage|p1a: Archeops|65/100
|-supereffective|p1a: Archeops
|-damage|p1a: Archeops|26/100
|-hitcount|p1a: Archeops|2
|
|-weather|Sandstorm|[upkeep]
|upkeep
|turn|2
|
|t:|1660942713
|move|p1a: Archeops|Stealth Rock|p2a: Gigalith
|-sidestart|p2: jediment|move: Stealth Rock
|move|p2a: Gigalith|Rock Blast|p1a: Archeops
|-supereffective|p1a: Archeops
|-damage|p1a: Archeops|0 fnt
|faint|p1a: Archeops
|-hitcount|p1: Archeops|1
|
|-weather|Sandstorm|[upkeep]
|upkeep
|j| Maractus Official
|inactive|PULT4C1 Redemption has 120 seconds left.
|l| Maractus Official
|inactive|PULT4C1 Redemption has 90 seconds left.
|
|t:|1660942773
|switch|p1a: Doublade|Doublade, M|100/100
|turn|3
|
|t:|1660942782
|switch|p2a: Wishiwashi|Wishiwashi, M|100/100
|-damage|p2a: Wishiwashi|88/100|[from] Stealth Rock
|-formechange|p2a: Wishiwashi|Wishiwashi-School||[from] ability: Schooling
|move|p1a: Doublade|Swords Dance|p1a: Doublade
|-boost|p1a: Doublade|atk|2
|
|-weather|Sandstorm|[upkeep]
|-damage|p2a: Wishiwashi|82/100|[from] Sandstorm
|-heal|p2a: Wishiwashi|88/100|[from] item: Leftovers
|upkeep
|turn|4
|inactive|PULT4C1 Redemption has 90 seconds left.
|
|t:|1660942790
|move|p1a: Doublade|Swords Dance|p1a: Doublade
|-boost|p1a: Doublade|atk|2
|move|p2a: Wishiwashi|Scald|p1a: Doublade
|-damage|p1a: Doublade|51/100
|
|-weather|Sandstorm|[upkeep]
|-damage|p2a: Wishiwashi|82/100|[from] Sandstorm
|-heal|p2a: Wishiwashi|88/100|[from] item: Leftovers
|upkeep
|turn|5
|
|t:|1660942794
|move|p1a: Doublade|Close Combat|p2a: Wishiwashi
|-damage|p2a: Wishiwashi|9/100
|-unboost|p1a: Doublade|def|1
|-unboost|p1a: Doublade|spd|1
|move|p2a: Wishiwashi|Scald|p1a: Doublade
|-damage|p1a: Doublade|0 fnt
|faint|p1a: Doublade
|
|-weather|none
|-heal|p2a: Wishiwashi|15/100|[from] item: Leftovers
|-formechange|p2a: Wishiwashi|Wishiwashi||[from] ability: Schooling
|upkeep
|
|t:|1660942805
|switch|p1a: Charizard|Charizard, F|100/100
|turn|6
|inactive|PULT4C1 Redemption has 90 seconds left.
|
|t:|1660942825
|move|p1a: Charizard|Substitute|p1a: Charizard
|-start|p1a: Charizard|Substitute
|-damage|p1a: Charizard|76/100
|move|p2a: Wishiwashi|Rest|p2a: Wishiwashi
|-status|p2a: Wishiwashi|slp|[from] move: Rest
|-heal|p2a: Wishiwashi|100/100 slp|[silent]
|
|-formechange|p2a: Wishiwashi|Wishiwashi-School||[from] ability: Schooling
|upkeep
|turn|7
|
|t:|1660942829
|move|p1a: Charizard|Belly Drum|p1a: Charizard
|-damage|p1a: Charizard|26/100
|-setboost|p1a: Charizard|atk|6|[from] move: Belly Drum
|cant|p2a: Wishiwashi|slp
|move|p2a: Wishiwashi|Sleep Talk|p2a: Wishiwashi
|move|p2a: Wishiwashi|U-turn|p1a: Charizard|[from]move: Sleep Talk
|-resisted|p1a: Charizard
|-activate|p1a: Charizard|move: Substitute|[damage]
|
|t:|1660942838
|switch|p2a: Gigalith|Gigalith, F|100/100|[from]move: U-turn
|-damage|p2a: Gigalith|88/100|[from] Stealth Rock
|-weather|Sandstorm|[from] ability: Sand Stream|[of] p2a: Gigalith
|
|-weather|Sandstorm|[upkeep]
|-damage|p1a: Charizard|20/100|[from] Sandstorm
|-enditem|p1a: Charizard|Salac Berry|[eat]
|-boost|p1a: Charizard|spe|1|[from] item: Salac Berry
|-heal|p2a: Gigalith|94/100|[from] item: Leftovers
|upkeep
|turn|8
|j| Hoshibi
|
|t:|1660942857
|move|p2a: Gigalith|Protect|p2a: Gigalith
|-singleturn|p2a: Gigalith|Protect
|move|p1a: Charizard|Earthquake|p2a: Gigalith
|-activate|p2a: Gigalith|move: Protect
|
|-weather|Sandstorm|[upkeep]
|-damage|p1a: Charizard|14/100|[from] Sandstorm
|-heal|p2a: Gigalith|100/100|[from] item: Leftovers
|upkeep
|turn|9
|
|t:|1660942866
|switch|p2a: Rotom|Rotom-Fan|100/100
|move|p1a: Charizard|Earthquake|p2a: Rotom
|-immune|p2a: Rotom
|
|-weather|Sandstorm|[upkeep]
|-damage|p1a: Charizard|8/100|[from] Sandstorm
|-damage|p2a: Rotom|95/100|[from] Sandstorm
|upkeep
|turn|10
|
|t:|1660942875
|move|p1a: Charizard|Flame Charge|p2a: Rotom
|-damage|p2a: Rotom|0 fnt
|-boost|p1a: Charizard|spe|1
|faint|p2a: Rotom
|
|-weather|Sandstorm|[upkeep]
|-damage|p1a: Charizard|2/100|[from] Sandstorm
|upkeep
|
|t:|1660942882
|switch|p2a: Gigalith|Gigalith, F|100/100
|-damage|p2a: Gigalith|88/100|[from] Stealth Rock
|turn|11
|
|t:|1660942889
|move|p2a: Gigalith|Protect|p2a: Gigalith
|-singleturn|p2a: Gigalith|Protect
|move|p1a: Charizard|Earthquake|p2a: Gigalith
|-activate|p2a: Gigalith|move: Protect
|
|-weather|none
|-heal|p2a: Gigalith|94/100|[from] item: Leftovers
|upkeep
|turn|12
|
|t:|1660942898
|switch|p2a: Ribombee|Ribombee, F|100/100
|move|p1a: Charizard|Earthquake|p2a: Ribombee
|-resisted|p2a: Ribombee
|-damage|p2a: Ribombee|22/100
|
|upkeep
|turn|13
|
|t:|1660942905
|move|p1a: Charizard|Earthquake|p2a: Ribombee
|-resisted|p2a: Ribombee
|-damage|p2a: Ribombee|0 fnt
|faint|p2a: Ribombee
|
|upkeep
|
|t:|1660942908
|switch|p2a: Gigalith|Gigalith, F|94/100
|-damage|p2a: Gigalith|82/100|[from] Stealth Rock
|-weather|Sandstorm|[from] ability: Sand Stream|[of] p2a: Gigalith
|turn|14
|
|t:|1660942926
|switch|p1a: Lycanroc|Lycanroc, F|100/100
|move|p2a: Gigalith|Protect||[still]
|-fail|p2a: Gigalith
|
|-weather|Sandstorm|[upkeep]
|-heal|p2a: Gigalith|88/100|[from] item: Leftovers
|upkeep
|turn|15
|
|t:|1660942933
|move|p1a: Lycanroc|Close Combat|p2a: Gigalith
|-supereffective|p2a: Gigalith
|-damage|p2a: Gigalith|9/100
|-unboost|p1a: Lycanroc|def|1
|-unboost|p1a: Lycanroc|spd|1
|-damage|p1a: Lycanroc|91/100|[from] item: Life Orb
|move|p2a: Gigalith|Earthquake|p1a: Lycanroc
|-supereffective|p1a: Lycanroc
|-damage|p1a: Lycanroc|0 fnt
|faint|p1a: Lycanroc
|
|-weather|Sandstorm|[upkeep]
|-heal|p2a: Gigalith|15/100|[from] item: Leftovers
|upkeep
|
|t:|1660942942
|switch|p1a: Rapidash|Rapidash-Galar, F|100/100
|turn|16
|
|t:|1660942951
|switch|p2a: Silvally|Silvally-Grass|100/100
|-damage|p2a: Silvally|88/100|[from] Stealth Rock
|move|p1a: Rapidash|High Horsepower|p2a: Silvally
|-resisted|p2a: Silvally
|-damage|p2a: Silvally|68/100
|-damage|p1a: Rapidash|91/100|[from] item: Life Orb
|
|-weather|Sandstorm|[upkeep]
|-damage|p1a: Rapidash|85/100|[from] Sandstorm
|-damage|p2a: Silvally|62/100|[from] Sandstorm
|upkeep
|turn|17
|
|t:|1660942963
|move|p1a: Rapidash|Play Rough|p2a: Silvally
|-damage|p2a: Silvally|6/100
|-damage|p1a: Rapidash|75/100|[from] item: Life Orb
|move|p2a: Silvally|Flame Charge|p1a: Rapidash
|-damage|p1a: Rapidash|52/100
|-boost|p2a: Silvally|spe|1
|
|-weather|Sandstorm|[upkeep]
|-damage|p2a: Silvally|0 fnt|[from] Sandstorm
|-damage|p1a: Rapidash|46/100|[from] Sandstorm
|faint|p2a: Silvally
|upkeep
|
|t:|1660942974
|switch|p2a: Wishiwashi|Wishiwashi, M|100/100 slp
|-damage|p2a: Wishiwashi|88/100 slp|[from] Stealth Rock
|-formechange|p2a: Wishiwashi|Wishiwashi-School||[from] ability: Schooling
|turn|18
|
|t:|1660942984
|move|p1a: Rapidash|Play Rough|p2a: Wishiwashi
|-damage|p2a: Wishiwashi|54/100 slp
|-damage|p1a: Rapidash|36/100|[from] item: Life Orb
|cant|p2a: Wishiwashi|slp
|move|p2a: Wishiwashi|Sleep Talk|p2a: Wishiwashi
|move|p2a: Wishiwashi|Rest||[from]move: Sleep Talk|[still]
|-fail|p2a: Wishiwashi
|
|-weather|none
|-heal|p2a: Wishiwashi|60/100 slp|[from] item: Leftovers
|upkeep
|turn|19
|
|t:|1660942996
|move|p1a: Rapidash|Swords Dance|p1a: Rapidash
|-boost|p1a: Rapidash|atk|2
|-curestatus|p2a: Wishiwashi|slp|[msg]
|move|p2a: Wishiwashi|Rest|p2a: Wishiwashi
|-status|p2a: Wishiwashi|slp|[from] move: Rest
|-heal|p2a: Wishiwashi|100/100 slp|[silent]
|
|upkeep
|turn|20
|
|t:|1660943001
|move|p1a: Rapidash|Zen Headbutt|p2a: Wishiwashi
|-damage|p2a: Wishiwashi|42/100 slp
|-damage|p1a: Rapidash|26/100|[from] item: Life Orb
|cant|p2a: Wishiwashi|slp
|move|p2a: Wishiwashi|Sleep Talk|p2a: Wishiwashi
|move|p2a: Wishiwashi|U-turn|p1a: Rapidash|[from]move: Sleep Talk
|-damage|p1a: Rapidash|0 fnt
|faint|p1a: Rapidash
|
|t:|1660943012
|switch|p2a: Gigalith|Gigalith, F|15/100|[from]move: U-turn
|-damage|p2a: Gigalith|3/100|[from] Stealth Rock
|-weather|Sandstorm|[from] ability: Sand Stream|[of] p2a: Gigalith
|
|-weather|Sandstorm|[upkeep]
|-heal|p2a: Gigalith|9/100|[from] item: Leftovers
|upkeep
|
|t:|1660943019
|switch|p1a: Frosmoth|Frosmoth, M|100/100
|turn|21
|
|t:|1660943023
|move|p1a: Frosmoth|Giga Drain|p2a: Gigalith
|-supereffective|p2a: Gigalith
|-damage|p2a: Gigalith|0 fnt
|faint|p2a: Gigalith
|
|-weather|Sandstorm|[upkeep]
|-damage|p1a: Frosmoth|94/100|[from] Sandstorm
|upkeep
|
|t:|1660943029
|switch|p2a: Magneton|Magneton|100/100
|-damage|p2a: Magneton|94/100|[from] Stealth Rock
|turn|22
|
|t:|1660943040
|move|p2a: Magneton|Flash Cannon|p1a: Frosmoth
|-supereffective|p1a: Frosmoth
|-damage|p1a: Frosmoth|45/100
|move|p1a: Frosmoth|Quiver Dance|p1a: Frosmoth
|-boost|p1a: Frosmoth|spa|1
|-boost|p1a: Frosmoth|spd|1
|-boost|p1a: Frosmoth|spe|1
|
|-weather|Sandstorm|[upkeep]
|-damage|p1a: Frosmoth|39/100|[from] Sandstorm
|upkeep
|turn|23
|j| Maractus Official
|l| Maractus Official
|
|t:|1660943068
|move|p1a: Frosmoth|Giga Drain|p2a: Magneton
|-resisted|p2a: Magneton
|-damage|p2a: Magneton|69/100
|-heal|p1a: Frosmoth|50/100|[from] drain|[of] p2a: Magneton
|move|p2a: Magneton|Flash Cannon|p1a: Frosmoth
|-supereffective|p1a: Frosmoth
|-damage|p1a: Frosmoth|5/100
|-unboost|p1a: Frosmoth|spd|1
|
|-weather|Sandstorm|[upkeep]
|-damage|p1a: Frosmoth|0 fnt|[from] Sandstorm
|faint|p1a: Frosmoth
|upkeep
|
|t:|1660943075
|switch|p1a: Charizard|Charizard, F|2/100
|turn|24
|
|t:|1660943081
|move|p1a: Charizard|Earthquake|p2a: Magneton
|-supereffective|p2a: Magneton
|-damage|p2a: Magneton|0 fnt
|faint|p2a: Magneton
|
|-weather|none
|upkeep
|
|t:|1660943083
|switch|p2a: Wishiwashi|Wishiwashi, M|42/100 slp
|-damage|p2a: Wishiwashi|30/100 slp|[from] Stealth Rock
|-formechange|p2a: Wishiwashi|Wishiwashi-School||[from] ability: Schooling
|turn|25
|
|t:|1660943086
|move|p1a: Charizard|Earthquake|p2a: Wishiwashi
|-damage|p2a: Wishiwashi|11/100 slp
|cant|p2a: Wishiwashi|slp
|move|p2a: Wishiwashi|Sleep Talk|p2a: Wishiwashi
|move|p2a: Wishiwashi|Rest||[from]move: Sleep Talk|[still]
|-fail|p2a: Wishiwashi
|
|-heal|p2a: Wishiwashi|18/100 slp|[from] item: Leftovers
|-formechange|p2a: Wishiwashi|Wishiwashi||[from] ability: Schooling
|upkeep
|turn|26
|
|t:|1660943093
|move|p1a: Charizard|Earthquake|p2a: Wishiwashi
|-damage|p2a: Wishiwashi|0 fnt
|faint|p2a: Wishiwashi
|
|win|PULT4C1 Redemption
|raw|PULT4C1 Redemption's rating: 1245 &rarr; <strong>1273</strong><br />(+28 for winning)
|raw|jediment's rating: 1281 &rarr; <strong>1253</strong><br />(-28 for losing)
|c|☆jediment|gg
|l| PULT4C1 Carmin
|c|☆jediment|heartbreaking sleep talk
|l|☆PULT4C1 Redemption
||Ladder isn't responding, score probably updated but might not have (Request timeout).
