|j|☆07l中国大妈
|j|☆xernn ♡
|player|p1|07l中国大妈|102|1368
|player|p2|xernn ♡|cynthia|1117
|teamsize|p1|6
|teamsize|p2|6
|gametype|singles
|gen|8
|tier|[Gen 8] PU
|rated|
|clearpoke
|poke|p1|Hitmontop, M|
|poke|p1|Trevenant, F|
|poke|p1|Solrock|
|poke|p1|Gothitelle, F|
|poke|p1|Roselia, F|
|poke|p1|Whiscash, M|
|poke|p2|Shelmet, F|
|poke|p2|Mr. Rime, M|
|poke|p2|Mareanie, F|
|poke|p2|Leafeon, F|
|poke|p2|Palpitoad, M|
|poke|p2|Zweilous, M|
|rule|Sleep Clause Mod: Limit one foe put to sleep
|rule|Species Clause: Limit one of each Pokémon
|rule|OHKO Clause: OHKO moves are banned
|rule|Evasion Moves Clause: Evasion moves are banned
|rule|Endless Battle Clause: Forcing endless battles is banned
|rule|HP Percentage Mod: HP is shown in percentages
|rule|Dynamax Clause: You cannot dynamax
|teampreview
|inactive|Battle timer is ON: inactive players will automatically lose when time's up. (requested by xernn ♡)
|j| Carkoal Basculin
|inactive|xernn ♡ has 120 seconds left.
|c|☆xernn ♡|glhf
|inactive|xernn ♡ has 90 seconds left.
|
|start
|switch|p1a: Roselia|Roselia, F|100/100
|switch|p2a: Shelmet|Shelmet, F|100/100
|turn|1
|l|☆xernn ♡
|inactive|xernn ♡ disconnected and has a minute to reconnect!
|player|p2|
|j|☆xernn ♡
|inactive|xernn ♡ reconnected and has 135 seconds left.
|player|p2|xernn ♡|cynthia
|
|move|p1a: Roselia|Sleep Powder|p2a: Shelmet
|-status|p2a: Shelmet|slp|[from] move: Sleep Powder
|cant|p2a: Shelmet|slp
|
|upkeep
|turn|2
|inactive|xernn ♡ has 120 seconds left.
|
|switch|p2a: Mr. Rime|Mr. Rime, M|100/100
|move|p1a: Roselia|Spikes|p2a: Mr. Rime
|-sidestart|p2: xernn ♡|Spikes
|
|upkeep
|turn|3
|
|move|p1a: Roselia|Sludge Bomb|p2a: Mr. Rime
|-damage|p2a: Mr. Rime|73/100
|-status|p2a: Mr. Rime|psn
|move|p2a: Mr. Rime|Freeze-Dry|p1a: Roselia
|-supereffective|p1a: Roselia
|-damage|p1a: Roselia|47/100
|
|-damage|p2a: Mr. Rime|61/100 psn|[from] psn
|upkeep
|turn|4
|
|switch|p1a: Trevenant|Trevenant, F|100/100
|move|p2a: Mr. Rime|Rapid Spin|p1a: Trevenant
|-immune|p1a: Trevenant
|
|-damage|p2a: Mr. Rime|48/100 psn|[from] psn
|upkeep
|turn|5
|
|switch|p2a: Zweilous|Zweilous, M|100/100
|-damage|p2a: Zweilous|88/100|[from] Spikes
|move|p1a: Trevenant|Leech Seed|p2a: Zweilous
|-start|p2a: Zweilous|move: Leech Seed
|
|-damage|p2a: Zweilous|76/100|[from] Leech Seed|[of] p1a: Trevenant
|upkeep
|turn|6
|
|switch|p1a: Solrock|Solrock|100/100
|move|p2a: Zweilous|Dark Pulse|p1a: Solrock
|-supereffective|p1a: Solrock
|-damage|p1a: Solrock|31/100
|
|-heal|p1a: Solrock|37/100|[from] item: Leftovers
|-damage|p2a: Zweilous|64/100|[from] Leech Seed|[of] p1a: Solrock
|-heal|p1a: Solrock|47/100|[silent]
|upkeep
|turn|7
|
|switch|p1a: Hitmontop|Hitmontop, M|100/100
|move|p2a: Zweilous|Dark Pulse|p1a: Hitmontop
|-resisted|p1a: Hitmontop
|-damage|p1a: Hitmontop|87/100
|
|-heal|p1a: Hitmontop|93/100|[from] item: Leftovers
|-damage|p2a: Zweilous|51/100|[from] Leech Seed|[of] p1a: Hitmontop
|-heal|p1a: Hitmontop|100/100|[silent]
|upkeep
|turn|8
|
|switch|p2a: Mareanie|Mareanie, F|100/100
|-damage|p2a: Mareanie|88/100|[from] Spikes
|move|p1a: Hitmontop|Fake Out|p2a: Mareanie
|-damage|p2a: Mareanie|69/100
|
|upkeep
|turn|9
|
|switch|p1a: Roselia|Roselia, F|47/100
|move|p2a: Mareanie|Toxic Spikes|p1a: Roselia
|-sidestart|p1: 07l中国大妈|move: Toxic Spikes
|
|upkeep
|turn|10
|
|move|p1a: Roselia|Spikes|p2a: Mareanie
|-sidestart|p2: xernn ♡|Spikes
|move|p2a: Mareanie|Toxic Spikes|p1a: Roselia
|-sidestart|p1: 07l中国大妈|move: Toxic Spikes
|
|upkeep
|turn|11
|
|switch|p2a: Mr. Rime|Mr. Rime, M|48/100 psn
|move|p1a: Roselia|Spikes|p2a: Mr. Rime
|-sidestart|p2: xernn ♡|Spikes
|
|-damage|p2a: Mr. Rime|36/100 psn|[from] psn
|upkeep
|turn|12
|
|switch|p1a: Trevenant|Trevenant, F|100/100
|-status|p1a: Trevenant|tox
|-enditem|p1a: Trevenant|Lum Berry|[eat]
|-curestatus|p1a: Trevenant|tox|[msg]
|move|p2a: Mr. Rime|Slack Off|p2a: Mr. Rime
|-heal|p2a: Mr. Rime|86/100 psn
|
|-damage|p2a: Mr. Rime|74/100 psn|[from] psn
|upkeep
|turn|13
|
|move|p2a: Mr. Rime|Freeze-Dry|p1a: Trevenant
|-supereffective|p1a: Trevenant
|-damage|p1a: Trevenant|59/100
|move|p1a: Trevenant|Leech Seed|p2a: Mr. Rime
|-start|p2a: Mr. Rime|move: Leech Seed
|
|-damage|p2a: Mr. Rime|61/100 psn|[from] Leech Seed|[of] p1a: Trevenant
|-heal|p1a: Trevenant|71/100|[silent]
|-damage|p2a: Mr. Rime|49/100 psn|[from] psn
|upkeep
|turn|14
|
|switch|p2a: Leafeon|Leafeon, F|100/100
|-damage|p2a: Leafeon|76/100|[from] Spikes
|move|p1a: Trevenant|Phantom Force||[still]
|-prepare|p1a: Trevenant|Phantom Force|p2a: Leafeon
|
|-heal|p2a: Leafeon|82/100|[from] item: Leftovers
|upkeep
|turn|15
|
|move|p2a: Leafeon|Swords Dance|p2a: Leafeon
|-boost|p2a: Leafeon|atk|2
|move|p1a: Trevenant|Phantom Force|p2a: Leafeon|[from]lockedmove
|-damage|p2a: Leafeon|51/100
|
|-heal|p2a: Leafeon|57/100|[from] item: Leftovers
|upkeep
|turn|16
|
|switch|p1a: Roselia|Roselia, F|47/100
|-sideend|p1: 07l中国大妈|move: Toxic Spikes|[of] p1a: Roselia
|move|p2a: Leafeon|Knock Off|p1a: Roselia
|-damage|p1a: Roselia|0 fnt
|-enditem|p1a: Roselia|Eviolite|[from] move: Knock Off|[of] p2a: Leafeon
|faint|p1a: Roselia
|
|-heal|p2a: Leafeon|62/100|[from] item: Leftovers
|upkeep
|
|switch|p1a: Hitmontop|Hitmontop, M|100/100
|turn|17
|
|move|p1a: Hitmontop|Fake Out|p2a: Leafeon
|-damage|p2a: Leafeon|44/100
|cant|p2a: Leafeon|flinch
|
|-heal|p2a: Leafeon|50/100|[from] item: Leftovers
|upkeep
|turn|18
|
|switch|p1a: Trevenant|Trevenant, F|71/100
|move|p2a: Leafeon|Synthesis|p2a: Leafeon
|-heal|p2a: Leafeon|99/100
|
|-heal|p2a: Leafeon|100/100|[from] item: Leftovers
|upkeep
|turn|19
|
|move|p2a: Leafeon|Knock Off|p1a: Trevenant
|-supereffective|p1a: Trevenant
|-damage|p1a: Trevenant|0 fnt
|faint|p1a: Trevenant
|
|upkeep
|-message|07l中国大妈 forfeited.
|
|win|xernn ♡
|l|☆07l中国大妈
