|html|<div class="broadcast-blue"><strong>[Gen 8] PU is currently suspecting Virizion! For information on how to participate check out the <a href="https://www.smogon.com/forums/threads/np-pu-stage-4-and-justice-for-all-virizion-suspect-test.3676543/">suspect thread</a>.</strong></div>
|j|☆Breakfastbiscuit
|j|☆Combaetilics
|t:|1612100513
|player|p1|Breakfastbiscuit|hexmaniac-gen3|1298
|player|p2|Combaetilics|203|1473
|teamsize|p1|6
|teamsize|p2|6
|gametype|singles
|gen|8
|tier|[Gen 8] PU
|rated|
|clearpoke
|poke|p1|Dugtrio-Alola, F|
|poke|p1|Skuntank, F|
|poke|p1|Carracosta, F|
|poke|p1|Lanturn, M|
|poke|p1|Persian-Alola, M|
|poke|p1|Rotom|
|poke|p2|Hitmonlee, M|
|poke|p2|Absol, F|
|poke|p2|Weezing, M|
|poke|p2|Claydol|
|poke|p2|Heliolisk, F|
|poke|p2|Scyther, M|
|rule|Sleep Clause Mod: Limit one foe put to sleep
|rule|Species Clause: Limit one of each Pokémon
|rule|OHKO Clause: OHKO moves are banned
|rule|Evasion Moves Clause: Evasion moves are banned
|rule|Endless Battle Clause: Forcing endless battles is banned
|rule|HP Percentage Mod: HP is shown in percentages
|rule|Dynamax Clause: You cannot dynamax
|teampreview
|
|t:|1612100536
|start
|switch|p1a: Carracosta|Carracosta, F|100/100
|switch|p2a: Weezing|Weezing, M|100/100
|-ability|p2a: Weezing|Neutralizing Gas
|turn|1
|
|t:|1612100549
|switch|p1a: Rotom|Rotom|100/100
|move|p2a: Weezing|Will-O-Wisp|p1a: Rotom
|-status|p1a: Rotom|brn
|
|-damage|p1a: Rotom|94/100 brn|[from] brn
|upkeep
|turn|2
|inactive|Battle timer is ON: inactive players will automatically lose when time's up. (requested by Combaetilics)
|
|t:|1612100557
|switch|p1a: Beyond Codlike|Lanturn, M|100/100
|move|p2a: Weezing|Toxic Spikes|p1a: Beyond Codlike
|-sidestart|p1: Breakfastbiscuit|move: Toxic Spikes
|
|upkeep
|turn|3
|
|t:|1612100563
|-end|p2a: Weezing|ability: Neutralizing Gas
|switch|p2a: Heliolisk|Heliolisk, F|100/100
|move|p1a: Beyond Codlike|Volt Switch|p2a: Heliolisk
|-resisted|p2a: Heliolisk
|-damage|p2a: Heliolisk|88/100
|
|t:|1612100568
|switch|p1a: Skuntank|Skuntank, F|100/100|[from]move: Volt Switch
|-sideend|p1: Breakfastbiscuit|move: Toxic Spikes|[of] p1a: Skuntank
|
|upkeep
|turn|4
|
|t:|1612100571
|switch|p1a: Beyond Codlike|Lanturn, M|100/100
|move|p2a: Heliolisk|Volt Switch|p1a: Beyond Codlike
|-immune|p1a: Beyond Codlike|[from] ability: Volt Absorb
|
|upkeep
|turn|5
|
|t:|1612100578
|switch|p2a: Claydol|Claydol|100/100
|move|p1a: Beyond Codlike|Scald|p2a: Claydol
|-supereffective|p2a: Claydol
|-damage|p2a: Claydol|68/100
|
|-heal|p2a: Claydol|75/100|[from] item: Leftovers
|upkeep
|turn|6
|
|t:|1612100582
|move|p2a: Claydol|Stealth Rock|p1a: Beyond Codlike
|-sidestart|p1: Breakfastbiscuit|move: Stealth Rock
|move|p1a: Beyond Codlike|Heal Bell|p1a: Beyond Codlike
|-activate|p1a: Beyond Codlike|move: Heal Bell
|-curestatus|p1: Rotom|brn|[msg]
|
|-heal|p2a: Claydol|81/100|[from] item: Leftovers
|upkeep
|turn|7
|
|t:|1612100587
|move|p2a: Claydol|Earth Power|p1a: Beyond Codlike
|-supereffective|p1a: Beyond Codlike
|-crit|p1a: Beyond Codlike
|-damage|p1a: Beyond Codlike|40/100
|move|p1a: Beyond Codlike|Volt Switch|p2a: Claydol
|-immune|p2a: Claydol
|
|-heal|p2a: Claydol|87/100|[from] item: Leftovers
|-heal|p1a: Beyond Codlike|46/100|[from] item: Leftovers
|upkeep
|turn|8
|
|t:|1612100596
|switch|p1a: Rotom|Rotom|94/100
|move|p2a: Claydol|Psyshock|p1a: Rotom
|-crit|p1a: Rotom
|-damage|p1a: Rotom|32/100
|
|-heal|p2a: Claydol|93/100|[from] item: Leftovers
|upkeep
|turn|9
|inactive|Combaetilics has 120 seconds left.
|
|t:|1612100634
|switch|p1a: Dugtrio|Dugtrio-Alola, F|100/100
|-damage|p1a: Dugtrio|98/100|[from] Stealth Rock
|move|p2a: Claydol|Psyshock|p1a: Dugtrio
|-resisted|p1a: Dugtrio
|-damage|p1a: Dugtrio|66/100
|
|-heal|p2a: Claydol|99/100|[from] item: Leftovers
|upkeep
|turn|10
|inactive|Combaetilics has 120 seconds left.
|
|t:|1612100645
|switch|p1a: Rotom|Rotom|32/100
|move|p2a: Claydol|Earth Power|p1a: Rotom
|-immune|p1a: Rotom|[from] ability: Levitate
|
|-heal|p2a: Claydol|100/100|[from] item: Leftovers
|upkeep
|turn|11
|
|t:|1612100649
|move|p1a: Rotom|Shadow Ball|p2a: Claydol
|-supereffective|p2a: Claydol
|-damage|p2a: Claydol|47/100
|-unboost|p2a: Claydol|spd|1
|move|p2a: Claydol|Psyshock|p1a: Rotom
|-damage|p1a: Rotom|0 fnt
|faint|p1a: Rotom
|
|-heal|p2a: Claydol|53/100|[from] item: Leftovers
|upkeep
|
|t:|1612100654
|switch|p1a: Skuntank|Skuntank, F|100/100
|-damage|p1a: Skuntank|88/100|[from] Stealth Rock
|turn|12
|inactive|Combaetilics has 120 seconds left.
|inactive|Combaetilics has 90 seconds left.
|inactive|Combaetilics has 60 seconds left.
|inactive|Combaetilics has 30 seconds left.
|
|t:|1612100774
|switch|p2a: Weezing|Weezing, M|100/100
|-ability|p2a: Weezing|Neutralizing Gas
|move|p1a: Skuntank|Crunch|p2a: Weezing
|-damage|p2a: Weezing|76/100
|-damage|p1a: Skuntank|72/100|[from] item: Rocky Helmet|[of] p2a: Weezing
|
|-heal|p1a: Skuntank|78/100|[from] item: Black Sludge
|upkeep
|turn|13
|
|t:|1612100782
|move|p1a: Skuntank|Defog|p2a: Weezing
|-unboost|p2a: Weezing|evasion|1
|-sideend|p1: Breakfastbiscuit|Stealth Rock|[from] move: Defog|[of] p1a: Skuntank
|move|p2a: Weezing|Toxic Spikes|p1a: Skuntank
|-sidestart|p1: Breakfastbiscuit|move: Toxic Spikes
|
|-heal|p1a: Skuntank|84/100|[from] item: Black Sludge
|upkeep
|turn|14
|
|t:|1612100789
|switch|p1a: Persian|Persian-Alola, M|100/100
|-status|p1a: Persian|psn
|move|p2a: Weezing|Will-O-Wisp|p1a: Persian|[miss]
|-miss|p2a: Weezing|p1a: Persian
|
|-damage|p1a: Persian|88/100 psn|[from] psn
|upkeep
|turn|15
|
|t:|1612100800
|move|p1a: Persian|Knock Off|p2a: Weezing
|-damage|p2a: Weezing|60/100
|-damage|p1a: Persian|71/100 psn|[from] item: Rocky Helmet|[of] p2a: Weezing
|-enditem|p2a: Weezing|Rocky Helmet|[from] move: Knock Off|[of] p1a: Persian
|move|p2a: Weezing|Sludge Bomb|p1a: Persian
|-damage|p1a: Persian|32/100 psn
|
|-heal|p1a: Persian|38/100 psn|[from] item: Leftovers
|-damage|p1a: Persian|26/100 psn|[from] psn
|upkeep
|turn|16
|
|t:|1612100804
|move|p1a: Persian|Taunt|p2a: Weezing
|-start|p2a: Weezing|move: Taunt
|move|p2a: Weezing|Sludge Bomb|p1a: Persian
|-damage|p1a: Persian|0 fnt
|faint|p1a: Persian
|
|upkeep
|
|t:|1612100809
|switch|p1a: Dugtrio|Dugtrio-Alola, F|66/100
|turn|17
|
|t:|1612100815
|-end|p2a: Weezing|ability: Neutralizing Gas
|switch|p2a: Claydol|Claydol|53/100
|move|p1a: Dugtrio|Iron Head|p2a: Claydol
|-damage|p2a: Claydol|16/100
|
|-heal|p2a: Claydol|22/100|[from] item: Leftovers
|upkeep
|turn|18
|
|t:|1612100823
|move|p1a: Dugtrio|Iron Head|p2a: Claydol
|-damage|p2a: Claydol|0 fnt
|faint|p2a: Claydol
|
|upkeep
|
|t:|1612100833
|switch|p2a: Absol|Absol, F|100/100
|turn|19
|
|t:|1612100842
|switch|p2a: Heliolisk|Heliolisk, F|88/100
|move|p1a: Dugtrio|Substitute|p1a: Dugtrio
|-start|p1a: Dugtrio|Substitute
|-damage|p1a: Dugtrio|42/100
|
|upkeep
|turn|20
|
|t:|1612100850
|switch|p2a: Scyther|Scyther, M|100/100
|move|p1a: Dugtrio|Earthquake|p2a: Scyther
|-immune|p2a: Scyther
|
|upkeep
|turn|21
|
|t:|1612100856
|move|p2a: Scyther|U-turn|p1a: Dugtrio
|-resisted|p1a: Dugtrio
|-end|p1a: Dugtrio|Substitute
|
|t:|1612100859
|switch|p2a: Weezing|Weezing, M|60/100|[from]move: U-turn
|-ability|p2a: Weezing|Neutralizing Gas
|move|p1a: Dugtrio|Substitute|p1a: Dugtrio
|-start|p1a: Dugtrio|Substitute
|-damage|p1a: Dugtrio|17/100
|
|upkeep
|turn|22
|inactive|Combaetilics has 90 seconds left.
|
|t:|1612100868
|-end|p2a: Weezing|ability: Neutralizing Gas
|switch|p2a: Scyther|Scyther, M|100/100
|move|p1a: Dugtrio|Iron Head|p2a: Scyther
|-damage|p2a: Scyther|52/100
|
|upkeep
|turn|23
|
|t:|1612100874
|move|p2a: Scyther|Dual Wingbeat|p1a: Dugtrio|[miss]
|-miss|p2a: Scyther|p1a: Dugtrio
|move|p1a: Dugtrio|Iron Head|p2a: Scyther
|-damage|p2a: Scyther|0 fnt
|faint|p2a: Scyther
|
|upkeep
|inactive|Combaetilics has 90 seconds left.
|
|t:|1612100897
|switch|p2a: Hitmonlee|Hitmonlee, M|100/100
|turn|24
|
|t:|1612100901
|move|p1a: Dugtrio|Iron Head|p2a: Hitmonlee
|-damage|p2a: Hitmonlee|0 fnt
|faint|p2a: Hitmonlee
|
|upkeep
|-message|Combaetilics forfeited.
|
|win|Breakfastbiscuit
|l|☆Combaetilics
|raw|Breakfastbiscuit's rating: 1298 &rarr; <strong>1333</strong><br />(+35 for winning)
|raw|Combaetilics's rating: 1452 &rarr; <strong>1423</strong><br />(-29 for losing)
