|j|☆zoowi
|j|☆shalutianwang
|t:|1638924201
|gametype|singles
|player|p1|zoowi|burglar-gen2|
|player|p2|shalutianwang|pokemaniac|
|teamsize|p1|6
|teamsize|p2|6
|gen|8
|tier|[Gen 8] PU
|rated|Tournament battle
|rule|Sleep Clause Mod: Limit one foe put to sleep
|rule|Species Clause: Limit one of each Pokémon
|rule|OHKO Clause: OHKO moves are banned
|rule|Evasion Moves Clause: Evasion moves are banned
|rule|Endless Battle Clause: Forcing endless battles is banned
|rule|HP Percentage Mod: HP is shown in percentages
|rule|Dynamax Clause: You cannot dynamax
|clearpoke
|poke|p1|Silvally-*|
|poke|p1|Musharna, M|
|poke|p1|Trevenant, M|
|poke|p1|Charizard, F|
|poke|p1|Sandslash-Alola, F|
|poke|p1|Togetic, M|
|poke|p2|Aromatisse, F|
|poke|p2|Absol, M|
|poke|p2|Lanturn, M|
|poke|p2|Sandaconda, M|
|poke|p2|Togedemaru, F|
|poke|p2|Tsareena, F|
|teampreview
|j|+Oathkeeper
|j| cvccfvxcf
|j| Swanna
|inactive|Battle timer is ON: inactive players will automatically lose when time's up. (requested by shalutianwang)
|
|t:|1638924242
|start
|switch|p1a: Togetic|Togetic, M|100/100
|switch|p2a: 我好硬呀呀呀呀呀呀|Sandaconda, M|100/100
|turn|1
|
|t:|1638924246
|move|p2a: 我好硬呀呀呀呀呀呀|Glare|p1a: Togetic
|-status|p1a: Togetic|par
|move|p1a: Togetic|Nasty Plot|p1a: Togetic
|-boost|p1a: Togetic|spa|2
|
|upkeep
|turn|2
|j| saltywhopper
|
|t:|1638924248
|move|p2a: 我好硬呀呀呀呀呀呀|Stealth Rock|p1a: Togetic
|-sidestart|p1: zoowi|move: Stealth Rock
|cant|p1a: Togetic|par
|
|upkeep
|turn|3
|
|t:|1638924258
|switch|p2a: 麻麻刺麻|Togedemaru, F|100/100
|move|p1a: Togetic|Flamethrower|p2a: 麻麻刺麻
|-supereffective|p2a: 麻麻刺麻
|-damage|p2a: 麻麻刺麻|0 fnt
|faint|p2a: 麻麻刺麻
|
|upkeep
|c|☆zoowi|wew
|
|t:|1638924265
|switch|p2a: 死亡如风常伴吾身|Absol, M|100/100
|turn|4
|c| saltywhopper|lgi zoowi
|
|t:|1638924268
|move|p2a: 死亡如风常伴吾身|Knock Off|p1a: Togetic
|-resisted|p1a: Togetic
|-crit|p1a: Togetic
|-damage|p1a: Togetic|43/100 par
|-enditem|p1a: Togetic|Eviolite|[from] move: Knock Off|[of] p2a: 死亡如风常伴吾身
|move|p1a: Togetic|Dazzling Gleam|p2a: 死亡如风常伴吾身
|-supereffective|p2a: 死亡如风常伴吾身
|-damage|p2a: 死亡如风常伴吾身|0 fnt
|faint|p2a: 死亡如风常伴吾身
|
|upkeep
|c|☆zoowi|brutal
|j| mwoeffdsa
|
|t:|1638924277
|switch|p2a: 姐姐好腿我好爱|Tsareena, F|100/100
|turn|5
|j| chubisloth
|c|+Oathkeeper|the "other" Toge doing work
|
|t:|1638924284
|move|p2a: 姐姐好腿我好爱|Power Whip|p1a: Togetic
|-resisted|p1a: Togetic
|-damage|p1a: Togetic|0 fnt
|faint|p1a: Togetic
|
|upkeep
|c|☆zoowi|ha
|c| saltywhopper|hi oath o/
|c|+Oathkeeper|hi
|
|t:|1638924304
|switch|p1a: Silvally|Silvally-Ground|100/100
|-damage|p1a: Silvally|94/100|[from] Stealth Rock
|turn|6
|c| chubisloth|hellooo
|
|t:|1638924309
|move|p1a: Silvally|U-turn|p2a: 姐姐好腿我好爱
|-supereffective|p2a: 姐姐好腿我好爱
|-damage|p2a: 姐姐好腿我好爱|53/100
|
|t:|1638924319
|switch|p1a: Sandslash|Sandslash-Alola, F|100/100|[from]move: U-turn
|-damage|p1a: Sandslash|88/100|[from] Stealth Rock
|move|p2a: 姐姐好腿我好爱|Rapid Spin|p1a: Sandslash
|-resisted|p1a: Sandslash
|-damage|p1a: Sandslash|80/100
|-boost|p2a: 姐姐好腿我好爱|spe|1
|
|upkeep
|turn|7
|
|t:|1638924322
|move|p2a: 姐姐好腿我好爱|High Jump Kick|p1a: Sandslash
|-supereffective|p1a: Sandslash
|-damage|p1a: Sandslash|0 fnt
|faint|p1a: Sandslash
|
|upkeep
|
|t:|1638924328
|switch|p1a: Charizard|Charizard, F|100/100
|turn|8
|
|t:|1638924330
|move|p2a: 姐姐好腿我好爱|Triple Axel|p1a: Charizard
|-damage|p1a: Charizard|92/100
|-damage|p1a: Charizard|71/100
|-damage|p1a: Charizard|43/100
|-hitcount|p1a: Charizard|3
|move|p1a: Charizard|Flamethrower|p2a: 姐姐好腿我好爱
|-supereffective|p2a: 姐姐好腿我好爱
|-damage|p2a: 姐姐好腿我好爱|0 fnt
|faint|p2a: 姐姐好腿我好爱
|
|upkeep
|
|t:|1638924338
|switch|p2a: 窗外的麻雀在电线杆上啵嘴|Aromatisse, F|100/100
|turn|9
|
|t:|1638924343
|move|p1a: Charizard|Defog|p2a: 窗外的麻雀在电线杆上啵嘴
|-unboost|p2a: 窗外的麻雀在电线杆上啵嘴|evasion|1
|-sideend|p1: zoowi|Stealth Rock|[from] move: Defog|[of] p1a: Charizard
|move|p2a: 窗外的麻雀在电线杆上啵嘴|Calm Mind|p2a: 窗外的麻雀在电线杆上啵嘴
|-boost|p2a: 窗外的麻雀在电线杆上啵嘴|spa|1
|-boost|p2a: 窗外的麻雀在电线杆上啵嘴|spd|1
|
|upkeep
|turn|10
|
|t:|1638924345
|switch|p1a: Trevenant|Trevenant, M|100/100
|move|p2a: 窗外的麻雀在电线杆上啵嘴|Calm Mind|p2a: 窗外的麻雀在电线杆上啵嘴
|-boost|p2a: 窗外的麻雀在电线杆上啵嘴|spa|1
|-boost|p2a: 窗外的麻雀在电线杆上啵嘴|spd|1
|
|upkeep
|turn|11
|
|t:|1638924348
|move|p1a: Trevenant|Wood Hammer|p2a: 窗外的麻雀在电线杆上啵嘴
|-damage|p2a: 窗外的麻雀在电线杆上啵嘴|35/100
|-damage|p1a: Trevenant|73/100|[from] Recoil
|move|p2a: 窗外的麻雀在电线杆上啵嘴|Moonblast|p1a: Trevenant
|-damage|p1a: Trevenant|0 fnt
|faint|p1a: Trevenant
|
|-heal|p2a: 窗外的麻雀在电线杆上啵嘴|42/100|[from] item: Leftovers
|upkeep
|
|t:|1638924364
|switch|p1a: Silvally|Silvally-Ground|94/100
|turn|12
|
|t:|1638924367
|move|p2a: 窗外的麻雀在电线杆上啵嘴|Protect|p2a: 窗外的麻雀在电线杆上啵嘴
|-singleturn|p2a: 窗外的麻雀在电线杆上啵嘴|Protect
|move|p1a: Silvally|Multi-Attack|p2a: 窗外的麻雀在电线杆上啵嘴
|-activate|p2a: 窗外的麻雀在电线杆上啵嘴|move: Protect
|
|-heal|p2a: 窗外的麻雀在电线杆上啵嘴|48/100|[from] item: Leftovers
|upkeep
|turn|13
|
|t:|1638924370
|move|p1a: Silvally|Toxic|p2a: 窗外的麻雀在电线杆上啵嘴
|-status|p2a: 窗外的麻雀在电线杆上啵嘴|tox
|move|p2a: 窗外的麻雀在电线杆上啵嘴|Wish|p2a: 窗外的麻雀在电线杆上啵嘴
|
|-heal|p2a: 窗外的麻雀在电线杆上啵嘴|54/100 tox|[from] item: Leftovers
|-damage|p2a: 窗外的麻雀在电线杆上啵嘴|48/100 tox|[from] psn
|upkeep
|turn|14
|
|t:|1638924374
|move|p1a: Silvally|Multi-Attack|p2a: 窗外的麻雀在电线杆上啵嘴
|-damage|p2a: 窗外的麻雀在电线杆上啵嘴|7/100 tox
|move|p2a: 窗外的麻雀在电线杆上啵嘴|Moonblast|p1a: Silvally
|-damage|p1a: Silvally|23/100
|-unboost|p1a: Silvally|spa|1
|
|-heal|p2a: 窗外的麻雀在电线杆上啵嘴|57/100 tox|[from] move: Wish|[wisher] 窗外的麻雀在电线杆上啵嘴
|-heal|p2a: 窗外的麻雀在电线杆上啵嘴|63/100 tox|[from] item: Leftovers
|-damage|p2a: 窗外的麻雀在电线杆上啵嘴|51/100 tox|[from] psn
|upkeep
|turn|15
|j|+Gva
|
|t:|1638924378
|switch|p2a: 我好硬呀呀呀呀呀呀|Sandaconda, M|100/100
|move|p1a: Silvally|Multi-Attack|p2a: 我好硬呀呀呀呀呀呀
|-damage|p2a: 我好硬呀呀呀呀呀呀|67/100
|-damage|p1a: Silvally|6/100|[from] item: Rocky Helmet|[of] p2a: 我好硬呀呀呀呀呀呀
|
|upkeep
|turn|16
|
|t:|1638924386
|switch|p2a: 仰泳信爸爸|Lanturn, M|100/100
|move|p1a: Silvally|Multi-Attack|p2a: 仰泳信爸爸
|-supereffective|p2a: 仰泳信爸爸
|-damage|p2a: 仰泳信爸爸|4/100
|
|-heal|p2a: 仰泳信爸爸|10/100|[from] item: Leftovers
|upkeep
|turn|17
|
|t:|1638924390
|switch|p2a: 我好硬呀呀呀呀呀呀|Sandaconda, M|67/100
|move|p1a: Silvally|Multi-Attack|p2a: 我好硬呀呀呀呀呀呀
|-damage|p2a: 我好硬呀呀呀呀呀呀|38/100
|-damage|p1a: Silvally|0 fnt|[from] item: Rocky Helmet|[of] p2a: 我好硬呀呀呀呀呀呀
|faint|p1a: Silvally
|
|upkeep
|
|t:|1638924393
|switch|p1a: Musharna|Musharna, M|100/100
|turn|18
|
|t:|1638924395
|move|p2a: 我好硬呀呀呀呀呀呀|Glare|p1a: Musharna
|-status|p1a: Musharna|par
|-activate|p1a: Musharna|ability: Synchronize
|-status|p2a: 我好硬呀呀呀呀呀呀|par
|move|p1a: Musharna|Calm Mind|p1a: Musharna
|-boost|p1a: Musharna|spa|1
|-boost|p1a: Musharna|spd|1
|
|upkeep
|turn|19
|
|t:|1638924398
|switch|p2a: 仰泳信爸爸|Lanturn, M|10/100
|move|p1a: Musharna|Calm Mind|p1a: Musharna
|-boost|p1a: Musharna|spa|1
|-boost|p1a: Musharna|spd|1
|
|-heal|p2a: 仰泳信爸爸|17/100|[from] item: Leftovers
|upkeep
|turn|20
|
|t:|1638924400
|move|p2a: 仰泳信爸爸|Heal Bell|p2a: 仰泳信爸爸
|-activate|p2a: 仰泳信爸爸|move: Heal Bell
|-curestatus|p2: 我好硬呀呀呀呀呀呀|par|[msg]
|-curestatus|p2: 窗外的麻雀在电线杆上啵嘴|tox|[msg]
|move|p1a: Musharna|Calm Mind|p1a: Musharna
|-boost|p1a: Musharna|spa|1
|-boost|p1a: Musharna|spd|1
|
|-heal|p2a: 仰泳信爸爸|23/100|[from] item: Leftovers
|upkeep
|turn|21
|
|t:|1638924403
|move|p2a: 仰泳信爸爸|Volt Switch|p1a: Musharna
|-crit|p1a: Musharna
|-damage|p1a: Musharna|78/100 par
|
|t:|1638924405
|switch|p2a: 窗外的麻雀在电线杆上啵嘴|Aromatisse, F|51/100|[from]move: Volt Switch
|move|p1a: Musharna|Heal Bell|p1a: Musharna
|-activate|p1a: Musharna|move: Heal Bell
|-curestatus|p1a: Musharna|par|[msg]
|
|-heal|p2a: 窗外的麻雀在电线杆上啵嘴|57/100|[from] item: Leftovers
|-heal|p1a: Musharna|85/100|[from] item: Leftovers
|upkeep
|turn|22
|
|t:|1638924407
|move|p2a: 窗外的麻雀在电线杆上啵嘴|Calm Mind|p2a: 窗外的麻雀在电线杆上啵嘴
|-boost|p2a: 窗外的麻雀在电线杆上啵嘴|spa|1
|-boost|p2a: 窗外的麻雀在电线杆上啵嘴|spd|1
|move|p1a: Musharna|Psychic|p2a: 窗外的麻雀在电线杆上啵嘴
|-damage|p2a: 窗外的麻雀在电线杆上啵嘴|3/100
|
|-heal|p2a: 窗外的麻雀在电线杆上啵嘴|9/100|[from] item: Leftovers
|-heal|p1a: Musharna|91/100|[from] item: Leftovers
|upkeep
|turn|23
|
|t:|1638924410
|move|p2a: 窗外的麻雀在电线杆上啵嘴|Moonblast|p1a: Musharna
|-damage|p1a: Musharna|74/100
|-unboost|p1a: Musharna|spa|1
|move|p1a: Musharna|Psychic|p2a: 窗外的麻雀在电线杆上啵嘴
|-damage|p2a: 窗外的麻雀在电线杆上啵嘴|0 fnt
|faint|p2a: 窗外的麻雀在电线杆上啵嘴
|
|-heal|p1a: Musharna|80/100|[from] item: Leftovers
|upkeep
|-message|shalutianwang forfeited.
|
|win|zoowi
|n|☆zoowi|zoowi
|n|☆shalutianwang|shalutianwang
|n|+Oathkeeper|oathkeeper
|n| cvccfvxcf|cvccfvxcf
|n| Swanna|swanna
|n| saltywhopper|saltywhopper
|n| mwoeffdsa|mwoeffdsa
|n| chubisloth|chubisloth
|n| Gva|gva
