|html|<div class="broadcast-blue"><strong>[Gen 8] PU is currently suspecting Araquanid! For information on how to participate check out the <a href="https://www.smogon.com/forums/threads/np-pu-stage-9-itsy-bitsy-spider.3704256/">suspect thread</a>.</strong></div>
|j|☆puas kecleon
|j|☆JoJo Reference #10
|t:|1657136717
|gametype|singles
|player|p1|puas kecleon|#ssdivmambas|1443
|player|p2|JoJo Reference #10|red-gen2|1330
|teamsize|p1|6
|teamsize|p2|6
|gen|8
|tier|[Gen 8] PU
|rated|
|rule|Sleep Clause Mod: Limit one foe put to sleep
|rule|Species Clause: Limit one of each Pokémon
|rule|OHKO Clause: OHKO moves are banned
|rule|Evasion Moves Clause: Evasion moves are banned
|rule|Endless Battle Clause: Forcing endless battles is banned
|rule|HP Percentage Mod: HP is shown in percentages
|rule|Dynamax Clause: You cannot dynamax
|clearpoke
|poke|p1|Doublade, F|
|poke|p1|Guzzlord|
|poke|p1|Audino, M|
|poke|p1|Whimsicott, F|
|poke|p1|Regirock|
|poke|p1|Charizard, M|
|poke|p2|Abomasnow, M|
|poke|p2|Coalossal, M|
|poke|p2|Gigalith, F|
|poke|p2|Gallade, M|
|poke|p2|Weezing, F|
|poke|p2|Thwackey, M|
|teampreview
|
|t:|1657136767
|start
|switch|p1a: Guzzlord|Guzzlord|100/100
|switch|p2a: Weezing|Weezing, F|100/100
|turn|1
|
|t:|1657136789
|switch|p2a: Giga Al Shit.|Gigalith, F|100/100
|-weather|Sandstorm|[from] ability: Sand Stream|[of] p2a: Giga Al Shit.
|move|p1a: Guzzlord|Knock Off|p2a: Giga Al Shit.
|-damage|p2a: Giga Al Shit.|52/100
|-enditem|p2a: Giga Al Shit.|Leftovers|[from] move: Knock Off|[of] p1a: Guzzlord
|
|-weather|Sandstorm|[upkeep]
|-damage|p1a: Guzzlord|94/100|[from] Sandstorm
|upkeep
|turn|2
|
|t:|1657136796
|move|p1a: Guzzlord|Knock Off|p2a: Giga Al Shit.
|-damage|p2a: Giga Al Shit.|18/100
|move|p2a: Giga Al Shit.|Stealth Rock|p1a: Guzzlord
|-sidestart|p1: puas kecleon|move: Stealth Rock
|
|-weather|Sandstorm|[upkeep]
|-damage|p1a: Guzzlord|88/100|[from] Sandstorm
|upkeep
|turn|3
|
|t:|1657136803
|switch|p2a: Weezing|Weezing, F|100/100
|move|p1a: Guzzlord|Knock Off|p2a: Weezing
|-damage|p2a: Weezing|51/100
|-enditem|p2a: Weezing|Black Sludge|[from] move: Knock Off|[of] p1a: Guzzlord
|
|-weather|Sandstorm|[upkeep]
|-damage|p1a: Guzzlord|82/100|[from] Sandstorm
|-damage|p2a: Weezing|45/100|[from] Sandstorm
|upkeep
|turn|4
|
|t:|1657136823
|switch|p1a: Charizard|Charizard, M|100/100
|move|p2a: Weezing|Pain Split|p1a: Charizard
|-sethp|p1a: Charizard|74/100|[from] move: Pain Split|[silent]
|-sethp|p2a: Weezing|69/100|[from] move: Pain Split
|
|-weather|Sandstorm|[upkeep]
|-damage|p1a: Charizard|68/100|[from] Sandstorm
|-damage|p2a: Weezing|62/100|[from] Sandstorm
|upkeep
|turn|5
|
|t:|1657136830
|move|p1a: Charizard|Defog|p2a: Weezing
|-unboost|p2a: Weezing|evasion|1
|-sideend|p1: puas kecleon|Stealth Rock|[from] move: Defog|[of] p1a: Charizard
|move|p2a: Weezing|Sludge Bomb|p1a: Charizard
|-crit|p1a: Charizard
|-damage|p1a: Charizard|13/100
|-status|p1a: Charizard|psn
|
|-weather|none
|-damage|p1a: Charizard|1/100 psn|[from] psn
|upkeep
|turn|6
|
|t:|1657136835
|switch|p2a: Giga Al Shit.|Gigalith, F|18/100
|-weather|Sandstorm|[from] ability: Sand Stream|[of] p2a: Giga Al Shit.
|move|p1a: Charizard|Roost|p1a: Charizard
|-heal|p1a: Charizard|51/100 psn
|-singleturn|p1a: Charizard|move: Roost
|
|-weather|Sandstorm|[upkeep]
|-damage|p1a: Charizard|45/100 psn|[from] Sandstorm
|-damage|p1a: Charizard|32/100 psn|[from] psn
|upkeep
|turn|7
|
|t:|1657136839
|move|p1a: Charizard|Flamethrower|p2a: Giga Al Shit.
|-resisted|p2a: Giga Al Shit.
|-damage|p2a: Giga Al Shit.|4/100
|-status|p2a: Giga Al Shit.|brn
|move|p2a: Giga Al Shit.|Stealth Rock|p1a: Charizard
|-sidestart|p1: puas kecleon|move: Stealth Rock
|
|-weather|Sandstorm|[upkeep]
|-damage|p1a: Charizard|26/100 psn|[from] Sandstorm
|-damage|p1a: Charizard|14/100 psn|[from] psn
|-damage|p2a: Giga Al Shit.|0 fnt|[from] brn
|faint|p2a: Giga Al Shit.
|upkeep
|
|t:|1657136844
|switch|p2a: Gal's Aid|Gallade, M|100/100
|turn|8
|
|t:|1657136872
|switch|p1a: Whimsicott|Whimsicott, F|100/100
|-damage|p1a: Whimsicott|88/100|[from] Stealth Rock
|move|p2a: Gal's Aid|Knock Off|p1a: Whimsicott
|-resisted|p1a: Whimsicott
|-crit|p1a: Whimsicott
|-damage|p1a: Whimsicott|50/100
|-enditem|p1a: Whimsicott|Choice Specs|[from] move: Knock Off|[of] p2a: Gal's Aid
|
|-weather|Sandstorm|[upkeep]
|-damage|p2a: Gal's Aid|94/100|[from] Sandstorm
|-damage|p1a: Whimsicott|44/100|[from] Sandstorm
|upkeep
|turn|9
|
|t:|1657136877
|switch|p2a: Coalossal|Coalossal, M|100/100
|move|p1a: Whimsicott|Switcheroo|p2a: Coalossal
|-activate|p1a: Whimsicott|move: Trick|[of] p2a: Coalossal
|-enditem|p2a: Coalossal|Heavy-Duty Boots|[silent]|[from] move: Switcheroo
|-item|p1a: Whimsicott|Heavy-Duty Boots|[from] move: Switcheroo
|
|-weather|Sandstorm|[upkeep]
|-damage|p1a: Whimsicott|38/100|[from] Sandstorm
|upkeep
|turn|10
|
|t:|1657136881
|move|p1a: Whimsicott|U-turn|p2a: Coalossal
|-resisted|p2a: Coalossal
|-damage|p2a: Coalossal|97/100
|
|t:|1657136884
|switch|p1a: Regirock|Regirock|100/100|[from]move: U-turn
|-damage|p1a: Regirock|88/100|[from] Stealth Rock
|move|p2a: Coalossal|Flamethrower|p1a: Regirock
|-resisted|p1a: Regirock
|-damage|p1a: Regirock|79/100
|
|-weather|none
|-heal|p1a: Regirock|85/100|[from] item: Leftovers
|upkeep
|turn|11
|
|t:|1657136891
|move|p1a: Regirock|Stealth Rock|p2a: Coalossal
|-sidestart|p2: JoJo Reference #10|move: Stealth Rock
|move|p2a: Coalossal|Spikes|p1a: Regirock
|-sidestart|p1: puas kecleon|Spikes
|
|-heal|p1a: Regirock|91/100|[from] item: Leftovers
|upkeep
|turn|12
|
|t:|1657136903
|move|p1a: Regirock|Rock Blast|p2a: Coalossal
|-supereffective|p2a: Coalossal
|-damage|p2a: Coalossal|86/100
|-supereffective|p2a: Coalossal
|-damage|p2a: Coalossal|74/100
|-supereffective|p2a: Coalossal
|-damage|p2a: Coalossal|62/100
|-hitcount|p2a: Coalossal|3
|move|p2a: Coalossal|Rapid Spin|p1a: Regirock
|-resisted|p1a: Regirock
|-damage|p1a: Regirock|90/100
|-boost|p2a: Coalossal|spe|1
|-sideend|p2: JoJo Reference #10|Stealth Rock|[from] move: Rapid Spin|[of] p2a: Coalossal
|
|-heal|p1a: Regirock|96/100|[from] item: Leftovers
|upkeep
|turn|13
|
|t:|1657136907
|switch|p2a: Weezing|Weezing, F|62/100
|move|p1a: Regirock|Stealth Rock|p2a: Weezing
|-sidestart|p2: JoJo Reference #10|move: Stealth Rock
|
|-heal|p1a: Regirock|100/100|[from] item: Leftovers
|upkeep
|turn|14
|
|t:|1657136929
|switch|p1a: Audino|Audino, M|100/100
|move|p2a: Weezing|Sludge Bomb|p1a: Audino
|-damage|p1a: Audino|83/100
|
|upkeep
|turn|15
|
|t:|1657136934
|move|p2a: Weezing|Toxic Spikes|p1a: Audino
|-sidestart|p1: puas kecleon|move: Toxic Spikes
|move|p1a: Audino|Wish|p1a: Audino
|
|upkeep
|turn|16
|
|t:|1657136937
|switch|p1a: Guzzlord|Guzzlord|82/100
|-damage|p1a: Guzzlord|70/100|[from] Stealth Rock
|-damage|p1a: Guzzlord|57/100|[from] Spikes
|-status|p1a: Guzzlord|psn
|move|p2a: Weezing|Sludge Bomb|p1a: Guzzlord
|-damage|p1a: Guzzlord|30/100 psn
|
|-heal|p1a: Guzzlord|65/100 psn|[from] move: Wish|[wisher] Audino
|-damage|p1a: Guzzlord|53/100 psn|[from] psn
|upkeep
|turn|17
|
|t:|1657136941
|move|p1a: Guzzlord|Dragon Claw|p2a: Weezing
|-damage|p2a: Weezing|22/100
|move|p2a: Weezing|Pain Split|p1a: Guzzlord
|-sethp|p1a: Guzzlord|33/100 psn|[from] move: Pain Split|[silent]
|-sethp|p2a: Weezing|59/100|[from] move: Pain Split
|
|-damage|p1a: Guzzlord|20/100 psn|[from] psn
|upkeep
|turn|18
|
|t:|1657136945
|switch|p2a: Coalossal|Coalossal, M|62/100
|-damage|p2a: Coalossal|37/100|[from] Stealth Rock
|move|p1a: Guzzlord|Dragon Claw|p2a: Coalossal
|-damage|p2a: Coalossal|0 fnt
|faint|p2a: Coalossal
|-ability|p1a: Guzzlord|Beast Boost|boost
|-boost|p1a: Guzzlord|atk|1
|
|-damage|p1a: Guzzlord|8/100 psn|[from] psn
|upkeep
|
|t:|1657136948
|switch|p2a: Fwat Key|Thwackey, M|100/100
|-fieldstart|move: Grassy Terrain|[from] ability: Grassy Surge|[of] p2a: Fwat Key
|turn|19
|
|t:|1657136976
|switch|p1a: Doublade|Doublade, F|100/100
|-damage|p1a: Doublade|94/100|[from] Stealth Rock
|-damage|p1a: Doublade|82/100|[from] Spikes
|move|p2a: Fwat Key|Grassy Glide|p1a: Doublade
|-resisted|p1a: Doublade
|-damage|p1a: Doublade|73/100
|
|-heal|p1a: Doublade|79/100|[from] Grassy Terrain
|upkeep
|turn|20
|
|t:|1657136983
|move|p2a: Fwat Key|Knock Off|p1a: Doublade
|-supereffective|p1a: Doublade
|-damage|p1a: Doublade|54/100
|-enditem|p1a: Doublade|Eviolite|[from] move: Knock Off|[of] p2a: Fwat Key
|move|p1a: Doublade|Iron Head|p2a: Fwat Key
|-damage|p2a: Fwat Key|30/100
|
|-heal|p2a: Fwat Key|36/100|[from] Grassy Terrain
|-heal|p1a: Doublade|60/100|[from] Grassy Terrain
|upkeep
|turn|21
|
|t:|1657136989
|switch|p2a: Weezing|Weezing, F|59/100
|-damage|p2a: Weezing|46/100|[from] Stealth Rock
|move|p1a: Doublade|Iron Head|p2a: Weezing
|-damage|p2a: Weezing|16/100
|
|-heal|p1a: Doublade|67/100|[from] Grassy Terrain
|upkeep
|turn|22
|
|t:|1657136998
|switch|p1a: Guzzlord|Guzzlord|8/100 psn
|-damage|p1a: Guzzlord|0 fnt|[from] Stealth Rock
|faint|p1a: Guzzlord
|move|p2a: Weezing|Will-O-Wisp|p1: Guzzlord|[notarget]
|-fail|p2a: Weezing
|
|upkeep
|
|t:|1657137005
|switch|p1a: Charizard|Charizard, M|14/100 psn
|turn|23
|
|t:|1657137007
|move|p1a: Charizard|Flamethrower|p2a: Weezing
|-damage|p2a: Weezing|0 fnt
|faint|p2a: Weezing
|
|-damage|p1a: Charizard|2/100 psn|[from] psn
|-fieldend|move: Grassy Terrain
|upkeep
|
|t:|1657137010
|switch|p2a: Fwat Key|Thwackey, M|36/100
|-fieldstart|move: Grassy Terrain|[from] ability: Grassy Surge|[of] p2a: Fwat Key
|turn|24
|
|t:|1657137033
|move|p2a: Fwat Key|Grassy Glide|p1a: Charizard
|-resisted|p1a: Charizard
|-damage|p1a: Charizard|0 fnt
|faint|p1a: Charizard
|
|-heal|p2a: Fwat Key|42/100|[from] Grassy Terrain
|upkeep
|
|t:|1657137041
|switch|p1a: Doublade|Doublade, F|67/100
|-damage|p1a: Doublade|60/100|[from] Stealth Rock
|-damage|p1a: Doublade|48/100|[from] Spikes
|turn|25
|
|t:|1657137053
|move|p2a: Fwat Key|Knock Off|p1a: Doublade
|-supereffective|p1a: Doublade
|-damage|p1a: Doublade|23/100
|move|p1a: Doublade|Iron Head|p2a: Fwat Key
|-damage|p2a: Fwat Key|0 fnt
|faint|p2a: Fwat Key
|
|-heal|p1a: Doublade|29/100|[from] Grassy Terrain
|upkeep
|
|t:|1657137057
|switch|p2a: Obama Snow|Abomasnow, M, shiny|100/100
|-damage|p2a: Obama Snow|76/100|[from] Stealth Rock
|-weather|Hail|[from] ability: Snow Warning|[of] p2a: Obama Snow
|turn|26
|
|t:|1657137069
|switch|p1a: Audino|Audino, M|100/100
|move|p2a: Obama Snow|Energy Ball|p1a: Audino
|-damage|p1a: Audino|45/100
|-unboost|p1a: Audino|spd|1
|
|-weather|Hail|[upkeep]
|-damage|p1a: Audino|39/100|[from] Hail
|-heal|p2a: Obama Snow|82/100|[from] Grassy Terrain
|-heal|p1a: Audino|45/100|[from] Grassy Terrain
|upkeep
|turn|27
|
|t:|1657137076
|move|p1a: Audino|Protect|p1a: Audino
|-singleturn|p1a: Audino|Protect
|move|p2a: Obama Snow|Energy Ball|p1a: Audino
|-activate|p1a: Audino|move: Protect
|
|-weather|Hail|[upkeep]
|-damage|p1a: Audino|39/100|[from] Hail
|-heal|p2a: Obama Snow|88/100|[from] Grassy Terrain
|-heal|p1a: Audino|45/100|[from] Grassy Terrain
|upkeep
|turn|28
|
|t:|1657137096
|switch|p1a: Regirock|Regirock|100/100
|-damage|p1a: Regirock|88/100|[from] Stealth Rock
|-damage|p1a: Regirock|76/100|[from] Spikes
|-status|p1a: Regirock|psn
|move|p2a: Obama Snow|Energy Ball|p1a: Regirock
|-supereffective|p1a: Regirock
|-damage|p1a: Regirock|0 fnt
|faint|p1a: Regirock
|
|-weather|Hail|[upkeep]
|-heal|p2a: Obama Snow|94/100|[from] Grassy Terrain
|-fieldend|move: Grassy Terrain
|upkeep
|
|t:|1657137104
|switch|p1a: Whimsicott|Whimsicott, F|38/100
|turn|29
|j| nopetownusayep
|
|t:|1657137111
|move|p1a: Whimsicott|U-turn|p2a: Obama Snow
|-supereffective|p2a: Obama Snow
|-damage|p2a: Obama Snow|64/100
|
|t:|1657137113
|switch|p1a: Audino|Audino, M|79/100|[from]move: U-turn
|move|p2a: Obama Snow|Energy Ball|p1a: Audino
|-damage|p1a: Audino|38/100
|
|-weather|Hail|[upkeep]
|-damage|p1a: Audino|32/100|[from] Hail
|upkeep
|turn|30
|l| nopetownusayep
|
|t:|1657137132
|move|p2a: Obama Snow|Energy Ball|p1a: Audino
|-damage|p1a: Audino|0 fnt
|faint|p1a: Audino
|
|-weather|none
|upkeep
|
|t:|1657137133
|switch|p1a: Whimsicott|Whimsicott, F|38/100
|turn|31
|
|t:|1657137138
|move|p1a: Whimsicott|Moonblast|p2a: Obama Snow
|-damage|p2a: Obama Snow|20/100
|move|p2a: Obama Snow|Energy Ball|p1a: Whimsicott
|-resisted|p1a: Whimsicott
|-damage|p1a: Whimsicott|0 fnt
|faint|p1a: Whimsicott
|
|upkeep
|
|t:|1657137141
|switch|p1a: Doublade|Doublade, F|29/100
|-damage|p1a: Doublade|23/100|[from] Stealth Rock
|-damage|p1a: Doublade|10/100|[from] Spikes
|turn|32
|
|t:|1657137144
|move|p1a: Doublade|Shadow Sneak|p2a: Obama Snow
|-damage|p2a: Obama Snow|0 fnt
|faint|p2a: Obama Snow
|
|upkeep
|
|t:|1657137146
|switch|p2a: Gal's Aid|Gallade, M|94/100
|-damage|p2a: Gal's Aid|88/100|[from] Stealth Rock
|turn|33
|
|t:|1657137148
|move|p1a: Doublade|Shadow Sneak|p2a: Gal's Aid
|-supereffective|p2a: Gal's Aid
|-damage|p2a: Gal's Aid|23/100
|move|p2a: Gal's Aid|Knock Off|p1a: Doublade
|-supereffective|p1a: Doublade
|-damage|p1a: Doublade|0 fnt
|faint|p1a: Doublade
|
|win|JoJo Reference #10
|raw|puas kecleon's rating: 1443 &rarr; <strong>1417</strong><br />(-26 for losing)
|raw|JoJo Reference #10's rating: 1330 &rarr; <strong>1356</strong><br />(+26 for winning)
|c|☆JoJo Reference #10|gg
|l|☆puas kecleon
||Ladder isn't responding, score probably updated but might not have (Request timeout).
