|j|☆MZ
|j|☆Antares
|t:|1656345897
|gametype|singles
|player|p1|MZ|#megazard|
|player|p2|Antares|galacticgrunt|
|teamsize|p1|6
|teamsize|p2|6
|gen|8
|tier|[Gen 8] PU
|rule|Sleep Clause Mod: Limit one foe put to sleep
|rule|Species Clause: Limit one of each Pokémon
|rule|OHKO Clause: OHKO moves are banned
|rule|Evasion Moves Clause: Evasion moves are banned
|rule|Endless Battle Clause: Forcing endless battles is banned
|rule|HP Percentage Mod: HP is shown in percentages
|rule|Dynamax Clause: You cannot dynamax
|clearpoke
|poke|p1|Clefairy, F|
|poke|p1|Jellicent, F|
|poke|p1|Gallade, M|
|poke|p1|Sandaconda, F|
|poke|p1|Lycanroc, F|
|poke|p1|Magneton|
|poke|p2|Shuckle, M|
|poke|p2|Silvally-*|
|poke|p2|Galvantula, F|
|poke|p2|Kabutops, M|
|poke|p2|Articuno-Galar|
|poke|p2|Whimsicott, F|
|teampreview
|c|☆MZ|hf
|c|☆Antares|gl
|
|t:|1656345933
|start
|switch|p1a: Magneton|Magneton|100/100
|switch|p2a: Whimsicott|Whimsicott, F|100/100
|turn|1
|
|t:|1656345956
|switch|p2a: Articuno|Articuno-Galar|100/100
|move|p1a: Magneton|Flash Cannon|p2a: Articuno
|-damage|p2a: Articuno|37/100
|
|-heal|p2a: Articuno|43/100|[from] item: Leftovers
|upkeep
|turn|2
|
|t:|1656345972
|move|p2a: Articuno|Freezing Glare|p1a: Magneton
|-resisted|p1a: Magneton
|-damage|p1a: Magneton|76/100
|move|p1a: Magneton|Volt Switch|p2a: Articuno
|-supereffective|p2a: Articuno
|-damage|p2a: Articuno|0 fnt
|faint|p2a: Articuno
|
|t:|1656345982
|switch|p1a: Lycanroc|Lycanroc, F|100/100|[from]move: Volt Switch
|
|upkeep
|
|t:|1656345993
|switch|p2a: Shuckle|Shuckle, M|100/100
|turn|3
|
|t:|1656345996
|move|p1a: Lycanroc|Stone Edge|p2a: Shuckle
|-supereffective|p2a: Shuckle
|-damage|p2a: Shuckle|35/100
|move|p2a: Shuckle|Sticky Web|p1a: Lycanroc
|-sidestart|p1: MZ|move: Sticky Web
|
|upkeep
|turn|4
|
|t:|1656346002
|move|p1a: Lycanroc|Stone Edge|p2a: Shuckle
|-supereffective|p2a: Shuckle
|-damage|p2a: Shuckle|0 fnt
|faint|p2a: Shuckle
|
|upkeep
|
|t:|1656346006
|switch|p2a: Whimsicott|Whimsicott, F|100/100
|turn|5
|
|t:|1656346011
|switch|p1a: Clefairy|Clefairy, F|100/100
|-activate|p1a: Clefairy|move: Sticky Web
|-unboost|p1a: Clefairy|spe|1
|move|p2a: Whimsicott|Memento|p1a: Clefairy
|-unboost|p1a: Clefairy|atk|2
|-unboost|p1a: Clefairy|spa|2
|faint|p2a: Whimsicott
|
|upkeep
|
|t:|1656346014
|switch|p2a: Silvally|Silvally-Ghost|100/100
|turn|6
|
|t:|1656346016
|move|p2a: Silvally|Substitute|p2a: Silvally
|-start|p2a: Silvally|Substitute
|-damage|p2a: Silvally|76/100
|move|p1a: Clefairy|Encore|p2a: Silvally
|-start|p2a: Silvally|Encore
|
|upkeep
|turn|7
|
|t:|1656346024
|switch|p2a: Galvantula|Galvantula, F|100/100
|move|p1a: Clefairy|Teleport|p1a: Clefairy
|
|t:|1656346031
|switch|p1a: Gallade|Gallade, M|100/100|[from]move: Teleport
|-activate|p1a: Gallade|move: Sticky Web
|-unboost|p1a: Gallade|spe|1
|
|upkeep
|turn|8
|
|t:|1656346037
|move|p2a: Galvantula|Thunder|p1a: Gallade
|-damage|p1a: Gallade|46/100
|move|p1a: Gallade|Psycho Cut|p2a: Galvantula
|-damage|p2a: Galvantula|24/100
|
|upkeep
|turn|9
|
|t:|1656346043
|move|p1a: Gallade|Shadow Sneak|p2a: Galvantula
|-damage|p2a: Galvantula|0 fnt
|faint|p2a: Galvantula
|
|upkeep
|
|t:|1656346045
|switch|p2a: Kabutops|Kabutops, M|100/100
|turn|10
|
|t:|1656346051
|move|p2a: Kabutops|Swords Dance|p2a: Kabutops
|-boost|p2a: Kabutops|atk|2
|move|p1a: Gallade|Close Combat|p2a: Kabutops
|-supereffective|p2a: Kabutops
|-damage|p2a: Kabutops|0 fnt
|-unboost|p1a: Gallade|def|1
|-unboost|p1a: Gallade|spd|1
|faint|p2a: Kabutops
|
|upkeep
|
|t:|1656346054
|switch|p2a: Silvally|Silvally-Ghost|76/100
|turn|11
|
|t:|1656346063
|switch|p1a: Sandaconda|Sandaconda, F|100/100
|-activate|p1a: Sandaconda|move: Sticky Web
|-unboost|p1a: Sandaconda|spe|1
|move|p2a: Silvally|Swords Dance|p2a: Silvally
|-boost|p2a: Silvally|atk|2
|
|upkeep
|turn|12
|
|t:|1656346067
|move|p2a: Silvally|Multi-Attack|p1a: Sandaconda
|-damage|p1a: Sandaconda|36/100
|-damage|p2a: Silvally|59/100|[from] item: Rocky Helmet|[of] p1a: Sandaconda
|move|p1a: Sandaconda|Earthquake|p2a: Silvally
|-damage|p2a: Silvally|19/100
|
|upkeep
|turn|13
|c|☆Antares|gg
|c|☆MZ|gg
|
|t:|1656346075
|move|p2a: Silvally|Multi-Attack|p1a: Sandaconda
|-damage|p1a: Sandaconda|0 fnt
|-damage|p2a: Silvally|3/100|[from] item: Rocky Helmet|[of] p1a: Sandaconda
|faint|p1a: Sandaconda
|
|upkeep
|
|t:|1656346079
|switch|p1a: Gallade|Gallade, M|46/100
|-activate|p1a: Gallade|move: Sticky Web
|-unboost|p1a: Gallade|spe|1
|turn|14
|
|t:|1656346081
|move|p1a: Gallade|Shadow Sneak|p2a: Silvally
|-supereffective|p2a: Silvally
|-damage|p2a: Silvally|0 fnt
|faint|p2a: Silvally
|
|win|MZ
