|j|☆Brent555
|j|☆BiggMommacita
|t:|1609959237
|player|p1|Brent555|170|1016
|player|p2|BiggMommacita|lenora|1110
|teamsize|p1|6
|teamsize|p2|6
|gametype|singles
|gen|8
|tier|[Gen 8] PU
|rated|
|clearpoke
|poke|p1|Trevenant, F|
|poke|p1|Lunatone|
|poke|p1|Absol, F|
|poke|p1|Sandslash, F|
|poke|p1|Passimian, M|
|poke|p1|Vikavolt, M|
|poke|p2|Regigigas|
|poke|p2|Lapras, F|
|poke|p2|Sableye, F|
|poke|p2|Sandaconda, F|
|poke|p2|Weezing, M|
|poke|p2|Centiskorch, F|
|rule|Sleep Clause Mod: Limit one foe put to sleep
|rule|Species Clause: Limit one of each Pokémon
|rule|OHKO Clause: OHKO moves are banned
|rule|Evasion Moves Clause: Evasion moves are banned
|rule|Endless Battle Clause: Forcing endless battles is banned
|rule|HP Percentage Mod: HP is shown in percentages
|rule|Dynamax Clause: You cannot dynamax
|teampreview
|inactive|Battle timer is ON: inactive players will automatically lose when time's up. (requested by Brent555)
|
|t:|1609959280
|start
|switch|p1a: Passimian|Passimian, M|100/100
|switch|p2a: Sandaconda|Sandaconda, F|100/100
|turn|1
|
|t:|1609959286
|move|p1a: Passimian|U-turn|p2a: Sandaconda
|-damage|p2a: Sandaconda|86/100
|-damage|p1a: Passimian|84/100|[from] item: Rocky Helmet|[of] p2a: Sandaconda
|
|t:|1609959291
|switch|p1a: Sandslash|Sandslash, F|100/100|[from]move: U-turn
|move|p2a: Sandaconda|Stealth Rock|p1a: Sandslash
|-sidestart|p1: Brent555|move: Stealth Rock
|
|upkeep
|turn|2
|
|t:|1609959298
|switch|p2a: Sableye|Sableye, F|100/100
|move|p1a: Sandslash|Stealth Rock|p2a: Sableye
|-sidestart|p2: BiggMommacita|move: Stealth Rock
|
|upkeep
|turn|3
|
|t:|1609959306
|move|p2a: Sableye|Will-O-Wisp|p1a: Sandslash
|-status|p1a: Sandslash|brn
|move|p1a: Sandslash|Toxic|p2a: Sableye|[miss]
|-miss|p1a: Sandslash|p2a: Sableye
|
|-damage|p1a: Sandslash|94/100 brn|[from] brn
|upkeep
|turn|4
|
|t:|1609959312
|move|p2a: Sableye|Taunt|p1a: Sandslash
|-start|p1a: Sandslash|move: Taunt
|cant|p1a: Sandslash|move: Taunt|Toxic
|
|-heal|p1a: Sandslash|100/100 brn|[from] item: Leftovers
|-damage|p1a: Sandslash|94/100 brn|[from] brn
|upkeep
|turn|5
|c|☆Brent555|i have been getting bullshit like this all fucking day
|
|t:|1609959328
|switch|p1a: Trevenant|Trevenant, F|100/100
|-damage|p1a: Trevenant|88/100|[from] Stealth Rock
|move|p2a: Sableye|Knock Off|p1a: Trevenant
|-supereffective|p1a: Trevenant
|-damage|p1a: Trevenant|24/100
|-enditem|p1a: Trevenant|Sitrus Berry|[from] move: Knock Off|[of] p2a: Sableye
|
|upkeep
|turn|6
|-message|Brent555 forfeited.
|
|win|BiggMommacita
|l|☆Brent555
