|raw|<div class="broadcast-blue"><strong>This battle is required to be public due to a player having a name starting with 'pult4c1'.</div>
|j|☆PULT4C1 Inder
|j|☆PULT4C1 Haffling
|t:|1660578672
|gametype|singles
|player|p1|PULT4C1 Inder|lyra|1448
|player|p2|PULT4C1 Haffling|cyrus|1361
|teamsize|p1|6
|teamsize|p2|6
|gen|8
|tier|[Gen 8] PU
|rated|
|rule|Sleep Clause Mod: Limit one foe put to sleep
|rule|Species Clause: Limit one of each Pokémon
|rule|OHKO Clause: OHKO moves are banned
|rule|Evasion Items Clause: Evasion items are banned
|rule|Evasion Moves Clause: Evasion moves are banned
|rule|Endless Battle Clause: Forcing endless battles is banned
|rule|HP Percentage Mod: HP is shown in percentages
|rule|Dynamax Clause: You cannot dynamax
|clearpoke
|poke|p1|Doublade, M|
|poke|p1|Vikavolt, F|
|poke|p1|Archeops, M|
|poke|p1|Silvally-*|
|poke|p1|Turtonator, M|
|poke|p1|Druddigon, M|
|poke|p2|Arctovish|
|poke|p2|Gigalith, M|
|poke|p2|Mesprit|
|poke|p2|Eldegoss, M|
|poke|p2|Scrafty, M|
|poke|p2|Weezing, F|
|teampreview
|inactive|Battle timer is ON: inactive players will automatically lose when time's up. (requested by PULT4C1 Inder)
|c|☆PULT4C1 Haffling|hf
|
|t:|1660578684
|start
|switch|p1a: Druddigon|Druddigon, M|100/100
|switch|p2a: Mesprit|Mesprit|100/100
|-ability|p1a: Druddigon|Mold Breaker
|turn|1
|c|☆PULT4C1 Inder|hf
|
|t:|1660578711
|move|p2a: Mesprit|Dazzling Gleam|p1a: Druddigon
|-supereffective|p1a: Druddigon
|-damage|p1a: Druddigon|44/100
|move|p1a: Druddigon|Stealth Rock|p2a: Mesprit
|-sidestart|p2: PULT4C1 Haffling|move: Stealth Rock
|
|upkeep
|turn|2
|
|t:|1660578716
|switch|p1a: Doublade|Doublade, M|100/100
|move|p2a: Mesprit|Dazzling Gleam|p1a: Doublade
|-resisted|p1a: Doublade
|-crit|p1a: Doublade
|-damage|p1a: Doublade|79/100
|
|upkeep
|turn|3
|
|t:|1660578724
|switch|p1a: Vikavolt|Vikavolt, F|100/100
|move|p2a: Mesprit|Psychic|p1a: Vikavolt
|-damage|p1a: Vikavolt|39/100
|
|upkeep
|turn|4
|
|t:|1660578733
|switch|p1a: Druddigon|Druddigon, M|44/100
|-ability|p1a: Druddigon|Mold Breaker
|move|p2a: Mesprit|Psychic|p1a: Druddigon
|-damage|p1a: Druddigon|0 fnt
|faint|p1a: Druddigon
|
|upkeep
|
|t:|1660578739
|switch|p1a: Doublade|Doublade, M|79/100
|turn|5
|
|t:|1660578742
|switch|p1a: Vikavolt|Vikavolt, F|39/100
|move|p2a: Mesprit|U-turn|p1a: Vikavolt
|-damage|p1a: Vikavolt|19/100
|
|t:|1660578746
|switch|p2a: Gigalith|Gigalith, M|100/100|[from]move: U-turn
|-damage|p2a: Gigalith|88/100|[from] Stealth Rock
|-weather|Sandstorm|[from] ability: Sand Stream|[of] p2a: Gigalith
|
|-weather|Sandstorm|[upkeep]
|-damage|p1a: Vikavolt|13/100|[from] Sandstorm
|-heal|p2a: Gigalith|94/100|[from] item: Leftovers
|upkeep
|turn|6
|inactive|PULT4C1 Inder has 120 seconds left.
|
|t:|1660578799
|move|p1a: Vikavolt|Bug Buzz|p2a: Gigalith
|-damage|p2a: Gigalith|69/100
|-enditem|p1a: Vikavolt|Throat Spray
|-boost|p1a: Vikavolt|spa|1|[from] item: Throat Spray
|move|p2a: Gigalith|Stealth Rock|p1a: Vikavolt
|-sidestart|p1: PULT4C1 Inder|move: Stealth Rock
|
|-weather|Sandstorm|[upkeep]
|-damage|p1a: Vikavolt|7/100|[from] Sandstorm
|-heal|p2a: Gigalith|75/100|[from] item: Leftovers
|upkeep
|turn|7
|
|t:|1660578803
|move|p2a: Gigalith|Protect|p2a: Gigalith
|-singleturn|p2a: Gigalith|Protect
|move|p1a: Vikavolt|Thunderbolt|p2a: Gigalith
|-activate|p2a: Gigalith|move: Protect
|
|-weather|Sandstorm|[upkeep]
|-damage|p1a: Vikavolt|1/100|[from] Sandstorm
|-heal|p2a: Gigalith|82/100|[from] item: Leftovers
|upkeep
|turn|8
|
|t:|1660578816
|switch|p2a: Mesprit|Mesprit|100/100
|-damage|p2a: Mesprit|88/100|[from] Stealth Rock
|move|p1a: Vikavolt|Thunderbolt|p2a: Mesprit
|-damage|p2a: Mesprit|9/100
|
|-weather|Sandstorm|[upkeep]
|-damage|p2a: Mesprit|3/100|[from] Sandstorm
|-damage|p1a: Vikavolt|0 fnt|[from] Sandstorm
|faint|p1a: Vikavolt
|upkeep
|inactive|PULT4C1 Inder has 120 seconds left.
|
|t:|1660578850
|switch|p1a: Silvally|Silvally-Fairy|100/100
|-damage|p1a: Silvally|88/100|[from] Stealth Rock
|turn|9
|
|t:|1660578854
|move|p1a: Silvally|Swords Dance|p1a: Silvally
|-boost|p1a: Silvally|atk|2
|move|p2a: Mesprit|U-turn|p1a: Silvally
|-resisted|p1a: Silvally
|-damage|p1a: Silvally|81/100
|
|t:|1660578856
|switch|p2a: Weezing|Weezing, F|100/100|[from]move: U-turn
|-ability|p2a: Weezing|Neutralizing Gas
|-damage|p2a: Weezing|88/100|[from] Stealth Rock
|
|-weather|none
|-heal|p2a: Weezing|94/100|[from] item: Black Sludge
|upkeep
|turn|10
|
|t:|1660578859
|move|p1a: Silvally|Rock Slide|p2a: Weezing
|-damage|p2a: Weezing|68/100
|move|p2a: Weezing|Sludge Bomb|p1a: Silvally
|-supereffective|p1a: Silvally
|-damage|p1a: Silvally|20/100
|
|-heal|p2a: Weezing|74/100|[from] item: Black Sludge
|upkeep
|turn|11
|
|t:|1660578863
|move|p1a: Silvally|Rock Slide|p2a: Weezing
|-damage|p2a: Weezing|47/100
|move|p2a: Weezing|Sludge Bomb|p1a: Silvally
|-supereffective|p1a: Silvally
|-crit|p1a: Silvally
|-damage|p1a: Silvally|0 fnt
|faint|p1a: Silvally
|
|-heal|p2a: Weezing|53/100|[from] item: Black Sludge
|upkeep
|
|t:|1660578866
|switch|p1a: Turtonator|Turtonator, M|100/100
|turn|12
|
|t:|1660578869
|move|p1a: Turtonator|Shell Smash|p1a: Turtonator
|-unboost|p1a: Turtonator|def|1
|-unboost|p1a: Turtonator|spd|1
|-boost|p1a: Turtonator|atk|2
|-boost|p1a: Turtonator|spa|2
|-boost|p1a: Turtonator|spe|2
|move|p2a: Weezing|Sludge Bomb|p1a: Turtonator
|-damage|p1a: Turtonator|37/100
|-status|p1a: Turtonator|psn
|
|-heal|p2a: Weezing|59/100|[from] item: Black Sludge
|-damage|p1a: Turtonator|25/100 psn|[from] psn
|upkeep
|turn|13
|j| keellelele
|inactive|PULT4C1 Inder has 120 seconds left.
|
|t:|1660578902
|-end|p2a: Weezing|ability: Neutralizing Gas
|switch|p2a: Mesprit|Mesprit|3/100
|-damage|p2a: Mesprit|0 fnt|[from] Stealth Rock
|faint|p2a: Mesprit
|move|p1a: Turtonator|Flash Cannon|p2: Mesprit|[notarget]
|-fail|p1a: Turtonator
|
|-damage|p1a: Turtonator|13/100 psn|[from] psn
|upkeep
|
|t:|1660578910
|switch|p2a: Gigalith|Gigalith, M|82/100
|-damage|p2a: Gigalith|69/100|[from] Stealth Rock
|-weather|Sandstorm|[from] ability: Sand Stream|[of] p2a: Gigalith
|turn|14
|
|t:|1660578912
|move|p2a: Gigalith|Protect|p2a: Gigalith
|-singleturn|p2a: Gigalith|Protect
|move|p1a: Turtonator|Flash Cannon|p2a: Gigalith
|-activate|p2a: Gigalith|move: Protect
|
|-weather|Sandstorm|[upkeep]
|-damage|p1a: Turtonator|7/100 psn|[from] Sandstorm
|-heal|p2a: Gigalith|75/100|[from] item: Leftovers
|-damage|p1a: Turtonator|0 fnt|[from] psn
|faint|p1a: Turtonator
|upkeep
|
|t:|1660578914
|switch|p1a: Doublade|Doublade, M|79/100
|-damage|p1a: Doublade|73/100|[from] Stealth Rock
|turn|15
|
|t:|1660578920
|switch|p2a: Scrafty|Scrafty, M|100/100
|-damage|p2a: Scrafty|95/100|[from] Stealth Rock
|move|p1a: Doublade|Swords Dance|p1a: Doublade
|-boost|p1a: Doublade|atk|2
|
|-weather|Sandstorm|[upkeep]
|-damage|p2a: Scrafty|89/100|[from] Sandstorm
|-heal|p2a: Scrafty|95/100|[from] item: Leftovers
|upkeep
|turn|16
|
|t:|1660578923
|move|p2a: Scrafty|Knock Off|p1a: Doublade
|-supereffective|p1a: Doublade
|-damage|p1a: Doublade|39/100
|-enditem|p1a: Doublade|Eviolite|[from] move: Knock Off|[of] p2a: Scrafty
|move|p1a: Doublade|Close Combat|p2a: Scrafty
|-supereffective|p2a: Scrafty
|-damage|p2a: Scrafty|0 fnt
|-unboost|p1a: Doublade|def|1
|-unboost|p1a: Doublade|spd|1
|faint|p2a: Scrafty
|
|-weather|Sandstorm|[upkeep]
|upkeep
|
|t:|1660578929
|switch|p2a: Arctovish|Arctovish|100/100
|-damage|p2a: Arctovish|76/100|[from] Stealth Rock
|turn|17
|
|t:|1660578933
|move|p1a: Doublade|Shadow Sneak|p2a: Arctovish
|-damage|p2a: Arctovish|32/100
|move|p2a: Arctovish|Fishious Rend|p1a: Doublade
|-damage|p1a: Doublade|0 fnt
|faint|p1a: Doublade
|
|-weather|Sandstorm|[upkeep]
|-damage|p2a: Arctovish|26/100|[from] Sandstorm
|upkeep
|
|t:|1660578936
|switch|p1a: Archeops|Archeops, M|100/100
|-damage|p1a: Archeops|76/100|[from] Stealth Rock
|turn|18
|
|t:|1660578939
|move|p1a: Archeops|Earth Power|p2a: Arctovish
|-damage|p2a: Arctovish|0 fnt
|faint|p2a: Arctovish
|
|-weather|none
|upkeep
|
|t:|1660578943
|switch|p2a: Eldegoss|Eldegoss, M|100/100
|turn|19
|
|t:|1660578947
|move|p1a: Archeops|Air Slash|p2a: Eldegoss
|-supereffective|p2a: Eldegoss
|-damage|p2a: Eldegoss|39/100
|cant|p2a: Eldegoss|flinch
|
|upkeep
|turn|20
|
|t:|1660578952
|move|p1a: Archeops|Air Slash|p2a: Eldegoss
|-supereffective|p2a: Eldegoss
|-damage|p2a: Eldegoss|0 fnt
|faint|p2a: Eldegoss
|
|upkeep
|
|t:|1660578954
|switch|p2a: Gigalith|Gigalith, M|75/100
|-damage|p2a: Gigalith|63/100|[from] Stealth Rock
|-weather|Sandstorm|[from] ability: Sand Stream|[of] p2a: Gigalith
|turn|21
|
|t:|1660578956
|move|p2a: Gigalith|Protect|p2a: Gigalith
|-singleturn|p2a: Gigalith|Protect
|move|p1a: Archeops|Meteor Beam||[still]
|-prepare|p1a: Archeops|Meteor Beam
|-boost|p1a: Archeops|spa|1
|-enditem|p1a: Archeops|Power Herb
|-anim|p1a: Archeops|Meteor Beam|p2a: Gigalith
|-activate|p2a: Gigalith|move: Protect
|
|-weather|Sandstorm|[upkeep]
|-heal|p2a: Gigalith|69/100|[from] item: Leftovers
|upkeep
|turn|22
|
|t:|1660578959
|move|p1a: Archeops|Earth Power|p2a: Gigalith
|-supereffective|p2a: Gigalith
|-damage|p2a: Gigalith|29/100
|move|p2a: Gigalith|Rock Blast|p1a: Archeops|[miss]
|-miss|p2a: Gigalith|p1a: Archeops
|
|-weather|Sandstorm|[upkeep]
|-heal|p2a: Gigalith|35/100|[from] item: Leftovers
|upkeep
|turn|23
|c|☆PULT4C1 Haffling|aw
|c|☆PULT4C1 Inder|ups sorry
|
|t:|1660578972
|move|p2a: Gigalith|Protect|p2a: Gigalith
|-singleturn|p2a: Gigalith|Protect
|move|p1a: Archeops|Meteor Beam||[still]
|-prepare|p1a: Archeops|Meteor Beam
|-boost|p1a: Archeops|spa|1
|
|-weather|Sandstorm|[upkeep]
|-heal|p2a: Gigalith|41/100|[from] item: Leftovers
|upkeep
|turn|24
|
|t:|1660578979
|switch|p2a: Weezing|Weezing, F|59/100
|-ability|p2a: Weezing|Neutralizing Gas
|-damage|p2a: Weezing|46/100|[from] Stealth Rock
|move|p1a: Archeops|Meteor Beam|p2a: Weezing|[from]lockedmove|[miss]
|-miss|p1a: Archeops|p2a: Weezing
|
|-weather|Sandstorm|[upkeep]
|-damage|p2a: Weezing|40/100|[from] Sandstorm
|-heal|p2a: Weezing|46/100|[from] item: Black Sludge
|upkeep
|turn|25
|
|t:|1660579007
|move|p1a: Archeops|Air Slash|p2a: Weezing
|-damage|p2a: Weezing|0 fnt
|faint|p2a: Weezing
|-end|p2a: Weezing|ability: Neutralizing Gas
|
|-weather|none
|upkeep
|
|t:|1660579013
|switch|p2a: Gigalith|Gigalith, M|41/100
|-damage|p2a: Gigalith|29/100|[from] Stealth Rock
|-weather|Sandstorm|[from] ability: Sand Stream|[of] p2a: Gigalith
|turn|26
|inactive|PULT4C1 Inder has 120 seconds left.
|
|t:|1660579048
|move|p1a: Archeops|Earth Power|p2a: Gigalith
|-supereffective|p2a: Gigalith
|-damage|p2a: Gigalith|0 fnt
|faint|p2a: Gigalith
|
|win|PULT4C1 Inder
|raw|PULT4C1 Inder's rating: 1448 &rarr; <strong>1463</strong><br />(+15 for winning)
|raw|PULT4C1 Haffling's rating: 1361 &rarr; <strong>1346</strong><br />(-15 for losing)
|c|☆PULT4C1 Haffling|g
|c|☆PULT4C1 Haffling|g
|c|☆PULT4C1 Inder|gg
