|j|☆TTesTTs
|j|☆acluh1
|t:|1658683606
|gametype|singles
|player|p1|TTesTTs|plasmagrunt-gen5bw|1296
|player|p2|acluh1|karen|1244
|teamsize|p1|6
|teamsize|p2|6
|gen|8
|tier|[Gen 8] PU
|rated|
|rule|Sleep Clause Mod: Limit one foe put to sleep
|rule|Species Clause: Limit one of each Pokémon
|rule|OHKO Clause: OHKO moves are banned
|rule|Evasion Moves Clause: Evasion moves are banned
|rule|Endless Battle Clause: Forcing endless battles is banned
|rule|HP Percentage Mod: HP is shown in percentages
|rule|Dynamax Clause: You cannot dynamax
|clearpoke
|poke|p1|Charizard, F|
|poke|p1|Aggron, M|
|poke|p1|Galvantula, M|
|poke|p1|Quagsire, M|
|poke|p1|Jellicent, F|
|poke|p1|Scrafty, F|
|poke|p2|Charizard, F|
|poke|p2|Gigalith, F|
|poke|p2|Guzzlord|
|poke|p2|Jellicent, F|
|poke|p2|Ribombee, F|
|poke|p2|Scrafty, M|
|teampreview
|inactive|Battle timer is ON: inactive players will automatically lose when time's up. (requested by acluh1)
|
|t:|1658683627
|start
|switch|p1a: Galvantula|Galvantula, M|100/100
|switch|p2a: Gigalith|Gigalith, F, shiny|100/100
|-weather|Sandstorm|[from] ability: Sand Stream|[of] p2a: Gigalith
|turn|1
|
|t:|1658683637
|move|p1a: Galvantula|Volt Switch|p2a: Gigalith
|-damage|p2a: Gigalith|84/100
|
|t:|1658683640
|switch|p1a: Aggron|Aggron, M|100/100|[from]move: Volt Switch
|move|p2a: Gigalith|Rock Blast|p1a: Aggron
|-resisted|p1a: Aggron
|-damage|p1a: Aggron|97/100
|-resisted|p1a: Aggron
|-crit|p1a: Aggron
|-damage|p1a: Aggron|92/100
|-hitcount|p1a: Aggron|2
|
|-weather|Sandstorm|[upkeep]
|-heal|p1a: Aggron|98/100|[from] item: Leftovers
|-heal|p2a: Gigalith|90/100|[from] item: Leftovers
|upkeep
|turn|2
|inactive|acluh1 has 120 seconds left.
|
|t:|1658683672
|move|p2a: Gigalith|Protect|p2a: Gigalith
|-singleturn|p2a: Gigalith|Protect
|move|p1a: Aggron|Stealth Rock|p2a: Gigalith
|-sidestart|p2: acluh1|move: Stealth Rock
|
|-weather|Sandstorm|[upkeep]
|-heal|p1a: Aggron|100/100|[from] item: Leftovers
|-heal|p2a: Gigalith|96/100|[from] item: Leftovers
|upkeep
|turn|3
|
|t:|1658683681
|switch|p2a: Scrafty|Scrafty, M|100/100
|-damage|p2a: Scrafty|95/100|[from] Stealth Rock
|move|p1a: Aggron|Heavy Slam|p2a: Scrafty
|-damage|p2a: Scrafty|40/100
|
|-weather|Sandstorm|[upkeep]
|-damage|p2a: Scrafty|34/100|[from] Sandstorm
|upkeep
|turn|4
|inactive|TTesTTs has 120 seconds left.
|
|t:|1658683716
|switch|p1a: Charizard|Charizard, F|100/100
|move|p2a: Scrafty|Close Combat|p1a: Charizard
|-resisted|p1a: Charizard
|-damage|p1a: Charizard|58/100
|-unboost|p2a: Scrafty|def|1
|-unboost|p2a: Scrafty|spd|1
|-damage|p2a: Scrafty|24/100|[from] item: Life Orb
|
|-weather|Sandstorm|[upkeep]
|-damage|p1a: Charizard|52/100|[from] Sandstorm
|-damage|p2a: Scrafty|19/100|[from] Sandstorm
|upkeep
|turn|5
|inactive|TTesTTs has 120 seconds left.
|inactive|acluh1 has 120 seconds left.
|inactive|acluh1 has 90 seconds left.
|
|t:|1658683763
|move|p1a: Charizard|Roost|p1a: Charizard
|-heal|p1a: Charizard|100/100
|-singleturn|p1a: Charizard|move: Roost
|move|p2a: Scrafty|Knock Off|p1a: Charizard
|-damage|p1a: Charizard|29/100
|-enditem|p1a: Charizard|Heavy-Duty Boots|[from] move: Knock Off|[of] p2a: Scrafty
|-damage|p2a: Scrafty|9/100|[from] item: Life Orb
|
|-weather|none
|upkeep
|turn|6
|
|t:|1658683774
|move|p1a: Charizard|Roost|p1a: Charizard
|-heal|p1a: Charizard|80/100
|-singleturn|p1a: Charizard|move: Roost
|move|p2a: Scrafty|Knock Off|p1a: Charizard
|-damage|p1a: Charizard|30/100
|-damage|p2a: Scrafty|0 fnt|[from] item: Life Orb
|faint|p2a: Scrafty
|
|upkeep
|inactive|acluh1 has 90 seconds left.
|
|t:|1658683792
|switch|p2a: Gigalith|Gigalith, F, shiny|96/100
|-damage|p2a: Gigalith|84/100|[from] Stealth Rock
|-weather|Sandstorm|[from] ability: Sand Stream|[of] p2a: Gigalith
|turn|7
|inactive|TTesTTs has 120 seconds left.
|
|t:|1658683798
|switch|p1a: Aggron|Aggron, M|100/100
|move|p2a: Gigalith|Protect||[still]
|-fail|p2a: Gigalith
|
|-weather|Sandstorm|[upkeep]
|-heal|p2a: Gigalith|90/100|[from] item: Leftovers
|upkeep
|turn|8
|
|t:|1658683807
|move|p1a: Aggron|Heavy Slam|p2a: Gigalith
|-supereffective|p2a: Gigalith
|-damage|p2a: Gigalith|68/100
|move|p2a: Gigalith|Earthquake|p1a: Aggron
|-supereffective|p1a: Aggron
|-damage|p1a: Aggron|24/100
|
|-weather|Sandstorm|[upkeep]
|-heal|p1a: Aggron|30/100|[from] item: Leftovers
|-heal|p2a: Gigalith|74/100|[from] item: Leftovers
|upkeep
|turn|9
|
|t:|1658683818
|switch|p1a: Quagsire|Quagsire, M|100/100
|move|p2a: Gigalith|Earthquake|p1a: Quagsire
|-damage|p1a: Quagsire|79/100
|
|-weather|Sandstorm|[upkeep]
|-heal|p1a: Quagsire|85/100|[from] item: Leftovers
|-heal|p2a: Gigalith|80/100|[from] item: Leftovers
|upkeep
|turn|10
|
|t:|1658683828
|move|p1a: Quagsire|Toxic|p2a: Gigalith
|-status|p2a: Gigalith|tox
|move|p2a: Gigalith|Stealth Rock|p1a: Quagsire
|-sidestart|p1: TTesTTs|move: Stealth Rock
|
|-weather|Sandstorm|[upkeep]
|-heal|p1a: Quagsire|91/100|[from] item: Leftovers
|-heal|p2a: Gigalith|86/100 tox|[from] item: Leftovers
|-damage|p2a: Gigalith|80/100 tox|[from] psn
|upkeep
|turn|11
|
|t:|1658683839
|switch|p2a: Ribombee|Ribombee, F, shiny|100/100
|move|p1a: Quagsire|Toxic|p2a: Ribombee
|-status|p2a: Ribombee|tox
|
|-weather|none
|-heal|p1a: Quagsire|97/100|[from] item: Leftovers
|-damage|p2a: Ribombee|94/100 tox|[from] psn
|upkeep
|turn|12
|
|t:|1658683853
|switch|p1a: Aggron|Aggron, M|30/100
|-damage|p1a: Aggron|24/100|[from] Stealth Rock
|move|p2a: Ribombee|Energy Ball|p1a: Aggron
|-damage|p1a: Aggron|0 fnt
|faint|p1a: Aggron
|
|-damage|p2a: Ribombee|82/100 tox|[from] psn
|upkeep
|inactive|TTesTTs has 120 seconds left.
|
|t:|1658683871
|switch|p1a: Galvantula|Galvantula, M|100/100
|-damage|p1a: Galvantula|76/100|[from] Stealth Rock
|turn|13
|
|t:|1658683877
|switch|p2a: Gigalith|Gigalith, F, shiny|80/100 tox
|-damage|p2a: Gigalith|68/100 tox|[from] Stealth Rock
|-weather|Sandstorm|[from] ability: Sand Stream|[of] p2a: Gigalith
|move|p1a: Galvantula|Volt Switch|p2a: Gigalith
|-damage|p2a: Gigalith|53/100 tox
|inactive|TTesTTs has 120 seconds left.
|
|t:|1658683889
|switch|p1a: Scrafty|Scrafty, F|100/100|[from]move: Volt Switch
|-damage|p1a: Scrafty|95/100|[from] Stealth Rock
|
|-weather|Sandstorm|[upkeep]
|-damage|p1a: Scrafty|89/100|[from] Sandstorm
|-heal|p1a: Scrafty|95/100|[from] item: Leftovers
|-heal|p2a: Gigalith|59/100 tox|[from] item: Leftovers
|-damage|p2a: Gigalith|53/100 tox|[from] psn
|upkeep
|turn|14
|inactive|TTesTTs has 120 seconds left.
|
|t:|1658683900
|switch|p2a: Charizard|Charizard, F, shiny|100/100
|move|p1a: Scrafty|Bulk Up|p1a: Scrafty
|-boost|p1a: Scrafty|atk|1
|-boost|p1a: Scrafty|def|1
|
|-weather|Sandstorm|[upkeep]
|-damage|p2a: Charizard|94/100|[from] Sandstorm
|-damage|p1a: Scrafty|89/100|[from] Sandstorm
|-heal|p1a: Scrafty|95/100|[from] item: Leftovers
|upkeep
|turn|15
|inactive|TTesTTs has 120 seconds left.
|
|t:|1658683911
|move|p2a: Charizard|Defog|p1a: Scrafty
|-unboost|p1a: Scrafty|evasion|1
|-sideend|p1: TTesTTs|Stealth Rock|[from] move: Defog|[of] p2a: Charizard
|-sideend|p2: acluh1|Stealth Rock|[from] move: Defog|[of] p2a: Charizard
|move|p1a: Scrafty|Knock Off|p2a: Charizard
|-damage|p2a: Charizard|39/100
|-enditem|p2a: Charizard|Heavy-Duty Boots|[from] move: Knock Off|[of] p1a: Scrafty
|
|-weather|Sandstorm|[upkeep]
|-damage|p2a: Charizard|33/100|[from] Sandstorm
|-damage|p1a: Scrafty|89/100|[from] Sandstorm
|-heal|p1a: Scrafty|95/100|[from] item: Leftovers
|upkeep
|turn|16
|inactive|TTesTTs has 120 seconds left.
|
|t:|1658683923
|move|p2a: Charizard|Flamethrower|p1a: Scrafty
|-damage|p1a: Scrafty|59/100
|move|p1a: Scrafty|Drain Punch|p2a: Charizard
|-resisted|p2a: Charizard
|-damage|p2a: Charizard|12/100
|-heal|p1a: Scrafty|70/100|[from] drain|[of] p2a: Charizard
|
|-weather|Sandstorm|[upkeep]
|-damage|p2a: Charizard|6/100|[from] Sandstorm
|-damage|p1a: Scrafty|64/100|[from] Sandstorm
|-heal|p1a: Scrafty|70/100|[from] item: Leftovers
|upkeep
|turn|17
|inactive|TTesTTs has 120 seconds left.
|
|t:|1658683936
|move|p2a: Charizard|Flamethrower|p1a: Scrafty
|-crit|p1a: Scrafty
|-damage|p1a: Scrafty|19/100
|move|p1a: Scrafty|Rest|p1a: Scrafty
|-status|p1a: Scrafty|slp|[from] move: Rest
|-heal|p1a: Scrafty|100/100 slp|[silent]
|
|-weather|none
|upkeep
|turn|18
|
|t:|1658683946
|switch|p2a: Ribombee|Ribombee, F, shiny|82/100 tox
|cant|p1a: Scrafty|slp
|
|-damage|p2a: Ribombee|76/100 tox|[from] psn
|upkeep
|turn|19
|
|t:|1658683954
|switch|p1a: Jellicent|Jellicent, F|100/100
|move|p2a: Ribombee|Moonblast|p1a: Jellicent
|-damage|p1a: Jellicent|66/100
|-unboost|p1a: Jellicent|spa|1
|
|-damage|p2a: Ribombee|64/100 tox|[from] psn
|upkeep
|turn|20
|
|t:|1658683963
|switch|p2a: Guzzlord|Guzzlord|100/100
|switch|p1a: Galvantula|Galvantula, M|76/100
|
|upkeep
|turn|21
|
|t:|1658683970
|move|p1a: Galvantula|Bug Buzz|p2a: Guzzlord
|-supereffective|p2a: Guzzlord
|-damage|p2a: Guzzlord|21/100
|move|p2a: Guzzlord|Outrage|p1a: Galvantula
|-crit|p1a: Galvantula
|-damage|p1a: Galvantula|0 fnt
|faint|p1a: Galvantula
|-ability|p2a: Guzzlord|Beast Boost|boost
|-boost|p2a: Guzzlord|atk|1
|
|upkeep
|
|t:|1658683984
|switch|p1a: Quagsire|Quagsire, M|97/100
|turn|22
|
|t:|1658683990
|move|p2a: Guzzlord|Outrage|p1a: Quagsire|[from]lockedmove
|-damage|p1a: Quagsire|40/100
|move|p1a: Quagsire|Earthquake|p2a: Guzzlord
|-damage|p2a: Guzzlord|0 fnt
|faint|p2a: Guzzlord
|
|-heal|p1a: Quagsire|46/100|[from] item: Leftovers
|upkeep
|
|t:|1658684000
|switch|p2a: Ribombee|Ribombee, F, shiny|64/100 tox
|turn|23
|
|t:|1658684007
|switch|p1a: Scrafty|Scrafty, F|100/100 slp
|move|p2a: Ribombee|Energy Ball|p1a: Scrafty
|-damage|p1a: Scrafty|83/100 slp
|
|-activate|p1a: Scrafty|ability: Shed Skin
|-curestatus|p1a: Scrafty|slp|[msg]
|-heal|p1a: Scrafty|89/100|[from] item: Leftovers
|-damage|p2a: Ribombee|58/100 tox|[from] psn
|upkeep
|turn|24
|
|t:|1658684019
|switch|p1a: Charizard|Charizard, F|30/100
|move|p2a: Ribombee|Moonblast|p1a: Charizard
|-resisted|p1a: Charizard
|-damage|p1a: Charizard|5/100
|-unboost|p1a: Charizard|spa|1
|
|-damage|p2a: Ribombee|45/100 tox|[from] psn
|upkeep
|turn|25
|
|t:|1658684039
|switch|p1a: Jellicent|Jellicent, F|66/100
|move|p2a: Ribombee|Moonblast|p1a: Jellicent
|-damage|p1a: Jellicent|34/100
|-unboost|p1a: Jellicent|spa|1
|
|-damage|p2a: Ribombee|27/100 tox|[from] psn
|upkeep
|turn|26
|
|t:|1658684054
|switch|p2a: Jellicent|Jellicent, F|100/100
|move|p1a: Jellicent|Recover|p1a: Jellicent
|-heal|p1a: Jellicent|84/100
|
|upkeep
|turn|27
|
|t:|1658684061
|move|p2a: Jellicent|Taunt|p1a: Jellicent
|-start|p1a: Jellicent|move: Taunt
|cant|p1a: Jellicent|move: Taunt|Taunt
|
|upkeep
|turn|28
|
|t:|1658684067
|switch|p1a: Scrafty|Scrafty, F|89/100
|move|p2a: Jellicent|Will-O-Wisp|p1a: Scrafty
|-status|p1a: Scrafty|brn
|
|-activate|p1a: Scrafty|ability: Shed Skin
|-curestatus|p1a: Scrafty|brn|[msg]
|-heal|p1a: Scrafty|95/100|[from] item: Leftovers
|upkeep
|turn|29
|
|t:|1658684077
|move|p2a: Jellicent|Taunt|p1a: Scrafty
|-start|p1a: Scrafty|move: Taunt
|move|p1a: Scrafty|Knock Off|p2a: Jellicent
|-supereffective|p2a: Jellicent
|-enditem|p2a: Jellicent|Colbur Berry|[eat]
|-enditem|p2a: Jellicent|Colbur Berry|[weaken]
|-damage|p2a: Jellicent|78/100
|
|-heal|p1a: Scrafty|100/100|[from] item: Leftovers
|upkeep
|turn|30
|
|t:|1658684087
|move|p2a: Jellicent|Will-O-Wisp|p1a: Scrafty
|-status|p1a: Scrafty|brn
|move|p1a: Scrafty|Knock Off|p2a: Jellicent
|-supereffective|p2a: Jellicent
|-damage|p2a: Jellicent|63/100
|
|-damage|p1a: Scrafty|95/100 brn|[from] brn
|upkeep
|turn|31
|
|t:|1658684095
|move|p2a: Jellicent|Scald|p1a: Scrafty
|-damage|p1a: Scrafty|78/100 brn
|move|p1a: Scrafty|Knock Off|p2a: Jellicent
|-supereffective|p2a: Jellicent
|-damage|p2a: Jellicent|47/100
|
|-heal|p1a: Scrafty|84/100 brn|[from] item: Leftovers
|-damage|p1a: Scrafty|78/100 brn|[from] brn
|-end|p1a: Scrafty|move: Taunt
|upkeep
|turn|32
|
|t:|1658684110
|move|p2a: Jellicent|Recover|p2a: Jellicent
|-heal|p2a: Jellicent|97/100
|move|p1a: Scrafty|Knock Off|p2a: Jellicent
|-supereffective|p2a: Jellicent
|-damage|p2a: Jellicent|81/100
|
|-heal|p1a: Scrafty|84/100 brn|[from] item: Leftovers
|-damage|p1a: Scrafty|78/100 brn|[from] brn
|upkeep
|turn|33
|
|t:|1658684121
|switch|p1a: Charizard|Charizard, F|5/100
|move|p2a: Jellicent|Taunt|p1a: Charizard
|-start|p1a: Charizard|move: Taunt
|
|upkeep
|turn|34
|
|t:|1658684130
|switch|p1a: Jellicent|Jellicent, F|84/100
|move|p2a: Jellicent|Scald|p1a: Jellicent
|-resisted|p1a: Jellicent
|-damage|p1a: Jellicent|75/100
|
|upkeep
|turn|35
|
|t:|1658684138
|switch|p2a: Gigalith|Gigalith, F, shiny|53/100 tox
|-weather|Sandstorm|[from] ability: Sand Stream|[of] p2a: Gigalith
|move|p1a: Jellicent|Taunt|p2a: Gigalith
|-start|p2a: Gigalith|move: Taunt
|
|-weather|Sandstorm|[upkeep]
|-damage|p1a: Jellicent|69/100|[from] Sandstorm
|-heal|p2a: Gigalith|59/100 tox|[from] item: Leftovers
|-damage|p2a: Gigalith|53/100 tox|[from] psn
|upkeep
|turn|36
|
|t:|1658684153
|move|p1a: Jellicent|Recover|p1a: Jellicent
|-heal|p1a: Jellicent|100/100
|move|p2a: Gigalith|Rock Blast|p1a: Jellicent
|-damage|p1a: Jellicent|92/100
|-start|p2a: Gigalith|Disable|Rock Blast|[from] ability: Cursed Body|[of] p1a: Jellicent
|-damage|p1a: Jellicent|84/100
|-damage|p1a: Jellicent|74/100
|-hitcount|p1a: Jellicent|3
|
|-weather|Sandstorm|[upkeep]
|-damage|p1a: Jellicent|68/100|[from] Sandstorm
|-heal|p2a: Gigalith|59/100 tox|[from] item: Leftovers
|-damage|p2a: Gigalith|47/100 tox|[from] psn
|upkeep
|turn|37
|
|t:|1658684167
|move|p1a: Jellicent|Hex|p2a: Gigalith
|-damage|p2a: Gigalith|28/100 tox
|move|p2a: Gigalith|Earthquake|p1a: Jellicent
|-damage|p1a: Jellicent|45/100
|
|-weather|Sandstorm|[upkeep]
|-damage|p1a: Jellicent|39/100|[from] Sandstorm
|-heal|p2a: Gigalith|35/100 tox|[from] item: Leftovers
|-damage|p2a: Gigalith|16/100 tox|[from] psn
|-end|p2a: Gigalith|move: Taunt
|upkeep
|turn|38
|
|t:|1658684190
|move|p1a: Jellicent|Recover|p1a: Jellicent
|-heal|p1a: Jellicent|89/100
|move|p2a: Gigalith|Earthquake|p1a: Jellicent
|-damage|p1a: Jellicent|67/100
|
|-weather|Sandstorm|[upkeep]
|-damage|p1a: Jellicent|61/100|[from] Sandstorm
|-heal|p2a: Gigalith|22/100 tox|[from] item: Leftovers
|-damage|p2a: Gigalith|0 fnt|[from] psn
|faint|p2a: Gigalith
|upkeep
|
|t:|1658684195
|switch|p2a: Charizard|Charizard, F, shiny|6/100
|turn|39
|
|t:|1658684208
|move|p2a: Charizard|Toxic|p1a: Jellicent
|-status|p1a: Jellicent|tox
|move|p1a: Jellicent|Taunt|p2a: Charizard
|-start|p2a: Charizard|move: Taunt
|
|-weather|none
|-damage|p1a: Jellicent|55/100 tox|[from] psn
|upkeep
|turn|40
|
|t:|1658684217
|move|p2a: Charizard|Flamethrower|p1a: Jellicent
|-resisted|p1a: Jellicent
|-damage|p1a: Jellicent|34/100 tox
|move|p1a: Jellicent|Hex|p2a: Charizard
|-damage|p2a: Charizard|0 fnt
|faint|p2a: Charizard
|
|-damage|p1a: Jellicent|22/100 tox|[from] psn
|upkeep
|
|t:|1658684232
|switch|p2a: Jellicent|Jellicent, F|81/100
|turn|41
|
|t:|1658684237
|switch|p1a: Scrafty|Scrafty, F|78/100 brn
|move|p2a: Jellicent|Scald|p1a: Scrafty
|-damage|p1a: Scrafty|62/100 brn
|
|-heal|p1a: Scrafty|68/100 brn|[from] item: Leftovers
|-damage|p1a: Scrafty|62/100 brn|[from] brn
|upkeep
|turn|42
|
|t:|1658684247
|move|p2a: Jellicent|Taunt|p1a: Scrafty
|-start|p1a: Scrafty|move: Taunt
|cant|p1a: Scrafty|move: Taunt|Bulk Up
|
|-activate|p1a: Scrafty|ability: Shed Skin
|-curestatus|p1a: Scrafty|brn|[msg]
|-heal|p1a: Scrafty|68/100|[from] item: Leftovers
|upkeep
|turn|43
|
|t:|1658684257
|switch|p1a: Jellicent|Jellicent, F|22/100 tox
|move|p2a: Jellicent|Will-O-Wisp||[still]
|-fail|p2a: Jellicent
|
|-damage|p1a: Jellicent|15/100 tox|[from] psn
|upkeep
|turn|44
|
|t:|1658684265
|move|p1a: Jellicent|Recover|p1a: Jellicent
|-heal|p1a: Jellicent|65/100 tox
|move|p2a: Jellicent|Recover|p2a: Jellicent
|-heal|p2a: Jellicent|100/100
|
|-damage|p1a: Jellicent|53/100 tox|[from] psn
|upkeep
|turn|45
|
|t:|1658684275
|move|p2a: Jellicent|Taunt|p1a: Jellicent
|-start|p1a: Jellicent|move: Taunt
|cant|p1a: Jellicent|move: Taunt|Will-O-Wisp
|
|-damage|p1a: Jellicent|34/100 tox|[from] psn
|upkeep
|turn|46
|
|t:|1658684286
|switch|p1a: Quagsire|Quagsire, M|46/100
|move|p2a: Jellicent|Scald|p1a: Quagsire
|-damage|p1a: Quagsire|14/100
|
|-heal|p1a: Quagsire|21/100|[from] item: Leftovers
|upkeep
|turn|47
|
|t:|1658684294
|move|p2a: Jellicent|Scald|p1a: Quagsire
|-damage|p1a: Quagsire|0 fnt
|faint|p1a: Quagsire
|
|upkeep
|
|t:|1658684308
|switch|p1a: Jellicent|Jellicent, F|34/100 tox
|turn|48
|
|t:|1658684313
|move|p1a: Jellicent|Will-O-Wisp|p2a: Jellicent
|-status|p2a: Jellicent|brn
|move|p2a: Jellicent|Taunt|p1a: Jellicent
|-start|p1a: Jellicent|move: Taunt
|
|-damage|p1a: Jellicent|28/100 tox|[from] psn
|-damage|p2a: Jellicent|94/100 brn|[from] brn
|upkeep
|turn|49
|
|t:|1658684323
|switch|p1a: Scrafty|Scrafty, F|68/100
|move|p2a: Jellicent|Scald|p1a: Scrafty
|-damage|p1a: Scrafty|50/100
|
|-heal|p1a: Scrafty|56/100|[from] item: Leftovers
|-damage|p2a: Jellicent|88/100 brn|[from] brn
|upkeep
|turn|50
|
|t:|1658684334
|move|p2a: Jellicent|Taunt|p1a: Scrafty
|-start|p1a: Scrafty|move: Taunt
|cant|p1a: Scrafty|move: Taunt|Bulk Up
|
|-heal|p1a: Scrafty|62/100|[from] item: Leftovers
|-damage|p2a: Jellicent|82/100 brn|[from] brn
|upkeep
|turn|51
|
|t:|1658684345
|move|p2a: Jellicent|Will-O-Wisp|p1a: Scrafty
|-status|p1a: Scrafty|brn
|move|p1a: Scrafty|Knock Off|p2a: Jellicent
|-supereffective|p2a: Jellicent
|-damage|p2a: Jellicent|66/100 brn
|-start|p1a: Scrafty|Disable|Knock Off|[from] ability: Cursed Body|[of] p2a: Jellicent
|
|-activate|p1a: Scrafty|ability: Shed Skin
|-curestatus|p1a: Scrafty|brn|[msg]
|-heal|p1a: Scrafty|68/100|[from] item: Leftovers
|-damage|p2a: Jellicent|60/100 brn|[from] brn
|upkeep
|turn|52
|
|t:|1658684363
|switch|p1a: Charizard|Charizard, F|5/100
|move|p2a: Jellicent|Will-O-Wisp|p1a: Charizard
|-immune|p1a: Charizard
|
|-damage|p2a: Jellicent|54/100 brn|[from] brn
|upkeep
|turn|53
|
|t:|1658684374
|move|p1a: Charizard|Roost|p1a: Charizard
|-heal|p1a: Charizard|55/100
|-singleturn|p1a: Charizard|move: Roost
|move|p2a: Jellicent|Recover|p2a: Jellicent
|-heal|p2a: Jellicent|100/100 brn
|
|-damage|p2a: Jellicent|94/100 brn|[from] brn
|upkeep
|turn|54
|inactive|TTesTTs has 120 seconds left.
|
|t:|1658684412
|switch|p1a: Scrafty|Scrafty, F|68/100
|move|p2a: Jellicent|Scald|p1a: Scrafty
|-damage|p1a: Scrafty|52/100
|
|-heal|p1a: Scrafty|58/100|[from] item: Leftovers
|-damage|p2a: Jellicent|88/100 brn|[from] brn
|upkeep
|turn|55
|
|t:|1658684421
|move|p2a: Jellicent|Will-O-Wisp|p1a: Scrafty
|-status|p1a: Scrafty|brn
|move|p1a: Scrafty|Bulk Up|p1a: Scrafty
|-boost|p1a: Scrafty|atk|1
|-boost|p1a: Scrafty|def|1
|
|-heal|p1a: Scrafty|64/100 brn|[from] item: Leftovers
|-damage|p2a: Jellicent|82/100 brn|[from] brn
|-damage|p1a: Scrafty|58/100 brn|[from] brn
|upkeep
|turn|56
|inactive|TTesTTs has 120 seconds left.
|
|t:|1658684432
|move|p2a: Jellicent|Taunt|p1a: Scrafty
|-start|p1a: Scrafty|move: Taunt
|move|p1a: Scrafty|Knock Off|p2a: Jellicent
|-supereffective|p2a: Jellicent
|-damage|p2a: Jellicent|57/100 brn
|-start|p1a: Scrafty|Disable|Knock Off|[from] ability: Cursed Body|[of] p2a: Jellicent
|
|-heal|p1a: Scrafty|64/100 brn|[from] item: Leftovers
|-damage|p2a: Jellicent|50/100 brn|[from] brn
|-damage|p1a: Scrafty|58/100 brn|[from] brn
|upkeep
|turn|57
|inactive|TTesTTs has 120 seconds left.
|
|t:|1658684465
|move|p2a: Jellicent|Recover|p2a: Jellicent
|-heal|p2a: Jellicent|100/100 brn
|move|p1a: Scrafty|Drain Punch|p2a: Jellicent
|-immune|p2a: Jellicent
|
|-heal|p1a: Scrafty|64/100 brn|[from] item: Leftovers
|-damage|p2a: Jellicent|94/100 brn|[from] brn
|-damage|p1a: Scrafty|58/100 brn|[from] brn
|upkeep
|turn|58
|
|t:|1658684474
|move|p2a: Jellicent|Scald|p1a: Scrafty
|-damage|p1a: Scrafty|41/100 brn
|move|p1a: Scrafty|Drain Punch|p2a: Jellicent
|-immune|p2a: Jellicent
|
|-activate|p1a: Scrafty|ability: Shed Skin
|-curestatus|p1a: Scrafty|brn|[msg]
|-heal|p1a: Scrafty|47/100|[from] item: Leftovers
|-damage|p2a: Jellicent|88/100 brn|[from] brn
|-end|p1a: Scrafty|move: Taunt
|upkeep
|turn|59
|
|t:|1658684490
|move|p2a: Jellicent|Taunt|p1a: Scrafty
|-start|p1a: Scrafty|move: Taunt
|cant|p1a: Scrafty|move: Taunt|Rest
|
|-heal|p1a: Scrafty|53/100|[from] item: Leftovers
|-damage|p2a: Jellicent|82/100 brn|[from] brn
|-end|p1a: Scrafty|Disable
|upkeep
|turn|60
|
|t:|1658684499
|move|p2a: Jellicent|Will-O-Wisp|p1a: Scrafty
|-status|p1a: Scrafty|brn
|move|p1a: Scrafty|Knock Off|p2a: Jellicent
|-supereffective|p2a: Jellicent
|-damage|p2a: Jellicent|57/100 brn
|-start|p1a: Scrafty|Disable|Knock Off|[from] ability: Cursed Body|[of] p2a: Jellicent
|
|-activate|p1a: Scrafty|ability: Shed Skin
|-curestatus|p1a: Scrafty|brn|[msg]
|-heal|p1a: Scrafty|59/100|[from] item: Leftovers
|-damage|p2a: Jellicent|50/100 brn|[from] brn
|upkeep
|turn|61
|c|☆TTesTTs|Your cured body procs are crazy lol
|inactive|TTesTTs has 90 seconds left.
|
|t:|1658684521
|switch|p1a: Jellicent|Jellicent, F|28/100 tox
|move|p2a: Jellicent|Will-O-Wisp||[still]
|-fail|p2a: Jellicent
|
|-damage|p1a: Jellicent|22/100 tox|[from] psn
|-damage|p2a: Jellicent|44/100 brn|[from] brn
|upkeep
|turn|62
|
|t:|1658684530
|move|p2a: Jellicent|Recover|p2a: Jellicent
|-heal|p2a: Jellicent|94/100 brn
|move|p1a: Jellicent|Hex|p2a: Jellicent
|-supereffective|p2a: Jellicent
|-damage|p2a: Jellicent|36/100 brn
|-start|p1a: Jellicent|Disable|Hex|[from] ability: Cursed Body|[of] p2a: Jellicent
|
|-damage|p1a: Jellicent|10/100 tox|[from] psn
|-damage|p2a: Jellicent|30/100 brn|[from] brn
|upkeep
|turn|63
|c|☆acluh1|YUP
|inactive|TTesTTs has 90 seconds left.
|
|t:|1658684547
|move|p1a: Jellicent|Taunt|p2a: Jellicent
|-start|p2a: Jellicent|move: Taunt
|cant|p2a: Jellicent|move: Taunt|Recover
|
|-damage|p1a: Jellicent|0 fnt|[from] psn
|faint|p1a: Jellicent
|-damage|p2a: Jellicent|24/100 brn|[from] brn
|upkeep
|inactive|TTesTTs has 90 seconds left.
|
|t:|1658684557
|switch|p1a: Scrafty|Scrafty, F|59/100
|turn|64
|
|t:|1658684560
|move|p2a: Jellicent|Scald|p1a: Scrafty
|-crit|p1a: Scrafty
|-damage|p1a: Scrafty|33/100
|move|p1a: Scrafty|Knock Off|p2a: Jellicent
|-supereffective|p2a: Jellicent
|-damage|p2a: Jellicent|0 fnt
|faint|p2a: Jellicent
|
|-heal|p1a: Scrafty|39/100|[from] item: Leftovers
|upkeep
|
|t:|1658684563
|switch|p2a: Ribombee|Ribombee, F, shiny|27/100 tox
|turn|65
|
|t:|1658684573
|move|p2a: Ribombee|Moonblast|p1a: Scrafty
|-supereffective|p1a: Scrafty
|-damage|p1a: Scrafty|0 fnt
|faint|p1a: Scrafty
|
|-damage|p2a: Ribombee|21/100 tox|[from] psn
|upkeep
|
|t:|1658684581
|switch|p1a: Charizard|Charizard, F|55/100
|turn|66
|c|☆acluh1|gg
|
|t:|1658684585
|move|p2a: Ribombee|Moonblast|p1a: Charizard
|-resisted|p1a: Charizard
|-damage|p1a: Charizard|29/100
|move|p1a: Charizard|Roost|p1a: Charizard
|-heal|p1a: Charizard|79/100
|-singleturn|p1a: Charizard|move: Roost
|
|-damage|p2a: Ribombee|9/100 tox|[from] psn
|upkeep
|turn|67
|
|t:|1658684594
|move|p2a: Ribombee|Moonblast|p1a: Charizard
|-resisted|p1a: Charizard
|-damage|p1a: Charizard|52/100
|move|p1a: Charizard|Roost|p1a: Charizard
|-heal|p1a: Charizard|100/100
|-singleturn|p1a: Charizard|move: Roost
|
|-damage|p2a: Ribombee|0 fnt|[from] psn
|faint|p2a: Ribombee
|
|win|TTesTTs
|upkeep
|raw|TTesTTs's rating: 1296 &rarr; <strong>1317</strong><br />(+21 for winning)
|raw|acluh1's rating: 1244 &rarr; <strong>1223</strong><br />(-21 for losing)
|c|☆TTesTTs|Gg
|l|☆acluh1
||Ladder isn't responding, score probably updated but might not have (Request timeout).
