|j|☆Setenie ✪
|j|☆crazyhamburger
|t:|1631210790
|gametype|singles
|player|p1|Setenie ✪|fisherman-gen4|1308
|player|p2|crazyhamburger|nate|1249
|teamsize|p1|6
|teamsize|p2|6
|gen|8
|tier|[Gen 8] PU
|rated|
|rule|Sleep Clause Mod: Limit one foe put to sleep
|rule|Species Clause: Limit one of each Pokémon
|rule|OHKO Clause: OHKO moves are banned
|rule|Evasion Moves Clause: Evasion moves are banned
|rule|Endless Battle Clause: Forcing endless battles is banned
|rule|HP Percentage Mod: HP is shown in percentages
|rule|Dynamax Clause: You cannot dynamax
|clearpoke
|poke|p1|Charizard, M|
|poke|p1|Articuno-Galar|
|poke|p1|Passimian, F|
|poke|p1|Palossand, F|
|poke|p1|Abomasnow, F|
|poke|p1|Ribombee, F|
|poke|p2|Charizard, F|
|poke|p2|Aggron, M|
|poke|p2|Passimian, F|
|poke|p2|Sandaconda, M|
|poke|p2|Tsareena, F|
|poke|p2|Ribombee, M|
|teampreview
|inactive|Battle timer is ON: inactive players will automatically lose when time's up. (requested by Setenie ✪)
|
|t:|1631210811
|start
|switch|p1a: Palossand|Palossand, F|100/100
|switch|p2a: Charizard|Charizard, F, shiny|100/100
|turn|1
|
|t:|1631210818
|move|p2a: Charizard|Fire Blast|p1a: Palossand
|-crit|p1a: Palossand
|-damage|p1a: Palossand|16/100
|move|p1a: Palossand|Stealth Rock|p2a: Charizard
|-sidestart|p2: crazyhamburger|move: Stealth Rock
|
|upkeep
|turn|2
|
|t:|1631210827
|switch|p1a: Charizard|Charizard, M|100/100
|move|p2a: Charizard|Fire Blast|p1a: Charizard
|-resisted|p1a: Charizard
|-damage|p1a: Charizard|72/100
|
|upkeep
|turn|3
|
|t:|1631210836
|move|p1a: Charizard|Substitute|p1a: Charizard
|-start|p1a: Charizard|Substitute
|-damage|p1a: Charizard|48/100
|move|p2a: Charizard|Defog|p1a: Charizard
|-sideend|p2: crazyhamburger|Stealth Rock|[from] move: Defog|[of] p2a: Charizard
|
|upkeep
|turn|4
|
|t:|1631210841
|move|p2a: Charizard|Hurricane|p1a: Charizard
|-end|p1a: Charizard|Substitute
|move|p1a: Charizard|Toxic|p2a: Charizard
|-status|p2a: Charizard|tox
|
|-damage|p2a: Charizard|94/100 tox|[from] psn
|upkeep
|turn|5
|
|t:|1631210849
|move|p1a: Charizard|Roost|p1a: Charizard
|-heal|p1a: Charizard|98/100
|-singleturn|p1a: Charizard|move: Roost
|move|p2a: Charizard|Hurricane|p1a: Charizard
|-damage|p1a: Charizard|42/100
|-start|p1a: Charizard|confusion
|
|-damage|p2a: Charizard|82/100 tox|[from] psn
|upkeep
|turn|6
|
|t:|1631210858
|switch|p2a: Aggron|Aggron, M|100/100
|-activate|p1a: Charizard|confusion
|move|p1a: Charizard|Roost|p1a: Charizard
|-heal|p1a: Charizard|92/100
|-singleturn|p1a: Charizard|move: Roost
|
|upkeep
|turn|7
|
|t:|1631210869
|switch|p1a: Palossand|Palossand, F|16/100
|move|p2a: Aggron|Head Smash|p1a: Palossand
|-resisted|p1a: Palossand
|-damage|p1a: Palossand|0 fnt
|faint|p1a: Palossand
|
|upkeep
|
|t:|1631210875
|switch|p1a: Abomasnow|Abomasnow, F|100/100
|turn|8
|
|t:|1631210884
|switch|p2a: Charizard|Charizard, F, shiny|82/100 tox
|move|p1a: Abomasnow|Earth Power|p2a: Charizard
|-immune|p2a: Charizard
|
|-damage|p2a: Charizard|76/100 tox|[from] psn
|upkeep
|turn|9
|
|t:|1631210893
|move|p1a: Abomasnow|Protect|p1a: Abomasnow
|-singleturn|p1a: Abomasnow|Protect
|move|p2a: Charizard|Fire Blast|p1a: Abomasnow
|-activate|p1a: Abomasnow|move: Protect
|
|-damage|p2a: Charizard|64/100 tox|[from] psn
|upkeep
|turn|10
|
|t:|1631210902
|switch|p2a: Aggron|Aggron, M|100/100
|switch|p1a: Charizard|Charizard, M|92/100
|
|upkeep
|turn|11
|
|t:|1631210910
|move|p1a: Charizard|Substitute|p1a: Charizard
|-start|p1a: Charizard|Substitute
|-damage|p1a: Charizard|67/100
|move|p2a: Aggron|Head Smash|p1a: Charizard
|-supereffective|p1a: Charizard
|-end|p1a: Charizard|Substitute
|
|upkeep
|turn|12
|
|t:|1631210921
|move|p1a: Charizard|Substitute|p1a: Charizard
|-start|p1a: Charizard|Substitute
|-damage|p1a: Charizard|42/100
|move|p2a: Aggron|Head Smash|p1a: Charizard
|-supereffective|p1a: Charizard
|-end|p1a: Charizard|Substitute
|
|upkeep
|turn|13
|
|t:|1631210926
|move|p1a: Charizard|Substitute|p1a: Charizard
|-start|p1a: Charizard|Substitute
|-damage|p1a: Charizard|17/100
|move|p2a: Aggron|Head Smash|p1a: Charizard
|-supereffective|p1a: Charizard
|-end|p1a: Charizard|Substitute
|
|upkeep
|turn|14
|
|t:|1631210937
|move|p1a: Charizard|Flamethrower|p2a: Aggron
|-damage|p2a: Aggron|54/100
|move|p2a: Aggron|Heavy Slam|p1a: Charizard
|-resisted|p1a: Charizard
|-damage|p1a: Charizard|0 fnt
|faint|p1a: Charizard
|
|-heal|p2a: Aggron|60/100|[from] item: Leftovers
|upkeep
|c|☆Setenie ✪|everyone would be good
|c|☆Setenie ✪|if we hit all our fucking moves
|
|t:|1631210953
|switch|p1a: Abomasnow|Abomasnow, F|100/100
|turn|15
|c|☆Setenie ✪|all fire blast, critting
|c|☆Setenie ✪|hurricanes
|c|☆Setenie ✪|head smashes
|c|☆Setenie ✪|so boring
|c|☆crazyhamburger|cry more
|inactive|crazyhamburger has 120 seconds left.
|
|t:|1631210986
|move|p1a: Abomasnow|Earth Power|p2a: Aggron
|-supereffective|p2a: Aggron
|-damage|p2a: Aggron|0 fnt
|faint|p2a: Aggron
|
|upkeep
|c|☆Setenie ✪|click more
|
|t:|1631210990
|switch|p2a: Charizard|Charizard, F, shiny|64/100 tox
|turn|16
|
|t:|1631210993
|move|p2a: Charizard|Fire Blast|p1a: Abomasnow
|-supereffective|p1a: Abomasnow
|-damage|p1a: Abomasnow|0 fnt
|faint|p1a: Abomasnow
|
|-damage|p2a: Charizard|58/100 tox|[from] psn
|upkeep
|
|t:|1631210998
|switch|p1a: Articuno|Articuno-Galar|100/100
|turn|17
|c|☆crazyhamburger|lul
|
|t:|1631211002
|move|p2a: Charizard|Roost|p2a: Charizard
|-heal|p2a: Charizard|100/100 tox
|-singleturn|p2a: Charizard|move: Roost
|move|p1a: Articuno|Hurricane|p2a: Charizard
|-damage|p2a: Charizard|23/100 tox
|
|-damage|p2a: Charizard|11/100 tox|[from] psn
|upkeep
|turn|18
|c|☆Setenie ✪|so difficult!!!
|
|t:|1631211019
|switch|p1a: Passimian|Passimian, F|100/100
|move|p2a: Charizard|Roost|p2a: Charizard
|-heal|p2a: Charizard|61/100 tox
|-singleturn|p2a: Charizard|move: Roost
|
|-damage|p2a: Charizard|43/100 tox|[from] psn
|upkeep
|turn|19
|
|t:|1631211027
|move|p2a: Charizard|Hurricane|p1a: Passimian
|-supereffective|p1a: Passimian
|-damage|p1a: Passimian|0 fnt
|faint|p1a: Passimian
|
|-damage|p2a: Charizard|19/100 tox|[from] psn
|upkeep
|c|☆Setenie ✪|xd
|c|☆crazyhamburger|lul
|c|☆Setenie ✪|just another
|c|☆Setenie ✪|brainless clicker
|
|t:|1631211038
|switch|p1a: Ribombee|Ribombee, F|100/100
|turn|20
|c|☆crazyhamburger|what do u want me to do
|c|☆Setenie ✪|stfu, win and go away
|c|☆crazyhamburger|of course u assume your moves will land
|c|☆Setenie ✪|thats what I want
|c|☆crazyhamburger|dumbass
|
|t:|1631211062
|move|p1a: Ribombee|Moonblast|p2a: Charizard
|-resisted|p2a: Charizard
|-damage|p2a: Charizard|0 fnt
|faint|p2a: Charizard
|
|upkeep
|
|t:|1631211070
|switch|p2a: Sandaconda|Sandaconda, M|100/100
|turn|21
|
|t:|1631211075
|move|p1a: Ribombee|Moonblast|p2a: Sandaconda
|-damage|p2a: Sandaconda|51/100
|move|p2a: Sandaconda|Glare|p1a: Ribombee
|-status|p1a: Ribombee|par
|
|upkeep
|turn|22
|
|t:|1631211081
|move|p2a: Sandaconda|Stealth Rock|p1a: Ribombee
|-sidestart|p1: Setenie ✪|move: Stealth Rock
|move|p1a: Ribombee|Moonblast|p2a: Sandaconda
|-damage|p2a: Sandaconda|3/100
|
|upkeep
|turn|23
|
|t:|1631211085
|move|p2a: Sandaconda|Rest|p2a: Sandaconda
|-status|p2a: Sandaconda|slp|[from] move: Rest
|-heal|p2a: Sandaconda|100/100 slp|[silent]
|move|p1a: Ribombee|Moonblast|p2a: Sandaconda
|-damage|p2a: Sandaconda|44/100 slp
|
|upkeep
|turn|24
|
|t:|1631211092
|cant|p2a: Sandaconda|slp
|move|p1a: Ribombee|Moonblast|p2a: Sandaconda
|-damage|p2a: Sandaconda|0 fnt
|faint|p2a: Sandaconda
|
|upkeep
|
|t:|1631211100
|switch|p2a: Ribombee|Ribombee, M|100/100
|turn|25
|
|t:|1631211104
|move|p2a: Ribombee|Quiver Dance|p2a: Ribombee
|-boost|p2a: Ribombee|spa|1
|-boost|p2a: Ribombee|spd|1
|-boost|p2a: Ribombee|spe|1
|move|p1a: Ribombee|Stun Spore|p2a: Ribombee
|-status|p2a: Ribombee|par
|
|upkeep
|turn|26
|
|t:|1631211133
|switch|p1a: Articuno|Articuno-Galar|100/100
|move|p2a: Ribombee|Moonblast|p1a: Articuno
|-damage|p1a: Articuno|45/100
|-unboost|p1a: Articuno|spa|1
|-ability|p1a: Articuno|Competitive
|-boost|p1a: Articuno|spa|2
|
|upkeep
|turn|27
|
|t:|1631211142
|move|p2a: Ribombee|Moonblast|p1a: Articuno
|-damage|p1a: Articuno|0 fnt
|faint|p1a: Articuno
|
|upkeep
|
|t:|1631211145
|switch|p1a: Ribombee|Ribombee, F|100/100 par
|turn|28
|
|t:|1631211148
|move|p2a: Ribombee|Moonblast|p1a: Ribombee
|-damage|p1a: Ribombee|1/100 par
|move|p1a: Ribombee|Moonblast|p2a: Ribombee
|-damage|p2a: Ribombee|57/100 par
|
|upkeep
|turn|29
|c|☆crazyhamburger|another brainless dicker
|c|☆crazyhamburger|so sad
|c|☆Setenie ✪|parawaht?
|c|☆crazyhamburger|smh
|c|☆Setenie ✪|yeah
|c|☆Setenie ✪|just clicking
|c|☆Setenie ✪|being parad
|c|☆Setenie ✪|but nothing for you
|l|☆Setenie ✪
|inactive|Setenie ✪ disconnected and has a minute to reconnect!
|player|p1|
|
|t:|1631211175
|cant|p2a: Ribombee|par
|cant|p1a: Ribombee|par
|
|upkeep
|turn|30
|-message|Setenie ✪ forfeited by changing their name.
|
|win|crazyhamburger
|raw|Setenie ✪'s rating: 1308 &rarr; <strong>1285</strong><br />(-23 for losing)
|raw|crazyhamburger's rating: 1249 &rarr; <strong>1278</strong><br />(+29 for winning)
||Ladder isn't responding, score probably updated but might not have (Request timeout).
