|j|☆Vy8
|j|☆tryingnewsso
|t:|1628689387
|gametype|singles
|player|p1|Vy8|blackbelt-gen4dp|1485
|player|p2|tryingnewsso|170|1338
|teamsize|p1|6
|teamsize|p2|6
|gen|8
|tier|[Gen 8] PU
|rated|
|rule|Sleep Clause Mod: Limit one foe put to sleep
|rule|Species Clause: Limit one of each Pokémon
|rule|OHKO Clause: OHKO moves are banned
|rule|Evasion Moves Clause: Evasion moves are banned
|rule|Endless Battle Clause: Forcing endless battles is banned
|rule|HP Percentage Mod: HP is shown in percentages
|rule|Dynamax Clause: You cannot dynamax
|clearpoke
|poke|p1|Torchic, M|
|poke|p1|Carbink|
|poke|p1|Emolga, M|
|poke|p1|Bunnelby, M|
|poke|p1|Ludicolo, M|
|poke|p1|Cryogonal|
|poke|p2|Articuno-Galar|
|poke|p2|Silvally-*|
|poke|p2|Trevenant, M|
|poke|p2|Sandaconda, F|
|poke|p2|Altaria, M|
|poke|p2|Quagsire, F|
|teampreview
|
|t:|1628689415
|start
|switch|p1a: Emolga|Emolga, M|100/100
|switch|p2a: Trevenant|Trevenant, M|100/100
|turn|1
|
|t:|1628689427
|move|p1a: Emolga|Volt Switch|p2a: Trevenant
|-resisted|p2a: Trevenant
|-damage|p2a: Trevenant|84/100
|
|t:|1628689432
|switch|p1a: Carbink|Carbink|100/100|[from]move: Volt Switch
|move|p2a: Trevenant|Poltergeist|p1a: Carbink
|-activate|p1a: Carbink|move: Poltergeist|Heavy-Duty Boots
|-damage|p1a: Carbink|37/100
|
|upkeep
|turn|2
|
|t:|1628689434
|switch|p1a: Bunnelby|Bunnelby, M|100/100
|move|p2a: Trevenant|Poltergeist|p1a: Bunnelby
|-immune|p1a: Bunnelby
|
|upkeep
|turn|3
|
|t:|1628689445
|switch|p2a: Articuno|Articuno-Galar|100/100
|move|p1a: Bunnelby|U-turn|p2a: Articuno
|-damage|p2a: Articuno|51/100
|
|t:|1628689449
|switch|p1a: Emolga|Emolga, M|100/100|[from]move: U-turn
|
|upkeep
|turn|4
|
|t:|1628689455
|switch|p2a: Sandaconda|Sandaconda, F|100/100
|move|p1a: Emolga|Thunderbolt|p2a: Sandaconda
|-immune|p2a: Sandaconda
|
|upkeep
|turn|5
|
|t:|1628689457
|move|p1a: Emolga|Energy Ball|p2a: Sandaconda
|-supereffective|p2a: Sandaconda
|-damage|p2a: Sandaconda|45/100
|move|p2a: Sandaconda|Stealth Rock|p1a: Emolga
|-sidestart|p1: Vy8|move: Stealth Rock
|
|upkeep
|turn|6
|
|t:|1628689463
|switch|p2a: Altaria|Altaria, M|100/100
|move|p1a: Emolga|Energy Ball|p2a: Altaria
|-resisted|p2a: Altaria
|-damage|p2a: Altaria|97/100
|
|upkeep
|turn|7
|
|t:|1628689466
|move|p1a: Emolga|Volt Switch|p2a: Altaria
|-damage|p2a: Altaria|80/100
|
|t:|1628689468
|switch|p1a: Cryogonal|Cryogonal|100/100|[from]move: Volt Switch
|move|p2a: Altaria|Toxic|p1a: Cryogonal|[miss]
|-miss|p2a: Altaria|p1a: Cryogonal
|
|upkeep
|turn|8
|
|t:|1628689474
|switch|p2a: Silvally|Silvally-Fairy|100/100
|move|p1a: Cryogonal|Defog|p2a: Silvally
|-unboost|p2a: Silvally|evasion|1
|-sideend|p1: Vy8|Stealth Rock|[from] move: Defog|[of] p1a: Cryogonal
|
|upkeep
|turn|9
|
|t:|1628689482
|move|p1a: Cryogonal|Toxic|p2a: Silvally
|-status|p2a: Silvally|tox
|move|p2a: Silvally|Flame Charge|p1a: Cryogonal
|-supereffective|p1a: Cryogonal
|-crit|p1a: Cryogonal
|-damage|p1a: Cryogonal|33/100
|-boost|p2a: Silvally|spe|1
|
|-damage|p2a: Silvally|94/100 tox|[from] psn
|upkeep
|turn|10
|
|t:|1628689493
|switch|p1a: Carbink|Carbink|37/100
|move|p2a: Silvally|Multi-Attack|p1a: Carbink
|-damage|p1a: Carbink|0 fnt
|faint|p1a: Carbink
|
|-damage|p2a: Silvally|82/100 tox|[from] psn
|upkeep
|
|t:|1628689500
|switch|p1a: Ludicolo|Ludicolo, M|100/100
|turn|11
|
|t:|1628689510
|move|p2a: Silvally|Multi-Attack|p1a: Ludicolo
|-damage|p1a: Ludicolo|27/100
|move|p1a: Ludicolo|Hydro Pump|p2a: Silvally
|-damage|p2a: Silvally|18/100 tox
|-damage|p1a: Ludicolo|17/100|[from] item: Life Orb
|
|-damage|p2a: Silvally|0 fnt|[from] psn
|faint|p2a: Silvally
|upkeep
|
|t:|1628689514
|switch|p2a: Articuno|Articuno-Galar|51/100
|turn|12
|
|t:|1628689528
|switch|p1a: Emolga|Emolga, M|100/100
|move|p2a: Articuno|U-turn|p1a: Emolga
|-resisted|p1a: Emolga
|-damage|p1a: Emolga|88/100
|inactive|Battle timer is ON: inactive players will automatically lose when time's up. (requested by Vy8)
|
|t:|1628689541
|switch|p2a: Altaria|Altaria, M|80/100|[from]move: U-turn
|
|upkeep
|turn|13
|
|t:|1628689547
|move|p1a: Emolga|Volt Switch|p2a: Altaria
|-damage|p2a: Altaria|63/100
|
|t:|1628689552
|switch|p1a: Cryogonal|Cryogonal|33/100|[from]move: Volt Switch
|move|p2a: Altaria|Flamethrower|p1a: Cryogonal
|-supereffective|p1a: Cryogonal
|-damage|p1a: Cryogonal|11/100
|
|upkeep
|turn|14
|
|t:|1628689560
|move|p1a: Cryogonal|Freeze-Dry|p2a: Altaria
|-supereffective|p2a: Altaria
|-damage|p2a: Altaria|2/100
|move|p2a: Altaria|Toxic|p1a: Cryogonal
|-status|p1a: Cryogonal|tox
|
|-damage|p1a: Cryogonal|5/100 tox|[from] psn
|upkeep
|turn|15
|
|t:|1628689567
|move|p1a: Cryogonal|Recover|p1a: Cryogonal
|-heal|p1a: Cryogonal|55/100 tox
|move|p2a: Altaria|Flamethrower|p1a: Cryogonal
|-supereffective|p1a: Cryogonal
|-damage|p1a: Cryogonal|31/100 tox
|
|-damage|p1a: Cryogonal|18/100 tox|[from] psn
|upkeep
|turn|16
|
|t:|1628689571
|move|p1a: Cryogonal|Freeze-Dry|p2a: Altaria
|-supereffective|p2a: Altaria
|-crit|p2a: Altaria
|-damage|p2a: Altaria|0 fnt
|faint|p2a: Altaria
|
|-damage|p1a: Cryogonal|0 fnt|[from] psn
|faint|p1a: Cryogonal
|upkeep
|
|t:|1628689582
|switch|p1a: Ludicolo|Ludicolo, M|17/100
|switch|p2a: Trevenant|Trevenant, M|84/100
|turn|17
|
|t:|1628689595
|move|p1a: Ludicolo|Ice Beam|p2a: Trevenant
|-supereffective|p2a: Trevenant
|-damage|p2a: Trevenant|0 fnt
|faint|p2a: Trevenant
|-damage|p1a: Ludicolo|7/100|[from] item: Life Orb
|
|upkeep
|
|t:|1628689597
|switch|p2a: Articuno|Articuno-Galar|51/100
|turn|18
|
|t:|1628689608
|move|p2a: Articuno|Recover|p2a: Articuno
|-heal|p2a: Articuno|100/100
|move|p1a: Ludicolo|Ice Beam|p2a: Articuno
|-supereffective|p2a: Articuno
|-damage|p2a: Articuno|21/100
|-damage|p1a: Ludicolo|0 fnt|[from] item: Life Orb
|faint|p1a: Ludicolo
|
|upkeep
|
|t:|1628689613
|switch|p1a: Emolga|Emolga, M|88/100
|turn|19
|
|t:|1628689618
|move|p1a: Emolga|Thunderbolt|p2a: Articuno
|-supereffective|p2a: Articuno
|-damage|p2a: Articuno|0 fnt
|faint|p2a: Articuno
|
|upkeep
|-message|tryingnewsso forfeited.
|
|win|Vy8
|l|☆tryingnewsso
|raw|Vy8's rating: 1485 &rarr; <strong>1497</strong><br />(+12 for winning)
|raw|tryingnewsso's rating: 1338 &rarr; <strong>1326</strong><br />(-12 for losing)
||Ladder isn't responding, score probably updated but might not have (Request timeout).
