|j|☆kacj0
|j|☆22ncimi
|t:|1638637598
|gametype|singles
|player|p1|kacj0|veteran-gen4|1283
|player|p2|22ncimi|2|1326
|teamsize|p1|6
|teamsize|p2|6
|gen|8
|tier|[Gen 8] PU
|rated|
|rule|Sleep Clause Mod: Limit one foe put to sleep
|rule|Species Clause: Limit one of each Pokémon
|rule|OHKO Clause: OHKO moves are banned
|rule|Evasion Moves Clause: Evasion moves are banned
|rule|Endless Battle Clause: Forcing endless battles is banned
|rule|HP Percentage Mod: HP is shown in percentages
|rule|Dynamax Clause: You cannot dynamax
|clearpoke
|poke|p1|Sawk, M|
|poke|p1|Gallade, M|
|poke|p1|Farfetch’d-Galar, F|
|poke|p1|Hitmontop, M|
|poke|p1|Hitmonchan, M|
|poke|p1|Hitmonlee, M|
|poke|p2|Aggron, F|
|poke|p2|Claydol|
|poke|p2|Tsareena, F|
|poke|p2|Gigalith, F|
|poke|p2|Lycanroc, F|
|poke|p2|Hitmonlee, M|
|teampreview
|inactive|Battle timer is ON: inactive players will automatically lose when time's up. (requested by kacj0)
|c|☆22ncimi|geez
|c|☆22ncimi|mono fighting
|c|☆kacj0|!
|c|☆kacj0|no
|c|☆kacj0|mono coolness
|c|☆22ncimi|no?
|c|☆22ncimi|lol
|inactive|22ncimi has 120 seconds left.
|c|☆22ncimi|i dont like hitmontop tho :/
|c|☆kacj0|y!
|
|t:|1638637677
|start
|switch|p1a: Hitmonlee|Hitmonlee, M|100/100
|switch|p2a: Tsareena|Tsareena, F|100/100
|turn|1
|
|t:|1638637684
|move|p1a: Hitmonlee|High Jump Kick|p2a: Tsareena
|-damage|p2a: Tsareena|24/100
|move|p2a: Tsareena|Triple Axel|p1a: Hitmonlee
|-damage|p1a: Hitmonlee|73/100
|-damage|p1a: Hitmonlee|22/100
|-damage|p1a: Hitmonlee|0 fnt
|faint|p1a: Hitmonlee
|-hitcount|p1: Hitmonlee|3
|
|upkeep
|c|☆22ncimi|design
|
|t:|1638637694
|switch|p1a: Hitmonchan|Hitmonchan, M|100/100
|turn|2
|
|t:|1638637703
|move|p1a: Hitmonchan|Close Combat|p2a: Tsareena
|-damage|p2a: Tsareena|0 fnt
|-unboost|p1a: Hitmonchan|def|1
|-unboost|p1a: Hitmonchan|spd|1
|faint|p2a: Tsareena
|
|upkeep
|
|t:|1638637718
|switch|p2a: Claydol|Claydol|100/100
|turn|3
|
|t:|1638637723
|switch|p1a: Gallade|Gallade, M|100/100
|move|p2a: Claydol|Psychic|p1a: Gallade
|-damage|p1a: Gallade|65/100
|-unboost|p1a: Gallade|spd|1
|
|upkeep
|turn|4
|
|t:|1638637732
|move|p1a: Gallade|Knock Off|p2a: Claydol
|-supereffective|p2a: Claydol
|-damage|p2a: Claydol|0 fnt
|-enditem|p2a: Claydol|Assault Vest|[from] move: Knock Off|[of] p1a: Gallade
|faint|p2a: Claydol
|
|upkeep
|c|☆22ncimi|geez
|c|☆kacj0|Iron Man!
|
|t:|1638637755
|switch|p2a: Gigalith|Gigalith, F|100/100
|-weather|Sandstorm|[from] ability: Sand Stream|[of] p2a: Gigalith
|turn|5
|
|t:|1638637762
|switch|p1a: Hitmontop|Hitmontop, M|100/100
|move|p2a: Gigalith|Earthquake|p1a: Hitmontop
|-damage|p1a: Hitmontop|57/100
|
|-weather|Sandstorm|[upkeep]
|-damage|p1a: Hitmontop|50/100|[from] Sandstorm
|-heal|p1a: Hitmontop|57/100|[from] item: Leftovers
|upkeep
|turn|6
|
|t:|1638637771
|switch|p2a: Aggron|Aggron, F|100/100
|move|p1a: Hitmontop|Bulk Up|p1a: Hitmontop
|-boost|p1a: Hitmontop|atk|1
|-boost|p1a: Hitmontop|def|1
|
|-weather|Sandstorm|[upkeep]
|-damage|p1a: Hitmontop|50/100|[from] Sandstorm
|-heal|p1a: Hitmontop|57/100|[from] item: Leftovers
|upkeep
|turn|7
|
|t:|1638637783
|move|p1a: Hitmontop|Mach Punch|p2a: Aggron
|-supereffective|p2a: Aggron
|-damage|p2a: Aggron|0 fnt
|faint|p2a: Aggron
|
|-weather|Sandstorm|[upkeep]
|-damage|p1a: Hitmontop|50/100|[from] Sandstorm
|-heal|p1a: Hitmontop|57/100|[from] item: Leftovers
|upkeep
|
|t:|1638637792
|switch|p2a: Lycanroc|Lycanroc, F|100/100
|turn|8
|j| EmpressoftheElite4
|
|t:|1638637797
|move|p2a: Lycanroc|Close Combat|p1a: Hitmontop
|-damage|p1a: Hitmontop|25/100
|-unboost|p2a: Lycanroc|def|1
|-unboost|p2a: Lycanroc|spd|1
|move|p1a: Hitmontop|Bulk Up|p1a: Hitmontop
|-boost|p1a: Hitmontop|atk|1
|-boost|p1a: Hitmontop|def|1
|
|-weather|Sandstorm|[upkeep]
|-damage|p1a: Hitmontop|19/100|[from] Sandstorm
|-heal|p1a: Hitmontop|25/100|[from] item: Leftovers
|upkeep
|turn|9
|
|t:|1638637812
|move|p1a: Hitmontop|Mach Punch|p2a: Lycanroc
|-supereffective|p2a: Lycanroc
|-enditem|p2a: Lycanroc|Focus Sash
|-damage|p2a: Lycanroc|1/100
|move|p2a: Lycanroc|Close Combat|p1a: Hitmontop
|-damage|p1a: Hitmontop|0 fnt
|-unboost|p2a: Lycanroc|def|1
|-unboost|p2a: Lycanroc|spd|1
|faint|p1a: Hitmontop
|
|-weather|none
|upkeep
|
|t:|1638637824
|switch|p1a: Hitmonchan|Hitmonchan, M|100/100
|turn|10
|
|t:|1638637828
|move|p2a: Lycanroc|Accelerock|p1a: Hitmonchan
|-resisted|p1a: Hitmonchan
|-damage|p1a: Hitmonchan|81/100
|move|p1a: Hitmonchan|Close Combat|p2a: Lycanroc
|-supereffective|p2a: Lycanroc
|-damage|p2a: Lycanroc|0 fnt
|-unboost|p1a: Hitmonchan|def|1
|-unboost|p1a: Hitmonchan|spd|1
|faint|p2a: Lycanroc
|
|upkeep
|
|t:|1638637848
|switch|p2a: Hitmonlee|Hitmonlee, M|100/100
|turn|11
|c|☆kacj0|we are brothers
|
|t:|1638637858
|move|p2a: Hitmonlee|Endure|p2a: Hitmonlee
|-singleturn|p2a: Hitmonlee|move: Endure
|move|p1a: Hitmonchan|Close Combat|p2a: Hitmonlee
|-activate|p2a: Hitmonlee|move: Endure
|-damage|p2a: Hitmonlee|1/100
|-unboost|p1a: Hitmonchan|def|1
|-unboost|p1a: Hitmonchan|spd|1
|-enditem|p2a: Hitmonlee|Liechi Berry|[eat]
|-boost|p2a: Hitmonlee|atk|1|[from] item: Liechi Berry
|
|upkeep
|turn|12
|
|t:|1638637867
|move|p2a: Hitmonlee|Mach Punch|p1a: Hitmonchan
|-damage|p1a: Hitmonchan|0 fnt
|faint|p1a: Hitmonchan
|
|upkeep
|
|t:|1638637873
|switch|p1a: Sawk|Sawk, M|100/100
|turn|13
|c|☆22ncimi|yes my brotha
|
|t:|1638637882
|move|p2a: Hitmonlee|Reversal|p1a: Sawk
|-ability|p1a: Sawk|Sturdy
|-damage|p1a: Sawk|1/100
|move|p1a: Sawk|Close Combat|p2a: Hitmonlee
|-damage|p2a: Hitmonlee|0 fnt
|-unboost|p1a: Sawk|def|1
|-unboost|p1a: Sawk|spd|1
|faint|p2a: Hitmonlee
|
|upkeep
|
|t:|1638637887
|switch|p2a: Gigalith|Gigalith, F|100/100
|-weather|Sandstorm|[from] ability: Sand Stream|[of] p2a: Gigalith
|turn|14
|c|☆kacj0|murderer...
|
|t:|1638637894
|move|p2a: Gigalith|Protect|p2a: Gigalith
|-singleturn|p2a: Gigalith|Protect
|move|p1a: Sawk|Close Combat|p2a: Gigalith
|-activate|p2a: Gigalith|move: Protect
|
|-weather|Sandstorm|[upkeep]
|-damage|p1a: Sawk|0 fnt|[from] Sandstorm
|faint|p1a: Sawk
|upkeep
|
|t:|1638637903
|switch|p1a: Gallade|Gallade, M|65/100
|turn|15
|c|☆22ncimi|well gg
|
|t:|1638637910
|move|p1a: Gallade|Close Combat|p2a: Gigalith
|-supereffective|p2a: Gigalith
|-damage|p2a: Gigalith|0 fnt
|-unboost|p1a: Gallade|def|1
|-unboost|p1a: Gallade|spd|1
|faint|p2a: Gigalith
|
|win|kacj0
|raw|kacj0's rating: 1283 &rarr; <strong>1311</strong><br />(+28 for winning)
|raw|22ncimi's rating: 1326 &rarr; <strong>1304</strong><br />(-22 for losing)
|c|☆kacj0|gg
|l|☆22ncimi
