|j|☆no moomin
|j|☆Underaged Clown
|t:|1617964385
|gametype|singles
|player|p1|no moomin|unknownf|
|player|p2|Underaged Clown|harlequin|
|teamsize|p1|6
|teamsize|p2|6
|gen|8
|tier|[Gen 8] PU
|rated|Tournament battle
|clearpoke
|poke|p1|Scyther, M|
|poke|p1|Xatu, F|
|poke|p1|Rhydon, M|
|poke|p1|Weezing, M|
|poke|p1|Whimsicott, M|
|poke|p1|Togedemaru, M|
|poke|p2|Gallade, M|
|poke|p2|Skuntank, F|
|poke|p2|Jynx, F|
|poke|p2|Lycanroc, F|
|poke|p2|Togedemaru, M|
|poke|p2|Cursola, F|
|rule|Sleep Clause Mod: Limit one foe put to sleep
|rule|Species Clause: Limit one of each Pokémon
|rule|OHKO Clause: OHKO moves are banned
|rule|Evasion Moves Clause: Evasion moves are banned
|rule|Endless Battle Clause: Forcing endless battles is banned
|rule|HP Percentage Mod: HP is shown in percentages
|rule|Dynamax Clause: You cannot dynamax
|teampreview
|c|☆Underaged Clown|gl hf
|c|☆no moomin|hf
|
|t:|1617964411
|start
|switch|p1a: Whimsicott|Whimsicott, M, shiny|100/100
|switch|p2a: Lycanroc|Lycanroc, F|100/100
|turn|1
|
|t:|1617964422
|move|p1a: Whimsicott|Energy Ball|p2a: Lycanroc
|-supereffective|p2a: Lycanroc
|-enditem|p2a: Lycanroc|Focus Sash
|-damage|p2a: Lycanroc|1/100
|move|p2a: Lycanroc|Taunt|p1a: Whimsicott
|-start|p1a: Whimsicott|move: Taunt
|
|upkeep
|turn|2
|
|t:|1617964429
|switch|p2a: Skuntank|Skuntank, F|100/100
|move|p1a: Whimsicott|Energy Ball|p2a: Skuntank
|-resisted|p2a: Skuntank
|-damage|p2a: Skuntank|70/100
|
|-heal|p2a: Skuntank|76/100|[from] item: Black Sludge
|upkeep
|turn|3
|
|t:|1617964438
|switch|p1a: Rhydon|Rhydon, M|100/100
|switch|p2a: Lycanroc|Lycanroc, F|1/100
|
|upkeep
|turn|4
|
|t:|1617964442
|move|p2a: Lycanroc|Endeavor|p1a: Rhydon
|-damage|p1a: Rhydon|1/100
|move|p1a: Rhydon|Earthquake|p2a: Lycanroc
|-supereffective|p2a: Lycanroc
|-crit|p2a: Lycanroc
|-damage|p2a: Lycanroc|0 fnt
|faint|p2a: Lycanroc
|
|upkeep
|
|t:|1617964448
|switch|p2a: Togedemaru|Togedemaru, M|100/100
|turn|5
|
|t:|1617964456
|move|p2a: Togedemaru|Fell Stinger|p1a: Rhydon
|-damage|p1a: Rhydon|0 fnt
|-boost|p2a: Togedemaru|atk|3
|faint|p1a: Rhydon
|
|upkeep
|
|t:|1617964466
|switch|p1a: Scyther|Scyther, M|100/100
|turn|6
|
|t:|1617964468
|move|p1a: Scyther|U-turn|p2a: Togedemaru
|-resisted|p2a: Togedemaru
|-damage|p2a: Togedemaru|72/100
|
|t:|1617964471
|switch|p1a: Togedemaru|Togedemaru, M, shiny|100/100|[from]move: U-turn
|move|p2a: Togedemaru|Zing Zap|p1a: Togedemaru
|-ability|p1a: Togedemaru|Lightning Rod|boost
|-boost|p1a: Togedemaru|spa|1
|
|upkeep
|turn|7
|
|t:|1617964486
|move|p1a: Togedemaru|U-turn|p2a: Togedemaru
|-resisted|p2a: Togedemaru
|-damage|p2a: Togedemaru|55/100
|
|t:|1617964489
|switch|p1a: Xatu|Xatu, F|100/100|[from]move: U-turn
|move|p2a: Togedemaru|Iron Head|p1a: Xatu
|-damage|p1a: Xatu|23/100
|
|upkeep
|turn|8
|
|t:|1617964494
|move|p2a: Togedemaru|Fell Stinger|p1a: Xatu
|-damage|p1a: Xatu|0 fnt
|-boost|p2a: Togedemaru|atk|3
|faint|p1a: Xatu
|
|upkeep
|inactive|Battle timer is ON: inactive players will automatically lose when time's up. (requested by Underaged Clown)
|
|t:|1617964531
|switch|p1a: Scyther|Scyther, M|100/100
|turn|9
|
|t:|1617964537
|move|p1a: Scyther|Knock Off|p2a: Togedemaru
|-damage|p2a: Togedemaru|3/100
|-enditem|p2a: Togedemaru|Salac Berry|[from] move: Knock Off|[of] p1a: Scyther
|move|p2a: Togedemaru|Iron Head|p1a: Scyther
|-damage|p1a: Scyther|0 fnt
|faint|p1a: Scyther
|
|upkeep
|
|t:|1617964542
|switch|p1a: Whimsicott|Whimsicott, M, shiny|100/100
|turn|10
|
|t:|1617964550
|move|p1a: Whimsicott|U-turn|p2a: Togedemaru
|-resisted|p2a: Togedemaru
|-damage|p2a: Togedemaru|0 fnt
|faint|p2a: Togedemaru
|
|t:|1617964556
|switch|p1a: Togedemaru|Togedemaru, M, shiny|100/100|[from]move: U-turn
|
|upkeep
|
|t:|1617964561
|switch|p2a: Cursola|Cursola, F|100/100
|turn|11
|
|t:|1617964565
|move|p1a: Togedemaru|Iron Head|p2a: Cursola
|-damage|p2a: Cursola|26/100
|-ability|p2a: Cursola|Weak Armor|boost
|-unboost|p2a: Cursola|def|1
|-boost|p2a: Cursola|spe|2
|move|p2a: Cursola|Shadow Ball|p1a: Togedemaru
|-damage|p1a: Togedemaru|28/100
|-unboost|p1a: Togedemaru|spd|1
|
|upkeep
|turn|12
|
|t:|1617964570
|move|p2a: Cursola|Endure|p2a: Cursola
|-singleturn|p2a: Cursola|move: Endure
|move|p1a: Togedemaru|Iron Head|p2a: Cursola
|-crit|p2a: Cursola
|-activate|p2a: Cursola|move: Endure
|-damage|p2a: Cursola|1/100
|-ability|p2a: Cursola|Weak Armor|boost
|-unboost|p2a: Cursola|def|1
|-boost|p2a: Cursola|spe|2
|
|upkeep
|turn|13
|
|t:|1617964575
|move|p2a: Cursola|Shadow Ball|p1a: Togedemaru
|-crit|p1a: Togedemaru
|-damage|p1a: Togedemaru|0 fnt
|faint|p1a: Togedemaru
|
|upkeep
|
|t:|1617964577
|switch|p1a: Weezing|Weezing, M, shiny|100/100
|turn|14
|
|t:|1617964581
|move|p2a: Cursola|Shadow Ball|p1a: Weezing
|-damage|p1a: Weezing|38/100
|-unboost|p1a: Weezing|spd|1
|move|p1a: Weezing|Sludge Bomb|p2a: Cursola
|-resisted|p2a: Cursola
|-damage|p2a: Cursola|0 fnt
|faint|p2a: Cursola
|
|-heal|p1a: Weezing|44/100|[from] item: Black Sludge
|upkeep
|
|t:|1617964586
|switch|p2a: Jynx|Jynx, F|100/100
|turn|15
|
|t:|1617964589
|move|p2a: Jynx|Psychic|p1a: Weezing
|-supereffective|p1a: Weezing
|-damage|p1a: Weezing|0 fnt
|faint|p1a: Weezing
|
|upkeep
|
|t:|1617964590
|switch|p1a: Whimsicott|Whimsicott, M, shiny|100/100
|turn|16
|
|t:|1617964594
|switch|p2a: Skuntank|Skuntank, F|76/100
|move|p1a: Whimsicott|Moonblast|p2a: Skuntank
|-damage|p2a: Skuntank|13/100
|-unboost|p2a: Skuntank|spa|1
|
|-heal|p2a: Skuntank|19/100|[from] item: Black Sludge
|upkeep
|turn|17
|
|t:|1617964596
|move|p2a: Skuntank|Sucker Punch|p1a: Whimsicott
|-resisted|p1a: Whimsicott
|-damage|p1a: Whimsicott|84/100
|move|p1a: Whimsicott|Moonblast|p2a: Skuntank
|-damage|p2a: Skuntank|0 fnt
|faint|p2a: Skuntank
|
|upkeep
|
|t:|1617964599
|switch|p2a: Jynx|Jynx, F|100/100
|turn|18
|
|t:|1617964601
|move|p2a: Jynx|Ice Beam|p1a: Whimsicott
|-supereffective|p1a: Whimsicott
|-damage|p1a: Whimsicott|0 fnt
|faint|p1a: Whimsicott
|
|win|Underaged Clown
|n|☆no moomin|nomoomin
|n|☆Underaged Clown|underagedclown
|c|☆Underaged Clown|gg
|c|☆no moomin|gg
|l|☆no moomin
|l|☆Underaged Clown
|j| MalMoonsault
|j|%sparksblade
