|j|☆SMOKETHESEMEATS
|j|☆AwesomePU
|t:|1655673637
|gametype|singles
|player|p1|SMOKETHESEMEATS|red-gen2|1348
|player|p2|AwesomePU|brycenman|1418
|teamsize|p1|6
|teamsize|p2|6
|gen|8
|tier|[Gen 8] PU
|rated|
|rule|Sleep Clause Mod: Limit one foe put to sleep
|rule|Species Clause: Limit one of each Pokémon
|rule|OHKO Clause: OHKO moves are banned
|rule|Evasion Moves Clause: Evasion moves are banned
|rule|Endless Battle Clause: Forcing endless battles is banned
|rule|HP Percentage Mod: HP is shown in percentages
|rule|Dynamax Clause: You cannot dynamax
|clearpoke
|poke|p1|Comfey, F|
|poke|p1|Quagsire, F|
|poke|p1|Absol, F|
|poke|p1|Articuno-Galar|
|poke|p1|Charizard, M|
|poke|p1|Togedemaru, F|
|poke|p2|Cradily, F|
|poke|p2|Aromatisse, F|
|poke|p2|Aggron, M|
|poke|p2|Claydol|
|poke|p2|Lanturn, M|
|poke|p2|Absol, M|
|teampreview
|inactive|Battle timer is ON: inactive players will automatically lose when time's up. (requested by AwesomePU)
|
|t:|1655673677
|start
|switch|p1a: DevilWearsPrada|Absol, F|100/100
|switch|p2a: Princess|Aromatisse, F|100/100
|turn|1
|
|t:|1655673686
|switch|p1a: Togedemaru|Togedemaru, F|100/100
|move|p2a: Princess|Moonblast|p1a: Togedemaru
|-resisted|p1a: Togedemaru
|-damage|p1a: Togedemaru|73/100
|
|upkeep
|turn|2
|
|t:|1655673691
|move|p2a: Princess|Protect|p2a: Princess
|-singleturn|p2a: Princess|Protect
|move|p1a: Togedemaru|U-turn|p2a: Princess
|-activate|p2a: Princess|move: Protect
|
|upkeep
|turn|3
|
|t:|1655673696
|move|p1a: Togedemaru|U-turn|p2a: Princess
|-resisted|p2a: Princess
|-damage|p2a: Princess|90/100
|
|t:|1655673699
|switch|p1a: Krakatoa|Charizard, M|100/100|[from]move: U-turn
|move|p2a: Princess|Wish|p2a: Princess
|
|-heal|p2a: Princess|96/100|[from] item: Leftovers
|upkeep
|turn|4
|
|t:|1655673709
|switch|p1a: Togedemaru|Togedemaru, F|73/100
|switch|p2a: Baedily|Cradily, F|100/100
|
|upkeep
|turn|5
|
|t:|1655673716
|switch|p2a: Fish God|Lanturn, M|100/100
|move|p1a: Togedemaru|Iron Head|p2a: Fish God
|-resisted|p2a: Fish God
|-damage|p2a: Fish God|83/100
|
|upkeep
|turn|6
|
|t:|1655673724
|switch|p1a: Grimes|Comfey, F|100/100
|move|p2a: Fish God|Scald|p1a: Grimes
|-damage|p1a: Grimes|70/100
|
|upkeep
|turn|7
|
|t:|1655673728
|switch|p2a: A GG ron|Aggron, M|100/100
|move|p1a: Grimes|Giga Drain|p2a: A GG ron
|-damage|p2a: A GG ron|53/100
|-heal|p1a: Grimes|92/100|[from] drain|[of] p2a: A GG ron
|-damage|p1a: Grimes|82/100|[from] item: Life Orb
|
|upkeep
|turn|8
|
|t:|1655673738
|switch|p1a: Literally Me|Quagsire, F|100/100
|move|p2a: A GG ron|Head Smash|p1a: Literally Me
|-resisted|p1a: Literally Me
|-damage|p1a: Literally Me|63/100
|
|-heal|p1a: Literally Me|69/100|[from] item: Leftovers
|upkeep
|turn|9
|
|t:|1655673747
|switch|p2a: Baedily|Cradily, F|100/100
|move|p1a: Literally Me|Earthquake|p2a: Baedily
|-damage|p2a: Baedily|75/100
|
|-heal|p2a: Baedily|81/100|[from] item: Leftovers
|-heal|p1a: Literally Me|76/100|[from] item: Leftovers
|upkeep
|turn|10
|
|t:|1655673755
|switch|p1a: Togedemaru|Togedemaru, F|73/100
|move|p2a: Baedily|Stealth Rock|p1a: Togedemaru
|-sidestart|p1: SMOKETHESEMEATS|move: Stealth Rock
|
|-heal|p2a: Baedily|87/100|[from] item: Leftovers
|upkeep
|turn|11
|
|t:|1655673759
|switch|p2a: Fish God|Lanturn, M|83/100
|move|p1a: Togedemaru|Iron Head|p2a: Fish God
|-resisted|p2a: Fish God
|-damage|p2a: Fish God|66/100
|
|upkeep
|turn|12
|
|t:|1655673764
|switch|p1a: Grimes|Comfey, F|82/100
|-damage|p1a: Grimes|70/100|[from] Stealth Rock
|move|p2a: Fish God|Scald|p1a: Grimes
|-damage|p1a: Grimes|37/100
|
|upkeep
|turn|13
|
|t:|1655673767
|move|p1a: Grimes|Giga Drain|p2a: Fish God
|-supereffective|p2a: Fish God
|-damage|p2a: Fish God|11/100
|-heal|p1a: Grimes|72/100|[from] drain|[of] p2a: Fish God
|-damage|p1a: Grimes|63/100|[from] item: Life Orb
|move|p2a: Fish God|Scald|p1a: Grimes
|-damage|p1a: Grimes|32/100
|
|upkeep
|turn|14
|
|t:|1655673773
|switch|p2a: Baedily|Cradily, F|87/100
|move|p1a: Grimes|Giga Drain|p2a: Baedily
|-damage|p2a: Baedily|69/100
|-heal|p1a: Grimes|43/100|[from] drain|[of] p2a: Baedily
|-damage|p1a: Grimes|33/100|[from] item: Life Orb
|
|-heal|p2a: Baedily|75/100|[from] item: Leftovers
|upkeep
|turn|15
|
|t:|1655673778
|move|p1a: Grimes|Synthesis|p1a: Grimes
|-heal|p1a: Grimes|83/100
|move|p2a: Baedily|Rock Slide|p1a: Grimes
|-damage|p1a: Grimes|53/100
|
|-heal|p2a: Baedily|82/100|[from] item: Leftovers
|upkeep
|turn|16
|
|t:|1655673783
|move|p1a: Grimes|Calm Mind|p1a: Grimes
|-boost|p1a: Grimes|spa|1
|-boost|p1a: Grimes|spd|1
|move|p2a: Baedily|Rock Slide|p1a: Grimes
|-damage|p1a: Grimes|27/100
|
|-heal|p2a: Baedily|88/100|[from] item: Leftovers
|upkeep
|turn|17
|
|t:|1655673789
|switch|p2a: Reaper|Absol, M|100/100
|move|p1a: Grimes|Synthesis|p1a: Grimes
|-heal|p1a: Grimes|77/100
|
|upkeep
|turn|18
|
|t:|1655673791
|move|p1a: Grimes|Draining Kiss|p2a: Reaper
|-supereffective|p2a: Reaper
|-damage|p2a: Reaper|0 fnt
|-heal|p1a: Grimes|100/100|[from] drain|[of] p2a: Reaper
|faint|p2a: Reaper
|-damage|p1a: Grimes|91/100|[from] item: Life Orb
|
|upkeep
|
|t:|1655673794
|switch|p2a: A GG ron|Aggron, M|53/100
|turn|19
|
|t:|1655673796
|move|p1a: Grimes|Giga Drain|p2a: A GG ron
|-damage|p2a: A GG ron|0 fnt
|-heal|p1a: Grimes|100/100|[from] drain|[of] p2a: A GG ron
|faint|p2a: A GG ron
|-damage|p1a: Grimes|91/100|[from] item: Life Orb
|
|upkeep
|c|☆AwesomePU|gg
|c|☆SMOKETHESEMEATS|gg
|
|t:|1655673807
|switch|p2a: Fish God|Lanturn, M|11/100
|turn|20
|
|t:|1655673810
|move|p1a: Grimes|Draining Kiss|p2a: Fish God
|-damage|p2a: Fish God|0 fnt
|-heal|p1a: Grimes|100/100|[from] drain|[of] p2a: Fish God
|faint|p2a: Fish God
|-damage|p1a: Grimes|91/100|[from] item: Life Orb
|
|upkeep
|-message|AwesomePU forfeited.
|
|win|SMOKETHESEMEATS
|raw|SMOKETHESEMEATS's rating: 1348 &rarr; <strong>1372</strong><br />(+24 for winning)
|raw|AwesomePU's rating: 1418 &rarr; <strong>1394</strong><br />(-24 for losing)
|l|☆AwesomePU
|j| Magnitude Report
||Ladder isn't responding, score probably updated but might not have (Request timeout).
