|j|☆WiiShopMusic
|j|☆cafay sen sukr
|t:|1615103189
|player|p1|WiiShopMusic|battlegirl-gen4|1242
|player|p2|cafay sen sukr|swimmer-gen4dp|1462
|teamsize|p1|6
|teamsize|p2|6
|gametype|singles
|gen|8
|tier|[Gen 8] PU
|rated|
|clearpoke
|poke|p1|Scyther, M|
|poke|p1|Regice|
|poke|p1|Turtonator, F|
|poke|p1|Archeops, F|
|poke|p1|Hitmontop, M|
|poke|p1|Audino, M|
|poke|p2|Gourgeist-*, F|
|poke|p2|Regirock|
|poke|p2|Jolteon, M|
|poke|p2|Alcremie, F|
|poke|p2|Exeggutor-Alola, F|
|poke|p2|Articuno|
|rule|Sleep Clause Mod: Limit one foe put to sleep
|rule|Species Clause: Limit one of each Pokémon
|rule|OHKO Clause: OHKO moves are banned
|rule|Evasion Moves Clause: Evasion moves are banned
|rule|Endless Battle Clause: Forcing endless battles is banned
|rule|HP Percentage Mod: HP is shown in percentages
|rule|Dynamax Clause: You cannot dynamax
|teampreview
|
|t:|1615103213
|start
|switch|p1a: Audino|Audino, M|100/100
|switch|p2a: Regirock|Regirock|100/100
|turn|1
|
|t:|1615103220
|move|p2a: Regirock|Body Press|p1a: Audino
|-supereffective|p1a: Audino
|-damage|p1a: Audino|48/100
|move|p1a: Audino|Toxic|p2a: Regirock
|-status|p2a: Regirock|tox
|
|-heal|p1a: Audino|54/100|[from] item: Leftovers
|-damage|p2a: Regirock|94/100 tox|[from] psn
|upkeep
|turn|2
|
|t:|1615103223
|switch|p1a: Hitmontop|Hitmontop, M|100/100
|move|p2a: Regirock|Stealth Rock|p1a: Hitmontop
|-sidestart|p1: WiiShopMusic|move: Stealth Rock
|
|-heal|p2a: Regirock|100/100 tox|[from] item: Leftovers
|-damage|p2a: Regirock|88/100 tox|[from] psn
|upkeep
|turn|3
|
|t:|1615103229
|switch|p2a: Articuno|Articuno|100/100
|-ability|p2a: Articuno|Pressure
|move|p1a: Hitmontop|Rapid Spin|p2a: Articuno
|-damage|p2a: Articuno|86/100
|-boost|p1a: Hitmontop|spe|1
|-sideend|p1: WiiShopMusic|Stealth Rock|[from] move: Rapid Spin|[of] p1a: Hitmontop
|
|upkeep
|turn|4
|j| xxYNWAxx
|
|t:|1615103240
|switch|p1a: Regice|Regice|100/100
|move|p2a: Articuno|Freeze-Dry|p1a: Regice
|-resisted|p1a: Regice
|-damage|p1a: Regice|94/100
|
|-heal|p1a: Regice|99/100|[from] item: Leftovers
|upkeep
|turn|5
|
|t:|1615103244
|switch|p2a: Alcremie|Alcremie, F|100/100
|move|p1a: Regice|Gravity|p1a: Regice
|-fieldstart|move: Gravity
|
|-heal|p1a: Regice|100/100|[from] item: Leftovers
|upkeep
|turn|6
|
|t:|1615103249
|move|p1a: Regice|Zap Cannon|p2a: Alcremie|[miss]
|-miss|p1a: Regice|p2a: Alcremie
|move|p2a: Alcremie|Mystical Fire|p1a: Regice
|-supereffective|p1a: Regice
|-damage|p1a: Regice|77/100
|
|-heal|p1a: Regice|83/100|[from] item: Leftovers
|upkeep
|turn|7
|
|t:|1615103252
|move|p1a: Regice|Zap Cannon|p2a: Alcremie
|-damage|p2a: Alcremie|77/100
|-status|p2a: Alcremie|par
|move|p2a: Alcremie|Mystical Fire|p1a: Regice
|-supereffective|p1a: Regice
|-damage|p1a: Regice|60/100
|
|-heal|p1a: Regice|66/100|[from] item: Leftovers
|-heal|p2a: Alcremie|83/100 par|[from] item: Leftovers
|upkeep
|turn|8
|
|t:|1615103258
|switch|p1a: Audino|Audino, M|87/100
|cant|p2a: Alcremie|par
|
|-heal|p1a: Audino|93/100|[from] item: Leftovers
|-heal|p2a: Alcremie|89/100 par|[from] item: Leftovers
|upkeep
|turn|9
|
|t:|1615103264
|switch|p2a: Regirock|Regirock|88/100 tox
|move|p1a: Audino|Knock Off|p2a: Regirock
|-damage|p2a: Regirock|82/100 tox
|-enditem|p2a: Regirock|Leftovers|[from] move: Knock Off|[of] p1a: Audino
|
|-heal|p1a: Audino|99/100|[from] item: Leftovers
|-damage|p2a: Regirock|76/100 tox|[from] psn
|-fieldend|move: Gravity
|upkeep
|turn|10
|
|t:|1615103267
|move|p2a: Regirock|Stealth Rock|p1a: Audino
|-sidestart|p1: WiiShopMusic|move: Stealth Rock
|move|p1a: Audino|Wish|p1a: Audino
|
|-heal|p1a: Audino|100/100|[from] item: Leftovers
|-damage|p2a: Regirock|64/100 tox|[from] psn
|upkeep
|turn|11
|
|t:|1615103272
|switch|p1a: Hitmontop|Hitmontop, M|100/100
|-damage|p1a: Hitmontop|94/100|[from] Stealth Rock
|move|p2a: Regirock|Toxic|p1a: Hitmontop
|-status|p1a: Hitmontop|tox
|
|-heal|p1a: Hitmontop|100/100 tox|[from] move: Wish|[wisher] Audino
|-damage|p1a: Hitmontop|94/100 tox|[from] psn
|-damage|p2a: Regirock|46/100 tox|[from] psn
|upkeep
|turn|12
|
|t:|1615103276
|switch|p2a: Gourgeist|Gourgeist-Super, F|100/100
|-item|p1a: Hitmontop|Assault Vest|[from] ability: Frisk|[of] p2a: Gourgeist|[identify]
|move|p1a: Hitmontop|Rapid Spin|p2a: Gourgeist
|-immune|p2a: Gourgeist
|
|-damage|p1a: Hitmontop|82/100 tox|[from] psn
|upkeep
|turn|13
|
|t:|1615103280
|move|p1a: Hitmontop|Triple Axel|p2a: Gourgeist
|-supereffective|p2a: Gourgeist
|-damage|p2a: Gourgeist|85/100
|-supereffective|p2a: Gourgeist
|-crit|p2a: Gourgeist
|-damage|p2a: Gourgeist|47/100
|-supereffective|p2a: Gourgeist
|-damage|p2a: Gourgeist|8/100
|-hitcount|p2a: Gourgeist|3
|move|p2a: Gourgeist|Poltergeist|p1a: Hitmontop
|-activate|p1a: Hitmontop|move: Poltergeist|Assault Vest
|-damage|p1a: Hitmontop|0 fnt
|faint|p1a: Hitmontop
|
|upkeep
|
|t:|1615103288
|switch|p1a: Scyther|Scyther, M|100/100
|turn|14
|
|t:|1615103296
|move|p1a: Scyther|Knock Off|p2a: Gourgeist
|-supereffective|p2a: Gourgeist
|-damage|p2a: Gourgeist|0 fnt
|-enditem|p2a: Gourgeist|Choice Band|[from] move: Knock Off|[of] p1a: Scyther
|faint|p2a: Gourgeist
|
|upkeep
|
|t:|1615103299
|switch|p2a: Regirock|Regirock|46/100 tox
|turn|15
|j| babyboyblues
|
|t:|1615103309
|move|p1a: Scyther|U-turn|p2a: Regirock
|-damage|p2a: Regirock|31/100 tox
|
|t:|1615103312
|switch|p1a: Audino|Audino, M|100/100|[from]move: U-turn
|-damage|p1a: Audino|88/100|[from] Stealth Rock
|move|p2a: Regirock|Body Press|p1a: Audino
|-supereffective|p1a: Audino
|-damage|p1a: Audino|34/100
|
|-heal|p1a: Audino|40/100|[from] item: Leftovers
|-damage|p2a: Regirock|25/100 tox|[from] psn
|upkeep
|turn|16
|
|t:|1615103315
|switch|p1a: Scyther|Scyther, M|100/100
|move|p2a: Regirock|Body Press|p1a: Scyther
|-resisted|p1a: Scyther
|-damage|p1a: Scyther|86/100
|
|-damage|p2a: Regirock|13/100 tox|[from] psn
|upkeep
|turn|17
|l| babyboyblues
|
|t:|1615103319
|move|p1a: Scyther|Knock Off|p2a: Regirock
|-damage|p2a: Regirock|5/100 tox
|move|p2a: Regirock|Body Press|p1a: Scyther
|-resisted|p1a: Scyther
|-damage|p1a: Scyther|70/100
|
|-damage|p2a: Regirock|0 fnt|[from] psn
|faint|p2a: Regirock
|upkeep
|
|t:|1615103322
|switch|p2a: Jolteon|Jolteon, M|100/100
|turn|18
|
|t:|1615103327
|switch|p1a: Turtonator|Turtonator, F|100/100
|-damage|p1a: Turtonator|76/100|[from] Stealth Rock
|move|p2a: Jolteon|Volt Switch|p1a: Turtonator
|-resisted|p1a: Turtonator
|-damage|p1a: Turtonator|55/100
|
|t:|1615103334
|switch|p2a: Alcremie|Alcremie, F|89/100 par|[from]move: Volt Switch
|
|-heal|p1a: Turtonator|61/100|[from] item: Leftovers
|-heal|p2a: Alcremie|95/100 par|[from] item: Leftovers
|upkeep
|turn|19
|
|t:|1615103342
|switch|p2a: Exeggutor|Exeggutor-Alola, F|100/100
|-item|p1a: Turtonator|Leftovers|[from] ability: Frisk|[of] p2a: Exeggutor|[identify]
|move|p1a: Turtonator|Heavy Slam|p2a: Exeggutor
|-crit|p2a: Exeggutor
|-damage|p2a: Exeggutor|88/100
|
|-heal|p1a: Turtonator|67/100|[from] item: Leftovers
|upkeep
|turn|20
|
|t:|1615103356
|move|p2a: Exeggutor|Draco Meteor|p1a: Turtonator
|-supereffective|p1a: Turtonator
|-damage|p1a: Turtonator|0 fnt
|-unboost|p2a: Exeggutor|spa|2
|faint|p1a: Turtonator
|
|upkeep
|j| BigConns
|
|t:|1615103369
|switch|p1a: Scyther|Scyther, M|70/100
|turn|21
|
|t:|1615103373
|switch|p2a: Articuno|Articuno|86/100
|-ability|p2a: Articuno|Pressure
|move|p1a: Scyther|U-turn|p2a: Articuno
|-resisted|p2a: Articuno
|-damage|p2a: Articuno|76/100
|
|t:|1615103377
|switch|p1a: Audino|Audino, M|74/100|[from]move: U-turn
|-damage|p1a: Audino|61/100|[from] Stealth Rock
|
|-heal|p1a: Audino|67/100|[from] item: Leftovers
|upkeep
|turn|22
|
|t:|1615103384
|move|p2a: Articuno|Freeze-Dry|p1a: Audino
|-damage|p1a: Audino|44/100
|move|p1a: Audino|Wish|p1a: Audino
|
|-heal|p1a: Audino|50/100|[from] item: Leftovers
|upkeep
|turn|23
|
|t:|1615103387
|switch|p1a: Regice|Regice|66/100
|-damage|p1a: Regice|41/100|[from] Stealth Rock
|move|p2a: Articuno|Freeze-Dry|p1a: Regice
|-resisted|p1a: Regice
|-damage|p1a: Regice|34/100
|
|-heal|p1a: Regice|100/100|[from] move: Wish|[wisher] Audino
|upkeep
|turn|24
|
|t:|1615103391
|switch|p2a: Alcremie|Alcremie, F|95/100 par
|move|p1a: Regice|Gravity|p1a: Regice
|-fieldstart|move: Gravity
|
|-heal|p2a: Alcremie|100/100 par|[from] item: Leftovers
|upkeep
|turn|25
|
|t:|1615103398
|switch|p1a: Audino|Audino, M|83/100
|-damage|p1a: Audino|70/100|[from] Stealth Rock
|move|p2a: Alcremie|Dazzling Gleam|p1a: Audino
|-damage|p1a: Audino|41/100
|
|-heal|p1a: Audino|47/100|[from] item: Leftovers
|upkeep
|turn|26
|
|t:|1615103407
|move|p1a: Audino|Wish|p1a: Audino
|cant|p2a: Alcremie|par
|
|-heal|p1a: Audino|53/100|[from] item: Leftovers
|upkeep
|turn|27
|
|t:|1615103413
|move|p1a: Audino|Knock Off|p2a: Alcremie
|-resisted|p2a: Alcremie
|-damage|p2a: Alcremie|92/100 par
|-enditem|p2a: Alcremie|Leftovers|[from] move: Knock Off|[of] p1a: Audino
|move|p2a: Alcremie|Dazzling Gleam|p1a: Audino
|-damage|p1a: Audino|24/100
|
|-heal|p1a: Audino|74/100|[from] move: Wish|[wisher] Audino
|-heal|p1a: Audino|80/100|[from] item: Leftovers
|upkeep
|turn|28
|
|t:|1615103417
|move|p1a: Audino|Wish|p1a: Audino
|cant|p2a: Alcremie|par
|
|-heal|p1a: Audino|86/100|[from] item: Leftovers
|-fieldend|move: Gravity
|upkeep
|turn|29
|
|t:|1615103421
|switch|p1a: Scyther|Scyther, M|70/100
|switch|p2a: Jolteon|Jolteon, M|100/100
|
|-heal|p1a: Scyther|100/100|[from] move: Wish|[wisher] Audino
|upkeep
|turn|30
|
|t:|1615103426
|switch|p1a: Regice|Regice|100/100
|-damage|p1a: Regice|76/100|[from] Stealth Rock
|move|p2a: Jolteon|Volt Switch|p1a: Regice
|-damage|p1a: Regice|45/100
|
|t:|1615103429
|switch|p2a: Exeggutor|Exeggutor-Alola, F|88/100|[from]move: Volt Switch
|-item|p1a: Regice|Leftovers|[from] ability: Frisk|[of] p2a: Exeggutor|[identify]
|
|-heal|p1a: Regice|51/100|[from] item: Leftovers
|upkeep
|turn|31
|
|t:|1615103432
|move|p1a: Regice|Blizzard|p2a: Exeggutor
|-supereffective|p2a: Exeggutor
|-damage|p2a: Exeggutor|0 fnt
|faint|p2a: Exeggutor
|
|-heal|p1a: Regice|57/100|[from] item: Leftovers
|upkeep
|
|t:|1615103435
|switch|p2a: Jolteon|Jolteon, M|100/100
|turn|32
|
|t:|1615103442
|move|p2a: Jolteon|Volt Switch|p1a: Regice
|-damage|p1a: Regice|25/100
|
|t:|1615103444
|switch|p2a: Articuno|Articuno|76/100|[from]move: Volt Switch
|-ability|p2a: Articuno|Pressure
|move|p1a: Regice|Blizzard|p2a: Articuno|[miss]
|-miss|p1a: Regice|p2a: Articuno
|
|-heal|p1a: Regice|31/100|[from] item: Leftovers
|upkeep
|turn|33
|
|t:|1615103447
|switch|p2a: Jolteon|Jolteon, M|100/100
|move|p1a: Regice|Zap Cannon|p2a: Jolteon
|-immune|p2a: Jolteon|[from] ability: Volt Absorb
|
|-heal|p1a: Regice|37/100|[from] item: Leftovers
|upkeep
|turn|34
|
|t:|1615103452
|move|p2a: Jolteon|Thunderbolt|p1a: Regice
|-damage|p1a: Regice|0 fnt
|faint|p1a: Regice
|
|upkeep
|
|t:|1615103455
|switch|p1a: Audino|Audino, M|100/100
|-damage|p1a: Audino|88/100|[from] Stealth Rock
|turn|35
|
|t:|1615103460
|switch|p2a: Articuno|Articuno|76/100
|-ability|p2a: Articuno|Pressure
|move|p1a: Audino|Toxic|p2a: Articuno
|-status|p2a: Articuno|tox
|
|-heal|p1a: Audino|94/100|[from] item: Leftovers
|-damage|p2a: Articuno|70/100 tox|[from] psn
|upkeep
|turn|36
|
|t:|1615103468
|move|p2a: Articuno|Heal Bell|p2a: Articuno
|-activate|p2a: Articuno|move: Heal Bell
|-curestatus|p2a: Articuno|tox|[msg]
|-curestatus|p2: Alcremie|par|[msg]
|move|p1a: Audino|Wish|p1a: Audino
|
|-heal|p1a: Audino|99/100|[from] item: Leftovers
|upkeep
|turn|37
|
|t:|1615103473
|move|p2a: Articuno|Freeze-Dry|p1a: Audino
|-damage|p1a: Audino|80/100
|move|p1a: Audino|Toxic|p2a: Articuno
|-status|p2a: Articuno|tox
|
|-heal|p1a: Audino|100/100|[from] move: Wish|[wisher] Audino
|-damage|p2a: Articuno|64/100 tox|[from] psn
|upkeep
|turn|38
|
|t:|1615103477
|move|p2a: Articuno|Freeze-Dry|p1a: Audino
|-damage|p1a: Audino|78/100
|move|p1a: Audino|Knock Off|p2a: Articuno
|-damage|p2a: Articuno|54/100 tox
|-enditem|p2a: Articuno|Heavy-Duty Boots|[from] move: Knock Off|[of] p1a: Audino
|
|-heal|p1a: Audino|84/100|[from] item: Leftovers
|-damage|p2a: Articuno|42/100 tox|[from] psn
|upkeep
|turn|39
|
|t:|1615103480
|switch|p1a: Archeops|Archeops, F|100/100
|-damage|p1a: Archeops|76/100|[from] Stealth Rock
|move|p2a: Articuno|Heal Bell|p2a: Articuno
|-activate|p2a: Articuno|move: Heal Bell
|-curestatus|p2a: Articuno|tox|[msg]
|
|upkeep
|turn|40
|
|t:|1615103483
|switch|p2a: Alcremie|Alcremie, F|92/100
|move|p1a: Archeops|Rock Blast|p2a: Alcremie
|-damage|p2a: Alcremie|74/100
|-damage|p2a: Alcremie|58/100
|-hitcount|p2a: Alcremie|2
|
|upkeep
|turn|41
|
|t:|1615103487
|move|p1a: Archeops|Stealth Rock|p2a: Alcremie
|-sidestart|p2: cafay sen sukr|move: Stealth Rock
|move|p2a: Alcremie|Recover|p2a: Alcremie
|-heal|p2a: Alcremie|100/100
|
|upkeep
|turn|42
|
|t:|1615103491
|move|p1a: Archeops|U-turn|p2a: Alcremie
|-resisted|p2a: Alcremie
|-damage|p2a: Alcremie|85/100
|
|t:|1615103493
|switch|p1a: Audino|Audino, M|100/100|[from]move: U-turn
|-damage|p1a: Audino|88/100|[from] Stealth Rock
|move|p2a: Alcremie|Dazzling Gleam|p1a: Audino
|-damage|p1a: Audino|60/100
|
|-heal|p1a: Audino|66/100|[from] item: Leftovers
|upkeep
|turn|43
|
|t:|1615103499
|move|p2a: Alcremie|Dazzling Gleam|p1a: Audino
|-damage|p1a: Audino|36/100
|move|p1a: Audino|Wish|p1a: Audino
|
|-heal|p1a: Audino|42/100|[from] item: Leftovers
|upkeep
|turn|44
|
|t:|1615103502
|move|p1a: Audino|Protect|p1a: Audino
|-singleturn|p1a: Audino|Protect
|move|p2a: Alcremie|Dazzling Gleam|p1a: Audino
|-activate|p1a: Audino|move: Protect
|
|-heal|p1a: Audino|92/100|[from] move: Wish|[wisher] Audino
|-heal|p1a: Audino|98/100|[from] item: Leftovers
|upkeep
|turn|45
|
|t:|1615103504
|move|p2a: Alcremie|Dazzling Gleam|p1a: Audino
|-crit|p1a: Audino
|-damage|p1a: Audino|57/100
|move|p1a: Audino|Toxic|p2a: Alcremie
|-status|p2a: Alcremie|tox
|
|-heal|p1a: Audino|63/100|[from] item: Leftovers
|-damage|p2a: Alcremie|79/100 tox|[from] psn
|upkeep
|turn|46
|
|t:|1615103508
|move|p2a: Alcremie|Dazzling Gleam|p1a: Audino
|-damage|p1a: Audino|36/100
|move|p1a: Audino|Wish|p1a: Audino
|
|-heal|p1a: Audino|42/100|[from] item: Leftovers
|-damage|p2a: Alcremie|67/100 tox|[from] psn
|upkeep
|turn|47
|
|t:|1615103510
|move|p2a: Alcremie|Dazzling Gleam|p1a: Audino
|-damage|p1a: Audino|15/100
|move|p1a: Audino|Toxic|p2a: Alcremie
|-fail|p2a: Alcremie|tox
|
|-heal|p1a: Audino|65/100|[from] move: Wish|[wisher] Audino
|-heal|p1a: Audino|71/100|[from] item: Leftovers
|-damage|p2a: Alcremie|49/100 tox|[from] psn
|upkeep
|turn|48
|
|t:|1615103513
|move|p2a: Alcremie|Dazzling Gleam|p1a: Audino
|-damage|p1a: Audino|42/100
|move|p1a: Audino|Wish|p1a: Audino
|
|-heal|p1a: Audino|48/100|[from] item: Leftovers
|-damage|p2a: Alcremie|25/100 tox|[from] psn
|upkeep
|turn|49
|
|t:|1615103515
|move|p2a: Alcremie|Dazzling Gleam|p1a: Audino
|-damage|p1a: Audino|22/100
|move|p1a: Audino|Toxic|p2a: Alcremie
|-fail|p2a: Alcremie|tox
|
|-heal|p1a: Audino|72/100|[from] move: Wish|[wisher] Audino
|-heal|p1a: Audino|78/100|[from] item: Leftovers
|-damage|p2a: Alcremie|0 fnt|[from] psn
|faint|p2a: Alcremie
|upkeep
|
|t:|1615103520
|switch|p2a: Jolteon|Jolteon, M|100/100
|-damage|p2a: Jolteon|88/100|[from] Stealth Rock
|turn|50
|
|t:|1615103526
|move|p2a: Jolteon|Thunderbolt|p1a: Audino
|-damage|p1a: Audino|25/100
|move|p1a: Audino|Toxic|p2a: Jolteon
|-status|p2a: Jolteon|tox
|
|-heal|p1a: Audino|31/100|[from] item: Leftovers
|-damage|p2a: Jolteon|82/100 tox|[from] psn
|upkeep
|turn|51
|
|t:|1615103529
|move|p1a: Audino|Protect|p1a: Audino
|-singleturn|p1a: Audino|Protect
|move|p2a: Jolteon|Thunderbolt|p1a: Audino
|-activate|p1a: Audino|move: Protect
|
|-heal|p1a: Audino|37/100|[from] item: Leftovers
|-damage|p2a: Jolteon|69/100 tox|[from] psn
|upkeep
|turn|52
|
|t:|1615103541
|switch|p1a: Scyther|Scyther, M|100/100
|move|p2a: Jolteon|Thunderbolt|p1a: Scyther
|-supereffective|p1a: Scyther
|-damage|p1a: Scyther|0 fnt
|faint|p1a: Scyther
|
|-damage|p2a: Jolteon|50/100 tox|[from] psn
|upkeep
|
|t:|1615103544
|switch|p1a: Audino|Audino, M|70/100
|-damage|p1a: Audino|58/100|[from] Stealth Rock
|turn|53
|
|t:|1615103546
|switch|p2a: Articuno|Articuno|42/100
|-damage|p2a: Articuno|0 fnt|[from] Stealth Rock
|faint|p2a: Articuno
|move|p1a: Audino|Protect||[still]
|-fail|p1a: Audino
|
|-heal|p1a: Audino|64/100|[from] item: Leftovers
|upkeep
|
|t:|1615103548
|switch|p2a: Jolteon|Jolteon, M|50/100 tox
|-damage|p2a: Jolteon|38/100 tox|[from] Stealth Rock
|turn|54
|
|t:|1615103554
|move|p1a: Audino|Protect|p1a: Audino
|-singleturn|p1a: Audino|Protect
|move|p2a: Jolteon|Thunderbolt|p1a: Audino
|-activate|p1a: Audino|move: Protect
|
|-heal|p1a: Audino|70/100|[from] item: Leftovers
|-damage|p2a: Jolteon|32/100 tox|[from] psn
|upkeep
|turn|55
|
|t:|1615103558
|move|p2a: Jolteon|Thunderbolt|p1a: Audino
|-damage|p1a: Audino|16/100
|move|p1a: Audino|Knock Off|p2a: Jolteon
|-damage|p2a: Jolteon|5/100 tox
|-enditem|p2a: Jolteon|Choice Specs|[from] move: Knock Off|[of] p1a: Audino
|
|-heal|p1a: Audino|22/100|[from] item: Leftovers
|-damage|p2a: Jolteon|0 fnt|[from] psn
|faint|p2a: Jolteon
|
|win|WiiShopMusic
|upkeep
|raw|WiiShopMusic's rating: 1242 &rarr; <strong>1281</strong><br />(+39 for winning)
|raw|cafay sen sukr's rating: 1462 &rarr; <strong>1431</strong><br />(-31 for losing)
|l|☆cafay sen sukr
|c|☆WiiShopMusic|gg
