|raw|<div class="broadcast-blue"><strong>This battle is required to be public due to a player having a name starting with 'pult4c1'.</div>
|j|☆PULT4C1 Inder
|j|☆pult4c1 shane
|t:|1660780057
|gametype|singles
|player|p1|PULT4C1 Inder|lyra|1497
|player|p2|pult4c1 shane|veteran|1510
|teamsize|p1|6
|teamsize|p2|6
|gen|8
|tier|[Gen 8] PU
|rated|
|rule|Sleep Clause Mod: Limit one foe put to sleep
|rule|Species Clause: Limit one of each Pokémon
|rule|OHKO Clause: OHKO moves are banned
|rule|Evasion Items Clause: Evasion items are banned
|rule|Evasion Moves Clause: Evasion moves are banned
|rule|Endless Battle Clause: Forcing endless battles is banned
|rule|HP Percentage Mod: HP is shown in percentages
|rule|Dynamax Clause: You cannot dynamax
|clearpoke
|poke|p1|Doublade, F|
|poke|p1|Vikavolt, F|
|poke|p1|Archeops, M|
|poke|p1|Silvally-*|
|poke|p1|Turtonator, F|
|poke|p1|Druddigon, M|
|poke|p2|Sandslash, F|
|poke|p2|Gigalith, M|
|poke|p2|Eldegoss, M|
|poke|p2|Basculin, M|
|poke|p2|Scyther, F|
|poke|p2|Weezing, M|
|teampreview
|inactive|Battle timer is ON: inactive players will automatically lose when time's up. (requested by pult4c1 shane)
|inactive|PULT4C1 Inder also wants the timer to be on.
|c|☆pult4c1 shane|the goons
|c|☆pult4c1 shane|hf
|c|☆pult4c1 shane|i'll try not to leave this time
|inactive|pult4c1 shane has 120 seconds left.
|
|t:|1660780094
|start
|switch|p1a: Druddigon|Druddigon, M|100/100
|switch|p2a: Scyther|Scyther, F|100/100
|-ability|p1a: Druddigon|Mold Breaker
|turn|1
|
|t:|1660780098
|move|p2a: Scyther|U-turn|p1a: Druddigon
|-damage|p1a: Druddigon|60/100
|
|t:|1660780101
|switch|p2a: Eldegoss|Eldegoss, M|100/100|[from]move: U-turn
|move|p1a: Druddigon|Stealth Rock|p2a: Eldegoss
|-sidestart|p2: pult4c1 shane|move: Stealth Rock
|
|upkeep
|turn|2
|c|☆PULT4C1 Inder|haha yeah
|c|☆PULT4C1 Inder|gg
|c|☆PULT4C1 Inder|hf
|
|t:|1660780111
|move|p1a: Druddigon|Taunt|p2a: Eldegoss
|-start|p2a: Eldegoss|move: Taunt
|move|p2a: Eldegoss|Rapid Spin|p1a: Druddigon
|-damage|p1a: Druddigon|53/100
|-boost|p2a: Eldegoss|spe|1
|-sideend|p2: pult4c1 shane|Stealth Rock|[from] move: Rapid Spin|[of] p2a: Eldegoss
|
|upkeep
|turn|3
|
|t:|1660780120
|move|p2a: Eldegoss|Giga Drain|p1a: Druddigon
|-resisted|p1a: Druddigon
|-damage|p1a: Druddigon|40/100
|move|p1a: Druddigon|Stealth Rock|p2a: Eldegoss
|-sidestart|p2: pult4c1 shane|move: Stealth Rock
|
|upkeep
|turn|4
|
|t:|1660780136
|switch|p1a: Doublade|Doublade, F|100/100
|move|p2a: Eldegoss|Rapid Spin|p1a: Doublade
|-immune|p1a: Doublade
|
|-end|p2a: Eldegoss|move: Taunt
|upkeep
|turn|5
|
|t:|1660780140
|switch|p1a: Druddigon|Druddigon, M|40/100
|-ability|p1a: Druddigon|Mold Breaker
|move|p2a: Eldegoss|Sleep Powder|p1a: Druddigon|[miss]
|-miss|p2a: Eldegoss|p1a: Druddigon
|
|upkeep
|turn|6
|
|t:|1660780147
|move|p2a: Eldegoss|Rapid Spin|p1a: Druddigon
|-damage|p1a: Druddigon|33/100
|-boost|p2a: Eldegoss|spe|1
|-sideend|p2: pult4c1 shane|Stealth Rock|[from] move: Rapid Spin|[of] p2a: Eldegoss
|move|p1a: Druddigon|Stealth Rock|p2a: Eldegoss
|-sidestart|p2: pult4c1 shane|move: Stealth Rock
|
|upkeep
|turn|7
|
|t:|1660780152
|move|p2a: Eldegoss|Rapid Spin|p1a: Druddigon
|-damage|p1a: Druddigon|26/100
|-boost|p2a: Eldegoss|spe|1
|-sideend|p2: pult4c1 shane|Stealth Rock|[from] move: Rapid Spin|[of] p2a: Eldegoss
|move|p1a: Druddigon|Stealth Rock|p2a: Eldegoss
|-sidestart|p2: pult4c1 shane|move: Stealth Rock
|
|upkeep
|turn|8
|
|t:|1660780154
|switch|p1a: Doublade|Doublade, F|100/100
|move|p2a: Eldegoss|Rapid Spin|p1a: Doublade
|-immune|p1a: Doublade
|
|upkeep
|turn|9
|
|t:|1660780159
|switch|p1a: Druddigon|Druddigon, M|26/100
|-ability|p1a: Druddigon|Mold Breaker
|move|p2a: Eldegoss|Sleep Powder|p1a: Druddigon
|-status|p1a: Druddigon|slp|[from] move: Sleep Powder
|
|upkeep
|turn|10
|
|t:|1660780163
|switch|p2a: Weezing|Weezing, M|100/100
|-ability|p2a: Weezing|Neutralizing Gas
|-damage|p2a: Weezing|88/100|[from] Stealth Rock
|switch|p1a: Doublade|Doublade, F|100/100
|
|-heal|p2a: Weezing|94/100|[from] item: Black Sludge
|upkeep
|turn|11
|
|t:|1660780169
|switch|p1a: Archeops|Archeops, M|100/100
|move|p2a: Weezing|Toxic Spikes|p1a: Archeops
|-sidestart|p1: PULT4C1 Inder|move: Toxic Spikes
|
|-heal|p2a: Weezing|99/100|[from] item: Black Sludge
|upkeep
|turn|12
|
|t:|1660780186
|switch|p1a: Doublade|Doublade, F|100/100
|-end|p2a: Weezing|ability: Neutralizing Gas
|switch|p2a: Gigalith|Gigalith, M|100/100
|-damage|p2a: Gigalith|88/100|[from] Stealth Rock
|-weather|Sandstorm|[from] ability: Sand Stream|[of] p2a: Gigalith
|
|-weather|Sandstorm|[upkeep]
|-heal|p2a: Gigalith|94/100|[from] item: Leftovers
|upkeep
|turn|13
|
|t:|1660780196
|switch|p2a: Weezing|Weezing, M|99/100
|-ability|p2a: Weezing|Neutralizing Gas
|-damage|p2a: Weezing|88/100|[from] Stealth Rock
|move|p1a: Doublade|Shadow Claw|p2a: Weezing
|-damage|p2a: Weezing|64/100
|
|-weather|Sandstorm|[upkeep]
|-damage|p2a: Weezing|58/100|[from] Sandstorm
|-heal|p2a: Weezing|64/100|[from] item: Black Sludge
|upkeep
|turn|14
|
|t:|1660780204
|switch|p1a: Turtonator|Turtonator, F|100/100
|move|p2a: Weezing|Sludge Bomb|p1a: Turtonator
|-damage|p1a: Turtonator|63/100
|
|-weather|Sandstorm|[upkeep]
|-damage|p1a: Turtonator|56/100|[from] Sandstorm
|-damage|p2a: Weezing|58/100|[from] Sandstorm
|-heal|p2a: Weezing|64/100|[from] item: Black Sludge
|upkeep
|turn|15
|
|t:|1660780215
|-end|p2a: Weezing|ability: Neutralizing Gas
|switch|p2a: Gigalith|Gigalith, M|94/100
|-damage|p2a: Gigalith|82/100|[from] Stealth Rock
|move|p1a: Turtonator|Shell Smash|p1a: Turtonator
|-unboost|p1a: Turtonator|def|1
|-unboost|p1a: Turtonator|spd|1
|-boost|p1a: Turtonator|atk|2
|-boost|p1a: Turtonator|spa|2
|-boost|p1a: Turtonator|spe|2
|
|-weather|Sandstorm|[upkeep]
|-damage|p1a: Turtonator|50/100|[from] Sandstorm
|-heal|p2a: Gigalith|88/100|[from] item: Leftovers
|upkeep
|turn|16
|
|t:|1660780220
|move|p1a: Turtonator|Flash Cannon|p2a: Gigalith
|-supereffective|p2a: Gigalith
|-damage|p2a: Gigalith|43/100
|move|p2a: Gigalith|Earthquake|p1a: Turtonator
|-supereffective|p1a: Turtonator
|-damage|p1a: Turtonator|0 fnt
|faint|p1a: Turtonator
|
|-weather|none
|-heal|p2a: Gigalith|49/100|[from] item: Leftovers
|upkeep
|
|t:|1660780223
|switch|p1a: Archeops|Archeops, M|100/100
|turn|17
|
|t:|1660780245
|switch|p2a: Eldegoss|Eldegoss, M|100/100
|-damage|p2a: Eldegoss|88/100|[from] Stealth Rock
|move|p1a: Archeops|Meteor Beam||[still]
|-prepare|p1a: Archeops|Meteor Beam
|-boost|p1a: Archeops|spa|1
|-enditem|p1a: Archeops|Power Herb
|-anim|p1a: Archeops|Meteor Beam|p2a: Eldegoss|[miss]
|-miss|p1a: Archeops|p2a: Eldegoss
|
|upkeep
|turn|18
|c|☆pult4c1 shane|that's not good
|inactive|pult4c1 shane has 120 seconds left.
|c|☆PULT4C1 Inder|nws :)
|c|☆pult4c1 shane|no i mean for me
|j| PULT4C1 Haffling
|c|☆PULT4C1 Inder|oh
|c|☆PULT4C1 Inder|oh ok
|inactive|pult4c1 shane has 90 seconds left.
|c|☆PULT4C1 Inder|i forgot ur item
|c|☆PULT4C1 Inder|lmao
|
|t:|1660780312
|move|p1a: Archeops|Air Slash|p2a: Eldegoss
|-supereffective|p2a: Eldegoss
|-damage|p2a: Eldegoss|0 fnt
|faint|p2a: Eldegoss
|
|upkeep
|
|t:|1660780321
|switch|p2a: Basculin|Basculin, M|100/100
|-damage|p2a: Basculin|88/100|[from] Stealth Rock
|turn|19
|j| PULT4C1 zoowi
|
|t:|1660780348
|switch|p1a: Druddigon|Druddigon, M|26/100 slp
|-ability|p1a: Druddigon|Mold Breaker
|move|p2a: Basculin|Flip Turn|p1a: Druddigon
|-resisted|p1a: Druddigon
|-damage|p1a: Druddigon|5/100 slp
|inactive|pult4c1 shane has 60 seconds left.
|
|t:|1660780365
|switch|p2a: Weezing|Weezing, M|64/100|[from]move: Flip Turn
|-ability|p2a: Weezing|Neutralizing Gas
|-damage|p2a: Weezing|52/100|[from] Stealth Rock
|
|-heal|p2a: Weezing|58/100|[from] item: Black Sludge
|upkeep
|turn|20
|inactive|pult4c1 shane has 60 seconds left.
|
|t:|1660780370
|switch|p1a: Archeops|Archeops, M|100/100
|move|p2a: Weezing|Sludge Bomb|p1a: Archeops
|-resisted|p1a: Archeops
|-damage|p1a: Archeops|79/100
|
|-heal|p2a: Weezing|64/100|[from] item: Black Sludge
|upkeep
|turn|21
|inactive|pult4c1 shane has 60 seconds left.
|
|t:|1660780385
|-end|p2a: Weezing|ability: Neutralizing Gas
|switch|p2a: Gigalith|Gigalith, M|49/100
|-damage|p2a: Gigalith|37/100|[from] Stealth Rock
|-weather|Sandstorm|[from] ability: Sand Stream|[of] p2a: Gigalith
|move|p1a: Archeops|Air Slash|p2a: Gigalith
|-resisted|p2a: Gigalith
|-damage|p2a: Gigalith|28/100
|
|-weather|Sandstorm|[upkeep]
|-heal|p2a: Gigalith|34/100|[from] item: Leftovers
|upkeep
|turn|22
|inactive|pult4c1 shane has 60 seconds left.
|
|t:|1660780399
|switch|p1a: Doublade|Doublade, F|100/100
|move|p2a: Gigalith|Rock Blast|p1a: Doublade
|-resisted|p1a: Doublade
|-damage|p1a: Doublade|97/100
|-resisted|p1a: Doublade
|-damage|p1a: Doublade|94/100
|-resisted|p1a: Doublade
|-damage|p1a: Doublade|91/100
|-hitcount|p1a: Doublade|3
|
|-weather|Sandstorm|[upkeep]
|-heal|p2a: Gigalith|40/100|[from] item: Leftovers
|upkeep
|turn|23
|j| Antonio Pastomarco
|inactive|pult4c1 shane has 60 seconds left.
|
|t:|1660780411
|switch|p2a: Weezing|Weezing, M|64/100
|-ability|p2a: Weezing|Neutralizing Gas
|-damage|p2a: Weezing|52/100|[from] Stealth Rock
|move|p1a: Doublade|Shadow Claw|p2a: Weezing
|-damage|p2a: Weezing|27/100
|
|-weather|Sandstorm|[upkeep]
|-damage|p2a: Weezing|21/100|[from] Sandstorm
|-heal|p2a: Weezing|27/100|[from] item: Black Sludge
|upkeep
|turn|24
|inactive|pult4c1 shane has 60 seconds left.
|
|t:|1660780433
|-end|p2a: Weezing|ability: Neutralizing Gas
|switch|p2a: Sandslash|Sandslash, F|100/100
|-damage|p2a: Sandslash|95/100|[from] Stealth Rock
|switch|p1a: Druddigon|Druddigon, M|5/100 slp
|-ability|p1a: Druddigon|Mold Breaker
|
|-weather|Sandstorm|[upkeep]
|-damage|p1a: Druddigon|0 fnt|[from] Sandstorm
|faint|p1a: Druddigon
|upkeep
|
|t:|1660780442
|switch|p1a: Vikavolt|Vikavolt, F|100/100
|turn|25
|
|t:|1660780445
|move|p2a: Sandslash|Stone Edge|p1a: Vikavolt
|-supereffective|p1a: Vikavolt
|-damage|p1a: Vikavolt|1/100
|-damage|p2a: Sandslash|85/100|[from] item: Life Orb
|move|p1a: Vikavolt|Bug Buzz|p2a: Sandslash
|-damage|p2a: Sandslash|0 fnt
|faint|p2a: Sandslash
|-enditem|p1a: Vikavolt|Throat Spray
|-boost|p1a: Vikavolt|spa|1|[from] item: Throat Spray
|
|-weather|none
|upkeep
|
|t:|1660780453
|switch|p2a: Basculin|Basculin, M|88/100
|-damage|p2a: Basculin|76/100|[from] Stealth Rock
|turn|26
|
|t:|1660780468
|move|p2a: Basculin|Flip Turn|p1a: Vikavolt
|-damage|p1a: Vikavolt|0 fnt
|faint|p1a: Vikavolt
|inactive|pult4c1 shane has 60 seconds left.
|
|t:|1660780483
|switch|p2a: Gigalith|Gigalith, M|40/100|[from]move: Flip Turn
|-damage|p2a: Gigalith|28/100|[from] Stealth Rock
|-weather|Sandstorm|[from] ability: Sand Stream|[of] p2a: Gigalith
|
|-weather|Sandstorm|[upkeep]
|-heal|p2a: Gigalith|34/100|[from] item: Leftovers
|upkeep
|
|t:|1660780491
|switch|p1a: Doublade|Doublade, F|91/100
|turn|27
|
|t:|1660780493
|move|p1a: Doublade|Swords Dance|p1a: Doublade
|-boost|p1a: Doublade|atk|2
|move|p2a: Gigalith|Earthquake|p1a: Doublade
|-supereffective|p1a: Doublade
|-crit|p1a: Doublade
|-damage|p1a: Doublade|42/100
|
|-weather|Sandstorm|[upkeep]
|-heal|p2a: Gigalith|40/100|[from] item: Leftovers
|upkeep
|turn|28
|
|t:|1660780500
|move|p1a: Doublade|Shadow Claw|p2a: Gigalith
|-damage|p2a: Gigalith|0 fnt
|faint|p2a: Gigalith
|
|-weather|Sandstorm|[upkeep]
|upkeep
|
|t:|1660780503
|switch|p2a: Scyther|Scyther, F|100/100
|turn|29
|
|t:|1660780507
|move|p2a: Scyther|Knock Off|p1a: Doublade
|-supereffective|p1a: Doublade
|-damage|p1a: Doublade|10/100
|-enditem|p1a: Doublade|Eviolite|[from] move: Knock Off|[of] p2a: Scyther
|move|p1a: Doublade|Shadow Claw|p2a: Scyther
|-damage|p2a: Scyther|0 fnt
|faint|p2a: Scyther
|
|-weather|Sandstorm|[upkeep]
|upkeep
|
|t:|1660780509
|switch|p2a: Basculin|Basculin, M|76/100
|-damage|p2a: Basculin|63/100|[from] Stealth Rock
|turn|30
|
|t:|1660780512
|move|p1a: Doublade|Shadow Sneak|p2a: Basculin
|-damage|p2a: Basculin|0 fnt
|faint|p2a: Basculin
|
|-weather|none
|upkeep
|c|☆pult4c1 shane|gg
|-message|pult4c1 shane forfeited.
|
|win|PULT4C1 Inder
|raw|PULT4C1 Inder's rating: 1513 &rarr; <strong>1533</strong><br />(+20 for winning)
|raw|pult4c1 shane's rating: 1510 &rarr; <strong>1490</strong><br />(-20 for losing)
|c|☆PULT4C1 Inder|gg
|l|☆pult4c1 shane
