|j|☆rally rachel ally
|j|☆cafay sukray
|t:|1643079382
|gametype|singles
|player|p1|rally rachel ally|parasollady-gen4|1343
|player|p2|cafay sukray|swimmer-gen4dp|1559
|teamsize|p1|6
|teamsize|p2|6
|gen|8
|tier|[Gen 8] PU
|rated|
|rule|Sleep Clause Mod: Limit one foe put to sleep
|rule|Species Clause: Limit one of each Pokémon
|rule|OHKO Clause: OHKO moves are banned
|rule|Evasion Moves Clause: Evasion moves are banned
|rule|Endless Battle Clause: Forcing endless battles is banned
|rule|HP Percentage Mod: HP is shown in percentages
|rule|Dynamax Clause: You cannot dynamax
|clearpoke
|poke|p1|Absol, F|
|poke|p1|Scyther, M|
|poke|p1|Boltund, M|
|poke|p1|Crustle, F|
|poke|p1|Espeon, F|
|poke|p1|Charizard, M|
|poke|p2|Charizard, F|
|poke|p2|Silvally-*|
|poke|p2|Togedemaru, F|
|poke|p2|Palossand, F|
|poke|p2|Lurantis, M|
|poke|p2|Kabutops, F|
|teampreview
|c|☆rally rachel ally|glhf!
|c|☆rally rachel ally|nice team!
|c|☆cafay sukray|glhf
|c|☆cafay sukray|thanks
|j| A Damaged Ratio
|
|t:|1643079412
|start
|switch|p1a: Absol|Absol, F|100/100
|switch|p2a: Charizard|Charizard, F|100/100
|turn|1
|l| A Damaged Ratio
|
|t:|1643079420
|move|p1a: Absol|Night Slash|p2a: Charizard
|-crit|p2a: Charizard
|-damage|p2a: Charizard|25/100
|move|p2a: Charizard|Flamethrower|p1a: Absol
|-damage|p1a: Absol|0 fnt
|faint|p1a: Absol
|
|upkeep
|
|t:|1643079427
|switch|p1a: Scyther|Scyther, M|100/100
|turn|2
|
|t:|1643079447
|move|p1a: Scyther|Dual Wingbeat|p2a: Charizard
|-damage|p2a: Charizard|0 fnt
|faint|p2a: Charizard
|-hitcount|p2: Charizard|1
|-damage|p1a: Scyther|91/100|[from] item: Life Orb
|
|upkeep
|
|t:|1643079455
|switch|p2a: Palossand|Palossand, F|100/100
|turn|3
|
|t:|1643079470
|move|p1a: Scyther|U-turn|p2a: Palossand
|-resisted|p2a: Palossand
|-damage|p2a: Palossand|88/100
|-damage|p1a: Scyther|74/100|[from] item: Rocky Helmet|[of] p2a: Palossand
|-damage|p1a: Scyther|64/100|[from] item: Life Orb
|
|t:|1643079474
|switch|p1a: Espeon|Espeon, F|100/100|[from]move: U-turn
|move|p2a: Palossand|Shadow Ball|p1a: Espeon
|-supereffective|p1a: Espeon
|-damage|p1a: Espeon|33/100
|
|upkeep
|turn|4
|
|t:|1643079483
|switch|p2a: Togedemaru|Togedemaru, F|100/100
|move|p1a: Espeon|Shadow Ball|p2a: Togedemaru
|-damage|p2a: Togedemaru|63/100
|
|-heal|p2a: Togedemaru|69/100|[from] item: Leftovers
|upkeep
|turn|5
|
|t:|1643079490
|switch|p1a: Scyther|Scyther, M|64/100
|move|p2a: Togedemaru|U-turn|p1a: Scyther
|-resisted|p1a: Scyther
|-damage|p1a: Scyther|52/100
|
|t:|1643079494
|switch|p2a: Palossand|Palossand, F|88/100|[from]move: U-turn
|
|upkeep
|turn|6
|
|t:|1643079498
|move|p1a: Scyther|Dual Wingbeat|p2a: Palossand
|-damage|p2a: Palossand|66/100
|-damage|p1a: Scyther|36/100|[from] item: Rocky Helmet|[of] p2a: Palossand
|-crit|p2a: Palossand
|-damage|p2a: Palossand|32/100
|-damage|p1a: Scyther|19/100|[from] item: Rocky Helmet|[of] p2a: Palossand
|-hitcount|p2a: Palossand|2
|-damage|p1a: Scyther|9/100|[from] item: Life Orb
|move|p2a: Palossand|Shadow Ball|p1a: Scyther
|-damage|p1a: Scyther|0 fnt
|faint|p1a: Scyther
|
|upkeep
|
|t:|1643079502
|switch|p1a: Charizard|Charizard, M|100/100
|turn|7
|
|t:|1643079509
|move|p1a: Charizard|Heat Wave|p2a: Palossand
|-damage|p2a: Palossand|0 fnt
|faint|p2a: Palossand
|
|upkeep
|
|t:|1643079511
|switch|p2a: Kabutops|Kabutops, F|100/100
|turn|8
|
|t:|1643079514
|switch|p1a: Espeon|Espeon, F|33/100
|move|p2a: Kabutops|Waterfall|p1a: Espeon
|-damage|p1a: Espeon|0 fnt
|faint|p1a: Espeon
|
|upkeep
|
|t:|1643079519
|switch|p1a: Crustle|Crustle, F|100/100
|turn|9
|
|t:|1643079524
|move|p2a: Kabutops|Waterfall|p1a: Crustle
|-supereffective|p1a: Crustle
|-ability|p1a: Crustle|Sturdy
|-damage|p1a: Crustle|1/100
|move|p1a: Crustle|Earthquake|p2a: Kabutops
|-supereffective|p2a: Kabutops
|-crit|p2a: Kabutops
|-damage|p2a: Kabutops|0 fnt
|faint|p2a: Kabutops
|
|upkeep
|c|☆cafay sukray|nah :(
|
|t:|1643079537
|switch|p2a: Silvally|Silvally-Fairy|100/100
|turn|10
|c|☆rally rachel ally|?
|
|t:|1643079548
|move|p2a: Silvally|Flame Charge|p1a: Crustle
|-damage|p1a: Crustle|0 fnt
|-boost|p2a: Silvally|spe|1
|faint|p1a: Crustle
|
|upkeep
|
|t:|1643079551
|switch|p1a: Charizard|Charizard, M|100/100
|turn|11
|
|t:|1643079554
|move|p1a: Charizard|Heat Wave|p2a: Silvally
|-crit|p2a: Silvally
|-damage|p2a: Silvally|33/100
|move|p2a: Silvally|Swords Dance|p2a: Silvally
|-boost|p2a: Silvally|atk|2
|
|upkeep
|turn|12
|c|☆cafay sukray|bruh..
|c|☆rally rachel ally|sorry for the crit
|
|t:|1643079566
|move|p1a: Charizard|Heat Wave|p2a: Silvally
|-damage|p2a: Silvally|0 fnt
|faint|p2a: Silvally
|
|upkeep
|c|☆cafay sukray|that's so dumb
|
|t:|1643079577
|switch|p2a: Togedemaru|Togedemaru, F|69/100
|turn|13
|c|☆rally rachel ally|scarf charizard? or the crit?
|
|t:|1643079582
|move|p2a: Togedemaru|Spiky Shield|p2a: Togedemaru
|-singleturn|p2a: Togedemaru|move: Protect
|move|p1a: Charizard|Heat Wave|p2a: Togedemaru
|-activate|p2a: Togedemaru|move: Protect
|
|-heal|p2a: Togedemaru|75/100|[from] item: Leftovers
|upkeep
|turn|14
|c|☆cafay sukray|both crits
|
|t:|1643079588
|move|p1a: Charizard|Heat Wave|p2a: Togedemaru
|-supereffective|p2a: Togedemaru
|-damage|p2a: Togedemaru|0 fnt
|faint|p2a: Togedemaru
|
|upkeep
|
|t:|1643079592
|switch|p2a: Lurantis|Lurantis, M|100/100
|turn|15
|c|☆rally rachel ally|indeed indeed!
|
|t:|1643079601
|move|p1a: Charizard|Heat Wave|p2a: Lurantis
|-supereffective|p2a: Lurantis
|-damage|p2a: Lurantis|30/100
|move|p2a: Lurantis|Superpower|p1a: Charizard
|-resisted|p1a: Charizard
|-damage|p1a: Charizard|82/100
|-boost|p2a: Lurantis|atk|1
|-boost|p2a: Lurantis|def|1
|
|-heal|p2a: Lurantis|36/100|[from] item: Leftovers
|upkeep
|turn|16
|
|t:|1643079607
|move|p1a: Charizard|Heat Wave|p2a: Lurantis
|-supereffective|p2a: Lurantis
|-damage|p2a: Lurantis|0 fnt
|faint|p2a: Lurantis
|
|win|rally rachel ally
|raw|rally rachel ally's rating: 1343 &rarr; <strong>1374</strong><br />(+31 for winning)
|raw|cafay sukray's rating: 1559 &rarr; <strong>1528</strong><br />(-31 for losing)
|c|☆rally rachel ally|gg
|c|☆cafay sukray|no
|c|☆rally rachel ally|nice team!
