|raw|<div class="broadcast-blue"><strong>This battle is required to be public due to a player having a name starting with 'pult83c'.</div>
|j|☆PULT83C harisme
|j|☆thinking of chu
|t:|1628247467
|gametype|singles
|player|p1|PULT83C harisme|tuber|1302
|player|p2|thinking of chu|clown|1397
|teamsize|p1|6
|teamsize|p2|6
|gen|8
|tier|[Gen 8] PU
|rated|
|rule|Sleep Clause Mod: Limit one foe put to sleep
|rule|Species Clause: Limit one of each Pokémon
|rule|OHKO Clause: OHKO moves are banned
|rule|Evasion Moves Clause: Evasion moves are banned
|rule|Endless Battle Clause: Forcing endless battles is banned
|rule|HP Percentage Mod: HP is shown in percentages
|rule|Dynamax Clause: You cannot dynamax
|clearpoke
|poke|p1|Jellicent, F|
|poke|p1|Sandaconda, F|
|poke|p1|Whimsicott, F|
|poke|p1|Centiskorch, M|
|poke|p1|Togedemaru, F|
|poke|p1|Mesprit|
|poke|p2|Turtonator, M|
|poke|p2|Lunatone|
|poke|p2|Poliwrath, F|
|poke|p2|Silvally-*|
|poke|p2|Stunfisk-Galar, F|
|poke|p2|Shiinotic, M|
|teampreview
|
|t:|1628247492
|start
|switch|p1a: Jellicent|Jellicent, F|100/100
|switch|p2a: Stunfisk|Stunfisk-Galar, F|100/100
|turn|1
|
|t:|1628247498
|switch|p2a: Shiinotic|Shiinotic, M|100/100
|move|p1a: Jellicent|Scald|p2a: Shiinotic
|-resisted|p2a: Shiinotic
|-damage|p2a: Shiinotic|88/100
|
|upkeep
|turn|2
|
|t:|1628247509
|switch|p1a: Togedemaru|Togedemaru, F|100/100
|move|p2a: Shiinotic|Leech Seed|p1a: Togedemaru
|-start|p1a: Togedemaru|move: Leech Seed
|
|-damage|p1a: Togedemaru|88/100|[from] Leech Seed|[of] p2a: Shiinotic
|-heal|p2a: Shiinotic|100/100|[silent]
|upkeep
|turn|3
|
|t:|1628247515
|move|p1a: Togedemaru|U-turn|p2a: Shiinotic
|-damage|p2a: Shiinotic|87/100
|
|t:|1628247536
|switch|p1a: Whimsicott|Whimsicott, F|100/100|[from]move: U-turn
|move|p2a: Shiinotic|Thunder Wave|p1a: Whimsicott
|-status|p1a: Whimsicott|par
|
|upkeep
|turn|4
|
|t:|1628247544
|switch|p2a: Stunfisk|Stunfisk-Galar, F|100/100
|cant|p1a: Whimsicott|par
|
|upkeep
|turn|5
|
|t:|1628247572
|move|p1a: Whimsicott|Knock Off|p2a: Stunfisk
|-damage|p2a: Stunfisk|88/100
|-enditem|p2a: Stunfisk|Leftovers|[from] move: Knock Off|[of] p1a: Whimsicott
|move|p2a: Stunfisk|Stealth Rock|p1a: Whimsicott
|-sidestart|p1: PULT83C harisme|move: Stealth Rock
|
|upkeep
|turn|6
|
|t:|1628247578
|switch|p1a: Sandaconda|Sandaconda, F|100/100
|-damage|p1a: Sandaconda|94/100|[from] Stealth Rock
|move|p2a: Stunfisk|Earthquake|p1a: Sandaconda
|-crit|p1a: Sandaconda
|-damage|p1a: Sandaconda|70/100
|
|upkeep
|turn|7
|
|t:|1628247596
|switch|p2a: Lunatone|Lunatone|100/100
|move|p1a: Sandaconda|Stealth Rock|p2a: Lunatone
|-sidestart|p2: thinking of chu|move: Stealth Rock
|
|upkeep
|turn|8
|
|t:|1628247599
|move|p2a: Lunatone|Future Sight|p1a: Sandaconda
|-start|p2a: Lunatone|move: Future Sight
|move|p1a: Sandaconda|Glare|p2a: Lunatone
|-status|p2a: Lunatone|par
|
|upkeep
|turn|9
|
|t:|1628247604
|switch|p1a: Mesprit|Mesprit|100/100
|-damage|p1a: Mesprit|88/100|[from] Stealth Rock
|switch|p2a: Silvally|Silvally-Ghost|100/100
|-damage|p2a: Silvally|88/100|[from] Stealth Rock
|
|upkeep
|turn|10
|
|t:|1628247614
|move|p1a: Mesprit|U-turn|p2a: Silvally
|-resisted|p2a: Silvally
|-damage|p2a: Silvally|82/100
|
|t:|1628247621
|switch|p1a: Togedemaru|Togedemaru, F|88/100|[from]move: U-turn
|-damage|p1a: Togedemaru|82/100|[from] Stealth Rock
|move|p2a: Silvally|Multi-Attack|p1a: Togedemaru
|-damage|p1a: Togedemaru|21/100
|-damage|p2a: Silvally|70/100|[from] ability: Iron Barbs|[of] p1a: Togedemaru
|
|-end|p1a: Togedemaru|move: Future Sight
|-resisted|p1a: Togedemaru
|-damage|p1a: Togedemaru|0 fnt
|faint|p1a: Togedemaru
|upkeep
|
|t:|1628247626
|switch|p1a: Sandaconda|Sandaconda, F|70/100
|-damage|p1a: Sandaconda|64/100|[from] Stealth Rock
|turn|11
|
|t:|1628247631
|move|p2a: Silvally|Multi-Attack|p1a: Sandaconda
|-damage|p1a: Sandaconda|40/100
|-damage|p2a: Silvally|54/100|[from] item: Rocky Helmet|[of] p1a: Sandaconda
|move|p1a: Sandaconda|Earthquake|p2a: Silvally
|-damage|p2a: Silvally|30/100
|
|upkeep
|turn|12
|j| tlenit
|
|t:|1628247636
|move|p2a: Silvally|Rest|p2a: Silvally
|-status|p2a: Silvally|slp|[from] move: Rest
|-heal|p2a: Silvally|100/100 slp|[silent]
|move|p1a: Sandaconda|Rest|p1a: Sandaconda
|-status|p1a: Sandaconda|slp|[from] move: Rest
|-heal|p1a: Sandaconda|100/100 slp|[silent]
|
|-activate|p1a: Sandaconda|ability: Shed Skin
|-curestatus|p1a: Sandaconda|slp|[msg]
|upkeep
|turn|13
|
|t:|1628247643
|cant|p2a: Silvally|slp
|move|p2a: Silvally|Sleep Talk|p2a: Silvally
|move|p2a: Silvally|Multi-Attack|p1a: Sandaconda|[from]move: Sleep Talk
|-damage|p1a: Sandaconda|76/100
|-damage|p2a: Silvally|84/100 slp|[from] item: Rocky Helmet|[of] p1a: Sandaconda
|move|p1a: Sandaconda|Earthquake|p2a: Silvally
|-damage|p2a: Silvally|59/100 slp
|
|upkeep
|turn|14
|
|t:|1628247648
|cant|p2a: Silvally|slp
|move|p2a: Silvally|Sleep Talk|p2a: Silvally
|move|p2a: Silvally|Rest||[from]move: Sleep Talk|[still]
|-fail|p2a: Silvally
|move|p1a: Sandaconda|Earthquake|p2a: Silvally
|-damage|p2a: Silvally|35/100 slp
|
|upkeep
|turn|15
|
|t:|1628247665
|-curestatus|p2a: Silvally|slp|[msg]
|move|p2a: Silvally|Rest|p2a: Silvally
|-status|p2a: Silvally|slp|[from] move: Rest
|-heal|p2a: Silvally|100/100 slp|[silent]
|move|p1a: Sandaconda|Earthquake|p2a: Silvally
|-damage|p2a: Silvally|75/100 slp
|
|upkeep
|turn|16
|
|t:|1628247668
|cant|p2a: Silvally|slp
|move|p2a: Silvally|Sleep Talk|p2a: Silvally
|move|p2a: Silvally|Multi-Attack|p1a: Sandaconda|[from]move: Sleep Talk
|-damage|p1a: Sandaconda|53/100
|-damage|p2a: Silvally|58/100 slp|[from] item: Rocky Helmet|[of] p1a: Sandaconda
|move|p1a: Sandaconda|Earthquake|p2a: Silvally
|-damage|p2a: Silvally|31/100 slp
|
|upkeep
|turn|17
|
|t:|1628247673
|switch|p2a: Lunatone|Lunatone|100/100 par
|-damage|p2a: Lunatone|88/100 par|[from] Stealth Rock
|move|p1a: Sandaconda|Earthquake|p2a: Lunatone
|-immune|p2a: Lunatone|[from] ability: Levitate
|
|-heal|p2a: Lunatone|94/100 par|[from] item: Leftovers
|upkeep
|turn|18
|
|t:|1628247680
|switch|p1a: Whimsicott|Whimsicott, F|100/100 par
|move|p2a: Lunatone|Future Sight|p1a: Whimsicott
|-start|p2a: Lunatone|move: Future Sight
|
|-heal|p2a: Lunatone|100/100 par|[from] item: Leftovers
|upkeep
|turn|19
|
|t:|1628247683
|switch|p2a: Stunfisk|Stunfisk-Galar, F|88/100
|-damage|p2a: Stunfisk|85/100|[from] Stealth Rock
|move|p1a: Whimsicott|Knock Off|p2a: Stunfisk
|-damage|p2a: Stunfisk|78/100
|
|upkeep
|turn|20
|
|t:|1628247693
|move|p1a: Whimsicott|U-turn|p2a: Stunfisk
|-resisted|p2a: Stunfisk
|-crit|p2a: Stunfisk
|-damage|p2a: Stunfisk|71/100
|
|t:|1628247701
|switch|p1a: Mesprit|Mesprit|88/100|[from]move: U-turn
|-damage|p1a: Mesprit|76/100|[from] Stealth Rock
|move|p2a: Stunfisk|Yawn|p1a: Mesprit
|-start|p1a: Mesprit|move: Yawn|[of] p2a: Stunfisk
|
|-end|p1a: Mesprit|move: Future Sight
|-resisted|p1a: Mesprit
|-damage|p1a: Mesprit|44/100
|upkeep
|turn|21
|
|t:|1628247705
|move|p1a: Mesprit|U-turn|p2a: Stunfisk
|-resisted|p2a: Stunfisk
|-damage|p2a: Stunfisk|65/100
|
|t:|1628247707
|switch|p1a: Sandaconda|Sandaconda, F|53/100|[from]move: U-turn
|-damage|p1a: Sandaconda|47/100|[from] Stealth Rock
|move|p2a: Stunfisk|Yawn|p1a: Sandaconda
|-start|p1a: Sandaconda|move: Yawn|[of] p2a: Stunfisk
|
|upkeep
|turn|22
|
|t:|1628247710
|switch|p2a: Lunatone|Lunatone|100/100 par
|-damage|p2a: Lunatone|88/100 par|[from] Stealth Rock
|move|p1a: Sandaconda|Rest|p1a: Sandaconda
|-status|p1a: Sandaconda|slp|[from] move: Rest
|-heal|p1a: Sandaconda|100/100 slp|[silent]
|
|-activate|p1a: Sandaconda|ability: Shed Skin
|-curestatus|p1a: Sandaconda|slp|[msg]
|-heal|p2a: Lunatone|94/100 par|[from] item: Leftovers
|-end|p1a: Sandaconda|move: Yawn|[silent]
|-status|p1a: Sandaconda|slp
|upkeep
|turn|23
|
|t:|1628247715
|switch|p1a: Centiskorch|Centiskorch, M|100/100
|move|p2a: Lunatone|Future Sight|p1a: Centiskorch
|-start|p2a: Lunatone|move: Future Sight
|
|-heal|p2a: Lunatone|100/100 par|[from] item: Leftovers
|upkeep
|turn|24
|
|t:|1628247718
|switch|p2a: Turtonator|Turtonator, M|100/100
|move|p1a: Centiskorch|Knock Off|p2a: Turtonator
|-damage|p2a: Turtonator|68/100
|-enditem|p2a: Turtonator|Heavy-Duty Boots|[from] move: Knock Off|[of] p1a: Centiskorch
|
|upkeep
|turn|25
|
|t:|1628247734
|switch|p1a: Mesprit|Mesprit|44/100
|-damage|p1a: Mesprit|32/100|[from] Stealth Rock
|move|p2a: Turtonator|Draco Meteor|p1a: Mesprit
|-damage|p1a: Mesprit|0 fnt
|-unboost|p2a: Turtonator|spa|2
|faint|p1a: Mesprit
|
|-hint|Future Sight did not hit because the target is fainted.
|upkeep
|
|t:|1628247742
|switch|p1a: Jellicent|Jellicent, F|100/100
|-damage|p1a: Jellicent|88/100|[from] Stealth Rock
|turn|26
|
|t:|1628247753
|switch|p2a: Shiinotic|Shiinotic, M|87/100
|-damage|p2a: Shiinotic|75/100|[from] Stealth Rock
|move|p1a: Jellicent|Scald|p2a: Shiinotic
|-resisted|p2a: Shiinotic
|-damage|p2a: Shiinotic|63/100
|
|upkeep
|turn|27
|
|t:|1628247759
|move|p1a: Jellicent|Taunt|p2a: Shiinotic
|-start|p2a: Shiinotic|move: Taunt
|cant|p2a: Shiinotic|move: Taunt|Strength Sap
|
|upkeep
|turn|28
|
|t:|1628247764
|move|p1a: Jellicent|Scald|p2a: Shiinotic
|-resisted|p2a: Shiinotic
|-damage|p2a: Shiinotic|50/100
|move|p2a: Shiinotic|Moonblast|p1a: Jellicent
|-damage|p1a: Jellicent|64/100
|-unboost|p1a: Jellicent|spa|1
|
|upkeep
|turn|29
|
|t:|1628247772
|move|p1a: Jellicent|Scald|p2a: Shiinotic
|-resisted|p2a: Shiinotic
|-crit|p2a: Shiinotic
|-damage|p2a: Shiinotic|29/100
|move|p2a: Shiinotic|Moonblast|p1a: Jellicent
|-damage|p1a: Jellicent|39/100
|
|-end|p2a: Shiinotic|move: Taunt
|upkeep
|turn|30
|
|t:|1628247781
|switch|p2a: Silvally|Silvally-Ghost|31/100 slp
|-damage|p2a: Silvally|19/100 slp|[from] Stealth Rock
|move|p1a: Jellicent|Taunt|p2a: Silvally
|-start|p2a: Silvally|move: Taunt
|
|upkeep
|turn|31
|
|t:|1628247795
|switch|p2a: Shiinotic|Shiinotic, M|29/100
|-damage|p2a: Shiinotic|17/100|[from] Stealth Rock
|move|p1a: Jellicent|Hex|p2a: Shiinotic
|-damage|p2a: Shiinotic|3/100
|
|upkeep
|turn|32
|
|t:|1628247801
|move|p1a: Jellicent|Hex|p2a: Shiinotic
|-damage|p2a: Shiinotic|0 fnt
|faint|p2a: Shiinotic
|
|upkeep
|
|t:|1628247809
|switch|p2a: Turtonator|Turtonator, M|68/100
|-damage|p2a: Turtonator|43/100|[from] Stealth Rock
|turn|33
|
|t:|1628247836
|switch|p1a: Whimsicott|Whimsicott, F|100/100 par
|move|p2a: Turtonator|Draco Meteor|p1a: Whimsicott
|-immune|p1a: Whimsicott
|
|upkeep
|turn|34
|
|t:|1628247847
|move|p2a: Turtonator|Fire Blast|p1a: Whimsicott
|-supereffective|p1a: Whimsicott
|-damage|p1a: Whimsicott|0 fnt
|faint|p1a: Whimsicott
|
|upkeep
|
|t:|1628247849
|switch|p1a: Centiskorch|Centiskorch, M|100/100
|turn|35
|
|t:|1628247853
|move|p1a: Centiskorch|Fire Lash|p2a: Turtonator
|-resisted|p2a: Turtonator
|-damage|p2a: Turtonator|33/100
|-unboost|p2a: Turtonator|def|1
|move|p2a: Turtonator|Rapid Spin|p1a: Centiskorch
|-damage|p1a: Centiskorch|88/100
|-boost|p2a: Turtonator|spe|1
|-sideend|p2: thinking of chu|Stealth Rock|[from] move: Rapid Spin|[of] p2a: Turtonator
|
|upkeep
|turn|36
|
|t:|1628247863
|move|p2a: Turtonator|Draco Meteor|p1a: Centiskorch
|-damage|p1a: Centiskorch|32/100
|-unboost|p2a: Turtonator|spa|2
|move|p1a: Centiskorch|Knock Off|p2a: Turtonator
|-damage|p2a: Turtonator|0 fnt
|faint|p2a: Turtonator
|
|upkeep
|j| PULT83c Neibafu
|
|t:|1628247877
|switch|p2a: Silvally|Silvally-Ghost|19/100 slp
|turn|37
|
|t:|1628247884
|move|p1a: Centiskorch|Fire Lash|p2a: Silvally
|-damage|p2a: Silvally|0 fnt
|faint|p2a: Silvally
|
|upkeep
|
|t:|1628247893
|switch|p2a: Poliwrath|Poliwrath, F|100/100
|turn|38
|
|t:|1628247899
|move|p1a: Centiskorch|Fire Lash|p2a: Poliwrath
|-resisted|p2a: Poliwrath
|-damage|p2a: Poliwrath|88/100
|-unboost|p2a: Poliwrath|def|1
|move|p2a: Poliwrath|Scald|p1a: Centiskorch
|-supereffective|p1a: Centiskorch
|-damage|p1a: Centiskorch|0 fnt
|faint|p1a: Centiskorch
|
|-heal|p2a: Poliwrath|94/100|[from] item: Leftovers
|upkeep
|
|t:|1628247902
|switch|p1a: Jellicent|Jellicent, F|39/100
|-damage|p1a: Jellicent|26/100|[from] Stealth Rock
|turn|39
|
|t:|1628247904
|switch|p2a: Lunatone|Lunatone|100/100 par
|move|p1a: Jellicent|Recover|p1a: Jellicent
|-heal|p1a: Jellicent|76/100
|
|upkeep
|turn|40
|
|t:|1628247908
|move|p1a: Jellicent|Taunt|p2a: Lunatone
|-start|p2a: Lunatone|move: Taunt
|move|p2a: Lunatone|Future Sight|p1a: Jellicent
|-start|p2a: Lunatone|move: Future Sight
|
|upkeep
|turn|41
|
|t:|1628247912
|move|p1a: Jellicent|Hex|p2a: Lunatone
|-supereffective|p2a: Lunatone
|-damage|p2a: Lunatone|13/100 par
|move|p2a: Lunatone|Power Gem|p1a: Jellicent
|-damage|p1a: Jellicent|47/100
|
|-heal|p2a: Lunatone|19/100 par|[from] item: Leftovers
|upkeep
|turn|42
|
|t:|1628247918
|move|p1a: Jellicent|Recover|p1a: Jellicent
|-heal|p1a: Jellicent|97/100
|move|p2a: Lunatone|Power Gem|p1a: Jellicent
|-damage|p1a: Jellicent|65/100
|
|-end|p1a: Jellicent|move: Future Sight
|-damage|p1a: Jellicent|18/100
|-heal|p2a: Lunatone|26/100 par|[from] item: Leftovers
|-end|p2a: Lunatone|move: Taunt
|upkeep
|turn|43
|
|t:|1628247926
|move|p1a: Jellicent|Recover|p1a: Jellicent
|-heal|p1a: Jellicent|68/100
|move|p2a: Lunatone|Future Sight|p1a: Jellicent
|-start|p2a: Lunatone|move: Future Sight
|
|-heal|p2a: Lunatone|32/100 par|[from] item: Leftovers
|upkeep
|turn|44
|
|t:|1628247932
|switch|p2a: Stunfisk|Stunfisk-Galar, F|65/100
|move|p1a: Jellicent|Hex|p2a: Stunfisk
|-damage|p2a: Stunfisk|51/100
|
|upkeep
|turn|45
|
|t:|1628247936
|move|p1a: Jellicent|Scald|p2a: Stunfisk
|-supereffective|p2a: Stunfisk
|-damage|p2a: Stunfisk|21/100
|move|p2a: Stunfisk|Yawn|p1a: Jellicent
|-start|p1a: Jellicent|move: Yawn|[of] p2a: Stunfisk
|
|-end|p1a: Jellicent|move: Future Sight
|-damage|p1a: Jellicent|22/100
|upkeep
|turn|46
|
|t:|1628247945
|switch|p2a: Lunatone|Lunatone|32/100 par
|move|p1a: Jellicent|Recover|p1a: Jellicent
|-heal|p1a: Jellicent|72/100
|
|-heal|p2a: Lunatone|38/100 par|[from] item: Leftovers
|-end|p1a: Jellicent|move: Yawn|[silent]
|-message|Sleep Clause Mod activated.
|upkeep
|turn|47
|inactive|Battle timer is ON: inactive players will automatically lose when time's up. (requested by PULT83C harisme)
|c|☆thinking of chu|huh, sandaconda slept with rest and not yawn
|
|t:|1628247982
|move|p1a: Jellicent|Hex|p2a: Lunatone
|-supereffective|p2a: Lunatone
|-damage|p2a: Lunatone|0 fnt
|faint|p2a: Lunatone
|
|upkeep
|
|t:|1628247987
|switch|p2a: Stunfisk|Stunfisk-Galar, F|21/100
|turn|48
|
|t:|1628247992
|move|p1a: Jellicent|Scald|p2a: Stunfisk
|-supereffective|p2a: Stunfisk
|-damage|p2a: Stunfisk|0 fnt
|faint|p2a: Stunfisk
|
|upkeep
|
|t:|1628247994
|switch|p2a: Poliwrath|Poliwrath, F|94/100
|turn|49
|
|t:|1628247996
|move|p1a: Jellicent|Taunt|p2a: Poliwrath
|-start|p2a: Poliwrath|move: Taunt
|move|p2a: Poliwrath|Circle Throw|p1a: Jellicent
|-immune|p1a: Jellicent
|
|-heal|p2a: Poliwrath|99/100|[from] item: Leftovers
|upkeep
|turn|50
|
|t:|1628248000
|move|p1a: Jellicent|Hex|p2a: Poliwrath
|-damage|p2a: Poliwrath|81/100
|move|p2a: Poliwrath|Circle Throw|p1a: Jellicent
|-immune|p1a: Jellicent
|
|-heal|p2a: Poliwrath|87/100|[from] item: Leftovers
|upkeep
|turn|51
|
|t:|1628248002
|move|p1a: Jellicent|Hex|p2a: Poliwrath
|-damage|p2a: Poliwrath|68/100
|move|p2a: Poliwrath|Circle Throw|p1a: Jellicent
|-immune|p1a: Jellicent
|
|-heal|p2a: Poliwrath|74/100|[from] item: Leftovers
|-end|p2a: Poliwrath|move: Taunt
|upkeep
|turn|52
|
|t:|1628248005
|move|p1a: Jellicent|Taunt|p2a: Poliwrath
|-start|p2a: Poliwrath|move: Taunt
|move|p2a: Poliwrath|Circle Throw|p1a: Jellicent
|-immune|p1a: Jellicent
|
|-heal|p2a: Poliwrath|80/100|[from] item: Leftovers
|upkeep
|turn|53
|
|t:|1628248008
|move|p1a: Jellicent|Hex|p2a: Poliwrath
|-damage|p2a: Poliwrath|60/100
|move|p2a: Poliwrath|Circle Throw|p1a: Jellicent
|-immune|p1a: Jellicent
|
|-heal|p2a: Poliwrath|67/100|[from] item: Leftovers
|upkeep
|turn|54
|
|t:|1628248012
|move|p1a: Jellicent|Hex|p2a: Poliwrath
|-damage|p2a: Poliwrath|46/100
|move|p2a: Poliwrath|Circle Throw|p1a: Jellicent
|-immune|p1a: Jellicent
|
|-heal|p2a: Poliwrath|52/100|[from] item: Leftovers
|-end|p2a: Poliwrath|move: Taunt
|upkeep
|turn|55
|
|t:|1628248016
|move|p1a: Jellicent|Taunt|p2a: Poliwrath
|-start|p2a: Poliwrath|move: Taunt
|move|p2a: Poliwrath|Circle Throw|p1a: Jellicent
|-immune|p1a: Jellicent
|
|-heal|p2a: Poliwrath|59/100|[from] item: Leftovers
|upkeep
|turn|56
|
|t:|1628248022
|move|p1a: Jellicent|Hex|p2a: Poliwrath
|-damage|p2a: Poliwrath|40/100
|move|p2a: Poliwrath|Circle Throw|p1a: Jellicent
|-immune|p1a: Jellicent
|
|-heal|p2a: Poliwrath|46/100|[from] item: Leftovers
|upkeep
|turn|57
|
|t:|1628248024
|move|p1a: Jellicent|Hex|p2a: Poliwrath
|-crit|p2a: Poliwrath
|-damage|p2a: Poliwrath|15/100
|move|p2a: Poliwrath|Circle Throw|p1a: Jellicent
|-immune|p1a: Jellicent
|
|-heal|p2a: Poliwrath|21/100|[from] item: Leftovers
|-end|p2a: Poliwrath|move: Taunt
|upkeep
|turn|58
|l| PULT83c Neibafu
|
|t:|1628248028
|move|p1a: Jellicent|Hex|p2a: Poliwrath
|-damage|p2a: Poliwrath|0 fnt
|faint|p2a: Poliwrath
|
|win|PULT83C harisme
|raw|PULT83C harisme's rating: 1302 &rarr; <strong>1327</strong><br />(+25 for winning)
|raw|thinking of chu's rating: 1397 &rarr; <strong>1372</strong><br />(-25 for losing)
|c|☆thinking of chu|gg
|l|☆PULT83C harisme
