|j|☆udongirl
|j|☆Bigkevinm84
|t:|1623304744
|gametype|singles
|player|p1|udongirl|mira|1393
|player|p2|Bigkevinm84|acetrainer-gen4dp|1403
|teamsize|p1|6
|teamsize|p2|6
|gen|8
|tier|[Gen 8] PU
|rated|
|rule|Sleep Clause Mod: Limit one foe put to sleep
|rule|Species Clause: Limit one of each Pokémon
|rule|OHKO Clause: OHKO moves are banned
|rule|Evasion Moves Clause: Evasion moves are banned
|rule|Endless Battle Clause: Forcing endless battles is banned
|rule|HP Percentage Mod: HP is shown in percentages
|rule|Dynamax Clause: You cannot dynamax
|clearpoke
|poke|p1|Gigalith, M|
|poke|p1|Tsareena, F|
|poke|p1|Jellicent, M|
|poke|p1|Togedemaru, L1, F|
|poke|p1|Magmortar, F|
|poke|p1|Silvally-*|
|poke|p2|Togedemaru, L1, M|
|poke|p2|Gigalith, M|
|poke|p2|Sandslash, M|
|poke|p2|Qwilfish, M|
|poke|p2|Silvally-*|
|poke|p2|Exeggutor-Alola, F|
|teampreview
|inactive|Battle timer is ON: inactive players will automatically lose when time's up. (requested by udongirl)
|
|t:|1623304798
|start
|switch|p1a: Tsareena|Tsareena, F|100/100
|switch|p2a: Baby Blue|Sandslash, M, shiny|100/100
|turn|1
|
|t:|1623304822
|switch|p2a: Guroe|Silvally-Ghost|100/100
|move|p1a: Tsareena|Knock Off|p2a: Guroe
|-supereffective|p2a: Guroe
|-damage|p2a: Guroe|69/100
|
|upkeep
|turn|2
|j| lhagosena
|
|t:|1623304839
|move|p2a: Guroe|Multi-Attack|p1a: Tsareena
|-damage|p1a: Tsareena|62/100
|move|p1a: Tsareena|Power Whip|p2a: Guroe
|-damage|p2a: Guroe|24/100
|
|upkeep
|turn|3
|
|t:|1623304851
|move|p2a: Guroe|Rest|p2a: Guroe
|-status|p2a: Guroe|slp|[from] move: Rest
|-heal|p2a: Guroe|100/100 slp|[silent]
|move|p1a: Tsareena|Knock Off|p2a: Guroe
|-supereffective|p2a: Guroe
|-damage|p2a: Guroe|71/100 slp
|
|upkeep
|turn|4
|
|t:|1623304858
|cant|p2a: Guroe|slp
|move|p2a: Guroe|Sleep Talk|p2a: Guroe
|move|p2a: Guroe|Multi-Attack|p1a: Tsareena|[from]move: Sleep Talk
|-damage|p1a: Tsareena|24/100
|move|p1a: Tsareena|Power Whip|p2a: Guroe
|-damage|p2a: Guroe|26/100 slp
|
|upkeep
|turn|5
|
|t:|1623304869
|switch|p2a: Squilly|Qwilfish, M|100/100
|-ability|p2a: Squilly|Intimidate|boost
|-unboost|p1a: Tsareena|atk|1
|move|p1a: Tsareena|Power Whip|p2a: Squilly
|-damage|p2a: Squilly|52/100
|
|-heal|p2a: Squilly|58/100|[from] item: Black Sludge
|upkeep
|turn|6
|
|t:|1623304878
|switch|p1a: Silvally|Silvally-Steel|100/100
|move|p2a: Squilly|Toxic Spikes|p1a: Silvally
|-sidestart|p1: udongirl|move: Toxic Spikes
|
|-heal|p2a: Squilly|64/100|[from] item: Black Sludge
|upkeep
|turn|7
|
|t:|1623304890
|switch|p2a: Baby Blue|Sandslash, M, shiny|100/100
|move|p1a: Silvally|Swords Dance|p1a: Silvally
|-boost|p1a: Silvally|atk|2
|
|upkeep
|turn|8
|
|t:|1623304897
|switch|p2a: Squilly|Qwilfish, M|64/100
|-ability|p2a: Squilly|Intimidate|boost
|-unboost|p1a: Silvally|atk|1
|move|p1a: Silvally|Multi-Attack|p2a: Squilly
|-resisted|p2a: Squilly
|-damage|p2a: Squilly|14/100
|
|-heal|p2a: Squilly|20/100|[from] item: Black Sludge
|upkeep
|turn|9
|
|t:|1623304916
|move|p2a: Squilly|Scald|p1a: Silvally
|-damage|p1a: Silvally|87/100
|move|p1a: Silvally|Multi-Attack|p2a: Squilly
|-resisted|p2a: Squilly
|-damage|p2a: Squilly|0 fnt
|faint|p2a: Squilly
|
|upkeep
|
|t:|1623304930
|switch|p2a: Mecha-Mickey|Togedemaru, L1, M|100/100
|turn|10
|
|t:|1623304934
|move|p1a: Silvally|Defog|p2a: Mecha-Mickey
|-unboost|p2a: Mecha-Mickey|evasion|1
|-sideend|p1: udongirl|Toxic Spikes|[from] move: Defog|[of] p1a: Silvally
|move|p2a: Mecha-Mickey|Endeavor|p1a: Silvally
|-damage|p1a: Silvally|4/100
|
|upkeep
|turn|11
|
|t:|1623304954
|switch|p2a: Purple Majesty|Gigalith, M, shiny|100/100
|-weather|Sandstorm|[from] ability: Sand Stream|[of] p2a: Purple Majesty
|move|p1a: Silvally|Rock Slide|p2a: Purple Majesty
|-damage|p2a: Purple Majesty|75/100
|
|-weather|Sandstorm|[upkeep]
|upkeep
|turn|12
|
|t:|1623304964
|switch|p2a: Guroe|Silvally-Ghost|26/100 slp
|move|p1a: Silvally|Multi-Attack|p2a: Guroe
|-damage|p2a: Guroe|0 fnt
|faint|p2a: Guroe
|
|-weather|Sandstorm|[upkeep]
|upkeep
|
|t:|1623304972
|switch|p2a: Baby Blue|Sandslash, M, shiny|100/100
|turn|13
|inactive|Bigkevinm84 has 120 seconds left.
|c|☆udongirl|Wow
|
|t:|1623305020
|move|p2a: Baby Blue|Rapid Spin|p1a: Silvally
|-resisted|p1a: Silvally
|-damage|p1a: Silvally|0 fnt
|-boost|p2a: Baby Blue|spe|1
|faint|p1a: Silvally
|
|-weather|Sandstorm|[upkeep]
|upkeep
|
|t:|1623305028
|switch|p1a: Jellicent|Jellicent, M|100/100
|turn|14
|
|t:|1623305035
|move|p2a: Baby Blue|Swords Dance|p2a: Baby Blue
|-boost|p2a: Baby Blue|atk|2
|move|p1a: Jellicent|Will-O-Wisp|p2a: Baby Blue|[miss]
|-miss|p1a: Jellicent|p2a: Baby Blue
|
|-weather|Sandstorm|[upkeep]
|-damage|p1a: Jellicent|94/100|[from] Sandstorm
|upkeep
|turn|15
|
|t:|1623305044
|move|p2a: Baby Blue|Swords Dance|p2a: Baby Blue
|-boost|p2a: Baby Blue|atk|2
|move|p1a: Jellicent|Will-O-Wisp|p2a: Baby Blue
|-status|p2a: Baby Blue|brn
|-enditem|p2a: Baby Blue|Lum Berry|[eat]
|-curestatus|p2a: Baby Blue|brn|[msg]
|
|-weather|Sandstorm|[upkeep]
|-damage|p1a: Jellicent|88/100|[from] Sandstorm
|upkeep
|turn|16
|inactive|Bigkevinm84 has 120 seconds left.
|
|t:|1623305049
|move|p2a: Baby Blue|Earthquake|p1a: Jellicent
|-damage|p1a: Jellicent|0 fnt
|faint|p1a: Jellicent
|
|-weather|Sandstorm|[upkeep]
|upkeep
|
|t:|1623305055
|switch|p1a: Togedemaru|Togedemaru, L1, F|100/100
|turn|17
|
|t:|1623305059
|move|p2a: Baby Blue|Knock Off|p1a: Togedemaru
|-ability|p1a: Togedemaru|Sturdy
|-damage|p1a: Togedemaru|9/100
|-enditem|p1a: Togedemaru|Berry Juice|[from] move: Knock Off|[of] p2a: Baby Blue
|move|p1a: Togedemaru|Toxic|p2a: Baby Blue|[miss]
|-miss|p1a: Togedemaru|p2a: Baby Blue
|
|-weather|Sandstorm|[upkeep]
|upkeep
|turn|18
|-message|udongirl forfeited.
|
|win|Bigkevinm84
|raw|udongirl's rating: 1393 &rarr; <strong>1374</strong><br />(-19 for losing)
|raw|Bigkevinm84's rating: 1403 &rarr; <strong>1422</strong><br />(+19 for winning)
|l|☆udongirl
