|j|☆honor roll 520
|j|☆Charizardlover7
|player|p1|honor roll 520|pokemonbreederf-gen4|1420
|player|p2|Charizardlover7|beauty-gen2jp|1320
|teamsize|p1|6
|teamsize|p2|6
|gametype|singles
|gen|8
|tier|[Gen 8] PU
|rated|
|clearpoke
|poke|p1|Tangela, F|
|poke|p1|Stunfisk, F|
|poke|p1|Throh, M|
|poke|p1|Type: Null|
|poke|p1|Mr. Rime, F|
|poke|p1|Fraxure, M|
|poke|p2|Krokorok, F|
|poke|p2|Mr. Rime, F|
|poke|p2|Roselia, M|
|poke|p2|Dusknoir, F|
|poke|p2|Pawniard, M|
|poke|p2|Heatmor, F|
|rule|Sleep Clause Mod: Limit one foe put to sleep
|rule|Species Clause: Limit one of each Pokémon
|rule|OHKO Clause: OHKO moves are banned
|rule|Evasion Moves Clause: Evasion moves are banned
|rule|Endless Battle Clause: Forcing endless battles is banned
|rule|HP Percentage Mod: HP is shown in percentages
|rule|Dynamax Clause: You cannot dynamax
|teampreview
|j| BlueWollyWog
|
|start
|switch|p1a: Throh|Throh, M|100/100
|switch|p2a: Krokorok|Krokorok, F|100/100
|-ability|p2a: Krokorok|Intimidate|boost
|-unboost|p1a: Throh|atk|1
|turn|1
|inactive|Battle timer is ON: inactive players will automatically lose when time's up. (requested by Charizardlover7)
|
|move|p2a: Krokorok|Stealth Rock|p1a: Throh
|-sidestart|p1: honor roll 520|move: Stealth Rock
|move|p1a: Throh|Storm Throw|p2a: Krokorok
|-supereffective|p2a: Krokorok
|-crit|p2a: Krokorok
|-damage|p2a: Krokorok|0 fnt
|faint|p2a: Krokorok
|
|-status|p1a: Throh|brn|[from] item: Flame Orb
|upkeep
|
|switch|p2a: Dusknoir|Dusknoir, F|100/100
|-item|p1a: Throh|Flame Orb|[from] ability: Frisk|[of] p2a: Dusknoir|[identify]
|turn|2
|
|move|p1a: Throh|Knock Off|p2a: Dusknoir
|-supereffective|p2a: Dusknoir
|-damage|p2a: Dusknoir|45/100
|-enditem|p2a: Dusknoir|Choice Band|[from] move: Knock Off|[of] p1a: Throh
|move|p2a: Dusknoir|Poltergeist|p1a: Throh
|-activate|p1a: Throh|move: Poltergeist|Flame Orb
|-damage|p1a: Throh|52/100 brn
|
|-damage|p1a: Throh|45/100 brn|[from] brn
|upkeep
|turn|3
|
|move|p1a: Throh|Knock Off|p2a: Dusknoir
|-supereffective|p2a: Dusknoir
|-damage|p2a: Dusknoir|8/100
|move|p2a: Dusknoir|Poltergeist|p1a: Throh
|-activate|p1a: Throh|move: Poltergeist|Flame Orb
|-damage|p1a: Throh|0 fnt
|faint|p1a: Throh
|
|upkeep
|
|switch|p1a: Stunfisk|Stunfisk, F|100/100
|-damage|p1a: Stunfisk|94/100|[from] Stealth Rock
|turn|4
|
|move|p2a: Dusknoir|Earthquake|p1a: Stunfisk
|-supereffective|p1a: Stunfisk
|-damage|p1a: Stunfisk|53/100
|move|p1a: Stunfisk|Stealth Rock|p2a: Dusknoir
|-sidestart|p2: Charizardlover7|move: Stealth Rock
|
|-heal|p1a: Stunfisk|59/100|[from] item: Leftovers
|upkeep
|turn|5
|
|move|p2a: Dusknoir|Earthquake|p1a: Stunfisk
|-supereffective|p1a: Stunfisk
|-damage|p1a: Stunfisk|20/100
|move|p1a: Stunfisk|Discharge|p2a: Dusknoir
|-damage|p2a: Dusknoir|0 fnt
|faint|p2a: Dusknoir
|
|-heal|p1a: Stunfisk|26/100|[from] item: Leftovers
|upkeep
|
|switch|p2a: Mr. Rime|Mr. Rime, F|100/100
|turn|6
|
|switch|p1a: Mr. Rime|Mr. Rime, F|100/100
|move|p2a: Mr. Rime|Nasty Plot|p2a: Mr. Rime
|-boost|p2a: Mr. Rime|spa|2
|
|upkeep
|turn|7
|
|move|p2a: Mr. Rime|Rapid Spin|p1a: Mr. Rime
|-damage|p1a: Mr. Rime|89/100
|-boost|p2a: Mr. Rime|spe|1
|-sideend|p2: Charizardlover7|Stealth Rock|[from] move: Rapid Spin|[of] p2a: Mr. Rime
|move|p1a: Mr. Rime|Rapid Spin|p2a: Mr. Rime
|-damage|p2a: Mr. Rime|89/100
|-boost|p1a: Mr. Rime|spe|1
|-sideend|p1: honor roll 520|Stealth Rock|[from] move: Rapid Spin|[of] p1a: Mr. Rime
|
|upkeep
|turn|8
|
|switch|p1a: Stunfisk|Stunfisk, F|26/100
|move|p2a: Mr. Rime|Focus Blast|p1a: Stunfisk
|-damage|p1a: Stunfisk|0 fnt
|faint|p1a: Stunfisk
|
|upkeep
|
|switch|p1a: Fraxure|Fraxure, M|100/100
|-ability|p1a: Fraxure|Mold Breaker
|turn|9
|
|switch|p2a: Heatmor|Heatmor, F|100/100
|move|p1a: Fraxure|First Impression|p2a: Heatmor
|-resisted|p2a: Heatmor
|-damage|p2a: Heatmor|59/100
|
|upkeep
|turn|10
|
|switch|p1a: Type: Null|Type: Null|100/100
|move|p2a: Heatmor|Knock Off|p1a: Type: Null
|-damage|p1a: Type: Null|87/100
|-enditem|p1a: Type: Null|Eviolite|[from] move: Knock Off|[of] p2a: Heatmor
|
|upkeep
|turn|11
|
|switch|p2a: Pawniard|Pawniard, M|100/100
|move|p1a: Type: Null|U-turn|p2a: Pawniard
|-damage|p2a: Pawniard|80/100
|
|switch|p1a: Fraxure|Fraxure, M|100/100|[from]move: U-turn
|-ability|p1a: Fraxure|Mold Breaker
|
|upkeep
|turn|12
|
|move|p2a: Pawniard|Sucker Punch|p1a: Fraxure
|-damage|p1a: Fraxure|53/100
|move|p1a: Fraxure|Stomping Tantrum|p2a: Pawniard
|-supereffective|p2a: Pawniard
|-damage|p2a: Pawniard|0 fnt
|faint|p2a: Pawniard
|
|upkeep
|
|switch|p2a: Mr. Rime|Mr. Rime, F|89/100
|turn|13
|
|switch|p1a: Type: Null|Type: Null|87/100
|move|p2a: Mr. Rime|Nasty Plot|p2a: Mr. Rime
|-boost|p2a: Mr. Rime|spa|2
|
|upkeep
|turn|14
|
|move|p2a: Mr. Rime|Focus Blast|p1a: Type: Null
|-supereffective|p1a: Type: Null
|-damage|p1a: Type: Null|0 fnt
|faint|p1a: Type: Null
|
|upkeep
|
|switch|p1a: Fraxure|Fraxure, M|53/100
|-ability|p1a: Fraxure|Mold Breaker
|turn|15
|
|move|p1a: Fraxure|First Impression|p2a: Mr. Rime
|-supereffective|p2a: Mr. Rime
|-damage|p2a: Mr. Rime|0 fnt
|faint|p2a: Mr. Rime
|
|upkeep
|
|switch|p2a: Heatmor|Heatmor, F|59/100
|turn|16
|
|switch|p1a: Tangela|Tangela, F|100/100
|move|p2a: Heatmor|Flamethrower|p1a: Tangela
|-supereffective|p1a: Tangela
|-damage|p1a: Tangela|0 fnt
|faint|p1a: Tangela
|
|upkeep
|
|switch|p1a: Fraxure|Fraxure, M|53/100
|-ability|p1a: Fraxure|Mold Breaker
|turn|17
|
|move|p2a: Heatmor|Flamethrower|p1a: Fraxure
|-resisted|p1a: Fraxure
|-damage|p1a: Fraxure|7/100
|move|p1a: Fraxure|Scale Shot|p2a: Heatmor|[miss]
|-miss|p1a: Fraxure|p2a: Heatmor
|
|upkeep
|turn|18
|
|move|p2a: Heatmor|Flamethrower|p1a: Fraxure
|-resisted|p1a: Fraxure
|-damage|p1a: Fraxure|0 fnt
|faint|p1a: Fraxure
|
|upkeep
|
|switch|p1a: Mr. Rime|Mr. Rime, F|89/100
|turn|19
|j| spiritblast
|
|move|p2a: Heatmor|Flamethrower|p1a: Mr. Rime
|-supereffective|p1a: Mr. Rime
|-damage|p1a: Mr. Rime|0 fnt
|faint|p1a: Mr. Rime
|
|win|Charizardlover7
|raw|honor roll 520's rating: 1420 &rarr; <strong>1394</strong><br />(-26 for losing)
|raw|Charizardlover7's rating: 1321 &rarr; <strong>1346</strong><br />(+25 for winning)
