|j|☆Bonekeeper pu
|j|☆bassy gay
|t:|1667254310
|gametype|singles
|player|p1|Bonekeeper pu|1|1326
|player|p2|bassy gay|169|1617
|teamsize|p1|6
|teamsize|p2|6
|gen|8
|tier|[Gen 8] PU
|rated|
|rule|Sleep Clause Mod: Limit one foe put to sleep
|rule|Species Clause: Limit one of each Pokémon
|rule|OHKO Clause: OHKO moves are banned
|rule|Evasion Items Clause: Evasion items are banned
|rule|Evasion Moves Clause: Evasion moves are banned
|rule|Endless Battle Clause: Forcing endless battles is banned
|rule|HP Percentage Mod: HP is shown in percentages
|rule|Dynamax Clause: You cannot dynamax
|clearpoke
|poke|p1|Avalugg, F|
|poke|p1|Cramorant, M|
|poke|p1|Frosmoth, M|
|poke|p1|Silvally-*|
|poke|p1|Lanturn, M|
|poke|p1|Galvantula, F|
|poke|p2|Gourgeist-*, M|
|poke|p2|Comfey, F|
|poke|p2|Flapple, M|
|poke|p2|Togedemaru, F|
|poke|p2|Coalossal, M|
|poke|p2|Miltank, F|
|teampreview
|
|t:|1667254348
|start
|switch|p1a: Cramorant|Cramorant, M|100/100
|switch|p2a: Coalossal|Coalossal, M|100/100
|turn|1
|
|t:|1667254380
|switch|p2a: Miltank|Miltank, F|100/100
|move|p1a: Cramorant|Surf|p2a: Miltank
|-formechange|p1a: Cramorant|Cramorant-Gulping|
|-damage|p2a: Miltank|66/100
|-damage|p1a: Cramorant|91/100|[from] item: Life Orb
|
|upkeep
|turn|2
|
|t:|1667254390
|move|p1a: Cramorant|Substitute|p1a: Cramorant
|-start|p1a: Cramorant|Substitute
|-damage|p1a: Cramorant|66/100
|move|p2a: Miltank|Milk Drink|p2a: Miltank
|-heal|p2a: Miltank|100/100
|
|upkeep
|turn|3
|
|t:|1667254394
|move|p1a: Cramorant|Hurricane|p2a: Miltank|[miss]
|-miss|p1a: Cramorant|p2a: Miltank
|move|p2a: Miltank|Stealth Rock|p1a: Cramorant
|-sidestart|p1: Bonekeeper pu|move: Stealth Rock
|
|upkeep
|turn|4
|
|t:|1667254407
|switch|p2a: Togedemaru|Togedemaru, F|100/100
|move|p1a: Cramorant|Hurricane|p2a: Togedemaru|[miss]
|-miss|p1a: Cramorant|p2a: Togedemaru
|
|upkeep
|turn|5
|
|t:|1667254413
|move|p1a: Cramorant|Surf|p2a: Togedemaru
|-damage|p2a: Togedemaru|57/100
|-damage|p1a: Cramorant|56/100|[from] item: Life Orb
|move|p2a: Togedemaru|Iron Head|p1a: Cramorant
|-resisted|p1a: Cramorant
|-activate|p1a: Cramorant|move: Substitute|[damage]
|
|-heal|p2a: Togedemaru|63/100|[from] item: Leftovers
|upkeep
|turn|6
|
|t:|1667254419
|move|p1a: Cramorant|Surf|p2a: Togedemaru
|-damage|p2a: Togedemaru|15/100
|-damage|p1a: Cramorant|46/100|[from] item: Life Orb
|move|p2a: Togedemaru|Wish|p2a: Togedemaru
|
|-heal|p2a: Togedemaru|21/100|[from] item: Leftovers
|upkeep
|turn|7
|
|t:|1667254426
|move|p2a: Togedemaru|Spiky Shield|p2a: Togedemaru
|-singleturn|p2a: Togedemaru|move: Protect
|move|p1a: Cramorant|Surf|p2a: Togedemaru
|-activate|p2a: Togedemaru|move: Protect
|
|-heal|p2a: Togedemaru|71/100|[from] move: Wish|[wisher] Togedemaru
|-heal|p2a: Togedemaru|77/100|[from] item: Leftovers
|upkeep
|turn|8
|
|t:|1667254435
|move|p1a: Cramorant|Surf|p2a: Togedemaru
|-damage|p2a: Togedemaru|28/100
|-damage|p1a: Cramorant|36/100|[from] item: Life Orb
|move|p2a: Togedemaru|Wish|p2a: Togedemaru
|
|-heal|p2a: Togedemaru|34/100|[from] item: Leftovers
|upkeep
|turn|9
|
|t:|1667254442
|move|p2a: Togedemaru|Spiky Shield|p2a: Togedemaru
|-singleturn|p2a: Togedemaru|move: Protect
|move|p1a: Cramorant|Roost|p1a: Cramorant
|-heal|p1a: Cramorant|86/100
|-singleturn|p1a: Cramorant|move: Roost
|
|-heal|p2a: Togedemaru|84/100|[from] move: Wish|[wisher] Togedemaru
|-heal|p2a: Togedemaru|90/100|[from] item: Leftovers
|upkeep
|turn|10
|
|t:|1667254455
|move|p1a: Cramorant|Hurricane|p2a: Togedemaru
|-resisted|p2a: Togedemaru
|-damage|p2a: Togedemaru|76/100
|-damage|p1a: Cramorant|76/100|[from] item: Life Orb
|move|p2a: Togedemaru|Wish|p2a: Togedemaru
|
|-heal|p2a: Togedemaru|82/100|[from] item: Leftovers
|upkeep
|turn|11
|
|t:|1667254465
|move|p1a: Cramorant|Surf|p2a: Togedemaru
|-damage|p2a: Togedemaru|36/100
|-damage|p1a: Cramorant|66/100|[from] item: Life Orb
|move|p2a: Togedemaru|U-turn|p1a: Cramorant
|-resisted|p1a: Cramorant
|-end|p1a: Cramorant|Substitute
|
|t:|1667254475
|switch|p2a: Miltank|Miltank, F|100/100|[from]move: U-turn
|
|upkeep
|turn|12
|
|t:|1667254483
|switch|p1a: Avalugg|Avalugg, F|100/100
|move|p2a: Miltank|Seismic Toss|p1a: Avalugg
|-damage|p1a: Avalugg|75/100
|
|upkeep
|turn|13
|
|t:|1667254488
|move|p2a: Miltank|Toxic|p1a: Avalugg
|-status|p1a: Avalugg|tox
|move|p1a: Avalugg|Toxic|p2a: Miltank
|-status|p2a: Miltank|tox
|
|-damage|p2a: Miltank|94/100 tox|[from] psn
|-damage|p1a: Avalugg|69/100 tox|[from] psn
|upkeep
|turn|14
|
|t:|1667254491
|switch|p2a: Gourgeist|Gourgeist-Super, M|100/100
|-item|p1a: Avalugg|Heavy-Duty Boots|[from] ability: Frisk|[of] p2a: Gourgeist|[identify]
|move|p1a: Avalugg|Rapid Spin|p2a: Gourgeist
|-immune|p2a: Gourgeist
|
|-damage|p1a: Avalugg|57/100 tox|[from] psn
|upkeep
|turn|15
|
|t:|1667254498
|move|p2a: Gourgeist|Power Whip|p1a: Avalugg
|-damage|p1a: Avalugg|34/100 tox
|move|p1a: Avalugg|Toxic|p2a: Gourgeist
|-status|p2a: Gourgeist|tox
|
|-damage|p2a: Gourgeist|94/100 tox|[from] psn
|-damage|p1a: Avalugg|16/100 tox|[from] psn
|upkeep
|turn|16
|inactive|Battle timer is ON: inactive players will automatically lose when time's up. (requested by Bonekeeper pu)
|
|t:|1667254508
|switch|p1a: Galvantula|Galvantula, F|100/100
|-damage|p1a: Galvantula|76/100|[from] Stealth Rock
|move|p2a: Gourgeist|Poltergeist|p1a: Galvantula
|-activate|p1a: Galvantula|move: Poltergeist|Choice Specs
|-damage|p1a: Galvantula|0 fnt
|faint|p1a: Galvantula
|
|-damage|p2a: Gourgeist|82/100 tox|[from] psn
|upkeep
|
|t:|1667254513
|switch|p1a: Frosmoth|Frosmoth, M|100/100
|turn|17
|
|t:|1667254522
|switch|p2a: Coalossal|Coalossal, M|100/100
|move|p1a: Frosmoth|Ice Beam|p2a: Coalossal
|-resisted|p2a: Coalossal
|-damage|p2a: Coalossal|84/100
|
|upkeep
|turn|18
|
|t:|1667254527
|switch|p1a: Lanturn|Lanturn, M|100/100
|-damage|p1a: Lanturn|88/100|[from] Stealth Rock
|move|p2a: Coalossal|Spikes|p1a: Lanturn
|-sidestart|p1: Bonekeeper pu|Spikes
|
|-heal|p1a: Lanturn|94/100|[from] item: Leftovers
|upkeep
|turn|19
|
|t:|1667254534
|switch|p2a: Flapple|Flapple, M|100/100
|move|p1a: Lanturn|Toxic|p2a: Flapple
|-status|p2a: Flapple|tox
|
|-heal|p1a: Lanturn|100/100|[from] item: Leftovers
|-damage|p2a: Flapple|94/100 tox|[from] psn
|upkeep
|turn|20
|
|t:|1667254541
|switch|p1a: Frosmoth|Frosmoth, M|100/100
|move|p2a: Flapple|Grav Apple|p1a: Frosmoth|[miss]
|-miss|p2a: Flapple|p1a: Frosmoth
|
|-damage|p2a: Flapple|82/100 tox|[from] psn
|upkeep
|turn|21
|
|t:|1667254545
|switch|p2a: Coalossal|Coalossal, M|84/100
|move|p1a: Frosmoth|Ice Beam|p2a: Coalossal
|-resisted|p2a: Coalossal
|-damage|p2a: Coalossal|66/100
|
|upkeep
|turn|22
|
|t:|1667254551
|move|p1a: Frosmoth|Giga Drain|p2a: Coalossal
|-damage|p2a: Coalossal|44/100
|move|p2a: Coalossal|Spikes|p1a: Frosmoth
|-sidestart|p1: Bonekeeper pu|Spikes
|
|upkeep
|turn|23
|
|t:|1667254556
|switch|p1a: Lanturn|Lanturn, M|100/100
|-damage|p1a: Lanturn|88/100|[from] Stealth Rock
|-damage|p1a: Lanturn|72/100|[from] Spikes
|move|p2a: Coalossal|Rock Blast|p1a: Lanturn
|-damage|p1a: Lanturn|66/100
|-damage|p1a: Lanturn|60/100
|-damage|p1a: Lanturn|55/100
|-hitcount|p1a: Lanturn|3
|
|-heal|p1a: Lanturn|61/100|[from] item: Leftovers
|upkeep
|turn|24
|
|t:|1667254563
|switch|p2a: Flapple|Flapple, M|82/100 tox
|move|p1a: Lanturn|Scald|p2a: Flapple
|-resisted|p2a: Flapple
|-damage|p2a: Flapple|72/100 tox
|
|-heal|p1a: Lanturn|67/100|[from] item: Leftovers
|-damage|p2a: Flapple|66/100 tox|[from] psn
|upkeep
|turn|25
|
|t:|1667254573
|switch|p1a: Frosmoth|Frosmoth, M|100/100
|move|p2a: Flapple|U-turn|p1a: Frosmoth
|-damage|p1a: Frosmoth|30/100
|
|t:|1667254577
|switch|p2a: Coalossal|Coalossal, M|44/100|[from]move: U-turn
|
|upkeep
|turn|26
|
|t:|1667254580
|move|p1a: Frosmoth|Ice Beam|p2a: Coalossal
|-resisted|p2a: Coalossal
|-damage|p2a: Coalossal|27/100
|-status|p2a: Coalossal|frz
|-curestatus|p2a: Coalossal|frz|[msg]
|move|p2a: Coalossal|Rock Blast|p1a: Frosmoth
|-supereffective|p1a: Frosmoth
|-damage|p1a: Frosmoth|0 fnt
|faint|p1a: Frosmoth
|-hitcount|p1: Frosmoth|1
|
|upkeep
|
|t:|1667254584
|switch|p1a: Cramorant|Cramorant, M|66/100
|-damage|p1a: Cramorant|41/100|[from] Stealth Rock
|turn|27
|
|t:|1667254587
|move|p1a: Cramorant|Surf|p2a: Coalossal
|-formechange|p1a: Cramorant|Cramorant-Gorging|
|-supereffective|p2a: Coalossal
|-damage|p2a: Coalossal|0 fnt
|faint|p2a: Coalossal
|-damage|p1a: Cramorant|31/100|[from] item: Life Orb
|
|upkeep
|
|t:|1667254596
|switch|p2a: Gourgeist|Gourgeist-Super, M|82/100 tox
|-item|p1a: Cramorant|Life Orb|[from] ability: Frisk|[of] p2a: Gourgeist|[identify]
|turn|28
|
|t:|1667254601
|move|p2a: Gourgeist|Shadow Sneak|p1a: Cramorant
|-damage|p1a: Cramorant|0 fnt
|-damage|p2a: Gourgeist|57/100 tox|[from] ability: Gulp Missile|[of] p1a: Cramorant
|-formechange|p1a: Cramorant|Cramorant|
|faint|p1a: Cramorant
|
|-damage|p2a: Gourgeist|51/100 tox|[from] psn
|upkeep
|
|t:|1667254604
|switch|p1a: Silvally|Silvally-Water|100/100
|-damage|p1a: Silvally|88/100|[from] Stealth Rock
|-damage|p1a: Silvally|71/100|[from] Spikes
|turn|29
|
|t:|1667254608
|move|p1a: Silvally|Swords Dance|p1a: Silvally
|-boost|p1a: Silvally|atk|2
|move|p2a: Gourgeist|Power Whip|p1a: Silvally
|-supereffective|p1a: Silvally
|-damage|p1a: Silvally|0 fnt
|faint|p1a: Silvally
|
|-damage|p2a: Gourgeist|38/100 tox|[from] psn
|upkeep
|-message|Bonekeeper pu forfeited.
|
|win|bassy gay
|raw|Bonekeeper pu's rating: 1326 &rarr; <strong>1320</strong><br />(-6 for losing)
|raw|bassy gay's rating: 1617 &rarr; <strong>1623</strong><br />(+6 for winning)
|l|☆Bonekeeper pu
