|j|☆Garglesoc
|j|☆Haffling tester
|t:|1653226681
|gametype|singles
|player|p1|Garglesoc|2|1527
|player|p2|Haffling tester|cyrus|1455
|teamsize|p1|6
|teamsize|p2|6
|gen|8
|tier|[Gen 8] PU
|rated|
|rule|Sleep Clause Mod: Limit one foe put to sleep
|rule|Species Clause: Limit one of each Pokémon
|rule|OHKO Clause: OHKO moves are banned
|rule|Evasion Moves Clause: Evasion moves are banned
|rule|Endless Battle Clause: Forcing endless battles is banned
|rule|HP Percentage Mod: HP is shown in percentages
|rule|Dynamax Clause: You cannot dynamax
|clearpoke
|poke|p1|Thievul, M|
|poke|p1|Garbodor, M|
|poke|p1|Sandaconda, M|
|poke|p1|Lanturn, M|
|poke|p1|Scyther, F|
|poke|p1|Hitmonchan, M|
|poke|p2|Aggron, M|
|poke|p2|Aromatisse, M|
|poke|p2|Garbodor, M|
|poke|p2|Audino, M|
|poke|p2|Altaria, M|
|poke|p2|Gourgeist-*, M|
|teampreview
|
|t:|1653226694
|start
|switch|p1a: Garbodor|Garbodor, M|100/100
|switch|p2a: GALLANTMON|Aggron, M, shiny|100/100
|turn|1
|inactive|Battle timer is ON: inactive players will automatically lose when time's up. (requested by Garglesoc)
|
|t:|1653226698
|move|p1a: Garbodor|Body Press|p2a: GALLANTMON
|-supereffective|p2a: GALLANTMON
|-damage|p2a: GALLANTMON|47/100
|move|p2a: GALLANTMON|Stealth Rock|p1a: Garbodor
|-sidestart|p1: Garglesoc|move: Stealth Rock
|
|-heal|p2a: GALLANTMON|53/100|[from] item: Leftovers
|upkeep
|turn|2
|
|t:|1653226702
|move|p2a: GALLANTMON|Protect|p2a: GALLANTMON
|-singleturn|p2a: GALLANTMON|Protect
|move|p1a: Garbodor|Spikes|p2a: GALLANTMON
|-sidestart|p2: Haffling tester|Spikes
|
|-heal|p2a: GALLANTMON|59/100|[from] item: Leftovers
|upkeep
|turn|3
|
|t:|1653226708
|switch|p2a: STOMPGREYMON|Garbodor, M, shiny|100/100
|-damage|p2a: STOMPGREYMON|88/100|[from] Spikes
|move|p1a: Garbodor|Spikes|p2a: STOMPGREYMON
|-sidestart|p2: Haffling tester|Spikes
|
|upkeep
|turn|4
|
|t:|1653226713
|move|p1a: Garbodor|Spikes|p2a: STOMPGREYMON
|-sidestart|p2: Haffling tester|Spikes
|move|p2a: STOMPGREYMON|Spikes|p1a: Garbodor
|-sidestart|p1: Garglesoc|Spikes
|
|upkeep
|turn|5
|
|t:|1653226716
|switch|p1a: Sandaconda|Sandaconda, M|100/100
|-damage|p1a: Sandaconda|94/100|[from] Stealth Rock
|-damage|p1a: Sandaconda|82/100|[from] Spikes
|move|p2a: STOMPGREYMON|Spikes|p1a: Sandaconda
|-sidestart|p1: Garglesoc|Spikes
|
|-heal|p1a: Sandaconda|88/100|[from] item: Leftovers
|upkeep
|turn|6
|
|t:|1653226720
|switch|p2a: HI HONEY|Gourgeist-Large, M, shiny|100/100
|-damage|p2a: HI HONEY|76/100|[from] Spikes
|-item|p1a: Sandaconda|Leftovers|[from] ability: Frisk|[of] p2a: HI HONEY|[identify]
|move|p1a: Sandaconda|Stealth Rock|p2a: HI HONEY
|-sidestart|p2: Haffling tester|move: Stealth Rock
|
|-heal|p1a: Sandaconda|94/100|[from] item: Leftovers
|upkeep
|turn|7
|
|t:|1653226730
|switch|p1a: Garbodor|Garbodor, M|100/100
|-damage|p1a: Garbodor|88/100|[from] Stealth Rock
|-damage|p1a: Garbodor|72/100|[from] Spikes
|move|p2a: HI HONEY|Foul Play|p1a: Garbodor
|-crit|p1a: Garbodor
|-damage|p1a: Garbodor|39/100
|-damage|p2a: HI HONEY|59/100|[from] item: Rocky Helmet|[of] p1a: Garbodor
|
|upkeep
|turn|8
|
|t:|1653226738
|switch|p2a: STOMPGREYMON|Garbodor, M, shiny|88/100
|-damage|p2a: STOMPGREYMON|63/100|[from] Spikes
|-damage|p2a: STOMPGREYMON|51/100|[from] Stealth Rock
|move|p1a: Garbodor|Pain Split|p2a: STOMPGREYMON
|-sethp|p2a: STOMPGREYMON|42/100|[from] move: Pain Split|[silent]
|-sethp|p1a: Garbodor|49/100|[from] move: Pain Split
|
|upkeep
|turn|9
|
|t:|1653226749
|switch|p1a: Sandaconda|Sandaconda, M|94/100
|-damage|p1a: Sandaconda|88/100|[from] Stealth Rock
|-damage|p1a: Sandaconda|71/100|[from] Spikes
|move|p2a: STOMPGREYMON|Spikes|p1a: Sandaconda
|-sidestart|p1: Garglesoc|Spikes
|
|-heal|p1a: Sandaconda|78/100|[from] item: Leftovers
|upkeep
|turn|10
|
|t:|1653226756
|move|p1a: Sandaconda|Earthquake|p2a: STOMPGREYMON
|-supereffective|p2a: STOMPGREYMON
|-damage|p2a: STOMPGREYMON|0 fnt
|faint|p2a: STOMPGREYMON
|
|-heal|p1a: Sandaconda|84/100|[from] item: Leftovers
|upkeep
|
|t:|1653226761
|switch|p2a: HI HONEY|Gourgeist-Large, M, shiny|59/100
|-damage|p2a: HI HONEY|34/100|[from] Spikes
|-damage|p2a: HI HONEY|22/100|[from] Stealth Rock
|-item|p1a: Sandaconda|Leftovers|[from] ability: Frisk|[of] p2a: HI HONEY|[identify]
|turn|11
|
|t:|1653226770
|switch|p1a: Garbodor|Garbodor, M|49/100
|-damage|p1a: Garbodor|37/100|[from] Stealth Rock
|-damage|p1a: Garbodor|12/100|[from] Spikes
|move|p2a: HI HONEY|Synthesis|p2a: HI HONEY
|-heal|p2a: HI HONEY|72/100
|
|upkeep
|turn|12
|
|t:|1653226776
|move|p2a: HI HONEY|Shadow Sneak|p1a: Garbodor
|-damage|p1a: Garbodor|0 fnt
|-damage|p2a: HI HONEY|47/100|[from] ability: Aftermath|[of] p1a: Garbodor
|-damage|p2a: HI HONEY|30/100|[from] item: Rocky Helmet|[of] p1a: Garbodor
|faint|p1a: Garbodor
|
|upkeep
|
|t:|1653226783
|switch|p1a: Scyther|Scyther, F|100/100
|turn|13
|
|t:|1653226792
|move|p1a: Scyther|Dual Wingbeat|p2a: HI HONEY
|-supereffective|p2a: HI HONEY
|-damage|p2a: HI HONEY|0 fnt
|faint|p2a: HI HONEY
|-hitcount|p2: HI HONEY|1
|
|upkeep
|
|t:|1653226795
|switch|p2a: GALLANTMON|Aggron, M, shiny|59/100
|-damage|p2a: GALLANTMON|34/100|[from] Spikes
|-damage|p2a: GALLANTMON|28/100|[from] Stealth Rock
|turn|14
|
|t:|1653226799
|move|p1a: Scyther|U-turn|p2a: GALLANTMON
|-resisted|p2a: GALLANTMON
|-damage|p2a: GALLANTMON|19/100
|
|t:|1653226816
|switch|p1a: Sandaconda|Sandaconda, M|84/100|[from]move: U-turn
|-damage|p1a: Sandaconda|78/100|[from] Stealth Rock
|-damage|p1a: Sandaconda|53/100|[from] Spikes
|move|p2a: GALLANTMON|Heavy Slam|p1a: Sandaconda
|-damage|p1a: Sandaconda|23/100
|
|-heal|p1a: Sandaconda|29/100|[from] item: Leftovers
|-heal|p2a: GALLANTMON|25/100|[from] item: Leftovers
|upkeep
|turn|15
|
|t:|1653226822
|move|p2a: GALLANTMON|Protect|p2a: GALLANTMON
|-singleturn|p2a: GALLANTMON|Protect
|move|p1a: Sandaconda|Earthquake|p2a: GALLANTMON
|-activate|p2a: GALLANTMON|move: Protect
|
|-heal|p1a: Sandaconda|35/100|[from] item: Leftovers
|-heal|p2a: GALLANTMON|31/100|[from] item: Leftovers
|upkeep
|turn|16
|
|t:|1653226828
|switch|p2a: RISEGREYMON|Altaria, M, shiny|100/100
|move|p1a: Sandaconda|Earthquake|p2a: RISEGREYMON
|-immune|p2a: RISEGREYMON
|
|-heal|p1a: Sandaconda|41/100|[from] item: Leftovers
|upkeep
|turn|17
|
|t:|1653226834
|move|p2a: RISEGREYMON|Flamethrower|p1a: Sandaconda
|-damage|p1a: Sandaconda|19/100
|move|p1a: Sandaconda|Stone Edge|p2a: RISEGREYMON
|-supereffective|p2a: RISEGREYMON
|-damage|p2a: RISEGREYMON|54/100
|
|-heal|p1a: Sandaconda|25/100|[from] item: Leftovers
|upkeep
|turn|18
|
|t:|1653226842
|move|p2a: RISEGREYMON|Roost|p2a: RISEGREYMON
|-heal|p2a: RISEGREYMON|100/100
|-singleturn|p2a: RISEGREYMON|move: Roost
|move|p1a: Sandaconda|Rest|p1a: Sandaconda
|-status|p1a: Sandaconda|slp|[from] move: Rest
|-heal|p1a: Sandaconda|100/100 slp|[silent]
|
|upkeep
|turn|19
|
|t:|1653226852
|switch|p2a: CLERICMON|Audino, M, shiny|100/100
|cant|p1a: Sandaconda|slp
|
|upkeep
|turn|20
|
|t:|1653226856
|switch|p1a: Hitmonchan|Hitmonchan, M|100/100
|-damage|p1a: Hitmonchan|94/100|[from] Stealth Rock
|-damage|p1a: Hitmonchan|69/100|[from] Spikes
|move|p2a: CLERICMON|Knock Off|p1a: Hitmonchan
|-resisted|p1a: Hitmonchan
|-damage|p1a: Hitmonchan|59/100
|-enditem|p1a: Hitmonchan|Assault Vest|[from] move: Knock Off|[of] p2a: CLERICMON
|
|upkeep
|turn|21
|
|t:|1653226863
|move|p2a: CLERICMON|Protect|p2a: CLERICMON
|-singleturn|p2a: CLERICMON|Protect
|move|p1a: Hitmonchan|Rapid Spin|p2a: CLERICMON
|-activate|p2a: CLERICMON|move: Protect
|
|upkeep
|turn|22
|
|t:|1653226868
|switch|p2a: RISEGREYMON|Altaria, M, shiny|100/100
|move|p1a: Hitmonchan|Rapid Spin|p2a: RISEGREYMON
|-damage|p2a: RISEGREYMON|89/100
|-boost|p1a: Hitmonchan|spe|1
|-sideend|p1: Garglesoc|Spikes|[from] move: Rapid Spin|[of] p1a: Hitmonchan
|-sideend|p1: Garglesoc|Stealth Rock|[from] move: Rapid Spin|[of] p1a: Hitmonchan
|
|upkeep
|turn|23
|
|t:|1653226875
|switch|p1a: Lanturn|Lanturn, M|100/100
|move|p2a: RISEGREYMON|Hurricane|p1a: Lanturn
|-resisted|p1a: Lanturn
|-crit|p1a: Lanturn
|-damage|p1a: Lanturn|84/100
|
|-heal|p1a: Lanturn|90/100|[from] item: Leftovers
|upkeep
|turn|24
|
|t:|1653226883
|switch|p2a: CLERICMON|Audino, M, shiny|100/100
|move|p1a: Lanturn|Volt Switch|p2a: CLERICMON
|-damage|p2a: CLERICMON|88/100
|
|t:|1653226890
|switch|p1a: Hitmonchan|Hitmonchan, M|59/100|[from]move: Volt Switch
|
|upkeep
|turn|25
|
|t:|1653226894
|move|p1a: Hitmonchan|Drain Punch|p2a: CLERICMON
|-supereffective|p2a: CLERICMON
|-damage|p2a: CLERICMON|26/100
|-heal|p1a: Hitmonchan|100/100|[from] drain|[of] p2a: CLERICMON
|move|p2a: CLERICMON|Toxic|p1a: Hitmonchan
|-status|p1a: Hitmonchan|tox
|
|-damage|p1a: Hitmonchan|94/100 tox|[from] psn
|upkeep
|turn|26
|
|t:|1653226904
|switch|p1a: Scyther|Scyther, F|100/100
|move|p2a: CLERICMON|Protect||[still]
|-fail|p2a: CLERICMON
|
|upkeep
|turn|27
|
|t:|1653226910
|switch|p2a: GALLANTMON|Aggron, M, shiny|31/100
|-damage|p2a: GALLANTMON|6/100|[from] Spikes
|-damage|p2a: GALLANTMON|0 fnt|[from] Stealth Rock
|faint|p2a: GALLANTMON
|move|p1a: Scyther|Dual Wingbeat|p2: GALLANTMON|[notarget]
|-fail|p1a: Scyther
|
|upkeep
|
|t:|1653226914
|switch|p2a: RISEGREYMON|Altaria, M, shiny|89/100
|turn|28
|
|t:|1653226919
|move|p1a: Scyther|U-turn|p2a: RISEGREYMON
|-resisted|p2a: RISEGREYMON
|-damage|p2a: RISEGREYMON|74/100
|
|t:|1653226922
|switch|p1a: Lanturn|Lanturn, M|90/100|[from]move: U-turn
|move|p2a: RISEGREYMON|Flamethrower|p1a: Lanturn
|-resisted|p1a: Lanturn
|-damage|p1a: Lanturn|85/100
|
|-heal|p1a: Lanturn|91/100|[from] item: Leftovers
|upkeep
|turn|29
|
|t:|1653226925
|move|p2a: RISEGREYMON|Roost|p2a: RISEGREYMON
|-heal|p2a: RISEGREYMON|100/100
|-singleturn|p2a: RISEGREYMON|move: Roost
|move|p1a: Lanturn|Toxic|p2a: RISEGREYMON
|-status|p2a: RISEGREYMON|tox
|
|-heal|p1a: Lanturn|97/100|[from] item: Leftovers
|-damage|p2a: RISEGREYMON|94/100 tox|[from] psn
|upkeep
|turn|30
|
|t:|1653226929
|move|p2a: RISEGREYMON|Flamethrower|p1a: Lanturn
|-resisted|p1a: Lanturn
|-damage|p1a: Lanturn|91/100
|move|p1a: Lanturn|Volt Switch|p2a: RISEGREYMON
|-damage|p2a: RISEGREYMON|78/100 tox
|
|t:|1653226939
|switch|p1a: Thievul|Thievul, M|100/100|[from]move: Volt Switch
|
|-damage|p2a: RISEGREYMON|65/100 tox|[from] psn
|upkeep
|turn|31
|
|t:|1653226944
|move|p1a: Thievul|Parting Shot|p2a: RISEGREYMON
|-unboost|p2a: RISEGREYMON|atk|1
|-unboost|p2a: RISEGREYMON|spa|1
|
|t:|1653226948
|switch|p1a: Lanturn|Lanturn, M|91/100|[from]move: Parting Shot
|move|p2a: RISEGREYMON|Roost|p2a: RISEGREYMON
|-heal|p2a: RISEGREYMON|100/100 tox
|-singleturn|p2a: RISEGREYMON|move: Roost
|
|-heal|p1a: Lanturn|97/100|[from] item: Leftovers
|-damage|p2a: RISEGREYMON|82/100 tox|[from] psn
|upkeep
|turn|32
|
|t:|1653226951
|-curestatus|p2a: RISEGREYMON|tox|[from] ability: Natural Cure
|switch|p2a: CLERICMON|Audino, M, shiny|59/100
|move|p1a: Lanturn|Volt Switch|p2a: CLERICMON
|-damage|p2a: CLERICMON|46/100
|
|t:|1653226964
|switch|p1a: Hitmonchan|Hitmonchan, M|94/100 tox|[from]move: Volt Switch
|
|-damage|p1a: Hitmonchan|88/100 tox|[from] psn
|upkeep
|turn|33
|
|t:|1653226970
|switch|p2a: RISEGREYMON|Altaria, M, shiny|82/100
|move|p1a: Hitmonchan|Drain Punch|p2a: RISEGREYMON
|-resisted|p2a: RISEGREYMON
|-damage|p2a: RISEGREYMON|66/100
|-heal|p1a: Hitmonchan|98/100 tox|[from] drain|[of] p2a: RISEGREYMON
|
|-damage|p1a: Hitmonchan|85/100 tox|[from] psn
|upkeep
|turn|34
|
|t:|1653226974
|switch|p1a: Lanturn|Lanturn, M|97/100
|move|p2a: RISEGREYMON|Roost|p2a: RISEGREYMON
|-heal|p2a: RISEGREYMON|100/100
|-singleturn|p2a: RISEGREYMON|move: Roost
|
|-heal|p1a: Lanturn|100/100|[from] item: Leftovers
|upkeep
|turn|35
|
|t:|1653226977
|switch|p2a: CLERICMON|Audino, M, shiny|80/100
|move|p1a: Lanturn|Toxic|p2a: CLERICMON
|-status|p2a: CLERICMON|tox
|
|-damage|p2a: CLERICMON|73/100 tox|[from] psn
|upkeep
|turn|36
|
|t:|1653226987
|move|p1a: Lanturn|Volt Switch|p2a: CLERICMON
|-damage|p2a: CLERICMON|59/100 tox
|
|t:|1653226991
|switch|p1a: Hitmonchan|Hitmonchan, M|85/100 tox|[from]move: Volt Switch
|move|p2a: CLERICMON|Knock Off|p1a: Hitmonchan
|-resisted|p1a: Hitmonchan
|-damage|p1a: Hitmonchan|79/100 tox
|
|-damage|p1a: Hitmonchan|73/100 tox|[from] psn
|-damage|p2a: CLERICMON|47/100 tox|[from] psn
|upkeep
|turn|37
|
|t:|1653227002
|switch|p1a: Lanturn|Lanturn, M|100/100
|switch|p2a: RISEGREYMON|Altaria, M, shiny|100/100
|
|upkeep
|turn|38
|
|t:|1653227007
|move|p2a: RISEGREYMON|Flamethrower|p1a: Lanturn
|-resisted|p1a: Lanturn
|-damage|p1a: Lanturn|95/100
|move|p1a: Lanturn|Toxic|p2a: RISEGREYMON
|-status|p2a: RISEGREYMON|tox
|
|-heal|p1a: Lanturn|100/100|[from] item: Leftovers
|-damage|p2a: RISEGREYMON|94/100 tox|[from] psn
|upkeep
|turn|39
|
|t:|1653227015
|move|p2a: RISEGREYMON|Flamethrower|p1a: Lanturn
|-resisted|p1a: Lanturn
|-damage|p1a: Lanturn|95/100
|move|p1a: Lanturn|Volt Switch|p2a: RISEGREYMON
|-damage|p2a: RISEGREYMON|77/100 tox
|
|t:|1653227018
|switch|p1a: Sandaconda|Sandaconda, M|100/100 slp|[from]move: Volt Switch
|
|-activate|p1a: Sandaconda|ability: Shed Skin
|-curestatus|p1a: Sandaconda|slp|[msg]
|-damage|p2a: RISEGREYMON|65/100 tox|[from] psn
|upkeep
|turn|40
|
|t:|1653227021
|-curestatus|p2a: RISEGREYMON|tox|[from] ability: Natural Cure
|switch|p2a: AROMATIMON|Aromatisse, M, shiny|100/100
|-damage|p2a: AROMATIMON|76/100|[from] Spikes
|-damage|p2a: AROMATIMON|63/100|[from] Stealth Rock
|move|p1a: Sandaconda|Stone Edge|p2a: AROMATIMON
|-damage|p2a: AROMATIMON|44/100
|
|-heal|p2a: AROMATIMON|50/100|[from] item: Leftovers
|upkeep
|turn|41
|
|t:|1653227028
|move|p1a: Sandaconda|Earthquake|p2a: AROMATIMON
|-damage|p2a: AROMATIMON|22/100
|move|p2a: AROMATIMON|Wish|p2a: AROMATIMON
|
|-heal|p2a: AROMATIMON|28/100|[from] item: Leftovers
|upkeep
|turn|42
|
|t:|1653227034
|switch|p1a: Scyther|Scyther, F|100/100
|move|p2a: AROMATIMON|Protect||[still]
|-fail|p2a: AROMATIMON
|
|-heal|p2a: AROMATIMON|78/100|[from] move: Wish|[wisher] AROMATIMON
|-heal|p2a: AROMATIMON|84/100|[from] item: Leftovers
|upkeep
|turn|43
|
|t:|1653227038
|move|p1a: Scyther|Swords Dance|p1a: Scyther
|-boost|p1a: Scyther|atk|2
|move|p2a: AROMATIMON|Moonblast|p1a: Scyther
|-damage|p1a: Scyther|50/100
|
|-heal|p2a: AROMATIMON|91/100|[from] item: Leftovers
|upkeep
|turn|44
|
|t:|1653227046
|move|p1a: Scyther|U-turn|p2a: AROMATIMON
|-resisted|p2a: AROMATIMON
|-damage|p2a: AROMATIMON|68/100
|
|t:|1653227051
|switch|p1a: Lanturn|Lanturn, M|95/100|[from]move: U-turn
|move|p2a: AROMATIMON|Moonblast|p1a: Lanturn
|-damage|p1a: Lanturn|73/100
|-unboost|p1a: Lanturn|spa|1
|
|-heal|p1a: Lanturn|79/100|[from] item: Leftovers
|-heal|p2a: AROMATIMON|74/100|[from] item: Leftovers
|upkeep
|turn|45
|
|t:|1653227055
|move|p1a: Lanturn|Toxic|p2a: AROMATIMON|[miss]
|-miss|p1a: Lanturn|p2a: AROMATIMON
|move|p2a: AROMATIMON|Wish|p2a: AROMATIMON
|
|-heal|p1a: Lanturn|86/100|[from] item: Leftovers
|-heal|p2a: AROMATIMON|80/100|[from] item: Leftovers
|upkeep
|turn|46
|
|t:|1653227061
|move|p1a: Lanturn|Toxic|p2a: AROMATIMON
|-status|p2a: AROMATIMON|tox
|move|p2a: AROMATIMON|Moonblast|p1a: Lanturn
|-damage|p1a: Lanturn|63/100
|-unboost|p1a: Lanturn|spa|1
|
|-heal|p2a: AROMATIMON|100/100 tox|[from] move: Wish|[wisher] AROMATIMON
|-heal|p1a: Lanturn|69/100|[from] item: Leftovers
|-damage|p2a: AROMATIMON|94/100 tox|[from] psn
|upkeep
|turn|47
|
|t:|1653227064
|move|p1a: Lanturn|Volt Switch|p2a: AROMATIMON
|-damage|p2a: AROMATIMON|85/100 tox
|
|t:|1653227068
|switch|p1a: Sandaconda|Sandaconda, M|100/100|[from]move: Volt Switch
|move|p2a: AROMATIMON|Aromatherapy|p2a: AROMATIMON
|-activate|p2a: AROMATIMON|move: Aromatherapy
|-curestatus|p2a: AROMATIMON|tox|[msg]
|-curestatus|p2: CLERICMON|tox|[msg]
|
|-heal|p2a: AROMATIMON|92/100|[from] item: Leftovers
|upkeep
|turn|48
|
|t:|1653227071
|move|p1a: Sandaconda|Earthquake|p2a: AROMATIMON
|-damage|p2a: AROMATIMON|64/100
|move|p2a: AROMATIMON|Moonblast|p1a: Sandaconda
|-damage|p1a: Sandaconda|54/100
|
|-heal|p1a: Sandaconda|60/100|[from] item: Leftovers
|-heal|p2a: AROMATIMON|70/100|[from] item: Leftovers
|upkeep
|turn|49
|
|t:|1653227077
|move|p1a: Sandaconda|Earthquake|p2a: AROMATIMON
|-damage|p2a: AROMATIMON|44/100
|move|p2a: AROMATIMON|Wish|p2a: AROMATIMON
|
|-heal|p1a: Sandaconda|66/100|[from] item: Leftovers
|-heal|p2a: AROMATIMON|50/100|[from] item: Leftovers
|upkeep
|turn|50
|
|t:|1653227096
|move|p1a: Sandaconda|Stealth Rock||[still]
|-fail|p1a: Sandaconda
|move|p2a: AROMATIMON|Moonblast|p1a: Sandaconda
|-damage|p1a: Sandaconda|22/100
|
|-heal|p2a: AROMATIMON|100/100|[from] move: Wish|[wisher] AROMATIMON
|-heal|p1a: Sandaconda|28/100|[from] item: Leftovers
|upkeep
|turn|51
|
|t:|1653227101
|move|p1a: Sandaconda|Rest|p1a: Sandaconda
|-status|p1a: Sandaconda|slp|[from] move: Rest
|-heal|p1a: Sandaconda|100/100 slp|[silent]
|move|p2a: AROMATIMON|Moonblast|p1a: Sandaconda
|-damage|p1a: Sandaconda|61/100 slp
|
|-heal|p1a: Sandaconda|67/100 slp|[from] item: Leftovers
|upkeep
|turn|52
|
|t:|1653227106
|cant|p1a: Sandaconda|slp
|move|p2a: AROMATIMON|Moonblast|p1a: Sandaconda
|-damage|p1a: Sandaconda|22/100 slp
|
|-activate|p1a: Sandaconda|ability: Shed Skin
|-curestatus|p1a: Sandaconda|slp|[msg]
|-heal|p1a: Sandaconda|28/100|[from] item: Leftovers
|upkeep
|turn|53
|
|t:|1653227111
|move|p1a: Sandaconda|Rest|p1a: Sandaconda
|-status|p1a: Sandaconda|slp|[from] move: Rest
|-heal|p1a: Sandaconda|100/100 slp|[silent]
|move|p2a: AROMATIMON|Wish|p2a: AROMATIMON
|
|upkeep
|turn|54
|
|t:|1653227119
|switch|p2a: CLERICMON|Audino, M, shiny|80/100
|cant|p1a: Sandaconda|slp
|
|-heal|p2a: CLERICMON|100/100|[from] move: Wish|[wisher] AROMATIMON
|-activate|p1a: Sandaconda|ability: Shed Skin
|-curestatus|p1a: Sandaconda|slp|[msg]
|upkeep
|turn|55
|
|t:|1653227125
|switch|p1a: Hitmonchan|Hitmonchan, M|73/100 tox
|move|p2a: CLERICMON|Knock Off|p1a: Hitmonchan
|-resisted|p1a: Hitmonchan
|-damage|p1a: Hitmonchan|66/100 tox
|
|-damage|p1a: Hitmonchan|60/100 tox|[from] psn
|upkeep
|turn|56
|
|t:|1653227127
|move|p2a: CLERICMON|Protect|p2a: CLERICMON
|-singleturn|p2a: CLERICMON|Protect
|move|p1a: Hitmonchan|Drain Punch|p2a: CLERICMON
|-activate|p2a: CLERICMON|move: Protect
|
|-damage|p1a: Hitmonchan|48/100 tox|[from] psn
|upkeep
|turn|57
|
|t:|1653227133
|switch|p2a: RISEGREYMON|Altaria, M, shiny|65/100
|move|p1a: Hitmonchan|Drain Punch|p2a: RISEGREYMON
|-resisted|p2a: RISEGREYMON
|-damage|p2a: RISEGREYMON|50/100
|-heal|p1a: Hitmonchan|56/100 tox|[from] drain|[of] p2a: RISEGREYMON
|
|-damage|p1a: Hitmonchan|38/100 tox|[from] psn
|upkeep
|turn|58
|
|t:|1653227139
|switch|p1a: Lanturn|Lanturn, M|69/100
|move|p2a: RISEGREYMON|Roost|p2a: RISEGREYMON
|-heal|p2a: RISEGREYMON|99/100
|-singleturn|p2a: RISEGREYMON|move: Roost
|
|-heal|p1a: Lanturn|76/100|[from] item: Leftovers
|upkeep
|turn|59
|
|t:|1653227144
|switch|p2a: CLERICMON|Audino, M, shiny|100/100
|move|p1a: Lanturn|Toxic|p2a: CLERICMON
|-status|p2a: CLERICMON|tox
|
|-heal|p1a: Lanturn|82/100|[from] item: Leftovers
|-damage|p2a: CLERICMON|94/100 tox|[from] psn
|upkeep
|turn|60
|
|t:|1653227148
|move|p1a: Lanturn|Protect|p1a: Lanturn
|-singleturn|p1a: Lanturn|Protect
|move|p2a: CLERICMON|Knock Off|p1a: Lanturn
|-activate|p1a: Lanturn|move: Protect
|
|-heal|p1a: Lanturn|88/100|[from] item: Leftovers
|-damage|p2a: CLERICMON|82/100 tox|[from] psn
|upkeep
|turn|61
|
|t:|1653227151
|move|p1a: Lanturn|Volt Switch|p2a: CLERICMON
|-damage|p2a: CLERICMON|68/100 tox
|
|t:|1653227157
|switch|p1a: Hitmonchan|Hitmonchan, M|38/100 tox|[from]move: Volt Switch
|move|p2a: CLERICMON|Knock Off|p1a: Hitmonchan
|-resisted|p1a: Hitmonchan
|-damage|p1a: Hitmonchan|30/100 tox
|
|-damage|p1a: Hitmonchan|24/100 tox|[from] psn
|-damage|p2a: CLERICMON|50/100 tox|[from] psn
|upkeep
|turn|62
|
|t:|1653227166
|switch|p1a: Thievul|Thievul, M|100/100
|switch|p2a: RISEGREYMON|Altaria, M, shiny|99/100
|
|upkeep
|turn|63
|
|t:|1653227171
|move|p1a: Thievul|Dark Pulse|p2a: RISEGREYMON
|-damage|p2a: RISEGREYMON|65/100
|move|p2a: RISEGREYMON|Roost|p2a: RISEGREYMON
|-heal|p2a: RISEGREYMON|100/100
|-singleturn|p2a: RISEGREYMON|move: Roost
|
|upkeep
|turn|64
|
|t:|1653227174
|move|p1a: Thievul|Dark Pulse|p2a: RISEGREYMON
|-damage|p2a: RISEGREYMON|62/100
|move|p2a: RISEGREYMON|Flamethrower|p1a: Thievul
|-damage|p1a: Thievul|82/100
|
|upkeep
|turn|65
|
|t:|1653227178
|move|p1a: Thievul|Dark Pulse|p2a: RISEGREYMON
|-damage|p2a: RISEGREYMON|26/100
|move|p2a: RISEGREYMON|Roost|p2a: RISEGREYMON
|-heal|p2a: RISEGREYMON|76/100
|-singleturn|p2a: RISEGREYMON|move: Roost
|
|upkeep
|turn|66
|
|t:|1653227182
|move|p1a: Thievul|Dark Pulse|p2a: RISEGREYMON
|-damage|p2a: RISEGREYMON|39/100
|move|p2a: RISEGREYMON|Roost|p2a: RISEGREYMON
|-heal|p2a: RISEGREYMON|89/100
|-singleturn|p2a: RISEGREYMON|move: Roost
|
|upkeep
|turn|67
|
|t:|1653227186
|move|p1a: Thievul|Dark Pulse|p2a: RISEGREYMON
|-damage|p2a: RISEGREYMON|52/100
|cant|p2a: RISEGREYMON|flinch
|
|upkeep
|turn|68
|
|t:|1653227190
|move|p1a: Thievul|Dark Pulse|p2a: RISEGREYMON
|-damage|p2a: RISEGREYMON|15/100
|move|p2a: RISEGREYMON|Roost|p2a: RISEGREYMON
|-heal|p2a: RISEGREYMON|65/100
|-singleturn|p2a: RISEGREYMON|move: Roost
|
|upkeep
|turn|69
|
|t:|1653227192
|move|p1a: Thievul|Dark Pulse|p2a: RISEGREYMON
|-damage|p2a: RISEGREYMON|30/100
|cant|p2a: RISEGREYMON|flinch
|
|upkeep
|turn|70
|
|t:|1653227195
|move|p1a: Thievul|Dark Pulse|p2a: RISEGREYMON
|-damage|p2a: RISEGREYMON|0 fnt
|faint|p2a: RISEGREYMON
|
|upkeep
|
|t:|1653227197
|switch|p2a: AROMATIMON|Aromatisse, M, shiny|100/100
|-damage|p2a: AROMATIMON|76/100|[from] Spikes
|-damage|p2a: AROMATIMON|63/100|[from] Stealth Rock
|turn|71
|
|t:|1653227208
|switch|p1a: Sandaconda|Sandaconda, M|100/100
|move|p2a: AROMATIMON|Wish|p2a: AROMATIMON
|
|-heal|p2a: AROMATIMON|69/100|[from] item: Leftovers
|upkeep
|turn|72
|
|t:|1653227213
|move|p1a: Sandaconda|Earthquake|p2a: AROMATIMON
|-damage|p2a: AROMATIMON|41/100
|move|p2a: AROMATIMON|Moonblast|p1a: Sandaconda
|-damage|p1a: Sandaconda|55/100
|
|-heal|p2a: AROMATIMON|91/100|[from] move: Wish|[wisher] AROMATIMON
|-heal|p1a: Sandaconda|61/100|[from] item: Leftovers
|-heal|p2a: AROMATIMON|97/100|[from] item: Leftovers
|upkeep
|turn|73
|
|t:|1653227218
|move|p1a: Sandaconda|Earthquake|p2a: AROMATIMON
|-damage|p2a: AROMATIMON|70/100
|move|p2a: AROMATIMON|Moonblast|p1a: Sandaconda
|-damage|p1a: Sandaconda|15/100
|
|-heal|p1a: Sandaconda|21/100|[from] item: Leftovers
|-heal|p2a: AROMATIMON|77/100|[from] item: Leftovers
|upkeep
|turn|74
|
|t:|1653227223
|move|p1a: Sandaconda|Rest|p1a: Sandaconda
|-status|p1a: Sandaconda|slp|[from] move: Rest
|-heal|p1a: Sandaconda|100/100 slp|[silent]
|move|p2a: AROMATIMON|Wish|p2a: AROMATIMON
|
|-heal|p2a: AROMATIMON|83/100|[from] item: Leftovers
|upkeep
|turn|75
|
|t:|1653227230
|cant|p1a: Sandaconda|slp
|move|p2a: AROMATIMON|Moonblast|p1a: Sandaconda
|-damage|p1a: Sandaconda|59/100 slp
|
|-heal|p2a: AROMATIMON|100/100|[from] move: Wish|[wisher] AROMATIMON
|-heal|p1a: Sandaconda|65/100 slp|[from] item: Leftovers
|upkeep
|turn|76
|
|t:|1653227237
|cant|p1a: Sandaconda|slp
|move|p2a: AROMATIMON|Moonblast|p1a: Sandaconda
|-damage|p1a: Sandaconda|23/100 slp
|
|-heal|p1a: Sandaconda|29/100 slp|[from] item: Leftovers
|upkeep
|turn|77
|
|t:|1653227245
|switch|p1a: Lanturn|Lanturn, M|88/100
|move|p2a: AROMATIMON|Moonblast|p1a: Lanturn
|-damage|p1a: Lanturn|66/100
|
|-heal|p1a: Lanturn|72/100|[from] item: Leftovers
|upkeep
|turn|78
|
|t:|1653227250
|switch|p2a: CLERICMON|Audino, M, shiny|83/100 tox
|move|p1a: Lanturn|Protect||[still]
|-fail|p1a: Lanturn
|
|-heal|p1a: Lanturn|79/100|[from] item: Leftovers
|-damage|p2a: CLERICMON|77/100 tox|[from] psn
|upkeep
|turn|79
|
|t:|1653227254
|move|p1a: Lanturn|Volt Switch|p2a: CLERICMON
|-damage|p2a: CLERICMON|65/100 tox
|
|t:|1653227258
|switch|p1a: Sandaconda|Sandaconda, M|29/100 slp|[from]move: Volt Switch
|move|p2a: CLERICMON|Toxic||[still]
|-fail|p2a: CLERICMON
|
|-activate|p1a: Sandaconda|ability: Shed Skin
|-curestatus|p1a: Sandaconda|slp|[msg]
|-heal|p1a: Sandaconda|35/100|[from] item: Leftovers
|-damage|p2a: CLERICMON|53/100 tox|[from] psn
|upkeep
|turn|80
|
|t:|1653227263
|move|p1a: Sandaconda|Earthquake|p2a: CLERICMON
|-damage|p2a: CLERICMON|20/100 tox
|move|p2a: CLERICMON|Knock Off|p1a: Sandaconda
|-damage|p1a: Sandaconda|25/100
|-enditem|p1a: Sandaconda|Leftovers|[from] move: Knock Off|[of] p2a: CLERICMON
|
|-damage|p2a: CLERICMON|2/100 tox|[from] psn
|upkeep
|turn|81
|
|t:|1653227271
|switch|p2a: AROMATIMON|Aromatisse, M, shiny|100/100
|-damage|p2a: AROMATIMON|76/100|[from] Spikes
|-damage|p2a: AROMATIMON|63/100|[from] Stealth Rock
|move|p1a: Sandaconda|Rest|p1a: Sandaconda
|-status|p1a: Sandaconda|slp|[from] move: Rest
|-heal|p1a: Sandaconda|100/100 slp|[silent]
|
|-activate|p1a: Sandaconda|ability: Shed Skin
|-curestatus|p1a: Sandaconda|slp|[msg]
|-heal|p2a: AROMATIMON|69/100|[from] item: Leftovers
|upkeep
|turn|82
|
|t:|1653227279
|move|p1a: Sandaconda|Stone Edge|p2a: AROMATIMON
|-crit|p2a: AROMATIMON
|-damage|p2a: AROMATIMON|40/100
|move|p2a: AROMATIMON|Wish|p2a: AROMATIMON
|
|-heal|p2a: AROMATIMON|47/100|[from] item: Leftovers
|upkeep
|turn|83
|
|t:|1653227283
|move|p1a: Sandaconda|Earthquake|p2a: AROMATIMON
|-damage|p2a: AROMATIMON|19/100
|move|p2a: AROMATIMON|Moonblast|p1a: Sandaconda
|-damage|p1a: Sandaconda|56/100
|
|-heal|p2a: AROMATIMON|69/100|[from] move: Wish|[wisher] AROMATIMON
|-heal|p2a: AROMATIMON|75/100|[from] item: Leftovers
|upkeep
|turn|84
|
|t:|1653227289
|switch|p1a: Lanturn|Lanturn, M|79/100
|move|p2a: AROMATIMON|Moonblast|p1a: Lanturn
|-damage|p1a: Lanturn|55/100
|-unboost|p1a: Lanturn|spa|1
|
|-heal|p1a: Lanturn|61/100|[from] item: Leftovers
|-heal|p2a: AROMATIMON|81/100|[from] item: Leftovers
|upkeep
|turn|85
|
|t:|1653227292
|move|p1a: Lanturn|Protect|p1a: Lanturn
|-singleturn|p1a: Lanturn|Protect
|move|p2a: AROMATIMON|Wish|p2a: AROMATIMON
|
|-heal|p1a: Lanturn|68/100|[from] item: Leftovers
|-heal|p2a: AROMATIMON|87/100|[from] item: Leftovers
|upkeep
|turn|86
|
|t:|1653227295
|switch|p2a: CLERICMON|Audino, M, shiny|35/100 tox
|move|p1a: Lanturn|Toxic|p2a: CLERICMON
|-fail|p2a: CLERICMON|tox
|
|-heal|p2a: CLERICMON|85/100 tox|[from] move: Wish|[wisher] AROMATIMON
|-heal|p1a: Lanturn|74/100|[from] item: Leftovers
|-damage|p2a: CLERICMON|79/100 tox|[from] psn
|upkeep
|turn|87
|
|t:|1653227299
|move|p1a: Lanturn|Protect|p1a: Lanturn
|-singleturn|p1a: Lanturn|Protect
|move|p2a: CLERICMON|Wish|p2a: CLERICMON
|
|-heal|p1a: Lanturn|80/100|[from] item: Leftovers
|-damage|p2a: CLERICMON|66/100 tox|[from] psn
|upkeep
|turn|88
|
|t:|1653227309
|move|p1a: Lanturn|Volt Switch|p2a: CLERICMON
|-damage|p2a: CLERICMON|58/100 tox
|
|t:|1653227318
|switch|p1a: Hitmonchan|Hitmonchan, M|24/100 tox|[from]move: Volt Switch
|move|p2a: CLERICMON|Toxic|p1a: Hitmonchan
|-fail|p1a: Hitmonchan|tox
|
|-heal|p2a: CLERICMON|100/100 tox|[from] move: Wish|[wisher] CLERICMON
|-damage|p1a: Hitmonchan|18/100 tox|[from] psn
|-damage|p2a: CLERICMON|82/100 tox|[from] psn
|upkeep
|turn|89
|
|t:|1653227323
|move|p2a: CLERICMON|Protect|p2a: CLERICMON
|-singleturn|p2a: CLERICMON|Protect
|move|p1a: Hitmonchan|Drain Punch|p2a: CLERICMON
|-activate|p2a: CLERICMON|move: Protect
|
|-damage|p1a: Hitmonchan|5/100 tox|[from] psn
|-damage|p2a: CLERICMON|58/100 tox|[from] psn
|upkeep
|turn|90
|
|t:|1653227327
|switch|p2a: AROMATIMON|Aromatisse, M, shiny|87/100
|-damage|p2a: AROMATIMON|63/100|[from] Spikes
|-damage|p2a: AROMATIMON|50/100|[from] Stealth Rock
|move|p1a: Hitmonchan|Drain Punch|p2a: AROMATIMON
|-resisted|p2a: AROMATIMON
|-damage|p2a: AROMATIMON|38/100
|-heal|p1a: Hitmonchan|14/100 tox|[from] drain|[of] p2a: AROMATIMON
|
|-heal|p2a: AROMATIMON|44/100|[from] item: Leftovers
|-damage|p1a: Hitmonchan|0 fnt|[from] psn
|faint|p1a: Hitmonchan
|upkeep
|
|t:|1653227333
|switch|p1a: Scyther|Scyther, F|50/100
|turn|91
|
|t:|1653227336
|move|p1a: Scyther|Dual Wingbeat|p2a: AROMATIMON
|-damage|p2a: AROMATIMON|24/100
|-damage|p2a: AROMATIMON|4/100
|-hitcount|p2a: AROMATIMON|2
|move|p2a: AROMATIMON|Moonblast|p1a: Scyther
|-damage|p1a: Scyther|3/100
|
|-heal|p2a: AROMATIMON|11/100|[from] item: Leftovers
|upkeep
|turn|92
|
|t:|1653227344
|move|p2a: AROMATIMON|Protect|p2a: AROMATIMON
|-singleturn|p2a: AROMATIMON|Protect
|move|p1a: Scyther|Dual Wingbeat|p2a: AROMATIMON
|-activate|p2a: AROMATIMON|move: Protect
|
|-heal|p2a: AROMATIMON|17/100|[from] item: Leftovers
|upkeep
|turn|93
|
|t:|1653227347
|move|p1a: Scyther|Dual Wingbeat|p2a: AROMATIMON
|-damage|p2a: AROMATIMON|0 fnt
|faint|p2a: AROMATIMON
|-hitcount|p2: AROMATIMON|1
|
|upkeep
|
|t:|1653227349
|switch|p2a: CLERICMON|Audino, M, shiny|91/100 tox
|turn|94
|c|☆Garglesoc|gg
|
|t:|1653227356
|move|p1a: Scyther|Roost|p1a: Scyther
|-heal|p1a: Scyther|53/100
|-singleturn|p1a: Scyther|move: Roost
|move|p2a: CLERICMON|Knock Off|p1a: Scyther
|-damage|p1a: Scyther|31/100
|-enditem|p1a: Scyther|Heavy-Duty Boots|[from] move: Knock Off|[of] p2a: CLERICMON
|
|-damage|p2a: CLERICMON|85/100 tox|[from] psn
|upkeep
|turn|95
|c|☆Haffling tester|gg
|
|t:|1653227362
|move|p1a: Scyther|Roost|p1a: Scyther
|-heal|p1a: Scyther|81/100
|-singleturn|p1a: Scyther|move: Roost
|move|p2a: CLERICMON|Toxic|p1a: Scyther
|-status|p1a: Scyther|tox
|
|-damage|p1a: Scyther|75/100 tox|[from] psn
|-damage|p2a: CLERICMON|73/100 tox|[from] psn
|upkeep
|turn|96
|
|t:|1653227365
|move|p1a: Scyther|U-turn|p2a: CLERICMON
|-damage|p2a: CLERICMON|40/100 tox
|
|t:|1653227368
|switch|p1a: Lanturn|Lanturn, M|80/100|[from]move: U-turn
|move|p2a: CLERICMON|Wish|p2a: CLERICMON
|
|-heal|p1a: Lanturn|86/100|[from] item: Leftovers
|-damage|p2a: CLERICMON|22/100 tox|[from] psn
|upkeep
|turn|97
|
|t:|1653227373
|move|p1a: Lanturn|Scald|p2a: CLERICMON
|-damage|p2a: CLERICMON|8/100 tox
|move|p2a: CLERICMON|Knock Off|p1a: Lanturn
|-damage|p1a: Lanturn|71/100
|-enditem|p1a: Lanturn|Leftovers|[from] move: Knock Off|[of] p2a: CLERICMON
|
|-heal|p2a: CLERICMON|58/100 tox|[from] move: Wish|[wisher] CLERICMON
|-damage|p2a: CLERICMON|34/100 tox|[from] psn
|upkeep
|turn|98
|
|t:|1653227377
|move|p1a: Lanturn|Scald|p2a: CLERICMON
|-damage|p2a: CLERICMON|18/100 tox
|move|p2a: CLERICMON|Wish|p2a: CLERICMON
|
|-damage|p2a: CLERICMON|0 fnt|[from] psn
|faint|p2a: CLERICMON
|
|win|Garglesoc
|upkeep
|raw|Garglesoc's rating: 1527 &rarr; <strong>1543</strong><br />(+16 for winning)
|raw|Haffling tester's rating: 1455 &rarr; <strong>1439</strong><br />(-16 for losing)
|l|☆Haffling tester
||Ladder isn't responding, score probably updated but might not have (Request timeout).
