|j|☆OlivaOliverOlivia
|j|☆Vishoclock
|t:|1647862009
|gametype|singles
|player|p1|OlivaOliverOlivia|roxie|1075
|player|p2|Vishoclock|cyrus|1186
|teamsize|p1|6
|teamsize|p2|6
|gen|8
|tier|[Gen 8] PU
|rated|
|rule|Sleep Clause Mod: Limit one foe put to sleep
|rule|Species Clause: Limit one of each Pokémon
|rule|OHKO Clause: OHKO moves are banned
|rule|Evasion Moves Clause: Evasion moves are banned
|rule|Endless Battle Clause: Forcing endless battles is banned
|rule|HP Percentage Mod: HP is shown in percentages
|rule|Dynamax Clause: You cannot dynamax
|clearpoke
|poke|p1|Stoutland, F|
|poke|p1|Weezing, M|
|poke|p1|Lurantis, M|
|poke|p1|Audino, F|
|poke|p1|Persian-Alola, F|
|poke|p1|Articuno-Galar|
|poke|p2|Arctovish|
|poke|p2|Togedemaru, F|
|poke|p2|Weezing, F|
|poke|p2|Eldegoss, M|
|poke|p2|Uxie|
|poke|p2|Scrafty, F|
|teampreview
|
|t:|1647862027
|start
|switch|p1a: Persian|Persian-Alola, F|100/100
|switch|p2a: Scrafty|Scrafty, F|100/100
|turn|1
|
|t:|1647862033
|move|p1a: Persian|Fake Out|p2a: Scrafty
|-damage|p2a: Scrafty|95/100
|cant|p2a: Scrafty|flinch
|
|-heal|p2a: Scrafty|100/100|[from] item: Leftovers
|upkeep
|turn|2
|
|t:|1647862041
|move|p1a: Persian|Parting Shot|p2a: Scrafty
|-unboost|p2a: Scrafty|atk|1
|-unboost|p2a: Scrafty|spa|1
|
|t:|1647862047
|switch|p1a: Articuno|Articuno-Galar|100/100|[from]move: Parting Shot
|move|p2a: Scrafty|Knock Off|p1a: Articuno
|-supereffective|p1a: Articuno
|-damage|p1a: Articuno|28/100
|-enditem|p1a: Articuno|Enigma Berry|[eat]
|-heal|p1a: Articuno|53/100|[from] item: Enigma Berry|[of] p2a: Scrafty
|
|upkeep
|turn|3
|
|t:|1647862059
|switch|p2a: Togedemaru|Togedemaru, F|100/100
|move|p1a: Articuno|Hurricane|p2a: Togedemaru
|-resisted|p2a: Togedemaru
|-damage|p2a: Togedemaru|89/100
|-start|p2a: Togedemaru|confusion
|
|upkeep
|turn|4
|
|t:|1647862068
|switch|p1a: Stoutland|Stoutland, F, shiny|100/100
|-activate|p2a: Togedemaru|confusion
|-damage|p2a: Togedemaru|75/100|[from] confusion
|
|upkeep
|turn|5
|
|t:|1647862074
|switch|p2a: Uxie|Uxie|100/100
|move|p1a: Stoutland|Stomping Tantrum|p2a: Uxie
|-immune|p2a: Uxie|[from] ability: Levitate
|
|upkeep
|turn|6
|
|t:|1647862082
|switch|p1a: Audino|Audino, F|100/100
|move|p2a: Uxie|Stealth Rock|p1a: Audino
|-sidestart|p1: OlivaOliverOlivia|move: Stealth Rock
|
|upkeep
|turn|7
|
|t:|1647862089
|move|p2a: Uxie|Knock Off|p1a: Audino
|-damage|p1a: Audino|84/100
|-enditem|p1a: Audino|Leftovers|[from] move: Knock Off|[of] p2a: Uxie
|move|p1a: Audino|Thunder Wave|p2a: Uxie
|-status|p2a: Uxie|par
|
|upkeep
|turn|8
|
|t:|1647862098
|move|p1a: Audino|Wish|p1a: Audino
|move|p2a: Uxie|U-turn|p1a: Audino
|-damage|p1a: Audino|73/100
|
|t:|1647862101
|switch|p2a: Arctovish|Arctovish|100/100|[from]move: U-turn
|
|upkeep
|turn|9
|
|t:|1647862113
|move|p2a: Arctovish|Fishious Rend|p1a: Audino
|-damage|p1a: Audino|0 fnt
|faint|p1a: Audino
|
|upkeep
|
|t:|1647862121
|switch|p1a: Lurantis|Lurantis, M|100/100
|turn|10
|
|t:|1647862125
|move|p2a: Arctovish|Fishious Rend|p1a: Lurantis
|-resisted|p1a: Lurantis
|-damage|p1a: Lurantis|42/100
|move|p1a: Lurantis|Defog|p2a: Arctovish
|-unboost|p2a: Arctovish|evasion|1
|-sideend|p1: OlivaOliverOlivia|Stealth Rock|[from] move: Defog|[of] p1a: Lurantis
|
|upkeep
|turn|11
|
|t:|1647862134
|move|p2a: Arctovish|Fishious Rend|p1a: Lurantis
|-resisted|p1a: Lurantis
|-damage|p1a: Lurantis|0 fnt
|faint|p1a: Lurantis
|
|upkeep
|
|t:|1647862142
|switch|p1a: Articuno|Articuno-Galar|53/100
|turn|12
|
|t:|1647862147
|switch|p2a: Togedemaru|Togedemaru, F|75/100
|move|p1a: Articuno|Future Sight|p2a: Togedemaru
|-start|p1a: Articuno|move: Future Sight
|
|upkeep
|turn|13
|
|t:|1647862157
|switch|p1a: Stoutland|Stoutland, F, shiny|100/100
|move|p2a: Togedemaru|Wish|p2a: Togedemaru
|
|upkeep
|turn|14
|
|t:|1647862166
|move|p2a: Togedemaru|Spiky Shield|p2a: Togedemaru
|-singleturn|p2a: Togedemaru|move: Protect
|move|p1a: Stoutland|Superpower|p2a: Togedemaru
|-activate|p2a: Togedemaru|move: Protect
|-damage|p1a: Stoutland|88/100|[from] Spiky Shield|[of] p2a: Togedemaru
|
|-end|p2a: Togedemaru|move: Future Sight
|-resisted|p2a: Togedemaru
|-damage|p2a: Togedemaru|46/100
|-heal|p2a: Togedemaru|96/100|[from] move: Wish|[wisher] Togedemaru
|upkeep
|turn|15
|
|t:|1647862179
|switch|p2a: Uxie|Uxie|100/100 par
|move|p1a: Stoutland|Stomping Tantrum|p2a: Uxie
|-immune|p2a: Uxie|[from] ability: Levitate
|
|upkeep
|turn|16
|
|t:|1647862188
|switch|p1a: Persian|Persian-Alola, F|100/100
|move|p2a: Uxie|U-turn|p1a: Persian
|-supereffective|p1a: Persian
|-crit|p1a: Persian
|-damage|p1a: Persian|63/100
|-enditem|p1a: Persian|Weakness Policy
|-boost|p1a: Persian|atk|2|[from] item: Weakness Policy
|-boost|p1a: Persian|spa|2|[from] item: Weakness Policy
|
|t:|1647862195
|switch|p2a: Scrafty|Scrafty, F|100/100|[from]move: U-turn
|
|upkeep
|turn|17
|
|t:|1647862201
|move|p1a: Persian|Fake Out|p2a: Scrafty
|-damage|p2a: Scrafty|88/100
|cant|p2a: Scrafty|flinch
|
|-heal|p2a: Scrafty|94/100|[from] item: Leftovers
|upkeep
|turn|18
|
|t:|1647862209
|move|p1a: Persian|Parting Shot|p2a: Scrafty
|-unboost|p2a: Scrafty|atk|1
|-unboost|p2a: Scrafty|spa|1
|
|t:|1647862213
|switch|p1a: Stoutland|Stoutland, F, shiny|88/100|[from]move: Parting Shot
|move|p2a: Scrafty|Close Combat|p1a: Stoutland
|-supereffective|p1a: Stoutland
|-damage|p1a: Stoutland|0 fnt
|-unboost|p2a: Scrafty|def|1
|-unboost|p2a: Scrafty|spd|1
|faint|p1a: Stoutland
|
|-heal|p2a: Scrafty|99/100|[from] item: Leftovers
|upkeep
|
|t:|1647862226
|switch|p1a: Articuno|Articuno-Galar|53/100
|turn|19
|
|t:|1647862231
|switch|p2a: Togedemaru|Togedemaru, F|96/100
|move|p1a: Articuno|Hurricane|p2a: Togedemaru
|-resisted|p2a: Togedemaru
|-damage|p2a: Togedemaru|84/100
|
|upkeep
|turn|20
|
|t:|1647862238
|move|p1a: Articuno|Future Sight|p2a: Togedemaru
|-start|p1a: Articuno|move: Future Sight
|move|p2a: Togedemaru|U-turn|p1a: Articuno
|-damage|p1a: Articuno|32/100
|
|t:|1647862249
|switch|p2a: Uxie|Uxie|100/100 par|[from]move: U-turn
|
|upkeep
|turn|21
|
|t:|1647862255
|move|p1a: Articuno|Recover|p1a: Articuno
|-heal|p1a: Articuno|82/100
|move|p2a: Uxie|Stealth Rock|p1a: Articuno
|-sidestart|p1: OlivaOliverOlivia|move: Stealth Rock
|
|upkeep
|turn|22
|
|t:|1647862262
|move|p1a: Articuno|Hurricane|p2a: Uxie
|-damage|p2a: Uxie|56/100 par
|-start|p2a: Uxie|confusion
|-activate|p2a: Uxie|confusion
|move|p2a: Uxie|U-turn|p1a: Articuno
|-damage|p1a: Articuno|67/100
|
|t:|1647862265
|switch|p2a: Togedemaru|Togedemaru, F|84/100|[from]move: U-turn
|
|-end|p2a: Togedemaru|move: Future Sight
|-resisted|p2a: Togedemaru
|-damage|p2a: Togedemaru|59/100
|upkeep
|turn|23
|
|t:|1647862275
|move|p1a: Articuno|Tailwind|p1a: Articuno
|-sidestart|p1: OlivaOliverOlivia|move: Tailwind
|move|p2a: Togedemaru|Wish|p2a: Togedemaru
|
|upkeep
|turn|24
|
|t:|1647862279
|move|p1a: Articuno|Hurricane|p2a: Togedemaru
|-resisted|p2a: Togedemaru
|-damage|p2a: Togedemaru|46/100
|move|p2a: Togedemaru|Iron Head|p1a: Articuno
|-damage|p1a: Articuno|34/100
|
|-heal|p2a: Togedemaru|96/100|[from] move: Wish|[wisher] Togedemaru
|upkeep
|turn|25
|
|t:|1647862288
|move|p1a: Articuno|Future Sight|p2a: Togedemaru
|-start|p1a: Articuno|move: Future Sight
|move|p2a: Togedemaru|Iron Head|p1a: Articuno
|-damage|p1a: Articuno|0 fnt
|faint|p1a: Articuno
|
|upkeep
|
|t:|1647862296
|switch|p1a: Weezing|Weezing, M|100/100
|-ability|p1a: Weezing|Neutralizing Gas
|-damage|p1a: Weezing|88/100|[from] Stealth Rock
|turn|26
|
|t:|1647862303
|move|p1a: Weezing|Flamethrower|p2a: Togedemaru
|-supereffective|p2a: Togedemaru
|-damage|p2a: Togedemaru|63/100
|move|p2a: Togedemaru|U-turn|p1a: Weezing
|-resisted|p1a: Weezing
|-damage|p1a: Weezing|82/100
|
|t:|1647862306
|switch|p2a: Uxie|Uxie|56/100 par|[from]move: U-turn
|
|-heal|p1a: Weezing|88/100|[from] item: Black Sludge
|-sideend|p1: OlivaOliverOlivia|move: Tailwind
|upkeep
|turn|27
|
|t:|1647862317
|move|p1a: Weezing|Taunt|p2a: Uxie
|-start|p2a: Uxie|move: Taunt
|cant|p2a: Uxie|par
|
|-end|p2a: Uxie|move: Future Sight
|-resisted|p2a: Uxie
|-damage|p2a: Uxie|32/100 par
|-heal|p1a: Weezing|94/100|[from] item: Black Sludge
|upkeep
|turn|28
|
|t:|1647862327
|move|p1a: Weezing|Flamethrower|p2a: Uxie
|-damage|p2a: Uxie|18/100 par
|move|p2a: Uxie|U-turn|p1a: Weezing
|-resisted|p1a: Weezing
|-damage|p1a: Weezing|88/100
|
|t:|1647862330
|switch|p2a: Arctovish|Arctovish|100/100|[from]move: U-turn
|
|-heal|p1a: Weezing|94/100|[from] item: Black Sludge
|upkeep
|turn|29
|
|t:|1647862339
|move|p2a: Arctovish|Fishious Rend|p1a: Weezing
|-damage|p1a: Weezing|0 fnt
|faint|p1a: Weezing
|-end|p1a: Weezing|ability: Neutralizing Gas
|
|upkeep
|
|t:|1647862345
|switch|p1a: Persian|Persian-Alola, F|63/100
|-damage|p1a: Persian|51/100|[from] Stealth Rock
|turn|30
|
|t:|1647862351
|switch|p2a: Uxie|Uxie|18/100 par
|move|p1a: Persian|Fake Out|p2a: Uxie
|-damage|p2a: Uxie|15/100 par
|
|upkeep
|turn|31
|
|t:|1647862364
|move|p1a: Persian|Nasty Plot|p1a: Persian
|-boost|p1a: Persian|spa|2
|move|p2a: Uxie|Dazzling Gleam|p1a: Persian
|-supereffective|p1a: Persian
|-damage|p1a: Persian|0 fnt
|faint|p1a: Persian
|
|win|Vishoclock
|raw|OlivaOliverOlivia's rating: 1075 &rarr; <strong>1060</strong><br />(-15 for losing)
|raw|Vishoclock's rating: 1186 &rarr; <strong>1203</strong><br />(+17 for winning)
|c|☆Vishoclock|Gg
